  <div class='ocr_page' id='page_1' title='image "/cluster/home/n/w/nwhite01/storage/ocr_20150623/88/hvd.32044004824892/023.png"; bbox 0 0 4020 6346; ppageno 0'>
   <div class='ocr_carea' id='block_1_1' title="bbox 501 212 3762 287">
    <p class='ocr_par' dir='ltr' id='par_1_1' title="bbox 501 212 3762 287">
     <span class='ocr_line' id='line_1_1' title="bbox 501 212 3762 287; baseline 0.004 -12"><span class='ocrx_word' id='word_1_1' title='bbox 501 212 570 276; x_wconf 76' lang='lat'><strong>39</strong></span> <span class='ocrx_word' id='word_1_2' title='bbox 1034 216 1546 274; x_wconf 76' lang='lat' dir='ltr'><strong><em>PROLEGOMENA</em></strong></span> <span class='ocrx_word' id='word_1_3' title='bbox 1593 219 1685 272; x_wconf 86' lang='lat' dir='ltr'><strong><em>AD</em></strong></span> <span class='ocrx_word' id='word_1_4' title='bbox 1723 218 2049 273; x_wconf 79' lang='lat' dir='ltr'><strong><em>VENANTII</em></strong></span> <span class='ocrx_word' id='word_1_5' title='bbox 2090 219 2248 274; x_wconf 78' lang='grc' dir='ltr'><strong><em>ιιοΝ.</em></strong></span> <span class='ocrx_word' id='word_1_6' title='bbox 2289 220 2493 276; x_wconf 82' lang='lat' dir='ltr'><strong><em>CLEM.</em></strong></span> <span class='ocrx_word' id='word_1_7' title='bbox 2541 221 2934 280; x_wconf 80' lang='lat' dir='ltr'><strong><em>FORTUNATI</em></strong></span> <span class='ocrx_word' id='word_1_8' title='bbox 2975 227 3222 282; x_wconf 73' lang='lat' dir='ltr'><strong><em>OPEIlA.</em></strong></span> <span class='ocrx_word' id='word_1_9' title='bbox 3693 233 3762 287; x_wconf 77' lang='grc' dir='ltr'><strong><em>ιο</em></strong></span> 
     </span>
    </p>
   </div>
   <div class='ocr_carea' id='block_1_2' title="bbox 501 330 3765 409">
    <p class='ocr_par' dir='ltr' id='par_1_2' title="bbox 501 330 3765 409">
     <span class='ocr_line' id='line_1_2' title="bbox 501 330 3765 409; baseline 0.004 -24"><span class='ocrx_word' id='word_1_10' title='bbox 501 332 593 386; x_wconf 76' lang='lat' dir='ltr'><strong><em>uiri</em></strong></span> <span class='ocrx_word' id='word_1_11' title='bbox 623 331 755 402; x_wconf 84' lang='lat' dir='ltr'><strong><em>justi</em></strong></span> <span class='ocrx_word' id='word_1_12' title='bbox 792 330 940 385; x_wconf 79' lang='lat' dir='ltr'><strong><em>verba</em></strong></span> <span class='ocrx_word' id='word_1_13' title='bbox 978 331 1114 384; x_wconf 84' lang='lat' dir='ltr'><strong><em>circa</em></strong></span> <span class='ocrx_word' id='word_1_14' title='bbox 1157 335 1338 385; x_wconf 76' lang='lat' dir='ltr'><strong><em>salutis</em></strong></span> <span class='ocrx_word' id='word_1_15' title='bbox 1373 333 1632 396; x_wconf 84' lang='lat' dir='ltr'><strong><em>mstituta,</em></strong></span> <span class='ocrx_word' id='word_1_16' title='bbox 1663 339 1720 384; x_wconf 87' lang='lat' dir='ltr'><strong><em>et</em></strong></span> <span class='ocrx_word' id='word_1_17' title='bbox 1747 331 1885 383; x_wconf 85' lang='lat' dir='ltr'><strong><em>circa</em></strong></span> <span class='ocrx_word' id='word_1_18' title='bbox 1911 331 2081 401; x_wconf 86' lang='lat' dir='ltr'><strong><em>adipi-</em></strong></span> <span class='ocrx_word' id='word_1_19' title='bbox 2107 335 2158 392; x_wconf 73' lang='grc' dir='ltr'>Α</span> <span class='ocrx_word' id='word_1_20' title='bbox 2184 331 2520 386; x_wconf 86' lang='lat' dir='ltr'><strong><em>retributione</em></strong></span> <span class='ocrx_word' id='word_1_21' title='bbox 2562 335 2864 403; x_wconf 84' lang='lat' dir='ltr'><strong><em>sempiterna</em></strong></span> <span class='ocrx_word' id='word_1_22' title='bbox 2905 338 3175 404; x_wconf 86' lang='lat' dir='ltr'><strong><em>restituat,</em></strong></span> <span class='ocrx_word' id='word_1_23' title='bbox 3217 354 3305 409; x_wconf 83' lang='lat' dir='ltr'><strong><em>qut</em></strong></span> <span class='ocrx_word' id='word_1_24' title='bbox 3344 340 3570 408; x_wconf 75' lang='lat' dir='ltr'><strong><em>providet</em></strong></span> <span class='ocrx_word' id='word_1_25' title='bbox 3611 345 3765 398; x_wconf 65' lang='lat' dir='ltr'><strong><em>auai-</em></strong></span> 
     </span>
    </p>
   </div>
   <div class='ocr_carea' id='block_1_3' title="bbox 499 423 2072 492">
    <p class='ocr_par' dir='ltr' id='par_1_3' title="bbox 499 423 2072 492">
     <span class='ocr_line' id='line_1_3' title="bbox 499 423 2072 492; baseline 0 -14"><span class='ocrx_word' id='word_1_26' title='bbox 499 425 698 478; x_wconf 77' lang='lat' dir='ltr'><strong><em>scendte</em></strong></span> <span class='ocrx_word' id='word_1_27' title='bbox 734 424 848 476; x_wconf 76' lang='lat' dir='ltr'><strong><em>vita:</em></strong></span> <span class='ocrx_word' id='word_1_28' title='bbox 888 424 1100 477; x_wconf 72' lang='lat' dir='ltr'><strong><em>caelestis</em></strong></span> <span class='ocrx_word' id='word_1_29' title='bbox 1127 425 1430 477; x_wconf 83' lang='lat' dir='ltr'><strong><em>commercia</em></strong></span> <span class='ocrx_word' id='word_1_30' title='bbox 1458 423 1800 476; x_wconf 85' lang='lat' dir='ltr'><strong><em>retentebatur</em></strong></span> <span class='ocrx_word' id='word_1_31' title='bbox 1827 439 1916 492; x_wconf 88' lang='lat' dir='ltr'><strong><em>per</em></strong></span> <span class='ocrx_word' id='word_1_32' title='bbox 1943 424 2072 478; x_wconf 77' lang='lat' dir='ltr'><strong><em>dies.</em></strong></span> 
     </span>
    </p>
   </div>
   <div class='ocr_carea' id='block_1_4' title="bbox 499 513 2077 584">
    <p class='ocr_par' dir='ltr' id='par_1_4' title="bbox 499 513 2077 584">
     <span class='ocr_line' id='line_1_4' title="bbox 499 513 2077 584; baseline -0.001 -14"><span class='ocrx_word' id='word_1_33' title='bbox 499 515 673 584; x_wconf 82' lang='lat' dir='ltr'><strong><em>Atque</em></strong></span> <span class='ocrx_word' id='word_1_34' title='bbox 717 514 832 568; x_wconf 85' lang='lat' dir='ltr'><strong><em>haec</em></strong></span> <span class='ocrx_word' id='word_1_35' title='bbox 877 513 944 569; x_wconf 89' lang='lat' dir='ltr'><strong><em>de</em></strong></span> <span class='ocrx_word' id='word_1_36' title='bbox 986 513 1352 584; x_wconf 80' lang='lat' dir='ltr'><strong><em>Radegunde,</em></strong></span> <span class='ocrx_word' id='word_1_37' title='bbox 1401 513 1525 567; x_wconf 90' lang='lat' dir='ltr'><strong><em>dum</em></strong></span> <span class='ocrx_word' id='word_1_38' title='bbox 1575 527 1637 567; x_wconf 89' lang='lat' dir='ltr'><strong><em>ea</em></strong></span> <span class='ocrx_word' id='word_1_39' title='bbox 1685 513 1738 567; x_wconf 92' lang='lat' dir='ltr'><strong><em>in</em></strong></span> <span class='ocrx_word' id='word_1_40' title='bbox 1783 513 1927 583; x_wconf 88' lang='lat' dir='ltr'><strong><em>regia</em></strong></span> <span class='ocrx_word' id='word_1_41' title='bbox 1955 514 2077 568; x_wconf 85' lang='lat' dir='ltr'><strong><em>aula</em></strong></span> 
     </span>
    </p>
   </div>
   <div class='ocr_carea' id='block_1_5' title="bbox 497 610 920 666">
    <p class='ocr_par' dir='ltr' id='par_1_5' title="bbox 497 610 920 666">
     <span class='ocr_line' id='line_1_5' title="bbox 497 610 920 666; baseline -0.007 -1"><span class='ocrx_word' id='word_1_42' title='bbox 497 611 671 666; x_wconf 82' lang='lat' dir='ltr'><strong><em>adhuc</em></strong></span> <span class='ocrx_word' id='word_1_43' title='bbox 696 610 920 664; x_wconf 84' lang='lat' dir='ltr'><strong><em>viveret.</em></strong></span> 
     </span>
    </p>
   </div>
   <div class='ocr_carea' id='block_1_6' title="bbox 569 696 2074 766">
    <p class='ocr_par' dir='ltr' id='par_1_6' title="bbox 569 696 2074 766">
     <span class='ocr_line' id='line_1_6' title="bbox 569 696 2074 766; baseline -0.002 -11"><span class='ocrx_word' id='word_1_44' title='bbox 569 701 660 755; x_wconf 79' lang='lat'><strong><em>60.</em></strong></span> <span class='ocrx_word' id='word_1_45' title='bbox 701 699 901 754; x_wconf 81' lang='lat' dir='ltr'><strong><em>Deinde</em></strong></span> <span class='ocrx_word' id='word_1_46' title='bbox 939 700 1123 753; x_wconf 77' lang='lat' dir='ltr'><strong><em>multa</em></strong></span> <span class='ocrx_word' id='word_1_47' title='bbox 1146 713 1252 766; x_wconf 79' lang='lat' dir='ltr'><strong><em>jam</em></strong></span> <span class='ocrx_word' id='word_1_48' title='bbox 1301 705 1453 752; x_wconf 90' lang='lat' dir='ltr'><strong><em>erant</em></strong></span> <span class='ocrx_word' id='word_1_49' title='bbox 1497 696 1849 754; x_wconf 87' lang='lat' dir='ltr'><strong><em>Pictaviensis</em></strong></span> <span class='ocrx_word' id='word_1_50' title='bbox 1882 711 2074 753; x_wconf 86' lang='lat' dir='ltr'><strong><em>mona-</em></strong></span> 
     </span>
    </p>
   </div>
   <div class='ocr_carea' id='block_1_7' title="bbox 500 789 2074 862">
    <p class='ocr_par' dir='ltr' id='par_1_7' title="bbox 500 789 2074 862">
     <span class='ocr_line' id='line_1_7' title="bbox 500 789 2074 862; baseline -0.004 -13"><span class='ocrx_word' id='word_1_51' title='bbox 500 794 650 849; x_wconf 89' lang='lat' dir='ltr'><strong><em>sterii</em></strong></span> <span class='ocrx_word' id='word_1_52' title='bbox 681 792 1173 848; x_wconf 87' lang='lat' dir='ltr'><strong><em>sanctimonialibus</em></strong></span> <span class='ocrx_word' id='word_1_53' title='bbox 1199 792 1410 860; x_wconf 88' lang='lat' dir='ltr'><strong><em>negotia</em></strong></span> <span class='ocrx_word' id='word_1_54' title='bbox 1440 791 1692 862; x_wconf 88' lang='lat' dir='ltr'><strong><em>gerenda,</em></strong></span> <span class='ocrx_word' id='word_1_55' title='bbox 1718 791 1836 846; x_wconf 82' lang='lat' dir='ltr'><strong><em>sive</em></strong></span> <span class='ocrx_word' id='word_1_56' title='bbox 1861 805 1979 860; x_wconf 66' lang='lat' dir='ltr'><strong><em>qua</em></strong></span> <span class='ocrx_word' id='word_1_57' title='bbox 2007 789 2074 844; x_wconf 87' lang='lat' dir='ltr'><strong><em>ad</em></strong></span> 
     </span>
    </p>
   </div>
   <div class='ocr_carea' id='block_1_8' title="bbox 501 882 2075 960">
    <p class='ocr_par' dir='ltr' id='par_1_8' title="bbox 501 882 2075 960">
     <span class='ocr_line' id='line_1_8' title="bbox 501 882 2075 960; baseline -0.003 -19"><span class='ocrx_word' id='word_1_58' title='bbox 501 889 743 960; x_wconf 90' lang='lat' dir='ltr'><strong><em>privatas</em></strong></span> <span class='ocrx_word' id='word_1_59' title='bbox 770 899 954 940; x_wconf 90' lang='lat' dir='ltr'><strong><em>earum</em></strong></span> <span class='ocrx_word' id='word_1_60' title='bbox 987 897 1142 938; x_wconf 90' lang='lat' dir='ltr'><strong><em>curas</em></strong></span> <span class='ocrx_word' id='word_1_61' title='bbox 1167 890 1220 936; x_wconf 91' lang='lat' dir='ltr'><strong><em>et</em></strong></span> <span class='ocrx_word' id='word_1_62' title='bbox 1246 883 1422 937; x_wconf 89' lang='lat' dir='ltr'><strong><em>ofﬁcia</em></strong></span> <span class='ocrx_word' id='word_1_63' title='bbox 1450 891 1787 952; x_wconf 74' lang='lat' dir='ltr'><strong><em>spectarent,</em></strong></span> <span class='ocrx_word' id='word_1_64' title='bbox 1819 882 1931 936; x_wconf 90' lang='lat' dir='ltr'><strong><em>sive</em></strong></span> <span class='ocrx_word' id='word_1_65' title='bbox 1957 895 2075 951; x_wconf 63' lang='lat' dir='ltr'><strong><em>quae</em></strong></span> 
     </span>
    </p>
   </div>
   <div class='ocr_carea' id='block_1_9' title="bbox 497 973 2075 1044">
    <p class='ocr_par' dir='ltr' id='par_1_9' title="bbox 497 973 2075 1044">
     <span class='ocr_line' id='line_1_9' title="bbox 497 973 2075 1044; baseline -0.004 -11"><span class='ocrx_word' id='word_1_66' title='bbox 497 979 566 1033; x_wconf 74' lang='lat' dir='ltr'><strong><em>aii</em></strong></span> <span class='ocrx_word' id='word_1_67' title='bbox 597 978 756 1033; x_wconf 90' lang='lat' dir='ltr'><strong><em>totius</em></strong></span> <span class='ocrx_word' id='word_1_68' title='bbox 783 975 1091 1031; x_wconf 78' lang='lat' dir='ltr'><strong><em>monasterii</em></strong></span> <span class='ocrx_word' id='word_1_69' title='bbox 1123 989 1234 1029; x_wconf 90' lang='lat' dir='ltr'><strong><em>rem</em></strong></span> <span class='ocrx_word' id='word_1_70' title='bbox 1264 989 1326 1029; x_wconf 87' lang='lat' dir='ltr'><strong><em>ac</em></strong></span> <span class='ocrx_word' id='word_1_71' title='bbox 1351 983 1548 1029; x_wconf 88' lang='lat' dir='ltr'><strong><em>statum</em></strong></span> <span class='ocrx_word' id='word_1_72' title='bbox 1578 975 1938 1044; x_wconf 86' lang='lat' dir='ltr'><strong><em>pertinerent,</em></strong></span> <span class='ocrx_word' id='word_1_73' title='bbox 1966 973 2075 1042; x_wconf 83' lang='lat' dir='ltr'><strong><em>qui-</em></strong></span> 
     </span>
    </p>
   </div>
   <div class='ocr_carea' id='block_1_10' title="bbox 500 1061 2073 1136">
    <p class='ocr_par' dir='ltr' id='par_1_10' title="bbox 500 1061 2073 1136">
     <span class='ocr_line' id='line_1_10' title="bbox 500 1061 2073 1136; baseline -0.004 -14"><span class='ocrx_word' id='word_1_74' title='bbox 500 1067 600 1123; x_wconf 85' lang='lat' dir='ltr'><strong><em>bus</em></strong></span> <span class='ocrx_word' id='word_1_75' title='bbox 628 1067 680 1120; x_wconf 91' lang='lat' dir='ltr'><strong><em>in</em></strong></span> <span class='ocrx_word' id='word_1_76' title='bbox 707 1061 1052 1136; x_wconf 80' lang='lat' dir='ltr'><strong><em>procurandis</em></strong></span> <span class='ocrx_word' id='word_1_77' title='bbox 1065 1063 1284 1118; x_wconf 86' lang='lat' dir='ltr'><strong><em>alterius</em></strong></span> <span class='ocrx_word' id='word_1_78' title='bbox 1308 1063 1395 1132; x_wconf 90' lang='lat' dir='ltr'><strong><em>qui</em></strong></span> <span class='ocrx_word' id='word_1_79' title='bbox 1417 1071 1564 1120; x_wconf 80' lang='lat' dir='ltr'><strong><em>extra</em></strong></span> <span class='ocrx_word' id='word_1_80' title='bbox 1588 1063 1897 1118; x_wconf 83' lang='lat' dir='ltr'><strong><em>monasterii</em></strong></span> <span class='ocrx_word' id='word_1_81' title='bbox 1923 1071 2073 1132; x_wconf 87' lang='lat' dir='ltr'><strong><em>septa</em></strong></span> 
     </span>
    </p>
   </div>
   <div class='ocr_carea' id='block_1_11' title="bbox 496 1156 2075 1227">
    <p class='ocr_par' dir='ltr' id='par_1_11' title="bbox 496 1156 2075 1227">
     <span class='ocr_line' id='line_1_11' title="bbox 496 1156 2075 1227; baseline 0 -15"><span class='ocrx_word' id='word_1_82' title='bbox 496 1160 699 1213; x_wconf 80' lang='lat' dir='ltr'><strong><em>viveret</em></strong></span> <span class='ocrx_word' id='word_1_83' title='bbox 735 1156 1006 1226; x_wconf 83' lang='lat' dir='ltr'><strong><em>diligent-ia</em></strong></span> <span class='ocrx_word' id='word_1_84' title='bbox 1046 1157 1452 1212; x_wconf 85' lang='lat' dir='ltr'><strong><em>desiderabatur</em></strong></span> <span class='ocrx_word' id='word_1_85' title='bbox 1491 1172 1552 1212; x_wconf 89' lang='lat' dir='ltr'><strong><em>ac</em></strong></span> <span class='ocrx_word' id='word_1_86' title='bbox 1593 1157 1751 1212; x_wconf 89' lang='lat' dir='ltr'><strong><em>ﬁdes.</em></strong></span> <span class='ocrx_word' id='word_1_87' title='bbox 1803 1157 1912 1224; x_wconf 92' lang='lat' dir='ltr'><strong><em>Ita,</em></strong></span> <span class='ocrx_word' id='word_1_88' title='bbox 1967 1172 2075 1227; x_wconf 92' lang='lat' dir='ltr'><strong><em>quo</em></strong></span> 
     </span>
    </p>
   </div>
   <div class='ocr_carea' id='block_1_12' title="bbox 493 1247 2074 1318">
    <p class='ocr_par' dir='ltr' id='par_1_12' title="bbox 493 1247 2074 1318">
     <span class='ocr_line' id='line_1_12' title="bbox 493 1247 2074 1318; baseline 0 -14"><span class='ocrx_word' id='word_1_89' title='bbox 493 1264 655 1304; x_wconf 89' lang='lat' dir='ltr'><strong><em>unum</em></strong></span> <span class='ocrx_word' id='word_1_90' title='bbox 685 1257 776 1302; x_wconf 89' lang='lat' dir='ltr'><strong><em>aut</em></strong></span> <span class='ocrx_word' id='word_1_91' title='bbox 802 1247 1028 1309; x_wconf 87' lang='lat' dir='ltr'><strong><em>alterum</em></strong></span> <span class='ocrx_word' id='word_1_92' title='bbox 1059 1248 1364 1317; x_wconf 80' lang='lat' dir='ltr'><strong><em>exemplum</em></strong></span> <span class='ocrx_word' id='word_1_93' title='bbox 1394 1250 1660 1318; x_wconf 83' lang='lat' dir='ltr'><strong><em>proferam</em></strong></span> <span class='ocrx_word' id='word_1_94' title='bbox 1679 1289 1696 1314; x_wconf 95' lang='lat'><strong><em>,</em></strong></span> <span class='ocrx_word' id='word_1_95' title='bbox 1728 1257 1904 1304; x_wconf 83' lang='lat' dir='ltr'><strong><em>exstat</em></strong></span> <span class='ocrx_word' id='word_1_96' title='bbox 1931 1249 2074 1318; x_wconf 90' lang='lat' dir='ltr'><strong><em>apud</em></strong></span> 
     </span>
    </p>
   </div>
   <div class='ocr_carea' id='block_1_13' title="bbox 494 1341 2074 1414">
    <p class='ocr_par' dir='ltr' id='par_1_13' title="bbox 494 1341 2074 1414">
     <span class='ocr_line' id='line_1_13' title="bbox 494 1341 2074 1414; baseline 0.001 -15"><span class='ocrx_word' id='word_1_97' title='bbox 494 1343 716 1413; x_wconf 86' lang='lat' dir='ltr'><strong><em>Gregor.</em></strong></span> <span class='ocrx_word' id='word_1_98' title='bbox 745 1343 900 1406; x_wconf 88' lang='lat' dir='ltr'><strong><em>Tur.,</em></strong></span> <span class='ocrx_word' id='word_1_99' title='bbox 932 1341 1026 1398; x_wconf 90' lang='lat' dir='ltr'><strong><em>lib.</em></strong></span> <span class='ocrx_word' id='word_1_100' title='bbox 1055 1357 1112 1396; x_wconf 74' lang='grc' dir='ltr'>ιι</span> <span class='ocrx_word' id='word_1_101' title='bbox 1147 1342 1347 1397; x_wconf 89' lang='lat' dir='ltr'><strong><em>llistor.</em></strong></span> <span class='ocrx_word' id='word_1_102' title='bbox 1377 1343 1597 1410; x_wconf 86' lang='lat' dir='ltr'><strong><em>Franc.,</em></strong></span> <span class='ocrx_word' id='word_1_103' title='bbox 1623 1343 1868 1414; x_wconf 51' lang='lat' dir='ltr'><strong><em>capte,</em></strong></span> <span class='ocrx_word' id='word_1_104' title='bbox 1897 1359 2074 1400; x_wconf 82' lang='lat' dir='ltr'><strong><em>exem-</em></strong></span> 
     </span>
    </p>
   </div>
   <div class='ocr_carea' id='block_1_14' title="bbox 495 1433 2073 1507">
    <p class='ocr_par' dir='ltr' id='par_1_14' title="bbox 495 1433 2073 1507">
     <span class='ocr_line' id='line_1_14' title="bbox 495 1433 2073 1507; baseline 0.003 -19"><span class='ocrx_word' id='word_1_105' title='bbox 495 1435 610 1505; x_wconf 86' lang='lat' dir='ltr'><strong><em>plar</em></strong></span> <span class='ocrx_word' id='word_1_106' title='bbox 637 1434 879 1503; x_wconf 66' lang='lat' dir='ltr'><strong><em>epistola:</em></strong></span> <span class='ocrx_word' id='word_1_107' title='bbox 908 1449 1067 1502; x_wconf 89' lang='lat' dir='ltr'><strong><em>quam</em></strong></span> <span class='ocrx_word' id='word_1_108' title='bbox 1099 1433 1441 1503; x_wconf 83' lang='lat' dir='ltr'><strong><em>Radegundis</em></strong></span> <span class='ocrx_word' id='word_1_109' title='bbox 1479 1436 1645 1491; x_wconf 89' lang='lat' dir='ltr'><strong><em>mittit</em></strong></span> <span class='ocrx_word' id='word_1_110' title='bbox 1681 1437 1747 1492; x_wconf 90' lang='lat' dir='ltr'><strong><em>ad</em></strong></span> <span class='ocrx_word' id='word_1_111' title='bbox 1790 1437 2073 1507; x_wconf 84' lang='lat' dir='ltr'><strong><em>episcopos</em></strong></span> 
     </span>
    </p>
   </div>
   <div class='ocr_carea' id='block_1_15' title="bbox 488 1525 2071 1596">
    <p class='ocr_par' dir='ltr' id='par_1_15' title="bbox 488 1525 2071 1596">
     <span class='ocr_line' id='line_1_15' title="bbox 488 1525 2071 1596; baseline 0.001 -14"><span class='ocrx_word' id='word_1_112' title='bbox 488 1525 694 1590; x_wconf 67' lang='lat' dir='ltr'><strong><em>Galliae,</em></strong></span> <span class='ocrx_word' id='word_1_113' title='bbox 724 1541 832 1596; x_wconf 90' lang='lat' dir='ltr'><strong><em>quo</em></strong></span> <span class='ocrx_word' id='word_1_114' title='bbox 861 1526 1074 1580; x_wconf 89' lang='lat' dir='ltr'><strong><em>illorum</em></strong></span> <span class='ocrx_word' id='word_1_115' title='bbox 1107 1528 1460 1594; x_wconf 84' lang='lat' dir='ltr'><strong><em>patrocinium</em></strong></span> <span class='ocrx_word' id='word_1_116' title='bbox 1489 1538 1545 1584; x_wconf 91' lang='lat' dir='ltr'><strong><em>et</em></strong></span> <span class='ocrx_word' id='word_1_117' title='bbox 1569 1530 1947 1584; x_wconf 79' lang='lat' dir='ltr'><strong><em>auctoritatem</em></strong></span> <span class='ocrx_word' id='word_1_118' title='bbox 1973 1529 2071 1585; x_wconf 84' lang='lat' dir='ltr'><strong><em>ad-</em></strong></span> 
     </span>
    </p>
   </div>
   <div class='ocr_carea' id='block_1_16' title="bbox 491 1620 2071 1691">
    <p class='ocr_par' dir='ltr' id='par_1_16' title="bbox 491 1620 2071 1691">
     <span class='ocr_line' id='line_1_16' title="bbox 491 1620 2071 1691; baseline 0.004 -20"><span class='ocrx_word' id='word_1_119' title='bbox 491 1633 681 1675; x_wconf 85' lang='lat' dir='ltr'><strong><em>versus</em></strong></span> <span class='ocrx_word' id='word_1_120' title='bbox 707 1633 800 1673; x_wconf 89' lang='lat' dir='ltr'><strong><em>eos</em></strong></span> <span class='ocrx_word' id='word_1_121' title='bbox 827 1620 916 1688; x_wconf 90' lang='lat' dir='ltr'><strong><em>qui</em></strong></span> <span class='ocrx_word' id='word_1_122' title='bbox 949 1620 1258 1674; x_wconf 88' lang='lat' dir='ltr'><strong><em>monasterii</em></strong></span> <span class='ocrx_word' id='word_1_123' title='bbox 1289 1620 1638 1676; x_wconf 85' lang='lat' dir='ltr'><strong><em>Pictaviensis</em></strong></span> <span class='ocrx_word' id='word_1_124' title='bbox 1662 1623 1782 1691; x_wconf 89' lang='lat' dir='ltr'><strong><em>jura</em></strong></span> <span class='ocrx_word' id='word_1_125' title='bbox 1815 1622 1900 1678; x_wconf 89' lang='lat' dir='ltr'><strong><em>vel</em></strong></span> <span class='ocrx_word' id='word_1_126' title='bbox 1933 1622 2071 1677; x_wconf 90' lang='lat' dir='ltr'><strong><em>bona</em></strong></span> 
     </span>
    </p>
   </div>
   <div class='ocr_carea' id='block_1_17' title="bbox 2187 419 3765 504">
    <p class='ocr_par' dir='ltr' id='par_1_17' title="bbox 2187 419 3765 504">
     <span class='ocr_line' id='line_1_17' title="bbox 2187 419 3765 504; baseline 0.01 -31"><span class='ocrx_word' id='word_1_127' title='bbox 2187 419 2313 474; x_wconf 87' lang='lat' dir='ltr'><strong><em>lium</em></strong></span> <span class='ocrx_word' id='word_1_128' title='bbox 2355 423 2714 494; x_wconf 81' lang='lat' dir='ltr'><strong><em>indigentibus.</em></strong></span> <span class='ocrx_word' id='word_1_129' title='bbox 2763 426 2965 492; x_wconf 84' lang='lat' dir='ltr'><strong><em>Quibus</em></strong></span> <span class='ocrx_word' id='word_1_130' title='bbox 3009 443 3073 483; x_wconf 80' lang='lat' dir='ltr'><strong><em>ex</em></strong></span> <span class='ocrx_word' id='word_1_131' title='bbox 3117 431 3294 485; x_wconf 85' lang='lat' dir='ltr'><strong><em>verbis</em></strong></span> <span class='ocrx_word' id='word_1_132' title='bbox 3325 438 3499 500; x_wconf 88' lang='lat' dir='ltr'><strong><em>potest</em></strong></span> <span class='ocrx_word' id='word_1_133' title='bbox 3541 434 3765 504; x_wconf 74' lang='lat' dir='ltr'><strong><em>intelligi</em></strong></span> 
     </span>
    </p>
   </div>
   <div class='ocr_carea' id='block_1_18' title="bbox 2185 512 3763 590">
    <p class='ocr_par' dir='ltr' id='par_1_18' title="bbox 2185 512 3763 590">
     <span class='ocr_line' id='line_1_18' title="bbox 2185 512 3763 590; baseline 0.008 -26"><span class='ocrx_word' id='word_1_134' title='bbox 2185 525 2292 580; x_wconf 89' lang='lat' dir='ltr'><strong><em>quo</em></strong></span> <span class='ocrx_word' id='word_1_135' title='bbox 2321 512 2373 566; x_wconf 91' lang='lat' dir='ltr'><strong><em>in</em></strong></span> <span class='ocrx_word' id='word_1_136' title='bbox 2404 513 2523 567; x_wconf 91' lang='lat' dir='ltr'><strong><em>loco</em></strong></span> <span class='ocrx_word' id='word_1_137' title='bbox 2569 513 2617 568; x_wconf 88' lang='lat' dir='ltr'><strong><em>is</em></strong></span> <span class='ocrx_word' id='word_1_138' title='bbox 2658 524 2804 570; x_wconf 87' lang='lat' dir='ltr'><strong><em>esset</em></strong></span> <span class='ocrx_word' id='word_1_139' title='bbox 2843 517 2982 585; x_wconf 90' lang='lat' dir='ltr'><strong><em>apud</em></strong></span> <span class='ocrx_word' id='word_1_140' title='bbox 3030 517 3444 588; x_wconf 83' lang='lat' dir='ltr'><strong><em>Radegundem,</em></strong></span> <span class='ocrx_word' id='word_1_141' title='bbox 3489 530 3546 576; x_wconf 87' lang='lat' dir='ltr'><strong><em>et</em></strong></span> <span class='ocrx_word' id='word_1_142' title='bbox 3583 521 3763 590; x_wconf 81' lang='lat' dir='ltr'><strong><em>Agne-</em></strong></span> 
     </span>
    </p>
   </div>
   <div class='ocr_carea' id='block_1_19' title="bbox 2186 606 3333 678">
    <p class='ocr_par' dir='ltr' id='par_1_19' title="bbox 2186 606 3333 678">
     <span class='ocr_line' id='line_1_19' title="bbox 2186 606 3333 678; baseline 0.01 -22"><span class='ocrx_word' id='word_1_143' title='bbox 2186 610 2327 668; x_wconf 88' lang='lat' dir='ltr'><strong><em>tem,</em></strong></span> <span class='ocrx_word' id='word_1_144' title='bbox 2359 613 2412 659; x_wconf 92' lang='lat' dir='ltr'><strong><em>et</em></strong></span> <span class='ocrx_word' id='word_1_145' title='bbox 2441 620 2559 674; x_wconf 72' lang='lat' dir='ltr'><strong><em>quae</em></strong></span> <span class='ocrx_word' id='word_1_146' title='bbox 2593 606 2784 660; x_wconf 88' lang='lat' dir='ltr'><strong><em>iisdem</em></strong></span> <span class='ocrx_word' id='word_1_147' title='bbox 2817 608 2996 664; x_wconf 84' lang='lat' dir='ltr'><strong><em>ofﬁcia</em></strong></span> <span class='ocrx_word' id='word_1_148' title='bbox 3033 618 3333 678; x_wconf 73' lang='lat' dir='ltr'><strong><em>praestaret.</em></strong></span> 
     </span>
    </p>
   </div>
   <div class='ocr_carea' id='block_1_20' title="bbox 2256 695 3768 774">
    <p class='ocr_par' dir='ltr' id='par_1_20' title="bbox 2256 695 3768 774">
     <span class='ocr_line' id='line_1_20' title="bbox 2256 695 3768 774; baseline 0.007 -25"><span class='ocrx_word' id='word_1_149' title='bbox 2256 695 2349 752; x_wconf 72' lang='lat'><strong><em>62.</em></strong></span> <span class='ocrx_word' id='word_1_150' title='bbox 2392 696 2571 768; x_wconf 85' lang='lat' dir='ltr'><strong><em>Atque</em></strong></span> <span class='ocrx_word' id='word_1_151' title='bbox 2611 699 2774 753; x_wconf 88' lang='lat' dir='ltr'><strong><em>etiam</em></strong></span> <span class='ocrx_word' id='word_1_152' title='bbox 2819 716 2884 756; x_wconf 77' lang='lat' dir='ltr'><strong><em>ex</em></strong></span> <span class='ocrx_word' id='word_1_153' title='bbox 2928 700 3210 756; x_wconf 88' lang='lat' dir='ltr'><strong><em>itineribus</em></strong></span> <span class='ocrx_word' id='word_1_154' title='bbox 3250 710 3357 756; x_wconf 86' lang='lat' dir='ltr'><strong><em>tam</em></strong></span> <span class='ocrx_word' id='word_1_155' title='bbox 3400 703 3768 774; x_wconf 85' lang='lat' dir='ltr'><strong><em>frequentibus</em></strong></span> 
     </span>
    </p>
   </div>
   <div class='ocr_carea' id='block_1_21' title="bbox 2181 789 3767 866">
    <p class='ocr_par' dir='ltr' id='par_1_21' title="bbox 2181 789 3767 866">
     <span class='ocr_line' id='line_1_21' title="bbox 2181 789 3767 866; baseline 0.004 -24"><span class='ocrx_word' id='word_1_156' title='bbox 2181 802 2303 858; x_wconf 64' lang='lat' dir='ltr'><strong><em>quae</em></strong></span> <span class='ocrx_word' id='word_1_157' title='bbox 2351 789 2706 845; x_wconf 88' lang='lat' dir='ltr'><strong><em>Fortunatum</em></strong></span> <span class='ocrx_word' id='word_1_158' title='bbox 2759 805 2854 861; x_wconf 88' lang='lat' dir='ltr'><strong><em>per</em></strong></span> <span class='ocrx_word' id='word_1_159' title='bbox 2901 791 3127 848; x_wconf 85' lang='lat' dir='ltr'><strong><em>Galliam</em></strong></span> <span class='ocrx_word' id='word_1_160' title='bbox 3178 791 3624 866; x_wconf 85' lang='lat' dir='ltr'><strong><em>Germaniamque</em></strong></span> <span class='ocrx_word' id='word_1_161' title='bbox 3673 796 3767 849; x_wconf 84' lang='lat' dir='ltr'><strong><em>Ita-</em></strong></span> 
     </span>
    </p>
   </div>
   <div class='ocr_carea' id='block_1_22' title="bbox 2182 879 3766 955">
    <p class='ocr_par' dir='ltr' id='par_1_22' title="bbox 2182 879 3766 955">
     <span class='ocr_line' id='line_1_22' title="bbox 2182 879 3766 955; baseline 0.004 -21"><span class='ocrx_word' id='word_1_162' title='bbox 2182 879 2368 936; x_wconf 89' lang='lat' dir='ltr'><strong><em>buisse</em></strong></span> <span class='ocrx_word' id='word_1_163' title='bbox 2400 883 2786 952; x_wconf 82' lang='lat' dir='ltr'><strong><em>comperimus,</em></strong></span> <span class='ocrx_word' id='word_1_164' title='bbox 2818 883 3088 954; x_wconf 86' lang='lat' dir='ltr'><strong><em>conjicere</em></strong></span> <span class='ocrx_word' id='word_1_165' title='bbox 3129 884 3253 940; x_wconf 87' lang='lat' dir='ltr'><strong><em>licet</em></strong></span> <span class='ocrx_word' id='word_1_166' title='bbox 3282 887 3430 955; x_wconf 83' lang='lat' dir='ltr'><strong><em>plura</em></strong></span> <span class='ocrx_word' id='word_1_167' title='bbox 3471 886 3536 941; x_wconf 91' lang='lat' dir='ltr'><strong><em>ad</em></strong></span> <span class='ocrx_word' id='word_1_168' title='bbox 3581 902 3766 942; x_wconf 85' lang='lat' dir='ltr'><strong><em>mona-</em></strong></span> 
     </span>
    </p>
   </div>
   <div class='ocr_carea' id='block_1_23' title="bbox 2180 976 3769 1049">
    <p class='ocr_par' dir='ltr' id='par_1_23' title="bbox 2180 976 3769 1049">
     <span class='ocr_line' id='line_1_23' title="bbox 2180 976 3769 1049; baseline 0.003 -19"><span class='ocrx_word' id='word_1_169' title='bbox 2180 976 2404 1032; x_wconf 89' lang='lat' dir='ltr'><strong><em>sterium</em></strong></span> <span class='ocrx_word' id='word_1_170' title='bbox 2430 977 2770 1034; x_wconf 86' lang='lat' dir='ltr'><strong><em>Pictaviense</em></strong></span> <span class='ocrx_word' id='word_1_171' title='bbox 2797 979 3094 1048; x_wconf 86' lang='lat' dir='ltr'><strong><em>spectantia</em></strong></span> <span class='ocrx_word' id='word_1_172' title='bbox 3127 979 3338 1049; x_wconf 85' lang='lat' dir='ltr'><strong><em>negotia</em></strong></span> <span class='ocrx_word' id='word_1_173' title='bbox 3361 994 3454 1048; x_wconf 90' lang='lat' dir='ltr'><strong><em>per</em></strong></span> <span class='ocrx_word' id='word_1_174' title='bbox 3475 979 3648 1046; x_wconf 86' lang='lat' dir='ltr'><strong><em>ipsum</em></strong></span> <span class='ocrx_word' id='word_1_175' title='bbox 3677 994 3769 1035; x_wconf 82' lang='lat' dir='ltr'><strong><em>so-</em></strong></span> 
     </span>
    </p>
   </div>
   <div class='ocr_carea' id='block_1_24' title="bbox 2181 1067 3766 1140">
    <p class='ocr_par' dir='ltr' id='par_1_24' title="bbox 2181 1067 3766 1140">
     <span class='ocr_line' id='line_1_24' title="bbox 2181 1067 3766 1140; baseline 0.003 -18"><span class='ocrx_word' id='word_1_176' title='bbox 2181 1067 2275 1123; x_wconf 88' lang='lat' dir='ltr'><strong><em>lita</em></strong></span> <span class='ocrx_word' id='word_1_177' title='bbox 2305 1069 2551 1139; x_wconf 74' lang='lat' dir='ltr'><strong><em>transigi.</em></strong></span> <span class='ocrx_word' id='word_1_178' title='bbox 2583 1068 2660 1124; x_wconf 86' lang='lat' dir='ltr'><strong><em>Ita</em></strong></span> <span class='ocrx_word' id='word_1_179' title='bbox 2691 1069 2785 1124; x_wconf 85' lang='lat' dir='ltr'><strong><em>lib.</em></strong></span> <span class='ocrx_word' id='word_1_180' title='bbox 2823 1086 2875 1124; x_wconf 76' lang='lat' dir='ltr'><strong><em>xl</em></strong></span> <span class='ocrx_word' id='word_1_181' title='bbox 2896 1110 2910 1136; x_wconf 93' lang='lat'><strong><em>,</em></strong></span> <span class='ocrx_word' id='word_1_182' title='bbox 2943 1085 3062 1140; x_wconf 88' lang='lat' dir='ltr'><strong><em>cap.</em></strong></span> <span class='ocrx_word' id='word_1_183' title='bbox 3093 1069 3160 1124; x_wconf 76' lang='grc'><strong>27</strong></span> <span class='ocrx_word' id='word_1_184' title='bbox 3191 1080 3248 1126; x_wconf 89' lang='lat' dir='ltr'><strong><em>et</em></strong></span> <span class='ocrx_word' id='word_1_185' title='bbox 3274 1070 3345 1126; x_wconf 69' lang='lat'><strong>38</strong></span> <span class='ocrx_word' id='word_1_186' title='bbox 3367 1115 3382 1138; x_wconf 94' lang='lat'><strong><em>,</em></strong></span> <span class='ocrx_word' id='word_1_187' title='bbox 3425 1070 3669 1126; x_wconf 88' lang='lat' dir='ltr'><strong><em>scribens</em></strong></span> <span class='ocrx_word' id='word_1_188' title='bbox 3697 1071 3766 1126; x_wconf 84' lang='lat' dir='ltr'><strong><em>ad</em></strong></span> 
     </span>
    </p>
   </div>
   <div class='ocr_carea' id='block_1_25' title="bbox 2181 1160 3769 1232">
    <p class='ocr_par' dir='ltr' id='par_1_25' title="bbox 2181 1160 3769 1232">
     <span class='ocr_line' id='line_1_25' title="bbox 2181 1160 3769 1232; baseline 0 -16"><span class='ocrx_word' id='word_1_189' title='bbox 2181 1162 2438 1231; x_wconf 80' lang='lat' dir='ltr'><strong><em>Agnetem</em></strong></span> <span class='ocrx_word' id='word_1_190' title='bbox 2467 1170 2522 1216; x_wconf 93' lang='lat' dir='ltr'><strong><em>et</em></strong></span> <span class='ocrx_word' id='word_1_191' title='bbox 2549 1160 2930 1232; x_wconf 83' lang='lat' dir='ltr'><strong><em>Radegundem</em></strong></span> <span class='ocrx_word' id='word_1_192' title='bbox 2949 1203 2966 1228; x_wconf 86' lang='lat'><strong><em>,</em></strong></span> <span class='ocrx_word' id='word_1_193' title='bbox 2993 1177 3090 1216; x_wconf 88' lang='lat' dir='ltr'><strong><em>sua</em></strong></span> <span class='ocrx_word' id='word_1_194' title='bbox 3117 1163 3361 1232; x_wconf 71' lang='lat' dir='ltr'><strong><em>quaedam</em></strong></span> <span class='ocrx_word' id='word_1_195' title='bbox 3389 1161 3581 1217; x_wconf 87' lang='lat' dir='ltr'><strong><em>itinera</em></strong></span> <span class='ocrx_word' id='word_1_196' title='bbox 3609 1175 3769 1216; x_wconf 87' lang='lat' dir='ltr'><strong><em>enar-</em></strong></span> 
     </span>
    </p>
   </div>
   <div class='ocr_carea' id='block_1_26' title="bbox 2180 1237 3764 1323">
    <p class='ocr_par' dir='ltr' id='par_1_26' title="bbox 2180 1237 3764 1323">
     <span class='ocr_line' id='line_1_26' title="bbox 2180 1237 3764 1323; baseline 0.001 -16"><span class='ocrx_word' id='word_1_197' title='bbox 2180 1262 2294 1319; x_wconf 89' lang='lat' dir='ltr'><strong><em>rat,</em></strong></span> <span class='ocrx_word' id='word_1_198' title='bbox 2330 1267 2561 1321; x_wconf 89' lang='lat' dir='ltr'><strong><em>quorum</em></strong></span> <span class='ocrx_word' id='word_1_199' title='bbox 2604 1253 2659 1308; x_wconf 89' lang='lat' dir='ltr'><strong><em>in</em></strong></span> <span class='ocrx_word' id='word_1_200' title='bbox 2689 1237 2861 1309; x_wconf 67' lang='lat' dir='ltr'><strong><em>alteri)</em></strong></span> <span class='ocrx_word' id='word_1_201' title='bbox 2889 1253 2980 1308; x_wconf 91' lang='lat' dir='ltr'><strong><em>diu</em></strong></span> <span class='ocrx_word' id='word_1_202' title='bbox 3013 1253 3249 1323; x_wconf 87' lang='lat' dir='ltr'><strong><em>procella</em></strong></span> <span class='ocrx_word' id='word_1_203' title='bbox 3273 1254 3506 1323; x_wconf 89' lang='lat' dir='ltr'><strong><em>jactatus</em></strong></span> <span class='ocrx_word' id='word_1_204' title='bbox 3548 1254 3764 1319; x_wconf 91' lang='lat' dir='ltr'><strong><em>fuerat,</em></strong></span> 
     </span>
    </p>
   </div>
   <div class='ocr_carea' id='block_1_27' title="bbox 2180 1349 3762 1421">
    <p class='ocr_par' dir='ltr' id='par_1_27' title="bbox 2180 1349 3762 1421">
     <span class='ocr_line' id='line_1_27' title="bbox 2180 1349 3762 1421; baseline -0.003 -15"><span class='ocrx_word' id='word_1_205' title='bbox 2180 1353 2325 1406; x_wconf 91' lang='lat' dir='ltr'><strong><em>unde</em></strong></span> <span class='ocrx_word' id='word_1_206' title='bbox 2358 1351 2413 1405; x_wconf 91' lang='lat' dir='ltr'><strong><em>in</em></strong></span> <span class='ocrx_word' id='word_1_207' title='bbox 2457 1365 2620 1421; x_wconf 87' lang='lat' dir='ltr'><strong><em>grave</em></strong></span> <span class='ocrx_word' id='word_1_208' title='bbox 2657 1350 2783 1405; x_wconf 73' lang='lat' dir='ltr'><strong><em>vita:</em></strong></span> <span class='ocrx_word' id='word_1_209' title='bbox 2825 1350 3133 1405; x_wconf 68' lang='lat' dir='ltr'><strong><em>amittenda</em></strong></span> <span class='ocrx_word' id='word_1_210' title='bbox 3171 1349 3459 1404; x_wconf 87' lang='lat' dir='ltr'><strong><em>discrimen</em></strong></span> <span class='ocrx_word' id='word_1_211' title='bbox 3503 1355 3762 1412; x_wconf 88' lang='lat' dir='ltr'><strong><em>venerat;</em></strong></span> 
     </span>
    </p>
   </div>
   <div class='ocr_carea' id='block_1_28' title="bbox 2188 1441 3764 1513">
    <p class='ocr_par' dir='ltr' id='par_1_28' title="bbox 2188 1441 3764 1513">
     <span class='ocr_line' id='line_1_28' title="bbox 2188 1441 3764 1513; baseline -0.004 -13"><span class='ocrx_word' id='word_1_212' title='bbox 2188 1445 2248 1500; x_wconf 91' lang='lat' dir='ltr'><strong><em>in</em></strong></span> <span class='ocrx_word' id='word_1_213' title='bbox 2281 1444 2452 1499; x_wconf 92' lang='lat' dir='ltr'><strong><em>altero</em></strong></span> <span class='ocrx_word' id='word_1_214' title='bbox 2481 1459 2609 1499; x_wconf 91' lang='lat' dir='ltr'><strong><em>vero</em></strong></span> <span class='ocrx_word' id='word_1_215' title='bbox 2639 1443 2872 1499; x_wconf 89' lang='lat' dir='ltr'><strong><em>hiemale</em></strong></span> <span class='ocrx_word' id='word_1_216' title='bbox 2900 1444 3064 1513; x_wconf 91' lang='lat' dir='ltr'><strong><em>frigus</em></strong></span> <span class='ocrx_word' id='word_1_217' title='bbox 3092 1455 3154 1497; x_wconf 88' lang='lat' dir='ltr'><strong><em>ac</em></strong></span> <span class='ocrx_word' id='word_1_218' title='bbox 3182 1441 3400 1511; x_wconf 57' lang='lat' dir='ltr'><strong><em>pruinas</em></strong></span> <span class='ocrx_word' id='word_1_219' title='bbox 3443 1454 3503 1496; x_wconf 84' lang='lat' dir='ltr'><strong><em>se</em></strong></span> <span class='ocrx_word' id='word_1_220' title='bbox 3543 1455 3764 1510; x_wconf 86' lang='lat' dir='ltr'><strong><em>perpes-</em></strong></span> 
     </span>
    </p>
   </div>
   <div class='ocr_carea' id='block_1_29' title="bbox 2180 1531 3757 1603">
    <p class='ocr_par' dir='ltr' id='par_1_29' title="bbox 2180 1531 3757 1603">
     <span class='ocr_line' id='line_1_29' title="bbox 2180 1531 3757 1603; baseline -0.003 -13"><span class='ocrx_word' id='word_1_221' title='bbox 2180 1549 2298 1590; x_wconf 86' lang='lat' dir='ltr'><strong><em>sum</em></strong></span> <span class='ocrx_word' id='word_1_222' title='bbox 2330 1535 2500 1590; x_wconf 88' lang='lat' dir='ltr'><strong><em>fuisse</em></strong></span> <span class='ocrx_word' id='word_1_223' title='bbox 2529 1534 2818 1601; x_wconf 89' lang='lat' dir='ltr'><strong><em>describit,</em></strong></span> <span class='ocrx_word' id='word_1_224' title='bbox 2849 1549 2971 1589; x_wconf 93' lang='lat' dir='ltr'><strong><em>cum</em></strong></span> <span class='ocrx_word' id='word_1_225' title='bbox 3002 1535 3127 1589; x_wconf 86' lang='lat' dir='ltr'><strong><em>nive</em></strong></span> <span class='ocrx_word' id='word_1_226' title='bbox 3159 1540 3214 1588; x_wconf 88' lang='lat' dir='ltr'><strong><em>et</em></strong></span> <span class='ocrx_word' id='word_1_227' title='bbox 3238 1533 3413 1603; x_wconf 88' lang='lat' dir='ltr'><strong><em>glacie</em></strong></span> <span class='ocrx_word' id='word_1_228' title='bbox 3443 1532 3549 1588; x_wconf 89' lang='lat' dir='ltr'><strong><em>late</em></strong></span> <span class='ocrx_word' id='word_1_229' title='bbox 3576 1531 3757 1586; x_wconf 86' lang='lat' dir='ltr'><strong><em>omnia</em></strong></span> 
     </span>
    </p>
   </div>
   <div class='ocr_carea' id='block_1_30' title="bbox 2180 1626 3763 1697">
    <p class='ocr_par' dir='ltr' id='par_1_30' title="bbox 2180 1626 3763 1697">
     <span class='ocr_line' id='line_1_30' title="bbox 2180 1626 3763 1697; baseline -0.001 -16"><span class='ocrx_word' id='word_1_230' title='bbox 2180 1635 2513 1682; x_wconf 89' lang='lat' dir='ltr'><strong><em>tenerentur.</em></strong></span> <span class='ocrx_word' id='word_1_231' title='bbox 2573 1630 2752 1697; x_wconf 82' lang='lat' dir='ltr'><strong><em>Atque</em></strong></span> <span class='ocrx_word' id='word_1_232' title='bbox 2800 1629 2916 1697; x_wconf 90' lang='lat' dir='ltr'><strong><em>ipse</em></strong></span> <span class='ocrx_word' id='word_1_233' title='bbox 2962 1627 3162 1682; x_wconf 87' lang='lat' dir='ltr'><strong><em>indicat</em></strong></span> <span class='ocrx_word' id='word_1_234' title='bbox 3208 1626 3452 1697; x_wconf 76' lang='lat' dir='ltr'><strong><em>quaedam</em></strong></span> <span class='ocrx_word' id='word_1_235' title='bbox 3509 1626 3763 1681; x_wconf 86' lang='lat' dir='ltr'><strong><em>habuisse</em></strong></span> 
     </span>
    </p>
   </div>
   <div class='ocr_carea' id='block_1_31' title="bbox 491 1697 3760 1789">
    <p class='ocr_par' dir='ltr' id='par_1_31' title="bbox 491 1697 3760 1789">
     <span class='ocr_line' id='line_1_31' title="bbox 491 1697 3760 1789; baseline 0.001 -19"><span class='ocrx_word' id='word_1_236' title='bbox 491 1714 688 1770; x_wconf 68' lang='lat' dir='ltr'><strong><em>lardere</em></strong></span> <span class='ocrx_word' id='word_1_237' title='bbox 721 1714 1016 1768; x_wconf 88' lang='lat' dir='ltr'><strong><em>voluissent</em></strong></span> <span class='ocrx_word' id='word_1_238' title='bbox 1043 1713 1242 1782; x_wconf 90' lang='lat' dir='ltr'><strong><em>aliquid</em></strong></span> <span class='ocrx_word' id='word_1_239' title='bbox 1274 1714 1603 1782; x_wconf 92' lang='lat' dir='ltr'><strong><em>impetraret.</em></strong></span> <span class='ocrx_word' id='word_1_240' title='bbox 1634 1714 1768 1770; x_wconf 90' lang='lat' dir='ltr'><strong><em>Item</em></strong></span> <span class='ocrx_word' id='word_1_241' title='bbox 1793 1755 1809 1781; x_wconf 94' lang='lat'><strong><em>,</em></strong></span> <span class='ocrx_word' id='word_1_242' title='bbox 1837 1730 1956 1784; x_wconf 91' lang='lat' dir='ltr'><strong><em>cap.</em></strong></span> <span class='ocrx_word' id='word_1_243' title='bbox 1984 1697 2154 1783; x_wconf 62' lang='lat'><strong><em>59,3</em></strong></span> <span class='ocrx_word' id='word_1_244' title='bbox 2179 1733 2299 1788; x_wconf 72' lang='lat' dir='ltr'><strong><em>qua:</em></strong></span> <span class='ocrx_word' id='word_1_245' title='bbox 2339 1732 2577 1788; x_wconf 66' lang='lat' dir='ltr'><strong><em>praesens</em></strong></span> <span class='ocrx_word' id='word_1_246' title='bbox 2617 1733 2739 1772; x_wconf 92' lang='lat' dir='ltr'><strong><em>cum</em></strong></span> <span class='ocrx_word' id='word_1_247' title='bbox 2771 1717 2880 1773; x_wconf 88' lang='lat' dir='ltr'><strong><em>illis</em></strong></span> <span class='ocrx_word' id='word_1_248' title='bbox 2908 1719 3210 1784; x_wconf 88' lang='lat' dir='ltr'><strong><em>conferret,</em></strong></span> <span class='ocrx_word' id='word_1_249' title='bbox 3243 1733 3345 1775; x_wconf 89' lang='lat' dir='ltr'><strong><em>nec</em></strong></span> <span class='ocrx_word' id='word_1_250' title='bbox 3372 1727 3484 1774; x_wconf 92' lang='lat' dir='ltr'><strong><em>tum</em></strong></span> <span class='ocrx_word' id='word_1_251' title='bbox 3515 1718 3760 1789; x_wconf 61' lang='lat' dir='ltr'><strong><em>epistolas</em></strong></span> 
     </span>
    </p>
   </div>
   <div class='ocr_carea' id='block_1_32' title="bbox 492 1806 2075 1878">
    <p class='ocr_par' dir='ltr' id='par_1_32' title="bbox 492 1806 2075 1878">
     <span class='ocr_line' id='line_1_32' title="bbox 492 1806 2075 1878; baseline 0.001 -15"><span class='ocrx_word' id='word_1_252' title='bbox 492 1808 685 1878; x_wconf 83' lang='lat' dir='ltr'><strong><em>legitur</em></strong></span> <span class='ocrx_word' id='word_1_253' title='bbox 723 1806 990 1876; x_wconf 91' lang='lat' dir='ltr'><strong><em>quoddam</em></strong></span> <span class='ocrx_word' id='word_1_254' title='bbox 1029 1807 1349 1876; x_wconf 90' lang='lat' dir='ltr'><strong><em>rescriptum</em></strong></span> <span class='ocrx_word' id='word_1_255' title='bbox 1381 1809 1755 1878; x_wconf 90' lang='lat' dir='ltr'><strong><em>episcoporum</em></strong></span> <span class='ocrx_word' id='word_1_256' title='bbox 1798 1810 1862 1864; x_wconf 91' lang='lat' dir='ltr'><strong><em>ad</em></strong></span> <span class='ocrx_word' id='word_1_257' title='bbox 1897 1811 2075 1866; x_wconf 80' lang='lat' dir='ltr'><strong><em>Rade-</em></strong></span> 
     </span>
    </p>
   </div>
   <div class='ocr_carea' id='block_1_33' title="bbox 492 1898 2072 1970">
    <p class='ocr_par' dir='ltr' id='par_1_33' title="bbox 492 1898 2072 1970">
     <span class='ocr_line' id='line_1_33' title="bbox 492 1898 2072 1970; baseline 0.003 -18"><span class='ocrx_word' id='word_1_258' title='bbox 492 1899 745 1970; x_wconf 87' lang='lat' dir='ltr'><strong><em>guudem,</em></strong></span> <span class='ocrx_word' id='word_1_259' title='bbox 769 1898 823 1953; x_wconf 90' lang='lat' dir='ltr'><strong><em>in</em></strong></span> <span class='ocrx_word' id='word_1_260' title='bbox 854 1913 960 1968; x_wconf 92' lang='lat' dir='ltr'><strong><em>quo</em></strong></span> <span class='ocrx_word' id='word_1_261' title='bbox 979 1899 1235 1954; x_wconf 85' lang='lat' dir='ltr'><strong><em>moniales</em></strong></span> <span class='ocrx_word' id='word_1_262' title='bbox 1266 1899 1370 1954; x_wconf 68' lang='lat' dir='ltr'><strong><em>illae</em></strong></span> <span class='ocrx_word' id='word_1_263' title='bbox 1401 1899 1668 1954; x_wconf 90' lang='lat' dir='ltr'><strong><em>feriuntur</em></strong></span> <span class='ocrx_word' id='word_1_264' title='bbox 1697 1900 2072 1968; x_wconf 85' lang='lat' dir='ltr'><strong><em>anathemate,</em></strong></span> 
     </span>
    </p>
   </div>
   <div class='ocr_carea' id='block_1_34' title="bbox 492 1994 2073 2064">
    <p class='ocr_par' dir='ltr' id='par_1_34' title="bbox 492 1994 2073 2064">
     <span class='ocr_line' id='line_1_34' title="bbox 492 1994 2073 2064; baseline 0 -15"><span class='ocrx_word' id='word_1_265' title='bbox 492 2009 610 2064; x_wconf 61' lang='lat' dir='ltr'><strong><em>quae</em></strong></span> <span class='ocrx_word' id='word_1_266' title='bbox 637 2010 867 2063; x_wconf 90' lang='lat' dir='ltr'><strong><em>unquam</em></strong></span> <span class='ocrx_word' id='word_1_267' title='bbox 897 2009 929 2049; x_wconf 87' lang='lat' dir='ltr'><strong><em>e</em></strong></span> <span class='ocrx_word' id='word_1_268' title='bbox 957 1994 1280 2050; x_wconf 91' lang='lat' dir='ltr'><strong><em>monasterio</em></strong></span> <span class='ocrx_word' id='word_1_269' title='bbox 1311 1994 1493 2063; x_wconf 87' lang='lat' dir='ltr'><strong><em>egredi</em></strong></span> <span class='ocrx_word' id='word_1_270' title='bbox 1523 2003 1613 2049; x_wconf 90' lang='lat' dir='ltr'><strong><em>aut</em></strong></span> <span class='ocrx_word' id='word_1_271' title='bbox 1641 1995 1847 2050; x_wconf 89' lang='lat' dir='ltr'><strong><em>nubere</em></strong></span> <span class='ocrx_word' id='word_1_272' title='bbox 1871 1994 2073 2050; x_wconf 87' lang='lat' dir='ltr'><strong><em>voluis-</em></strong></span> 
     </span>
    </p>
   </div>
   <div class='ocr_carea' id='block_1_35' title="bbox 491 2085 2072 2156">
    <p class='ocr_par' dir='ltr' id='par_1_35' title="bbox 491 2085 2072 2156">
     <span class='ocr_line' id='line_1_35' title="bbox 491 2085 2072 2156; baseline 0.001 -17"><span class='ocrx_word' id='word_1_273' title='bbox 491 2095 630 2140; x_wconf 90' lang='lat' dir='ltr'><strong><em>sent.</em></strong></span> <span class='ocrx_word' id='word_1_274' title='bbox 666 2085 787 2138; x_wconf 71' lang='lat' dir='ltr'><strong><em>Haac</em></strong></span> <span class='ocrx_word' id='word_1_275' title='bbox 817 2085 991 2154; x_wconf 87' lang='lat' dir='ltr'><strong><em>itaque</em></strong></span> <span class='ocrx_word' id='word_1_276' title='bbox 1012 2127 1027 2152; x_wconf 89' lang='lat'><strong><em>,</em></strong></span> <span class='ocrx_word' id='word_1_277' title='bbox 1061 2095 1112 2140; x_wconf 88' lang='lat' dir='ltr'><strong><em>et</em></strong></span> <span class='ocrx_word' id='word_1_278' title='bbox 1157 2085 1209 2139; x_wconf 90' lang='lat' dir='ltr'><strong><em>id</em></strong></span> <span class='ocrx_word' id='word_1_279' title='bbox 1253 2100 1423 2155; x_wconf 89' lang='lat' dir='ltr'><strong><em>genus</em></strong></span> <span class='ocrx_word' id='word_1_280' title='bbox 1454 2086 1555 2140; x_wconf 90' lang='lat' dir='ltr'><strong><em>alia</em></strong></span> <span class='ocrx_word' id='word_1_281' title='bbox 1577 2127 1592 2153; x_wconf 90' lang='lat'><strong><em>,</em></strong></span> <span class='ocrx_word' id='word_1_282' title='bbox 1625 2101 1770 2156; x_wconf 61' lang='lat' dir='ltr'><strong><em>saepe</em></strong></span> <span class='ocrx_word' id='word_1_283' title='bbox 1799 2101 1920 2140; x_wconf 92' lang='lat' dir='ltr'><strong><em>cum</em></strong></span> <span class='ocrx_word' id='word_1_284' title='bbox 1952 2087 2072 2155; x_wconf 83' lang='lat' dir='ltr'><strong><em>epi-</em></strong></span> 
     </span>
    </p>
   </div>
   <div class='ocr_carea' id='block_1_36' title="bbox 489 2174 2072 2245">
    <p class='ocr_par' dir='ltr' id='par_1_36' title="bbox 489 2174 2072 2245">
     <span class='ocr_line' id='line_1_36' title="bbox 489 2174 2072 2245; baseline -0.001 -16"><span class='ocrx_word' id='word_1_285' title='bbox 489 2174 696 2243; x_wconf 88' lang='lat' dir='ltr'><strong><em>sc0pis,</em></strong></span> <span class='ocrx_word' id='word_1_286' title='bbox 727 2184 816 2227; x_wconf 91' lang='lat' dir='ltr'><strong><em>aut</em></strong></span> <span class='ocrx_word' id='word_1_287' title='bbox 846 2174 1093 2244; x_wconf 86' lang='lat' dir='ltr'><strong><em>regibus,</em></strong></span> <span class='ocrx_word' id='word_1_288' title='bbox 1123 2183 1179 2229; x_wconf 90' lang='lat' dir='ltr'><strong><em>et</em></strong></span> <span class='ocrx_word' id='word_1_289' title='bbox 1207 2175 1326 2228; x_wconf 88' lang='lat' dir='ltr'><strong><em>aliis</em></strong></span> <span class='ocrx_word' id='word_1_290' title='bbox 1359 2175 1689 2245; x_wconf 89' lang='lat' dir='ltr'><strong><em>principibus</em></strong></span> <span class='ocrx_word' id='word_1_291' title='bbox 1721 2175 1882 2242; x_wconf 87' lang='lat' dir='ltr'><strong><em>viris,</em></strong></span> <span class='ocrx_word' id='word_1_292' title='bbox 1919 2189 2072 2230; x_wconf 92' lang='lat' dir='ltr'><strong><em>com-</em></strong></span> 
     </span>
    </p>
   </div>
   <div class='ocr_carea' id='block_1_37' title="bbox 488 2256 2071 2337">
    <p class='ocr_par' dir='ltr' id='par_1_37' title="bbox 488 2256 2071 2337">
     <span class='ocr_line' id='line_1_37' title="bbox 488 2256 2071 2337; baseline 0.001 -15"><span class='ocrx_word' id='word_1_293' title='bbox 488 2265 805 2322; x_wconf 87' lang='lat' dir='ltr'><strong><em>municanda</em></strong></span> <span class='ocrx_word' id='word_1_294' title='bbox 830 2311 845 2335; x_wconf 93' lang='lat'><strong><em>,</em></strong></span> <span class='ocrx_word' id='word_1_295' title='bbox 876 2276 930 2321; x_wconf 90' lang='lat' dir='ltr'><strong><em>et</em></strong></span> <span class='ocrx_word' id='word_1_296' title='bbox 958 2281 1053 2334; x_wconf 88' lang='lat' dir='ltr'><strong><em>per</em></strong></span> <span class='ocrx_word' id='word_1_297' title='bbox 1083 2267 1228 2336; x_wconf 91' lang='lat' dir='ltr'><strong><em>ipsos</em></strong></span> <span class='ocrx_word' id='word_1_298' title='bbox 1259 2267 1524 2321; x_wconf 90' lang='lat' dir='ltr'><strong><em>interdum</em></strong></span> <span class='ocrx_word' id='word_1_299' title='bbox 1565 2256 1903 2337; x_wconf 82' lang='lat' dir='ltr'><strong><em>transigenda</em></strong></span> <span class='ocrx_word' id='word_1_300' title='bbox 1925 2310 1939 2333; x_wconf 92' lang='lat'><strong><em>,</em></strong></span> <span class='ocrx_word' id='word_1_301' title='bbox 1971 2267 2071 2323; x_wconf 84' lang='lat' dir='ltr'><strong><em>ali-</em></strong></span> 
     </span>
    </p>
   </div>
   <div class='ocr_carea' id='block_1_38' title="bbox 487 2359 2070 2430">
    <p class='ocr_par' dir='ltr' id='par_1_38' title="bbox 487 2359 2070 2430">
     <span class='ocr_line' id='line_1_38' title="bbox 487 2359 2070 2430; baseline 0.002 -19"><span class='ocrx_word' id='word_1_302' title='bbox 487 2373 668 2428; x_wconf 89' lang='lat' dir='ltr'><strong><em>quem,</em></strong></span> <span class='ocrx_word' id='word_1_303' title='bbox 694 2367 1038 2427; x_wconf 59' lang='lat' dir='ltr'><strong><em>praestantem</em></strong></span> <span class='ocrx_word' id='word_1_304' title='bbox 1073 2359 1301 2413; x_wconf 92' lang='lat' dir='ltr'><strong><em>consilio</em></strong></span> <span class='ocrx_word' id='word_1_305' title='bbox 1331 2359 1659 2430; x_wconf 89' lang='lat' dir='ltr'><strong><em>solertiaque</em></strong></span> <span class='ocrx_word' id='word_1_306' title='bbox 1687 2359 1861 2413; x_wconf 91' lang='lat' dir='ltr'><strong><em>virum</em></strong></span> <span class='ocrx_word' id='word_1_307' title='bbox 1891 2359 2070 2430; x_wconf 85' lang='lat' dir='ltr'><strong><em>requi-</em></strong></span> 
     </span>
    </p>
   </div>
   <div class='ocr_carea' id='block_1_39' title="bbox 484 2453 1715 2522">
    <p class='ocr_par' dir='ltr' id='par_1_39' title="bbox 484 2453 1715 2522">
     <span class='ocr_line' id='line_1_39' title="bbox 484 2453 1715 2522; baseline -0.001 -14"><span class='ocrx_word' id='word_1_308' title='bbox 484 2453 694 2518; x_wconf 87' lang='lat' dir='ltr'><strong><em>rebant,</em></strong></span> <span class='ocrx_word' id='word_1_309' title='bbox 720 2453 807 2522; x_wconf 91' lang='lat' dir='ltr'><strong><em>qui</em></strong></span> <span class='ocrx_word' id='word_1_310' title='bbox 839 2453 1023 2506; x_wconf 85' lang='lat' dir='ltr'><strong><em>eadem</em></strong></span> <span class='ocrx_word' id='word_1_311' title='bbox 1055 2461 1264 2521; x_wconf 87' lang='lat' dir='ltr'><strong><em>gereret</em></strong></span> <span class='ocrx_word' id='word_1_312' title='bbox 1289 2467 1353 2506; x_wconf 89' lang='lat' dir='ltr'><strong><em>ac</em></strong></span> <span class='ocrx_word' id='word_1_313' title='bbox 1385 2460 1715 2522; x_wconf 88' lang='lat' dir='ltr'><strong><em>procuraret.</em></strong></span> 
     </span>
    </p>
   </div>
   <div class='ocr_carea' id='block_1_40' title="bbox 560 2544 2067 2616">
    <p class='ocr_par' dir='ltr' id='par_1_40' title="bbox 560 2544 2067 2616">
     <span class='ocr_line' id='line_1_40' title="bbox 560 2544 2067 2616; baseline 0.003 -20"><span class='ocrx_word' id='word_1_314' title='bbox 560 2544 650 2598; x_wconf 81' lang='lat' dir='ltr'><strong><em>6f.</em></strong></span> <span class='ocrx_word' id='word_1_315' title='bbox 692 2545 824 2611; x_wconf 62' lang='lat' dir='ltr'><strong><em>Quae</em></strong></span> <span class='ocrx_word' id='word_1_316' title='bbox 861 2559 984 2599; x_wconf 92' lang='lat' dir='ltr'><strong><em>cum</em></strong></span> <span class='ocrx_word' id='word_1_317' title='bbox 1025 2546 1098 2599; x_wconf 91' lang='lat' dir='ltr'><strong><em>ita</em></strong></span> <span class='ocrx_word' id='word_1_318' title='bbox 1127 2545 1274 2610; x_wconf 90' lang='lat' dir='ltr'><strong><em>sint,</em></strong></span> <span class='ocrx_word' id='word_1_319' title='bbox 1317 2544 1444 2598; x_wconf 88' lang='lat' dir='ltr'><strong><em>illud</em></strong></span> <span class='ocrx_word' id='word_1_320' title='bbox 1485 2545 1615 2600; x_wconf 89' lang='lat' dir='ltr'><strong><em>mihi</em></strong></span> <span class='ocrx_word' id='word_1_321' title='bbox 1663 2547 1848 2600; x_wconf 87' lang='lat' dir='ltr'><strong><em>videor</em></strong></span> <span class='ocrx_word' id='word_1_322' title='bbox 1895 2559 2067 2616; x_wconf 78' lang='lat' dir='ltr'><strong><em>primo</em></strong></span> 
     </span>
    </p>
   </div>
   <div class='ocr_carea' id='block_1_41' title="bbox 485 2636 2066 2707">
    <p class='ocr_par' dir='ltr' id='par_1_41' title="bbox 485 2636 2066 2707">
     <span class='ocr_line' id='line_1_41' title="bbox 485 2636 2066 2707; baseline -0.001 -15"><span class='ocrx_word' id='word_1_323' title='bbox 485 2638 756 2692; x_wconf 88' lang='lat' dir='ltr'><strong><em>afﬁrmare</em></strong></span> <span class='ocrx_word' id='word_1_324' title='bbox 808 2651 972 2707; x_wconf 87' lang='lat' dir='ltr'><strong><em>posse</em></strong></span> <span class='ocrx_word' id='word_1_325' title='bbox 1041 2636 1418 2706; x_wconf 77' lang='lat' dir='ltr'><strong><em>Iladegundem</em></strong></span> <span class='ocrx_word' id='word_1_326' title='bbox 1468 2646 1522 2692; x_wconf 94' lang='lat' dir='ltr'><strong><em>et</em></strong></span> <span class='ocrx_word' id='word_1_327' title='bbox 1573 2640 1831 2707; x_wconf 80' lang='lat' dir='ltr'><strong><em>Agnelem</em></strong></span> <span class='ocrx_word' id='word_1_328' title='bbox 1904 2637 2066 2692; x_wconf 90' lang='lat' dir='ltr'><strong><em>totius</em></strong></span> 
     </span>
    </p>
   </div>
   <div class='ocr_carea' id='block_1_42' title="bbox 487 2728 2065 2800">
    <p class='ocr_par' dir='ltr' id='par_1_42' title="bbox 487 2728 2065 2800">
     <span class='ocr_line' id='line_1_42' title="bbox 487 2728 2065 2800; baseline -0.001 -15"><span class='ocrx_word' id='word_1_329' title='bbox 487 2732 611 2786; x_wconf 84' lang='lat' dir='ltr'><strong><em>vitae</em></strong></span> <span class='ocrx_word' id='word_1_330' title='bbox 641 2730 1033 2786; x_wconf 87' lang='lat' dir='ltr'><strong><em>moderatorem</em></strong></span> <span class='ocrx_word' id='word_1_331' title='bbox 1068 2745 1129 2784; x_wconf 88' lang='lat' dir='ltr'><strong><em>ac</em></strong></span> <span class='ocrx_word' id='word_1_332' title='bbox 1160 2739 1545 2800; x_wconf 78' lang='lat' dir='ltr'><strong><em>praeceptorem</em></strong></span> <span class='ocrx_word' id='word_1_333' title='bbox 1578 2730 1929 2787; x_wconf 89' lang='lat' dir='ltr'><strong><em>Fortunatum</em></strong></span> <span class='ocrx_word' id='word_1_334' title='bbox 1969 2728 2065 2785; x_wconf 88' lang='lat' dir='ltr'><strong><em>ha-</em></strong></span> 
     </span>
    </p>
   </div>
   <div class='ocr_carea' id='block_1_43' title="bbox 483 2823 2063 2895">
    <p class='ocr_par' dir='ltr' id='par_1_43' title="bbox 483 2823 2063 2895">
     <span class='ocr_line' id='line_1_43' title="bbox 483 2823 2063 2895; baseline -0.001 -14"><span class='ocrx_word' id='word_1_335' title='bbox 483 2826 703 2893; x_wconf 88' lang='lat' dir='ltr'><strong><em>buisse,</em></strong></span> <span class='ocrx_word' id='word_1_336' title='bbox 741 2826 891 2894; x_wconf 87' lang='lat' dir='ltr'><strong><em>cujus</em></strong></span> <span class='ocrx_word' id='word_1_337' title='bbox 924 2823 1129 2895; x_wconf 87' lang='lat' dir='ltr'><strong><em>judicio</em></strong></span> <span class='ocrx_word' id='word_1_338' title='bbox 1169 2834 1328 2894; x_wconf 89' lang='lat' dir='ltr'><strong><em>atque</em></strong></span> <span class='ocrx_word' id='word_1_339' title='bbox 1371 2825 1598 2879; x_wconf 90' lang='lat' dir='ltr'><strong><em>consilio</em></strong></span> <span class='ocrx_word' id='word_1_340' title='bbox 1638 2841 1758 2880; x_wconf 91' lang='lat' dir='ltr'><strong><em>cum</em></strong></span> <span class='ocrx_word' id='word_1_341' title='bbox 1801 2825 1854 2880; x_wconf 91' lang='lat' dir='ltr'><strong><em>in</em></strong></span> <span class='ocrx_word' id='word_1_342' title='bbox 1901 2825 2063 2880; x_wconf 84' lang='lat' dir='ltr'><strong><em>rebus</em></strong></span> 
     </span>
    </p>
   </div>
   <div class='ocr_carea' id='block_1_44' title="bbox 481 2909 2062 2987">
    <p class='ocr_par' dir='ltr' id='par_1_44' title="bbox 481 2909 2062 2987">
     <span class='ocr_line' id='line_1_44' title="bbox 481 2909 2062 2987; baseline 0 -16"><span class='ocrx_word' id='word_1_343' title='bbox 481 2917 592 2972; x_wconf 84' lang='lat' dir='ltr'><strong><em>suis</em></strong></span> <span class='ocrx_word' id='word_1_344' title='bbox 630 2917 852 2987; x_wconf 85' lang='lat' dir='ltr'><strong><em>privatis</em></strong></span> <span class='ocrx_word' id='word_1_345' title='bbox 892 2915 1190 2986; x_wconf 88' lang='lat' dir='ltr'><strong><em>dirigendis</em></strong></span> <span class='ocrx_word' id='word_1_346' title='bbox 1215 2957 1228 2978; x_wconf 91' lang='lat'><strong><em>,</em></strong></span> <span class='ocrx_word' id='word_1_347' title='bbox 1275 2925 1384 2969; x_wconf 89' lang='lat' dir='ltr'><strong><em>tum</em></strong></span> <span class='ocrx_word' id='word_1_348' title='bbox 1428 2909 1739 2972; x_wconf 79' lang='lat' dir='ltr'><strong><em>monasterii</em></strong></span> <span class='ocrx_word' id='word_1_349' title='bbox 1783 2917 1945 2972; x_wconf 84' lang='lat' dir='ltr'><strong><em>totius</em></strong></span> <span class='ocrx_word' id='word_1_350' title='bbox 1983 2917 2062 2971; x_wconf 82' lang='lat' dir='ltr'><strong><em>di-</em></strong></span> 
     </span>
    </p>
   </div>
   <div class='ocr_carea' id='block_1_45' title="bbox 484 3011 2061 3080">
    <p class='ocr_par' dir='ltr' id='par_1_45' title="bbox 484 3011 2061 3080">
     <span class='ocr_line' id='line_1_45' title="bbox 484 3011 2061 3080; baseline -0.002 -13"><span class='ocrx_word' id='word_1_351' title='bbox 484 3011 707 3080; x_wconf 79' lang='lat' dir='ltr'><strong><em>sciplina</em></strong></span> <span class='ocrx_word' id='word_1_352' title='bbox 738 3012 1084 3080; x_wconf 88' lang='lat' dir='ltr'><strong><em>temperanda</em></strong></span> <span class='ocrx_word' id='word_1_353' title='bbox 1117 3020 1418 3065; x_wconf 88' lang='lat' dir='ltr'><strong><em>uterentur.</em></strong></span> <span class='ocrx_word' id='word_1_354' title='bbox 1450 3011 1602 3076; x_wconf 88' lang='lat' dir='ltr'><strong><em>Quod</em></strong></span> <span class='ocrx_word' id='word_1_355' title='bbox 1635 3026 1767 3066; x_wconf 89' lang='lat' dir='ltr'><strong><em>sane</em></strong></span> <span class='ocrx_word' id='word_1_356' title='bbox 1806 3021 1861 3065; x_wconf 90' lang='lat' dir='ltr'><strong><em>et</em></strong></span> <span class='ocrx_word' id='word_1_357' title='bbox 1900 3018 2061 3065; x_wconf 78' lang='lat' dir='ltr'><strong><em>tanta:</em></strong></span> 
     </span>
    </p>
   </div>
   <div class='ocr_carea' id='block_1_46' title="bbox 2176 1809 2920 1875">
    <p class='ocr_par' dir='ltr' id='par_1_46' title="bbox 2176 1809 2920 1875">
     <span class='ocr_line' id='line_1_46' title="bbox 2176 1809 2920 1875; baseline 0.001 -12"><span class='ocrx_word' id='word_1_358' title='bbox 2176 1809 2573 1875; x_wconf 88' lang='lat' dir='ltr'><strong><em>committeret,</em></strong></span> <span class='ocrx_word' id='word_1_359' title='bbox 2607 1809 2672 1863; x_wconf 90' lang='lat' dir='ltr'><strong><em>iis</em></strong></span> <span class='ocrx_word' id='word_1_360' title='bbox 2698 1810 2877 1865; x_wconf 89' lang='lat' dir='ltr'><strong><em>verbis</em></strong></span> <span class='ocrx_word' id='word_1_361' title='bbox 2907 1829 2920 1864; x_wconf 88' lang='lat'><strong>:</strong></span> 
     </span>
    </p>
   </div>
   <div class='ocr_carea' id='block_1_47' title="bbox 2268 1899 3426 1964">
    <p class='ocr_par' dir='ltr' id='par_1_47' title="bbox 2268 1899 3426 1964">
     <span class='ocr_line' id='line_1_47' title="bbox 2268 1899 3426 1964; baseline 0.001 -15"><span class='ocrx_word' id='word_1_362' title='bbox 2268 1899 2383 1950; x_wconf 85' lang='lat' dir='ltr'><strong><em>Post</em></strong></span> <span class='ocrx_word' id='word_1_363' title='bbox 2398 1899 2660 1951; x_wconf 84' lang='lat' dir='ltr'><strong><em>referenda</em></strong></span> <span class='ocrx_word' id='word_1_364' title='bbox 2680 1901 2824 1952; x_wconf 87' lang='lat' dir='ltr'><strong><em>simul</em></strong></span> <span class='ocrx_word' id='word_1_365' title='bbox 2849 1904 3095 1950; x_wconf 85' lang='lat' dir='ltr'><strong><em>murmura</em></strong></span> <span class='ocrx_word' id='word_1_366' title='bbox 3119 1901 3268 1951; x_wconf 88' lang='lat' dir='ltr'><strong><em>corde</em></strong></span> <span class='ocrx_word' id='word_1_367' title='bbox 3292 1907 3426 1964; x_wconf 82' lang='lat' dir='ltr'><strong><em>tego.</em></strong></span> 
     </span>
    </p>
   </div>
   <div class='ocr_carea' id='block_1_48' title="bbox 2251 1983 3758 2055">
    <p class='ocr_par' dir='ltr' id='par_1_48' title="bbox 2251 1983 3758 2055">
     <span class='ocr_line' id='line_1_48' title="bbox 2251 1983 3758 2055; baseline 0.002 -17"><span class='ocrx_word' id='word_1_368' title='bbox 2251 1983 2382 2038; x_wconf 92' lang='lat' dir='ltr'><strong><em>Item</em></strong></span> <span class='ocrx_word' id='word_1_369' title='bbox 2414 1984 2506 2039; x_wconf 92' lang='lat' dir='ltr'><strong><em>lib.</em></strong></span> <span class='ocrx_word' id='word_1_370' title='bbox 2537 1999 2606 2050; x_wconf 79' lang='lat' dir='ltr'><strong><em>Vl,</em></strong></span> <span class='ocrx_word' id='word_1_371' title='bbox 2637 2000 2757 2055; x_wconf 90' lang='lat' dir='ltr'><strong><em>cap.</em></strong></span> <span class='ocrx_word' id='word_1_372' title='bbox 2791 1985 2877 2049; x_wconf 76' lang='lat' dir='ltr'><strong><em>t0,</em></strong></span> <span class='ocrx_word' id='word_1_373' title='bbox 2907 1999 3029 2039; x_wconf 92' lang='lat' dir='ltr'><strong><em>cum</em></strong></span> <span class='ocrx_word' id='word_1_374' title='bbox 3053 1984 3234 2039; x_wconf 79' lang='lat' dir='ltr'><strong><em>Mettin</em></strong></span> <span class='ocrx_word' id='word_1_375' title='bbox 3265 1985 3604 2052; x_wconf 88' lang='lat' dir='ltr'><strong><em>accessisset,</em></strong></span> <span class='ocrx_word' id='word_1_376' title='bbox 3636 2001 3758 2041; x_wconf 85' lang='lat' dir='ltr'><strong><em>nar-</em></strong></span> 
     </span>
    </p>
   </div>
   <div class='ocr_carea' id='block_1_49' title="bbox 2174 2075 3755 2146">
    <p class='ocr_par' dir='ltr' id='par_1_49' title="bbox 2174 2075 3755 2146">
     <span class='ocr_line' id='line_1_49' title="bbox 2174 2075 3755 2146; baseline 0.003 -18"><span class='ocrx_word' id='word_1_377' title='bbox 2174 2083 2259 2128; x_wconf 87' lang='lat' dir='ltr'><strong><em>rat</em></strong></span> <span class='ocrx_word' id='word_1_378' title='bbox 2300 2075 2513 2130; x_wconf 87' lang='lat' dir='ltr'><strong><em>lintrem</em></strong></span> <span class='ocrx_word' id='word_1_379' title='bbox 2545 2091 2652 2144; x_wconf 91' lang='lat' dir='ltr'><strong><em>quo</em></strong></span> <span class='ocrx_word' id='word_1_380' title='bbox 2679 2075 2974 2130; x_wconf 77' lang='lat' dir='ltr'><strong><em>vehebatur</em></strong></span> <span class='ocrx_word' id='word_1_381' title='bbox 2997 2090 3025 2128; x_wconf 89' lang='lat' dir='ltr'><strong><em>a</em></strong></span> <span class='ocrx_word' id='word_1_382' title='bbox 3083 2077 3230 2146; x_wconf 88' lang='lat' dir='ltr'><strong><em>regio</em></strong></span> <span class='ocrx_word' id='word_1_383' title='bbox 3257 2091 3430 2146; x_wconf 91' lang='lat' dir='ltr'><strong><em>coquo</em></strong></span> <span class='ocrx_word' id='word_1_384' title='bbox 3459 2077 3560 2132; x_wconf 89' lang='lat' dir='ltr'><strong><em>sibi</em></strong></span> <span class='ocrx_word' id='word_1_385' title='bbox 3590 2077 3755 2132; x_wconf 89' lang='lat' dir='ltr'><strong><em>fuisse</em></strong></span> 
     </span>
    </p>
   </div>
   <div class='ocr_carea' id='block_1_50' title="bbox 2173 2168 3756 2240">
    <p class='ocr_par' dir='ltr' id='par_1_50' title="bbox 2173 2168 3756 2240">
     <span class='ocr_line' id='line_1_50' title="bbox 2173 2168 3756 2240; baseline 0.003 -17"><span class='ocrx_word' id='word_1_386' title='bbox 2173 2168 2500 2236; x_wconf 89' lang='lat' dir='ltr'><strong><em>abductum;</em></strong></span> <span class='ocrx_word' id='word_1_387' title='bbox 2525 2186 2752 2240; x_wconf 90' lang='lat' dir='ltr'><strong><em>cumque</em></strong></span> <span class='ocrx_word' id='word_1_388' title='bbox 2779 2172 3011 2226; x_wconf 90' lang='lat' dir='ltr'><strong><em>venisset</em></strong></span> <span class='ocrx_word' id='word_1_389' title='bbox 3039 2170 3380 2237; x_wconf 83' lang='lat' dir='ltr'><strong><em>Nauciacum,</em></strong></span> <span class='ocrx_word' id='word_1_390' title='bbox 3412 2172 3496 2226; x_wconf 90' lang='lat' dir='ltr'><strong><em>vel</em></strong></span> <span class='ocrx_word' id='word_1_391' title='bbox 3520 2171 3756 2236; x_wconf 82' lang='lat' dir='ltr'><strong><em>Nasium,</em></strong></span> 
     </span>
    </p>
   </div>
   <div class='ocr_carea' id='block_1_51' title="bbox 2172 2261 3762 2333">
    <p class='ocr_par' dir='ltr' id='par_1_51' title="bbox 2172 2261 3762 2333">
     <span class='ocr_line' id='line_1_51' title="bbox 2172 2261 3762 2333; baseline 0.003 -19"><span class='ocrx_word' id='word_1_392' title='bbox 2172 2275 2202 2314; x_wconf 91' lang='lat' dir='ltr'><strong><em>a</em></strong></span> <span class='ocrx_word' id='word_1_393' title='bbox 2243 2261 2506 2332; x_wconf 84' lang='lat' dir='ltr'><strong><em>Sigiberto</em></strong></span> <span class='ocrx_word' id='word_1_394' title='bbox 2528 2278 2650 2333; x_wconf 87' lang='lat' dir='ltr'><strong><em>rege</em></strong></span> <span class='ocrx_word' id='word_1_395' title='bbox 2677 2263 3066 2332; x_wconf 88' lang='lat' dir='ltr'><strong><em>perliberaliter</em></strong></span> <span class='ocrx_word' id='word_1_396' title='bbox 3102 2274 3411 2333; x_wconf 79' lang='lat' dir='ltr'><strong><em>exceptum,</em></strong></span> <span class='ocrx_word' id='word_1_397' title='bbox 3441 2277 3649 2319; x_wconf 87' lang='lat' dir='ltr'><strong><em>necnon</em></strong></span> <span class='ocrx_word' id='word_1_398' title='bbox 3692 2265 3762 2318; x_wconf 88' lang='lat' dir='ltr'><strong><em>ab</em></strong></span> 
     </span>
    </p>
   </div>
   <div class='ocr_carea' id='block_1_52' title="bbox 2171 2352 3755 2425">
    <p class='ocr_par' dir='ltr' id='par_1_52' title="bbox 2171 2352 3755 2425">
     <span class='ocr_line' id='line_1_52' title="bbox 2171 2352 3755 2425; baseline 0.003 -18"><span class='ocrx_word' id='word_1_399' title='bbox 2171 2352 2287 2422; x_wconf 88' lang='lat' dir='ltr'><strong><em>ejus</em></strong></span> <span class='ocrx_word' id='word_1_400' title='bbox 2317 2354 2574 2408; x_wconf 91' lang='lat' dir='ltr'><strong><em>ministris</em></strong></span> <span class='ocrx_word' id='word_1_401' title='bbox 2604 2354 2804 2422; x_wconf 82' lang='lat' dir='ltr'><strong><em>Papulo</em></strong></span> <span class='ocrx_word' id='word_1_402' title='bbox 2853 2363 2907 2410; x_wconf 90' lang='lat' dir='ltr'><strong><em>et</em></strong></span> <span class='ocrx_word' id='word_1_403' title='bbox 2930 2353 3167 2425; x_wconf 85' lang='lat' dir='ltr'><strong><em>Gogoue,</em></strong></span> <span class='ocrx_word' id='word_1_404' title='bbox 3202 2371 3324 2410; x_wconf 92' lang='lat' dir='ltr'><strong><em>cum</em></strong></span> <span class='ocrx_word' id='word_1_405' title='bbox 3373 2356 3610 2421; x_wconf 89' lang='lat' dir='ltr'><strong><em>lintrem,</em></strong></span> <span class='ocrx_word' id='word_1_406' title='bbox 3643 2365 3755 2411; x_wconf 90' lang='lat' dir='ltr'><strong><em>tum</em></strong></span> 
     </span>
    </p>
   </div>
   <div class='ocr_carea' id='block_1_53' title="bbox 2172 2444 3760 2518">
    <p class='ocr_par' dir='ltr' id='par_1_53' title="bbox 2172 2444 3760 2518">
     <span class='ocr_line' id='line_1_53' title="bbox 2172 2444 3760 2518; baseline 0.003 -20"><span class='ocrx_word' id='word_1_407' title='bbox 2172 2453 2399 2499; x_wconf 67' lang='lat' dir='ltr'><strong><em>crateras</em></strong></span> <span class='ocrx_word' id='word_1_408' title='bbox 2424 2445 2606 2514; x_wconf 89' lang='lat' dir='ltr'><strong><em>copias</em></strong></span> <span class='ocrx_word' id='word_1_409' title='bbox 2632 2445 2699 2498; x_wconf 90' lang='lat' dir='ltr'><strong><em>ad</em></strong></span> <span class='ocrx_word' id='word_1_410' title='bbox 2729 2444 2831 2500; x_wconf 90' lang='lat' dir='ltr'><strong><em>iter</em></strong></span> <span class='ocrx_word' id='word_1_411' title='bbox 2856 2459 3011 2500; x_wconf 90' lang='lat' dir='ltr'><strong><em>suum</em></strong></span> <span class='ocrx_word' id='word_1_412' title='bbox 3046 2448 3480 2518; x_wconf 86' lang='lat' dir='ltr'><strong><em>prosequendum</em></strong></span> <span class='ocrx_word' id='word_1_413' title='bbox 3510 2463 3760 2504; x_wconf 81' lang='lat' dir='ltr'><strong><em>necessa-</em></strong></span> 
     </span>
    </p>
   </div>
   <div class='ocr_carea' id='block_1_54' title="bbox 2177 2533 3756 2608">
    <p class='ocr_par' dir='ltr' id='par_1_54' title="bbox 2177 2533 3756 2608">
     <span class='ocr_line' id='line_1_54' title="bbox 2177 2533 3756 2608; baseline 0.003 -18"><span class='ocrx_word' id='word_1_414' title='bbox 2177 2533 2311 2601; x_wconf 83' lang='lat' dir='ltr'><strong><em>rias,</em></strong></span> <span class='ocrx_word' id='word_1_415' title='bbox 2339 2533 2506 2588; x_wconf 80' lang='lat' dir='ltr'><strong><em>refert</em></strong></span> <span class='ocrx_word' id='word_1_416' title='bbox 2552 2549 2610 2589; x_wconf 88' lang='lat' dir='ltr'><strong><em>se</em></strong></span> <span class='ocrx_word' id='word_1_417' title='bbox 2639 2537 2931 2605; x_wconf 86' lang='lat' dir='ltr'><strong><em>accepisse.</em></strong></span> <span class='ocrx_word' id='word_1_418' title='bbox 2956 2535 3121 2600; x_wconf 87' lang='lat' dir='ltr'><strong><em>Idem,</em></strong></span> <span class='ocrx_word' id='word_1_419' title='bbox 3156 2537 3249 2592; x_wconf 93' lang='lat' dir='ltr'><strong><em>lib.</em></strong></span> <span class='ocrx_word' id='word_1_420' title='bbox 3283 2553 3339 2607; x_wconf 71' lang='grc' dir='ltr'><strong><em>ι,</em></strong></span> <span class='ocrx_word' id='word_1_421' title='bbox 3372 2553 3490 2608; x_wconf 89' lang='lat' dir='ltr'><strong><em>cap.</em></strong></span> <span class='ocrx_word' id='word_1_422' title='bbox 3523 2539 3608 2606; x_wconf 79' lang='grc'><strong><em>10,</em></strong></span> <span class='ocrx_word' id='word_1_423' title='bbox 3655 2540 3756 2595; x_wconf 89' lang='lat' dir='ltr'><strong><em>iter</em></strong></span> 
     </span>
    </p>
   </div>
   <div class='ocr_carea' id='block_1_55' title="bbox 2171 2617 3759 2697">
    <p class='ocr_par' dir='ltr' id='par_1_55' title="bbox 2171 2617 3759 2697">
     <span class='ocr_line' id='line_1_55' title="bbox 2171 2617 3759 2697; baseline 0.006 -15"><span class='ocrx_word' id='word_1_424' title='bbox 2171 2641 2325 2682; x_wconf 87' lang='lat' dir='ltr'><strong><em>suum</em></strong></span> <span class='ocrx_word' id='word_1_425' title='bbox 2345 2669 2360 2693; x_wconf 88' lang='lat'><strong><em>,</em></strong></span> <span class='ocrx_word' id='word_1_426' title='bbox 2385 2617 2526 2682; x_wconf 86' lang='lat' dir='ltr'><strong><em>aliud</em></strong></span> <span class='ocrx_word' id='word_1_427' title='bbox 2541 2629 2682 2697; x_wconf 91' lang='lat' dir='ltr'><strong><em>quod</em></strong></span> <span class='ocrx_word' id='word_1_428' title='bbox 2707 2629 2845 2683; x_wconf 89' lang='lat' dir='ltr'><strong><em>circa</em></strong></span> <span class='ocrx_word' id='word_1_429' title='bbox 2871 2629 3116 2686; x_wconf 80' lang='lat' dir='ltr'><strong><em>Rhenum</em></strong></span> <span class='ocrx_word' id='word_1_430' title='bbox 3143 2639 3197 2686; x_wconf 89' lang='lat' dir='ltr'><strong><em>et</em></strong></span> <span class='ocrx_word' id='word_1_431' title='bbox 3219 2633 3492 2687; x_wconf 82' lang='lat' dir='ltr'><strong><em>Mosellam</em></strong></span> <span class='ocrx_word' id='word_1_432' title='bbox 3515 2634 3759 2691; x_wconf 82' lang='lat' dir='ltr'><strong><em>confece-</em></strong></span> 
     </span>
    </p>
   </div>
   <div class='ocr_carea' id='block_1_56' title="bbox 2168 2719 3760 2793">
    <p class='ocr_par' dir='ltr' id='par_1_56' title="bbox 2168 2719 3760 2793">
     <span class='ocr_line' id='line_1_56' title="bbox 2168 2719 3760 2793; baseline 0.005 -19"><span class='ocrx_word' id='word_1_433' title='bbox 2168 2727 2275 2786; x_wconf 87' lang='lat' dir='ltr'><strong><em>rat,</em></strong></span> <span class='ocrx_word' id='word_1_434' title='bbox 2300 2719 2550 2774; x_wconf 83' lang='lat' dir='ltr'><strong><em>describit</em></strong></span> <span class='ocrx_word' id='word_1_435' title='bbox 2569 2735 2689 2774; x_wconf 91' lang='lat' dir='ltr'><strong><em>cum</em></strong></span> <span class='ocrx_word' id='word_1_436' title='bbox 2711 2720 2923 2790; x_wconf 90' lang='lat' dir='ltr'><strong><em>quidem</em></strong></span> <span class='ocrx_word' id='word_1_437' title='bbox 2948 2726 3108 2793; x_wconf 83' lang='lat' dir='ltr'><strong><em>regiae</em></strong></span> <span class='ocrx_word' id='word_1_438' title='bbox 3122 2722 3324 2792; x_wconf 89' lang='lat' dir='ltr'><strong><em>domui,</em></strong></span> <span class='ocrx_word' id='word_1_439' title='bbox 3348 2724 3400 2779; x_wconf 91' lang='lat' dir='ltr'><strong><em>id</em></strong></span> <span class='ocrx_word' id='word_1_440' title='bbox 3418 2735 3519 2792; x_wconf 89' lang='lat' dir='ltr'><strong><em>est,</em></strong></span> <span class='ocrx_word' id='word_1_441' title='bbox 3545 2726 3760 2782; x_wconf 86' lang='lat' dir='ltr'><strong><em>Childe-</em></strong></span> 
     </span>
    </p>
   </div>
   <div class='ocr_carea' id='block_1_57' title="bbox 2167 2806 3753 2882">
    <p class='ocr_par' dir='ltr' id='par_1_57' title="bbox 2167 2806 3753 2882">
     <span class='ocr_line' id='line_1_57' title="bbox 2167 2806 3753 2882; baseline 0.007 -20"><span class='ocrx_word' id='word_1_442' title='bbox 2167 2806 2324 2863; x_wconf 89' lang='lat' dir='ltr'><strong><em>berto</em></strong></span> <span class='ocrx_word' id='word_1_443' title='bbox 2352 2817 2404 2862; x_wconf 92' lang='lat' dir='ltr'><strong><em>et</em></strong></span> <span class='ocrx_word' id='word_1_444' title='bbox 2455 2809 2570 2879; x_wconf 91' lang='lat' dir='ltr'><strong><em>ejus</em></strong></span> <span class='ocrx_word' id='word_1_445' title='bbox 2601 2812 2756 2865; x_wconf 90' lang='lat' dir='ltr'><strong><em>matri</em></strong></span> <span class='ocrx_word' id='word_1_446' title='bbox 2799 2811 3126 2867; x_wconf 86' lang='lat' dir='ltr'><strong><em>Brunichildi</em></strong></span> <span class='ocrx_word' id='word_1_447' title='bbox 3157 2815 3345 2869; x_wconf 91' lang='lat' dir='ltr'><strong><em>obvius</em></strong></span> <span class='ocrx_word' id='word_1_448' title='bbox 3373 2818 3562 2882; x_wconf 91' lang='lat' dir='ltr'><strong><em>factus,</em></strong></span> <span class='ocrx_word' id='word_1_449' title='bbox 3591 2829 3646 2872; x_wconf 91' lang='lat' dir='ltr'><strong><em>et</em></strong></span> <span class='ocrx_word' id='word_1_450' title='bbox 3684 2819 3753 2873; x_wconf 90' lang='lat' dir='ltr'><strong><em>ab</em></strong></span> 
     </span>
    </p>
   </div>
   <div class='ocr_carea' id='block_1_58' title="bbox 2169 2899 3749 2974">
    <p class='ocr_par' dir='ltr' id='par_1_58' title="bbox 2169 2899 3749 2974">
     <span class='ocr_line' id='line_1_58' title="bbox 2169 2899 3749 2974; baseline 0.006 -20"><span class='ocrx_word' id='word_1_451' title='bbox 2169 2899 2300 2968; x_wconf 85' lang='lat' dir='ltr'><strong><em>ipsis</em></strong></span> <span class='ocrx_word' id='word_1_452' title='bbox 2350 2907 2611 2968; x_wconf 89' lang='lat' dir='ltr'><strong><em>retentus,</em></strong></span> <span class='ocrx_word' id='word_1_453' title='bbox 2665 2910 2719 2956; x_wconf 88' lang='lat' dir='ltr'><strong><em>et</em></strong></span> <span class='ocrx_word' id='word_1_454' title='bbox 2743 2912 2999 2972; x_wconf 66' lang='lat' dir='ltr'><strong><em>evceptus</em></strong></span> <span class='ocrx_word' id='word_1_455' title='bbox 3048 2904 3471 2974; x_wconf 87' lang='lat' dir='ltr'><strong><em>perhumaniter,</em></strong></span> <span class='ocrx_word' id='word_1_456' title='bbox 3534 2908 3749 2962; x_wconf 81' lang='lat' dir='ltr'><strong><em>eosdem</em></strong></span> 
     </span>
    </p>
   </div>
   <div class='ocr_carea' id='block_1_59' title="bbox 2168 2993 3750 3068">
    <p class='ocr_par' dir='ltr' id='par_1_59' title="bbox 2168 2993 3750 3068">
     <span class='ocr_line' id='line_1_59' title="bbox 2168 2993 3750 3068; baseline 0.006 -20"><span class='ocrx_word' id='word_1_457' title='bbox 2168 2993 2382 3061; x_wconf 89' lang='lat' dir='ltr'><strong><em>deinde,</em></strong></span> <span class='ocrx_word' id='word_1_458' title='bbox 2441 2995 2589 3065; x_wconf 90' lang='lat' dir='ltr'><strong><em>regia</em></strong></span> <span class='ocrx_word' id='word_1_459' title='bbox 2645 3010 2835 3066; x_wconf 90' lang='lat' dir='ltr'><strong><em>pompa</em></strong></span> <span class='ocrx_word' id='word_1_460' title='bbox 2889 3006 2943 3050; x_wconf 92' lang='lat' dir='ltr'><strong><em>et</em></strong></span> <span class='ocrx_word' id='word_1_461' title='bbox 2998 3006 3252 3066; x_wconf 85' lang='lat' dir='ltr'><strong><em>apparatu</em></strong></span> <span class='ocrx_word' id='word_1_462' title='bbox 3309 2999 3410 3052; x_wconf 90' lang='lat' dir='ltr'><strong><em>iter</em></strong></span> <span class='ocrx_word' id='word_1_463' title='bbox 3465 3001 3750 3068; x_wconf 87' lang='lat' dir='ltr'><strong><em>facientes,</em></strong></span> 
     </span>
    </p>
   </div>
   <div class='ocr_carea' id='block_1_60' title="bbox 483 3059 2059 3171">
    <p class='ocr_par' dir='ltr' id='par_1_60' title="bbox 483 3059 2059 3171">
     <span class='ocr_line' id='line_1_60' title="bbox 484 3059 2059 3080; baseline -0.001 -12"><span class='ocrx_word' id='word_1_464' title='bbox 484 3059 707 3080; x_wconf 35' lang='grc' dir='ltr'><strong><em>---τ----ὴ</em></strong></span> <span class='ocrx_word' id='word_1_465' title='bbox 742 3059 1084 3080; x_wconf 48' lang='grc' dir='ltr'><strong><em>---ηρ-ηρ</em></strong></span> <span class='ocrx_word' id='word_1_466' title='bbox 1122 3059 1417 3065; x_wconf 73' lang='lat'><strong><em>------_--_--</em></strong></span> <span class='ocrx_word' id='word_1_467' title='bbox 1459 3059 1602 3076; x_wconf 70' lang='lat'><strong><em>,.__-_</em></strong></span> <span class='ocrx_word' id='word_1_468' title='bbox 1635 3059 1766 3066; x_wconf 57' lang='grc' dir='ltr'><strong><em>η---</em></strong></span> <span class='ocrx_word' id='word_1_469' title='bbox 1811 3059 1861 3065; x_wconf 83' lang='grc'><strong><em>--</em></strong></span> <span class='ocrx_word' id='word_1_470' title='bbox 1903 3059 2059 3065; x_wconf 55' lang='grc' dir='ltr'><strong><em>πη---</em></strong></span> 
     </span>
     <span class='ocr_line' id='line_1_61' title="bbox 483 3101 2058 3171; baseline -0.003 -13"><span class='ocrx_word' id='word_1_471' title='bbox 483 3101 898 3165; x_wconf 86' lang='lat' dir='ltr'><strong><em>necessitudini,</em></strong></span> <span class='ocrx_word' id='word_1_472' title='bbox 929 3109 1182 3171; x_wconf 88' lang='lat' dir='ltr'><strong><em>quantam</em></strong></span> <span class='ocrx_word' id='word_1_473' title='bbox 1230 3101 1369 3156; x_wconf 89' lang='lat' dir='ltr'><strong><em>inter</em></strong></span> <span class='ocrx_word' id='word_1_474' title='bbox 1410 3101 1585 3170; x_wconf 91' lang='lat' dir='ltr'><strong><em>ipsum</em></strong></span> <span class='ocrx_word' id='word_1_475' title='bbox 1629 3111 1683 3156; x_wconf 91' lang='lat' dir='ltr'><strong><em>et</em></strong></span> <span class='ocrx_word' id='word_1_476' title='bbox 1727 3101 1848 3155; x_wconf 90' lang='lat' dir='ltr'><strong><em>illas</em></strong></span> <span class='ocrx_word' id='word_1_477' title='bbox 1895 3101 2058 3155; x_wconf 86' lang='lat' dir='ltr'><strong><em>inter-</em></strong></span> 
     </span>
    </p>
   </div>
   <div class='ocr_carea' id='block_1_61' title="bbox 2173 3059 3755 3171">
    <p class='ocr_par' dir='ltr' id='par_1_61' title="bbox 2173 3087 3755 3165">
     <span class='ocr_line' id='line_1_62' title="bbox 2173 3087 3755 3165; baseline 0.006 -24"><span class='ocrx_word' id='word_1_478' title='bbox 2173 3087 2357 3143; x_wconf 86' lang='lat' dir='ltr'><strong><em>fuisset</em></strong></span> <span class='ocrx_word' id='word_1_479' title='bbox 2411 3100 2744 3157; x_wconf 88' lang='lat' dir='ltr'><strong><em>prosecutus.</em></strong></span> <span class='ocrx_word' id='word_1_480' title='bbox 2819 3090 2968 3146; x_wconf 88' lang='lat' dir='ltr'><strong><em>Ilaud</em></strong></span> <span class='ocrx_word' id='word_1_481' title='bbox 3026 3091 3376 3148; x_wconf 88' lang='lat' dir='ltr'><strong><em>inverisimile</em></strong></span> <span class='ocrx_word' id='word_1_482' title='bbox 3432 3094 3613 3165; x_wconf 84' lang='lat' dir='ltr'><strong><em>itaque</em></strong></span> <span class='ocrx_word' id='word_1_483' title='bbox 3669 3106 3755 3152; x_wconf 90' lang='lat' dir='ltr'><strong><em>est</em></strong></span> 
     </span>
    </p>
   </div>
   <div class='ocr_carea' id='block_1_62' title="bbox 482 3193 2058 3261">
    <p class='ocr_par' dir='ltr' id='par_1_62' title="bbox 482 3193 2058 3261">
     <span class='ocr_line' id='line_1_63' title="bbox 482 3193 2058 3261; baseline -0.003 -9"><span class='ocrx_word' id='word_1_484' title='bbox 482 3195 649 3252; x_wconf 88' lang='lat' dir='ltr'><strong><em>fuisse</em></strong></span> <span class='ocrx_word' id='word_1_485' title='bbox 691 3196 1054 3260; x_wconf 89' lang='lat' dir='ltr'><strong><em>ostendimus,</em></strong></span> <span class='ocrx_word' id='word_1_486' title='bbox 1100 3205 1518 3249; x_wconf 89' lang='lat' dir='ltr'><strong><em>consentaneum</em></strong></span> <span class='ocrx_word' id='word_1_487' title='bbox 1566 3193 1801 3261; x_wconf 89' lang='lat' dir='ltr'><strong><em>videtur,</em></strong></span> <span class='ocrx_word' id='word_1_488' title='bbox 1840 3201 1894 3249; x_wconf 90' lang='lat' dir='ltr'><strong><em>et</em></strong></span> <span class='ocrx_word' id='word_1_489' title='bbox 1923 3193 2058 3248; x_wconf 80' lang='lat' dir='ltr'><strong><em>For-</em></strong></span> 
     </span>
    </p>
   </div>
   <div class='ocr_carea' id='block_1_63' title="bbox 485 3287 2059 3358">
    <p class='ocr_par' dir='ltr' id='par_1_63' title="bbox 485 3287 2059 3358">
     <span class='ocr_line' id='line_1_64' title="bbox 485 3287 2059 3358; baseline -0.002 -13"><span class='ocrx_word' id='word_1_490' title='bbox 485 3290 651 3345; x_wconf 90' lang='lat' dir='ltr'><strong><em>tunati</em></strong></span> <span class='ocrx_word' id='word_1_491' title='bbox 682 3287 963 3358; x_wconf 89' lang='lat' dir='ltr'><strong><em>religioni,</em></strong></span> <span class='ocrx_word' id='word_1_492' title='bbox 994 3287 1284 3354; x_wconf 86' lang='lat' dir='ltr'><strong><em>doctrinae,</em></strong></span> <span class='ocrx_word' id='word_1_493' title='bbox 1319 3287 1618 3356; x_wconf 68' lang='lat' dir='ltr'><strong><em>prudentiae</em></strong></span> <span class='ocrx_word' id='word_1_494' title='bbox 1647 3305 1660 3354; x_wconf 92' lang='lat'>;</span> <span class='ocrx_word' id='word_1_495' title='bbox 1693 3287 1852 3356; x_wconf 89' lang='lat' dir='ltr'><strong><em>idque</em></strong></span> <span class='ocrx_word' id='word_1_496' title='bbox 1883 3287 2059 3342; x_wconf 82' lang='lat' dir='ltr'><strong><em>Rade-</em></strong></span> 
     </span>
    </p>
   </div>
   <div class='ocr_carea' id='block_1_64' title="bbox 479 3379 2060 3458">
    <p class='ocr_par' dir='ltr' id='par_1_64' title="bbox 479 3379 2060 3458">
     <span class='ocr_line' id='line_1_65' title="bbox 479 3379 2060 3458; baseline -0.002 -17"><span class='ocrx_word' id='word_1_497' title='bbox 479 3385 675 3458; x_wconf 87' lang='lat' dir='ltr'><strong><em>gundis</em></strong></span> <span class='ocrx_word' id='word_1_498' title='bbox 703 3384 790 3438; x_wconf 89' lang='lat' dir='ltr'><strong><em>illa</em></strong></span> <span class='ocrx_word' id='word_1_499' title='bbox 821 3392 943 3439; x_wconf 88' lang='lat' dir='ltr'><strong><em>vota</em></strong></span> <span class='ocrx_word' id='word_1_500' title='bbox 971 3379 1135 3438; x_wconf 86' lang='lat' dir='ltr'><strong><em>fuisse</em></strong></span> <span class='ocrx_word' id='word_1_501' title='bbox 1162 3383 1317 3438; x_wconf 90' lang='lat' dir='ltr'><strong><em>facile</em></strong></span> <span class='ocrx_word' id='word_1_502' title='bbox 1344 3383 1569 3438; x_wconf 84' lang='lat' dir='ltr'><strong><em>dixerim</em></strong></span> <span class='ocrx_word' id='word_1_503' title='bbox 1588 3425 1605 3451; x_wconf 94' lang='lat'><strong><em>,</em></strong></span> <span class='ocrx_word' id='word_1_504' title='bbox 1632 3383 1821 3454; x_wconf 91' lang='lat' dir='ltr'><strong><em>quibus</em></strong></span> <span class='ocrx_word' id='word_1_505' title='bbox 1845 3383 2060 3439; x_wconf 75' lang='lat' dir='ltr'><strong><em>Venan-</em></strong></span> 
     </span>
    </p>
   </div>
   <div class='ocr_carea' id='block_1_65' title="bbox 481 3477 2056 3550">
    <p class='ocr_par' dir='ltr' id='par_1_65' title="bbox 481 3477 2056 3550">
     <span class='ocr_line' id='line_1_66' title="bbox 481 3477 2056 3550; baseline -0.004 -13"><span class='ocrx_word' id='word_1_506' title='bbox 481 3483 588 3537; x_wconf 88' lang='lat' dir='ltr'><strong><em>tius</em></strong></span> <span class='ocrx_word' id='word_1_507' title='bbox 619 3481 732 3550; x_wconf 89' lang='lat' dir='ltr'><strong><em>ipse</em></strong></span> <span class='ocrx_word' id='word_1_508' title='bbox 771 3493 831 3535; x_wconf 88' lang='lat' dir='ltr'><strong><em>se</em></strong></span> <span class='ocrx_word' id='word_1_509' title='bbox 869 3478 1140 3532; x_wconf 79' lang='lat' dir='ltr'><strong><em>adluesisse</em></strong></span> <span class='ocrx_word' id='word_1_510' title='bbox 1181 3480 1396 3544; x_wconf 89' lang='lat' dir='ltr'><strong><em>fatetur,</em></strong></span> <span class='ocrx_word' id='word_1_511' title='bbox 1441 3480 1725 3548; x_wconf 90' lang='lat' dir='ltr'><strong><em>quominus</em></strong></span> <span class='ocrx_word' id='word_1_512' title='bbox 1755 3477 1820 3530; x_wconf 88' lang='lat' dir='ltr'><strong><em>ad</em></strong></span> <span class='ocrx_word' id='word_1_513' title='bbox 1853 3492 1978 3531; x_wconf 86' lang='lat' dir='ltr'><strong><em>suos</em></strong></span> <span class='ocrx_word' id='word_1_514' title='bbox 2004 3477 2056 3531; x_wconf 94' lang='lat' dir='ltr'><strong><em>in</em></strong></span> 
     </span>
    </p>
   </div>
   <div class='ocr_carea' id='block_1_66' title="bbox 483 3573 2054 3644">
    <p class='ocr_par' dir='ltr' id='par_1_66' title="bbox 483 3573 2054 3644">
     <span class='ocr_line' id='line_1_67' title="bbox 483 3573 2054 3644; baseline -0.003 -12"><span class='ocrx_word' id='word_1_515' title='bbox 483 3575 690 3632; x_wconf 87' lang='lat' dir='ltr'><strong><em>Italiam</em></strong></span> <span class='ocrx_word' id='word_1_516' title='bbox 738 3574 1136 3644; x_wconf 84' lang='lat' dir='ltr'><strong><em>regrederetur.</em></strong></span> <span class='ocrx_word' id='word_1_517' title='bbox 1191 3576 1366 3642; x_wconf 86' lang='lat' dir='ltr'><strong><em>Atque</em></strong></span> <span class='ocrx_word' id='word_1_518' title='bbox 1412 3574 1572 3628; x_wconf 89' lang='lat' dir='ltr'><strong><em>etiam</em></strong></span> <span class='ocrx_word' id='word_1_519' title='bbox 1621 3573 1813 3627; x_wconf 82' lang='lat' dir='ltr'><strong><em>adsunt</em></strong></span> <span class='ocrx_word' id='word_1_520' title='bbox 1864 3573 2054 3628; x_wconf 91' lang='lat' dir='ltr'><strong><em>indicia</em></strong></span> 
     </span>
    </p>
   </div>
   <div class='ocr_carea' id='block_1_67' title="bbox 483 3665 2055 3737">
    <p class='ocr_par' dir='ltr' id='par_1_67' title="bbox 483 3665 2055 3737">
     <span class='ocr_line' id='line_1_68' title="bbox 483 3665 2055 3737; baseline -0.002 -15"><span class='ocrx_word' id='word_1_521' title='bbox 483 3668 655 3737; x_wconf 87' lang='lat' dir='ltr'><strong><em>aliqua</em></strong></span> <span class='ocrx_word' id='word_1_522' title='bbox 687 3683 752 3723; x_wconf 81' lang='lat' dir='ltr'><strong><em>ex</em></strong></span> <span class='ocrx_word' id='word_1_523' title='bbox 787 3666 1000 3736; x_wconf 87' lang='lat' dir='ltr'><strong><em>scriptis</em></strong></span> <span class='ocrx_word' id='word_1_524' title='bbox 1031 3665 1310 3721; x_wconf 87' lang='lat' dir='ltr'><strong><em>Fortunati</em></strong></span> <span class='ocrx_word' id='word_1_525' title='bbox 1341 3681 1461 3735; x_wconf 91' lang='lat' dir='ltr'><strong><em>quae</em></strong></span> <span class='ocrx_word' id='word_1_526' title='bbox 1506 3667 1606 3720; x_wconf 92' lang='lat' dir='ltr'><strong><em>hoc</em></strong></span> <span class='ocrx_word' id='word_1_527' title='bbox 1649 3666 1821 3732; x_wconf 90' lang='lat' dir='ltr'><strong><em>ipsum</em></strong></span> <span class='ocrx_word' id='word_1_528' title='bbox 1853 3665 2055 3719; x_wconf 87' lang='lat' dir='ltr'><strong><em>conﬁr-</em></strong></span> 
     </span>
    </p>
   </div>
   <div class='ocr_carea' id='block_1_68' title="bbox 482 3758 2055 3829">
    <p class='ocr_par' dir='ltr' id='par_1_68' title="bbox 482 3758 2055 3829">
     <span class='ocr_line' id='line_1_69' title="bbox 482 3758 2055 3829; baseline -0.003 -11"><span class='ocrx_word' id='word_1_529' title='bbox 482 3772 648 3819; x_wconf 89' lang='lat' dir='ltr'><strong><em>ment.</em></strong></span> <span class='ocrx_word' id='word_1_530' title='bbox 684 3761 759 3816; x_wconf 91' lang='lat' dir='ltr'><strong><em>Ita</em></strong></span> <span class='ocrx_word' id='word_1_531' title='bbox 803 3762 896 3816; x_wconf 92' lang='lat' dir='ltr'><strong><em>lib.</em></strong></span> <span class='ocrx_word' id='word_1_532' title='bbox 932 3777 1022 3826; x_wconf 73' lang='lat' dir='ltr'><strong><em>XI,</em></strong></span> <span class='ocrx_word' id='word_1_533' title='bbox 1057 3775 1171 3829; x_wconf 64' lang='lat' dir='ltr'><strong><em>cap.</em></strong></span> <span class='ocrx_word' id='word_1_534' title='bbox 1205 3760 1272 3825; x_wconf 71' lang='grc'><strong><em>4,</em></strong></span> <span class='ocrx_word' id='word_1_535' title='bbox 1305 3769 1493 3814; x_wconf 89' lang='lat' dir='ltr'><strong><em>auctor</em></strong></span> <span class='ocrx_word' id='word_1_536' title='bbox 1532 3768 1616 3815; x_wconf 89' lang='lat' dir='ltr'><strong><em>est</em></strong></span> <span class='ocrx_word' id='word_1_537' title='bbox 1657 3758 1968 3828; x_wconf 83' lang='lat' dir='ltr'><strong><em>Radegundi</em></strong></span> <span class='ocrx_word' id='word_1_538' title='bbox 1999 3769 2055 3814; x_wconf 92' lang='lat' dir='ltr'><strong><em>ut</em></strong></span> 
     </span>
    </p>
   </div>
   <div class='ocr_carea' id='block_1_69' title="bbox 482 3851 2051 3908">
    <p class='ocr_par' dir='ltr' id='par_1_69' title="bbox 482 3851 2051 3908">
     <span class='ocr_line' id='line_1_70' title="bbox 482 3851 2051 3908; baseline -0.001 0"><span class='ocrx_word' id='word_1_539' title='bbox 482 3854 548 3908; x_wconf 90' lang='lat' dir='ltr'><strong><em>ad</em></strong></span> <span class='ocrx_word' id='word_1_540' title='bbox 578 3853 913 3908; x_wconf 86' lang='lat' dir='ltr'><strong><em>stomachum</em></strong></span> <span class='ocrx_word' id='word_1_541' title='bbox 962 3851 1416 3907; x_wconf 90' lang='lat' dir='ltr'><strong><em>corroborandum</em></strong></span> <span class='ocrx_word' id='word_1_542' title='bbox 1449 3865 1511 3905; x_wconf 90' lang='lat' dir='ltr'><strong><em>ac</em></strong></span> <span class='ocrx_word' id='word_1_543' title='bbox 1543 3851 1891 3905; x_wconf 89' lang='lat' dir='ltr'><strong><em>recreandum</em></strong></span> <span class='ocrx_word' id='word_1_544' title='bbox 1942 3852 2051 3906; x_wconf 88' lang='lat' dir='ltr'><strong><em>vini</em></strong></span> 
     </span>
    </p>
   </div>
   <div class='ocr_carea' id='block_1_70' title="bbox 482 3941 2054 4015">
    <p class='ocr_par' dir='ltr' id='par_1_70' title="bbox 482 3941 2054 4015">
     <span class='ocr_line' id='line_1_71' title="bbox 482 3941 2054 4015; baseline -0.002 -15"><span class='ocrx_word' id='word_1_545' title='bbox 482 3945 679 4015; x_wconf 87' lang='lat' dir='ltr'><strong><em>aliquid</em></strong></span> <span class='ocrx_word' id='word_1_546' title='bbox 720 3953 994 4011; x_wconf 89' lang='lat' dir='ltr'><strong><em>sumeret,</em></strong></span> <span class='ocrx_word' id='word_1_547' title='bbox 1037 3942 1319 4013; x_wconf 81' lang='lat' dir='ltr'><strong><em>proferens</em></strong></span> <span class='ocrx_word' id='word_1_548' title='bbox 1367 3941 1606 4012; x_wconf 83' lang='lat' dir='ltr'><strong><em>Apostoli</em></strong></span> <span class='ocrx_word' id='word_1_549' title='bbox 1645 3942 1948 4010; x_wconf 79' lang='lat' dir='ltr'><strong><em>exemplum</em></strong></span> <span class='ocrx_word' id='word_1_550' title='bbox 1999 3953 2054 3997; x_wconf 90' lang='lat' dir='ltr'><strong><em>et</em></strong></span> 
     </span>
    </p>
   </div>
   <div class='ocr_carea' id='block_1_71' title="bbox 477 4035 2047 4105">
    <p class='ocr_par' dir='ltr' id='par_1_71' title="bbox 477 4035 2047 4105">
     <span class='ocr_line' id='line_1_72' title="bbox 477 4035 2047 4105; baseline -0.003 -11"><span class='ocrx_word' id='word_1_551' title='bbox 477 4040 851 4094; x_wconf 86' lang='lat' dir='ltr'><strong><em>auctoritatem</em></strong></span> <span class='ocrx_word' id='word_1_552' title='bbox 874 4080 889 4104; x_wconf 96' lang='lat'><strong><em>,</em></strong></span> <span class='ocrx_word' id='word_1_553' title='bbox 923 4036 1211 4091; x_wconf 81' lang='lat' dir='ltr'><strong><em>Timotheo</em></strong></span> <span class='ocrx_word' id='word_1_554' title='bbox 1243 4037 1309 4091; x_wconf 89' lang='lat' dir='ltr'><strong><em>ad</em></strong></span> <span class='ocrx_word' id='word_1_555' title='bbox 1353 4037 1525 4105; x_wconf 88' lang='lat' dir='ltr'><strong><em>ipsum</em></strong></span> <span class='ocrx_word' id='word_1_556' title='bbox 1556 4035 1848 4090; x_wconf 90' lang='lat' dir='ltr'><strong><em>suadentis.</em></strong></span> <span class='ocrx_word' id='word_1_557' title='bbox 1884 4035 2011 4091; x_wconf 92' lang='lat' dir='ltr'><strong><em>Item</em></strong></span> <span class='ocrx_word' id='word_1_558' title='bbox 2033 4079 2047 4104; x_wconf 97' lang='lat'><strong><em>,</em></strong></span> 
     </span>
    </p>
   </div>
   <div class='ocr_carea' id='block_1_72' title="bbox 476 4128 2052 4200">
    <p class='ocr_par' dir='ltr' id='par_1_72' title="bbox 476 4128 2052 4200">
     <span class='ocr_line' id='line_1_73' title="bbox 476 4128 2052 4200; baseline -0.002 -14"><span class='ocrx_word' id='word_1_559' title='bbox 476 4147 594 4200; x_wconf 90' lang='lat' dir='ltr'><strong><em>cap.</em></strong></span> <span class='ocrx_word' id='word_1_560' title='bbox 639 4131 697 4198; x_wconf 89' lang='lat'><strong><em>7,</em></strong></span> <span class='ocrx_word' id='word_1_561' title='bbox 743 4131 808 4184; x_wconf 89' lang='lat' dir='ltr'><strong><em>ad</em></strong></span> <span class='ocrx_word' id='word_1_562' title='bbox 854 4129 1112 4198; x_wconf 82' lang='lat' dir='ltr'><strong><em>Agnetem</em></strong></span> <span class='ocrx_word' id='word_1_563' title='bbox 1156 4128 1426 4192; x_wconf 86' lang='lat' dir='ltr'><strong><em>scribens,</em></strong></span> <span class='ocrx_word' id='word_1_564' title='bbox 1469 4136 1622 4198; x_wconf 88' lang='lat' dir='ltr'><strong><em>rogat</em></strong></span> <span class='ocrx_word' id='word_1_565' title='bbox 1665 4136 1723 4181; x_wconf 90' lang='lat' dir='ltr'><strong><em>ut</em></strong></span> <span class='ocrx_word' id='word_1_566' title='bbox 1763 4128 1902 4197; x_wconf 92' lang='lat' dir='ltr'><strong><em>quod</em></strong></span> <span class='ocrx_word' id='word_1_567' title='bbox 1935 4129 2052 4198; x_wconf 89' lang='lat' dir='ltr'><strong><em>ipse</em></strong></span> 
     </span>
    </p>
   </div>
   <div class='ocr_carea' id='block_1_73' title="bbox 475 4217 2051 4292">
    <p class='ocr_par' dir='ltr' id='par_1_73' title="bbox 475 4217 2051 4292">
     <span class='ocr_line' id='line_1_74' title="bbox 475 4217 2051 4292; baseline -0.004 -14"><span class='ocrx_word' id='word_1_568' title='bbox 475 4221 789 4292; x_wconf 86' lang='lat' dir='ltr'><strong><em>obsequium</em></strong></span> <span class='ocrx_word' id='word_1_569' title='bbox 821 4235 915 4276; x_wconf 90' lang='lat' dir='ltr'><strong><em>seu</em></strong></span> <span class='ocrx_word' id='word_1_570' title='bbox 945 4219 1252 4290; x_wconf 79' lang='lat' dir='ltr'><strong><em>famulatum</em></strong></span> <span class='ocrx_word' id='word_1_571' title='bbox 1281 4217 1474 4273; x_wconf 89' lang='lat' dir='ltr'><strong><em>absens</em></strong></span> <span class='ocrx_word' id='word_1_572' title='bbox 1505 4218 1814 4287; x_wconf 79' lang='lat' dir='ltr'><strong><em>Radegundi</em></strong></span> <span class='ocrx_word' id='word_1_573' title='bbox 1844 4221 2051 4288; x_wconf 89' lang='lat' dir='ltr'><strong><em>impen-</em></strong></span> 
     </span>
    </p>
   </div>
   <div class='ocr_carea' id='block_1_74' title="bbox 477 4313 2045 4386">
    <p class='ocr_par' dir='ltr' id='par_1_74' title="bbox 477 4313 2045 4386">
     <span class='ocr_line' id='line_1_75' title="bbox 477 4313 2045 4386; baseline -0.001 -14"><span class='ocrx_word' id='word_1_574' title='bbox 477 4318 609 4373; x_wconf 88' lang='lat' dir='ltr'><strong><em>dere</em></strong></span> <span class='ocrx_word' id='word_1_575' title='bbox 631 4331 736 4370; x_wconf 87' lang='lat' dir='ltr'><strong><em>non</em></strong></span> <span class='ocrx_word' id='word_1_576' title='bbox 765 4323 1006 4386; x_wconf 89' lang='lat' dir='ltr'><strong><em>poterat,</em></strong></span> <span class='ocrx_word' id='word_1_577' title='bbox 1032 4328 1129 4384; x_wconf 90' lang='lat' dir='ltr'><strong><em>pro</em></strong></span> <span class='ocrx_word' id='word_1_578' title='bbox 1156 4329 1214 4369; x_wconf 91' lang='lat' dir='ltr'><strong><em>se</em></strong></span> <span class='ocrx_word' id='word_1_579' title='bbox 1241 4313 1353 4382; x_wconf 88' lang='lat' dir='ltr'><strong><em>ipsa</em></strong></span> <span class='ocrx_word' id='word_1_580' title='bbox 1383 4322 1681 4384; x_wconf 74' lang='lat' dir='ltr'><strong><em>prmstaret.</em></strong></span> <span class='ocrx_word' id='word_1_581' title='bbox 1714 4313 1858 4368; x_wconf 91' lang='lat' dir='ltr'><strong><em>Idem</em></strong></span> <span class='ocrx_word' id='word_1_582' title='bbox 1879 4353 1894 4378; x_wconf 94' lang='lat'><strong><em>,</em></strong></span> <span class='ocrx_word' id='word_1_583' title='bbox 1927 4328 2045 4383; x_wconf 85' lang='lat' dir='ltr'><strong><em>cap.</em></strong></span> 
     </span>
    </p>
   </div>
   <div class='ocr_carea' id='block_1_75' title="bbox 2166 3182 3744 3257">
    <p class='ocr_par' dir='ltr' id='par_1_75' title="bbox 2166 3182 3744 3257">
     <span class='ocr_line' id='line_1_76' title="bbox 2166 3182 3744 3257; baseline 0.003 -19"><span class='ocrx_word' id='word_1_584' title='bbox 2166 3182 2517 3239; x_wconf 83' lang='lat' dir='ltr'><strong><em>Fortunatum</em></strong></span> <span class='ocrx_word' id='word_1_585' title='bbox 2551 3183 2736 3237; x_wconf 85' lang='lat' dir='ltr'><strong><em>isthaee</em></strong></span> <span class='ocrx_word' id='word_1_586' title='bbox 2770 3183 2909 3251; x_wconf 89' lang='lat' dir='ltr'><strong><em>loca,</em></strong></span> <span class='ocrx_word' id='word_1_587' title='bbox 2941 3199 3047 3239; x_wconf 91' lang='lat' dir='ltr'><strong><em>non</em></strong></span> <span class='ocrx_word' id='word_1_588' title='bbox 3080 3193 3186 3239; x_wconf 90' lang='lat' dir='ltr'><strong><em>tam</em></strong></span> <span class='ocrx_word' id='word_1_589' title='bbox 3219 3185 3394 3240; x_wconf 87' lang='lat' dir='ltr'><strong><em>solatii</em></strong></span> <span class='ocrx_word' id='word_1_590' title='bbox 3447 3189 3530 3242; x_wconf 87' lang='lat' dir='ltr'><strong><em>sui</em></strong></span> <span class='ocrx_word' id='word_1_591' title='bbox 3559 3202 3744 3257; x_wconf 88' lang='lat' dir='ltr'><strong><em>causa,</em></strong></span> 
     </span>
    </p>
   </div>
   <div class='ocr_carea' id='block_1_76' title="bbox 2163 3277 3782 3353">
    <p class='ocr_par' dir='ltr' id='par_1_76' title="bbox 2163 3277 3782 3353">
     <span class='ocr_line' id='line_1_77' title="bbox 2163 3277 3782 3353; baseline 0.004 -23"><span class='ocrx_word' id='word_1_592' title='bbox 2163 3283 2257 3331; x_wconf 90' lang='lat' dir='ltr'><strong><em>aut</em></strong></span> <span class='ocrx_word' id='word_1_593' title='bbox 2282 3277 2471 3346; x_wconf 87' lang='lat' dir='ltr'><strong><em>privati</em></strong></span> <span class='ocrx_word' id='word_1_594' title='bbox 2516 3277 2734 3346; x_wconf 86' lang='lat' dir='ltr'><strong><em>negotii,</em></strong></span> <span class='ocrx_word' id='word_1_595' title='bbox 2765 3278 2982 3344; x_wconf 90' lang='lat' dir='ltr'><strong><em>adiisse,</em></strong></span> <span class='ocrx_word' id='word_1_596' title='bbox 3012 3277 3107 3334; x_wconf 91' lang='lat' dir='ltr'><strong><em>sed</em></strong></span> <span class='ocrx_word' id='word_1_597' title='bbox 3138 3288 3196 3332; x_wconf 88' lang='lat' dir='ltr'><strong><em>ttt</em></strong></span> <span class='ocrx_word' id='word_1_598' title='bbox 3249 3295 3431 3334; x_wconf 90' lang='lat' dir='ltr'><strong><em>earum</em></strong></span> <span class='ocrx_word' id='word_1_599' title='bbox 3486 3281 3782 3353; x_wconf 19' lang='lat' dir='ltr'><strong><em>voluntati»</em></strong></span> 
     </span>
    </p>
   </div>
   <div class='ocr_carea' id='block_1_77' title="bbox 2161 3369 3750 3442">
    <p class='ocr_par' dir='ltr' id='par_1_77' title="bbox 2161 3369 3750 3442">
     <span class='ocr_line' id='line_1_78' title="bbox 2161 3369 3750 3442; baseline 0.003 -17"><span class='ocrx_word' id='word_1_600' title='bbox 2161 3385 2226 3425; x_wconf 91' lang='lat' dir='ltr'><strong><em>ac</em></strong></span> <span class='ocrx_word' id='word_1_601' title='bbox 2255 3369 2621 3436; x_wconf 88' lang='lat' dir='ltr'><strong><em>sollicitudini,</em></strong></span> <span class='ocrx_word' id='word_1_602' title='bbox 2654 3369 2850 3440; x_wconf 85' lang='lat' dir='ltr'><strong><em>quibus</em></strong></span> <span class='ocrx_word' id='word_1_603' title='bbox 2891 3385 2952 3426; x_wconf 91' lang='lat' dir='ltr'><strong><em>se</em></strong></span> <span class='ocrx_word' id='word_1_604' title='bbox 2999 3379 3056 3427; x_wconf 88' lang='lat' dir='ltr'><strong><em>et</em></strong></span> <span class='ocrx_word' id='word_1_605' title='bbox 3084 3386 3303 3442; x_wconf 84' lang='lat' dir='ltr'><strong><em>operam</em></strong></span> <span class='ocrx_word' id='word_1_606' title='bbox 3331 3388 3485 3429; x_wconf 84' lang='lat' dir='ltr'><strong><em>suam</em></strong></span> <span class='ocrx_word' id='word_1_607' title='bbox 3529 3374 3750 3431; x_wconf 75' lang='lat' dir='ltr'><strong><em>addixe-</em></strong></span> 
     </span>
    </p>
   </div>
   <div class='ocr_carea' id='block_1_78' title="bbox 2161 3460 2650 3528">
    <p class='ocr_par' dir='ltr' id='par_1_78' title="bbox 2161 3460 2650 3528">
     <span class='ocr_line' id='line_1_79' title="bbox 2161 3460 2650 3528; baseline -0.002 -12"><span class='ocrx_word' id='word_1_608' title='bbox 2161 3470 2266 3528; x_wconf 89' lang='lat' dir='ltr'><strong><em>rat,</em></strong></span> <span class='ocrx_word' id='word_1_609' title='bbox 2295 3460 2650 3516; x_wconf 89' lang='lat' dir='ltr'><strong><em>satisfaceret.</em></strong></span> 
     </span>
    </p>
   </div>
   <div class='ocr_carea' id='block_1_79' title="bbox 2232 3554 3745 3628">
    <p class='ocr_par' dir='ltr' id='par_1_79' title="bbox 2232 3554 3745 3628">
     <span class='ocr_line' id='line_1_80' title="bbox 2232 3554 3745 3628; baseline 0.005 -22"><span class='ocrx_word' id='word_1_610' title='bbox 2232 3554 2322 3609; x_wconf 78' lang='lat'><strong><em>65.</em></strong></span> <span class='ocrx_word' id='word_1_611' title='bbox 2353 3554 2429 3608; x_wconf 78' lang='lat' dir='ltr'><strong><em>Ex</em></strong></span> <span class='ocrx_word' id='word_1_612' title='bbox 2462 3554 2611 3610; x_wconf 90' lang='lat' dir='ltr'><strong><em>hisce</em></strong></span> <span class='ocrx_word' id='word_1_613' title='bbox 2632 3565 2808 3611; x_wconf 88' lang='lat' dir='ltr'><strong><em>autem</em></strong></span> <span class='ocrx_word' id='word_1_614' title='bbox 2834 3555 3112 3610; x_wconf 89' lang='lat' dir='ltr'><strong><em>itineribus</em></strong></span> <span class='ocrx_word' id='word_1_615' title='bbox 3149 3557 3507 3628; x_wconf 83' lang='lat' dir='ltr'><strong><em>(quaecunque</em></strong></span> <span class='ocrx_word' id='word_1_616' title='bbox 3529 3558 3745 3613; x_wconf 85' lang='lat' dir='ltr'><strong><em>tandem</em></strong></span> 
     </span>
    </p>
   </div>
   <div class='ocr_carea' id='block_1_80' title="bbox 2159 3647 3750 3719">
    <p class='ocr_par' dir='ltr' id='par_1_80' title="bbox 2159 3647 3750 3719">
     <span class='ocr_line' id='line_1_81' title="bbox 2159 3647 3750 3719; baseline 0.002 -17"><span class='ocrx_word' id='word_1_617' title='bbox 2159 3661 2342 3702; x_wconf 87' lang='lat' dir='ltr'><strong><em>eorum</em></strong></span> <span class='ocrx_word' id='word_1_618' title='bbox 2395 3647 2850 3716; x_wconf 89' lang='lat' dir='ltr'><strong><em>suscipiendorum</em></strong></span> <span class='ocrx_word' id='word_1_619' title='bbox 2907 3661 3066 3704; x_wconf 90' lang='lat' dir='ltr'><strong><em>causa</em></strong></span> <span class='ocrx_word' id='word_1_620' title='bbox 3108 3655 3164 3702; x_wconf 86' lang='lat' dir='ltr'><strong><em>et</em></strong></span> <span class='ocrx_word' id='word_1_621' title='bbox 3220 3648 3356 3703; x_wconf 89' lang='lat' dir='ltr'><strong><em>ratio</em></strong></span> <span class='ocrx_word' id='word_1_622' title='bbox 3413 3649 3594 3719; x_wconf 84' lang='lat' dir='ltr'><strong><em>fuerit)</em></strong></span> <span class='ocrx_word' id='word_1_623' title='bbox 3653 3665 3750 3718; x_wconf 89' lang='lat' dir='ltr'><strong><em>per</em></strong></span> 
     </span>
    </p>
   </div>
   <div class='ocr_carea' id='block_1_81' title="bbox 2160 3739 3746 3810">
    <p class='ocr_par' dir='ltr' id='par_1_81' title="bbox 2160 3739 3746 3810">
     <span class='ocr_line' id='line_1_82' title="bbox 2160 3739 3746 3810; baseline 0.003 -17"><span class='ocrx_word' id='word_1_624' title='bbox 2160 3754 2405 3808; x_wconf 86' lang='lat' dir='ltr'><strong><em>magnam</em></strong></span> <span class='ocrx_word' id='word_1_625' title='bbox 2440 3742 2555 3808; x_wconf 84' lang='lat' dir='ltr'><strong><em>ipse</em></strong></span> <span class='ocrx_word' id='word_1_626' title='bbox 2584 3749 2772 3795; x_wconf 90' lang='lat' dir='ltr'><strong><em>nactus</em></strong></span> <span class='ocrx_word' id='word_1_627' title='bbox 2797 3739 3250 3809; x_wconf 80' lang='lat' dir='ltr'><strong><em>Opportunitatem</em></strong></span> <span class='ocrx_word' id='word_1_628' title='bbox 3286 3749 3368 3795; x_wconf 92' lang='lat' dir='ltr'><strong><em>est</em></strong></span> <span class='ocrx_word' id='word_1_629' title='bbox 3404 3742 3746 3810; x_wconf 89' lang='lat' dir='ltr'><strong><em>percelebres</em></strong></span> 
     </span>
    </p>
   </div>
   <div class='ocr_carea' id='block_1_82' title="bbox 2159 3830 3743 3905">
    <p class='ocr_par' dir='ltr' id='par_1_82' title="bbox 2159 3830 3743 3905">
     <span class='ocr_line' id='line_1_83' title="bbox 2159 3830 3743 3905; baseline 0.003 -18"><span class='ocrx_word' id='word_1_630' title='bbox 2159 3831 2345 3887; x_wconf 79' lang='lat' dir='ltr'><strong><em>Galliae</em></strong></span> <span class='ocrx_word' id='word_1_631' title='bbox 2371 3847 2432 3886; x_wconf 91' lang='lat' dir='ltr'><strong><em>ac</em></strong></span> <span class='ocrx_word' id='word_1_632' title='bbox 2479 3830 2776 3886; x_wconf 73' lang='lat' dir='ltr'><strong><em>Germania:</em></strong></span> <span class='ocrx_word' id='word_1_633' title='bbox 2817 3833 3097 3902; x_wconf 85' lang='lat' dir='ltr'><strong><em>episc0pos</em></strong></span> <span class='ocrx_word' id='word_1_634' title='bbox 3139 3832 3390 3902; x_wconf 90' lang='lat' dir='ltr'><strong><em>adeundi,</em></strong></span> <span class='ocrx_word' id='word_1_635' title='bbox 3443 3843 3499 3889; x_wconf 89' lang='lat' dir='ltr'><strong><em>et</em></strong></span> <span class='ocrx_word' id='word_1_636' title='bbox 3543 3850 3743 3905; x_wconf 80' lang='lat' dir='ltr'><strong><em>cogno-</em></strong></span> 
     </span>
    </p>
   </div>
   <div class='ocr_carea' id='block_1_83' title="bbox 2157 3925 3740 3997">
    <p class='ocr_par' dir='ltr' id='par_1_83' title="bbox 2157 3925 3740 3997">
     <span class='ocr_line' id='line_1_84' title="bbox 2157 3925 3740 3997; baseline -0.001 -14"><span class='ocrx_word' id='word_1_637' title='bbox 2157 3925 2340 3983; x_wconf 86' lang='lat' dir='ltr'><strong><em>scendi</em></strong></span> <span class='ocrx_word' id='word_1_638' title='bbox 2393 3926 2703 3994; x_wconf 85' lang='lat' dir='ltr'><strong><em>quibuscum</em></strong></span> <span class='ocrx_word' id='word_1_639' title='bbox 2735 3925 3060 3980; x_wconf 88' lang='lat' dir='ltr'><strong><em>amicissima</em></strong></span> <span class='ocrx_word' id='word_1_640' title='bbox 3112 3926 3484 3982; x_wconf 89' lang='lat' dir='ltr'><strong><em>benevolentia</em></strong></span> <span class='ocrx_word' id='word_1_641' title='bbox 3514 3927 3740 3997; x_wconf 84' lang='lat' dir='ltr'><strong><em>conjun-</em></strong></span> 
     </span>
    </p>
   </div>
   <div class='ocr_carea' id='block_1_84' title="bbox 2155 4017 3740 4087">
    <p class='ocr_par' dir='ltr' id='par_1_84' title="bbox 2155 4017 3740 4087">
     <span class='ocr_line' id='line_1_85' title="bbox 2155 4017 3740 4087; baseline 0 -14"><span class='ocrx_word' id='word_1_642' title='bbox 2155 4027 2275 4074; x_wconf 91' lang='lat' dir='ltr'><strong><em>ctus</em></strong></span> <span class='ocrx_word' id='word_1_643' title='bbox 2313 4017 2479 4071; x_wconf 87' lang='lat' dir='ltr'><strong><em>fuisse</em></strong></span> <span class='ocrx_word' id='word_1_644' title='bbox 2505 4033 2569 4071; x_wconf 82' lang='lat' dir='ltr'><strong><em>ex</em></strong></span> <span class='ocrx_word' id='word_1_645' title='bbox 2595 4017 2834 4086; x_wconf 88' lang='lat' dir='ltr'><strong><em>ejusdem</em></strong></span> <span class='ocrx_word' id='word_1_646' title='bbox 2857 4017 3181 4072; x_wconf 90' lang='lat' dir='ltr'><strong><em>carminibus</em></strong></span> <span class='ocrx_word' id='word_1_647' title='bbox 3213 4019 3418 4087; x_wconf 88' lang='lat' dir='ltr'><strong><em>passim</em></strong></span> <span class='ocrx_word' id='word_1_648' title='bbox 3440 4017 3740 4085; x_wconf 87' lang='lat' dir='ltr'><strong><em>deprehen-</em></strong></span> 
     </span>
    </p>
   </div>
   <div class='ocr_carea' id='block_1_85' title="bbox 2157 4111 3743 4182">
    <p class='ocr_par' dir='ltr' id='par_1_85' title="bbox 2157 4111 3743 4182">
     <span class='ocr_line' id='line_1_86' title="bbox 2157 4111 3743 4182; baseline -0.001 -16"><span class='ocrx_word' id='word_1_649' title='bbox 2157 4112 2315 4166; x_wconf 90' lang='lat' dir='ltr'><strong><em>ditur.</em></strong></span> <span class='ocrx_word' id='word_1_650' title='bbox 2344 4113 2518 4180; x_wconf 85' lang='lat' dir='ltr'><strong><em>Atque</em></strong></span> <span class='ocrx_word' id='word_1_651' title='bbox 2543 4120 2598 4164; x_wconf 93' lang='lat' dir='ltr'><strong><em>ut</em></strong></span> <span class='ocrx_word' id='word_1_652' title='bbox 2628 4126 2692 4165; x_wconf 82' lang='lat' dir='ltr'><strong><em>ex</em></strong></span> <span class='ocrx_word' id='word_1_653' title='bbox 2729 4111 2792 4165; x_wconf 89' lang='lat' dir='ltr'><strong><em>iis</em></strong></span> <span class='ocrx_word' id='word_1_654' title='bbox 2821 4111 3112 4165; x_wconf 87' lang='lat' dir='ltr'><strong><em>nonnullos</em></strong></span> <span class='ocrx_word' id='word_1_655' title='bbox 3135 4124 3582 4178; x_wconf 88' lang='lat' dir='ltr'><strong><em>commemorem,</em></strong></span> <span class='ocrx_word' id='word_1_656' title='bbox 3608 4127 3743 4182; x_wconf 86' lang='lat' dir='ltr'><strong><em>quo-</em></strong></span> 
     </span>
    </p>
   </div>
   <div class='ocr_carea' id='block_1_86' title="bbox 2156 4201 3745 4269">
    <p class='ocr_par' dir='ltr' id='par_1_86' title="bbox 2156 4201 3745 4269">
     <span class='ocr_line' id='line_1_87' title="bbox 2156 4201 3745 4269; baseline 0.001 -11"><span class='ocrx_word' id='word_1_657' title='bbox 2156 4218 2272 4258; x_wconf 90' lang='lat' dir='ltr'><strong><em>rum</em></strong></span> <span class='ocrx_word' id='word_1_658' title='bbox 2304 4219 2368 4258; x_wconf 86' lang='lat' dir='ltr'><strong><em>ex</em></strong></span> <span class='ocrx_word' id='word_1_659' title='bbox 2397 4201 2631 4256; x_wconf 88' lang='lat' dir='ltr'><strong><em>amicitia</em></strong></span> <span class='ocrx_word' id='word_1_660' title='bbox 2654 4208 2709 4255; x_wconf 88' lang='lat' dir='ltr'><strong><em>et</em></strong></span> <span class='ocrx_word' id='word_1_661' title='bbox 2760 4202 3148 4256; x_wconf 91' lang='lat' dir='ltr'><strong><em>consuetudine</em></strong></span> <span class='ocrx_word' id='word_1_662' title='bbox 3193 4216 3299 4255; x_wconf 91' lang='lat' dir='ltr'><strong><em>non</em></strong></span> <span class='ocrx_word' id='word_1_663' title='bbox 3330 4203 3566 4269; x_wconf 85' lang='lat' dir='ltr'><strong><em>vulgaris</em></strong></span> <span class='ocrx_word' id='word_1_664' title='bbox 3593 4218 3745 4258; x_wconf 86' lang='lat' dir='ltr'><strong><em>com-</em></strong></span> 
     </span>
    </p>
   </div>
   <div class='ocr_carea' id='block_1_87' title="bbox 2154 4293 3744 4368">
    <p class='ocr_par' dir='ltr' id='par_1_87' title="bbox 2154 4293 3744 4368">
     <span class='ocr_line' id='line_1_88' title="bbox 2154 4293 3744 4368; baseline 0.001 -16"><span class='ocrx_word' id='word_1_665' title='bbox 2154 4297 2424 4352; x_wconf 90' lang='lat' dir='ltr'><strong><em>mendatio</em></strong></span> <span class='ocrx_word' id='word_1_666' title='bbox 2450 4293 2772 4350; x_wconf 67' lang='lat' dir='ltr'><strong><em>innocentia:</em></strong></span> <span class='ocrx_word' id='word_1_667' title='bbox 2815 4309 2877 4349; x_wconf 87' lang='lat' dir='ltr'><strong><em>ac</em></strong></span> <span class='ocrx_word' id='word_1_668' title='bbox 2904 4294 3117 4349; x_wconf 87' lang='lat' dir='ltr'><strong><em>virtutis</em></strong></span> <span class='ocrx_word' id='word_1_669' title='bbox 3149 4294 3432 4351; x_wconf 87' lang='lat' dir='ltr'><strong><em>Fortunati</em></strong></span> <span class='ocrx_word' id='word_1_670' title='bbox 3460 4299 3596 4352; x_wconf 91' lang='lat' dir='ltr'><strong><em>sumi</em></strong></span> <span class='ocrx_word' id='word_1_671' title='bbox 3646 4313 3744 4368; x_wconf 87' lang='lat' dir='ltr'><strong><em>po-</em></strong></span> 
     </span>
    </p>
   </div>
   <div class='ocr_carea' id='block_1_88' title="bbox 476 4385 3736 4490">
    <p class='ocr_par' dir='ltr' id='par_1_88' title="bbox 476 4385 3736 4490">
     <span class='ocr_line' id='line_1_89' title="bbox 476 4385 3736 4490; baseline -0.002 -24"><span class='ocrx_word' id='word_1_672' title='bbox 476 4412 543 4474; x_wconf 92' lang='lat'><strong><em>8,</em></strong></span> <span class='ocrx_word' id='word_1_673' title='bbox 597 4385 792 4478; x_wconf 83' lang='lat' dir='ltr'><strong><em>gratias</em></strong></span> <span class='ocrx_word' id='word_1_674' title='bbox 845 4408 954 4478; x_wconf 88' lang='lat' dir='ltr'><strong><em>agit</em></strong></span> <span class='ocrx_word' id='word_1_675' title='bbox 999 4406 1187 4476; x_wconf 83' lang='lat' dir='ltr'><strong><em>Agneti</em></strong></span> <span class='ocrx_word' id='word_1_676' title='bbox 1234 4405 1372 4475; x_wconf 92' lang='lat' dir='ltr'><strong><em>quod</em></strong></span> <span class='ocrx_word' id='word_1_677' title='bbox 1423 4406 1744 4461; x_wconf 88' lang='lat' dir='ltr'><strong><em>monialibus</em></strong></span> <span class='ocrx_word' id='word_1_678' title='bbox 1790 4406 2042 4475; x_wconf 81' lang='lat' dir='ltr'><strong><em>epulum,</em></strong></span> <span class='ocrx_word' id='word_1_679' title='bbox 2077 4427 2133 4490; x_wconf 69' lang='grc' dir='ltr'><strong><em>Β</em></strong></span> <span class='ocrx_word' id='word_1_680' title='bbox 2161 4387 2874 4490; x_wconf 50' lang='grc' dir='ltr'><strong><em>ιθδίν.δ³.ηθιυδ.ϐθτω³¹ξυδν</em></strong></span> <span class='ocrx_word' id='word_1_681' title='bbox 2909 4385 3192 4490; x_wconf 53' lang='grc' dir='ltr'><strong><em>εβῖξοοριεε</em></strong></span> <span class='ocrx_word' id='word_1_682' title='bbox 3237 4387 3736 4490; x_wconf 30' lang='lat' dir='ltr'><strong><em>Parisiensisrpre-</em></strong></span> 
     </span>
    </p>
   </div>
   <div class='ocr_carea' id='block_1_89' title="bbox 481 4497 2044 4571">
    <p class='ocr_par' dir='ltr' id='par_1_89' title="bbox 481 4497 2044 4571">
     <span class='ocr_line' id='line_1_90' title="bbox 481 4497 2044 4571; baseline -0.003 -15"><span class='ocrx_word' id='word_1_683' title='bbox 481 4511 666 4571; x_wconf 83' lang='lat' dir='ltr'><strong><em>rogatu</em></strong></span> <span class='ocrx_word' id='word_1_684' title='bbox 695 4515 823 4566; x_wconf 89' lang='lat' dir='ltr'><strong><em>suo,</em></strong></span> <span class='ocrx_word' id='word_1_685' title='bbox 852 4497 1195 4565; x_wconf 88' lang='lat' dir='ltr'><strong><em>indulsisset,</em></strong></span> <span class='ocrx_word' id='word_1_686' title='bbox 1223 4509 1276 4552; x_wconf 90' lang='lat' dir='ltr'><strong><em>et</em></strong></span> <span class='ocrx_word' id='word_1_687' title='bbox 1306 4506 1453 4568; x_wconf 92' lang='lat' dir='ltr'><strong><em>optat</em></strong></span> <span class='ocrx_word' id='word_1_688' title='bbox 1480 4497 1547 4552; x_wconf 87' lang='lat' dir='ltr'><strong><em>ad</em></strong></span> <span class='ocrx_word' id='word_1_689' title='bbox 1577 4506 1908 4564; x_wconf 83' lang='lat' dir='ltr'><strong><em>extremum,</em></strong></span> <span class='ocrx_word' id='word_1_690' title='bbox 1938 4512 2044 4567; x_wconf 93' lang='lat' dir='ltr'><strong><em>quo</em></strong></span> 
     </span>
    </p>
   </div>
   <div class='ocr_carea' id='block_1_90' title="bbox 478 4589 2047 4666">
    <p class='ocr_par' dir='ltr' id='par_1_90' title="bbox 478 4589 2047 4666">
     <span class='ocr_line' id='line_1_91' title="bbox 478 4589 2047 4666; baseline -0.006 -15"><span class='ocrx_word' id='word_1_691' title='bbox 478 4595 657 4666; x_wconf 75' lang='lat' dir='ltr'><strong><em>Agnes</em></strong></span> <span class='ocrx_word' id='word_1_692' title='bbox 697 4600 753 4648; x_wconf 90' lang='lat' dir='ltr'><strong><em>et</em></strong></span> <span class='ocrx_word' id='word_1_693' title='bbox 796 4591 1132 4663; x_wconf 72' lang='lat' dir='ltr'><strong><em>ltadegundis</em></strong></span> <span class='ocrx_word' id='word_1_694' title='bbox 1171 4591 1261 4645; x_wconf 89' lang='lat' dir='ltr'><strong><em>diu</em></strong></span> <span class='ocrx_word' id='word_1_695' title='bbox 1303 4597 1486 4645; x_wconf 89' lang='lat' dir='ltr'><strong><em>essent</em></strong></span> <span class='ocrx_word' id='word_1_696' title='bbox 1537 4589 1850 4658; x_wconf 88' lang='lat' dir='ltr'><strong><em>superstites</em></strong></span> <span class='ocrx_word' id='word_1_697' title='bbox 1875 4633 1889 4655; x_wconf 82' lang='lat'><strong><em>,</em></strong></span> <span class='ocrx_word' id='word_1_698' title='bbox 1940 4603 2047 4658; x_wconf 91' lang='lat' dir='ltr'><strong><em>quo</em></strong></span> 
     </span>
    </p>
   </div>
   <div class='ocr_carea' id='block_1_91' title="bbox 473 4681 2045 4754">
    <p class='ocr_par' dir='ltr' id='par_1_91' title="bbox 473 4681 2045 4754">
     <span class='ocr_line' id='line_1_92' title="bbox 473 4681 2045 4754; baseline -0.004 -13"><span class='ocrx_word' id='word_1_699' title='bbox 473 4700 654 4742; x_wconf 88' lang='lat' dir='ltr'><strong><em>earum</em></strong></span> <span class='ocrx_word' id='word_1_700' title='bbox 679 4689 843 4754; x_wconf 79' lang='lat' dir='ltr'><strong><em>freno,</em></strong></span> <span class='ocrx_word' id='word_1_701' title='bbox 871 4697 965 4738; x_wconf 88' lang='lat' dir='ltr'><strong><em>seu</em></strong></span> <span class='ocrx_word' id='word_1_702' title='bbox 995 4684 1332 4748; x_wconf 90' lang='lat' dir='ltr'><strong><em>auctoritate,</em></strong></span> <span class='ocrx_word' id='word_1_703' title='bbox 1359 4681 1716 4737; x_wconf 90' lang='lat' dir='ltr'><strong><em>Pictaviensis</em></strong></span> <span class='ocrx_word' id='word_1_704' title='bbox 1737 4681 2045 4742; x_wconf 84' lang='lat' dir='ltr'><strong><em>monasterii</em></strong></span> 
     </span>
    </p>
   </div>
   <div class='ocr_carea' id='block_1_92' title="bbox 468 4772 2043 4848">
    <p class='ocr_par' dir='ltr' id='par_1_92' title="bbox 468 4772 2043 4848">
     <span class='ocr_line' id='line_1_93' title="bbox 468 4772 2043 4848; baseline -0.005 -13"><span class='ocrx_word' id='word_1_705' title='bbox 468 4789 639 4836; x_wconf 88' lang='lat' dir='ltr'><strong><em>status</em></strong></span> <span class='ocrx_word' id='word_1_706' title='bbox 660 4822 675 4848; x_wconf 94' lang='lat'><strong><em>,</em></strong></span> <span class='ocrx_word' id='word_1_707' title='bbox 708 4780 822 4834; x_wconf 88' lang='lat' dir='ltr'><strong><em>sive</em></strong></span> <span class='ocrx_word' id='word_1_708' title='bbox 865 4777 1176 4846; x_wconf 90' lang='lat' dir='ltr'><strong><em>disciplina,</em></strong></span> <span class='ocrx_word' id='word_1_709' title='bbox 1221 4775 1310 4829; x_wconf 89' lang='lat' dir='ltr'><strong><em>diu</em></strong></span> <span class='ocrx_word' id='word_1_710' title='bbox 1358 4773 1581 4830; x_wconf 83' lang='lat' dir='ltr'><strong><em>floreret</em></strong></span> <span class='ocrx_word' id='word_1_711' title='bbox 1606 4789 1671 4829; x_wconf 90' lang='lat' dir='ltr'><strong><em>ac</em></strong></span> <span class='ocrx_word' id='word_1_712' title='bbox 1700 4783 1865 4829; x_wconf 88' lang='lat' dir='ltr'><strong><em>staret</em></strong></span> <span class='ocrx_word' id='word_1_713' title='bbox 1896 4772 2043 4829; x_wconf 85' lang='lat' dir='ltr'><strong><em>inco-</em></strong></span> 
     </span>
    </p>
   </div>
   <div class='ocr_carea' id='block_1_93' title="bbox 474 4868 2044 4939">
    <p class='ocr_par' dir='ltr' id='par_1_93' title="bbox 474 4868 2044 4939">
     <span class='ocr_line' id='line_1_94' title="bbox 474 4868 2044 4939; baseline -0.006 -9"><span class='ocrx_word' id='word_1_714' title='bbox 474 4874 656 4930; x_wconf 92' lang='lat' dir='ltr'><strong><em>lumis.</em></strong></span> <span class='ocrx_word' id='word_1_715' title='bbox 712 4873 1018 4937; x_wconf 81' lang='lat' dir='ltr'><strong><em>Postremo,</em></strong></span> <span class='ocrx_word' id='word_1_716' title='bbox 1064 4869 1156 4925; x_wconf 91' lang='lat' dir='ltr'><strong><em>lib.</em></strong></span> <span class='ocrx_word' id='word_1_717' title='bbox 1201 4879 1332 4932; x_wconf 88' lang='lat' dir='ltr'><strong><em>vnt,</em></strong></span> <span class='ocrx_word' id='word_1_718' title='bbox 1385 4883 1503 4939; x_wconf 90' lang='lat' dir='ltr'><strong><em>cap.</em></strong></span> <span class='ocrx_word' id='word_1_719' title='bbox 1554 4868 1642 4934; x_wconf 83' lang='lat' dir='ltr'><strong><em>l7,</em></strong></span> <span class='ocrx_word' id='word_1_720' title='bbox 1693 4868 1934 4923; x_wconf 87' lang='lat' dir='ltr'><strong><em>scribens</em></strong></span> <span class='ocrx_word' id='word_1_721' title='bbox 1981 4868 2044 4920; x_wconf 88' lang='lat' dir='ltr'><strong><em>ad</em></strong></span> 
     </span>
    </p>
   </div>
   <div class='ocr_carea' id='block_1_94' title="bbox 470 4960 2044 5040">
    <p class='ocr_par' dir='ltr' id='par_1_94' title="bbox 470 4960 2044 5040">
     <span class='ocr_line' id='line_1_95' title="bbox 470 4960 2044 5040; baseline -0.007 -16"><span class='ocrx_word' id='word_1_722' title='bbox 470 4967 695 5040; x_wconf 85' lang='lat' dir='ltr'><strong><em>Gregor.</em></strong></span> <span class='ocrx_word' id='word_1_723' title='bbox 719 4965 942 5028; x_wconf 87' lang='lat' dir='ltr'><strong><em>Turon.,</em></strong></span> <span class='ocrx_word' id='word_1_724' title='bbox 965 4979 1084 5019; x_wconf 90' lang='lat' dir='ltr'><strong><em>cum</em></strong></span> <span class='ocrx_word' id='word_1_725' title='bbox 1110 4977 1272 5032; x_wconf 89' lang='lat' dir='ltr'><strong><em>grave</em></strong></span> <span class='ocrx_word' id='word_1_726' title='bbox 1300 4962 1609 5018; x_wconf 88' lang='lat' dir='ltr'><strong><em>scandalum</em></strong></span> <span class='ocrx_word' id='word_1_727' title='bbox 1639 4960 1704 5014; x_wconf 93' lang='lat' dir='ltr'><strong><em>ad</em></strong></span> <span class='ocrx_word' id='word_1_728' title='bbox 1733 4960 2044 5024; x_wconf 87' lang='lat' dir='ltr'><strong><em>dissidium,</em></strong></span> 
     </span>
    </p>
   </div>
   <div class='ocr_carea' id='block_1_95' title="bbox 473 5051 2046 5134">
    <p class='ocr_par' dir='ltr' id='par_1_95' title="bbox 473 5051 2046 5134">
     <span class='ocr_line' id='line_1_96' title="bbox 473 5051 2046 5134; baseline -0.008 -18"><span class='ocrx_word' id='word_1_729' title='bbox 473 5069 595 5134; x_wconf 89' lang='lat' dir='ltr'><strong><em>post</em></strong></span> <span class='ocrx_word' id='word_1_730' title='bbox 642 5057 844 5114; x_wconf 89' lang='lat' dir='ltr'><strong><em>obitum</em></strong></span> <span class='ocrx_word' id='word_1_731' title='bbox 884 5065 1081 5110; x_wconf 68' lang='lat' dir='ltr'><strong><em>sanctae</em></strong></span> <span class='ocrx_word' id='word_1_732' title='bbox 1120 5054 1500 5124; x_wconf 83' lang='lat' dir='ltr'><strong><em>Radegundis,</em></strong></span> <span class='ocrx_word' id='word_1_733' title='bbox 1543 5053 1595 5106; x_wconf 91' lang='lat' dir='ltr'><strong><em>in</em></strong></span> <span class='ocrx_word' id='word_1_734' title='bbox 1635 5051 1824 5107; x_wconf 90' lang='lat' dir='ltr'><strong><em>eodem</em></strong></span> <span class='ocrx_word' id='word_1_735' title='bbox 1870 5052 2046 5105; x_wconf 83' lang='lat' dir='ltr'><strong><em>Picta-</em></strong></span> 
     </span>
    </p>
   </div>
   <div class='ocr_carea' id='block_1_96' title="bbox 477 5143 2047 5213">
    <p class='ocr_par' dir='ltr' id='par_1_96' title="bbox 477 5143 2047 5213">
     <span class='ocr_line' id='line_1_97' title="bbox 477 5143 2047 5213; baseline -0.004 -9"><span class='ocrx_word' id='word_1_736' title='bbox 477 5152 642 5208; x_wconf 84' lang='lat' dir='ltr'><strong><em>viensi</em></strong></span> <span class='ocrx_word' id='word_1_737' title='bbox 671 5147 997 5206; x_wconf 86' lang='lat' dir='ltr'><strong><em>monasterio</em></strong></span> <span class='ocrx_word' id='word_1_738' title='bbox 1023 5147 1311 5202; x_wconf 83' lang='lat' dir='ltr'><strong><em>excitatum</em></strong></span> <span class='ocrx_word' id='word_1_739' title='bbox 1345 5146 1567 5213; x_wconf 90' lang='lat' dir='ltr'><strong><em>fuisset,</em></strong></span> <span class='ocrx_word' id='word_1_740' title='bbox 1610 5143 1784 5198; x_wconf 91' lang='lat' dir='ltr'><strong><em>eidem</em></strong></span> <span class='ocrx_word' id='word_1_741' title='bbox 1833 5158 2047 5199; x_wconf 87' lang='lat' dir='ltr'><strong><em>causam</em></strong></span> 
     </span>
    </p>
   </div>
   <div class='ocr_carea' id='block_1_97' title="bbox 475 5235 2048 5299">
    <p class='ocr_par' dir='ltr' id='par_1_97' title="bbox 475 5235 2048 5299">
     <span class='ocr_line' id='line_1_98' title="bbox 475 5235 2048 5299; baseline -0.006 -1"><span class='ocrx_word' id='word_1_742' title='bbox 475 5244 757 5299; x_wconf 87' lang='lat' dir='ltr'><strong><em>abbatissae</em></strong></span> <span class='ocrx_word' id='word_1_743' title='bbox 794 5239 1132 5296; x_wconf 85' lang='lat' dir='ltr'><strong><em>commendat</em></strong></span> <span class='ocrx_word' id='word_1_744' title='bbox 1171 5238 1252 5290; x_wconf 87' lang='lat' dir='ltr'><strong><em>his</em></strong></span> <span class='ocrx_word' id='word_1_745' title='bbox 1290 5237 1467 5291; x_wconf 85' lang='lat' dir='ltr'><strong><em>verbis</em></strong></span> <span class='ocrx_word' id='word_1_746' title='bbox 1502 5254 1512 5288; x_wconf 95' lang='lat'><strong>:</strong></span> <span class='ocrx_word' id='word_1_747' title='bbox 1570 5235 1768 5290; x_wconf 84' lang='lat' dir='ltr'><strong><em>Memor</em></strong></span> <span class='ocrx_word' id='word_1_748' title='bbox 1805 5237 1874 5289; x_wconf 86' lang='lat' dir='ltr'><strong><em>sis</em></strong></span> <span class='ocrx_word' id='word_1_749' title='bbox 1911 5252 2048 5290; x_wconf 88' lang='lat' dir='ltr'><strong><em>cont-</em></strong></span> 
     </span>
    </p>
   </div>
   <div class='ocr_carea' id='block_1_98' title="bbox 469 5328 2047 5401">
    <p class='ocr_par' dir='ltr' id='par_1_98' title="bbox 469 5328 2047 5401">
     <span class='ocr_line' id='line_1_99' title="bbox 469 5328 2047 5401; baseline -0.003 -13"><span class='ocrx_word' id='word_1_750' title='bbox 469 5335 805 5388; x_wconf 84' lang='lat' dir='ltr'><strong><em>mendationis</em></strong></span> <span class='ocrx_word' id='word_1_751' title='bbox 843 5332 1000 5386; x_wconf 78' lang='lat' dir='ltr'><strong><em>beata:</em></strong></span> <span class='ocrx_word' id='word_1_752' title='bbox 1038 5330 1239 5382; x_wconf 74' lang='lat' dir='ltr'><strong><em>domum</em></strong></span> <span class='ocrx_word' id='word_1_753' title='bbox 1277 5345 1400 5383; x_wconf 67' lang='lat' dir='ltr'><strong><em>mea:</em></strong></span> <span class='ocrx_word' id='word_1_754' title='bbox 1430 5328 1584 5396; x_wconf 68' lang='lat' dir='ltr'><strong><em>ﬁliae,</em></strong></span> <span class='ocrx_word' id='word_1_755' title='bbox 1615 5329 1692 5381; x_wconf 80' lang='lat' dir='ltr'><strong><em>uel</em></strong></span> <span class='ocrx_word' id='word_1_756' title='bbox 1724 5331 1836 5401; x_wconf 87' lang='lat' dir='ltr'><strong><em>jam</em></strong></span> <span class='ocrx_word' id='word_1_757' title='bbox 1867 5332 2047 5385; x_wconf 88' lang='lat' dir='ltr'><strong><em>matris</em></strong></span> 
     </span>
    </p>
   </div>
   <div class='ocr_carea' id='block_1_99' title="bbox 462 5421 2046 5493">
    <p class='ocr_par' dir='ltr' id='par_1_99' title="bbox 462 5421 2046 5493">
     <span class='ocr_line' id='line_1_100' title="bbox 462 5421 2046 5493; baseline -0.009 -9"><span class='ocrx_word' id='word_1_758' title='bbox 462 5438 642 5485; x_wconf 70' lang='lat' dir='ltr'><strong><em>vestrm</em></strong></span> <span class='ocrx_word' id='word_1_759' title='bbox 661 5469 676 5493; x_wconf 87' lang='lat'><strong><em>,</em></strong></span> <span class='ocrx_word' id='word_1_760' title='bbox 708 5429 910 5481; x_wconf 68' lang='lat' dir='ltr'><strong><em>domum</em></strong></span> <span class='ocrx_word' id='word_1_761' title='bbox 940 5423 1271 5493; x_wconf 73' lang='lat' dir='ltr'><strong><em>Radegunda:</em></strong></span> <span class='ocrx_word' id='word_1_762' title='bbox 1291 5462 1306 5486; x_wconf 93' lang='lat'><strong><em>,</em></strong></span> <span class='ocrx_word' id='word_1_763' title='bbox 1340 5438 1433 5488; x_wconf 90' lang='lat' dir='ltr'><strong><em>pro</em></strong></span> <span class='ocrx_word' id='word_1_764' title='bbox 1463 5421 1563 5474; x_wconf 86' lang='lat' dir='ltr'><strong><em>loci</em></strong></span> <span class='ocrx_word' id='word_1_765' title='bbox 1589 5423 1706 5492; x_wconf 85' lang='lat' dir='ltr'><strong><em>sui,</em></strong></span> <span class='ocrx_word' id='word_1_766' title='bbox 1739 5423 1816 5476; x_wconf 81' lang='lat' dir='ltr'><strong><em>uel</em></strong></span> <span class='ocrx_word' id='word_1_767' title='bbox 1870 5441 2046 5490; x_wconf 77' lang='lat' dir='ltr'><strong><em>perso-</em></strong></span> 
     </span>
    </p>
   </div>
   <div class='ocr_carea' id='block_1_100' title="bbox 469 5516 2045 5593">
    <p class='ocr_par' dir='ltr' id='par_1_100' title="bbox 469 5516 2045 5593">
     <span class='ocr_line' id='line_1_101' title="bbox 469 5516 2045 5593; baseline -0.006 -13"><span class='ocrx_word' id='word_1_768' title='bbox 469 5541 580 5593; x_wconf 66' lang='lat' dir='ltr'><strong><em>nae,</em></strong></span> <span class='ocrx_word' id='word_1_769' title='bbox 615 5524 866 5592; x_wconf 85' lang='lat' dir='ltr'><strong><em>totiusque</em></strong></span> <span class='ocrx_word' id='word_1_770' title='bbox 893 5521 1114 5590; x_wconf 66' lang='lat' dir='ltr'><strong><em>regulis,</em></strong></span> <span class='ocrx_word' id='word_1_771' title='bbox 1147 5516 1420 5571; x_wconf 82' lang='lat' dir='ltr'><strong><em>stabilitate</em></strong></span> <span class='ocrx_word' id='word_1_772' title='bbox 1447 5517 1580 5585; x_wconf 82' lang='lat' dir='ltr'><strong><em>quod</em></strong></span> <span class='ocrx_word' id='word_1_773' title='bbox 1626 5517 1803 5588; x_wconf 83' lang='lat' dir='ltr'><strong><em>petiit,</em></strong></span> <span class='ocrx_word' id='word_1_774' title='bbox 1846 5527 1892 5570; x_wconf 89' lang='lat' dir='ltr'><strong><em>et</em></strong></span> <span class='ocrx_word' id='word_1_775' title='bbox 1934 5533 2045 5571; x_wconf 78' lang='lat' dir='ltr'><strong><em>ver~</em></strong></span> 
     </span>
    </p>
   </div>
   <div class='ocr_carea' id='block_1_101' title="bbox 465 5610 2046 5682">
    <p class='ocr_par' dir='ltr' id='par_1_101' title="bbox 465 5610 2046 5682">
     <span class='ocr_line' id='line_1_102' title="bbox 465 5610 2046 5682; baseline -0.004 -9"><span class='ocrx_word' id='word_1_776' title='bbox 465 5620 645 5674; x_wconf 85' lang='lat' dir='ltr'><strong><em>borum</em></strong></span> <span class='ocrx_word' id='word_1_777' title='bbox 676 5615 751 5669; x_wconf 83' lang='lat' dir='ltr'><strong><em>vel</em></strong></span> <span class='ocrx_word' id='word_1_778' title='bbox 780 5615 1025 5667; x_wconf 79' lang='lat' dir='ltr'><strong><em>uiscerum</em></strong></span> <span class='ocrx_word' id='word_1_779' title='bbox 1056 5610 1425 5682; x_wconf 83' lang='lat' dir='ltr'><strong><em>supplicatione</em></strong></span> <span class='ocrx_word' id='word_1_780' title='bbox 1481 5611 1763 5678; x_wconf 86' lang='lat' dir='ltr'><strong><em>commisit,</em></strong></span> <span class='ocrx_word' id='word_1_781' title='bbox 1806 5612 1878 5665; x_wconf 88' lang='lat' dir='ltr'><strong><em>ita</em></strong></span> <span class='ocrx_word' id='word_1_782' title='bbox 1910 5629 2046 5680; x_wconf 75' lang='lat' dir='ltr'><strong><em>prte-</em></strong></span> 
     </span>
    </p>
   </div>
   <div class='ocr_carea' id='block_1_102' title="bbox 460 5703 2047 5786">
    <p class='ocr_par' dir='ltr' id='par_1_102' title="bbox 460 5703 2047 5786">
     <span class='ocr_line' id='line_1_103' title="bbox 460 5703 2047 5786; baseline -0.003 -19"><span class='ocrx_word' id='word_1_783' title='bbox 460 5712 667 5786; x_wconf 84' lang='lat' dir='ltr'><strong><em>cipiatis</em></strong></span> <span class='ocrx_word' id='word_1_784' title='bbox 703 5705 1096 5781; x_wconf 75' lang='lat' dir='ltr'><strong><em>infatigabiliter</em></strong></span> <span class='ocrx_word' id='word_1_785' title='bbox 1129 5703 1400 5771; x_wconf 83' lang='lat' dir='ltr'><strong><em>laborare,</em></strong></span> <span class='ocrx_word' id='word_1_786' title='bbox 1432 5706 1651 5777; x_wconf 83' lang='lat' dir='ltr'><strong><em>qualiter</em></strong></span> <span class='ocrx_word' id='word_1_787' title='bbox 1688 5707 1796 5778; x_wconf 85' lang='lat' dir='ltr'><strong><em>ipse</em></strong></span> <span class='ocrx_word' id='word_1_788' title='bbox 1828 5707 1963 5762; x_wconf 81' lang='lat' dir='ltr'><strong><em>vobis</em></strong></span> <span class='ocrx_word' id='word_1_789' title='bbox 1994 5709 2047 5764; x_wconf 87' lang='lat' dir='ltr'><strong><em>in</em></strong></span> 
     </span>
    </p>
   </div>
   <div class='ocr_carea' id='block_1_103' title="bbox 2156 4479 3740 4551">
    <p class='ocr_par' dir='ltr' id='par_1_103' title="bbox 2156 4479 3740 4551">
     <span class='ocr_line' id='line_1_104' title="bbox 2156 4479 3740 4551; baseline 0.003 -16"><span class='ocrx_word' id='word_1_790' title='bbox 2156 4481 2473 4551; x_wconf 88' lang='lat' dir='ltr'><strong><em>pensissima</em></strong></span> <span class='ocrx_word' id='word_1_791' title='bbox 2525 4480 2576 4533; x_wconf 92' lang='lat' dir='ltr'><strong><em>in</em></strong></span> <span class='ocrx_word' id='word_1_792' title='bbox 2627 4479 2875 4535; x_wconf 90' lang='lat' dir='ltr'><strong><em>eumdem</em></strong></span> <span class='ocrx_word' id='word_1_793' title='bbox 2929 4479 3204 4536; x_wconf 83' lang='lat' dir='ltr'><strong><em>voluntate</em></strong></span> <span class='ocrx_word' id='word_1_794' title='bbox 3259 4495 3322 4536; x_wconf 90' lang='lat' dir='ltr'><strong><em>ac</em></strong></span> <span class='ocrx_word' id='word_1_795' title='bbox 3371 4482 3740 4539; x_wconf 87' lang='lat' dir='ltr'><strong><em>benevolentia</em></strong></span> 
     </span>
    </p>
   </div>
   <div class='ocr_carea' id='block_1_104' title="bbox 2150 4572 3737 4644">
    <p class='ocr_par' dir='ltr' id='par_1_104' title="bbox 2150 4572 3737 4644">
     <span class='ocr_line' id='line_1_105' title="bbox 2150 4572 3737 4644; baseline 0.001 -16"><span class='ocrx_word' id='word_1_796' title='bbox 2150 4572 2373 4638; x_wconf 79' lang='lat' dir='ltr'><strong><em>exstitit,</em></strong></span> <span class='ocrx_word' id='word_1_797' title='bbox 2407 4579 2465 4626; x_wconf 91' lang='lat' dir='ltr'><strong><em>ut</em></strong></span> <span class='ocrx_word' id='word_1_798' title='bbox 2506 4582 2716 4627; x_wconf 89' lang='lat' dir='ltr'><strong><em>constat</em></strong></span> <span class='ocrx_word' id='word_1_799' title='bbox 2765 4573 2903 4627; x_wconf 91' lang='lat' dir='ltr'><strong><em>inter</em></strong></span> <span class='ocrx_word' id='word_1_800' title='bbox 2931 4581 3124 4627; x_wconf 61' lang='lat' dir='ltr'><strong><em>caetera</em></strong></span> <span class='ocrx_word' id='word_1_801' title='bbox 3163 4589 3226 4627; x_wconf 83' lang='lat' dir='ltr'><strong><em>ex</em></strong></span> <span class='ocrx_word' id='word_1_802' title='bbox 3260 4575 3354 4628; x_wconf 92' lang='lat' dir='ltr'><strong><em>lib.</em></strong></span> <span class='ocrx_word' id='word_1_803' title='bbox 3387 4589 3502 4639; x_wconf 86' lang='lat' dir='ltr'><strong><em>vnt,</em></strong></span> <span class='ocrx_word' id='word_1_804' title='bbox 3533 4590 3650 4644; x_wconf 90' lang='lat' dir='ltr'><strong><em>cap.</em></strong></span> <span class='ocrx_word' id='word_1_805' title='bbox 3684 4576 3737 4640; x_wconf 81' lang='lat'><strong><em>2,</em></strong></span> 
     </span>
    </p>
   </div>
   <div class='ocr_carea' id='block_1_105' title="bbox 2151 4662 3738 4734">
    <p class='ocr_par' dir='ltr' id='par_1_105' title="bbox 2151 4662 3738 4734">
     <span class='ocr_line' id='line_1_106' title="bbox 2151 4662 3738 4734; baseline 0.002 -16"><span class='ocrx_word' id='word_1_806' title='bbox 2151 4663 2252 4734; x_wconf 92' lang='lat' dir='ltr'><strong><em>Op.</em></strong></span> <span class='ocrx_word' id='word_1_807' title='bbox 2283 4662 2595 4730; x_wconf 86' lang='lat' dir='ltr'><strong><em>Fortunati,</em></strong></span> <span class='ocrx_word' id='word_1_808' title='bbox 2631 4664 2718 4734; x_wconf 90' lang='lat' dir='ltr'><strong><em>qui</em></strong></span> <span class='ocrx_word' id='word_1_809' title='bbox 2744 4679 2864 4720; x_wconf 90' lang='lat' dir='ltr'><strong><em>cum</em></strong></span> <span class='ocrx_word' id='word_1_810' title='bbox 2895 4664 2960 4718; x_wconf 90' lang='lat' dir='ltr'><strong><em>ad</em></strong></span> <span class='ocrx_word' id='word_1_811' title='bbox 2989 4664 3236 4721; x_wconf 89' lang='lat' dir='ltr'><strong><em>eumdem</em></strong></span> <span class='ocrx_word' id='word_1_812' title='bbox 3266 4665 3534 4734; x_wconf 88' lang='lat' dir='ltr'><strong><em>proﬁcisci</em></strong></span> <span class='ocrx_word' id='word_1_813' title='bbox 3557 4667 3738 4732; x_wconf 89' lang='lat' dir='ltr'><strong><em>vellet,</em></strong></span> 
     </span>
    </p>
   </div>
   <div class='ocr_carea' id='block_1_106' title="bbox 2149 4757 3382 4828">
    <p class='ocr_par' dir='ltr' id='par_1_106' title="bbox 2149 4757 3382 4828">
     <span class='ocr_line' id='line_1_107' title="bbox 2149 4757 3382 4828; baseline -0.002 -13"><span class='ocrx_word' id='word_1_814' title='bbox 2149 4768 2204 4815; x_wconf 89' lang='lat' dir='ltr'><strong><em>et</em></strong></span> <span class='ocrx_word' id='word_1_815' title='bbox 2231 4774 2260 4812; x_wconf 90' lang='lat' dir='ltr'><strong><em>a</em></strong></span> <span class='ocrx_word' id='word_1_816' title='bbox 2291 4757 2614 4827; x_wconf 82' lang='lat' dir='ltr'><strong><em>Radegunde</em></strong></span> <span class='ocrx_word' id='word_1_817' title='bbox 2639 4760 2976 4824; x_wconf 90' lang='lat' dir='ltr'><strong><em>retineretur,</em></strong></span> <span class='ocrx_word' id='word_1_818' title='bbox 3028 4757 3143 4812; x_wconf 87' lang='lat' dir='ltr'><strong><em>haec</em></strong></span> <span class='ocrx_word' id='word_1_819' title='bbox 3175 4759 3382 4828; x_wconf 85' lang='lat' dir='ltr'><strong><em>inquit:</em></strong></span> 
     </span>
    </p>
   </div>
   <div class='ocr_carea' id='block_1_107' title="bbox 2244 4849 3554 4912">
    <p class='ocr_par' dir='ltr' id='par_1_107' title="bbox 2244 4849 3554 4912">
     <span class='ocr_line' id='line_1_108' title="bbox 2244 4849 3554 4912; baseline -0.001 -11"><span class='ocrx_word' id='word_1_820' title='bbox 2244 4853 2323 4901; x_wconf 80' lang='lat' dir='ltr'><strong><em>Me</em></strong></span> <span class='ocrx_word' id='word_1_821' title='bbox 2347 4857 2485 4900; x_wconf 85' lang='lat' dir='ltr'><strong><em>vocat</em></strong></span> <span class='ocrx_word' id='word_1_822' title='bbox 2504 4849 2618 4898; x_wconf 85' lang='lat' dir='ltr'><strong><em>inde</em></strong></span> <span class='ocrx_word' id='word_1_823' title='bbox 2640 4857 2798 4910; x_wconf 87' lang='lat' dir='ltr'><strong><em>pater,</em></strong></span> <span class='ocrx_word' id='word_1_824' title='bbox 2825 4849 3022 4899; x_wconf 85' lang='lat' dir='ltr'><strong><em>radians</em></strong></span> <span class='ocrx_word' id='word_1_825' title='bbox 3048 4849 3322 4898; x_wconf 87' lang='lat' dir='ltr'><strong><em>Germanus</em></strong></span> <span class='ocrx_word' id='word_1_826' title='bbox 3339 4851 3387 4898; x_wconf 89' lang='lat' dir='ltr'><strong><em>in</em></strong></span> <span class='ocrx_word' id='word_1_827' title='bbox 3411 4849 3554 4912; x_wconf 88' lang='lat' dir='ltr'><strong><em>orbe,</em></strong></span> 
     </span>
    </p>
   </div>
   <div class='ocr_carea' id='block_1_108' title="bbox 2304 4912 3434 4973">
    <p class='ocr_par' dir='ltr' id='par_1_108' title="bbox 2304 4912 3434 4973">
     <span class='ocr_line' id='line_1_109' title="bbox 2304 4912 3434 4973; baseline 0 -13"><span class='ocrx_word' id='word_1_828' title='bbox 2304 4912 2430 4962; x_wconf 85' lang='lat' dir='ltr'><strong><em>Hinc</em></strong></span> <span class='ocrx_word' id='word_1_829' title='bbox 2455 4915 2641 4961; x_wconf 87' lang='lat' dir='ltr'><strong><em>retinet</em></strong></span> <span class='ocrx_word' id='word_1_830' title='bbox 2664 4919 2846 4972; x_wconf 83' lang='lat' dir='ltr'><strong><em>mater,</em></strong></span> <span class='ocrx_word' id='word_1_831' title='bbox 2875 4924 2953 4960; x_wconf 86' lang='lat' dir='ltr'><strong><em>me</em></strong></span> <span class='ocrx_word' id='word_1_832' title='bbox 2977 4917 3117 4973; x_wconf 86' lang='lat' dir='ltr'><strong><em>vocat</em></strong></span> <span class='ocrx_word' id='word_1_833' title='bbox 3142 4913 3254 4960; x_wconf 89' lang='lat' dir='ltr'><strong><em>inde</em></strong></span> <span class='ocrx_word' id='word_1_834' title='bbox 3275 4921 3434 4973; x_wconf 85' lang='lat' dir='ltr'><strong><em>pater.</em></strong></span> 
     </span>
    </p>
   </div>
   <div class='ocr_carea' id='block_1_109' title="bbox 2241 4972 3550 5035">
    <p class='ocr_par' dir='ltr' id='par_1_109' title="bbox 2241 4972 3550 5035">
     <span class='ocr_line' id='line_1_110' title="bbox 2241 4972 3550 5035; baseline -0.001 -11"><span class='ocrx_word' id='word_1_835' title='bbox 2241 4975 2406 5024; x_wconf 88' lang='lat' dir='ltr'><strong><em>Dulcis</em></strong></span> <span class='ocrx_word' id='word_1_836' title='bbox 2429 4982 2644 5034; x_wconf 87' lang='lat' dir='ltr'><strong><em>uterque</em></strong></span> <span class='ocrx_word' id='word_1_837' title='bbox 2669 4973 2804 5035; x_wconf 87' lang='lat' dir='ltr'><strong><em>mihi,</em></strong></span> <span class='ocrx_word' id='word_1_838' title='bbox 2839 4982 2951 5035; x_wconf 86' lang='lat' dir='ltr'><strong><em>voto</em></strong></span> <span class='ocrx_word' id='word_1_839' title='bbox 2969 4972 3301 5035; x_wconf 80' lang='lat' dir='ltr'><strong><em>amplectente</em></strong></span> <span class='ocrx_word' id='word_1_840' title='bbox 3323 4973 3550 5034; x_wconf 74' lang='lat' dir='ltr'><strong><em>cohaesit;</em></strong></span> 
     </span>
    </p>
   </div>
   <div class='ocr_carea' id='block_1_110' title="bbox 2306 5034 3396 5098">
    <p class='ocr_par' dir='ltr' id='par_1_110' title="bbox 2306 5034 3396 5098">
     <span class='ocr_line' id='line_1_111' title="bbox 2306 5034 3396 5098; baseline -0.001 -14"><span class='ocrx_word' id='word_1_841' title='bbox 2306 5037 2488 5084; x_wconf 83' lang='lat' dir='ltr'><strong><em>Plenus</em></strong></span> <span class='ocrx_word' id='word_1_842' title='bbox 2514 5047 2682 5084; x_wconf 87' lang='lat' dir='ltr'><strong><em>amore</em></strong></span> <span class='ocrx_word' id='word_1_843' title='bbox 2708 5034 2823 5095; x_wconf 90' lang='lat' dir='ltr'><strong><em>Dei,</em></strong></span> <span class='ocrx_word' id='word_1_844' title='bbox 2849 5034 3005 5084; x_wconf 89' lang='lat' dir='ltr'><strong><em>dulcis</em></strong></span> <span class='ocrx_word' id='word_1_845' title='bbox 3029 5034 3242 5098; x_wconf 87' lang='lat' dir='ltr'><strong><em>uterque</em></strong></span> <span class='ocrx_word' id='word_1_846' title='bbox 3259 5036 3396 5086; x_wconf 87' lang='lat' dir='ltr'><strong><em>mihi.</em></strong></span> 
     </span>
    </p>
   </div>
   <div class='ocr_carea' id='block_1_111' title="bbox 2223 5137 3729 5211">
    <p class='ocr_par' dir='ltr' id='par_1_111' title="bbox 2223 5137 3729 5211">
     <span class='ocr_line' id='line_1_112' title="bbox 2223 5137 3729 5211; baseline -0.001 -14"><span class='ocrx_word' id='word_1_847' title='bbox 2223 5142 2318 5198; x_wconf 84' lang='lat' dir='ltr'><strong><em>llic</em></strong></span> <span class='ocrx_word' id='word_1_848' title='bbox 2341 5142 2426 5197; x_wconf 92' lang='lat' dir='ltr'><strong><em>ille</em></strong></span> <span class='ocrx_word' id='word_1_849' title='bbox 2456 5141 2554 5196; x_wconf 88' lang='lat' dir='ltr'><strong><em>fuit</em></strong></span> <span class='ocrx_word' id='word_1_850' title='bbox 2595 5140 2892 5197; x_wconf 89' lang='lat' dir='ltr'><strong><em>Germanus</em></strong></span> <span class='ocrx_word' id='word_1_851' title='bbox 2921 5157 2948 5195; x_wconf 90' lang='lat' dir='ltr'><strong><em>a</em></strong></span> <span class='ocrx_word' id='word_1_852' title='bbox 2998 5156 3104 5211; x_wconf 91' lang='lat' dir='ltr'><strong><em>quo</em></strong></span> <span class='ocrx_word' id='word_1_853' title='bbox 3132 5142 3331 5211; x_wconf 83' lang='lat' dir='ltr'><strong><em>Agnes,</em></strong></span> <span class='ocrx_word' id='word_1_854' title='bbox 3383 5137 3729 5202; x_wconf 85' lang='lat' dir='ltr'><strong><em>Pictaviensis</em></strong></span> 
     </span>
    </p>
   </div>
   <div class='ocr_carea' id='block_1_112' title="bbox 2153 5234 3733 5302">
    <p class='ocr_par' dir='ltr' id='par_1_112' title="bbox 2153 5234 3733 5302">
     <span class='ocr_line' id='line_1_113' title="bbox 2153 5234 3733 5302; baseline -0.003 -11"><span class='ocrx_word' id='word_1_855' title='bbox 2153 5234 2464 5291; x_wconf 89' lang='lat' dir='ltr'><strong><em>monasterii</em></strong></span> <span class='ocrx_word' id='word_1_856' title='bbox 2522 5235 2814 5302; x_wconf 89' lang='lat' dir='ltr'><strong><em>abbatissa,</em></strong></span> <span class='ocrx_word' id='word_1_857' title='bbox 2872 5241 3182 5289; x_wconf 86' lang='lat' dir='ltr'><strong><em>consecrata</em></strong></span> <span class='ocrx_word' id='word_1_858' title='bbox 3237 5240 3340 5298; x_wconf 89' lang='lat' dir='ltr'><strong><em>est,</em></strong></span> <span class='ocrx_word' id='word_1_859' title='bbox 3399 5239 3456 5285; x_wconf 92' lang='lat' dir='ltr'><strong><em>ut</em></strong></span> <span class='ocrx_word' id='word_1_860' title='bbox 3520 5242 3733 5288; x_wconf 89' lang='lat' dir='ltr'><strong><em>constat</em></strong></span> 
     </span>
    </p>
   </div>
   <div class='ocr_carea' id='block_1_113' title="bbox 2151 5323 3730 5398">
    <p class='ocr_par' dir='ltr' id='par_1_113' title="bbox 2151 5323 3730 5398">
     <span class='ocr_line' id='line_1_114' title="bbox 2151 5323 3730 5398; baseline -0.003 -12"><span class='ocrx_word' id='word_1_861' title='bbox 2151 5344 2213 5386; x_wconf 80' lang='lat' dir='ltr'><strong><em>ex</em></strong></span> <span class='ocrx_word' id='word_1_862' title='bbox 2245 5328 2550 5385; x_wconf 88' lang='lat' dir='ltr'><strong><em>testimonio</em></strong></span> <span class='ocrx_word' id='word_1_863' title='bbox 2577 5327 2917 5398; x_wconf 82' lang='lat' dir='ltr'><strong><em>Radegundis</em></strong></span> <span class='ocrx_word' id='word_1_864' title='bbox 2945 5329 3084 5396; x_wconf 89' lang='lat' dir='ltr'><strong><em>apud</em></strong></span> <span class='ocrx_word' id='word_1_865' title='bbox 3108 5324 3332 5395; x_wconf 87' lang='lat' dir='ltr'><strong><em>Gregor.</em></strong></span> <span class='ocrx_word' id='word_1_866' title='bbox 3383 5323 3612 5392; x_wconf 85' lang='lat' dir='ltr'><strong><em>Turon.,</em></strong></span> <span class='ocrx_word' id='word_1_867' title='bbox 3638 5325 3730 5382; x_wconf 89' lang='lat' dir='ltr'><strong><em>lib.</em></strong></span> 
     </span>
    </p>
   </div>
   <div class='ocr_carea' id='block_1_114' title="bbox 2152 5417 3736 5494">
    <p class='ocr_par' dir='ltr' id='par_1_114' title="bbox 2152 5417 3736 5494">
     <span class='ocr_line' id='line_1_115' title="bbox 2152 5417 3736 5494; baseline -0.001 -16"><span class='ocrx_word' id='word_1_868' title='bbox 2152 5439 2226 5489; x_wconf 73' lang='grc' dir='ltr'><strong><em>ιχ,</em></strong></span> <span class='ocrx_word' id='word_1_869' title='bbox 2257 5438 2374 5494; x_wconf 90' lang='lat' dir='ltr'><strong><em>cap.</em></strong></span> <span class='ocrx_word' id='word_1_870' title='bbox 2403 5422 2494 5489; x_wconf 64' lang='lat' dir='ltr'><strong><em>liii,</em></strong></span> <span class='ocrx_word' id='word_1_871' title='bbox 2524 5440 2590 5478; x_wconf 79' lang='lat' dir='ltr'><strong><em>ex</em></strong></span> <span class='ocrx_word' id='word_1_872' title='bbox 2620 5438 2724 5492; x_wconf 88' lang='lat' dir='ltr'><strong><em>quo</em></strong></span> <span class='ocrx_word' id='word_1_873' title='bbox 2751 5420 2974 5490; x_wconf 89' lang='lat' dir='ltr'><strong><em>intelligi</em></strong></span> <span class='ocrx_word' id='word_1_874' title='bbox 3005 5426 3184 5489; x_wconf 87' lang='lat' dir='ltr'><strong><em>potest</em></strong></span> <span class='ocrx_word' id='word_1_875' title='bbox 3213 5433 3458 5489; x_wconf 86' lang='lat' dir='ltr'><strong><em>magnam</em></strong></span> <span class='ocrx_word' id='word_1_876' title='bbox 3492 5417 3617 5474; x_wconf 89' lang='lat' dir='ltr'><strong><em>inde</em></strong></span> <span class='ocrx_word' id='word_1_877' title='bbox 3640 5434 3736 5476; x_wconf 83' lang='lat' dir='ltr'><strong><em>ne-</em></strong></span> 
     </span>
    </p>
   </div>
   <div class='ocr_carea' id='block_1_115' title="bbox 2150 5513 3735 5575">
    <p class='ocr_par' dir='ltr' id='par_1_115' title="bbox 2150 5513 3735 5575">
     <span class='ocr_line' id='line_1_116' title="bbox 2150 5513 3735 5575; baseline -0.004 -1"><span class='ocrx_word' id='word_1_878' title='bbox 2150 5519 2490 5575; x_wconf 87' lang='lat' dir='ltr'><strong><em>cessitudinis</em></strong></span> <span class='ocrx_word' id='word_1_879' title='bbox 2519 5531 2581 5572; x_wconf 91' lang='lat' dir='ltr'><strong><em>ac</em></strong></span> <span class='ocrx_word' id='word_1_880' title='bbox 2608 5514 2992 5572; x_wconf 72' lang='lat' dir='ltr'><strong><em>benevolentiae</em></strong></span> <span class='ocrx_word' id='word_1_881' title='bbox 3021 5527 3234 5568; x_wconf 83' lang='lat' dir='ltr'><strong><em>causam</em></strong></span> <span class='ocrx_word' id='word_1_882' title='bbox 3261 5514 3346 5568; x_wconf 87' lang='lat' dir='ltr'><strong><em>vel</em></strong></span> <span class='ocrx_word' id='word_1_883' title='bbox 3389 5527 3510 5568; x_wconf 90' lang='lat' dir='ltr'><strong><em>cum</em></strong></span> <span class='ocrx_word' id='word_1_884' title='bbox 3541 5513 3735 5570; x_wconf 83' lang='lat' dir='ltr'><strong><em>Fortu-</em></strong></span> 
     </span>
    </p>
   </div>
   <div class='ocr_carea' id='block_1_116' title="bbox 2152 5611 2655 5668">
    <p class='ocr_par' dir='ltr' id='par_1_116' title="bbox 2152 5611 2655 5668">
     <span class='ocr_line' id='line_1_117' title="bbox 2152 5611 2655 5668; baseline -0.006 0"><span class='ocrx_word' id='word_1_885' title='bbox 2152 5625 2276 5668; x_wconf 88' lang='lat' dir='ltr'><strong><em>nato</em></strong></span> <span class='ocrx_word' id='word_1_886' title='bbox 2331 5611 2655 5665; x_wconf 82' lang='lat' dir='ltr'><strong><em>interfuisse.</em></strong></span> 
     </span>
    </p>
   </div>
   <div class='ocr_carea' id='block_1_117' title="bbox 2224 5697 3730 5775">
    <p class='ocr_par' dir='ltr' id='par_1_117' title="bbox 2224 5697 3730 5775">
     <span class='ocr_line' id='line_1_118' title="bbox 2224 5697 3730 5775; baseline -0.001 -17"><span class='ocrx_word' id='word_1_887' title='bbox 2224 5703 2310 5764; x_wconf 66' lang='grc'><strong><em>64.</em></strong></span> <span class='ocrx_word' id='word_1_888' title='bbox 2343 5701 2507 5759; x_wconf 85' lang='lat' dir='ltr'><strong><em>Felici</em></strong></span> <span class='ocrx_word' id='word_1_889' title='bbox 2536 5703 2718 5768; x_wconf 86' lang='lat' dir='ltr'><strong><em>etiam,</em></strong></span> <span class='ocrx_word' id='word_1_890' title='bbox 2773 5705 3023 5775; x_wconf 86' lang='lat' dir='ltr'><strong><em>episcopo</em></strong></span> <span class='ocrx_word' id='word_1_891' title='bbox 3066 5697 3433 5770; x_wconf 77' lang='lat' dir='ltr'><strong><em>Namnetensi,</em></strong></span> <span class='ocrx_word' id='word_1_892' title='bbox 3469 5700 3585 5756; x_wconf 84' lang='lat' dir='ltr'><strong><em>viro</em></strong></span> <span class='ocrx_word' id='word_1_893' title='bbox 3609 5715 3730 5765; x_wconf 83' lang='lat' dir='ltr'><strong><em>cum</em></strong></span> 
     </span>
    </p>
   </div>
  </div>
