4020 6346
247 341 304 408 tt
859 331 865 344 '
920 325 928 332 ’
1009 325 1014 329 ’
1427 330 1584 402 Vtra
1623 336 1850 402 VENAN

1991 336 2409 405 ronruuart
2759 315 2766 319 ’
2959 315 2964 323 ’
3450 336 3523 404 te

249 463 520 522 nobilitate
576 457 791 532 generis
820 501 837 528 ,
893 468 1003 515 tum
1049 459 1244 516 virtute
1292 459 1456 515 animi
1512 459 1824 531 conspicuo,
1854 461 2527 530 Asteritatisjacuissent.
2573 459 2770 530 Quanti
2823 473 2950 515 vero
2981 457 3267 530 Gregorius
3317 460 3524 519 faceret

252 568 497 628 acceptus
523 557 578 612 in
609 556 797 626 primis
822 569 884 610 ac
921 554 1188 626 iucundus
1217 554 1313 610 fuit
1347 574 1358 609 :
1400 554 1562 625 iduue
1593 555 1835 610 indicant

251 649 440 719 scripta
471 648 538 702 ad
562 647 712 702 illum
741 646 1015 700 Fortunati
1039 646 1300 711 carmina,
1341 655 1396 700 et
1423 646 1564 701 illius
1595 645 1661 700 ad
1693 647 1837 701 hunc

252 743 438 797 litterae
489 756 624 812 quas
667 740 844 811 legere
872 746 954 793 est
979 738 1013 793 1.
1048 753 1123 805 ιιι,
1151 752 1270 808 cap.
1303 735 1358 802 4,
1404 735 1438 790 5
1460 745 1516 793 et
1547 752 1659 807 seq.
1693 736 1836 792 idem

258 834 390 905 apud
415 833 725 898 Leontium,
756 831 1059 900 episcopum
1104 829 1555 899 Burdigalensem,
1585 839 1636 884 et
1665 825 1841 883 Placi-

261 927 459 991 dinam,
483 923 602 994 ejus
622 923 752 978 olim
783 935 1026 988 uxorem,
1076 921 1354 975 mulierem
1407 934 1473 976 ex
1497 919 1841 988 imperatoria

254 1014 478 1084 familia,
537 1015 596 1069 in
653 1014 840 1085 primis
893 1027 1038 1076 vero,
1076 1010 1357 1082 singularis
1417 1011 1652 1082 pietatis.
1684 1010 1840 1065 laude

252 1118 599 1181 praestantem
627 1149 643 1174 ,
673 1123 779 1162 non
827 1106 1068 1162 intimum
1099 1107 1274 1161 locum
1319 1108 1488 1161 tenuit
1516 1105 1843 1161 benevolen-

255 1205 339 1258 tiae
367 1214 422 1259 et
450 1202 660 1272 gratiae,
686 1212 744 1257 ut
769 1210 952 1270 aperte
978 1209 1240 1256 testantur
1263 1215 1431 1254 carm.
1457 1198 1545 1263 15,
1575 1199 1641 1252 16
1666 1210 1721 1255 et
1751 1201 1839 1268 17,

255 1295 289 1350 1.
318 1311 354 1350 l.
375 1295 542 1360 Libro
564 1310 694 1350 vero
717 1309 790 1358 tv,
820 1308 940 1362 cap.
969 1293 1059 1359 10,
1090 1301 1268 1348 exstat
1316 1308 1526 1362 poema,
1566 1293 1707 1363 quod
1731 1293 1845 1363 ipse

257 1388 470 1459 scripsit
500 1390 552 1444 in
587 1389 746 1444 funus
773 1387 1012 1458 ejusdem
1044 1387 1270 1452 Leontii,
1297 1387 1348 1441 in
1388 1403 1494 1458 quo
1545 1387 1713 1456 ipsius
1753 1400 1846 1458 ge-

258 1485 398 1537 neris
419 1483 707 1548 nobilitati,
738 1497 802 1537 ac
835 1481 1038 1544 virtuti,
1061 1489 1116 1535 et
1141 1480 1194 1534 in
1216 1495 1432 1552 gregem
1462 1495 1616 1535 suum
1642 1479 1847 1535 seduli-

260 1575 370 1638 tati,
419 1586 531 1629 tum
583 1575 725 1640 apud
779 1588 934 1645 reges
978 1573 1282 1630 auctoritati
1335 1582 1390 1629 et
1445 1573 1628 1645 gratiae
1683 1571 1847 1628 refert

259 1661 524 1733 egregium
558 1662 945 1717 testimonium.

323 1754 410 1811 ϐξ.
443 1754 581 1822 Quid
628 1769 757 1810 vero
787 1754 854 1808 de
903 1753 1214 1823 Euphronio
1241 1752 1440 1820 dicam,
1470 1750 1711 1806 antistite
1740 1749 1848 1806 Tu-

260 1847 518 1902 ronensi?
549 1846 675 1918 quid
704 1847 771 1901 de
800 1845 1027 1911 Nicetio,
1051 1847 1305 1916 episcopo
1345 1843 1678 1911 Trevirensi,
1728 1851 1839 1908 aut,
1873 1827 1922 1887 B

261 1941 346 2010 qui
378 1940 527 1995 illum
569 1938 802 2007 excepit,
845 1937 1184 2008 Magnerico?
1212 1939 1277 1992 ad
1325 1953 1459 2008 quos
1485 1936 1725 2006 singulos
1749 1949 1844 1989 ex-

261 2039 398 2086 stant
427 2032 642 2098 scripta:
671 2029 944 2084 Fortunati
975 2029 1235 2098 epistolae,
1277 2044 1370 2083 seu
1399 2029 1653 2093 carmina,
1686 2027 1724 2081 1.
1755 2025 1844 2093 111,

266 2135 416 2191 capp.
446 2124 500 2188 1,
531 2119 590 2188 2,
621 2119 676 2186 5,
705 2119 794 2188 11,
823 2120 892 2175 12
944 2129 997 2174 et
1025 2120 1110 2176 15.
1135 2119 1247 2175 Nec
1275 2134 1403 2175 vero
1449 2116 1846 2188 prmtereundus

263 2224 469 2270 sanctus
501 2214 783 2276 Martinus,
831 2211 1070 2267 Gallicim
1096 2213 1399 2283 episcopus,
1431 2211 1520 2266 ille
1562 2211 1651 2281 qui
1705 2208 1847 2265 Sue-

270 2322 382 2373 vos,
443 2307 683 2363 Gallicize
716 2305 941 2371 incolas,
994 2321 1025 2360 a
1077 2316 1295 2375 paterna
1355 2304 1730 2374 superstitione
1780 2301 1848 2357 ad

269 2398 622 2454 Christianam
660 2399 968 2469 religionem
999 2398 1420 2468 amplectendam
1469 2396 1750 2462 convertit,
1781 2394 1848 2449 ad

267 2505 414 2561 quem
469 2492 597 2546 item
649 2491 972 2546 Fortunatus
1031 2490 1314 2559 epistolam
1343 2487 1574 2557 scripsit,
1639 2486 1848 2555 plenam

270 2583 569 2638 amicissimi
599 2581 875 2649 desiderii,
922 2592 976 2638 et
997 2595 1211 2653 poema,
1245 2580 1298 2635 in
1324 2595 1429 2649 quo
1472 2578 1713 2648 ejusdem
1745 2579 1850 2633 vir-

272 2684 438 2740 uites,
483 2683 538 2728 ct
590 2689 716 2745 erga
768 2689 984 2745 gregem
1037 2688 1191 2728 suum
1245 2672 1435 2728 merita
1485 2671 1848 2728 commendat.

270 2765 433 2821 Habes
458 2765 547 2820 illa
585 2765 624 2820 l.
654 2780 707 2832 v,
739 2781 789 2822 «τ.
820 2765 844 2818 1
878 2775 932 2821 et
951 2764 1004 2819 2.

333 2845 418 2909 66.
453 2854 743 2910 Addendus
772 2857 855 2909 his
891 2854 1100 2922 Avitus,
1152 2859 1434 2924 episcopus
1466 2853 1846 2919 Arvernensis,

273 2958 298 2997 a
324 2961 426 3015 quo
455 2946 685 3015 Gregor.
717 2944 919 3001 Turou.
951 2945 1018 3001 ad
1044 2947 1278 3001 studium
1328 2946 1626 3000 divinarum
1660 2958 1844 3021 rerum

270 3053 322 3093 se
350 3040 642 3094 excitatum
676 3039 840 3095 fuisse
893 3055 955 3095 ac
987 3050 1333 3110 provocatum
1361 3045 1752 3093 commemorat
1792 3040 1843 3091 in

271 3132 396 3187 libro
415 3133 480 3188 de
507 3132 640 3188 Vitis
657 3133 893 3198 Patrum,
916 3148 1035 3202 cap.
1052 3131 1107 3186 2.
1135 3133 1181 3188 Is
1208 3134 1367 3202 igitur
1390 3133 1441 3187 in
1465 3133 1649 3201 primis
1667 3129 1849 3184 dilexit

276 3224 636 3292 Fortunatum,
667 3225 743 3280 uti
769 3225 881 3296 jam
907 3224 1188 3296 conjuncta
1214 3227 1425 3297 utrique
1444 3241 1565 3280 cum
1585 3222 1842 3294 Gregorio
1876 3192 1923 3257 α

271 3320 604 3374 necessitudo
628 3319 925 3390 efﬂagitare
958 3320 1260 3376 videbatur.
1292 3321 1456 3375 Porro
1481 3334 1602 3374 cum
1635 3319 1843 3385 Avitus,

271 3422 416 3464 sacro
438 3409 784 3467 Pentecostes
805 3406 910 3477 die,
937 3412 1214 3482 plusquam
1239 3413 1564 3482 quingentos
1588 3411 1845 3467 Hebraeos

276 3506 337 3558 ad
367 3503 641 3562 Christum
702 3506 1071 3573 convertisset,
1105 3505 1210 3562 hoc
1236 3507 1351 3576 ejus
1383 3505 1598 3572 factum,
1643 3507 1849 3575 prolixo

269 3602 520 3666 carmine,
579 3611 896 3670 prosecutus
941 3610 1024 3657 est
1053 3600 1397 3670 Fortunatus,
1454 3600 1692 3672 Gregorii
1729 3600 1850 3655 ltor-

273 3701 398 3748 law.

346 3784 436 3840 67.
467 3785 575 3840 Sed
607 3801 676 3842 ne
723 3787 961 3858 singulos
993 3800 1434 3852 commemorem,
1465 3786 1555 3856 qui
1588 3784 1851 3840 Fortuna-

278 3885 383 3930 tum
414 3877 786 3934 benevolentia
835 3887 890 3935 et
937 3877 1124 3935 ofliciis
1179 3878 1526 3934 humanitatis
1580 3877 1850 3946 complexi

269 3967 424 4026 fuisse
448 3971 943 4041 deprehenduntur,
1001 3974 1072 4027 sit
1095 3987 1230 4027 unus
1267 3986 1364 4041 pro
1409 3969 1657 4024 omnibus
1686 3968 1752 4034 is,
1781 3967 1852 4024 de

267 4079 367 4133 quo
392 4079 554 4136 supra
583 4066 911 4122 mentionem
955 4057 1197 4128 fecimus,
1230 4061 1536 4132 Gregorius,
1569 4062 1851 4120 Turonen-

267 4160 337 4212 sis
381 4159 629 4224 antistes,
689 4160 771 4213 vir
799 4150 941 4214 cum
989 4157 1119 4213 sede
1145 4171 1207 4211 ac
1232 4155 1376 4220 loco,
1426 4164 1535 4209 tum
1569 4152 1762 4223 pietate
1789 4165 1853 4208 ac

273 4250 512 4306 doctrina
564 4234 923 4306 clarissimus:
943 4251 1114 4317 Quam
1141 4265 1268 4304 vero
1297 4248 1412 4319 ipse
1442 4247 1687 4316 diligeret
1717 4245 1851 4300 For-

267 4349 536 4408 tunatam,
566 4355 631 4396 ac
659 4351 855 4412 quanta
886 4342 1026 4397 inter
1054 4351 1311 4411 utrosque
1341 4337 1573 4394 amicitia
1604 4351 1667 4392 ac
1697 4336 1851 4390 fami-

269 4432 468 4488 liaritas
499 4423 880 4500 intercederet,
937 4444 1043 4488 tam
1075 4434 1251 4488 multa:
1280 4441 1336 4487 et
1359 4431 1561 4486 crebra:
1607 4430 1672 4484 ad
1702 4430 1848 4486 illum

270 4526 479 4594 scriptae
508 4523 730 4595 hujusce
753 4524 944 4580 littera:
968 4539 1065 4581 seu
1085 4525 1320 4578 carmina
1355 4524 1628 4578 declarant
1653 4522 1704 4577 itt
1736 4523 1854 4593 qui-

270 4614 365 4668 bus
390 4616 434 4670 is
453 4614 594 4669 haud
621 4630 778 4671 secus
801 4631 961 4685 quam
990 4616 1042 4671 in
1070 4625 1344 4685 parentem
1370 4629 1428 4670 se
1454 4613 1700 4669 affectum
1728 4631 1850 4671 csse

272 4705 522 4771 ostendit,
554 4721 618 4761 ac
655 4708 889 4763 vicissim
933 4706 1074 4762 illius
1124 4709 1450 4777 prtecipttum
1497 4721 1622 4776 erga
1651 4721 1709 4761 se
1738 4715 1847 4760 stu~

271 4797 411 4852 dium
435 4808 490 4854 et
517 4799 937 4856 benevolentiam
991 4809 1342 4856 contestatur.
1372 4800 1505 4854 Cum
1537 4809 1735 4867 autem,
1766 4814 1854 4855 re-

273 4892 483 4957 gionum
515 4893 795 4949 intervallo
836 4893 1130 4962 sejunctus,
1158 4894 1336 4948 minus
1383 4908 1540 4962 quam
1573 4893 1731 4946 vellet
1753 4891 1854 4962 ipsi

273 4985 457 5040 adesse
510 4993 566 5040 et
619 4985 735 5055 ejus
785 4986 1068 5056 praesentia
1121 4988 1221 5041 frui
1280 4995 1478 5055 posset,
1533 4987 1853 5044 desiderium

274 5089 423 5130 suum
465 5077 763 5132 litterarum
823 5077 1122 5148 frequentia
1165 5079 1562 5148 compensabat.
1615 5077 1685 5134 Ut
1713 5079 1852 5134 enim

278 5165 382 5228 ipse
434 5169 504 5223 de
530 5184 588 5223 se
623 5170 921 5239 profitetur,
953 5171 991 5225 l.
1039 5187 1092 5236 v,
1122 5185 1172 5226 c.
1213 5169 1297 5237 14,
1347 5171 1586 5226 scribens
1611 5170 1674 5225 ad
1704 5186 1856 5227 eum-

282 5253 393 5307 dem
422 5257 736 5331 Gregorium
767 5278 782 5315 :

369 5371 560 5449 iugiter
582 5384 695 5434 opto
717 5377 894 5449 libens,
919 5389 1058 5429 sacer
1075 5378 1420 5449 amplectende
1441 5378 1670 5442 Gregori,

427 5439 645 5503 Cernere
669 5449 752 5486 vos
773 5439 945 5503 oculis,
963 5439 1190 5503 quaerere
1213 5441 1461 5492 litterulis.

366 5498 521 5566 Dulce
544 5499 714 5548 videre
739 5502 874 5562 mihi,
898 5498 954 5566 ac
975 5498 1018 5566 si
1041 5504 1169 5552 desit
1191 5505 1326 5566 copia
1353 5505 1509 5566 cerui,

429 5562 556 5622 Spes
581 5567 677 5610 erit
697 5566 852 5611 oranti
877 5563 957 5612 vel
983 5564 1101 5613 dare
1127 5562 1276 5613 verba
1302 5565 1450 5614 Patri.

349 5664 434 5722 68.
467 5666 638 5736 llujus
671 5683 832 5722 suasu
861 5670 1010 5736 plura
1049 5669 1267 5739 scripsit
1321 5681 1412 5724 aut
1455 5671 1623 5725 edidit
1666 5671 1857 5725 Fortu-

288 5771 450 5828 natus,
482 5779 625 5832 quaa,
659 5764 761 5818 nisi
791 5763 904 5832 ejus
947 5767 1184 5818 hortatus
1227 5775 1281 5820 et
1308 5765 1564 5835 impulsus
1597 5767 1856 5821 accessis.

281 5865 382 5922 εμ-
410 5855 636 5912 fortasse
667 5857 934 5924 perpetuis
972 5858 1025 5912 in
1081 5858 1316 5914 tenebris
1360 5876 1422 5915 ac
1468 5861 1733 5916 ub‘irioue
1764 5877 1856 5934 po-

562 5951 840 6015 PATBOL.
890 5954 1296 6016 LXXXVIII.

1940 555 2139 625 scripta
2187 555 2484 622 Fortunati,
2535 571 2598 610 ac
2644 557 2822 625 quanti
2874 555 3132 610 interesse
3169 555 3520 612 arbitraretur

1941 648 2126 704 eadem
2151 649 2416 719 publicam
2444 649 2496 704 in
2525 648 2696 703 lucem
2731 647 2978 718 proferri,
3013 647 3135 703 inde
3167 648 3387 720 intelligi
3419 664 3518 719 po-

1943 748 2065 808 test,
2096 741 2236 813 quod
2269 757 2374 798 non
2405 742 2593 798 leviter
2632 757 2751 797 cum
2803 742 2920 810 ipso
2968 741 3192 810 agendo,
3239 742 3333 797 sed
3374 744 3528 800 obte-

1945 835 2142 888 stando
2172 843 2227 889 et
2251 833 2550 904 adjurando
2573 835 2639 888 ab
2668 849 2733 889 eo
2759 832 3118 898 contenderit,
3148 848 3252 903 quo
3284 835 3524 892 carmina

1944 937 2039 978 sua
2093 933 2149 980 et
2195 926 2297 980 alia
2344 925 2609 996 Opuscula
2657 925 2712 981 in
2764 941 2924 979 unum
2973 925 3221 980 volumen
3278 927 3526 997 colligata

1944 1017 2240 1087 evulgaret.
2272 1016 2328 1072 Id
2377 1031 2444 1072 ex
2493 1019 2658 1088 ipsius
2708 1015 2984 1071 Fortunati
3016 1017 3321 1071 testimonio
3367 1017 3531 1076 disci-

1948 1124 2090 1179 mus,
2125 1111 2195 1166 ita
2228 1112 2514 1167 scribentis
2543 1111 2608 1164 ad
2639 1111 2827 1179 Greg.,
2857 1109 2950 1164 lib.
3004 1125 3041 1176 ι,
3092 1124 3212 1178 cap.
3242 1112 3266 1165 1
3306 1130 3319 1165 :
3361 1110 3526 1178 Unde,

1945 1201 2022 1255 uir
2050 1202 2346 1270 apostolice,
2381 1202 2708 1272 prmdicande
2734 1219 2867 1272 papa
2896 1200 3131 1271 Gregori,
3161 1203 3282 1272 quia
3317 1203 3532 1257 viriliter

1945 1295 2155 1364 ﬂagitas
2201 1306 2258 1349 ut
2302 1295 2536 1365 quaedam
2585 1310 2649 1348 ea:
2690 1293 2946 1364 opusculis
2991 1293 3257 1362 imperitia:
3295 1310 3417 1348 utea:
3441 1293 3533 1348 tibi

1948 1387 2303 1456 transferenda
2332 1391 2634 1456 proferrem,
2667 1400 2899 1439 mearum
2943 1399 3190 1453 nugarum
3233 1385 3460 1438 admiror
3482 1393 3534 1439 te

1948 1494 2124 1532 amore
2145 1478 2355 1545 seduci;
2390 1493 2454 1534 ac
2485 1493 2673 1532 rursus
2708 1495 2721 1531 :
2757 1477 2866 1533 Sed
2884 1477 3125 1547 quoniam
3155 1476 3395 1531 humilem
3434 1478 3532 1532 im-

1947 1569 2174 1640 pulsum,
2203 1570 2446 1624 alacriter
2489 1570 2661 1623 acrius
2688 1569 3009 1629 renitentem.
3041 1567 3133 1624 sub
3179 1570 3534 1634 testiﬁcatione

1948 1657 2110 1713 diuini
2141 1661 2392 1730 mysterii,
2419 1669 2468 1714 et
2495 1659 2765 1730 splendore
2795 1659 3039 1714 uirtutum
3071 1660 3344 1714 beatissimi
3382 1659 3533 1715 Mar-

1950 1752 2068 1818 tini,
2112 1755 2412 1825 conjurans,
2464 1753 2688 1806 hortaris
2736 1751 2913 1806 sedqu
2961 1760 3016 1805 ut
3061 1762 3239 1807 contra
3286 1753 3536 1822 pudorem

1949 1859 2115 1897 meum
2145 1845 2371 1898 deducor
2416 1846 2470 1898 in
2503 1843 2790 1914 publicum,
2821 1852 2924 1898 etc.
2956 1841 3120 1896 Libro
3152 1858 3274 1898 vero
3318 1860 3369 1910 v,
3413 1859 3533 1915 cap.

1949 1935 2004 2001 5,
2037 1951 2098 1992 se
2125 1937 2251 1991 item
2285 1939 2442 1992 abeo
2473 1937 2538 1991 ad
2570 1936 2907 1993 scribendum
2949 1937 3224 1991 incitatum
3262 1939 3445 1993 scribit
3469 1939 3537 1996 iis

1950 2029 2131 2085 verbis
2167 2047 2182 2086 :
2213 2030 2456 2102 fnstigas,
2493 2029 2651 2084 Pater
2682 2031 2892 2099 optime,
2923 2031 3054 2083 seria
3079 2032 3386 2096 curiositate,
3431 2034 3538 2086 sine

1949 2140 2066 2178 cera
2095 2134 2264 2178 tamen
2294 2124 2587 2188 dulcedine,
2631 2124 2860 2178 carmine
2904 2123 3153 2193 elinguem
3202 2124 3456 2194 proloqui,
3489 2135 3538 2178 et

1951 2231 2151 2270 currere
2198 2217 2437 2287 pinguem
2483 2233 2629 2270 uersu
2679 2215 2920 2285 pedestri.
2958 2214 3150 2269 Eadem
3191 2215 3300 2270 fere
3329 2215 3533 2281 scribit,

1951 2307 1989 2366 l.
2020 2325 2099 2375 tx,
2127 2324 2176 2364 c.
2203 2309 2256 2365 6.

2023 2399 2109 2456 69.
2143 2401 2318 2473 Atque
2346 2403 2462 2459 haec
2493 2404 2634 2458 inter
2659 2403 2900 2458 carmina
2925 2419 3042 2474 quae
3073 2412 3195 2458 tunc
3215 2403 3379 2458 edidit
3409 2403 3538 2458 For-

1953 2504 2170 2551 tunatus
2200 2497 2350 2567 plura
2379 2507 2506 2553 sunt
2532 2513 2648 2568 quae
2678 2498 2744 2552 ad
2777 2498 3090 2568 Gregorium
3122 2498 3294 2568 ipsum
3340 2498 3537 2567 scripta

1952 2589 2192 2658 fuerunt,
2226 2600 2385 2662 atque
2431 2590 2550 2661 ejus
2581 2591 2835 2645 virtutum
2870 2591 3075 2646 laudem
3108 2599 3162 2646 et
3199 2589 3539 2646 commenda-

1953 2681 2151 2737 tionem
2184 2684 2636 2753 complectuntur.
2670 2681 2749 2739 Ac
2776 2683 2918 2738 inter
2943 2692 3133 2737 caetera
3182 2682 3308 2736 tllud
3338 2683 3535 2736 eminet

1953 2776 2006 2829 in
2038 2776 2245 2846 primis,
2282 2779 2424 2846 quod
2453 2787 2630 2833 exstat
2680 2777 2774 2832 lib.
2810 2794 2863 2845 v,
2907 2791 3026 2847 cap.
3075 2779 3128 2842 5,
3177 2775 3430 2844 scriptum
3470 2774 3536 2830 ad

1957 2866 2106 2922 cives
2137 2867 2504 2938 Turonenses,
2549 2883 2654 2938 quo
2683 2868 2869 2924 iisdem
2905 2868 3193 2922 Venantius
3221 2869 3536 2937 gratulatur,

1953 2944 2112 3029 quod.
2144 2959 2435 3032 Gregorius
2484 2961 2741 3017 Ecclesiae
2803 2959 2947 3015 illius
2991 2960 3274 3029 episcopus
3327 2968 3538 3015 creatus

1957 3051 2171 3120 fuisset,
2205 3067 2267 3108 ac
2294 3053 2436 3109 bona
2464 3054 2531 3110 iis
2561 3054 2743 3110 omnia
2773 3067 2836 3108 ex
2879 3050 3145 3122 pontificis
3190 3052 3271 3106 sui
3301 3051 3537 3136 adventu

1955 3161 2019 3201 ac
2047 3148 2337 3216 praesentia
2369 3147 2656 3204 ominatur.

2023 3239 2124 3294 70."
2161 3239 2274 3308 Qua
2318 3254 2448 3294 vero
2509 3239 2564 3295 in
2617 3255 2677 3295 se
2720 3237 3083 3296 munificentia
3123 3255 3184 3296 ac
3223 3239 3539 3296 liberalitate

1940 3328 2092 3387 'idem
2121 3331 2415 3403 Gregorius
2447 3341 2612 3401 esset,
2642 3333 2836 3402 passim
2865 3334 2977 3388 suis
3009 3333 3059 3387 in
3090 3333 3415 3387 carminibus
3444 3333 3535 3386 de-

1950 3427 2140 3496 clarat,
2173 3438 2336 3497 atque
2366 3437 2426 3484 ut
2453 3429 2522 3485 de
2553 3428 2764 3484 caeteris
2789 3438 3016 3496 taceam,
3041 3429 3133 3484 lib.
3162 3445 3270 3497 vm,
3295 3444 3413 3498 cap.
3441 3429 3533 3496 25,

1952 3530 2220 3576 memorat
2251 3522 2356 3577 sibi
2388 3521 2455 3578 ab
2504 3521 2598 3577 illo
2647 3522 2879 3594 agellum
2929 3523 3223 3592 praestitum
3270 3523 3433 3578 fuisse
3471 3523 3538 3578 ad

1952 3613 2264 3669 alimoniam
2312 3629 2374 3670 ac
2418 3624 2646 3671 caeteros
2673 3626 2939 3686 sumptus,
2973 3617 3024 3671 in
3072 3631 3178 3685 quo
3225 3617 3538 3671 munificen-

1957 3705 2082 3761 tiam
2137 3706 2374 3777 ejusdem
2419 3708 2631 3764 confert
2679 3724 2798 3763 cum
2845 3708 3166 3764 liberalitate
3194 3708 3363 3762 sancti
3402 3708 3539 3762 Mar-

1955 3798 2072 3864 tini,
2123 3813 2243 3855 cum
2295 3799 2384 3855 hic
2432 3801 2500 3856 de
2545 3809 2693 3869 parte
2740 3799 3038 3870 chlamydis
3085 3815 3195 3855 suae
3241 3799 3449 3881 nudum‘
3480 3809 3535 3854 et

1953 3901 2200 3960 egentem
2231 3892 2489 3957 contexit,
2524 3891 2604 3946 his
2633 3892 2879 3947 versibus
2913 3909 2924 3944 :

2049 3981 2257 4047 Munitici
2281 3996 2514 4047 reparans
2535 3983 2724 4034 Martini
2749 3991 2908 4047 gesta,
2932 3983 3162 4047 Gregort,

2106 4045 2256 4109 'l'exit
2271 4053 2326 4095 ut
2344 4045 2434 4095 ille
2455 4046 2644 4109 habitu,
2669 4045 2873 4096 nos'alis.
2887 4050 2991 4109 ipse
3019 4045 3148 4096 cibo.

2050 4107 2430 4173 Utcltlamydem
2456 4107 2540 4158 ille
2563 4112 2711 4171 prius,
2737 4111 2808 4157 sic
2825 4117 2878 4173 tu
2896 4107 3086 4173 partiris
3100 4107 3348 4173 agellum;

2108 4169 2199 4220 Ille
2233 4169 2448 4233 tegendo
2471 4169 2664 4233 potens,
2688 4177 2843 4234 tuque
2859 4169 3066 4221 favendo
3082 4169 3284 4221 de'cens.

1955 4252 2121 4324 Cujus
2165 4254 2381 4323 quidem
2433 4253 2591 4324 agelli
2635 4255 2794 4309 situm
2835 4263 2888 4310 et
2937 4254 3301 4311 amoenitatem
3331 4256 3532 4313 descri-

1955 4343 2109 4408 bens,
2143 4359 2190 4399 c.
2215 4343 2287 4398 24
2316 4345 2556 4414 ejusdem
2589 4344 2732 4410 libri,
2765 4343 2880 4399 haec
2909 4343 2984 4399 ait
3015 4361 3029 4399 :

2050 4435 2104 4486 In
2137 4449 2230 4498 qua
2253 4445 2387 4486 sorte
2409 4435 2504 4486 loci
2527 4437 2647 4485 facta
2672 4441 2748 4485 est
2767 4436 2959 4498 collatio
2978 4436 3109 4498 doni,

2112 4497 2217 4557 Qua
2243 4498 2466 4561 Vlgenna
2488 4511 2663 4560 procax
2686 4498 2850 4547 littore
2871 4497 3053 4559 frangit
3074 4497 3239 4560 aquas.

2053 4560 2286 4622 Lapsibus
2310 4560 2360 4610 et
2386 4561 2581 4610 tumidis
2602 4561 2715 4610 dum
2732 4561 2889 4609 fertur
2908 4569 3051 4622 nauta
3078 4565 3267 4622 carinis,

2144 4635 2297 4685 ugera
2320 4624 2451 4672 culta
2477 4623 2630 4682 videt,
2654 4623 2844 4684 quando
2867 4621 3090 4672 celeuma
3109 4625 3253 4673 canit.

2027 4705 2115 4760 71.
2149 4706 2402 4775 Ejusdem
2435 4721 2564 4760 vero
2589 4705 2642 4759 in
2665 4721 2724 4760 se
2754 4705 2945 4760 collata
2988 4722 3206 4761 munera
3238 4723 3300 4762 ac
3329 4710 3531 4765 beneﬁ-

1957 4799 2037 4854 cia
2079 4799 2384 4854 summatim
2437 4799 2822 4868 complectens,
2866 4799 2903 4852 l.
2952 4814 3066 4864 vnt,
3117 4815 3166 4854 c.
3213 4800 3304 4867 25,
3347 4818 3530 4858 eorum

1959 4890 2380 4962 magnitudinem
2407 4907 2470 4946 ac
2501 4907 2779 4948 numerum
2808 4891 3080 4963 exprimit,
3111 4892 3357 4963 inquiens
3388 4913 3399 4947 :

2053 4986 2272 5044 Gurgitis
2291 4987 2338 5034 in
2361 4999 2546 5048 morem
2570 4987 2610 5034 si
2630 4985 2797 5049 lingua
2822 4986 3003 5034 ﬂuenta
3027 4986 3235 5049 rigaret,

2113 5049 2329 5098 Turbine
2354 5049 2588 5098 torrentis
2610 5048 2689 5098 vel
2716 5055 2975 5109 raperetur
2997 5048 3153 5110 aquis,

2054 5112 2129 5174 Ad
2148 5120 2229 5159 tua
2253 5112 2497 5174 praecipue
2521 5112 2759 5174 praeconia
2783 5123 2984 5174 summa,
3005 5111 3234 5174 Gregori,

2113 5173 2238 5222 Dum
2254 5170 2358 5223 ’που
2379 5170 2632 5232 explerem
2661 5173 2881 5232 flumine,
2901 5179 3038 5232 gutta
3062 5170 3232 5223 forem:

2052 5235 2429 5298 Muiniticutnque
2452 5233 2886 5298 Patremraequaret
2913 5247 3005 5298 nec
3033 5233 3166 5298 Musa
3185 5234 3414 5298 Maronis,

2117 5297 2241 5347 Fers
2258 5295 2382 5346 bona
2401 5304 2579 5359 quanta
2604 5295 2740 5358 mihi,
2767 5298 2876 5359 quis
2894 5296 3024 5347 valet
3043 5307 3128 5345 ore
3155 5295 3312 5357 loqui!

2033 5379 2122 5436 72.
2146 5381 2282 5448 Quid
2301 5392 2478 5437 autem
2502 5381 2734 5450 reliquos
2755 5395 3061 5436 enumerem
3079 5395 3211 5450 quos
3231 5379 3311 5433 sui
3334 5380 3534 5437 amicos

1959 5487 2022 5529 ac
2051 5484 2307 5544 patronos
2339 5473 2522 5528 habuit
2543 5472 2597 5527 in
2625 5471 2788 5527 Gallis
2815 5469 3167 5526 Fortunatus?
3209 5470 3384 5542 Reges
3414 5472 3535 5529 dico

1961 5580 2022 5620 ac
2053 5566 2316 5635 principes
2341 5566 2504 5630 viros,
2539 5564 2730 5634 quibus
2761 5574 2864 5617 tam
2892 5573 3164 5631 acceptum
3196 5572 3355 5633 atque
3384 5569 3533 5621 omni

1963 5670 2203 5729 tempore
2229 5658 2523 5729 jucundum
2555 5667 2610 5712 et
2640 5657 2858 5713 charum
2891 5655 3139 5711 eumdem
3188 5657 3370 5724 fuisse,
3417 5675 3537 5727 per-

1960 5767 2233 5823 magnum,
2266 5768 2384 5806 tneo
2414 5751 2627 5822 quidem
2651 5749 2875 5821 judicio,
2919 5765 3038 5806 cum
3071 5751 3266 5822 ingenii
3316 5752 3433 5818 ejus
3481 5759 3535 5805 e‘

1963 5847 2240 5913 doctrinm,
2279 5855 2389 5901 tum
2421 5847 2541 5900 vitm
2571 5844 2909 5914 integritatis,
2943 5855 3097 5913 atque
3145 5847 3302 5899 etiam
3345 5845 3535 5913 cujus-

3021 5939 3062 5999 2
