4020 6346
476 345 564 421 43'
1004 339 1528 417 rnonnconsua
1576 361 1664 414 AD
1706 356 2030 415 vemurn
2076 355 2235 417 non.
2275 359 2484 417 enen.
2526 358 2919 421 FORTUNATI
2957 342 3218 421 optanti
3676 367 3745 422 tt

472 475 597 533 dam
645 474 698 528 in
727 471 974 527 familiari
1013 474 1396 530 consuetudine
1436 472 1750 529 urbanitatis
1798 488 1861 528 ac
1908 472 2059 529 fesli-
2087 474 2481 543 Agiosissimis
2511 477 2674 533 fuisse
2720 486 2779 533 ut
2823 493 2917 548 per
2962 494 3180 546 annum,
3213 492 3277 533 ac
3319 492 3477 535 sacro
3509 484 3749 540 maxime

471 567 673 632 vitatis,
705 574 789 618 est
816 564 1198 619 testimonium.
1230 565 1397 634 Supra
1425 562 1533 633 jam
1565 563 1800 619 diximus
1830 579 1987 633 quam
2014 565 2057 621 is
2091 620 2105 637 ,

474 662 762 736 Sigiberlo,
797 661 908 726 regi
941 660 1253 723 Anstrasiae,
1281 670 1464 729 gratus
1494 667 1637 712 esset
1664 667 1717 712 et
1745 657 2010 727 jucundus
2039 676 2051 712 :

470 755 557 808 cui
588 752 815 807 addendi
850 752 1086 821 ejusdem
1118 751 1327 813 fratres,
1358 748 1725 815 Cliaribertus,
1758 750 2051 805 Gnntram-

470 862 594 913 nus,
620 846 986 915 Chilpericus,
1018 854 1071 898 et
1110 843 1358 912 Sigiberti
1392 842 1531 897 filius
1563 840 1675 913 (qui
1707 853 1891 912 postea
1942 842 2051 896 Au-

468 942 677 996 slrasire
730 954 951 1008 regnum
998 934 1214 1005 tenuit),
1261 933 1652 1000 Childebertus,
1699 950 1816 988 cum
1860 934 2056 1005 reginis

467 1035 580 1088 suis
632 1030 991 1095 Brun‘rchilde,
1043 1027 1416 1091 Gelesuintha,
1452 1023 1823 1097 Fredegunde,
1870 1040 1931 1079 ac
1969 1040 2055 1080 re—

468 1124 570 1193 giis
618 1120 855 1184 familiis,
888 1118 1027 1187 apud
1075 1132 1209 1186 quos
1260 1117 1607 1171 Fortunatum
1659 1117 1709 1169 iu
1762 1115 1964 1169 honore
1994 1130 2055 1169 ac

464 1218 639 1286 pretio
669 1214 856 1279 fuisse,
891 1220 969 1268 tot
997 1212 1063 1266 de
1092 1211 1175 1266 bis
1206 1220 1364 1282 atque
1404 1211 1467 1265 ad
1502 1211 1648 1281 ipsos
1679 1211 1875 1280 scripta
1928 1224 2055 1280 poe-

464 1317 604 1363 mata
635 1306 830 1375 passim
865 1312 1153 1358 testantur.

535 1399 624 1454 75.
655 1396 771 1453 Jam
805 1410 935 1451 vero
965 1404 1160 1466 praeter
1200 1393 1500 1463 Gogonem,
1537 1391 1765 1463 Lupum,
1818 1392 2055 1462 Magqu-

456 1490 647 1563 phum,
679 1489 953 1555 Jovinum,
980 1497 1031 1543 et
1058 1486 1194 1541 alios
1223 1486 1288 1541 de
1317 1485 1509 1556 quibus
1534 1500 1692 1555 supra
1728 1485 2053 1540 mentionem

460 1586 586 1655 feci,
618 1584 1015 1641 Mummulenus
1047 1582 1230 1648 etiam,
1264 1582 1344 1635 vir
1383 1580 1492 1633 illis
1523 1579 1852 1649 temporibus
1881 1579 2057 1650 digni-

458 1691 569 1738 tate
600 1688 883 1751 praestaus,
918 1687 971 1733 et
1000 1679 1139 1732 inter
1189 1691 1316 1730 suos
1358 1674 1742 1742 nobilissimus,
1794 1674 2055 1731 amicissi-

456 1789 581 1830 mus
608 1772 884 1830 Fortunati
910 1772 1028 1825 fuit.
1062 1768 1163 1824 Hic
1192 1768 1343 1824 illum
1389 1770 1605 1838 egregie
1656 1768 1835 1824 laudat
1885 1768 1923 1823 l.
1954 1782 2050 1834 vn,

2166 569 2622 641 quadragesimali
2652 580 2914 641 tempore,
2947 572 2999 626 iu
3032 571 3203 625 locum
3232 572 3531 643 quempiam
3554 575 3622 629 ab
3653 574 3748 631 ho-

2164 661 2364 713 minum
2400 662 2697 731 frequentia
2730 673 2995 718 remotum
3035 664 3370 731 secederent,
3404 666 3456 721 in
3486 682 3589 737 quo
3620 683 3747 738 pre-

2164 750 2318 807 cibus
2350 754 2449 809 soli
2480 769 2541 809 ac
2559 754 2783 825 jejuuiis
2816 766 3087 812 vacarent.
3121 756 3194 811 Ita
3224 757 3291 813 de
3315 768 3505 814 sancto
3532 759 3748 819 Senoch

2162 859 2342 903 narrat
2372 850 2531 921 Greg.
2566 852 2721 920 Tur.,
2779 853 2872 909 lib.
2923 852 2990 910 de
3022 854 3155 910 Vitis
3203 854 3444 925 Patrum,
3483 874 3603 929 cap.
3656 862 3746 927 15,

2161 940 2301 1009 quod
2334 957 2362 995 a
2393 942 2481 998 die
2512 945 2684 999 sancti
2715 942 2954 1011 Martini,
2984 960 3153 1015 usque
3180 946 3243 1001 ad
3274 946 3513 1004 Natalem
3552 949 3750 1007 Christi

2161 1032 2325 1101 diem,
2352 1043 2405 1088 et
2437 1050 2628 1091 rursus
2663 1037 3012 1108 quadraginta
3042 1047 3167 1093 ante
3194 1038 3394 1099 Pascha
3421 1040 3609 1096 diebus
3633 1042 3751 1098 cel-

2159 1126 2265 1181 lula
2293 1128 2510 1183 virebat
2542 1130 2814 1198 inclusus;
2847 1132 3079 1201 itemque
3109 1132 3177 1187 de
3208 1133 3518 1189 Berecuudo
3547 1137 3596 1203 ⁸,
3622 1150 3754 1205 pou»~

2160 1220 2305 1276 tifice
2350 1220 2698 1279 Ambianensi
2743 1234 2925 1279 narrat
2973 1233 3157 1279 auctor
3209 1224 3466 1296 Gregorio
3511 1243 3752 1297 coaevus,

2164 1313 2305 1382 quod
2332 1326 2599 1370 secretum
2631 1319 2687 1370 in
2720 1317 2893 1372 locum
2921 1317 3228 1383 recedebat,
3259 1327 3315 1374 ut
3340 1333 3495 1375 sacro
3520 1322 3751 1391 quadra-

2159 1403 2403 1473 gesimali
2456 1415 2700 1476 tempore
2749 1408 3053 1463 divinarum
3092 1423 3271 1465 rerum
3311 1411 3751 1480 contemplationi

2160 1508 2374 1553 vacaret
2398 1498 2712 1569 impensius.

2233 1588 2322 1644 76.
2358 1590 2525 1647 Porro
2554 1607 2673 1648 eam
2704 1594 2768 1649 ad
2799 1609 2914 1648 rem
2948 1595 3243 1665 aptissimae
3286 1596 3633 1653 occurrebant
3662 1596 3748 1652 iu-

2160 1683 2322 1751 sulae,
2357 1700 2499 1754 quae,
2534 1688 2671 1741 mari
2701 1686 2934 1758 undique
2964 1689 3321 1757 circumfusae,
3364 1689 3750 1759 frequentiores

2162 1777 2437 1834 hominum
2468 1780 2726 1836 arcebant
2751 1796 3026 1866 accessus.
3057 1782 3193 1838 Hinc
3219 1782 3289 1837 de
3318 1781 3573 1848 Palladio,
3603 1782 3753 1839 San-

458 1884 508 1923 co
543 1867 632 1934 14.
664 1882 726 1921 30
756 1866 793 1921 Ιο
822 1882 895 1930 ιι,
928 1880 976 1919 ο·
1006 1862 1064 1931 ἳν
1118 1861 1305 1917 “Vibii
1356 1861 1422 1915 ad
1454 1860 1701 1915 eumdem
1748 1860 2054 1916 εοηεοιθιο·
2085 1846 2135 1909 Β
2172 1872 2388 1927 tonensi
2436 1874 2717 1943 episcopo,
2767 1886 2950 1931 narrat
2986 1858 3299 1947 Gregorius,
3348 1875 3439 1930 lib.
3489 1846 3579 1930 vin
3610 1876 3746 1932 llist.

455 1961 593 2017 riam
643 1960 924 2030 epistolam
970 1972 1066 2028 pro
1101 1966 1273 2011 morte
1305 1957 1499 2027 puellae
1544 1956 1689 2011 filiai.
1722 1956 1851 2011 Item
1880 1956 2054 2025 Papu-

458 2060 577 2123 lus',
630 2056 710 2111 vir
755 2054 893 2125 apud
941 2052 1264 2123 Sigibertum
1316 2052 1741 2121 potentissimus,
1786 2050 2052 2118 Berulfus,

456 2153 666 2219 Coudo,
699 2138 1059 2217 Gunduarius,
1110 2149 1269 2211 Boso,
1324 2147 1681 2216 Galactorius,
1722 2146 2050 2211 Chrodinus,

455 2242 801 2307 Mummolus,
828 2250 883 2297 et
928 2240 1017 2295 alii
1046 2254 1168 2295 cum
1199 2240 1401 2295 virtute
1446 2254 1509 2293 ac
1538 2239 1799 2310 dignitate
1830 2236 2051 2307 praecel-

456 2335 630 2390 lentes
680 2334 800 2400 viri,
859 2344 967 2388 tum
1017 2332 1157 2402 apud
1205 2347 1359 2401 reges
1390 2346 1517 2387 suos
1548 2332 1794 2387 honorati
1845 2339 1899 2384 et
1926 2342 2051 2399 gra-

458 2429 617 2494 tiosi,
643 2429 911 2497 prmcipua
960 2427 1331 2483 benevolentia
1372 2427 1620 2483 eumdem
1664 2425 1927 2496 prosecuti
1956 2423 2051 2479 de-

450 2521 877 2595 prehenduntur.
930 2520 1081 2589 Quod
1133 2529 1313 2576 autem
1364 2520 1429 2575 ad
1477 2520 1594 2591 ejus
1628 2516 2051 2574 commendatio-

454 2630 603 2683 nem,
648 2630 772 2671 meo
801 2613 1018 2685 quidem
1046 2613 1276 2684 judicio,
1308 2613 1489 2669 valere
1537 2612 1825 2683 plurimum
1868 2611 2048 2679 debet,

454 2707 591 2762 illud
623 2716 727 2775 est,
762 2707 903 2778 quod
930 2722 1053 2763 cum
1083 2706 1297 2762 illorum
1329 2722 1461 2779 quos
1507 2706 1780 2763 nominavi
1811 2707 2051 2777 plerique

452 2802 602 2855 varia
656 2801 871 2856 fortuna
902 2802 984 2855 usi
1032 2800 1307 2855 interdum
1338 2802 1467 2867 sint,
1500 2816 1564 2856 ac
1594 2801 1835 2857 nonnulli
1884 2800 1966 2855 vel
1993 2800 2049 2856 in

450 2910 610 2965 reges
641 2896 788 2965 ipsos
818 2894 1270 2966 conSpiraveriut,
1303 2904 1394 2950 aut
1421 2877 1489 2950 ab
1514 2895 1701 2951 iisdem
1731 2894 2048 2963 defecerint,

455 2988 546 3043 alii
597 2989 849 3058 gravibus
898 2989 965 3044 de
1011 2990 1189 3044 causis
1246 2988 1481 3058 suspecti
1531 2999 1584 3042 ct
1631 2987 1819 3042 offensi
1873 2989 2047 3042 locum

452 3098 608 3137 suum
629 3090 684 3137 et
705 3082 926 3151 gradum
955 3082 1256 3148 amiserint,
1286 3092 1339 3137 et
1368 3081 1562 3136 exsilio
1592 3089 1685 3134 aut
1708 3089 1880 3134 morte
1904 3080 2046 3134 mul-

452 3176 551 3229 tati
599 3173 902 3229 miserrime
947 3173 1271 3237 interierint,
1327 3186 1465 3226 unus
1512 3187 1648 3241 pene
1696 3172 2040 3239 Fortunatus,

458 3219 551 3229 ”“”““
599 3219 901 3229 """"'""""
948 3219 1159 3228 """"""
1177 3219 1271 3237 ""7
1331 3219 1462 3226 ““’“”
1513 3219 1646 3241 Y""
1696 3219 1717 3226 '
1744 3219 1790 3227 "
1807 3219 2040 3239 ““““’”’““’1

452 3266 601 3320 nulla
632 3280 867 3335 unquam
899 3264 967 3319 de
997 3280 1157 3320 causa
1191 3265 1483 3319 accersitus
1513 3272 1605 3318 aut
1650 3275 1927 3333 suSpectus
1969 3262 2045 3318 ιε-
2070 3219 2120 3284 0

454 3359 599 3429 gitur
628 3356 818 3427 fuisse,
846 3373 947 3413 nec
976 3372 1160 3413 eorum
1195 3374 1331 3429 quos
1358 3357 1713 3413 amicissimos
1740 3368 1794 3413 et
1816 3357 2044 3427 conjun-

456 3450 728 3506 Ctissimos
778 3450 1009 3505 habebat
1058 3452 1336 3505 calamitas
1391 3449 1468 3505 illi
1526 3466 1629 3519 qua
1676 3449 1815 3519 apud
1873 3449 2047 3520 Reges

455 3544 734 3599 fruebatur
760 3543 947 3614 gratia:
996 3543 1175 3598 offecit
1200 3542 1488 3613 aliquando
1521 3561 1534 3596 :
1568 3543 1708 3613 quod
1746 3557 1939 3614 magno
1967 3542 2048 3598 iu-

454 3639 597 3697 dicio
623 3649 706 3695 est
734 3639 806 3694 ita
837 3638 1088 3695 eumdem
1135 3638 1596 3695 nobilissimorum
1645 3638 1881 3693 virorum
1912 3639 2046 3693 ami-

452 3736 610 3791 citias
658 3735 910 3802 coluisse,
962 3744 1018 3790 ut
1061 3734 1201 3789 idem
1248 3735 1441 3789 alienis
1494 3749 1524 3788 a
1572 3747 1800 3803 persona
1851 3747 1947 3789 sua
1992 3740 2049 3790 et

456 3830 625 3901 gradu
655 3827 886 3901 negotiis
913 3843 1035 3884 sese
1062 3844 1168 3884 non
1209 3828 1563 3895 immisceret,
1591 3837 1771 3900 atque,
1800 3829 1870 3884 ab
1898 3828 2049 3886 omni

462 3925 692 3993 partium
726 3924 901 3979 studio
926 3923 1156 3990 alienus,
1187 3922 1329 3993 quod
1356 3938 1513 3979 suum
1544 3931 1663 3979 erat
1704 3937 1840 3993 opus
1867 3936 2049 3993 perse-

452 4024 731 4086 queretur,
760 4016 905 4085 pacis
935 4023 1094 4082 atque
1118 4014 1213 4068 otii
1244 4015 1473 4070 amicus.

529 4107 620 4164 74.
656 4108 899 4177 Spatium
935 4120 1064 4161 vero
1094 4107 1351 4176 temporis
1381 4107 1595 4177 aliquod
1629 4106 1887 4161 habitavit
1911 4102 2047 4161 For-

459 4208 676 4255 tunatus
700 4199 754 4252 in
780 4213 843 4253 ea
876 4195 1162 4253 Britanuize
1203 4198 1427 4254 minoris
1457 4207 1608 4268 parte
1638 4214 1757 4269 qua:
1784 4198 1852 4253 ad
1879 4199 2050 4254 Ocea-

451 4306 582 4347 num
630 4291 826 4361 posita,
871 4290 989 4360 ejus
1038 4290 1291 4346 ﬂuctibus
1321 4290 1541 4346 alluitur
1568 4305 1631 4347 ac
1660 4292 1911 4362 cingitur.
1963 4292 2053 4348 Sic

457 4383 599 4440 enim
654 4384 770 4453 ipse
801 4383 988 4439 scribit
1035 4384 1102 4439 ad
1146 4384 1381 4441 Felicem
1413 4384 1856 4455 Namnetensem,
1888 4386 1925 4440 l.
1968 4400 2051 4455 ut,

457 4492 575 4546 cap.
594 4476 629 4529 4
656 4494 667 4529 :
697 4477 957 4531 Uscitaute
981 4493 1060 4531 me
1087 4494 1245 4550 prope
1264 4479 1487 4548 ﬁnitima
1510 4480 1681 4550 pelagi
1706 4480 2053 4535 blandimento

457 4571 716 4625 naturalis
743 4572 961 4641 torporis
991 4574 1044 4626 in
1072 4571 1223 4641 lecto,
1267 4583 1314 4628 et
1344 4572 1562 4628 liltorali
1592 4573 1783 4629 diutius
1829 4575 1881 4629 in
1910 4590 2052 4627 mar-

458 4666 577 4736 gine
619 4665 931 4733 decubante,
978 4667 1145 4720 subito
1194 4684 1283 4737 per
1330 4667 1635 4740 undifragos
1678 4668 1826 4722 vestri
1856 4670 2046 4738 ﬂuctus

460 4760 672 4829 eloquii,
702 4761 850 4830 quasi
874 4760 1100 4829 scopulis
1143 4761 1519 4816 incurrentibus
1555 4761 1700 4830 elisa,
1740 4762 1864 4816 salis
1892 4777 2046 4834 spar-

459 4856 578 4930 gine
606 4870 685 4909 me
712 4854 925 4927 contigit
946 4854 1186 4910 irrorari.
1212 4854 1357 4910 Idem
1382 4856 1623 4911 scribens
1649 4855 1717 4912 ad
1751 4856 2046 4914 Drucouem

461 4950 639 5019 Diac.,
674 4950 765 5005 lib.
791 4963 873 5017 ιιι,
906 4963 1025 5021 cap.
1060 4950 1150 5017 55,
1179 4949 1296 5005 haec
1316 4951 1389 5004 ait
1424 4967 1437 5003 :

552 5068 653 5133 Nos
675 5070 824 5117 maris
843 5066 1026 5133 Oceani
1048 5067 1283 5133 tumidum
1302 5066 1798 5133 circumﬂuitteqttor,

612 5131 688 5181 Te
710 5144 910 5194 quoque
936 5131 1173 5188 Parisius,
1198 5130 1347 5179 cbare
1373 5132 1572 5192 sodalis,
1602 5130 1773 5181 habet.

553 5196 785 5256 Sequana
813 5203 863 5242 te
886 5195 1207 5257 retinet,rnos
1234 5194 1361 5241 unda
1394 5194 1669 5243 Britannica
1688 5194 1860 5257 cingit.

617 5231 813 5306 [Sivisos
837 5257 1001 5313 terris,
1026 5231 1191 5316 aliigat
1216 5268 1342 5303 unus
1366 5269 1520 5305 amor.

552 5320 659 5370 Non
683 5320 815 5367 furor
844 5318 921 5366 hic
948 5317 1115 5380 Pelagi
1140 5320 1325 5366 vultum
1346 5318 1467 5368 mihi
1506 5318 1749 5369 subtrahit
1770 5316 1923 5378 illum,

616 5381 721 5433 Nec
743 5381 929 5431 Boreas
950 5381 1111 5429 aufert
1134 5394 1330 5442 nomen,
1358 5382 1530 5440 amice,
1558 5388 1709 5428 tuutn.

544 5484 636 5541 75.
687 5484 1048 5553 Quaerendum
1094 5492 1272 5538 autem
1322 5482 1527 5537 videtur
1557 5498 1783 5554 quanam
1826 5482 2057 5538 maxime

469 5577 535 5633 de
568 5592 727 5633 causa
757 5580 896 5633 idem
921 5582 971 5633 in
1000 5592 1119 5632 oras
1146 5575 1261 5629 illas
1284 5590 1346 5631 ac
1378 5575 1554 5630 littora
1573 5575 1915 5631 secessisset?
1946 5577 2058 5643 Qua

478 5687 513 5727 ιι
546 5687 605 5727 re
633 5672 677 5726 si
710 5671 831 5724 licet
862 5671 1131 5741 conjicere
1161 5669 1381 5740 aliquid,
1408 5670 1534 5723 illud
1562 5670 1788 5738 primum
1814 5671 2057 5724 animad-

473 5774 643 5827 verto,
686 5765 925 5818 solemne
975 5772 1104 5819 tunc
1152 5762 1411 5833 temporis
1462 5762 1729 5832 plerisque
1780 5762 1903 5818 viris
1934 5761 2058 5819 reli-

542 5892 566 5917 ἰ
595 5880 736 5949 Lege
763 5878 917 5949 praef.
948 5880 1014 5935 ad
1039 5893 1184 5935 saec.
1213 5878 1255 5944 1,
1289 5894 1344 5934 n.
1374 5876 1495 5933 lli.

2160 1962 2385 2029 Franc.,
2415 1980 2536 2034 cap.
2570 1965 2660 2034 45,
2691 1968 2832 2036 quod
2863 1968 2977 2037 ipse
3012 1968 3428 2039 Quadragcsimte
3452 1978 3672 2038 tempore
3695 1969 3750 2024 in

2155 2054 2378 2108 insulam
2418 2058 2610 2124 maris,
2652 2058 2906 2112 orationis
2952 2073 3139 2125 causa,
3185 2060 3489 2114 secessisset.
3524 2058 3751 2117 Sanctus

2157 2144 2441 2202 Marculfus
2473 2149 2656 2215 etiam,
2689 2150 2857 2205 abbas
2904 2150 3209 2217 Nautensis,
3257 2151 3312 2206 in
3351 2152 3632 2219 quamdam
3671 2152 3752 2207 iu-

2162 2242 2333 2294 sulam
2367 2244 2651 2311 quotannis
2682 2226 3043 2314 confugiebat,
3074 2255 3320 2314 quatenus
3347 2246 3419 2300 lbi
3448 2262 3597 2317 super
3622 2246 3753 2301 illud

2160 2349 2362 2387 sacrum
2394 2345 2595 2404 tempus
2636 2338 3101 2409 quadragenarium
3140 2354 3325 2409 corpus
3353 2339 3572 2409 rigidius
3599 2339 3753 2394 solito

2155 2438 2467 2494 macerant,
2490 2438 2541 2483 et
2578 2446 2679 2499 quo
2719 2429 2782 2483 ab
2826 2429 3090 2485 hominum
3118 2442 3391 2500 conspectu
3423 2441 3548 2486 esset
3588 2448 3751 2487 remo-

2156 2522 2279 2587 tior,
2316 2536 2376 2575 eo
2407 2521 2473 2575 ad
2500 2521 2735 2592 vigilias,
2778 2524 3085 2593 orationem,
3128 2525 3435 2596 jejuniaque
3475 2525 3754 2579 exercendo

2155 2618 2346 2686 aptior,
2374 2625 2525 2685 atque
2576 2617 2862 2685 expeditior
2912 2627 3063 2681 esset,
3110 2627 3168 2672 ut
3199 2616 3466 2687 leglturin
3509 2616 3753 2687 ejusdem

2155 2705 2298 2774 Vita,
2334 2724 2386 2762 u.
2416 2708 2503 2774 li,
2534 2724 2655 2778 quae
2685 2710 2853 2764 relata
2880 2718 2965 2765 est
3006 2724 3131 2765 srec.
3167 2725 3185 2763 ι
3213 2709 3440 2777 Bened.,
3472 2724 3591 2779 pag.
3626 2708 3752 2767 128.

2153 2799 2321 2854 Porro
2370 2801 2451 2855 vel
2510 2809 2667 2855 relate
2727 2802 2838 2856 divi
2881 2801 3151 2857 Ambrosii
3200 2817 3360 2873 quam
3428 2802 3753 2872 frequentari

2153 2890 2343 2945 insulae
2375 2891 2610 2946 solerent
2635 2891 2703 2945 ab
2728 2890 2811 2946 bis
2836 2893 2948 2962 qui,
2976 2893 3191 2962 pietatis
3218 2907 3401 2959 causa,
3432 2894 3546 2948 sola
3574 2906 3638 2947 ac
3664 2906 3748 2948 se-

2154 2991 2305 3036 creta
2337 2981 2389 3035 in
2422 2981 2539 3036 loca
2568 2982 2855 3052 cupiebant
2883 2984 3156 3051 secedere,
3209 2985 3408 3039 indicat
3458 2986 3571 3053 ipse
3620 2985 3752 3038 Am-

2151 3073 2368 3129 brosius
2395 3074 2451 3129 in
2484 3074 2712 3131 ﬂexam.
2744 3076 2783 3130 Ι.
2811 3092 2889 3144 ιιι,
2929 3092 2979 3133 c.
3012 3076 3064 3143 5,
3113 3077 3177 3131 iis
3206 3077 3383 3131 verbis
3414 3095 3426 3129 :
3460 3075 3596 3141 Quid
3625 3092 3751 3130 enu-

2151 3182 2342 3221 merem
2378 3168 2645 3224 insulas...
2678 3169 2732 3223 in
2759 3170 2941 3240 quibus
2988 3171 3026 3223 ii
3066 3171 3152 3239 qui
3199 3184 3254 3225 se
3288 3169 3524 3224 abdicant
3571 3170 3750 3222 intent-

2151 3260 2400 3327 perantite
2419 3262 2682 3316 stecularis
2702 3261 2972 3329 illecebris,
2990 3263 3091 3331 ﬁde
3115 3263 3439 3317 continentia.-
3461 3264 3745 3331 proposito,

2150 3353 2346 3424 eligunt
2376 3355 2573 3409 mundo
2603 3356 2778 3421 latere,
2824 3364 2870 3410 et
2914 3357 3029 3411 vitae
3072 3356 3229 3427 hujus
3269 3356 3530 3412 declinare
3567 3358 3749 3412 dubios

2149 3447 2463 3515 anfractus?
2494 3448 2641 3504 Mare
2669 3460 2741 3505 est
2769 3466 2888 3521 ergo
2927 3460 3170 3505 secretum
3203 3453 3571 3521 temperantur,
3605 3468 3750 3507 eser-

2150 3544 2328 3598 citium
2353 3545 2702 3611 continentite,
2729 3545 2993 3617 gravitatis
3026 3561 3271 3613 secessus,
3294 3556 3468 3618 portus
3495 3550 3748 3601 securita-

2152 3640 2235 3703 tis,
2268 3640 2616 3709 tranquillitas
2663 3639 2864 3704 steculi,
2911 3639 3091 3693 mundi
3136 3638 3293 3710 hujus
3336 3640 3608 3708 sobrietas,
3634 3647 3747 3693 tum

2150 3730 2391 3800 fidelibus
2420 3733 2541 3785 uiris
2588 3739 2738 3802 atque
2765 3733 2955 3786 devotis
3004 3733 3307 3787 incentivum
3354 3734 3658 3801 devotionis,
3689 3743 3748 3789 ut

2151 3840 2266 3878 cum
2309 3826 2569 3879 undarum
2618 3827 2798 3881 leniter
2826 3825 3129 3881 alluentium
3173 3843 3301 3882 sono
3341 3837 3529 3882 certent
3568 3837 3746 3882 cantus

2150 3914 2503 3985 psallentium,
2536 3918 2783 3988 plaudunt
2810 3919 3308 3988 insultetranquillo
3348 3922 3599 3988 ﬂuctuum
3626 3935 3747 3975 san-

2151 4020 2348 4065 ctorum
2369 4012 2546 4082 choro,
2580 4013 2784 4082 hymnis
2816 4022 3112 4066 sancton
3136 4024 3424 4081 personent.

2225 4102 2317 4157 77.
2348 4104 2480 4170 Quae
2502 4119 2625 4159 cum
2656 4106 2725 4158 ita
2752 4102 2879 4171 sint,
2911 4105 3149 4161 adducor
3175 4116 3231 4161 ut
3258 4107 3471 4162 credam
3505 4108 3587 4163 vel
3617 4107 3747 4163 For-

2162 4206 2407 4249 tunatum
2456 4211 2511 4250 in
2552 4197 2858 4266 quampiam
2909 4197 3136 4253 insulam
3168 4199 3419 4254 secedere
3461 4199 3749 4270 aliquando

2152 4286 2513 4353 cousuevisse,
2547 4287 2705 4357 idque
2734 4290 2871 4343 forte
2915 4303 3071 4345 sacro
3122 4290 3560 4362 Quadragesima:
3598 4300 3743 4347 tem-

2154 4394 2303 4449 pore,
2356 4382 2408 4433 in
2458 4395 2581 4450 qua,
2632 4381 2699 4435 ab
2747 4381 3027 4437 hominum
3076 4385 3232 4440 turba
3280 4396 3542 4455 remotus,
3585 4395 3749 4456 atque

2155 4471 2405 4526 omnibus
2436 4486 2637 4527 vacuus
2683 4476 2933 4544 negotiis,
2980 4474 3206 4545 jejuuiis
3249 4491 3311 4531 ac
3342 4478 3588 4547 precibus
3635 4491 3749 4533 stu-

2079 4563 2363 4653 Ddinsius
2412 4564 2657 4619 instaret.
2704 4566 2855 4631 Quod
2905 4567 3051 4621 enim
3103 4570 3218 4637 ipse
3265 4569 3316 4622 in
3359 4569 3534 4638 aliqua
3576 4572 3747 4625 insula

2158 4658 2369 4722 vixerit,
2399 4673 2463 4723 ex
2496 4658 2737 4729 ejusdem
2763 4660 2941 4715 verbis
2974 4661 3192 4733 intelligi
3227 4670 3428 4730 potest,
3460 4664 3652 4733 quibus
3679 4664 3746 4718 ad

2153 4754 2476 4811 Placidinam
2506 4756 2715 4822 scribit,
2743 4755 2833 4810 lib.
2868 4771 2904 4821 ι,
2935 4769 3053 4825 cap.
3084 4755 3172 4822 i7,
3202 4755 3301 4809 hoc
3324 4756 3483 4811 modo
3512 4773 3525 4810 :

2249 4849 2449 4899 Munera
2472 4859 2618 4913 parva
2643 4849 2803 4913 nimis,
2830 4851 2930 4912 pia,
2953 4850 3173 4910 suscipe,
3201 4861 3387 4911 quaeso,
3419 4850 3653 4913 libenter,

2310 4913 2428 4975 Quae
2452 4912 2607 4969 magis
2628 4914 2726 4975 ipsa
2748 4911 2952 4975 decens,
2977 4926 3153 4960 munus
3173 4915 3219 4961 in
3242 4915 3361 4975 orbe
3386 4915 3553 4963 micas.

2252 4966 2502 5037 Fluctibus
2530 4966 2558 5021 ἐ
2583 4966 2759 5037 mediis
2777 4976 2879 5022 hcce
2898 4966 2952 5023 ui
2974 4975 3111 5023 daret
3136 4972 3291 5023 insula
3314 4977 3469 5037 vobis,

2311 5036 2539 5085 Oceanus
2566 5036 2766 5084 tumidis
2786 5048 3036 5085 murmure
3062 5047 3260 5097 praestat
3286 5042 3442 5099 aquis.

2228 5124 2316 5177 78.
2341 5122 2658 5190 Quanquam
2688 5122 2771 5177 vel
2798 5137 2863 5177 ea
2893 5121 3125 5178 fortasse
3156 5121 3254 5178 fuit
3279 5137 3441 5179 causa
3486 5138 3583 5178 cur
3611 5122 3746 5179 For-

2163 5224 2378 5269 tunatus
2428 5213 2654 5280 insulas,
2696 5216 2810 5270 sive
2865 5215 2969 5269 alia
3020 5216 3290 5270 maritima
3352 5220 3486 5285 loca,
3541 5227 3749 5287 peteret

2163 5308 2474 5378 aliquando,
2528 5308 2670 5377 quod
2718 5309 2763 5363 is
2810 5308 3278 5365 sanetissimorum
3322 5310 3614 5371 hominum,
3656 5306 3743 5374 qui

2161 5402 2267 5457 illis
2302 5402 2357 5455 in
2388 5401 2695 5471 regionibus
2725 5402 3122 5467 babitaveraut,
3160 5417 3221 5458 ac
3252 5419 3430 5459 rerum
3458 5402 3525 5453 ab
3556 5398 3743 5452 iisdem

2161 5504 2432 5567 gestarum
2464 5505 2807 5551 monumenta
2835 5504 3129 5566 qumreret,
3162 5496 3353 5564 quibus
3379 5507 3497 5547 cum
3528 5491 3593 5546 ad
3639 5494 3747 5559 pie-

2162 5602 2327 5649 tatem
2358 5580 2765 5656 accenderetur,
2797 5600 2851 5647 et
2881 5600 3161 5646 acueretur
3193 5590 3258 5645 ad
3282 5588 3630 5645 imitationem
3673 5587 3745 5641 si-

2162 5689 2464 5743 militudine
2512 5686 2899 5755 exemplorum,
2951 5693 3061 5738 tum
3106 5694 3249 5738 actas
3281 5682 3347 5735 ab
3377 5679 3564 5734 iisdem
3598 5677 3746 5733 Vitas

2161 5781 2545 5837 conscriberet.
2576 5779 2727 5848 Quod
2759 5780 2809 5836 in
2845 5781 3030 5851 primis
3061 5781 3303 5836 stileiuiic
3349 5776 3525 5833 eidem
3561 5776 3742 5839 l'iisse,
