4020 6346
419 362 490 419 Π
943 364 1452 425 PROLEGOMENA
1499 366 1589 421 AD
1627 359 1955 420 VENANTII
1998 358 2158 417 HON.
2203 361 2406 420 CLEM.
2451 360 2840 421 FORTUNATI
2873 361 3128 423 OPERA.
3617 362 3686 421 48

419 479 765 535 Fortunatam
801 488 1041 535 nostrum
1086 484 1414 553 episcopum,
1461 492 1514 537 et
1559 481 1772 550 quidem
1820 481 1998 535 Picta-
2031 479 2162 539 Ain
2186 478 2400 544 Gallias,
2435 496 2497 536 ac
2529 482 2743 550 triginta
2790 491 3016 551 quatuor
3060 481 3193 536 alios
3237 490 3472 552 exegerit
3502 483 3551 536 in
3583 481 3686 537 hoc

416 572 654 640 ylettseat
707 572 888 627 fuisse.
938 572 1068 628 Nam
1120 575 1290 644 primo
1341 573 1687 641 Baudonivia,
1754 572 2001 629 munialis

416 665 729 720 monasterii
781 666 1168 730 Pictaviensis,
1216 683 1393 723 coaeva
1441 666 1773 738 Fortunato,
1817 671 1894 727 sic
1934 671 2002 728 de

417 758 534 826 ipso
580 760 766 814 scribit
813 759 866 814 in
914 761 1117 830 prolog.
1171 761 1306 816 Vitae
1346 774 1544 818 sanctae
1590 765 1932 836 Radegundis
1985 785 1998 822 :

416 849 541 904 Non
562 869 621 906 ea
651 867 762 920 qua:
791 854 866 905 vir
893 853 1225 919 apostolicus,
1259 851 1576 910 Fortunatus
1611 857 1903 926 episcopus,
1939 858 2004 912 de

415 941 574 994 be'atte
614 940 726 994 Vita
777 943 1060 1011 composuit
1099 942 1361 997 iteramus.
1411 945 1540 1014 Quis
1579 955 1754 1001 autem
1799 955 2005 1002 asserat

419 1031 594 1087 Vitam
623 1033 793 1089 beata:
826 1033 1182 1104 lladegundis,
1217 1051 1337 1106 quae
1370 1037 1522 1092 alteri
1553 1040 1768 1110 scriptae
1807 1055 1835 1094 a
1868 1041 2003 1095 Bau-

413 1123 627 1180 donivia
657 1125 795 1178 solet
826 1125 1051 1196 prteligi,
1079 1140 1108 1180 a
1157 1135 1342 1182 nostro
1387 1128 1652 1186 Venantio
1699 1133 1998 1188 Fortunato

411 1230 520 1272 non
549 1216 713 1272 fuisse
741 1218 1132 1288 conscriptam?
1160 1221 1364 1276 Deinde
1393 1223 1590 1278 Paulus
1622 1225 1792 1291 Diac.,
1827 1226 1920 1282 lib.
1965 1243 2003 1282 ιι

409 1308 550 1364 Hist.
581 1309 773 1381 Long.,
801 1325 921 1380 cap.
957 1310 1044 1378 15,
1076 1313 1152 1366 sic
1182 1313 1248 1366 de
1279 1314 1396 1380 ipso
1418 1317 1603 1371 scribit
1636 1335 1648 1370 :
1682 1316 2001 1376 Novissime-

408 1419 508 1472 que
550 1401 605 1456 in
645 1405 822 1457 eadem
865 1404 1066 1459 civitate
1108 1405 1384 1477 (Pictavis)
1437 1410 1659 1479 primum
1707 1412 1997 1483 presbyter,

410 1495 599 1551 deinde
626 1496 891 1568 episcopus
927 1497 1195 1552 ordinatus
1231 1507 1324 1556 est.
1355 1497 1475 1555 Jam
1506 1517 1634 1558 vero
1666 1503 1863 1559 Paulus
1887 1507 2004 1560 dia-

409 1601 577 1644 conus
607 1602 636 1641 a
682 1586 875 1643 Carolo
921 1588 1131 1660 Magno,
1165 1601 1444 1662 postquam
1489 1593 1574 1648 hic
1620 1595 2004 1668 Longobardo-

406 1695 528 1736 rum
553 1695 772 1750 regnum
807 1681 858 1735 in
885 1681 1030 1736 ltalia
1049 1683 1678 1750 csstinxerat,abductus
1701 1689 1751 1742 in
1779 1689 2001 1756 Gallias,

407 1785 530 1828 cum
576 1780 633 1828 et
679 1772 950 1828 Pictavum
993 1774 1060 1828 ad
1095 1777 1361 1832 tumulum
1410 1778 1685 1835 Fortunati
1745 1783 1998 1855 venisset,

409 1880 478 1921 ex
506 1868 671 1922 certis
701 1870 1060 1924 monumentis
1090 1885 1202 1924 rem
1231 1886 1446 1926 omnem
1474 1874 1680 1930 discere
1705 1876 1912 1951 potuit”
1967 1935 1971 1940 ,

482 1957 577 2014 88.
605 1959 757 2027 Quod
792 1975 920 2014 vero
947 1960 1111 2032 Greg.
1136 1961 1470 2020 Turonensis
1501 1967 1710 2022 nonnisi
1738 1969 2006 2041 presbyte-

415 2069 530 2106 rum
577 2068 700 2109 eum
749 2056 999 2124 appellet,
1053 2055 1182 2110 nihil
1235 2058 1431 2128 negotii
1476 2075 1537 2115 ea
1585 2077 1673 2116 res
1704 2061 1849 2127 facit,
1882 2079 2003 2120 cum

414 2144 743 2200 Fortunatus
793 2147 1007 2201 nonnisi
1057 2157 1301 2204 extremo
1330 2150 1455 2206 vitat
1500 2165 1612 2208 sua:
1654 2164 1914 2223 tempore,
1948 2167 2006 2213 ut

416 2236 554 2292 infra
598 2238 856 2305 dicemus,
915 2239 1270 2297 Pictaviensis
1315 2243 1599 2312 cpisc0pus
1641 2258 1851 2302 creatus
1898 2249 2000 2318 sit,

410 2346 517 2401 quo
569 2343 812 2402 tempore
853 2331 1144 2404 Gregorius
1189 2350 1298 2390 non
1349 2337 1521 2394 solum
1565 2339 1804 2396 ediderat
1842 2341 2005 2398 libros

409 2437 576 2491 suos,
629 2427 722 2481 sed
773 2427 934 2482 etiam
981 2429 1087 2483 vita
1140 2429 1351 2486 functus
1396 2431 1587 2500 fuerat,
1639 2445 1698 2488 ut
1745 2440 1843 2490 Suo
1887 2436 2004 2492 loco

411 2519 786 2584 ostendemus.
824 2521 1002 2591 Atque
1034 2522 1218 2579 isthmc
1249 2524 1348 2580 fuit
1378 2541 1540 2581 causa
1569 2544 1666 2582 cur
1695 2528 1808 2598 ejus
1842 2543 2004 2599 opera

413 2607 678 2680 Gregorio
722 2611 927 2667 Turon.
976 2627 1277 2686 nuncupata
1323 2619 1604 2690 presbyteri
1651 2618 1844 2689 Italici,
1897 2637 2003 2680 non

412 2703 638 2773 episcopi
667 2703 1023 2771 Pictaviensis,
1051 2723 1243 2763 nomen
1265 2709 1572 2779 praeferant.

488 2793 580 2850 89.
613 2796 730 2864 Quo
761 2813 888 2852 vero
920 2813 1064 2853 anno
1107 2799 1432 2856 Fortunatus
1480 2805 1661 2860 sedem
1702 2804 2001 2863 Pictavien-

411 2901 528 2944 sem
553 2889 954 2955 conscenderit,
980 2889 1202 2947 diflicile
1231 2904 1313 2949 est
1341 2893 1568 2951 definire
1591 2906 1638 2951 ⁸.
1663 2898 1777 2966 Quo
1799 2900 2004 2956 scilicet

411 2989 655 3048 tempore
698 2982 931 3038 decessit
977 2983 1316 3054 ltadegundis
1361 2987 1504 3057 (quae
1549 2988 1681 3042 obiit
1733 3005 1821 3044 an.
1873 2989 2003 3058 587,

413 3085 553 3131 teste
591 3074 817 3146 Gregor.
851 3077 1078 3145 Turon.,
1128 3079 1222 3134 lib.
1258 3095 1310 3134 ιιι
1359 3080 1492 3136 Hist.
1539 3083 1755 3150 Franc.,
1799 3100 1917 3156 cap.
1944 3085 2003 3158 Ξ)

2111 585 2298 641 regno,
2332 583 2616 643 antequam
2663 575 2950 642 episc0pus
2991 575 3158 642 fteret,
3185 583 3395 629 constat
3435 573 3501 628 ad
3533 574 3684 630 illum

2108 661 2419 730 pervenisse
2448 663 2725 734 dignitatis
2747 664 2994 736 gradum,
3019 679 3139 720 cum
3159 663 3266 735 jam
3289 665 3526 721 devexus
3545 673 3691 722 esset

2107 754 2172 810 ad
2202 767 2554 812 senectutem.

2178 846 2270 902 9t.
2321 848 2520 904 Locum
2560 850 2708 905 illum
2747 851 2974 920 adeptus
3021 850 3369 918 Fortunatus,
3409 865 3531 906 cum
3568 850 3691 908 vitae

2106 937 2412 995 innocentia
2443 949 2497 995 et
2526 942 2779 996 virtutum
2812 941 3082 1012 exemplo,
3113 951 3222 996 tum
3253 941 3496 996 doctrina
3528 942 3694 1012 pluri-

2107 1046 2276 1097 mum,
2321 1035 2470 1106 gregi
2500 1049 2599 1090 suo
2630 1034 2850 1105 proluit.
2882 1036 3109 1090 Exstant
3150 1035 3260 1104 jam
3303 1035 3546 1107 ejusdem
3590 1037 3696 1091 Ex-

2109 1126 2412 1195 positiones
2453 1129 2504 1183 in
2551 1128 2863 1201 Symbolum
2915 1141 2966 1184 et
3006 1130 3316 1185 Orationem
3362 1128 3693 1185 Dominicam

2087 1217 2196 1300 .(L.
2230 1237 2280 1284 ι,
2315 1236 2364 1274 c.
2398 1221 2448 1287 i,
2475 1220 2556 1290 2),
2591 1237 2727 1292 quas
2757 1222 2845 1278 ille
2883 1223 2947 1276 ad
2991 1238 3109 1276 eum
3145 1223 3304 1278 tinent
3349 1222 3696 1278 elucubrasse

2105 1312 2343 1379 videtur,
2377 1321 2434 1366 ut
2460 1328 2554 1368 eas
2581 1314 2720 1382 plebi
2753 1328 2865 1367 suae
2888 1314 3161 1378 recitaret,
3190 1327 3414 1384 quarum
3446 1314 3498 1367 in
3525 1313 3696 1369 altera

2108 1405 2226 1461 haec
2264 1407 2339 1462 ait
2368 1408 2506 1462 inter
2536 1419 2728 1464 caetera
2765 1427 2778 1461 :
2812 1406 2946 1462 Inde
2970 1410 3243 1464 retinentes
3267 1411 3378 1481 ejus
3408 1409 3699 1480 (Orationis

2107 1497 2422 1571 Dominicae)
2455 1501 2720 1572 mysteria,
2750 1511 2800 1556 et
2823 1517 2978 1572 quam
3021 1501 3187 1554 multa
3214 1503 3315 1557 sint
3361 1503 3417 1556 in
3462 1502 3700 1558 brevitate

2107 1591 2315 1660 collata,
2351 1604 2557 1663 propter
2597 1594 2989 1663 wdiﬁcationem
3021 1593 3288 1661 Ecclesia,
3319 1596 3494 1664 paucis
3542 1600 3698 1650 doce-

2108 1701 2222 1740 mur
2249 1687 2524 1757 explicare,
2552 1688 2674 1758 quia
2696 1697 2817 1741 tunc
2837 1689 2980 1742 nobis
3002 1689 3180 1744 melius
3206 1688 3472 1759 placebunt
3493 1690 3697 1756 auditu,

2108 1797 2224 1834 cum
2268 1783 2526 1850 potuerint
2569 1782 2850 1839 intellectu.
2894 1781 3080 1852 Itaque
3123 1782 3191 1836 ad
3236 1783 3405 1854 ipsum
3444 1784 3703 1839 veniamus

2108 1883 2300 1928 sancta:
2349 1874 2610 1928 Orationis
2656 1886 2981 1942 sermonem,
3033 1884 3140 1930 etc.
3183 1873 3389 1942 Quibus
3432 1874 3484 1928 in
3523 1871 3703 1930 verbis

2114 1967 2350 2024 Pastoris
2409 1983 2624 2040 gregem
2677 1983 2832 2024 suum
2894 1967 3228 2024 instituentis
3285 1981 3514 2038 persona
3568 1967 3702 2022 satis

2109 2060 2428 2114 ostenditur.

2181 2149 2270 2204 92.
2302 2151 2418 2205 Non
2448 2150 2645 2206 multos
2696 2164 2827 2206 vero
2876 2162 3048 2205 annos
3096 2148 3414 2206 Pictaviensi
3449 2147 3702 2207 Ecclesia:

2109 2237 2320 2307 praefuit
2351 2237 2698 2303 Fortunatus,
2731 2252 2855 2292 cum
2883 2237 3058 2292 eidem
3095 2237 3208 2306 jam
3252 2237 3536 2292 demortuo
3582 2252 3704 2293 suc-

2107 2328 2333 2384 cesserit
2361 2328 2708 2397 Garegisilus,
2760 2338 2815 2384 et
2862 2329 3004 2385 hunc
3056 2329 3365 2386 Ennoaldus
3409 2331 3702 2400 exceperit,

2107 2421 2196 2491 qui
2237 2421 2302 2474 ad
2335 2435 2425 2473 au.
2460 2419 2566 2474 615
2600 2420 2987 2476 Pictaviensem
3021 2421 3319 2478 Ecclesiam
3369 2423 3610 2493 regebat,
3635 2424 3704 2482 de

2107 2526 2214 2581 quo
2263 2511 2521 2582 legendus
2562 2512 2804 2568 Cointius
2851 2513 2917 2568 ad
2963 2513 3105 2570 hunc
3144 2530 3366 2582 annum,
3419 2531 3568 2570 num.
3607 2515 3701 2574 27.

2107 2603 2432 2660 Fortunatus
2476 2606 2673 2674 itaque,
2725 2605 2952 2675 septimo
3005 2607 3222 2660 ineunte
3269 2606 3490 2673 saeculo,
3533 2621 3566 2662 e
3596 2606 3703 2664 vita

2032 2715 2034 2718 ν
2107 2698 2409 2753 excessisse
2441 2697 2700 2752 dicendus
2727 2707 2848 2762 est;
2883 2713 2946 2752 ac
2973 2698 3206 2754 Pictavis
3227 2700 3280 2753 in
3305 2700 3514 2755 basilica
3541 2703 3702 2757 sancti

2107 2785 2301 2841 Hilarii
2351 2789 2434 2859 (ut
2487 2799 2670 2843 narrat
2699 2788 2894 2844 Paulus
2950 2790 3096 2845 Diae.
3131 2791 3251 2846 loco
3291 2793 3487 2861 saepius
3516 2795 3701 2866 cttato)

2106 2881 2262 2954 digno
2311 2883 2596 2936 tumulatus
2628 2883 2819 2936 honore
2849 2883 3084 2950 quiescit.
3116 2882 3280 2954 Cujus
3328 2885 3394 2939 ad
3438 2887 3702 2941 tumulum

2109 2988 2232 3028 cum
2264 2972 2407 3026 idem
2437 2973 2656 3038 Paulus,
2683 2975 3050 3029 venerationis
3074 2989 3137 3028 ac
3166 2977 3382 3044 pietatis
3402 2991 3582 3042 causa,
3613 2991 3702 3032 ac-

2107 3064 2380 3129 cessisset,
2409 3079 2641 3133 seqttens
2667 3066 3062 3136 epithaphium,
3092 3077 3276 3136 rogatu
3294 3069 3440 3137 Apri,
3462 3068 3574 3137 ejus
3601 3068 3701 3122 loci

417 3167 811 3225 picwviensem
845 3170 1140 3226 Ecclesia",
1183 3171 1358 3227 adhuc
1402 3175 1619 3244 regem,
1665 3155 2000 3247 Mauram”;
2031 3209 2079 3272 ϐ
2107 3155 2301 3210 abbatis
2329 3156 2411 3226 (ut
2438 3157 2557 3225 ipse
2586 3155 2749 3212 refett
2777 3157 2844 3212 de
2877 3157 3021 3229 sese)
3055 3160 3377 3214 scribendum
3405 3161 3700 3215 contexuit:
3737 3165 3745 3178 '

414 3273 483 3312 ex
512 3260 816 3315 testimonio
848 3261 1016 3329 ipsius
1055 3260 1320 3332 Gregorii,
1363 3263 1452 3334 qui
1504 3280 1618 3334 cap.
1656 3267 1758 3321 106
1805 3267 1898 3322 lib.
1937 3268 2005 3324 de

413 3347 601 3406 Gloria
625 3351 798 3420 conf.,
838 3363 1059 3408 testatur
1087 3347 1166 3421 se,
1200 3354 1488 3411 Mauroveo
1513 3358 1756 3420 absente,
1787 3373 2006 3415 curasse

411 3431 577 3502 funus
605 3462 668 3502 ac
697 3448 1026 3518 sepulturam
1057 3448 1232 3503 beata:
1259 3449 1621 3520 Radegundis.
1654 3450 2004 3506 Maurovcum

411 3541 627 3612 excepit
667 3543 814 3597 l’iato
859 3557 946 3596 an.
991 3543 1119 3609 592,
1151 3543 1240 3613 qui
1269 3548 1334 3596 ad
1377 3543 1522 3598 illam
1563 3546 1746 3600 sedem
1791 3555 2008 3602 evectus

341 3616 347 3622 ’
410 3641 515 3700 est,
548 3631 721 3688 adhuc
744 3633 1036 3705 superstite
1062 3634 1344 3704 Gregorio,
1378 3634 1532 3702 cujus
1561 3634 1736 3690 fuerat
1765 3635 2006 3705 discipu-

415 3724 525 3781 lus.
557 3726 695 3782 Hine
725 3743 832 3798 quo
861 3727 947 3782 die
977 3726 1131 3782 Plato
1173 3727 1522 3783 Pictaviensis
1550 3729 1832 3799 cpiscopus
1873 3744 2008 3784 con-

412 3816 632 3874 stitutus
669 3828 773 3889 est,
812 3821 890 3875 sic
935 3819 1002 3875 de
1050 3819 1144 3874 illo
1175 3818 1374 3875 cecinit
1413 3819 1746 3876 Fortunatus
1789 3821 1882 3876 lib.
1917 3821 2006 3889 10,

413 3913 658 3982 cap.l8.

540 4000 725 4066 Gaudia
749 4000 860 4050 laeta
885 4011 1024 4064 paret
1048 4005 1306 4066 presenlia
1330 4008 1493 4066 sancta
1513 4003 1745 4066 Gregori,

604 4063 666 4112 Et
692 4063 913 4124 geminas
937 4063 1087 4114 urbes
1109 4067 1306 4126 adjuvet
1331 4079 1426 4114 una
1451 4065 1590 4113 tides.

539 4123 635 4189 Qui
660 4123 802 4189 modo
822 4126 1057 4189 discipulo
1077 4123 1304 4187 Platone,
1325 4129 1543 4176 antistite
1566 4141 1756 4176 summo
1774 4165 1788 4189 ,

598 4187 882 4237 Solemuem
906 4188 1138 4238 Ecclesiae
1165 4189 1243 4236 hic
1265 4189 1400 4238 dedit
1429 4203 1540 4239 esse
1564 4191 1713 4240 diem.

414 4272 552 4330 Sunt
574 4273 664 4343 qui
691 4272 815 4328 huic
835 4273 1044 4326 Platoni
1072 4273 1345 4328 Placidum
1370 4272 1646 4328 suﬂ'ectum
1674 4274 1839 4328 fuisse
1865 4288 2012 4330 asse-

417 4377 541 4422 runt
582 4366 636 4420 in
685 4366 813 4421 sede
852 4366 1202 4433 Pictaviensi;
1254 4368 1344 4421 sed
1390 4367 1475 4421 hic
1521 4383 1624 4421 non
1675 4369 1812 4422 alius
1857 4369 2012 4422 l'uita

418 4457 644 4513 Platone
670 4457 807 4527 ipso,
838 4468 895 4510 ut
927 4456 1145 4511 adnotat
1172 4457 1240 4510 cl.
1268 4456 1458 4522 Ruin.,
1487 4457 1550 4510 ad
1583 4459 1680 4529 Op.
1717 4458 1878 4528 Greg.
1912 4459 2014 4514 Tu-

2237 3269 2443 3335 lngenio
2461 3269 2643 3335 clarus,
2661 3283 2811 3335 sensu
2833 3271 2990 3331 celer,
3017 3284 3104 3335 ore
3127 3275 3307 3335 suavis,

2293 3331 2439 3393 Cujus
2458 3333 2604 3382 dulce
2626 3331 2782 3382 inelos
2805 3337 2980 3395 pagina
3006 3333 3155 3383 tuulta
3181 3331 3325 3385 canit.

2234 3395 2530 3461 Fortunatus
2552 3409 2679 3455 apex
2707 3407 2890 3461 vatum,
2916 3397 3214 3446 venerabilis
3238 3405 3373 3460 actu,

2296 3459 2507 3506 Ausonta
2533 3467 2753 3521 gemtus,
2781 3459 3154 3509 hac'tumulatur
3179 3461 3341 3509 hutno.

2237 3519 2393 3577 Hujus
2415 3524 2476 3568 ab
2501 3519 2588 3570 ore
2612 3535 2750 3570 sacro
2771 3534 3047 3570 sanctorum
3073 3531 3213 3584 gesta
3240 3525 3454 3583 priorum

2300 3584 2542 3632 Discimus
2564 3599 2574 3632 :
2597 3586 2701 3631 haec
2726 3592 2997 3633 monstrant
3018 3597 3226 3644 carpere
3253 3585 3374 3634 lucis
3401 3588 3514 3635 iler.

2235 3645 2398 3708 Felix,
2425 3659 2536 3706 quae
2561 3651 2708 3693 tantis
2727 3647 2994 3705 decoraris,
3021 3646 3194 3706 Gallia,
3222 3649 3450 3708 gemmis,

2296 3706 2502 3755 Lumine
2530 3709 2590 3754 de
2612 3720 2815 3767 quarum
2844 3721 2935 3768 nox
2964 3709 3048 3756 ttbi
3076 3717 3202 3756 tetra
3229 3713 3374 3768 tugit.

2237 3768 2340 3833 Hos
2361 3770 2575 3816 modicos
2601 3770 2809 3829 prompsi
2835 3767 3030 3829 plebeio
3049 3772 3266 3833 carmine
3289 3767 3492 3833 Versus,

2302 3830 2377 3879 Ne
2396 3841 2506 3878 tuus
2534 3832 2584 3880 in
2605 3833 2818 3892 p0pulis,
2848 3838 3030 3890 sancte,
3058 3831 3236 3880 lateret
3257 3832 3430 3882 honor.

2234 3889 2406 3960 Redde
2432 3895 2591 3960 tricem
2608 3889 2812 3960 misero,
2838 3905 2900 3940 ne
2921 3895 3084 3960 judice
3105 3906 3308 3954 spernat
3331 3897 3392 3944 ab
3412 3908 3576 3960 aequo,

2295 3955 2499 4006 Exttniis
2521 3959 2712 4005 meritis
2734 3969 2900 4018 posce,
2919 3957 3087 4018 beate,
3121 3968 3308 4018 precor.

2187 4083 2275 4139 93.
2309 4081 2480 4138 Porro
2508 4083 2828 4138 Fortunatus
2868 4097 2989 4137 cum
3021 4083 3091 4136 ob
3135 4083 3389 4152 pietatem
3419 4099 3483 4140 ac
3508 4087 3706 4142 sancti-

2113 4176 2368 4240 moniam,
2397 4184 2508 4228 tum
2537 4176 2607 4228 ob
2637 4183 2947 4229 ornamenta
2982 4174 3181 4244 ingenii
3213 4187 3375 4246 atque
3425 4164 3704 4248 docti-iur,

2112 4269 2476 4324 commendari
2504 4268 2786 4338 plurimum
2817 4269 3118 4334 consuevit,
3154 4279 3209 4323 ut
3237 4279 3315 4324 tot
3338 4285 3473 4338 pene
3504 4273 3706 4329 habue‘

2114 4365 2184 4418 rit
2214 4365 2420 4418 virtutis
2452 4379 2562 4417 su;e
2595 4377 2889 4432 pra-cenes,
2917 4377 2980 4417 ac
3003 4372 3188 4427 testes,
3221 4373 3350 4434 quot
3372 4364 3439 4418 de
3465 4365 3556 4419 illo
3575 4366 3708 4420 scri-

2114 4471 2294 4527 psere.
2329 4459 2486 4511 Certe
2540 4465 2614 4510 tot
2660 4455 2713 4508 in
2762 4454 2933 4508 Gallia
2983 4455 3374 4525 Germaniaque
3423 4457 3706 4512 clarissimi

420 4567 566 4616 ron.,
597 4549 691 4604 lib.
728 4565 779 4604 tv
806 4547 875 4604 de
903 4547 1017 4604 Mir.
1055 4549 1221 4602 sancti
1266 4548 1499 4614 Martini,
1529 4563 1649 4617 cap.
1681 4547 1769 4603 52,
1798 4549 2008 4604 Platoni
2040 4570 2094 4631 υ
2121 4551 2401 4603 sanctitate
2447 4548 2567 4611 viri,
2593 4548 2731 4602 inter
2776 4562 2908 4616 quos
2957 4547 3298 4602 celeberrimi
3347 4548 3487 4604 illius
3532 4549 3708 4605 aetatis

422 4649 598 4713 itaque
624 4645 729 4699 vita
763 4644 968 4708 functo,
1012 4658 1117 4697 non
1157 4643 1294 4696 alius
1337 4645 1596 4698 successit
1625 4658 1782 4713 quam
1815 4642 2013 4722 Fortu-

421 4750 608 4806 natus;
649 4753 878 4809 cumque
921 4737 1098 4792 obitus
1142 4735 1384 4792 Platonis
1427 4737 1688 4790 referatur
1715 4739 1779 4789 ad
1811 4751 2010 4792 annum

420 4829 634 4884 circiter
677 4829 805 4895 599,
845 4828 1034 4882 eodem
1068 4825 1238 4881 ferme
1280 4835 1519 4895 tempore
1543 4825 1870 4881 Fortunatus
1900 4827 2014 4896 epi-

421 4939 619 4993 scopus
649 4921 1002 4977 Pictariensis
1033 4931 1242 4976 creatus
1273 4921 1442 4976 fuisse
1471 4921 1730 4976 dicendus
1760 4931 1862 4986 est,
1892 4937 2011 4977 cum

424 5015 585 5086 Greg.
619 5016 745 5069 Tur.
780 5015 842 5067 ad
875 5029 963 5068 au.
993 5012 1100 5069 505
1126 5012 1266 5068 diem
1291 5029 1444 5068 suum
1469 5012 1579 5082 jam
1609 5013 1849 5069 ohiisset.

493 5111 584 5165 90.
617 5111 801 5162 Exstat
830 5108 920 5162 lib.
953 5122 1006 5161 tv
1042 5105 1142 5176 Op.
1172 5106 1348 5174 Fort.,
1395 5123 1512 5174 cap.
1546 5105 1638 5171 9.5,
1673 5121 1856 5175 poema
1882 5106 2012 5160 scri-

424 5212 572 5274 ptum
617 5203 682 5257 ab
711 5217 776 5257 eo
815 5202 863 5255 itt
894 5200 1056 5254 funus
1101 5198 1516 5254 Theodechildis
1549 5199 1770 5268 reginae,
1799 5214 1917 5266 qua:
1946 5200 2013 5252 ad

425 5313 515 5350 an.
548 5295 653 5352 εςεδ
684 5295 792 5348 fato
820 5297 1080 5350 exstincta
1114 5303 1217 5358 est,
1245 5302 1304 5346 ιιι
1334 5291 1566 5345 ostendit
1597 5293 1664 5342 cl.
1699 5289 1909 5358 Pagius,
1943 5289 2008 5344 ad

424 5392 573 5446 illum
617 5407 839 5459 annum,
880 5407 1028 5447 num.
1079 5389 1133 5442 4.
1167 5390 1281 5443 Non
1313 5389 1478 5442 multo
1523 5388 1698 5458 itaque
1728 5397 2014 5458 postquam

424 5483 559 5539 illud
586 5484 958 5554 epithaphium
983 5481 1220 5551 scripsit,
1259 5479 1593 5534 renuntiatus
1625 5489 1708 5534 est
1729 5479 2017 5550 cpisc0pus

425 5573 812 5642 Pietaviensis,
859 5577 970 5648 jam
1020 5576 1268 5631 inclinata
1320 5573 1384 5627 ad
1445 5582 1774 5627 senectutem
1835 5580 2014 5630 actate.

425 5663 559 5720 Cum
589 5666 732 5721 enim
758 5667 801 5721 is
825 5679 994 5720 annos
1025 5665 1239 5720 circiter
1265 5662 1475 5733 triginta
1503 5677 1598 5717 sex
1631 5671 1786 5717 natus
1809 5666 2018 5719 venerit

498 5801 525 5837 ι’
558 5802 694 5858 Vide
721 5802 872 5871 Pag,
898 5802 963 5857 ad
1004 5818 1094 5856 an.
1123 5800 1249 5856 590.
1283 5802 1421 5870 Lege
1449 5801 1604 5870 Greg.
1639 5801 1793 5866 Tun;
1828 5802 1894 5855 de
1928 5802 2012 5860 Gl.

429 5875 596 5942 cont,
633 5890 685 5930 c.
717 5875 832 5942 96.,
869 5883 924 5929 et
962 5874 1000 5928 ι.
1034 5889 1094 5937 tv
1131 5873 1200 5930 de
1229 5873 1347 5932 Mir.
1389 5874 1446 5931 S.
1483 5873 1716 5946 Martini,
1755 5890 1804 5930 c.
1836 5872 1934 5943 .32;
1964 5886 2018 5931 ct

2119 4644 2377 4714 episcOpi,
2410 4657 2530 4697 cum
2562 4640 2856 4696 Fortunato
2887 4641 3071 4694 intima
3099 4640 3332 4695 amicitia
3377 4655 3440 4694 ac
3483 4639 3708 4694 familia-

2118 4741 2276 4792 ritate
2298 4736 2591 4804 Conjuncti,
2611 4737 2662 4788 in
2691 4735 2873 4804 primis
2898 4749 3023 4789 vero
3042 4733 3702 4802 RadegundisetAgnetis,

2119 4846 2238 4900 qua:
2269 4841 2372 4884 tam
2407 4829 2694 4896 singularis
2725 4826 2936 4893 pietatis
2962 4825 3114 4879 laude
3136 4825 3242 4878 illis
3261 4825 3588 4892 temporibus
3605 4829 3706 4881 llo-

2122 4928 2370 4981 ruerunt,
2389 4925 2532 4968 tanta
2558 4929 2680 4970 cunt
2701 4913 2996 4967 Fortunato
3025 4911 3363 4966 necessitudo
3378 4922 3432 4965 et
3451 4915 3704 4978 charitas,

2118 5009 2248 5062 satis
2275 5009 2551 5061 declarant
2589 5019 2693 5072 qua
2743 5009 2786 5057 is
2816 5002 3212 5057 existimatione
3239 5011 3383 5056 esset
3410 5001 3463 5055 itt
3496 5003 3704 5069 Galliis,

2119 5115 2346 5173 quaeque
2374 5101 2440 5154 de
2467 5099 2708 5168 ejusdem
2743 5097 2941 5151 virtute
2971 5106 3114 5150 esset
3141 5098 3376 5150 omnium
3410 5095 3613 5164 opinio.

2190 5194 2278 5250 94.
2322 5195 2503 5262 Itaque
2528 5191 2830 5245 mirandum
2867 5205 2972 5242 non
2998 5190 3067 5242 sit
3098 5187 3479 5241 llaudoniviam
3509 5197 3708 5256 apostov

2120 5287 2274 5342 ticum
2306 5287 2450 5340 illum
2483 5286 2652 5338 virum
2709 5282 3043 5352 appellasse:
3104 5279 3326 5333 Paulum
3369 5279 3660 5334 Diaconutn
3686 5321 3704 5347 ,

2119 5397 2240 5437 cum
2291 5381 2528 5436 venisset
2569 5379 2621 5433 in
2673 5378 2896 5445 Gallias,
2925 5374 3161 5445 ejusdem
3195 5373 3480 5440 tumulum,
3505 5385 3562 5428 ut
3592 5373 3707 5442 ipse

2121 5477 2188 5534 de
2236 5493 2294 5534 se
2347 5480 2654 5546 profitetur,
2705 5475 2950 5529 orationis
3005 5487 3161 5524 causa
3211 5471 3494 5538 invisisse,
3545 5480 3706 5542 atque

2121 5571 2367 5626 eumdem
2397 5578 2628 5623 sanctum
2658 5581 2710 5622 et
2736 5567 2938 5620 beatum
2973 5565 3023 5616 in
3047 5563 3136 5616 illo
3167 5563 3403 5617 carmine
3447 5562 3588 5630 quod
3636 5562 3704 5617 ad

2121 5663 2240 5734 ejus
2297 5664 2601 5732 sepulcrum
2642 5659 2981 5716 elucubravit
3024 5657 3370 5720 nominaSse,
3405 5671 3467 5710 ac
3513 5657 3706 5727 implo-

2120 5801 2324 5865 Coint.,
2348 5799 2411 5850 ad
2434 5813 2520 5850 an.
2547 5797 2672 5864 59:2,
2709 5816 2761 5853 ιι.
2787 5797 2848 5863 5;
2881 5807 2932 5851 ct
2963 5796 3140 5859 l‘ittin.,
3177 5794 3226 5846 in
3264 5791 3405 5848 notis
3435 5791 3499 5846 ad
3539 5794 3702 5865 Greg.

2122 5874 2280 5932 Tum,
2302 5871 2396 5926 cit.
2426 5872 2561 5925 loco.
