4020 6346
309 366 378 427 ιο
860 360 865 367 ‘
1459 372 1621 430 Vl'l‘A
1659 373 1981 435 VENAN‘l‘ll
2019 346 2453 440 somnum!
3531 396 3603 458 so

314 494 462 538 rasae
508 474 583 537 ut
616 478 719 537 sibi
761 480 900 553 apud
954 497 1157 553 aequum
1196 483 1420 555 iudicem
1461 486 1661 542 eximiis
1707 489 1905 545 meritis
1932 493 1987 553 Α
2082 492 2170 549 98.
2202 495 2353 562 Quod
2384 510 2512 553 vero
2538 499 2734 558 attinet
2762 502 2828 559 ad
2874 502 3143 577 ingenium
3193 516 3249 565 et
3292 509 3599 573 doctrinam

318 576 771 648 patrocinaretur.
795 575 872 631 Ex
910 578 1106 647 quibus
1137 579 1360 649 intelligi
1405 589 1582 649 potest
1629 596 1747 637 eam
1787 598 1906 654 quae

317 680 440 727 tunc
469 670 540 726 de
572 670 851 727 Fortunati
888 671 1173 727 sanctitate
1221 672 1405 741 Opinio
1442 674 1496 727 in
1541 671 1732 729 Galliis
1786 675 1902 743 fuit,

314 765 397 823 vel
424 764 492 821 ad
517 765 849 835 posteriores
870 773 1082 832 tetates,
1105 777 1362 837 perpetua
1384 767 1659 824 hominum
1679 784 1907 827 consen-

314 861 484 927 sione,
514 861 852 933 pervenisse.

384 954 477 1012 95.
520 956 701 1027 Ipsum
724 956 920 1015 deinde
947 957 1301 1014 Fortunatum
1332 960 1469 1016 inter
1494 960 1754 1031 imagines
1777 975 1905 1016 san-

315 1063 521 1108 ctorum
554 1057 987 1124 Angustanorum
1035 1054 1261 1108 relatum
1293 1056 1520 1124 legimus
1566 1056 1631 1110 iis
1670 1055 1847 1110 verbis
1890 1072 1904 1110 :

314 1145 538 1200 Sanctus
565 1130 922 1217 fortunatus.
958 1161 1022 1200 ea:
1066 1147 1355 1219 presbytero
1385 1146 1591 1214 Italico,
1642 1149 1907 1219 episcOpus

316 1234 696 1304 Pictaviensis;
722 1254 882 1308 quem
912 1236 1171 1294 honorem
1199 1240 1373 1294 eidem
1407 1240 1660 1295 tributum
1684 1247 1910 1296 censent

312 1330 579 1395 nonnulli,
609 1332 751 1402 quod
778 1346 897 1388 eam
927 1332 994 1387 ad
1023 1333 1232 1401 urbem,
1267 1334 1320 1389 in
1360 1349 1461 1390 suo
1490 1334 1583 1390 illo
1633 1349 1730 1405 per
1776 1332 1910 1389 Ger-

315 1426 549 1480 maniam
580 1426 771 1482 itinere
793 1468 808 1493 ,
839 1428 1148 1496 accesserit,
1181 1439 1242 1483 ut
1278 1428 1488 1484 cineres
1535 1437 1737 1483 sancta:
1765 1427 1910 1483 Afrae

312 1518 381 1574 lbi
410 1517 663 1574 conditos
700 1528 1090 1588 veneraretur;
1122 1536 1184 1579 ac
1212 1520 1366 1591 forte,
1390 1522 1621 1591 spatium
1653 1522 1905 1592 temporis

315 1614 530 1686 aliquod
595 1631 656 1671 ea
686 1618 736 1670 in
781 1617 996 1672 civitate
1026 1625 1410 1683 commoratus,
1437 1616 1665 1688 egregia:
1696 1616 1909 1672 virtutis

310 1706 583 1774 specimen
612 1705 826 1776 aliquod
857 1706 1066 1763 dederit
1099 1705 1237 1776 (LM
1277 1704 1405 1761 Vita:
1427 1705 1489 1763 S.
1516 1704 1726 1777 ΗΜΛ).
1760 1706 1904 1762 Idem

309 1796 591 1859 invocatur
618 1798 671 1852 in
730 1796 936 1854 litaniis
990 1800 1160 1855 sancti
1215 1799 1462 1871 Cypriani
1518 1814 1670 1856 eXtra
1721 1816 1907 1859 muros

2013 583 2310 654 Fortunati,
2345 589 2451 645 etsi
2480 590 2611 646 illud
2631 593 2777 663 dem,
2807 597 3046 667 ejusdem
3078 612 3318 671 poemata
3352 600 3422 661 iis
3452 605 3601 675 lepo-

2009 676 2157 732 ribus
2187 693 2251 733 ac
2280 683 2648 742 venustatibus
2678 685 2771 742 hta
2812 704 2957 761 saepe
3006 707 3112 747 non
3156 709 3416 763 apparere
3467 713 3599 770 quas

2008 768 2280 825 delicatuli
2312 774 2549 830 nonnulli
2582 781 2831 850 persequi
2860 796 2923 837 ac
2946 782 3254 841 desiderare
3305 768 3601 848 consueve-

2010 871 2152 926 runt,
2178 862 2284 918 imo
2313 873 2366 919 et
2392 869 2677 936 quamdam
2709 872 2981 930 interdum
3006 876 3329 946 barbariem,
3364 898 3431 938 ex
3462 894 3598 941 tem-

2011 967 2200 1022 porum
2241 954 2440 1022 indole,
2476 973 2585 1028 pra:
2610 976 2671 1018 se
2701 961 2842 1020 ferre
2870 968 3185 1036 concedam,
3218 971 3362 1027 idem
3419 983 3599 1033 tamen

2010 1041 2138 1097 illud
2168 1043 2401 1115 affirmo,
2433 1063 2554 1103 cum
2584 1052 2724 1120 aptis
2752 1057 3135 1130 concinnisque
3164 1064 3445 1120 sententiis
3492 1072 3600 1122 tota

2008 1133 2122 1189 fere
2152 1134 2243 1189 illa
2270 1146 2521 1194 contexta
2552 1156 2675 1199 esse
2702 1142 2866 1216 (quod
2896 1147 3108 1217 plurimi
3152 1153 3452 1211 iaciendum
3494 1170 3599 1225 est,

2010 1239 2116 1279 non
2144 1228 2320 1282 solum
2349 1229 2406 1284 in
2432 1232 2607 1288 soluta
2652 1238 2913 1305 oratione,
2939 1238 3036 1295 sed
3080 1240 3241 1297 etiam
3301 1244 3353 1299 in
3404 1248 3599 1322 poesi),

1975 1343 1979 1346 ν
2011 1327 2122 1372 tum
2150 1334 2216 1374 ne
2245 1321 2378 1376 rude
2424 1324 2663 1393 quidem,
2687 1328 2877 1384 saltem
2926 1332 2981 1385 in
3036 1333 3168 1388 locis
3220 1336 3480 1406 pluribus,
3508 1321 3603 1395 aut

2009 1411 2311 1483 impolitum
2369 1416 2584 1475 dicendi
2632 1436 2802 1493 genus
2845 1423 2913 1478 ab
2958 1439 3025 1481 eo
3068 1424 3332 1496 adhiberi,
3359 1431 3602 1501 quinimo

2011 1506 2115 1562 tale
2134 1510 2277 1578 quod
2309 1508 2576 1567 interdum
2607 1514 2691 1568 vel
2739 1514 3078 1573 delicatiores
3126 1533 3284 1577 aures
3328 1522 3602 1581 delectare

2010 1600 2200 1667 possit.
2235 1600 2381 1657 Idem
2434 1604 2489 1659 in
2516 1604 2896 1665 affectionibus
2949 1612 3135 1680 animt,
3170 1629 3267 1683 pro
3296 1622 3594 1687 temporum

1976 1722 1981 1723 ν
2012 1707 2078 1747 ac
2101 1709 2450 1763 personarum
2483 1710 2671 1756 natura
2690 1742 2705 1767 ,
2734 1705 3105 1775 exprimendis
3134 1710 3303 1781 (quod
3334 1712 3384 1766 in
3408 1714 3599 1780 primis

2008 1786 2143 1840 artis
2174 1794 2229 1840 et
2259 1789 2454 1859 ingenii
2482 1791 2593 1846 vim
2616 1794 2879 1865 ostendit)
2911 1800 3145 1855 maxime
3169 1804 3467 1870 antecellit;
3502 1821 3602 1863 nec

314 1888 695 1954 l’ictavienses,
715 1899 774 1945 ut
796 1904 860 1944 ex
896 1890 1036 1945 illius
1064 1891 1318 1948 Ecclesia:
1349 1893 1517 1948 sacris
1546 1871 1980 1972 monumentisB
2010 1877 2137 1972 Silus
2160 1877 2380 1948 quidem
2404 1888 2459 1936 ει
2479 1881 2676 1953 leporis
2702 1900 2917 1956 expers:
2942 1904 3062 1944 cum
3096 1892 3244 1948 locus
3273 1896 3600 1967 υκροεῑυιῢῑο

311 1982 545 2039 ostendit
568 1982 813 2040 Andreas
839 1983 1125 2041 Suassaius
1174 1984 1240 2041 ad
1286 1987 1487 2043 calcem
1537 1985 1904 2059 Martyrologii

311 2072 587 2130 Gallicani.
618 2077 733 2146 Qua
757 2077 827 2133 de
871 2093 931 2133 re
978 2078 1237 2148 legendus
1267 2079 1531 2146 Cointius,
1556 2081 1622 2136 ad
1650 2095 1740 2136 an.
1772 2080 1902 2147 599,

311 2180 458 2223 num.
486 2167 581 2235 28,
611 2178 667 2225 et
694 2168 905 2238 Pagius,
936 2169 1004 2224 ad
1031 2184 1120 2225 an.
1147 2170 1272 2235 568,
1300 2188 1449 2227 num.
1483 2171 1537 2227 4.
1563 2173 1617 2228 In
1650 2174 1901 2228 vetustis-

311 2259 458 2312 simis
484 2261 648 2314 etiam
695 2260 966 2329 precibus,
1006 2276 1099 2317 seu
1149 2262 1367 2330 litaniis,
1418 2264 1594 2321 s'olitis
1634 2280 1663 2320 a
1710 2264 1905 2322 Carolo

313 2348 474 2406 Calvo
505 2353 743 2419 recitari,
776 2354 915 2410 inter
946 2364 1173 2411 carteros
1220 2366 1437 2412 sanctos
1484 2359 1769 2430 episcopos
1817 2359 1903 2415 vel

317 2444 591 2502 Fortunati
623 2464 819 2505 nomen
865 2465 1183 2519 expressum
1232 2452 1501 2523 reperitur
1540 2453 1626 2508 his
1667 2454 1846 2510 verbis
1888 2473 1902 2509 :

317 2540 506 2597 Sancte
538 2542 589 2598 Ρ
589 2554 851 2611 ονιιιηαιε,
869 2561 962 2599 ora
985 2563 1077 2615 pro
1107 2546 1273 2613 nobis,
1306 2547 1382 2602 uti
1409 2556 1632 2619 apparet
1661 2563 1725 2603 cs
1764 2547 1907 2604 anti-

319 2636 577 2705 quissimo
607 2638 735 2704 Ms.,
792 2640 934 2710 quod
987 2640 1517 2711 ediditStephanus
1567 2640 1805 2721 Dalutins
1852 2640 1907 2695 in

317 2737 435 2791 app.
459 2724 527 2779 ad
548 2724 684 2793 Cap.
718 2724 921 2798 Regum
947 2725 1167 2805 Franc.,
1184 2741 1305 2797 cap.
1330 2727 1421 2781 94.
1455 2728 1732 2784 Postremo
1759 2726 1907 2797 ejus-

320 2814 435 2869 dem
465 2816 691 2872 Festum
724 2817 777 2873 in
810 2818 1052 2874 Ecclesia
1084 2820 1403 2875 Pictaviensi
1433 2820 1535 2875 sub
1574 2820 1678 2875 ritu
1706 2819 1906 2889 duplici

320 2908 624 2965 celebratur
662 2911 729 2965 ad
773 2911 913 2967 diem
943 2911 1010 2968 14
1041 2913 1371 2982 Decembris,
1396 2925 1454 2970 ut
1482 2916 1720 2972 referunt
1749 2916 1908 2973 Sam-

321 3002 583 3057 martbani
618 3002 671 3057 in
694 3002 833 3060 Call.
858 3002 1080 3071 Christ.,
1117 3014 1156 3060 t.
1194 3006 1259 3075 ll,
1280 3024 1331 3077 p.
1366 3006 1524 3063 ll5l.
1554 3008 1837 3081 Legendus
1855 3020 1911 3066 et

319 3092 603 3153 Suessaius
632 3097 684 3152 in
716 3098 869 3153 blart.
895 3098 1035 3156 Call.
1070 3115 1127 3168 tt,
1160 3116 1213 3171 p.
1244 3100 1329 3169 15,
1359 3101 1476 3157 Kal.
1501 3101 1621 3158 Jan.

385 3209 472 3267 96.
518 3214 693 3283 Atque
717 3212 831 3268 Ι)ωο
857 3222 1076 3269 externa
1105 3223 1232 3271 sunt
1252 3215 1320 3272 de
1343 3216 1539 3287 pietate
1564 3231 1628 3272 ac
1653 3215 1909 3288 religione
1936 3247 1983 3312 ο

324 3304 601 3361 Fortunati
653 3307 983 3365 testimonia.
1039 3308 1097 3365 Si
1154 3320 1331 3366 autem
1379 3310 1495 3383 ejus
1544 3311 1762 3382 scripta,
1794 3311 1908 3369 sive

323 3413 492 3467 prosa,
520 3399 638 3456 sive
672 3414 865 3465 versu,
916 3399 1246 3468 ciucubrala,
1302 3402 1568 3473 legantur,
1610 3402 1741 3457 nihil
1798 3404 1908 3459 lere

319 3491 457 3547 aliud
482 3493 573 3547 illa
594 3507 760 3563 quam
782 3495 1049 3566 egregiam
1072 3494 1127 3549 in
1150 3494 1319 3551 Deum
1346 3512 1411 3552 ac
1428 3496 1636 3553 beatam
1663 3498 1904 3567 Mariam,

321 3582 583 3656 Divosque
618 3600 833 3651 omnes,
865 3587 1120 3656 pietatem
1171 3598 1225 3642 et
1276 3591 1633 3645 reverentiam
1684 3606 1797 3659 prce
1846 3605 1906 3648 se

316 3676 511 3742 ferunt,
536 3687 648 3732 tum
681 3679 732 3732 in
769 3678 1058 3732 virtutibus
1091 3679 1364 3734 hominum
1394 3696 1458 3735 ac
1489 3682 1759 3750 praeclaris
1786 3697 1904 3739 me-

315 3769 424 3825 ritis
446 3769 791 3826 celebrandis
812 3771 1046 3827 alienum
1069 3771 1137 3827 ab
1156 3772 1302 3826 omni
1327 3771 1615 3829 invidentia
1635 3774 1906 3846 singulare

314 3863 543 3918 studium
602 3879 669 3919 ac
722 3863 1080 3920 sedulitatem.
1138 3865 1193 3919 ln
1257 3865 1445 3922 iisdem
1498 3866 1694 3938 ubique
1744 3866 1905 3937 digna

316 3954 624 4011 Christiano
647 3957 887 4026 homine,
922 3956 1227 4029 ingenuitas
1255 3973 1319 4014 ac
1346 3949 1557 4014 morum
1586 3958 1904 4030 simplicitas

315 4057 554 4117 apparet,
582 4047 639 4102 in
668 4048 912 4104 colendis
954 4048 1207 4104 amicitiis
1258 4050 1551 4119 singularis
1601 4051 1902 4106 innocentia

309 4152 370 4193 ac
390 4140 545 4205 fides,
577 4150 686 4196 tum
715 4142 1015 4211 praecipuus
1037 4141 1306 4212 arquitatis
1326 4141 1725 4213 honestatisque
1750 4158 1902 4200 amor

308 4231 500 4301 ubique
522 4246 815 4299 expressus
842 4234 1177 4303 perspicitur.
1208 4234 1282 4289 De
1306 4250 1364 4290 se
1391 4234 1604 4304 quoties
1645 4235 1900 4305 loquitur,

306 4339 406 4377 non
433 4326 595 4379 modo
619 4326 798 4381 verbis
820 4341 924 4381 non
958 4327 1111 4382 ell‘ert
1140 4344 1202 4382 ea
1233 4338 1546 4384 ornamenta
1575 4345 1696 4400 qua:
1723 4330 1814 4385 alii
1845 4331 1900 4386 in

305 4416 415 4486 ipso
446 4418 875 4484 admirabantur,
902 4419 997 4475 sed
1022 4421 1181 4475 etiam
1211 4429 1352 4475 totus
1394 4430 1476 4476 est
1504 4420 1557 4477 in
1580 4422 1780 4478 eisdem
1804 4438 1900 4478 oc-

303 4509 589 4576 cultandis,
620 4521 711 4564 aut
740 4513 1118 4581 cxtenuandis,
1147 4512 1289 4568 idem
1316 4515 1364 4567 in
1392 4514 1601 4570 czeteris
1623 4517 1896 4584 ornandis,

2008 1969 2449 2040 deprehenditur.

2077 2063 2168 2120 99.
2211 2066 2366 2131 Quod
2397 2069 2443 2122 si
2472 2070 2594 2138 quis
2626 2069 2763 2127 forte
2792 2072 2845 2127 id
2880 2075 3170 2144 desiderat,
3201 2087 3258 2133 nt
3310 2082 3602 2152 elegantior

2007 2155 2275 2213 interdum
2303 2174 2367 2215 ac
2392 2159 2698 2231 diligentior
2724 2175 2890 2232 esset,
2919 2166 3064 2223 idem
3095 2172 3403 2228 meminerit
3425 2183 3601 2243 opor-

2008 2258 2106 2317 tet,
2128 2265 2191 2306 ea
2219 2251 2273 2306 in
2325 2262 2567 2324 tempora
2619 2256 2769 2312 illum
2826 2259 3100 2329 incidisse,
3134 2266 3324 2332 quibus
3375 2268 3597 2326 diutinis

2012 2341 2169 2398 bellis
2197 2359 2259 2399 ac
2291 2344 2659 2416 frequentibus
2693 2350 3049 2411 Barbarorum
3072 2359 3471 2417 incursionibus
3492 2378 3600 2419 non

2007 2436 2180 2491 solum
2209 2435 2376 2506 Italia,
2410 2438 2464 2495 in
2489 2456 2593 2511 qua
2637 2441 2827 2499 doctus
2874 2453 2930 2501 et
2973 2447 3233 2505 educatus
3278 2449 3473 2519 fuerat,
3503 2456 3601 2511 sed
3673 2435 3675 2438 i

2009 2527 2194 2598 etiam,
2223 2529 2274 2583 in
2305 2531 2694 2605 quaOdeinceps
2726 2537 2881 2605 vixit,
2906 2538 3077 2595 Callia
3107 2551 3295 2598 vexata
3325 2556 3381 2600 et
3401 2545 3601 2603 afﬂicta

2010 2620 2206 2691 saepius
2239 2621 2355 2691 fuit,
2390 2633 2450 2679 ut
2479 2626 2780 2683 mirandum
2808 2630 2992 2699 potius
3012 2633 3101 2701 sit,
3132 2634 3179 2688 si
3208 2636 3356 2704 quid,
3381 2652 3441 2693 ea
3469 2649 3600 2694 tcta-

2012 2723 2085 2782 te,
2118 2730 2238 2767 cum
2266 2718 2552 2774 ca:tcrisin
2597 2720 2779 2790 rebus,
2814 2732 2925 2777 tum
2971 2723 3025 2779 in
3067 2725 3231 2781 Musis
3276 2742 3339 2782 ac
3385 2726 3599 2796 litteris,

2011 2807 2311 2865 barbariem
2340 2827 2403 2867 ac
2423 2812 2687 2869 feritatem
2718 2832 2824 2872 non
2855 2817 3144 2876 redoleret.
3195 2821 3252 2875 Si
3295 2821 3424 2891 quid
3472 2837 3601 2877 vero

1968 2901 2179 2969 _.aliutl,
2206 2902 2366 2959 Musa:
2392 2914 2539 2962 certe
2569 2907 2802 2977 quietem
2859 2918 2914 2965 et
2956 2911 3124 2966 otium
3176 2912 3504 2982 desiderant,
3528 2929 3593 2970 ac

2011 2995 2295 3063 quamdam
2329 2998 2644 3054 vacuitatem
2697 3000 2766 3055 ab
2809 3000 3115 3072 angoribus.
3162 3003 3421 3073 Quocirca
3467 3005 3599 3075 quid

2014 3089 2229 3144 tandem
2258 3088 2532 3158 feSIivum,
2564 3108 2627 3148 ac
2658 3092 2861 3164 laatunt,
2892 3104 2948 3150 et
2992 3097 3104 3151 suis
3151 3098 3457 3154 absolutum
3500 3115 3602 3155 nu-

2015 3183 2199 3251 meris,
2231 3199 2423 3241 canere
2471 3186 2517 3242 is
2564 3198 2792 3258 poterat,
2825 3189 2940 3260 qui,
2973 3191 3165 3246 anxius
3204 3206 3268 3247 ac
3307 3193 3597 3257 sollicitus,

2014 3277 2145 3334 illud
2172 3295 2316 3349 saepe
2340 3291 2607 3351 quaireret
2636 3298 2650 3335 :

2132 3380 2184 3432 Si
2211 3383 2375 3446 gravis
2397 3395 2527 3433 arma
2548 3390 2745 3446 tenens,
2768 3383 2912 3435 [tatas
2930 3386 3048 3435 terit
3064 3384 3243 3449 hospes
3263 3388 3471 3441 arenas?

2008 3462 2207 3534 quique
2236 3463 2305 3519 ab
2336 3464 2481 3520 Italia
2530 3465 2621 3521 diu
2649 3467 2823 3534 exsul,
2852 3481 3034 3523 secum
3064 3468 3193 3523 illud
3222 3476 3278 3523 et
3312 3484 3433 3525 cum
3476 3469 3596 3526 aliis

2007 3556 2442 3628 conquerebatur
2474 3574 2487 3613 ;

2131 3647 2227 3714 _(_Iur
2249 3650 2365 3714 mihi
2391 3657 2485 3700 tam
2510 3650 2695 3701 validas
2719 3652 2930 3702 inuectis
2952 3664 3067 3702 cura
3090 3651 3358 3714 querelas?

2130 3710 2340 3776 Tristius
2362 3726 2481 3776 erm?
2499 3715 2663 3770 nimis,
2694 3715 2858 3775 patriis
2882 3728 3032 3776 vagus
3060 3710 3202 3764 exsul
3227 3716 3288 3762 ab
3309 3715 3426 3774 uris,

2190 3773 2345 3833 Quam
2371 3776 2435 3825 sit
2458 3773 2724 3835 Apolloniis
2746 3773 3008 3839 naufragiis
3031 3776 3209 3838 h0spes
3232 3777 3387 3837 aquis.

2080 3855 2201 3911 £09.
2235 3858 2391 3912 llisce
2419 3857 2558 3913 adde
2593 3860 2733 3928 quod
2761 3859 2808 3914 is
2838 3859 3090 3928 pleraque
3137 3857 3434 3912 carminum
3485 3874 3593 3916 non

2003 3947 2148 4005 domi
2173 3951 2387 4017 scripsit
2406 3951 2599 4017 otiose,
2627 3963 2683 4006 ut
2709 3950 2896 4007 cadent
2919 3950 3056 4008 seria
3083 3965 3208 4004 cura
3234 3964 3293 4005 ac
3314 3950 3592 4019 diligentia

2004 4042 2347 4109 elucubrare,
2380 4059 2465 4111 ac,
2488 4044 2537 4099 si
2566 4045 2694 4114 quid
2741 4045 2916 4100 minus
2961 4044 3242 4100 commode
3287 4045 3580 4111 exciderat,

2004 4138 2266 4207 reliugere
2290 4152 2355 4193 ac
2383 4137 2572 4194 limare
2599 4137 2845 4194 subtilius
2876 4148 3089 4208 posset,
3120 4138 3216 4194 sed
3262 4138 3316 4193 in
3370 4138 3585 4205 itinere,

2002 4240 2094 4283 aut
2139 4228 2421 4301 navigans,
2469 4240 2562 4285 aut
2607 4231 2871 4302 equitans,
2919 4229 3031 4286 fere
3076 4231 3279 4298 ell'udit,
3315 4240 3404 4286 aut
3451 4230 3593 4288 inter

2005 4323 2261 4379 barbaros
2292 4324 2556 4393 homines,
2583 4326 2838 4381 invitatus
2867 4324 2936 4379 ad
2956 4324 3222 4391 convivia,
3257 4341 3320 4381 ex
3349 4336 3593 4396 tempore

2004 4418 2256 4486 profudit.
2296 4402 2533 4475 Utenitn
2563 4421 2679 4489 ipse
2719 4419 2786 4475 de
2830 4433 2949 4474 sese
2997 4418 3186 4472 scribit
3242 4417 3307 4472 ad
3361 4417 3591 4489 Cregor.

2001 4508 2238 4577 Turon.,
2274 4511 2366 4567 lib.
2399 4529 2436 4579 ι,
2461 4528 2579 4583 cap.
2610 4512 2635 4565 i
2690 4530 2701 4566 :
2744 4511 3069 4577 Prwscrtitn,
3102 4512 3295 4582 inquit,
3327 4528 3443 4566 cum
3495 4528 3591 4585 ego

301 4616 433 4668 quos
457 4602 569 4657 ulla
595 4604 809 4658 virtutis
833 4605 988 4681 laude
1015 4614 1270 4675 praestare
1293 4618 1613 4678 cognoverat
1644 4608 1813 4666 facilis
1832 4625 1895 4667 ac
1917 4617 1973 4679 D
1999 4605 2268 4677 imperitus
2297 4607 2361 4659 de
2407 4605 2655 4660 Ravenna
2696 4606 3027 4678 progrediens
3063 4604 3297 4671 Padum,
3330 4607 3603 4675 Athesim,

302 4692 538 4749 liberalis
567 4696 889 4751 ossenditnr.

370 4788 457 4844 εἴ.
507 4790 760 4860 Ejusdem
786 4808 913 4847 vero
940 4794 992 4847 in
1023 4792 1307 4848 scribendo
1357 4794 1605 4863 pietatem
1659 4795 1892 4853 Ecclesia

302 4884 610 4938 testimonio
653 4899 752 4938 suo
798 4900 861 4941 ac
915 4884 1054 4939 facto
1106 4886 1492 4953 comprobavit,
1544 4903 1665 4942 cum
1715 4889 1895 4959 plures

302 4976 530 5046 hymnos
558 4976 629 5031 ab
659 4978 775 5046 ipso
802 4976 1149 5033 concinnatus
1179 4978 1243 5031 ad
1273 4979 1455 5033 divina
1482 4979 1656 5035 officia
1689 4990 1743 5037 et
1767 4997 1894 5037 san-

300 5077 509 5123 ctorum
537 5068 672 5123 festa
702 5068 1020 5123 celebranda
1047 5069 1371 5138 adhibuerit,
1397 5081 1451 5127 et
1478 5086 1577 5125 usu
1622 5088 1721 5127 suo
1766 5088 1895 5129 con-

303 5162 545 5225 secrarit,
579 5176 715 5229 quos
746 5162 1040 5230 permultos
1075 5161 1235 5218 fuisse
1267 5164 1531 5235 (quamvis
1557 5165 1645 5220 alii
1669 5166 1894 5223 fortasse

298 5253 541 5308 adhiberi
572 5254 852 5323 desierint,
882 5256 971 5310 alii
999 5257 1234 5312 auctoris
1260 5259 1345 5313 sui
1375 5274 1442 5312 ex
1488 5260 1689 5315 incuria
1721 5260 1896 5316 homi-

300 5361 422 5400 nam
451 5356 509 5401 et
535 5345 806 5403 oblivione
834 5364 1027 5403 nomen
1059 5348 1364 5418 amiserint)
1410 5366 1473 5405 ex
1521 5351 1686 5407 Paulo
1744 5353 1889 5409 Diae.

297 5448 349 5492 et
370 5438 578 5494 Joanne
605 5436 901 5493 'l‘rithemio
931 5439 1138 5495 discere
1166 5455 1468 5510 possumus,
1501 5458 1725 5513 quorum
1757 5445 1893 5501 alter

297 5530 507 5600 hymnos
522 5530 844 5601 singularum
865 5529 1193 5599 fesriritatnm
1215 5535 1522 5603 compositos
1546 5550 1575 5590 a
1600 5535 1892 5594 Fortunato

296 5620 455 5676 fuisse
499 5622 865 5688 relert,alter'
903 5621 1130 5694 hymnos
1181 5624 1249 5680 al)
1304 5626 1497 5682 eodem
1553 5622 1891 5689 eluettbratos

292 5716 625 5787 septuaginta
677 5726 885 5785 septem
933 5730 1235 5784 enumerat,
1268 5736 1494 5787 quorum
1540 5726 1763 5799 primus,
1798 5727 1889 5784 ille

274 5802 558 5876 'statuitur,
586 5808 679 5878 qui
707 5809 892 5878 incipit
927 5826 940 5862 :
973 5810 1231 5880 Agnoscat
1258 5829 1407 5868 omne
1443 5819 1720 5895 scccttlum,
1754 5829 1885 5893 etc.,

292 5899 377 5970 qui
402 5902 581 5958 exstat
609 5899 703 5957 lib.
737 5914 997 5972 vnt,cap.
1029 5900 1081 5971 5,
1105 5902 1203 5973 ορ.
1232 5902 1380 5960 Fort.
1712 5896 1716 5907 ’
1829 5896 1839 5903 ’

1432 6036 1485 6055 uae-4
1550 6034 1561 6041 ⁸
1704 6047 1710 6054 .
1732 6028 1822 6053 -ηηό

1999 4706 2126 4762 etc.,
2159 4707 2372 4753 tranans
2394 4737 2407 4762 ,
2441 4698 2694 4769 pendulus
2747 4699 3001 4751 montanis
3039 4698 3378 4768 anfractibus,
3424 4696 3591 4768 Pyre-

1999 4792 2125 4844 utcis
2146 4807 2438 4859 occurrens,
2456 4789 2487 4844 ,Ι
2496 4792 2598 4845 ulio
2623 4807 2791 4845 mense
2806 4792 3015 4853 nivosis,
3037 4806 3162 4861 pene
3179 4800 3268 4844 aut
3288 4791 3584 4860 equitando,

1997 4896 2086 4941 aut
2105 4886 2427 4940 dormitanth
2448 4886 2855 4955 conscripserim.
2883 4883 2982 4940 Ubi
3004 4886 3135 4939 inter
3151 4884 3413 4938 Barbaros
3434 4886 3587 4953 lon'go

1998 4992 2165 5038 tractu
2191 4982 2452 5053 gradiens,
2481 4989 2570 5034 aut
2614 4981 2695 5033 via
2726 4983 2889 5051 fessus
2910 5023 2924 5046 ,
2955 4989 3042 5032 aut
3087 4978 3297 5044 crapula
3347 4978 3587 5045 brumali,

1997 5085 2083 5129 aut
2111 5074 2324 5146 frigore,
2375 5071 2529 5126 Musa
2569 5072 2825 5137 hortante,
2872 5070 3037 5124 nescio
3086 5069 3255 5139 gelida
3304 5070 3463 5139 magis
3516 5084 3587 5123 an

1996 5165 2155 5232 ebria,
2186 5181 2345 5221 uorua
2375 5164 2611 5235 Orpheus
2640 5158 2885 5236 Lyricus,‘
2903 5163 3045 5217 silva:
3072 5177 3213 5215 vacca
3231 5160 3433 5226 dabunt,
3456 5161 3587 5216 silua

1996 5259 2259 5314 reddebat.
2283 5257 2485 5327 Quibus
2516 5267 2799 5329 propterea
2820 5271 2879 5310 se
2901 5262 3121 5311 excusat
3148 5253 3211 5306 ad
3240 5249 3581 5320 Gregorium,

1996 5355 2281 5427 quominus
2310 5354 2550 5410 carmina
2579 5368 2673 5408 sua
2703 5353 2909 5408 ederet.
2942 5351 3072 5405 Item
3113 5348 3164 5402 in
3209 5344 3310 5399 alia
3356 5347 3585 5415 epistola

1995 5447 2063 5504 ad
2107 5448 2352 5504 eumdem
2385 5446 2632 5516 Cregor.,
2666 5461 2784 5515 qua:
2826 5446 3037 5515 praefixa
3066 5452 3147 5497 est
3177 5452 3403 5513 quatuor
3432 5441 3585 5497 libris

1995 5543 2064 5599 de
2114 5543 2231 5598 Vita
2272 5542 2443 5597 sancti
2490 5541 2742 5605 Martini,
2775 5554 2929 5595 suum
2958 5537 3224 5607 quoddam
3276 5552 3464 5607 poema
3514 5537 3583 5592 ad

1995 5637 2243 5693 eumdem
2269 5635 2394 5704 dicit
2422 5634 2635 5691 mittere
2671 5652 2683 5685 :
2716 5631 2853 5704 quod
2875 5631 2927 5683 in
2955 5646 3103 5702 opere
3132 5631 3458 5699 uicarium,“
3488 5641 3584 5696 est,

1996 5730 2051 5785 in
2074 5731 2187 5801 ipsa
2207 5729 2499 5798 messe,ait,
2521 5738 2573 5781 ut
2601 5740 2822 5797 praesens
2852 5723 3110 5792 explicare
3139 5727 3355 5796 portitor
3376 5724 3581 5797 poterit,

1994 5841 2087 5890 uec
2117 5823 2356 5894 expedire
2381 5821 2546 5888 licuit,
2580 5836 2670 5873 nec
2696 5825 2893 5872 tentare
2919 5816 3142 5887 singulo.
3170 5815 3234 5871 Et
3255 5816 3404 5871 addit
3434 5833 3447 5869 :
3480 5812 3582 5867 To-

1994 5930 2101 5975 tum
2126 5915 2262 5971 illud
2293 5930 2422 5985 opus
2454 5912 2669 5984 (nempe
2693 5917 2929 5979 quatuor
2956 5909 3123 5969 libros
3151 5910 3220 5968 de
3246 5908 3365 5964 Vita
3410 5902 3586 5964 sanat
