4020 6346
325 280 382 334 ὶῦ
1450 287 1606 345 νιτΑ
1647 288 1884 347 νΕΝΑΝ

2007 287 2425 349 FORTUNATL
2817 332 2822 333 κ
3504 297 3588 366 δι

386 394 530 452 Idem
547 398 602 453 in
625 400 844 470 epistola
867 417 1081 479 pruinae
1105 401 1197 479 tib.
1223 408 1440 479 quatuor
1466 401 1530 457 de
1553 401 1823 456 virtutibus
1919 404 1972 463 Α
1999 403 2132 459 adeo
2155 405 2399 474 quredam
2424 405 2650 462 solerter
2671 422 2792 463 eum
2813 407 3161 478 investigasse
3178 456 3192 479 ,
3218 427 3340 468 eum
3365 413 3413 467 ei
3442 427 3572 469 con-

903 475 1066 528 sancti
1096 473 1328 528 Martini.

387 561 622 629 Utinam,
644 565 826 635 inquit,
849 566 1100 633 Severus,
1124 575 1218 621 aut
1245 565 1497 624 Paulinus
1522 565 1782 632 viverem,
1804 573 1896 624 aut

319 662 459 709 certe
489 653 815 711 Fortunatus
844 657 1076 724 adesset,
1109 657 1197 727 qui
1224 654 1331 713 ista
1369 657 1756 725 describerent,
1786 667 1890 712 etc.

319 745 390 802 De
415 748 593 803 eodeni
619 747 906 806 Fortunato
936 749 1015 803 vel
1051 750 1168 803 aliis
1193 750 1250 805 in
1271 749 1398 804 locis
1421 750 1722 804 mentionem
1749 749 1892 817 facit.

384 838 709 896 Baudonioia
755 841 1193 912 sanctimonialis,
1223 843 1274 896 in
1297 843 1508 912 prologo
1549 841 1616 896 ad
1650 839 1822 896 Vitam

829 921 1016 966 sancta:
1047 911 1396 985 Radegundis.

383 1003 497 1060 Non
527 1019 614 1076 ea,
644 1020 766 1076 quae
793 1005 876 1058 vir
906 1004 1232 1074 apostolicus
1262 1002 1583 1068 Fortunatus
1612 1003 1894 1076 episcopus

317 1089 578 1150 debeata:
605 1094 717 1151 Vita
745 1096 1062 1167 composuit,
1094 1098 1372 1163 iteramus,
1403 1107 1510 1154 etc.

321 1188 514 1244 Paulus
543 1187 825 1256 Diaconos,
852 1191 913 1244 de
939 1189 1104 1244 Gestis
1128 1189 1445 1262 Longobar.,
1464 1192 1551 1246 lib.
1577 1208 1634 1258 tt,
1653 1209 1768 1260 cap.
1803 1193 1891 1249 15.

383 1283 526 1339 Sane
557 1284 676 1353 quia
705 1284 860 1355 hujus
902 1285 1092 1344 Felicis
1122 1285 1344 1344 fecimus
1374 1288 1700 1344 mentionem
1722 1329 1737 1356 ,
1767 1288 1894 1350 libet

314 1392 525 1448 quoque
552 1393 717 1445 pauca
743 1393 840 1440 nos
864 1379 930 1436 de
961 1380 1249 1444 venerabili
1273 1390 1328 1437 et
1355 1381 1750 1450 sapientissimo
1774 1383 1894 1443 viro

315 1468 605 1525 Fortunato
632 1480 908 1538 retexere,
942 1471 1030 1541 qui
1064 1471 1206 1535 hunc
1235 1472 1470 1534 Felicem
1500 1489 1652 1532 suum
1679 1488 1892 1532 asseve-

312 1567 388 1612 rat
417 1557 622 1613 socium
668 1559 856 1616 fuisse.
904 1560 1147 1632 Denique
1196 1562 1281 1618 hic
1304 1602 1322 1629 ,
1348 1562 1415 1622 de
1442 1577 1546 1633 quo
1594 1564 1888 1632 loquimur,

311 1647 664 1718 Fortunatus,
700 1660 856 1706 natus
886 1653 1099 1724 quidem
1147 1654 1199 1707 in
1227 1654 1343 1709 loco
1365 1654 1450 1724 qui
1475 1655 1767 1724 Duplavilis
1805 1656 1889 1710 di-

2001 500 2304 566 temporalis
2352 501 2589 556 existens
2615 503 2696 556 vir
2727 502 2955 570 prudens
2986 515 3038 559 et
3067 507 3572 565 scholasticissimtts
3666 532 3674 541 ’

1997 587 2442 660 Fortunatus,qui
2462 592 2607 660 plura
2633 605 2687 648 et
2709 593 3016 664 frequenter
3033 598 3098 651 ad
3121 613 3240 652 eum
3258 602 3566 672 scripserat,

1999 680 2264 751 Hymuum
2307 685 2585 754 rythmicze
2633 688 3038 756 compositionis
3070 690 3480 758 pulcherrimum
3503 697 3573 751 de

1997 771 2100 828 isto
2127 773 2519 844 gloriosissimo
2541 788 2776 849 martyre
2797 783 3177 850 composuerit.
3207 783 3262 838 In
3285 795 3569 856 quo‘com-

1996 873 2258 920 memorat
2283 880 2407 922 eum
2437 882 2466 921 a
2494 868 2655 923 beato
2681 868 2958 929 Clemente
2981 874 3322 943 destinatum,
3355 879 3491 934 sicut
3518 882 3572 936 in

1996 955 2304 1014 Latinorum
2337 961 2545 1030 paginis
2564 961 2768 1020 didicit.
2821 963 2897 1020 De
2927 967 3144 1024 natione
3168 979 3345 1026 autem
3373 970 3488 1040 ejus
3517 983 3573 1027 et

1999 1050 2334 1107 ordinatione
2380 1054 2717 1124 episcopatus
2764 1059 3090 1116 mentionem
3121 1075 3226 1117 non
3253 1061 3419 1130 facit,
3449 1065 3574 1133 quia

1999 1139 2193 1212 lingua:
2213 1140 2417 1198 Gratcte
2447 1147 2658 1214 penitus
2681 1162 2878 1217 expers
2899 1150 3017 1207 fuit.

1997 1231 2336 1302 Hincmarus,
2352 1237 2406 1290 in
2445 1235 2560 1317 Vita
2584 1241 2750 1317 sancti
2779 1241 3245 1317 Remigiiepiscopi
3270 1246 3572 1304 [inmensis

2528 1311 2582 1363 in
2604 1316 2781 1380 praep,
2813 1311 2955 1368 nam.
2986 1314 3042 1370 Ξ.

2066 1398 2306 1470 Egidius,
2340 1410 2460 1470 post
2501 1402 2716 1459 beatum
2760 1403 3102 1477 Remigium,
3153 1420 3370 1479 quartus
3418 1412 3574 1468 istius

1995 1492 2227 1547 civitatis
2274 1493 2554 1564 episcopus
2593 1497 2878 1565 quemdam
2917 1498 3090 1555 virum
3120 1502 3444 1572 religiosum,
3479 1519 3574 1559 no-

1995 1583 2140 1640 mine
2169 1584 2518 1644 Fortunatum
2543 1629 2559 1654 ,
2591 1589 2832 1645 metricis
2863 1591 3104 1647 versibus
3128 1593 3411 1665 insignem,
3447 1596 3569 1664 quia

1994 1676 2178 1731 multis
2207 1679 2512 1745 potentibus
2533 1689 2588 1736 et
2615 1681 3015 1740 honorabilihus
3072 1686 3224 1754 viris,
3253 1687 3305 1742 iu
3339 1686 3424 1743 his
3443 1688 3571 1744 Gal-

308 1741 462 1809 citur,
495 1742 592 1797 fuit
625 1761 641 1799 :
672 1743 762 1813 qui
791 1743 938 1798 locus
975 1739 1115 1800 haud
1146 1743 1302 1818 longe
1333 1762 1360 1799 a
1398 1746 1664 1810 Genitensi
1687 1757 1886 1814 castro,
1915 1771 1965 1833 Β
1991 1768 2107 1825 “eis
2135 1739 2437 1842 ρι’Βθιεὶοἱε
2481 1775 2808 1846 regionibus,
2857 1794 2954 1849 per
3003 1739 3224 1836 diversa
3249 1781 3389 1850 loca,
3444 1794 3572 1839 tunc

312 1833 389 1886 vel
420 1833 735 1889 Tarvisiana
777 1835 940 1891 distat
986 1837 1237 1904 civitate;
1271 1838 1362 1893 sed
1388 1847 1565 1911 tamen
1615 1839 1888 1897 Ravennae

315 1925 542 1978 nutritus
572 1935 626 1981 et
650 1925 837 1982 doctus
857 1969 872 1994 ,
902 1928 952 1982 in
982 1938 1098 1993 arte
1141 1931 1483 2000 grammatica
1507 1972 1522 1996 ,
1557 1932 1670 1988 sive
1700 1932 1884 1988 rheto-

308 2016 432 2080 rica,
463 2017 579 2072 sive
603 2017 760 2078 etiam
789 2020 1030 2086 metrica,
1054 2021 1380 2076 clarissimus
1409 2023 1629 2080 exstitit.
1655 2023 1752 2078 Hic
1765 2040 1886 2080 cum

309 2108 582 2163 oculorum
623 2111 867 2166 dolorem
919 2112 1449 2186 vehementissimam
1496 2124 1798 2187 pateretur,
1831 2125 1887 2182 et

311 2196 657 2254 nihilominus
690 2199 839 2255 Felix
869 2203 988 2270 istc,
1021 2203 1184 2273 ipsius
1209 2204 1408 2270 socius,
1433 2208 1548 2276 pari
1575 2205 1732 2262 modo
1759 2222 1886 2262 ocu-

307 2291 384 2347 los
431 2292 672 2358 doleret,
715 2303 941 2368 uterque
983 2293 1048 2347 ad
1097 2293 1371 2350 basilicam
1416 2295 1695 2354 beatorum
1737 2296 1885 2355 Pauli

307 2393 458 2454 atque
489 2382 738 2454 Joannis,
770 2401 889 2456 quae
936 2387 1072 2441 intra
1119 2387 1360 2444 eamdem
1406 2390 1589 2445 urbem
1636 2391 1735 2446 sita
1764 2401 1879 2458 est,

307 2487 660 2543 perrexerunt
689 2477 740 2532 in
772 2494 875 2547 qua
905 2480 1066 2534 etiam
1096 2480 1341 2536 altarium
1373 2483 1425 2537 in
1452 2481 1709 2546 honorem
1737 2485 1886 2541 beati

307 2563 514 2620 Martini
557 2562 882 2624 confessoris
925 2577 1288 2626 constructum
1343 2575 1689 2646 propinquam
1725 2573 1886 2632 habet
1923 2646 1926 2649 η

307 2653 618 2724 fenestram,
651 2658 704 2712 in
733 2673 838 2728 qua
871 2657 1082 2741 lucerna
1114 2661 1180 2716 ad
1205 2661 1562 2720 exhibendum
1596 2665 1775 2721 lumen
1799 2675 1885 2722 est

306 2751 592 2804 constituta
612 2793 630 2820 ,
662 2749 730 2806 de
759 2751 910 2822 cujus
941 2755 1062 2809 oleo
1104 2771 1227 2811 mox
1263 2757 1365 2813 sibi
1408 2759 1528 2827 isti,
1557 2757 1881 2819 Fortunatus

305 2840 512 2896 scilicet
548 2849 606 2896 et
632 2841 816 2912 Felix,
847 2843 1083 2900 dolentia
1127 2846 1326 2902 lumina
1373 2849 1696 2919 tetigerunt:
1735 2850 1883 2909 illico

304 2931 485 2988 dolore
527 2933 748 3003 fugato,
802 2937 1123 3007 sanitatem,
1169 2955 1326 3010 quam
1366 2944 1657 3012 optabant,
1704 2945 1883 3015 adepti

303 3031 442 3077 sunt.
491 3021 608 3090 Qua
650 3023 718 3079 de
745 3038 904 3081 causa
954 3027 1275 3086 Fortunatus
1324 3034 1377 3087 in
1420 3043 1625 3090 tantum
1665 3035 1880 3092 beatum

304 3111 584 3168 Martinum
614 3127 895 3174 veneratus
925 3130 1030 3186 est,
1061 3132 1135 3189 ut,
1163 3123 1346 3178 relicta
1375 3125 1570 3194 patria,
1605 3130 1762 3196 paulo
1783 3144 1879 3184 an-
1905 3135 1955 3202 α

306 3213 516 3276 tequam
544 3207 885 3278 Langobardi
930 3211 1131 3268 Italiam
1165 3215 1478 3273 invaderent
1504 3264 1519 3287 ,
1551 3219 1783 3278 Turonis
1812 3223 1880 3278 ad

305 3298 544 3366 ejusdem
578 3301 716 3356 beati
760 3304 862 3357 viri
895 3305 1196 3373 sepulcrum
1227 3322 1559 3380 prOperaret.
1607 3315 1707 3381 Qui
1739 3317 1881 3386 sibi,

303 3399 356 3443 ut
388 3391 442 3444 in
471 3393 585 3447 suis
635 3394 749 3462 ipse
793 3397 1116 3453 carminibus
1159 3399 1324 3455 refert
1350 3445 1366 3470 ,
1397 3401 1521 3457 illuc
1573 3407 1884 3476 properanti

303 3497 394 3550 per
423 3483 682 3539 ﬂocutilia
711 3489 901 3554 menti,
929 3498 982 3543 et
1012 3490 1273 3561 Itounam,
1307 3509 1509 3564 perque
1539 3497 1797 3568 Osopum,
1828 3507 1884 3556 et

302 3574 486 3644 Alpem
511 3575 726 3644 Juliam,
770 3595 966 3651 perque
1005 3584 1274 3656 Aguntum
1318 3599 1572 3661 castrum,
1618 3593 1878 3650 Dravum-

302 3682 401 3735 que
423 3709 440 3735 ,
474 3678 530 3724 et
558 3670 780 3741 Byrrum
829 3673 1018 3730 ﬂuvios
1043 3717 1059 3744 ,
1094 3692 1156 3733 ac
1196 3677 1416 3736 Briones
1441 3722 1455 3748 ,
1489 3691 1544 3738 et
1588 3684 1880 3757 Augustam

304 3760 597 3830 civitatem,
631 3779 791 3833 quam
828 3765 988 3822 Virdo
1018 3779 1072 3823 et
1097 3768 1238 3825 Lech
1267 3770 1545 3840 ﬂuentant,
1576 3776 1676 3831 iter
1716 3778 1882 3836 fuisse

302 3851 577 3908 describit.
629 3853 732 3922 Qui
783 3867 1060 3929 postquam
1113 3859 1428 3932 Turonum,
1473 3863 1630 3935 juxta
1691 3877 1875 3926 votum

305 3948 598 4016 proprium,
630 3948 866 4016 advenit,
897 3950 1128 4007 Pictavis
1155 3956 1517 4023 pertransiens
1543 4003 1558 4027 ,
1596 3959 1703 4015 illic
1725 3961 1879 4018 habi-

302 4040 428 4092 tavit
453 4079 469 4105 ,
503 4049 556 4094 et
586 4040 878 4105 multorum
905 4042 1100 4099 ibidem
1133 4056 1440 4103 sanctorum
1468 4060 1615 4121 gesta
1642 4097 1657 4122 ,
1685 4055 1878 4123 partim

300 4143 488 4195 prosa,
518 4129 707 4198 partim
738 4133 943 4188 metraii
971 4134 1212 4193 oratione
1234 4179 1249 4205 ,
1292 4142 1647 4210 conscripsit;
1697 4146 1878 4202 novis-

298 4219 538 4289 simeque
558 4220 612 4274 in
634 4221 820 4277 eadem
845 4223 1062 4281 civitate
1087 4227 1312 4294 primunt
1341 4230 1617 4302 presbyter
1636 4273 1651 4299 ,
1684 4234 1879 4293 deinde

298 4307 574 4378 episcopus
591 4312 866 4368 ordinatus
881 4323 985 4382 est,
1001 4326 1158 4386 atque
1185 4318 1234 4372 in
1259 4319 1444 4374 eodem
1466 4322 1589 4377 loco
1611 4323 1774 4396 digno
1801 4335 1883 4381 tu-

297 4402 528 4457 mulatus
544 4403 749 4461 honore
764 4406 1011 4486 quiescit.
1034 4409 1129 4465 Hic
1147 4411 1286 4467 beati
1303 4412 1515 4469 Martini
1535 4414 1728 4484 Vitam,
1750 4434 1878 4490 qua-

1990 1860 2110 1915 vita:
2136 1875 2200 1916 ac
2227 1863 2466 1920 scientiis
2519 1880 2634 1922 sure
2682 1869 2876 1926 merito
2924 1870 3276 1940 invitabatur,
3334 1873 3576 1943 petiitde

1988 1953 2178 2012 eodem
2207 1955 2364 2024 libro,
2398 1960 2662 2016 cothurno
2683 1960 2958 2019 Gallicauo
2988 1965 3210 2032 dictato,
3234 1975 3420 2036 aperto
3447 1981 3568 2022 ser-

1987 2065 2149 2106 mone
2194 2052 2371 2124 aliqua
2405 2055 2654 2114 miracula
2674 2097 2691 2124 ,
2721 2073 2840 2128 qua
2863 2057 2921 2113 in
2953 2059 3150 2130 p0pulo
3193 2061 3572 2128 recitarentur,

1987 2142 2252 2212 excipere,
2281 2155 2387 2202 etc.

1989 2250 2135 2308 Inter
2179 2257 2536 2338 inscriptiones
2591 2229 3197 2338 beatinif'lacciuAlcuini
3242 2223 3299 2321 in
3345 2269 3565 2338 quodam

2058 2329 2592 2409 monasterio_(Forte,
2624 2330 2996 2405 Nobiliacsnsi)
3015 2352 3226 2409 sequens
3245 2329 3449 2394 cannon
3477 2340 3574 2393 ha-

2058 2396 2203 2452 betur
2227 2399 2526 2470 inscriptum
2538 2418 2558 2457 :

2155 2536 2476 2584 EPITAPHIUM
2517 2540 2816 2585 ΡΟΙΊἮΝΔΤΙ
2851 2541 3040 2586 »οι-ιι
3076 2544 3398 2590 CHRISTIANI.

2057 2609 2182 2674 Haec
2210 2630 2418 2685 quoque
2449 2617 2697 2687 praesenti
2724 2619 2921 2690 praesul
2948 2621 3237 2694 requiescit
3263 2623 3319 2679 in
3349 2624 3490 2692 aula,

2130 2703 2453 2762 Fortunatus
2479 2708 2620 2764 enim
2649 2701 2750 2778 vir,
2781 2711 2945 2768 decus
2971 2699 3262 2782 Eaclesiae;

2055 2794 2286 2853 Plurima
2317 2799 2407 2869 qui
2437 2799 2566 2856 fecit
2592 2813 2899 2859 sanctorum
2927 2807 3164 2862 carmina
3190 2815 3386 2877 metro,

2126 2888 2522 2950 Concelebrans
2553 2902 2766 2952 sanctos
2791 2895 3043 2953 laudibus
3071 2899 3418 2969 bymnidicis'

2053 2979 2153 3050 Qui
2179 2997 2425 3039 sermone
2455 2984 2552 3040 fuit
2580 2986 2802 3058 nitidus,
2829 3004 3102 3061 sensuque
3132 2991 3302 3048 ﬁdelis

2123 3071 2341 3154 Ingenio
2368 3075 2592 3147 calidus,
2619 3090 2897 3152 promptus
2917 3092 2972 3140 et
2997 3098 3094 3141 ore
3121 3100 3239 3141 suo.

2057 3185 2132 3241 Ita
2153 3189 2420 3258 reperitur
2446 3190 2665 3247 allatum
2713 3208 2905 3262 poema
2936 3196 2988 3251 in
3019 3196 3160 3252 Edit.
3191 3197 3429 3266 Ratisb.,
3467 3217 3557 3256 as.

1987 3276 2161 3346 1777,
2209 3279 2464 3342 adornata
2510 3297 2608 3353 per
2653 3284 3072 3344 illustrissimum
3121 3299 3174 3345 et
3220 3295 3560 3350 reverendis—

1985 3375 2180 3432 simum
2225 3377 2396 3436 virum
2428 3377 2754 3437 Frobenium
2783 3382 2841 3438 S.
2870 3383 2935 3438 Β.
2967 3383 3007 3439 Ι.
3043 3385 3358 3455 principem,
3389 3398 3442 3443 et
3468 3389 3562 3444 ab.

1987 3466 2052 3522 ad
2075 3474 2324 3524 sanctum
2349 3469 2774 3528 Emmeramum.

2133 3557 2488 3631 Flodoardus,
2532 3564 2674 3622 Hist.
2700 3565 2884 3623 Rheni.
2926 3567 3094 3634 Eccl.,
3119 3569 3158 3625 l.
3192 3586 3252 3638 ιι,
3280 3587 3327 3626 c.
3357 3572 3434 3627 ευ

2057 3650 2384 3708 Fortunatus
2429 3653 2644 3712 Italicos
2690 3657 2831 3714 aoud
2874 3657 3076 3717 Gallias
3103 3661 3156 3716 in
3181 3664 3404 3719 metrica
3434 3663 3564 3720 insi-

1983 3742 2102 3812 gnis
2130 3743 2452 3802 habebatur.

2247 3836 2539 3906 Aimoinus,
2564 3838 2604 3892 ι.
2637 3854 2694 3895 ιιι
2718 3839 2862 3896 Hist.
2894 3840 3111 3908 Franr.,
3135 3859 3183 3898 c.
3207 3841 3293 3898 15.

2057 3927 2410 3996 Fortunatus,
2455 3931 2628 4001 quiin
2667 3931 2937 3990 rhetorica
2977 3935 3306 4007 metricaque
3329 3946 3448 3996 arte
3471 3937 3561 3996 ιι-

1984 4033 2168 4076 mosus
2211 4019 2529 4088 habebatur,
2559 4022 2628 4078 ab
2666 4021 2922 4094 Hesperia
2952 4025 3006 4080 in
3036 4024 3233 4082 Gallias
3265 4031 3557 4102 transiens,

1986 4111 2216 4168 Pictavis
2254 4113 2538 4183 episcopus
2581 4115 2874 4172 ordinatur.
2919 4117 3025 4175 Hic
3075 4119 3364 4178 multorum
3413 4122 3564 4182 Vitas

1989 4206 2342 4276 passionesve
2360 4217 2690 4277 sanctorum,
2717 4211 2911 4280 partim
2942 4227 3120 4281 prosa,
3141 4215 3334 4284 partim
3362 4225 3562 4286 metro,

1985 4300 2308 4368 composuit,
2341 4300 2406 4356 ad
2437 4301 2642 4364 amicos
2697 4316 2911 4372 quoque
2943 4304 3148 4374 singula
3191 4305 3421 4365 disticha
3449 4309 3564 4366 ele-

1985 4406 2117 4462 gans
2142 4401 2325 4450 orator
2352 4394 2696 4466 conscripsit.
2742 4395 2893 4455 Unde
2919 4397 3190 4469 Sigiberto
3216 4402 3329 4472 regi
3357 4403 3562 4474 elegis-

297 4499 413 4547 tuor
437 4494 494 4548 in
517 4494 686 4560 libris,
713 4484 928 4554 hercieo
971 4499 1024 4554 in
1067 4515 1248 4566 versu,
1279 4506 1594 4571 contexuit,
1629 4516 1685 4562 et
1713 4483 1878 4565 multa

1995 4498 2106 4540 cum
2143 4483 2289 4541 misit
2337 4499 2578 4551 carmen,
2620 4488 2995 4557 congratulans
3020 4490 3072 4545 ei
3096 4491 3152 4546 in
3177 4493 3380 4564 nuptiis
3428 4495 3562 4551 Bru—

297 4581 414 4645 alia,
453 4585 797 4656 maximeque
823 4588 1048 4658 hymnos
1073 4591 1396 4662 singularum
1431 4595 1796 4666 iestivitatum,
1829 4608 1885 4656 et

295 4674 565 4744 pracipoe
595 4677 664 4732 ad
688 4678 924 4748 singulos
955 4682 1156 4737 amicos
1187 4684 1501 4753 versiculos,
1530 4687 1663 4742 nulli
1687 4700 1874 4758 poeta-

298 4783 409 4823 rum
441 4771 734 4838 secundos,
764 4774 911 4827 suavi
953 4785 1004 4829 et
1034 4774 1239 4830 diserto
1272 4791 1524 4835 sermone
1551 4783 1877 4850 composuit.

299 4860 373 4912 Ad
403 4859 560 4930 cuius
589 4875 692 4930 ego
720 4864 980 4919 tantulum
1007 4907 1022 4930 ,
1051 4880 1172 4920 eum
1196 4867 1320 4921 illuc
1341 4911 1355 4936 ,
1388 4869 1651 4927 orationis
1678 4873 1874 4944 gratia,

295 4951 665 5010 adventassem
692 4998 707 5022 ,
760 4957 861 5011 hoe
904 4957 1270 5026 epitaphium,
1316 4968 1534 5030 rogatus
1579 4962 1648 5018 ab
1690 4963 1874 5034 Apro,

297 5047 530 5116 ejusdem
561 5049 662 5105 loci
685 5051 896 5117 abbate,
921 5055 1262 5111 scribendum
1284 5059 1532 5114 contexui
1579 5069 1683 5118 etc.
1717 5061 1876 5133 (Vide

299 5139 385 5192 hoc
412 5155 618 5195 carmen
645 5142 700 5195 in
732 5141 853 5196 Vita
880 5142 1059 5212 Fort,
1088 5163 1231 5200 nam.
1264 5146 1381 5219 92.)

301 5227 584 5289 Hitdainus
605 5235 778 5301 abbas,
798 5238 855 5316 in
878 5238 1182 5316 epistola‘ad
1198 5239 1514 5316 Isodomum
1537 5242 1716 5313 Pium,
1738 5246 1878 5316 apud

791 5306 1026 5376 Surium,
1049 5311 1131 5364 die
1146 5311 1178 5366 9
1200 5311 1376 5370 Octob.

379 5407 627 5453 ueterum
674 5399 996 5466 parcendum
1023 5413 1105 5459 est
1141 5404 1466 5474 simplicitati
1490 5406 1587 5462 viri
1634 5408 1868 5480 religiosi

300 5485 536 5560 Gregorii
581 5490 906 5550 Turonensis
933 5496 1193 5566 episcopi,
1223 5498 1310 5567 qui
1338 5501 1502 5556 multa
1532 5503 1686 5558 aliter
1713 5518 1870 5574 quam

296 5591 352 5633 se
373 5582 569 5636 veritas
593 5581 807 5650 haheat,
827 5585 1121 5655 aestimans,
1146 5601 1252 5642 non
1279 5587 1586 5646 calliditatis
1615 5601 1755 5661 astu,
1777 5594 1872 5650 sed

296 5671 638 5744 benignitatis
684 5689 750 5730 ac
786 5676 1140 5747 simplicitatis
1176 5687 1326 5747 voto,
1369 5681 1560 5739 litteris
1595 5698 1870 5743 commen-

297 5764 453 5821 davit.
507 5762 756 5825 Pstenter
782 5779 840 5826 et
864 5771 1078 5840 quidem
1133 5788 1356 5831 noscere
1411 5790 1712 5844 possumus,
1762 5793 1868 5835 non

1988 4577 2256 4634 uichildis.
2287 4577 2454 4644 Quem
2487 4594 2608 4635 eam
2628 4595 2748 4638 sors
2774 4581 2989 4649 librum,
3026 4584 3092 4638 ad
3119 4585 3364 4644 diversos
3392 4589 3460 4646 ab
3490 4603 3558 4646 es

1983 4669 2084 4724 sibi
2113 4668 2402 4726 familiares
2428 4672 2808 4741 conscriptum,
2835 4674 3080 4734 manibus
3101 4677 3375 4735 intulisset
3401 4680 3558 4745 meis,

1984 4761 2036 4816 in
2051 4776 2122 4817 eo
2149 4761 2532 4822 fecuttditatom
2555 4764 2674 4834 viri,
2698 4765 3018 4836 dulcemque
3043 4768 3407 4830 mobilitatem
3430 4773 3559 4832 satis

1981 4853 2275 4915 admiratus
2301 4868 2438 4910 su.

2434 4946 2646 5018 Regina,
2680 4951 2734 5004 in
2761 4948 2977 5018 Claram,
3007 4953 3044 5007 ι.
3071 4968 3104 5006 t.

2053 5035 2378 5096 Fortunatus
2404 5050 2559 5107 poeta
2587 5040 2642 5098 in
2669 5041 2858 5098 Galliis
2882 5043 3111 5115 insignis
3143 5045 3392 5106 habetur.

2266 5129 2574 5202 Sigibertus,
2605 5131 2661 5185 in
2689 5131 2904 5200 Chrom,
2933 5136 2999 5189 ad
3027 5151 3116 5190 an.
3140 5136 3263 5193 575.

2053 5218 2374 5277 Fortunatus
2396 5233 2550 5290 poeta
2574 5225 2794 5280 veniens
2817 5226 2885 5281 ah
2913 5226 3061 5284 Italia
3083 5229 3249 5285 claret
3271 5229 3325 5285 in
3356 5229 3551 5290 Gallia.

2335 5313 2502 5380 Idem,
2537 5315 2600 5370 de
2622 5313 2816 5383 Script.
2843 5315 3011 5386 Eccl.,
3037 5336 3085 5375 c.
3107 5321 3196 5376 45.

2046 5406 2398 5475 Fortunatus,
2451 5408 2666 5465 natione
2723 5410 2920 5478 Italus,
2969 5412 3270 5469 liberalibus
3347 5417 3550 5476 artibus

1975 5497 2291 5564 eruditus,a
2319 5497 2504 5553 dolore
2553 5498 2830 5556 oculorum
2873 5502 3067 5557 virtute
3111 5502 3323 5560 Martini
3374 5505 3549 5563 Turo-

1975 5589 2158 5644 nensis
2180 5589 2416 5658 episcopi
2442 5598 2682 5655 sanatus,
2713 5600 2766 5646 et
2795 5606 2892 5662 pro
2910 5592 3012 5647 hac
3030 5607 3189 5650 causa
3219 5594 3284 5650 ad
3306 5595 3548 5653 Turonos

1975 5683 2138 5746 venit;
2167 5689 2224 5736 et
2250 5681 2316 5736 ad
2371 5681 2616 5737 Pictavos
2645 5698 2977 5752 progressus,
3026 5687 3197 5755 primo
3227 5688 3298 5743 ibi
3322 5690 3542 5761 presby-

1975 5784 2078 5839 ter,
2098 5773 2294 5830 deinde
2312 5775 2592 5843 episcopus
2607 5785 2950 5833 consecratus
2964 5789 3064 5835 est.
3084 5780 3308 5850 Scripsit
3324 5780 3540 5837 metrica
