4020 6346
468 258 562 319 ὅδ’
1004 261 1520 322 PROLEGUMENA
1567 266 1656 322 AD
1699 266 2023 323 VENANTII
2064 265 2223 322 "0N.
2265 266 2475 325 CLEM.
2520 270 2912 331 FOIKTUNATI
2955 275 3204 335 OPERA.
3673 284 3736 348 56

464 378 896 449 llodoepericum
928 383 1601 450 suuni;scripsitmetrice
1622 392 1854 451 quatuor
1885 383 2052 437 libros
2088 385 2140 447 Α
2167 384 2309 438 nolui
2359 390 2697 458 consignare.
2745 390 2904 447 Plura
2943 398 3084 450 enim
3145 399 3410 471 epitapliia
3453 414 3506 461 et
3556 423 3740 468 versus

468 473 539 528 de
590 473 706 530 Vita
753 478 920 529 sancti
970 476 1207 542 Martini,
1256 487 1310 531 et
1349 478 1514 530 multa
1555 478 1682 540 alia,
1728 487 1780 531 et
1826 477 2059 532 maxime

469 569 702 638 hymnos
748 569 1084 638 singularum
1132 569 1498 622 t'estivitatuin.
1535 567 1613 621 Ad
1660 567 1898 638 singulos
1927 568 2061 623 ami-

467 670 565 712 cos
595 661 897 726 composuit
923 674 1112 722 versus
1138 657 1287 712 suavi
1320 667 1372 711 et
1403 656 1606 712 diserto
1632 671 1905 712 sermone.

554 745 814 811 Vincent.,
843 747 998 818 Spec.
1019 749 1105 802 lib.
1134 762 1263 813 uit,
1282 744 1557 815 $126,491;
1589 746 1732 820 Hng.
1753 746 1982 804 Floriac.

548 839 877 894 Fortunatus
910 841 991 893 vir
1021 838 1289 910 egregius,

723 930 932 993 Ingenio
952 930 1133 991 clarus,
1157 943 1308 981 sensu
1331 932 1488 994 celer,
1516 943 1607 981 ore
1631 933 1792 982 suavis

545 1032 645 1100 Qui
676 1034 743 1088 ab
768 1034 913 1087 Italia
949 1035 1193 1108 Turonos
1244 1035 1557 1100 adveniens,
1582 1045 1731 1091 actus
1761 1037 1902 1092 beati
1924 1035 2062 1090 Mar-

473 1123 572 1175 tini
602 1139 650 1176 tv
684 1123 854 1188 libris,
894 1125 1111 1180 heroico
1160 1129 1437 1181 contexuit
1465 1136 1657 1182 metro.
1715 1127 1906 1182 Verum
1935 1126 2063 1181 inde

467 1226 806 1286 assumptus,
877 1218 1214 1275 Pictavorutn
1282 1221 1559 1280 ordinatus
1609 1230 1692 1276 est
1753 1222 2056 1290 episcopus.

469 1310 690 1378 Scripsit
733 1319 910 1363 autem
942 1312 1102 1364 etiam
1153 1311 1322 1366 Vitam
1351 1313 1490 1367 beati
1522 1311 1706 1366 llilarii
1759 1311 2063 1366 Pictavien-

470 1389 566 1466 sis,
596 1413 650 1456 et
683 1403 859 1458 Vitam
891 1405 1032 1460 beati
1059 1405 1284 1460 Maut-ilii
1325 1404 1748 1476 Andegavensis.
1783 1405 1951 1476 Hujus
1980 1416 2063 1463 est

472 1496 562 1551 illa
589 1499 857 1553 sententia
894 1499 1071 1553 brevis
1101 1509 1154 1554 et
1185 1499 1328 1553 utilis
1353 1517 1366 1552 :

693 1611 888 1674 Pauper
910 1612 960 1661 in
983 1619 1188 1674 angusto
1211 1617 1388 1674 regnat
1411 1611 1634 1661 habendo
1656 1611 1832 1661 Deum.

1200 1672 1431 1747 (Ligitur
1464 1675 1500 1728 ι.
1536 1689 1648 1739 vttt,
1672 1691 1718 1728 c.
1753 1677 1806 1740 ti,
1838 1691 1883 1728 υ.
1909 1672 2060 1745 396.)

475 1785 659 1842 Petrus
681 1787 742 1841 de
767 1787 1063 1852 Natalibus,
1092 1789 1146 1841 in
1168 1775 1324 1842 catal.
1345 1765 1562 1850 'Sanct.,
1589 1787 1676 1841 lib.
1715 1804 1789 1854 Ix,
1821 1806 1935 1858 cap.

541 1880 885 1943 Fortunatus,
947 1879 1232 1949 episcopus
1288 1878 1659 1945 Pictaviensis,
1709 1880 1900 1934 claruit
1931 1890 2063 1935 tem-

468 1985 603 2039 pore
634 1971 828 2026 Justini
860 1971 1202 2040 imperatoris
1224 1972 1473 2040 junioris.
1511 1972 1610 2038 Qui
1639 1974 1854 2028 natione
1878 1973 2059 2039 ltalus,

472 2062 649 2129 primo
690 2072 868 2130 poeta,
920 2063 1115 2118 deinde
1145 2063 1198 2116 in
1229 2064 1465 2132 praelata
1495 2064 1644 2118 urbis
1693 2067 2059 2134 episcopatum

467 2153 808 2222 sublimatus,
837 2155 917 2210 vir
945 2155 1216 2226 egregius,
1244 2155 1454 2227 ingenio
1477 2156 1677 2227 clarus,
1702 2173 1863 2213 sensu
1893 2160 2057 2224 celer,

461 2260 557 2303 ore
577 2248 782 2304 suavis.
1095 2237 1100 2241 λ

706 2339 936 2408 Plotina,
969 2344 1023 2396 in
1067 2342 1176 2396 Vita
1200 2337 1421 2396 Joannis
1451 2341 1613 2396 Tertii
1642 2359 1815 2414 papa.

527 2450 886 2517 Fortunatus,
906 2452 986 2505 vir
1001 2451 1293 2522 singularis
1313 2452 1629 2508 litteratum
1643 2461 1699 2508 et
1714 2453 2056 2523 eloquentia,

464 2543 647 2598 Gallos
678 2544 743 2598 ad
778 2545 1045 2600 mitiorem
1068 2547 1270 2601 cultum
1293 2547 1506 2616 redegit
1538 2548 1755 2617 scriptis
1786 2558 1840 2602 et
1870 2562 2056 2604 exeni-

461 2643 574 2710 plo.
600 2643 679 2696 Ad
723 2642 1048 2713 Sigibertum
1075 2646 1217 2699 enim
1259 2659 1445 2699 eorum
1495 2659 1675 2713 regem
1724 2643 1960 2698 libellum
1991 2643 2059 2699 de

461 2737 811 2806 gubernando
837 2754 1001 2810 regno
1026 2740 1361 2810 perscripsit,
1395 2755 1459 2796 ac
1482 2740 1625 2796 beati
1652 2740 1867 2796 Martini
1893 2740 2054 2796 vitam

461 2829 736 2898 eleganter
763 2833 1083 2906 composuit.

498 2920 725 2976 Joannes
758 2923 1090 2990 Tritlmnius,
1116 2927 1204 2980 lib.
1237 2927 1299 2979 de
1326 2926 1590 2996 Scriptor.
1618 2925 2016 2982 Ecclesiasticis.
2099 2968 2102 2970 η
2138 2943 2147 2990 ς

536 3011 860 3067 Fortunatus
890 3015 1176 3084 episcopus
1202 3015 1556 3072 Pictaviensis
1577 3058 1592 3083 ,
1620 3018 1838 3072 natione
1867 3017 2050 3084 Italus,

461 3103 544 3157 vir
573 3103 627 3157 in
673 3104 868 3158 divinis
914 3105 1212 3174 Sctipturis
1259 3107 1482 3171 doctus,
1511 3114 1566 3162 et
1607 3106 1661 3160 in
1705 3107 2052 3162 saacularibus
2080 3117 2130 3183 ε

460 3194 662 3250 litteris
704 3196 1121 3261 eruditissimus,
1177 3195 1394 3266 ingenio
1437 3197 1668 3264 subtilis,
1723 3197 1936 3268 eloquio
1963 3199 2049 3254 di-

460 3296 638 3342 sertus
669 3298 716 3342 et
753 3287 1250 3356 nitidus,-carmine
1288 3297 1343 3344 et
1372 3304 1529 3357 prosa
1579 3292 1876 3355 excellens,
1910 3291 2052 3347 inter

457 3387 682 3432 CllﬂClOS
723 3392 834 3431 suae
880 3379 1054 3432 {etatis
1101 3378 1352 3434 dOClOl'ES
1384 3394 1491 3433 non
1540 3381 1719 3434 minus
1766 3381 2052 3438 sanctitate
2136 3437 2142 3444 ,

461 3469 888 3524 conversationis
960 3485 1120 3540 quam
1202 3471 1424 3525 scientia
1492 3471 1811 3527 eruditionis
1872 3472 2052 3528 clarus

459 3563 682 3618 effulsit.
714 3561 812 3618 Hic
840 3562 1037 3620 virtute
1060 3565 1232 3620 sancti
1263 3565 1476 3620 Martini
1500 3581 1527 3619 a
1554 3565 1741 3622 dolore
1770 3565 2049 3622 oculorum

461 3652 721 3709 liberatus
767 3670 863 3724 pro
909 3655 1116 3725 agenda
1156 3654 1446 3726 gratiarum
1491 3657 1721 3724 actione,
1775 3657 2049 3713 Turonem

456 3746 526 3802 ad
569 3748 686 3818 ejus
727 3749 1032 3818 sepulcrum
1087 3750 1274 3817 venit,
1308 3757 1384 3817 et,
1415 3749 1664 3807 Pictavos
1709 3766 2046 3822 progressus,
2135 3800 2138 3804 .

458 3840 634 3910 primo
657 3843 964 3917 presbyter,
990 3843 1190 3900 deinde
1211 3843 1494 3915 episcopus
1517 3844 1716 3901 ibidem
1737 3846 2042 3914 ordinatus,

461 3951 653 4007 magna
680 3937 927 3993 doctrina
947 3949 1000 3994 et
1033 3938 1291 4008 religione
1321 3939 1533 3994 claruit.
1562 3938 1789 4009 Scripsit
1818 3939 2048 4011 eleganti

459 4030 705 4084 carmine
752 4032 920 4084 multa
953 4032 1102 4085 utilia
1135 4042 1186 4087 et
1218 4018 1423 4088 devota.
1457 4031 1732 4101 opuscula,
1763 4031 1830 4086 de
1856 4031 2049 4100 quibus

457 4137 562 4193 ego
591 4130 795 4178 tantum
824 4123 931 4176 vidi
965 4122 1229 4191 subjecta.
1431 4109 1435 4113 ’

529 4215 610 4270 Ad
663 4224 905 4270 sanctam
966 4208 1410 4286 Itadegundem,"~
1445 4200 1590 4286 regis
1649 4213 2046 4285 Tlturingorum
2135 4259 2142 4265 .

455 4307 632 4363 ultimi
674 4305 862 4371 ﬁliam,
892 4316 949 4362 et
975 4307 1118 4379 regis
1147 4307 1478 4362 Francorum
1520 4305 1807 4376 captivam,
1853 4313 2046 4375 postea

455 4399 817 4455 Pictaviensis
858 4399 1093 4455 cmnobii
1124 4397 1474 4469 abbatissam,
1515 4413 1672 4452 versu
1697 4397 2042 4453 hexametro:

2089 1754 2138 1813 B

2165 477 2360 534 breves
2379 481 2618 550 scripsit,
2643 499 2776 552 quos
2802 485 2924 542 vidi.
2957 487 3157 546 Claruit
3179 493 3277 548 sub
3298 494 3508 555 Justino
3524 498 3740 572 iuniore

2165 573 2326 640 Aug.,
2357 587 2446 627 an.
2475 572 2686 629 Domini
2714 575 2839 631 570.

2268 661 2451 718 Petrus
2477 664 2723 734 Crinitus,
2755 669 2886 724 libro
2908 673 3088 741 quinto
3119 676 3181 730 de
3207 675 3376 734 Poetis
3397 680 3627 738 Latinis,

2239 755 2532 814 Venantius
2567 759 2830 816 llonorius
2865 763 3188 822 Fortunatus
3238 769 3380 825 inter
3409 771 3742 833 Christianos

2166 859 2354 919 poetas
2383 851 2581 907 relatus
2608 860 2692 907 est
2718 868 2734 918 ;
2793 865 2847 908 et
2877 870 2999 909 cum
3028 857 3242 928 ingenio
3272 904 3286 926 ,
3315 871 3473 933 atque
3505 868 3745 923 moribus

2165 947 2321 1010 longe
2351 951 2647 1011 praestaret,
2685 944 3206 1006 Ravennaeeruditus
3239 953 3490 1021 traditur,
3520 972 3744 1027 magna-

2165 1048 2271 1103 que
2321 1035 2590 1105 diligentia
2648 1037 2703 1092 in
2733 1037 2938 1096 Latinis
2968 1041 3160 1098 litteris
3215 1046 3506 1104 institutus.
3540 1052 3616 1107 De
3645 1053 3747 1109 hoc

2165 1127 2456 1182 Fortunato
2524 1129 2825 1186 referuntur
2873 1135 3132 1203 permulta
3186 1141 3326 1206 apud
3352 1156 3446 1196 eos
3500 1155 3750 1203 auctores

2165 1218 2255 1286 qui
2285 1223 2352 1273 de
2371 1220 2537 1290 gestis
2560 1219 2834 1277 Gallorum
2858 1226 3078 1281 annales
3099 1243 3538 1300 composuerunt.
3563 1235 3749 1307 Neque

2165 1309 2359 1366 desunt
2385 1310 2476 1380 qui
2502 1312 2744 1368 scribant
2771 1315 2917 1369 illum
2948 1317 3040 1373 diu
3064 1331 3331 1376 versatum
3379 1326 3432 1379 in
3464 1325 3658 1392 Gallia,
3691 1340 3746 1385 et

2165 1404 2236 1458 ob
2290 1407 2560 1476 egregiam
2624 1408 2978 1466 eruditionem
3045 1415 3411 1487 optimumque
3468 1420 3744 1493 ingenium

2163 1497 2471 1570 pontiﬁcem
2506 1499 2844 1557 Pictavorum
2871 1501 3088 1560 factum.
3118 1506 3273 1562 Plura
3319 1524 3381 1565 ac
3405 1512 3548 1566 varia
3581 1529 3748 1583 opera

2165 1591 2348 1659 edidit,
2380 1593 2573 1662 quibus
2621 1595 2817 1665 ingenii
2849 1596 3180 1664 facilitatem,
3223 1602 3545 1674 minimeque
3577 1605 3747 1670 impa-

2169 1703 2285 1742 rem
2346 1687 2666 1755 doctrinam,
2696 1689 3050 1746 demonstrat.
3103 1693 3375 1764 Leguntur
3404 1695 3576 1752 adhuc
3632 1699 3749 1770 ejus

2171 1791 2414 1850 poemata
2449 1788 2505 1836 et
2547 1781 2732 1854 hymni
2759 1785 3084 1854 complures,
3111 1787 3202 1854 qui
3255 1804 3576 1860 magnopere
3604 1807 3750 1847 com-

2165 1874 2403 1929 mendati
2458 1883 2585 1929 sunt
2612 1890 2642 1928 a
2675 1877 2875 1932 nostris
2907 1878 3294 1947 grammaticis.
3329 1880 3432 1935 Sed
3479 1892 3534 1936 et
3583 1883 3750 1939 libros

2164 1978 2394 2040 quatuor
2427 1967 2555 2024 fecit
2577 1969 2644 2024 de
2672 1971 2835 2039 gestis
2863 1970 2977 2025 divi
3002 1971 3214 2026 Martini
3244 1975 3749 2032 versibushexame-

2165 2062 2284 2126 tris,
2317 2059 2571 2130 przel'alus
2601 2062 2689 2116 tali
2719 2075 2906 2142 opere.
2932 2076 2990 2116 sc
3027 2062 3222 2116 imitari
3252 2063 3584 2119 Christianos
3613 2082 3746 2136 poe-

2164 2163 2266 2221 tas,
2287 2162 2346 2208 ut
2362 2151 2690 2218 Alcbimum,
2715 2152 3082 2220 Prudentium,
3104 2153 3422 2221 Iuvencum,
3442 2156 3745 2222 Paulinum,

2162 2255 2218 2302 et
2247 2247 2379 2300 alios
2412 2247 2610 2314 plures.
2657 2245 2805 2301 Idem
2860 2244 3188 2303 Fortunatus
3221 2249 3457 2304 maximo
3511 2249 3740 2320 alIectu,

2163 2339 2529 2409 singularique
2566 2337 2939 2394 benevolentia
2971 2351 3284 2408 prosecutus
3321 2350 3405 2396 est
3427 2341 3748 2412 Gregorium

2144 2432 2497 2502 pontiﬁcem,
2549 2432 2939 2504 Euphronium,
2998 2445 3157 2505 atque
3203 2435 3476 2504 Felicem,
3512 2447 3570 2491 ut
3617 2439 3748 2495 alios

2161 2524 2492 2580 omittamus.
2536 2525 2592 2580 ln
2621 2526 2941 2596 pervetustis
2975 2529 3372 2597 exemplaribus
3401 2528 3638 2584 additum
3667 2542 3748 2585 est

2163 2632 2356 2673 nomen
2377 2616 2762 2686 Clementiani,
2791 2617 2932 2687 quod
2963 2618 3030 2672 ab
3058 2618 3142 2672 bis
3173 2619 3388 2688 probari
3417 2619 3631 2689 poterit,
3658 2621 3748 2691 qui

2161 2713 2321 2785 paulo
2359 2715 2664 2770 accuratius
2692 2715 3064 2786 antiquitatem
3095 2715 3414 2786 perscrutari
3458 2717 3746 2773 voluerint.

2161 2827 2516 2900 Hieronymus
2538 2827 2780 2899 Bologni,
2807 2831 2860 2882 in
2899 2829 3071 2884 electis
3120 2830 3357 2901 elegiacis
3414 2829 3628 2886 exlibro
3669 2846 3741 2887 stt

2583 2903 2986 2973 promiscuorum
3005 2941 3019 2966 ,
3044 2917 3187 2957 num.
3209 2901 3299 2955 εδ.

2231 2991 2548 3059 Fortunate,
2581 2993 2675 3047 tibi
2701 2995 2857 3048 vallis
2891 2993 3184 3062 Duplabilis
3214 3002 3392 3049 ortum

2307 3085 2362 3139 in
2394 3085 2670 3138 Tarvisina
2695 3095 2777 3140 est
2805 3100 2923 3154 quas
2953 3085 3195 3155 regione,
3221 3087 3389 3142 dedit.

2231 3176 2485 3234 Nascenti
2519 3177 2681 3234 Musa:
2711 3181 2968 3247 riserunt,
2999 3180 3364 3250 risitApollo;

2299 3270 2518 3339 Ingenio
2547 3269 2806 3326 addentes
2833 3286 3055 3326 munera
3087 3271 3245 3343 digna
3271 3281 3377 3326 tuo.

2226 3361 2336 3418 Nec
2361 3378 2531 3429 mora,
2566 3363 2878 3419 Pindaricos
2899 3364 3108 3434 superis
3135 3365 3452 3422 calestibus
3482 3367 3712 3439 hymnos

2300 3457 2595 3526 ScripsiSti,
2629 3467 2682 3513 et
2712 3458 2881 3512 variis
2902 3458 3124 3528 mystica
3154 3474 3305 3515 sacra
3331 3458 3523 3516 modis.

2225 3549 2433 3617 Scripta
2455 3563 2669 3619 quoque
2697 3556 2782 3603 est
2811 3563 2968 3603 versu
2997 3547 3206 3604 Martini
3238 3550 3356 3605 Vita
3386 3550 3526 3606 beati

2293 3642 2425 3699 Cum
2453 3642 2545 3698 tibi
2577 3642 2823 3697 'l‘uronos
2851 3643 3022 3697 visere
3047 3657 3173 3697 cura
3206 3642 3331 3711 luit;

2228 3734 2427 3793 Pictavi
2458 3735 2692 3790 didicere
2719 3734 2859 3804 pios,
2893 3743 2944 3788 te
2979 3735 3223 3802 praesule,
3249 3750 3448 3803 mores,

2296 3827 2410 3896 Qua
2441 3828 2654 3883 tandem
2688 3826 2894 3897 positus
2920 3826 3020 3881 rite
3051 3827 3284 3895 quiescis
3314 3828 3498 3883 bumo.

2225 3922 2360 3978 Sese
2390 3923 2611 3990 Aponus
2633 3920 2787 3976 stella
2815 3925 2908 3973 aut
2937 3917 3131 3974 Flacco
3155 3933 3222 3974 ne
3244 3919 3410 3989 jactet
3434 3921 3666 3977 alumnis

2298 4016 2434 4072 Urbs
2457 4015 2593 4070 adeo
2622 4013 2762 4068 [astu
2788 4027 2893 4082 quo
2921 4014 3173 4068 Patavina
3204 4021 3394 4068 tumet.

2223 4109 2302 4165 'l'u
2333 4123 2506 4178 neque
2533 4107 2835 4178 praedones,
2861 4108 3046 4162 audaci
3074 4108 3245 4164 classe
3274 4107 3534 4178 furentes,

2293 4200 2402 4256 Nec
2432 4200 2652 4256 Veneris
2677 4196 2820 4255 [teda
2846 4201 3037 4271 probra
3067 4200 3311 4269 pudenda
3333 4203 3503 4258 canis.

2222 4296 2325 4352 Per
2355 4304 2427 4361 te,
2459 4294 2553 4350 sed
2582 4303 2781 4364 quanto
2813 4304 3066 4364 priestant
3096 4293 3276 4350 divina
3301 4294 3574 4364 profanis!

2288 4387 2539 4444 Tarvisio
2568 4386 2739 4458 major
2769 4386 2936 4457 gloria
2970 4397 3118 4457 parta
3153 4396 3243 4442 tuo
3266 4395 3370 4442 est.

456 4490 742 4547 Excidium
772 4490 942 4561 Regni
967 4489 1392 4572 Thuringorum,
1421 4490 1457 4544 l.
1479 4505 1528 4546 ιε
1552 4488 1789 4544 Conditio
1811 4489 1928 4542 belli
1949 4489 2041 4544 tri-

2165 4503 2454 4570 Urlendius,
2489 4499 2641 4556 Orbis
2682 4501 2816 4556 sacri
2853 4511 2901 4556 et
2941 4501 3150 4572 profani
3191 4499 3442 4555 illustrati
3484 4509 3623 4570 part.
3669 4519 3731 4572 ll,

454 4583 569 4638 stis.
616 4583 696 4638 Ad
743 4582 992 4638 Jovinum
1021 4571 1088 4638 de
1117 4581 1461 4652 Radegunde,
1485 4582 1523 4637 l.
1550 4597 1598 4636 ιε
1648 4580 1839 4636 Aonias
1866 4582 2040 4646 avido,

454 4675 544 4745 qui
572 4674 728 4728 lamb.
758 4673 837 4728 Ad
867 4673 1133 4730 Justinum
1152 4674 1444 4744 juniorem,
1477 4673 1515 4728 l.
1548 4689 1600 4727 t:
1632 4670 1816 4727 Gloria
1841 4687 2043 4726 summa

454 4764 657 4833 Patris,
705 4764 955 4837 Natique.
989 4766 1071 4821 Ad
1096 4766 1349 4835 Sapbiam
1401 4770 1714 4836 Augustam,
1746 4765 1838 4821 lib.
1868 4780 1914 4821 ιε
1947 4763 2044 4820 Cui

454 4859 648 4913 meritis
677 4874 903 4930 compar.
963 4859 1022 4915 In
1063 4874 1290 4929 persona
1340 4859 1706 4930 Radegundis,
1741 4859 1776 4915 Ι.
1809 4876 1864 4915 i:
1915 4857 2044 4913 Post

454 4957 639 5024 patria:
659 4957 874 5011 cineres.
904 4955 958 5010 In
983 4955 1196 5012 laudem
1227 4955 1438 5011 Martini
1495 4958 1753 5028 episcopi,
1789 4957 1824 5012 Ι.
1859 4973 1907 5013 t:
1941 4956 2043 5012 Lu-

455 5065 573 5102 men
590 5048 951 5118 apostolicum.
975 5047 1050 5103 De
1066 5046 1290 5103 Leontio
1313 5048 1603 5103 venerabili
1625 5050 1901 5117 episcopo,
1927 5048 1962 5101 Ι.
1991 5063 2039 5102 t:

455 5141 602 5196 Inter
639 5156 764 5210 quos
811 5141 1004 5211 genuit.
1055 5141 1130 5195 De
1157 5141 1344 5196 eodem
1387 5139 1581 5208 laudis,
1613 5139 1650 5194 Ι.
1681 5155 1725 5193 t:
1784 5141 2041 5212 Agnoscat

459 5250 607 5287 omne
631 5233 894 5287 accentum.
932 5231 1261 5302 Hymnorum
1295 5230 1633 5302 septuaginta
1658 5237 1889 5300 septem,
1916 5230 1954 5286 l.
1990 5247 2038 5285 ις

459 5331 717 5398 Agnoscat
747 5343 894 5382 omne
921 5325 1188 5381 steculum.
1219 5327 1292 5379 De
1316 5323 1588 5380 miraculis
1611 5325 1782 5379 sancti
1806 5324 2038 5391 Martini,

455 5420 496 5476 l.
528 5437 599 5476 tv.
633 5420 750 5474 Vita
789 5419 957 5473 sancti
991 5417 1174 5473 Hilarii
1208 5417 1575 5480 Pictaviensis,
1607 5417 1642 5471 l.
1678 5433 1714 5470 ι.
1760 5417 2044 5485 llodoepo-

456 5513 631 5568 ricum
661 5514 760 5566 vim
785 5527 915 5573 suae,
943 5511 978 5564 I.
1009 5525 1046 5564 ι.
1073 5509 1188 5565 Vita
1212 5511 1379 5564 sancti
1403 5509 1631 5565 Maurilii
1658 5509 1916 5579 episcOpi,
1942 5509 1977 5562 l.
2004 5524 2040 5562 t.

461 5604 636 5674 Epist.
669 5603 736 5657 atl
785 5602 1050 5670 diversos,
1085 5603 1119 5656 l.
1151 5619 1188 5657 ι.
1242 5599 1550 5656 Carininum
1579 5602 1642 5654 ad
1697 5603 1898 5656 amicos
1923 5601 1960 5655 Ι.
1990 5618 2040 5655 t:

458 5696 571 5750 Rea:
617 5696 840 5766 regionis
897 5711 1056 5764 apex,
1087 5704 1191 5750 etc.
1216 5696 1330 5750 Alia
1359 5710 1570 5765 quoque
1601 5678 1763 5749 multa
1821 5709 2040 5763 compo-

455 5786 597 5856 suit,
631 5803 751 5859 qua:
791 5802 910 5845 cunt
962 5787 1139 5845 brevia
1194 5790 1335 5859 sint,
1382 5789 1482 5846 sub
1528 5788 1783 5844 librorum
1829 5787 2043 5845 nomine

2829 4571 3018 4628 ool.l.

2222 4667 2376 4724 Viros
2433 4665 2904 4736 praestantissimos
2953 4663 3271 4736 (Tarvisius)
3322 4664 3524 4734 genuit,
3558 4671 3724 4733 atque

2145 4762 2202 4818 in
2232 4762 2294 4816 iis
2321 4760 2558 4816 maxime
2585 4759 3044 4814 excelluerunt....
3105 4755 3396 4810 Venantius
3450 4754 3719 4809 Fortuna-

2146 4862 2252 4920 tus,
2281 4854 2566 4924 episcopus
2607 4851 2980 4916 Pictavieasis,
3017 4848 3334 4904 Christiana:
3361 4862 3586 4917 poeseos
3629 4863 3726 4904 no-

2143 4943 2252 5000 bile
2281 4945 2466 5008 decus,
2495 4941 2586 5014 qui
2612 4955 2672 4997 se
2701 4938 2948 4995 Tarvisio
2972 4936 3258 4994 oriundum
3283 4935 3431 4992 hisce
3452 4935 3731 5007 ,carmini-

2144 5036 2246 5092 bus
2277 5035 2478 5090 indicat
2506 5054 2518 5088 :

2271 5128 2374 5188 Qua
2397 5140 2508 5178 mea
2529 5126 2752 5180 Zarvisus
2773 5127 2976 5187 residet,
3000 5127 3040 5175 si
3065 5124 3275 5174 molliter
3301 5125 3476 5185 intras,
3500 5131 3597 5173 etc.

2144 5215 2374 5272 Joannes
2403 5213 2658 5267 Antonius
2690 5211 2865 5275 Oliva,
2912 5209 3210 5264 Tarvisinus
3240 5207 3488 5261 Bononia:
3515 5207 3727 5261 artista-

2217 5301 2328 5338 rum
2357 5293 2523 5337 rector
2549 5326 2563 5349 ,
2607 5287 2657 5336 in
2694 5285 2923 5336 oratione
2951 5281 3016 5333 de
3039 5280 3274 5333 laudibus
3307 5280 3485 5346 patriar
3511 5279 3726 5332 recitata

2216 5374 2302 5410 an.
2329 5355 2486 5417 1557,
2509 5371 2573 5407 ea:
2605 5354 2708 5406 Ms.
2727 5369 2956 5423 quousus
2986 5359 3058 5403 est
3079 5350 3467 5423 doctigimuset
3488 5349 3732 5423 eruditis-

2216 5429 2374 5482 simus
2401 5427 2478 5480 vir
2503 5419 2820 5478 Rambaldus
2848 5423 2912 5474 de
2935 5421 3194 5485 Aszoniis,
3220 5419 3503 5474 Tarvisinw
3536 5419 3730 5474 Eccle-

2215 5501 2305 5554 sia:
2330 5500 2629 5562 canonicos,
2659 5513 2692 5549 a
2719 5510 2816 5565 quo
2846 5494 2943 5546 hoc
2994 5485 3336 5546 testimonium
3365 5492 3676 5559 accepimus.

2221 5593 2372 5649 Haud
2403 5603 2484 5648 est
2509 5591 2728 5645 silentio
2757 5585 3107 5642 involvendus
3135 5585 3458 5641 Fortunatus
3489 5584 3725 5640 Tarvisi-

2147 5705 2268 5756 nus,
2304 5688 2469 5756 ipsius
2498 5682 2689 5738 Felicis
2718 5681 2897 5736 socius
2920 5719 2935 5743 ,
2963 5695 3119 5749 quem
3145 5679 3338 5734 merito
3369 5677 3724 5732 Fortunatam

2145 5795 2450 5842 censemus.
2477 5777 2802 5850 Pythagoras
2825 5775 2993 5842 enim,
3026 5773 3116 5829 ille
3148 5772 3350 5844 primus
3371 5769 3723 5843 philosophia:
