4020 6346
218 285 276 342 ,7
990 316 992 318 τ
1099 287 1506 346 TESTIMONIA
1534 287 1622 342 ne
1658 281 2007 345 VENANTIO
2033 292 2468 358 FORTUNATO.
3395 298 3465 358 ⁵⁸

217 407 543 493 nuncupatur,
575 398 717 456 inter
745 393 970 470 plurima
1001 417 1120 474 quae
1149 404 1384 460 humano
1415 405 1599 476 generi
1635 403 1782 459 salu-
1806 400 1864 462 Δ
1887 409 2007 466 dam
2037 414 2344 484 magistrum
2380 459 2396 485 ,
2425 426 2480 474 et
2507 421 2849 493 coryphzeum
2875 422 3197 477 musicorum
3223 421 3462 477 modula-

214 493 418 548 bon-ima
478 492 802 548 documenta
857 497 1128 564 praecepit,
1208 497 1505 565 prmsertim
1567 506 1770 563 monet,

213 585 357 640 Deum
388 583 652 652 religione
702 585 988 640 colendum
1019 601 1162 653 esse,
1209 588 1448 642 animum
1478 588 1776 659 disciplinis

212 677 577 742 excolendum,
605 693 726 746 qum
745 678 859 732 duo
891 680 1075 734 sociali
1102 680 1242 734 nodo
1273 696 1552 750 connexaa,
1589 683 1775 753 procul

211 771 349 825 dubio
377 772 511 824 fient
539 769 893 826 beatitudinis
921 770 1220 828 effectrices
1247 816 1260 839 ,
1312 775 1510 843 quippe
1561 775 1772 843 religio,

210 867 433 922 vitiorum
452 865 748 934 expultrix,
771 865 885 920 Deo
907 881 1004 920 nos
1027 867 1306 935 conciliat,
1331 878 1386 923 et
1413 866 1626 924 vinculo
1655 869 1779 937 pul-

210 958 456 1014 cherrimo
481 960 776 1014 connectit.
799 957 1052 1013 Doctrina
1064 974 1214 1030 vero,
1229 960 1774 1034 virtutisindagatrix,

208 1053 302 1108 imo
348 1054 461 1122 ipsa
515 1055 686 1110 virtus
739 1060 947 1116 animos
1004 1070 1215 1117 nostros
1272 1073 1516 1128 exornat,
1552 1072 1606 1118 et
1658 1063 1776 1128 alit,

208 1154 455 1209 venustat,
491 1145 662 1214 fovet,
697 1164 762 1204 ac
790 1151 1123 1208 moderatur.
1162 1153 1257 1208 llic
1278 1153 1551 1224 utriusque
1591 1154 1772 1209 admi-

207 1236 369 1292 rabﬂis
399 1238 577 1292 cultor
616 1241 687 1295 ita
717 1242 962 1311 religioni
987 1243 1200 1300 deditus
1241 1244 1358 1309 fuit,
1393 1246 1537 1316 quod
1570 1262 1636 1300 eo
1659 1245 1772 1314 epi-

206 1345 349 1399 scopo
379 1331 722 1387 Pictarorum
751 1349 882 1404 gens
903 1335 954 1390 in
979 1336 1302 1406 Gallia,jure
1329 1338 1554 1407 optimo,
1580 1338 1774 1408 gloria-

206 1427 315 1487 tur;
342 1423 414 1477 ita
441 1424 606 1478 etiam
636 1425 874 1480 doctrina
921 1427 1208 1483 decoratur
1233 1471 1249 1496 ,
1281 1428 1422 1498 quod
1456 1430 1596 1484 inter
1654 1429 1769 1485 elo-

207 1517 570 1584 quentissimos
596 1529 837 1576 oratores
865 1521 1325 1593 suavissimosque
1346 1531 1531 1593 poetas
1553 1537 1659 1578 non
1681 1536 1775 1593 po-

207 1618 420 1666 strcmus
449 1611 733 1668 habeatur.
1407 1599 1422 1610 “

556 1727 717 1784 Card.
746 1727 1028 1798 Barom'us,
1052 1731 1122 1784 ad
1143 1748 1231 1786 an.
1256 1730 1382 1786 825.

263 1818 362 1874 Sed
401 1835 563 1891 quam
597 1823 738 1876 male
761 1823 1062 1892 gloriantur
1087 1825 1156 1881 de
1184 1825 1445 1896 majorum
1477 1839 1774 1884 consuetu-

203 1907 308 1962 dine
336 1908 450 1982 (qui
477 1912 650 1966 sacris
697 1912 1021 1986 imaginibus
1048 1915 1449 1989 adversantur),
1485 1929 1569 1975 sat
1598 1921 1700 1975 erit
1729 1923 1777 1978 si

204 2001 558 2058 te-tificatione
599 2003 925 2060 sanctissimi
955 2006 1059 2063 viri
1087 2008 1297 2063 Martini
1325 2049 1341 2073 ,
1373 2019 1430 2065 et
1476 2014 1778 2068 assertione

205 2092 431 2149 Venantii
456 2094 758 2163 Fortunati,
790 2097 887 2153 viri
911 2099 1127 2170 quidem
1159 2101 1352 2170 sancti,
1379 2103 1631 2175 doctique
1655 2105 1777 2163 Pic-

202 2190 439 2245 tariensis
457 2189 726 2261 episcopi,
758 2193 848 2261 qui
878 2193 1039 2248 ambo
1068 2193 1395 2250 Gallicanam
1448 2195 1774 2265 Ecclesiam,

200 2280 543 2351 illustrarunt,
571 2283 853 2352 perspicue
876 2283 1313 2342 demonstremus
1339 2298 1612 2356 receptum
1641 2291 1780 2346 anti-

199 2373 371 2441 quitus
397 2372 611 2446 Deoque
637 2385 848 2447 gratum
875 2390 996 2434 esse
1016 2377 1215 2434 cultum
1249 2389 1557 2438 sanctarum
1583 2381 1777 2456 imagi-
1845 2395 1850 2398 '

200 2483 330 2533 num,
361 2477 466 2524 etc.

199 2580 393 2653 Gaspar
411 2581 679 2648 Barthius,
704 2584 759 2637 in
784 2584 1089 2642 adversariis
1116 2583 1400 2644 Comment.
1421 2629 1437 2656 ,
1458 2588 1496 2644 ι.
1519 2604 1572 2658 v,
1604 2606 1652 2643 c.
1686 2589 1772 2645 12.

261 2673 304 2730 ls
327 2685 512 2745 poeta,
547 2675 864 2731 Venantium
897 2677 1016 2733 dico
1048 2721 1065 2748 ,
1112 2679 1339 2736 mirifico
1387 2689 1439 2734 et
1479 2680 1782 2737 admirabili

201 2767 409 2837 ingenio
437 2769 564 2834 fuit,
594 2771 925 2840 temporibus
952 2781 1007 2828 et
1035 2773 1287 2843 gentibus
1314 2775 1641 2846 eloquentiae
1674 2775 1781 2832 ini-

199 2864 348 2929 quissi
361 2864 461 2918 mis
487 2863 685 2929 editus,
717 2873 775 2919 ut
796 2863 908 2921 fere
936 2865 1016 2935 fit,
1041 2866 1406 2938 magnitudine
1430 2867 1630 2940 ingenii
1661 2883 1775 2924 ser-

200 2971 399 3011 nionem
425 2957 589 3010 etiam
618 2956 770 3027 pejus
798 2958 1040 3026 corrupit
1067 2976 1226 3030 quam
1251 2977 1388 3018 unus
1411 2971 1466 3018 et
1494 2964 1630 3018 alter
1659 2976 1769 3017 non

201 3048 298 3125 pari
325 3047 822 3104 felicitate-naturae
849 3049 1002 3106 editi.
1035 3051 1194 3106 Multa
1251 3062 1428 3110 tamen
1463 3055 1618 3112 habet
1681 3073 1781 3112 va-

1883 507 2108 575 niinum,
2129 511 2362 578 respexit
2384 513 2560 567 omnis
2581 515 2918 582 sequentium
2939 523 3214 584 poetarum
3236 515 3460 570 chorus.

1882 597 2039 652 (Iord.
2063 597 2430 670 Bellarminus,
2462 605 2513 657 in
2538 604 2627 658 lib.
2651 606 2714 658 de
2745 606 2939 677 Script.
2957 605 3105 670 ecel.,
3126 607 3195 660 ad
3221 624 3307 660 an.
3332 606 3457 661 570.

1916 712 1920 737 :
1956 690 2242 748 Venantius
2255 693 2575 752 Fortunatus
2604 699 2884 766 episcopus
2912 698 3256 753 Pictaviensis
3285 698 3464 754 ﬂoruit

1883 784 2124 839 doctrina
2153 795 2208 841 et
2237 787 2517 842 sanctitate
2541 796 2780 858 tempore
2811 789 3006 843 Justini
3034 788 3288 857 iunioris,
3323 798 3429 844 etc.

1881 895 2137 969 Ant_onius
2158 896 2391 965 Godeau,
2427 899 2561 954 Hist.
2601 899 2744 954 Eccl.
2771 911 2812 957 t.
2841 901 2860 954 ι
2878 900 2948 964 γ,
2975 901 3066 955 lib.
3097 918 3156 968 ιι,
3188 913 3456 969 postquam

1952 966 2262 1096 ἴὲνιυηῗᾶίοι
2277 973 2501 1040 patriam
2539 974 2737 1039 retulit,
2780 982 2829 1027 et
2873 976 2986 1042 ejus
3030 974 3126 1027 iter
3142 966 3210 1027 Vin
3236 966 3459 1040 Gallias,

2039 1056 2064 1094 c
2091 1057 2149 1094 su
2225 1057 2239 1094 t
2289 1057 2308 1096 :

2039 1056 2064 1094 6
2091 1056 2262 1096 suoau
2289 1057 2308 1096 ἔ

1958 1154 2028 1208 Sa
2062 1153 2355 1223 principale
2409 1154 2706 1223 profession
2737 1155 2869 1211 dans
2913 1157 2991 1211 les
3031 1156 3325 1224 premieres
3365 1170 3462 1210 an-

1885 1246 2014 1302 nées
2039 1245 2107 1301 de
2127 1261 2186 1301 sa
2216 1246 2301 1301 vie
2330 1241 2408 1300 fut
2434 1247 2484 1302 la
2508 1248 2693 1317 poesie
2726 1247 2910 1314 latine,
2937 1247 3059 1302 etsi
3089 1263 3158 1302 on
3176 1247 3459 1304 considere

1884 1338 1934 1394 la
1957 1338 2204 1394 barbarie
2254 1336 2340 1393 de
2368 1354 2467 1395 son
2519 1349 2714 1410 temps,
2739 1341 2777 1394 il
2807 1348 2891 1395 est
2927 1340 3088 1411 digne
3129 1341 3195 1394 de
3235 1341 3460 1411 quelche

1883 1430 2147 1502 loitange;
2180 1431 2216 1485 il
2266 1437 2351 1486 est
2395 1447 2546 1502 vray,
2577 1447 2682 1502 que
2722 1432 2833 1488 l’on
2876 1447 3068 1489 accuse
3111 1431 3311 1487 d’avoir
3341 1433 3462 1489 Ιοῡὸ

1882 1521 2275 1593 Fredegonde,
2308 1524 2662 1590 Brunehaud,
2715 1539 2746 1580 e
2797 1524 3031 1580 d‘autres
3085 1524 3324 1592 Priuces,
3372 1527 3460 1595 qui

1884 1617 2080 1673 etaient
2114 1617 2286 1685 plutot
2313 1617 2501 1689 dignes
2529 1618 2597 1674 de
2627 1633 2893 1683 censure,
2926 1633 3030 1690 que
3055 1617 3282 1688 d‘éloge.
3335 1617 3463 1671 Mais

1885 1707 2061 1764 illaut
2087 1708 2353 1766 l’excuser
2381 1711 2565 1764 vivant
2615 1711 2761 1766 alers
2803 1710 2937 1765 dans
2980 1710 3098 1766 leur
3139 1708 3304 1777 Cour,
3333 1723 3402 1764 ou
3431 1706 3468 1764 il

1881 1817 1952 1858 ne
1979 1802 2282 1872 subsistoit,
2311 1817 2416 1872 que
2447 1817 2544 1874 par
2572 1818 2630 1858 sa
2665 1804 2866 1873 plume.

2093 1917 2325 1984 Vossius,
2348 1917 2413 1971 de
2443 1915 2583 1972 Hist.
2608 1915 2752 1988 Lat.,
2793 1916 2885 1970 lib.
2916 1931 2989 1981 ιι,
3019 1931 3136 1984 cap.
3167 1913 3259 1968 22.

1953 2031 2276 2086 Fortunatus
2323 2039 2501 2100 poeta,
2553 2020 2710 2100 prout
2759 2041 2999 2101 tempora
3029 2029 3117 2085 illa
3158 2037 3331 2097 erant,
3364 2041 3463 2084 no-

1883 2119 2008 2176 bilis
2029 2122 2148 2177 fuit.

1883 2239 2115 2294 Andreas
2143 2237 2206 2291 de
2235 2236 2575 2363 Saussayiggl
2595 2236 2846 2362 Μῖἔξὲινᾱΐ
2869 2234 3033 2302 Gall.,
3064 2244 3202 2306 part.
3259 2249 3322 2304 ll,
3371 2250 3467 2291 χιιι

1957 2404 2155 2460 Beatus
2182 2401 2478 2458 Venantius
2506 2399 2831 2455 Fortunatus
2861 2397 3210 2455 Pictaviensis
3253 2398 3464 2469 episco-

1883 2518 2004 2575 pus,
2038 2502 2123 2557 vir
2151 2501 2206 2556 iu
2237 2515 2342 2570 quo
2368 2499 2655 2570 ambigitur
2698 2497 2867 2568 magis
2897 2512 2964 2552 ne
2993 2497 3238 2552 doctrina
3267 2504 3322 2550 et
3348 2494 3467 2566 pul-

1863 2595 2548 2666 ‘chritudoingeniiquam
2597 2591 2726 2646 vita;
2782 2591 3038 2646 sanctitas
3082 2587 3464 2660 praecelluerit,

1886 2689 2059 2759 utqui
2084 2688 2443 2743 encomiastes
2482 2695 2792 2740 sanctorum
2843 2700 2943 2751 suo
2973 2698 3089 2739 navo
3137 2683 3464 2754 praecipuus,

1887 2783 2312 2852 eorumdemque
2354 2780 2629 2836 studiosus
2669 2781 2923 2844 imitator,
2968 2794 3030 2834 ac
3060 2778 3469 2848 omnipotentis:

1886 2891 2138 2947 supernae
2187 2875 2488 2945 maiestatis
2537 2889 2715 2944 praeco
2765 2874 3098 2944 perelegans,
3140 2886 3470 2942 operumque

1891 2970 1985 3026 Dei
2035 2969 2088 3024 in
2133 2968 2336 3023 sanctis
2385 2967 2710 3023 mirabilium
2760 2978 3039 3023 enarrator
3084 2967 3466 3038 gravissimus,

1887 3071 2076 3118 exacta
2108 3060 2163 3114 in
2193 3060 2338 3114 omni
2372 3059 2589 3131 pietatis
2630 3058 2810 3113 studio
2856 3068 2910 3113 et
2939 3066 3060 3113 actu
3108 3066 3286 3124 aetate,
3317 3058 3471 3114 senio

201 3139 317 3195 riam
362 3141 654 3198 lectionem
683 3145 981 3214 arguentia,
1008 3155 1065 3201 et
1107 3162 1212 3202 non
1239 3148 1563 3206 mediocrem
1592 3151 1778 3207 erudi-
1808 3133 1860 3198 ο
1891 3170 1996 3211 non
2027 3163 2134 3210 tam
2154 3168 2315 3224 quam
2335 3153 2536 3208 sanctis
2566 3151 3037 3208 exercitationibus
3067 3153 3284 3217 fractus,
3309 3167 3471 3221 quam

203 3231 407 3315 tionem,
443 3248 612 3304 quare
658 3250 765 3290 non
824 3236 982 3305 plane
1012 3238 1168 3292 nobis
1222 3237 1440 3310 insuper
1502 3240 1780 3299 habendus

202 3323 716 3382 videtur.............
756 3327 832 3382 De
854 3329 1155 3385 eruditione
1179 3338 1356 3387 autem
1387 3331 1546 3402 hujus
1576 3348 1780 3402 przesu-

201 3416 278 3484 lis,
307 3419 449 3488 quod
469 3417 603 3484 dixi,
635 3418 791 3475 facile
809 3430 1058 3476 auctores
1087 3423 1340 3491 probant,
1367 3439 1500 3495 quos
1529 3425 1780 3481 nomina-

203 3510 283 3564 tim
307 3512 438 3567 citat
462 3530 476 3564 :
510 3511 797 3584 Homerus,
829 3512 1143 3582 Menander,
1164 3515 1382 3579 Aratus,
1401 3516 1552 3583 Cato,
1581 3517 1776 3590 Pytha-

202 3618 361 3674 goras,
417 3604 773 3674 Chrysippus,
806 3603 974 3672 Plato,
1009 3605 1280 3673 Cleantes,
1310 3605 1552 3674 Ovidius,
1600 3609 1775 3681 Virgi-

201 3695 313 3766 lius,
342 3697 622 3764 Horatius,
673 3693 883 3764 Cicero,
921 3697 1206 3768 Pindarus,
1255 3700 1472 3772 Sappho
1501 3719 1515 3767 ;
1547 3701 1780 3773 denique

202 3787 496 3856 quicunque
523 3786 853 3863 celebriores
883 3787 1022 3844 inter
1051 3789 1292 3856 Graecos,
1325 3789 1650 3862 Latinosque
1678 3792 1780 3848 Pa-

205 3889 319 3941 tres,
350 3894 584 3948 quorum
603 3888 711 3933 tam
738 3879 1015 3949 gentilium
1034 3895 1191 3948 quam
1220 3880 1647 3939 ChriStianorum
1671 3900 1780 3941 non

200 3971 359 4026 solum
417 3971 637 4026 nomina
671 3972 845 4041 ponit,
875 3971 969 4027 sed
1014 3972 1252 4043 phrasim
1281 3973 1478 4043 saepius
1506 3975 1778 4045 exprimit,

201 4063 600 4136 doctrinamque
625 4065 865 4122 numeris
886 4066 1178 4122 concludit.
1202 4065 1355 4122 Adde
1372 4081 1478 4121 non
1503 4068 1777 4138 vulgarem

201 4154 427 4212 historia:
475 4167 529 4212 et
557 4156 898 4228 geographia;
925 4173 993 4214 eo
1027 4165 1268 4228 tempore
1315 4159 1560 4214 notitiam
1597 4178 1611 4226 ;
1645 4160 1780 4216 adde

202 4249 442 4322 pbysices
472 4265 578 4305 non
600 4249 785 4306 infelix
814 4251 1077 4318 studium,
1113 4261 1170 4306 ut
1191 4267 1257 4306 ex
1282 4251 1564 4306 herbarum
1591 4295 1606 4320 ,
1631 4267 1780 4323 gem-

200 4356 414 4409 marum,
447 4345 700 4399 arborum
723 4385 740 4412 ,
792 4353 1092 4400 aromatum
1135 4345 1414 4414 speciebus
1450 4353 1682 4414 constat,
1710 4346 1780 4402 de

199 4438 381 4509 quibus
403 4437 695 4494 commode
726 4445 781 4492 et
810 4438 1017 4493 erudite
1048 4437 1302 4506 loquitur,
1330 4447 1433 4494 etc.
1459 4472 1466 4478 -

647 4569 796 4626 Idem
822 4569 912 4625 lib.
948 4585 1096 4636 XLVI,
1131 4585 1247 4641 cap.
1290 4568 1345 4626 5.

264 4667 357 4734 Qui
409 4665 732 4721 Venantium
789 4663 1139 4720 Fortunatum
1187 4664 1495 4732 ediderunt,
1549 4666 1779 4721 multum

205 4764 375 4828 gratia:
423 4765 846 4831 promeruerunt
871 4757 938 4812 ab
967 4757 1217 4813 omnibus
1246 4766 1462 4812 :etatum
1513 4757 1780 4813 Christia-

203 4868 378 4907 narum
409 4851 730 4907 lectoribus.
761 4851 970 4906 Infinita
1001 4851 1144 4906 enim
1171 4858 1298 4905 sunt
1324 4850 1390 4904 ad
1409 4850 1678 4905 clarorum
1699 4851 1781 4906 vi-

204 4967 394 5018 rorum,
413 4952 650 5016 urbium,
677 4951 1014 5021 populorum,
1035 4964 1242 5004 morum
1265 4956 1322 5003 et
1367 4947 1610 5003 historia:
1639 4946 1783 5002 illus-

205 5050 506 5108 trationem,
535 5045 812 5098 utilissima
845 5043 899 5098 in
930 5042 1021 5097 illo
1050 5041 1272 5097 maximi
1295 5040 1496 5113 ingenii
1519 5050 1656 5105 vate,
1683 5055 1784 5097 nec

205 5137 478 5193 infeliciter
506 5137 577 5190 ab
610 5136 796 5190 iisdem
808 5149 875 5189 ex
903 5142 1051 5203 parte
1073 5142 1320 5188 enarrata
1339 5143 1499 5200 atque
1514 5133 1779 5202 exposita.

206 5225 399 5283 Tamen
450 5244 559 5281 non
587 5227 704 5282 sine
734 5237 856 5280 nota
912 5224 1181 5295 properati
1210 5223 1373 5278 nimis
1403 5224 1584 5292 operis
1613 5268 1627 5292 ,
1662 5239 1784 5293 qua:

207 5321 263 5374 ad
287 5323 623 5376 intellectum
655 5320 770 5390 ejus
801 5320 1072 5389 pertinent
1100 5317 1276 5390 quoad
1317 5331 1514 5387 genera
1566 5317 1779 5372 dicendi

202 5425 251 5466 et
279 5415 476 5486 stylum
510 5413 887 5482 ipsum,etiam
913 5413 1026 5466 loca
1059 5410 1271 5466 mendis
1298 5411 1572 5480 inquinata
1589 5425 1778 5480 parum

203 5505 364 5559 eidem
395 5505 762 5559 contulerunt.
794 5505 967 5574 Atque
1018 5502 1136 5557 talis
1167 5502 1257 5571 qui
1290 5503 1342 5555 in
1393 5501 1534 5556 hunc
1561 5512 1776 5572 poetam

203 5609 344 5652 notas
375 5597 738 5652 elaboraverit
769 5638 786 5663 ,
839 5611 944 5650 non
991 5595 1164 5650 solum
1223 5591 1401 5666 ipsum
1431 5635 1447 5660 ,
1480 5595 1571 5650 sed
1623 5609 1780 5649 omne

201 5689 360 5761 ipsius
390 5692 670 5757 sarculum,
695 5707 816 5746 cum
837 5690 1107 5744 universis
1123 5688 1472 5758 sequentibus
1494 5688 1557 5742 ad
1562 5688 1776 5757 juverit.

201 5785 276 5842 Ad
298 5784 449 5843 hunc
466 5786 605 5844 enim
630 5783 1003 5850 Fortunatum,
1025 5780 1236 5838 velutad
1255 5777 1571 5852 Calliopium
1593 5794 1780 5852 quem-

1889 3261 2010 3303 cum
2041 3247 2093 3302 in
2125 3245 2339 3302 assidua
2386 3246 2525 3302 sacri
2576 3247 2815 3301 muneris
2852 3245 3218 3311 exsecutione,
3256 3255 3366 3299 tum
3416 3245 3470 3300 in

1883 3337 2206 3393 Christiana:
2251 3338 2530 3406 sapientia:
2576 3337 2720 3392 cultu
2776 3346 2832 3392 et
2861 3337 3196 3408 egregiorum
3242 3352 3464 3406 operum

1884 3429 2195 3486 exaratione
2243 3429 2430 3496 subiit,
2475 3428 2581 3483 fine
2632 3427 2787 3484 beato
2837 3438 3266 3494 consummatur,
3308 3437 3469 3496 atque

1884 3522 1953 3578 ad
1981 3522 2216 3578 lauream
2259 3521 2538 3578 caelestem
2593 3519 2964 3592 progreditur,
3010 3521 3077 3576 ab
3127 3519 3316 3574 amicis
3365 3519 3471 3573 illis

1884 3625 2086 3672 aeterna
2116 3617 2169 3671 in
2203 3615 2547 3671 tabernacula
2579 3613 2930 3684 excipiendus
2958 3628 3096 3684 quos
3133 3611 3236 3668 sibi
3260 3627 3367 3666 non
3397 3611 3466 3666 de

1883 3709 2182 3779 iniquitatis
2225 3724 2552 3775 mammona,
2587 3707 2684 3763 sed
2715 3723 2786 3763 ex
2831 3707 2967 3761 doui'
3008 3707 3245 3761 scientiae
3297 3720 3469 3773 penu,

1883 3802 2180 3873 gratiaeque
2202 3817 2264 3856 ac
2286 3801 2500 3871 pietatis
2518 3800 2704 3854 fenore
2732 3798 3032 3869 justissima
3071 3797 3466 3866 comparavit...

1886 3908 1994 3964 quo
2027 3892 2180 3947 titulo
2209 3893 2394 3957 sancti,
2427 3901 2485 3946 et
2514 3892 2558 3945 si
2592 3889 2814 3944 minime
2843 3897 3158 3944 recensetur
3185 3888 3239 3940 in
3275 3887 3472 3956 Hagio-

1886 3983 2029 4055 logio
2060 3984 2319 4039 Romana:
2349 3982 2625 4044 Ecclesim,
2657 3982 2850 4036 merito
2881 3989 3056 4035 tamen
3103 3979 3300 4032 dudum
3328 3978 3466 4032 inter

1887 4085 2103 4132 sanctos
2129 4086 2578 4138 connumeratum
2605 4074 2943 4130 solertissirni
2970 4081 3276 4128 sanctorum
3319 4072 3467 4125 inda-

1883 4178 2097 4240 gatores
2123 4178 2407 4226 teSIantur.
2435 4171 2500 4224 Et
2521 4184 2708 4223 revera
2742 4168 2942 4236 pridem
2973 4167 3024 4220 in
3057 4165 3337 4235 Aquitania
3365 4166 3465 4219 ho-

1884 4261 2106 4318 tioribus
2129 4261 2330 4318 sanctis
2361 4262 2451 4333 qui
2481 4261 2652 4317 beatis
2675 4258 2989 4316 deferuntur
3012 4258 3310 4314 celebratus
3335 4266 3433 4310 est.

2379 4378 2628 4442 Cointius,
2650 4377 2719 4430 ad
2743 4393 2830 4431 an.
2854 4374 2975 4428 599.

1813 4505 1868 4566 D
1963 4477 2287 4533 Fortunatus
2311 4483 2372 4530 ut
2400 4474 2721 4538 eruditione,
2765 4473 2833 4525 ita
2864 4472 3058 4538 pietate
3089 4470 3304 4524 etniCuit
3327 4509 3341 4534 ,
3389 4469 3471 4521 in-

1890 4579 2218 4642 vocaturque
2249 4571 2301 4624 in
2333 4567 2530 4622 litauiis
2562 4565 2872 4620 monasterii
2903 4563 3070 4617 sancti
3093 4561 3344 4631 Cypriani
3370 4576 3466 4613 ex-

1888 4679 1970 4722 tra
1995 4682 2177 4724 muros
2204 4663 2587 4725 Pictavienses,
2624 4669 2680 4712 ut
2708 4673 2779 4712 ex
2805 4657 2974 4711 sacris
3006 4655 3260 4710 Ecclesiae
3291 4653 3468 4708 Picta-

1887 4759 2087 4816 viensis
2141 4756 2504 4812 monumentis
2563 4753 2727 4808 refert
2769 4751 3011 4805 Andreas
3069 4747 3350 4805 Suassaius
3403 4748 3467 4801 ad

1887 4853 2087 4909 calcem
2113 4849 2332 4919 Martyr.
2360 4845 2495 4901 Gall.

1887 4987 2165 5059 Dupinius,
2207 5001 2258 5038 tu
2291 4999 2419 5038 nova
2450 4980 2774 5036 Bibliorheca
2805 4987 3076 5033 auctorum
3104 4979 3254 5047 eccl.,
3307 4987 3346 5032 t.
3401 4977 3466 5033 V.

1958 5126 2272 5182 Fortunata
2305 5124 2460 5195 posse
2497 5138 2563 5176 cn
2605 5137 2700 5177 son
2725 5133 2896 5189 temps
2939 5134 3073 5188 pour
3098 5134 3166 5172 un
3207 5117 3468 5172 excellunt

1885 5220 2116 5276 Orateur
2144 5229 2198 5274 et
2225 5234 2361 5287 pour
2387 5233 2457 5271 un
2491 5217 2596 5271 bon
2630 5217 2790 5271 Poete
2819 5233 2830 5268 :
2861 5225 2914 5269 et
2944 5229 3006 5268 ce
3045 5213 3180 5267 n‘est
3213 5227 3306 5282 pas
3329 5227 3457 5287 sans

1891 5315 2068 5370 raison
2102 5331 2114 5368 :
2148 5327 2243 5368 car
2277 5327 2380 5366 non
2412 5310 2721 5366 settlement
2753 5308 2785 5362 il
2824 5321 3076 5376 surpassc
3108 5317 3224 5358 tous
3264 5305 3341 5358 les
3369 5317 3466 5358 au-

1884 5415 1996 5463 tres
2026 5406 2216 5461 Poetes
2241 5405 2309 5460 de
2341 5418 2438 5458 son
2469 5403 2636 5457 siecle
2658 5446 2672 5470 ,
2709 5402 2842 5455 mais
2871 5399 2908 5454 il
2937 5397 3207 5467 approche
3230 5396 3295 5450 de
3325 5412 3460 5453 ceux

1883 5501 2009 5556 d‘uu
2041 5499 2286 5554 meilleur
2316 5513 2422 5552 non
2455 5511 2547 5566 pas
2590 5513 2617 5548 a
2667 5497 2714 5550 la
2749 5493 2915 5550 verite
2942 5507 3034 5562 par
3067 5492 3113 5544 la
3154 5501 3338 5559 purete
3369 5494 3463 5548 des

1883 5591 2242 5661 expressions,
2273 5589 2326 5644 ni
2357 5604 2449 5658 par
2475 5589 2521 5642 la
2553 5587 2745 5643 beaute
2774 5587 2866 5640 des
2914 5599 3054 5649 vers,
3099 5583 3234 5638 tnais
3279 5599 3374 5654 par
3414 5587 3463 5641 le

1893 5697 2014 5741 tour
2069 5685 2338 5754 poetique,
2384 5691 2440 5738 et
2487 5683 2534 5736 la
2584 5679 2780 5737 facilite
2827 5678 3201 5736 merveilleuse
3229 5695 3360 5742 avec
3411 5682 3458 5739 la

1882 5779 2060 5850 quelle
2085 5775 2120 5833 il
2151 5776 2317 5834 escrit
2345 5793 2411 5834 eu
2445 5789 2583 5832 vers.
