4020 6346
495 273 569 332 65
1223 266 1536 325 νΕΝΑΝΉΙ
1600 264 1758 322 HON.
1803 266 2011 322 CLEM.
2055 266 2090 322 F

2203 263 2445 322 l‘UNATt
2494 265 2780 326 orcnuu
2815 269 2992 327 rans
3030 267 3072 326 ι.
3719 258 3789 318 64

501 392 607 456 nis,
639 402 826 460 poema
857 401 962 442 non
993 402 1265 452 canerem,
1322 385 1416 441 sed
1465 385 1755 455 garrirem,
1806 399 1914 454 quo
1961 382 2093 437 resi-
2121 387 2166 444 Α
2198 384 2336 454 gusti
2381 399 2572 440 sensus
2601 387 2874 456 ingenium
2922 401 2982 442 se
3029 393 3305 441 mensuret
3353 396 3609 449 censore,
3641 379 3787 451 quod

500 485 693 541 dentes
720 483 1014 546 auditores,
1049 481 1189 534 inter
1218 494 1445 533 acernea
1477 479 1670 545 pocula
1702 477 1872 530 salute
1904 475 2093 529 biben-

500 587 588 633 tes
620 578 831 639 insana,
885 571 1093 628 Baccho
1135 571 1353 642 judice,
1397 570 1811 625 debacchnrent.
1841 567 1976 634 Quid
2022 565 2092 620 ibi

501 667 705 723 alfabre
733 664 762 704 δ
795 667 996 718 dictum
1049 665 1150 726 sit,
1201 664 1292 716 ubi
1341 663 1459 732 quis
1502 677 1669 725 sanus
1702 661 1790 714 vix
1836 658 2088 722 creditur,

506 759 614 816 nisi
670 775 852 814 secum
885 757 1085 824 pariter
1115 769 1136 796 ε
1171 756 1466 811 insanitur?
1508 771 1612 825 quo
1642 753 1892 825 gratulari
1927 755 2094 821 magis

501 863 606 919 est,
639 854 683 906 si
712 853 893 906 vivere
925 851 1068 918 licet,
1105 859 1226 920 post
1271 851 1490 915 bibere;
1538 849 1606 904 de
1661 863 1766 917 quo
1812 845 2092 900 convivam

501 945 834 1018 thyrsicnm,
885 960 990 998 non
1022 943 1296 999 fatidicum
1349 943 1470 995 licet
1515 943 1662 996 exite
1683 982 1696 1006 ,
1729 939 1823 994 sed
1856 939 2088 1005 fatuum,

501 1055 625 1096 cum
653 1049 908 1108 quantum
940 1039 1006 1094 ad
1039 1041 1142 1094 mei
1175 1052 1365 1091 sensus
1394 1035 1804 1104 intelligentiam
1839 1035 2093 1103 pertinet,

503 1133 626 1205 quia
655 1148 714 1189 se
740 1133 950 1204 pigram
976 1148 1079 1186 non
1111 1129 1342 1200 explicat
1367 1129 1536 1181 bruta:
1565 1127 1782 1190 animae,
1815 1128 1927 1192 ipsa
1954 1125 2094 1194 jeju-

503 1227 592 1281 nia
618 1235 746 1281 sunt
772 1225 941 1281 ebria.
972 1225 1102 1276 Hinc
1125 1231 1206 1275 est
1233 1220 1374 1290 quod
1407 1220 1577 1274 latens
1607 1217 1942 1288 Opusculum,
1969 1225 2021 1270 et
2048 1215 2093 1269 si

503 1321 683 1374 minus
741 1319 948 1373 videtur
1000 1312 1026 1351 ά
1085 1316 1344 1367 famosum
1397 1325 1444 1378 ι’,
1504 1312 1622 1380 plus
1687 1319 1767 1364 est
1826 1311 2090 1375 liberum,

503 1411 628 1482 quia
680 1411 749 1467 de
776 1407 1171 1466 examinatione
1208 1403 1226 1441 ί
1266 1421 1370 1458 non
1405 1403 1567 1457 habet
1596 1403 1736 1472 quod
1787 1413 1892 1456 tam
1927 1401 2094 1472 trepi-

505 1504 600 1560 det
625 1503 886 1572 privatum
917 1512 1074 1568 quam
1127 1495 1437 1566 publicum;
1473 1493 1613 1548 unde
1661 1493 1968 1548 necessarie
1996 1508 2096 1547 au-

507 1675 592 1723 est
640 1670 1002 1733 repercutere,
1056 1660 1356 1730 repulsare.
1411 1657 1586 1713 Utitur
1631 1656 1731 1712 hac
1775 1669 1906 1710 voce
1958 1654 2094 1709 alias

507 1738 847 1794 Fortunatus.

578 1815 602 1843 η
656 1806 854 1859 Deraso
913 1807 1039 1874 ﬂore
1102 1802 1366 1874 redditum
1416 1808 1502 1874 est
1536 1814 1637 1874 ‘ex
1706 1808 1884 1852 vetere
1952 1811 2084 1850 mss.

504 1877 666 1941 Galli,
701 1877 764 1930 de
789 1871 934 1928 roseo
961 1878 1108 1943 ﬂore,
1158 1883 1215 1926 ut
1244 1871 1371 1925 olim
1416 1871 1714 1943 legebatur,
1765 1877 2030 1938 expuncto
2057 1882 2087 1922 a

507 1940 682 2002 Brotv.
722 1947 921 2000 Favent
953 1940 1072 1998 huic
1113 1944 1330 1998 lectioni
1362 1953 1417 1995 et
1445 1943 1618 1996 Codd.
1654 1940 1774 1995 Vat.

578 2017 604 2056 δ
633 2020 779 2072 Unus
810 2017 936 2071 Cod.
961 2017 1102 2076 Val.,
1132 2013 1255 2079 quid
1286 2013 1353 2066 ibi
1386 2013 1565 2083 fabre?

579 2099 600 2126 ε
640 2088 742 2142 Un.
770 2087 902 2141 Cod.
937 2087 1080 2150 Vah,
1112 2086 1212 2139 nisi
1239 2102 1406 2138 secum
1430 2084 1702 2139 insanitur.

574 2157 601 2197 (ι
639 2159 697 2212 1η
729 2159 891 2212 duob.
923 2158 1090 2210 Codd.
1122 2157 1242 2210 Vat.
1276 2157 1475 2210 videtur
1504 2171 1610 2209 esse
1639 2155 1914 2224 famosum.

579 2241 603 2271 θ
639 2231 776 2283 Edit.
810 2229 1003 2294 Paris,
1037 2230 1234 2281 videtur
1262 2245 1370 2281 esse
1399 2232 1698 2296 formoisunt.

578 2301 598 2341 ί
637 2301 784 2356 Unus
834 2300 970 2354 Cod.
1031 2298 1175 2366 Vat.,
1226 2299 1346 2366 quia
1399 2295 1461 2358 de
1519 2297 1749 2351 examine
1807 2295 1943 2349 alius
1991 2310 2096 2351 non

504 2373 666 2430 dabit.

579 2455 603 2492 Β
632 2443 777 2500 Unus
814 2439 946 2496 Cod.
984 2440 1128 2509 νειμ,
1171 2440 1413 2494 arbitram
1443 2441 1577 2494 idem
1607 2439 1948 2509 conﬁtentem.

2121 1760 2171 1819 B

2195 489 2279 532 est
2323 478 2640 534 mittendum
2689 481 2790 533 sub
2842 479 3043 548 judice.
3078 479 3185 535 Sed
3229 479 3480 548 quoniam
3530 475 3786 530 humilem

2196 569 2482 640 impulsum
2513 571 2765 626 alacriter
2794 572 2971 626 acrius
3003 573 3324 626 retinentem
3380 569 3484 626 sub
3530 569 3786 624 testiﬁca-

2201 663 2344 719 tione
2373 663 2536 718 divini
2569 665 2830 735 mysterii,
2861 674 2914 719 et
2958 664 3248 734 splendore
3279 663 3539 716 virtutum
3589 661 3787 716 beatis-

2197 755 2317 810 simi
2369 757 2578 810 Martini
2624 756 2910 827 conjurans
2959 756 3193 810 hortaris
3243 753 3432 810 sedulo
3482 762 3543 806 ut
3594 761 3787 806 contra
3855 811 3862 820 ,

2196 847 2452 916 pudorem
2507 863 2685 902 meum
2741 847 2975 902 deducar
3023 847 3077 902 in
3123 846 3419 916 publicum,
3452 859 3538 900 me
3567 846 3618 898 in
3651 844 3788 898 meis

2195 940 2398 995 frivolis
2430 941 2634 995 arbitro
2664 950 2713 1006 κ,
2749 938 2987 994 scabrosi
3027 939 3210 1008 operis
3256 937 3616 1007 ignorantiam
3655 951 3789 990 con-

2198 1035 2382 1089 titente
2411 1031 2460 1098 δ,
2492 1033 2632 1104 quod
2680 1033 2801 1088 aliis
2841 1033 3184 1101 poscentibus
3228 1032 3530 1101 patefacere
3575 1029 3783 1096 distuli,

2195 1125 2496 1181 obediendo
2535 1125 2669 1180 cedo
2698 1126 2921 1190 virtuti,
2957 1124 3094 1178 hanc
3133 1123 3328 1179 saltem
3378 1120 3787 1191 obtemperandi

2197 1217 2620 1272 vicissitudinem
2674 1215 2690 1254 ί
2750 1230 3106 1285 repensurus,
3161 1224 3219 1270 ut
3258 1215 3380 1286 quia
3433 1214 3550 1268 haec
3603 1213 3790 1270 favore

2197 1313 2366 1381 magis
2412 1312 2724 1380 delegantur
2752 1312 2798 1376 Ι,
2827 1325 2987 1380 quam
3015 1308 3221 1378 judice,
3259 1317 3351 1363 aut
3379 1307 3476 1362 tibi
3525 1316 3731 1362 tantum
3756 1303 3788 1347 Ιι

2198 1404 2584 1459 innotescentia
2617 1404 2848 1473 relegas,
2881 1411 2972 1455 aut
3002 1403 3314 1456 intimorum
3345 1399 3562 1457 auribus
3587 1402 3790 1458 arnica-

2200 1495 2322 1552 liter
2353 1494 2400 1564 ι,
2433 1510 2638 1566 quaeso,
2671 1495 2933 1550 collatura
2962 1492 3001 1516 "
3032 1493 3338 1550 committas
3369 1502 3415 1549 ".

2273 1654 2300 1690 ιι
2327 1651 2467 1707 Edit.
2505 1652 2777 1707 Paris.....
2809 1652 3057 1706 deducam
3087 1667 3168 1706 me
3196 1651 3249 1706 in
3273 1650 3554 1723 publicum;
3588 1667 3785 1710 me.....

2197 1725 2534 1778 arbitrum...
2567 1724 2907 1791 conﬁtentem.

2280 1793 2446 1849 lDuo
2500 1794 2672 1850 Codd.
2721 1793 2863 1861 Vat.,
2920 1792 3349 1850 vicissitudinem
3399 1810 3639 1866 repensus
3679 1795 3785 1865 nsi,

2200 1868 2478 1922 mendose.

2277 1937 2290 1986 Ι
2328 1938 2438 1992 Duo
2462 1937 2634 1993 Codd.
2666 1936 2813 2004 Vat.,
2845 1937 3183 1991 delectantur.

2275 2008 2302 2045 ¹ι
2329 2009 2382 2063 ln
2417 2025 2522 2064 uno
2543 2007 2703 2074 Cod.,
2734 2019 2823 2062 aut
2854 2009 2944 2062 tibi
2973 2007 3342 2062 tantummodo.

2281 2078 2298 2116 ι
2329 2079 2486 2144 lbid.,
2519 2091 2683 2133 tecum
2715 2080 3072 2133 anticabiliter.

2273 2161 2313 2188 ω
2341 2152 2395 2204 In
2437 2167 2542 2205 uno
2591 2151 2748 2216 Cod.,
2789 2151 2961 2220 qud'so
3007 2149 3356 2204 consulatum.
3390 2151 3657 2206 Collatura
3686 2166 3786 2222 pro

2203 2223 2548 2282 conferenda,
2585 2233 2644 2276 ut
2673 2238 2855 2291 supra,
2900 2231 3142 2274 curatura
3173 2236 3268 2289 pro
3312 2223 3570 2277 curanda.
3606 2222 3784 2279 Fami-

2203 2294 2338 2350 liare
2373 2294 2471 2348 hoc
2503 2292 2817 2358 Fortunato,
2853 2301 2908 2347 ut
2931 2293 3309 2348 animadvertit
3340 2292 3399 2348 Ρ.
3438 2293 3614 2349 llruw.

2277 2374 2305 2402 υ
2329 2365 2474 2421 Edit.
2506 2365 2705 2435 Paris.,
2739 2365 3013 2436 repenttas.

513 2593 3794 2634 Mm

1749 2743 2049 2822 LIBER
2103 2707 2518 2820 PRIMUS.

1017 2903 1242 2962 CAPUT
1285 2903 1573 2962 PRIMUM.

738 2999 815 3054 Ad
845 2997 1064 3054 Vitalem
1091 3005 1116 3032 ει
1141 2998 1434 3068 episcOpnm
1463 2997 1864 3052 Ravennansem.

2205 2899 2493 2970 Sumpsisti
2520 2913 2549 2952 a
2581 2896 2808 2953 Domino
2837 2897 3074 2965 culmen,
3106 2896 3188 2951 cui
3219 2895 3452 2953 culmina
3481 2899 3692 2969 condis,

2273 2991 2377 3059 Qui
2410 2991 2500 3044 tibi
2525 2989 2684 3058 digna
2719 2989 2886 3055 dedit,
2921 2988 3102 3044 reddis
3127 2988 3332 3045 honore
3361 2991 3557 3048 vicem.

509 3094 818 3172 [Basilicam
848 3092 1019 3172 salicti
1051 3091 1299 3172 Androm,
1341 3106 1376 3172 ξι,
1403 3091 1581 3172 Vitali,
1611 3089 1949 3172 Ra‘vennensi
1972 3090 2090 3157 epi-
2121 3084 2170 3151 C
2201 3087 2412 3142 Emicat
2441 3085 2558 3139 aula
2586 3093 2796 3155 potens,
2834 3084 3010 3138 solido
3044 3083 3279 3154 perlecta
3312 3085 3551 3148 metallo,

575 3182 764 3233 scopo,
796 3162 1110 3218 :editicutam
1151 3177 1214 3216 ac
1260 3161 1581 3227 dedicatam,
1616 3162 1782 3217 refert
1829 3163 1928 3214 lioc
1969 3177 2088 3215 car-

580 3239 741 3293 mine.
778 3233 1148 3305 DBtIlCllllOIIlSV
1188 3233 1353 3301 ipsius
1386 3233 1774 3305 celebritatem
1815 3248 1878 3286 ac
1905 3235 2088 3305 singu-

578 3310 689 3363 lare
721 3306 901 3375 populi
931 3305 984 3359 in
1017 3304 1244 3359 Vitaletu
1279 3303 1512 3358 studium
1543 3316 1599 3360 et
1630 3303 2084 3366 benevolentiam,

575 3375 1012 3448 cmnmemorat.]

513 3474 755 3531 Antistes
783 3470 1012 3536 domini,
1046 3471 1255 3525 meritis
1286 3469 1340 3524 in
1371 3471 1566 3526 saecula
1595 3472 1803 3534 vivens,

583 3565 786 3619 Gaudia
815 3563 902 3632 qui
933 3564 1136 3619 Christi
1166 3563 1234 3619 de
1262 3580 1426 3635 grege
1459 3574 1639 3634 pastor
1664 3564 1848 3628 habes,

509 3659 640 3714 Cum
673 3667 726 3712 te
758 3656 984 3710 Vitalem
1016 3655 1186 3710 voluit
1215 3658 1452 3711 vocitare
1481 3663 1744 3722 vetustas,

581 3748 813 3803 Noverat
841 3756 1100 3802 aeternum
1128 3757 1177 3801 te
1208 3748 1470 3801 meruisse
1498 3745 1661 3800 diem.

514 3840 716 3911 Dignus
738 3839 1032 3910 apostolica
1071 3839 1388 3908 praefulgens
1411 3847 1591 3892 mente
1631 3835 1909 3900 sacerdos,

587 3935 686 4000 Qui
711 3947 865 3987 sacer
895 3931 1122 3986 Andreae
1151 3942 1258 3986 tam
1292 3932 1373 4000 pia
1407 3930 1604 4000 templa
1629 3929 1794 3984 locas.

519 4024 688 4092 Quam
711 4022 845 4076 bene
877 4037 974 4090 pro
1005 4021 1211 4076 meritis
1241 4019 1485 4088 domini.”
1513 4019 1762 4074 consedit
1786 4018 1836 4071 in
1867 4016 2008 4080 aula,

591 4119 692 4173 Per
717 4133 873 4186 quem
899 4117 1055 4188 digna
1086 4116 1194 4170 Deo
1221 4126 1304 4169 est
1336 4117 1598 4172 rediticata
1627 4115 1837 4170 domus.

589 4229 734 4283 “llic
786 4228 993 4292 Vilalis,
1038 4227 1136 4281 etsi
1189 4226 1407 4281 minime
1437 4239 1684 4283 occurrat
1725 4231 1778 4285 in
1827 4231 2089 4298 calalogis

517 4301 889 4370 episcoporum
945 4301 1307 4352 llavennatum
1355 4298 1435 4367 (ut
1483 4301 1792 4365 iampridem
1849 4303 2093 4357 animad-

515 4371 676 4425 vertit
707 4372 766 4426 P.
815 4371 1143 4434 Browerus),
1190 4371 1234 4422 is
1284 4383 1429 4424 certe
1473 4372 1725 4495 lyclesia:
1759 4374 2098 4429 llavennensi

520 4443 662 4495 circa
697 4443 745 4495 id
780 4455 989 4495 tempus
1021 4441 1296 4495 oratfuisse
1328 4441 1477 4495 dicen
1521 4458 1582 4495 us
1633 4452 1738 4495 est.
1771 4460 1878 4495 auo
1911 4446 2098 4495 Fortu-

2271 3180 2391 3246 Quo
2419 3178 2534 3232 sine
2563 3187 2722 3233 nocte
2746 3184 2926 3232 manet
2946 3176 3254 3230 continuata
3287 3175 3419 3231 dies.

2197 3269 2390 3325 Invitat
2422 3269 2571 3324 locus
2595 3269 2706 3338 ipse
2739 3269 2928 3335 Deum,
2951 3267 3056 3323 sub
3084 3268 3203 3323 luce
3232 3268 3482 3337 perenni,

2267 3363 2550 3418 Gressibus
2580 3371 2639 3416 ut
2668 3362 2892 3431 placidis
2932 3362 3099 3416 intret
3137 3360 3368 3417 amando
3404 3362 3565 3417 lares.

2195 3457 2299 3523 Qui
2320 3455 2433 3510 loca
2462 3454 2560 3509 das
2588 3454 2818 3524 populis,
2845 3454 3130 3510 Dominum
3155 3469 3505 3524 quo.semper
3539 3453 3790 3526 adorent,

2274 3550 2342 3605 Ut
2372 3549 2586 3618 capiant
2618 3550 2853 3614 veniam,
2885 3560 2940 3604 tu
2973 3549 3104 3604 facis
3133 3558 3155 3586 ε
3185 3563 3305 3605 esse
3334 3547 3492 3621 [ipse]
3523 3547 3683 3603 viam.

2201 3641 2406 3704 Gratia,
2441 3657 2618 3708 mens,
2654 3643 2890 3709 animus,
2917 3641 3151 3712 bonitas,
3185 3640 3403 3697 dilectio
3433 3642 3624 3711 plebis,

2276 3735 2344 3789 Et
2367 3734 2589 3803 gradus,
2619 3743 2675 3788 et
2703 3735 2872 3805 pietas
2903 3745 2954 3789 te
2980 3734 3130 3789 dedit
3153 3749 3273 3789 esse
3303 3744 3532 3804 patrem.

2203 3828 2543 3900 Prosperitas
2563 3826 2591 3864 ά
2619 3843 2678 3883 se
2704 3836 2880 3882 vestra
2906 3827 3122 3897 probat,
3149 3828 3478 3901 qumgaudia
3508 3829 3784 3899 suppleas,

2273 3922 2459 3978 lutulit
2485 3921 2728 3992 egregios
2763 3921 2828 3976 ad
2860 3931 2949 3976 tua
2977 3933 3101 3977 vota
3130 3924 3292 3978 viros.

2205 4015 2322 4070 Dux
2352 4025 2374 4052 °
2409 4013 2542 4069 nitet
2571 4013 2696 4067 hinc
2724 4014 2911 4080 armis,
2943 4013 3233 4080 prater-tus
3263 4015 3468 4082 legibus
3491 4013 3674 4079 illinc;

2285 4109 2555 4164 Venerunt
2586 4125 2679 4178 per
2709 4123 2840 4180 quos
2866 4109 3276 4164 crescere'l‘esta
3307 4109 3509 4168 solent..

2207 4229 2451 4299 Galliam,
2482 4241 2537 4286 ut
2578 4234 2692 4300 ipse
2723 4231 2899 4285 Brow.
2935 4230 3161 4284 fatetur.
3199 4229 3365 4302 (Nota
3393 4233 3575 4299 primm
3603 4234 3795 4302 cum.)

2207 4334 2273 4344 —
2307 4304 2523 4368 Ducem,
2555 4304 2643 4370 qui
2687 4311 3140 4356 connuemoratur
3183 4318 3211 4354 a
3246 4301 3566 4364 Fortunato.
3605 4305 3704 4357 hoc
3734 4301 3792 4359 in

2205 4375 2466 4439 carmine,
2495 4373 2798 4428 interfuisse
2819 4372 3142 4426 dedicationi
3176 4372 3416 4428 basilicae
3447 4375 3507 4429 S.
3531 4374 3790 4440 Andreae,

520 4443 662 4499 circa
697 4443 745 4522 id
780 4455 989 4508 tempus
1015 4441 1738 4522 praefuisse.dicendus-cst,
1771 4460 1878 4522 quo
1911 4446 2100 4522 Fortu-
2129 4462 2182 4522 D
2208 4460 2248 4522 ξι·
2271 4446 2428 4498 Vitali
2483 4445 2816 4522 llavennensi
2868 4442 3238 4522 exarditicatze,
3289 4446 3402 4522 sive
3451 4456 3784 4522 restaurata),

524 4523 681 4569 natus
704 4513 970 4568 Ravenme
997 4512 1241 4577 degebat,
1265 4512 1351 4565 ubi
1386 4513 1530 4566 illum
1557 4513 1864 4583 aliquandiu
1901 4517 2098 4570 vixisse

518 4586 749 4640 diximus
779 4588 829 4638 in
858 4583 977 4654 eius
1001 4583 1139 4656 Vita,
1174 4599 1319 4656 num.
1358 4586 1419 4636 l7
1450 4595 1503 4638 et
1533 4600 1671 4656 seq..
1715 4588 1869 4654 cujus
1901 4586 2093 4641 Vitalis

519 4672 682 4711 suasu
710 4657 846 4710 forte
877 4665 932 4710 et
957 4655 1180 4709 consilio
1211 4655 1441 4709 basilicae
1470 4655 1537 4710 ab
1566 4655 1752 4712 eadem
1801 4667 2092 4712 exstructa:

518 4728 912 4782 dedicatiooem
963 4727 1061 4779 hoc
1109 4735 1354 4792 poemate
1407 4727 1564 4780 fuerit
1626 4740 1962 4794 prosccutus.
2023 4733 2091 4781 At

523 4799 704 4854 Brow.
733 4799 1010 4851 existimat
1043 4796 1264 4850 Vitalem
1295 4797 1453 4849 Petro
1484 4799 1680 4852 seniori
1711 4799 2089 4855 sul'tieiendum

520 4884 664 4934 esse,
704 4872 791 4938 qui
825 4884 928 4921 non
963 4867 1060 4941 nisi
1094 4882 1232 4918 anno
1261 4865 1366 4920 508
1399 4868 1765 4941 Ravenneusis
1813 4872 2097 4941 episcopus

521 4937 731 4995 creatus
759 4949 871 5002 est;
905 4955 1011 5006 quo
1034 4937 1144 5008 jam
1174 4947 1438 5004 tempore,
1473 4938 1640 5004 ipsius
1671 4937 1910 4995 Broweri
1944 4943 2094 4996 testi-

525 5013 727 5079 tnonio,
761 5014 811 5064 in
852 5009 1074 5064 Galliam
1130 5020 1448 5076 pervenerat
1493 5011 1838 5066 Fortunatus.
1877 5015 1948 5067 De
1995 5015 2096 5069 hoc

529 5083 682 5138 Vitali
713 5083 835 5152 quid
869 5083 988 5152 ipse
1019 5094 1292 5152 censeam,
1315 5081 1444 5134 infra
1469 5087 1770 5137 ostendam.

597 5153 624 5192 δ
655 5150 756 5210 Uu.
791 5154 928 5226 cod.
950 5150 1094 5226 V_a_t.,
1123 5167 1236 5203 cum
1263 5150 1468 5226 Danum
1489 5155 1638 5206 sedit.
1670 5169 1805 5208 corr.

597 5239 618 5264 ο
641 5227 794 5279 Alius
823 5223 952 5276 Cod.
987 5221 1130 5285 Vat.,
1165 5232 1218 5274 tu
1244 5221 1371 5289 facis
1401 5226 1508 5290 ipse
1541 5227 1693 5278 viam.

2206 4515 2484 4570 Narsetem
2510 4519 2758 4571 comitem
2786 4530 2906 4569 esse
2933 4513 3277 4580 crediderim,
3311 4515 3399 4583 qui
3431 4531 3461 4568 a
3487 4516 3792 4572 Justiniano

2207 4588 2362 4653 iinp.,
2398 4599 2451 4640 ut
2483 4589 2818 4642 notissimum
2842 4598 2946 4650 est,
2991 4585 3189 4640 missus
3218 4588 3269 4639 in
3301 4586 3504 4640 Italiam
3536 4603 3624 4640 an.
3655 4586 3784 4652 55],

2207 4659 2272 4711 ad
2305 4658 2664 4727 OstrOgothos
2711 4656 3082 4721 deln-llaudos,
3129 4656 3397 4710 llavennzn
3430 4659 3695 4723 residere,
3728 4669 3786 4713 et

2208 4729 2461 4791 Basilii-ae,
2519 4729 2584 4781 de
2627 4744 2728 4797 qua
2774 4728 2859 4781 hic
2907 4743 3107 4794 sermo,
3152 4727 3478 4782 dedicationi
3527 4730 3788 4784 interesse

2205 4801 2484 4856 commode
2517 4809 2708 4868 potuit.
2745 4798 2886 4868 Idem
2921 4800 3135 4861 Narses,
3165 4813 3446 4854 revocatus
3475 4799 3790 4852 Constanti-

2206 4873 2438 4939 nOpolim
2491 4866 2575 4925 est
2623 4887 2760 4924 anno
2794 4866 2899 4925 538
2951 4869 3036 4923 vel
3067 4869 3193 4936 567,
3244 4873 3317 4926 uti
3362 4883 3549 4926 censet
3595 4871 3790 4939 Pagius

2202 4943 2268 4996 ad
2307 4945 2446 4995 hunc
2475 4957 2672 4996 annum
2701 4960 2713 4994 :
2747 4957 2904 5007 quem
2938 4944 3151 5009 excepit
3198 4942 3471 5009 Longinus
3496 4959 3510 5005 ;
3534 4943 3624 5011 qui
3671 4944 3785 5009 pri-

2203 5030 2321 5068 mus
2354 5016 2548 5067 missus
2597 5014 2648 5068 in
2696 5013 2901 5067 Italiam
2957 5021 3039 5068 est
3093 5029 3212 5068 cum
3265 5015 3417 5068 titulo
3459 5015 3520 5066 'et
3580 5015 3785 5067 honore

2201 5084 2461 5145 exure/iw,
2495 5097 2545 5138 et
2579 5085 2847 5139 ltavennm
2876 5085 3077 5139 resedit
3106 5100 3268 5148 anno,
3301 5095 3356 5138 ut
3387 5085 3616 5150 videtur,
3653 5083 3782 5149 5'68,

2202 5172 2305 5225 quo
2337 5157 2672 5226 Longobardi
2705 5159 2753 5210 in
2787 5157 2990 5210 Italiam
3041 5158 3302 5226 irrupere.
3357 5156 3433 5209 Ex
3477 5159 3670 5222 quibus
3701 5157 3788 5208 in-

2207 5225 2473 5296 telligitur
2513 5240 2744 5298 tempus,
2775 5243 2880 5296 quo
2909 5226 3106 5298 Nagses
3139 5227 3190 5279 in
3218 5225 3360 5280 Italia
3409 5225 3560 5289 vixit,
3585 5227 3788 5292 Optime

593 5295 617 5332 ἀ
645 5297 798 5359 lhid.,
834 5295 1141 5363 prosperitas
1170 5309 1344 5346 secura
1377 5295 1575 5357 probat.

597 5376 619 5403 ο
646 5367 704 5420 Ρ.
742 5368 1021 5420 Browerus
1067 5365 1318 5432 opinatur
1368 5366 1450 5417 his
1481 5368 1656 5420 verbis
1691 5368 1978 5421 exarclium
2018 5365 2098 5420 in-

526 5438 688 5492 dicari
759 5437 846 5503 qui
893 5451 1012 5489 cum
1049 5435 1450 5505 Nontopltylace
1492 5437 1812 5490 dediCaIioni
1865 5439 2096 5492 basilica}

523 5507 850 5565 interfuerit.
882 5511 948 5560 At
977 5523 1099 5560 cum
1130 5507 1347 5561 esurchi
1383 5507 1594 5559 nonnisi
1636 5523 1722 5560 an.
1756 5509 1860 5562 5l53
1891 5511 2095 5562 [luven-

526 5595 609 5633 ηαξ
638 5582 827 5632 sedere
857 5579 1140 5646 cmperint,
1184 5592 1405 5642 quorum
1437 5576 1636 5646 primus
1669 5578 1765 5630 fuit
1801 5577 2093 5648 Longinus,

525 5663 673 5705 certe
712 5649 974 5703 exarchus
1024 5665 1127 5701 non
1162 5650 1331 5713 potuit
1364 5651 1621 5702 interesse
1671 5651 1916 5705 ncelesim
1947 5651 2096 5704 dedi-

524 5723 742 5784 cationi,
776 5737 896 5775 cum
928 5720 1103 5772 adhuc
1136 5718 1405 5772 llavenuze
1439 5727 1580 5772 esset
1612 5718 1970 5783 Fortunatus;
2002 5722 2093 5791 qui

527 5806 613 5848 an.
649 5792 771 5860 565,
805 5801 894 5847 aut
937 5791 1000 5845 ad
1051 5805 1316 5846 suu'unum
1347 5791 1474 5860 550',
1519 5793 1786 5863 prolectus
1821 5794 1991 5850 fuerat
2039 5793 2095 5849 in

2183 5305 2500 5367 congruere
2523 5296 2639 5353 cuni
2669 5313 2756 5361 eo,
2785 5315 2891 5366 quo
2915 5306 2971 5351 et
2995 5296 3319 5351 Fortunatus
3339 5299 3784 5365 llavennaadeger

2205 5369 2465 5437 batzquo
2527 5380 2791 5439 praesente
2838 5367 3210 5422 existimamus
3261 5368 3530 5422 basilicam
3580 5368 3788 5439 llaven-

2205 5456 2423 5494 nensem
2476 5437 2770 5493 dedicatam
2825 5440 3006 5492 fuisse.
3055 5439 3170 5506 Ipse
3219 5439 3412 5493 Narses
3465 5439 3581 5494 Dux
3610 5437 3786 5492 Itutite

2203 5514 2511 5565 noniinatur
2533 5526 2559 5562 a
2583 5510 2741 5576 Greg.
2770 5509 2973 5563 Turon.
3017 5509 3053 5562 l.
3088 5525 3138 5563 v.
3175 5510 3419 5564 Historia:
3453 5510 3780 5564 Francorum

2182 5593 2322 5648 ‘cap.
2352 5582 2422 5634 ‘20
2453 5599 2466 5633 :
2497 5580 2649 5648 cujus
2675 5581 2899 5648 proinde
2927 5595 3196 5649 personat,
3223 5592 3274 5635 et
3305 5581 3542 5648 dignitati
3570 5596 3632 5633 ea
3655 5597 3785 5634 con-

2182 5652 2423 5706 veniunt
2453 5668 2571 5719 qua-
2607 5653 2691 5704 hic
2733 5666 2762 5703 a
2797 5651 3088 5704 Fortunato
3138 5652 3205 5704 de
3235 5652 3324 5704 illo
3355 5665 3781 5705 commemoran-

2201 5733 2287 5779 tur
2322 5741 2334 5776 :
2365 5723 2485 5776 Dux
2515 5723 2638 5777 nitet
2662 5721 2777 5776 hinc
2808 5723 2984 5789 armis,
3019 5734 3124 5777 etc.
3153 5721 3430 5794 (Secundae
3458 5737 3594 5776 curta
3615 5722 3782 5794 nota.)

2241 5958 2310 5991 χ
