4020 6346
185 290 246 350 σε
1374 294 1874 358 MISCELLANEA.
1895 288 1971 341 '-—
1998 295 2129 356 LIB.
2171 299 2214 357 I.
3368 306 3439 365 66

177 407 251 464 Ne
283 405 374 462 tibi
401 405 538 462 desit
576 405 775 474 honor,
818 407 1071 477 populum
1118 408 1258 465 Deus
1286 413 1436 467 auxit
1475 413 1737 484 opimum,
1767 418 1821 478 Α
1848 413 1963 480 Quo
1992 411 2291 468 veneranda
2326 410 2393 479 pii
2423 410 2766 482 requiescunt
2792 412 2996 468 viscera
3034 413 3198 484 Petri,

238 500 333 566 Qui
368 499 495 554 vidit
521 513 740 554 sensum
775 498 873 555 hoc
904 503 1138 557 voluisse
1170 512 1341 560 tuum.

175 589 468 664 Hysteriutn
498 589 625 646 fidei
649 591 942 662 complevit
967 604 1088 648 vota
1121 596 1358 664 petendi,

238 683 396 749 Felix,
427 683 515 740 cui
541 684 817 751 dominus,
849 702 972 756 qua:
1001 690 1172 758 cupis,
1211 690 1321 760 ipsa
1355 691 1522 747 vehit.

176 779 392 834 Plurima
419 778 608 833 divino
635 780 879 836 celebres
907 781 1167 836 solemnia
1197 783 1360 849 dono,

234 872 397 942 Atque
419 870 514 926 Dei
548 872 750 928 florens
780 874 979 944 templa
1005 874 1232 930 locando
1262 879 1412 932 colas
1434 884 1486 930 κ.

784 986 1009 1044 CAPUT
1050 988 1115 1043 ΙΙ.

171 1100 240 1158 De
275 1102 461 1166 templo
491 1100 518 1140 ι’
543 1103 721 1157 damni
753 1103 1012 1173 iAn‘drete,
1041 1119 1178 1169 quoa
1227 1104 1498 1173 wdiﬁcavit
1555 1105 1744 1161 Vitatis

404 1173 692 1244 Episcopus
737 1172 1014 1229 Ravennas
1045 1172 1480 1249 [liavennensis].
1658 1193 1665 1199 '

172 1285 432 1358 [Eamdem
491 1287 662 1341 sancti
715 1287 947 1342 Andreat
996 1287 1266 1343 basilicam
1314 1288 1634 1343 mdificatam
1668 1292 1736 1344 'et

228 1359 384 1422 brevi.
397 1367 645 1425 tempore
670 1358 968 1412 absolutam
1003 1358 1167 1413 fuisse
1192 1368 1373 1413 narrat
1406 1374 1620 1414 summo
1647 1360 1742 1414 Vi-

233 1427 343 1502 talis
369 1428 552 1502 studio
575 1442 638 1502 ac
667 1428 1009 1484 liberalitate.
1036 1429 1230 1502 Sacras
1261 1431 1517 1501 reliquias
1544 1431 1740 1502 quibus

227 1498 405 1554 eadem
434 1499 668 1570 insignis
697 1510 814 1554 erat
839 1499 1130 1573 recenset.]

169 1615 397 1686 Quisquis
424 1613 495 1670 ad
518 1613 634 1670 haec
660 1617 834 1671 sancti
865 1617 1146 1672 concurris
1176 1615 1363 1671 limina
1399 1617 1607 1688 templi,

227 1709 275 1764 Si
296 1708 484 1764 venias
505 1708 766 1778 supplex,
799 1708 885 1764 ltic
915 1724 1078 1778 prece
1111 1709 1280 1763 sumis
1310 1724 1488 1780 opem.

167 1799 316 1866 Quam
344 1813 503 1854 sacer
533 1799 765 1854 antistes
789 1797 979 1854 Vitalis
1010 1799 1256 1854 condidit
1281 1815 1486 1867 arcent,

225 1888 463 1950 Cultnine
492 1904 614 1960 quae
640 1889 779 1945 ccelo
806 1900 826 1928 ε
856 1900 939 1945 est
968 1899 1214 1961 tempore
1244 1893 1402 1946 ducta
1437 1891 1608 1948 brevi.

167 1978 433 2046 Fundavit,
464 1981 685 2048 struxit,
719 1981 959 2048 dotavit;
987 1982 1182 2036 deinde
1211 1981 1429 2050 dicavit,

228 2073 290 2128 Et
309 2073 513 2130 meruit
543 2073 728 2144 templi
752 2074 962 2130 solvere
993 2084 1115 2130 vota
1145 2077 1251 2130 sui.

226 2198 250 2228 ⁸
274 2189 411 2245 Edit.
445 2188 620 2244 Paris.
654 2207 668 2242 :

273 2271 432 2333 Atque
459 2269 559 2319 Dei
587 2269 759 2319 laudes
785 2268 964 2333 templs
987 2269 1191 2337 colenda
1216 2271 1369 2322 loces.

224 2338 324 2396 1'ln
355 2356 470 2396 uno
513 2341 646 2396 Cod.
680 2339 799 2395 Vat.
830 2341 1024 2412 legitur
1051 2342 1130 2396 sic
1159 2343 1347 2398 titulus
1373 2341 1518 2397 iste:
1547 2339 1742 2396 Versus

167 2412 428 2537 maritale
458 2414 632 2467 sancti
662 2413 916 2479 Andrew;
947 2412 1217 2483 ardiﬁcavit
1260 2412 1444 2469 Vitatis
1474 2412 1745 2483 episcopus

265 2501 414 2537 (una.

265 2501 414 2538 (una.

230 2565 251 2626 ξ
281 2555 396 2626 Duo
425 2553 602 2610 Codd.
633 2556 829 2618 Vattc.,
864 2556 1084 2610 culmine
1109 2573 1225 2626 quia
1247 2555 1444 2611 Celso..

227 2623 251 2661 δ
290 2625 553 2700 Maturius
594 2637 756 2700 atque
802 2629 1060 2684 Sisennas
1106 2623 1369 2700 martyres
1411 2631 1562 2700 luere
1593 2642 1624 2682 e
1654 2626 1734 2683 le-

170 2695 308 2780 gione
329 2695 704 2780 ⁸Εξιὶιὶεῆςῖἰιιίὶ
734 2710 998 2780 martyres
1025 2695 1392 2769 Agaunehses,
1434 2699 1504 2754 de
1530 2700 1728 2770 quibus

170 2768 300 2837 plura
329 2768 500 2834 infra,
530 2768 624 2824 lib.
658 2783 716 2834 tt,
746 2787 799 2826 c.
827 2768 916 2824 15.

233 2849 254 2876 ο
295 2839 374 2896 Cl.
421 2841 512 2895 vir
541 2841 895 2911 iBacebinius,
947 2841 1000 2895 in
1050 2841 1318 2911 agnellum
1368 2842 1632 2910 Ravenn.,
1681 2842 1732 2897 in

171 2907 360 2967 observ.
399 2913 475 2966 ad
517 2910 688 2966 Vitam
733 2914 902 2967 sancti
954 2907 1287 2977 Maximiani,
1337 2923 1522 2968 censet
1569 2907 1734 2968 Joan-

170 2998 295 3049 nem,
316 2983 410 3054 ide
458 2997 572 3052 quo
610 2981 694 3037 hic
725 2982 1077 3048 Fortunatus,
1111 2984 1482 3039 Ravennatem
1515 2986 1729 3054 episco-

173 3070 277 3137 pum
305 3053 504 3137 fuisse,
549 3053 725 3137 illum,
771 3057 876 3137 qui
919 3056 1158 3137 proxime
1188 3055 1327 3136 sedit
1371 3055 1731 3137 posr'l’etrum

169 3125 452 3198 Seniorem.
487 3126 608 3198 ipse
631 3126 946 3181 Baccbinius
968 3125 1186 3194 insuper
1208 3126 1456 3195 opinatur
1480 3125 1732 3194 Vitalem,
1766 3134 1812 3198 α

168 3211 193 3248 a
231 3213 328 3264 quo
378 3196 671 3251 Basilicam
720 3199 888 3250 sancti
938 3199 1165 3252 Andreae
1216 3199 1602 3251 exaedificatam
1647 3199 1732 3253 ltic

169 3266 314 3337 refert
355 3268 712 3331 Fortunatus,
745 3284 850 3322 non
874 3267 1086 3337 quidem
1113 3269 1422 3336 episcopum
1454 3268 1724 3324 Ravenna:

170 3336 350 3404 fuisse,
398 3339 504 3393 sed
548 3339 722 3392 solum
779 3336 1142 3392 Ravennatem
1183 3344 1389 3407 patria,
1437 3348 1483 3393 et
1530 3340 1730 3407 episco-

171 3418 296 3478 patui
324 3411 625 3480 cujuspiam
672 3424 736 3462 ea:
775 3411 1091 3474 dioecesibus,
1145 3407 1428 3464 Ravennati
1478 3421 1735 3479 metropo-

169 3481 262 3533 litc
297 3483 570 3554 subjectis,
599 3481 687 3554 qui
733 3489 779 3554 et
827 3482 936 3551 ipse
962 3481 1078 3533 divo
1123 3481 1339 3534 Audi-ea:
1375 3480 1553 3554 (edem.
1584 3497 1730 3554 egre-

168 3553 288 3622 giam
307 3551 624 3616 condiderit,
645 3552 1084 3621 dedicaritque,et
1099 3567 1131 3603 a
1155 3556 1479 3621 metropolita
1505 3551 1733 3607 obtinue-

167 3623 225 3693 rit
257 3624 507 3693 reliquias
547 3633 835 3690 enarratas,
875 3639 1151 3692 earumque
1199 3625 1474 3693 solemnem
1523 3623 1577 3676 in
1611 3641 1732 3678 suos

169 3691 769 3749 loculostrauslationem
790 3735 803 3757 ,
834 3691 1280 3748 intervenientibus
1306 3693 1616 3747 Ravennatis
1641 3713 1731 3763 po-

167 3767 262 3834 puli
282 3766 607 3833 proceribus,
645 3780 930 3836 magnaque
955 3766 1286 3832 ﬁnitimorum
1314 3766 1620 3836 frequentia,
1653 3782 1730 3820 ce-

167 3836 378 3898 lebrant.
443 3837 589 3892 Eum
635 3851 768 3892 vero
817 3838 1249 3905 metropolitani,
1302 3850 1331 3887 a
1380 3851 1488 3904 quo
1542 3837 1730 3891 Vitalis

166 3909 426 3979 reliquias,
454 3911 514 3962 in
547 3909 650 3961 isto
675 3912 1156 3979 carmineArelatas,
1179 3906 1428 3979 obtinuit,
1463 3907 1626 3962 fuisse
1661 3911 1732 3976 ip~

164 3977 592 4043 sutn'Joannem,
622 3979 712 4049 qui
762 3987 880 4049 post
911 3977 1122 4033 Petrum
1173 3978 1452 4033 Seniorem
1500 3979 1732 4034 tenuisse

168 4049 332 4104 sedem
363 4050 780 4105 Ravennensem
804 4049 1024 4120 legitur.

229 4121 415 4177 Verum
447 4131 514 4176 et
539 4136 638 4190 ego
667 4122 887 4176 minime
914 4120 1143 4176 fortasse
1188 4135 1494 4175 recusarem
1526 4120 1579 4174 in
1611 4136 1732 4176 eru-

167 4189 394 4247 ditissimi
433 4192 540 4246 viri
580 4189 658 4247 ire
698 4192 1040 4259 sententiam,
1072 4194 1118 4245 si
1148 4201 1239 4245 aut
1262 4191 1556 4245 verisimile
1586 4193 1733 4248 vide-

165 4274 294 4316 retur
322 4265 685 4319 Fortunatam
715 4263 1021 4318 nominasse
1058 4263 1284 4318 Vitalem
1318 4267 1491 4331 potius
1521 4279 1586 4316 ex
1636 4279 1734 4333 pa.

166 4335 266 4387 trite
292 4351 454 4404 quam
487 4349 553 4390 ex
586 4334 732 4390 sedis
754 4350 913 4404 quam
947 4334 1158 4388 tenebat
1189 4339 1403 4388 nomine
1446 4336 1730 4388 ltavenna-

169 4412 259 4458 teni
298 4410 644 4476 episcopum,
675 4409 1007 4460 reclamante
1035 4409 1196 4458 totius
1227 4406 1512 4476 vetustatis
1537 4408 1730 4475 (quan-

166 4484 262 4529 tutn
301 4473 400 4548 ego
442 4473 664 4545 quidem
711 4477 924 4546 assequi
973 4477 1142 4549 potui)
1188 4473 1602 4549 consuetudine,
1643 4486 1734 4530 aut

166 4545 356 4602 ostendi
408 4561 601 4618 posset
647 4549 749 4603 hoc
779 4545 964 4616 poema
996 4545 1254 4617 scriptum
1286 4548 1454 4600 fuisse
1479 4561 1508 4599 a
1544 4545 1732 4601 Fortu-

169 4629 279 4689 nato
302 4636 426 4674 cum
472 4620 586 4689 jam
609 4619 827 4688 degeret
855 4620 907 4672 itt
936 4618 1128 4686 Gallia,
1161 4634 1267 4688 quo
1297 4629 1613 4689 pervenerat
1643 4634 1732 4673 an.

165 4688 276 4753 565,
297 4693 381 4746 rel
407 4687 489 4746 ad
515 4687 781 4744 sumntum
813 4705 904 4744 an.
938 4689 1062 4754 566,
1096 4702 1152 4743 ut
1175 4687 1386 4744 Ostendi
1415 4692 1465 4742 in
1491 4687 1736 4757 ejusdem

168 4758 289 4829 Vita,
324 4779 484 4817 num.
529 4762 601 4816 ‘26
626 4772 680 4816 et
709 4776 825 4830 seq.
857 4763 1094 4816 Joannes
1125 4776 1275 4828 vero,
1322 4763 1411 4829 qui
1453 4763 1591 4813 sedit
1617 4770 1739 4829 post

165 4830 361 4888 Petrum
406 4833 719 4899 Seniorem,
753 4848 859 4886 non
907 4836 1044 4886 rexit
1088 4832 1385 4886 Ecclesium
1419 4831 1738 4886 ltavenaen-

166 4914 260 4957 δραι
296 4916 423 4960 ante
472 4920 564 4958 an.
617 4905 747 4972 575,
799 4905 916 4974 ipso
957 4904 1260 4957 allirmante
1308 4903 1617 4956 Baccltinin.
1668 4904 1738 4957 At

167 4977 391 5041 profecto
438 4976 704 5031 credibile
745 4990 850 5029 non
895 4985 998 5041 est,
1035 4977 1305 5044 praecipue
1336 4983 1442 5027 tam
1477 4976 1741 5044 procello-

166 5047 246 5111 sis,
275 5063 338 5102 ac
365 5048 602 5102 turbidis
643 5047 997 5115 temporibus,
1044 5062 1074 5100 a
1119 5046 1734 5116 quoquamamicorum,

167 5117 210 5168 ia
238 5123 379 5172 italia
403 5119 744 5188 degentium,
770 5115 1151 5186 compellatum
1176 5119 1340 5172 luisse
1362 5115 1737 5188 Fortunatum,

170 5199 216 5238 in
257 5187 782 5245 carmen’scriberet
810 5193 860 5242 in
891 5189 1282 5244 dedicationem
1313 5187 1546 5242 basilica:
1575 5188 1737 5252 illius,

169 5264 448 5324 praesertim
483 5277 606 5315 cum
639 5262 754 5330 ipse
788 5260 857 5313 ab
885 5261 1034 5314 ltalia
1067 5263 1156 5315 diu
1188 5262 1340 5315 exsul
1389 5261 1520 5314 illud
1557 5275 1738 5315 secum

168 5343 604 5402 conquereretur,
628 5334 663 5385 Ι.
699 5347 792 5396 vn,
815 5346 865 5386 c.
895 5332 955 5385 H
986 5348 999 5383 :

274 5425 428 5479 Exsul
458 5430 519 5478 ab
543 5427 682 5478 Italia
706 5437 834 5474 nono
860 5431 974 5487 puto
993 5423 1154 5473 volvor
1173 5423 1235 5477 ab
1259 5435 1403 5488 anno,

334 5493 543 5542 Littoris
561 5491 745 5542 Oceani
763 5496 1079 5549 contaguante
1100 5489 1220 5536 salo.

273 5553 523 5615 Tempora
549 5562 621 5604 tot
635 5552 849 5616 fugiunt,
863 5558 916 5598 et
931 5551 1088 5600 adhuc
1111 5563 1200 5616 per
1218 5553 1397 5612 scripta
1412 5556 1684 5616 parentum,

333 5613 517 5665 Nullus
534 5618 597 5665 sb
620 5613 838 5665 exclusis
856 5623 936 5659 me
960 5613 1204 5664 recreavit
1227 5625 1372 5676 apex.

229 5690 292 5743 At
318 5705 455 5744 vero
480 5692 524 5744 si
552 5691 670 5757 quis
718 5689 910 5742 litteris
959 5684 1312 5741 Fortunatutn
1361 5686 1592 5744 salutare
1645 5691 1742 5745 ab-

173 5771 361 5816 sentem
403 5760 659 5828 debebat,
696 5760 740 5815 is
773 5759 962 5830 fuisset
987 5758 1248 5830 quispiam
1276 5773 1345 5830 ex
1381 5762 1736 5830 protritiquis;

173 5833 463 5890 mserum
495 5847 634 5902 cum,
669 5841 727 5886 ut
755 5832 860 5886 alio
889 5829 1004 5886 loco
1029 5841 1209 5885 narrat
1236 5828 1390 5886 idem
1410 5833 1544 5901 ipse,
1577 5828 1745 5889 Mater

1921 504 2018 570 Qui
2047 501 2242 557 meruit
2273 502 2417 556 solus
2441 502 2592 558 clave
2625 503 2792 575 ligare
2824 507 3000 573 polos.

1849 597 2050 654 Paulus
2077 598 2368 669 apostolica
2395 597 2554 652 simul
2584 600 2684 653 liae
2713 597 2973 653 retinetur
3006 600 3058 654 in
3089 602 3230 669 aula,

1931 689 2194 746 Seductor
2218 691 2506 760 quondam,
2541 691 2630 760 qui
2664 691 2823 745 modo
2853 695 3040 745 doc-tor
3064 701 3208 748 ovat.

1858 781 2008 837 Hanc
2033 797 2187 838 sacer
2218 782 2462 836 Andreas
2495 784 2761 853 prepriam
2812 782 2914 836 sibi
2958 783 3192 839 vindicat
3223 800 3432 855 arcem,

1923 874 1989 928 Et
2013 889 2134 929 cum
2164 872 2329 928 fratre
2358 872 2448 943 pio
2477 872 2794 943 participata
2818 874 2979 943 regit.

1849 965 1976 1021 Haec
2001 981 2094 1022 sua
2131 975 2271 1021 tecta
2301 965 2474 1034 replet
2502 965 2823 1020 Laurentius
2852 966 2975 1036 igne
3006 982 3220 1038 sereno,

1918 1057 2014 1111 Cui
2044 1059 2130 1126 pia
2159 1057 2372 1112 flamma
2402 1057 2548 1111 dedit
2579 1058 2696 1112 luce
2723 1073 2958 1127 perenne
2983 1060 3146 1114 diem.

1847 1148 2006 1204 Vitali
2038 1150 2227 1205 domus
2259 1150 2360 1204 ista
2393 1150 2597 1221 placet,
2637 1151 2730 1220 qui
2760 1154 2912 1208 vivus
2941 1155 3117 1210 arenis

1918 1240 2174 1297 Defessus
2205 1243 2399 1299 meruit
2431 1243 2658 1313 perdere
2687 1244 2875 1300 ntortis
2903 1245 3022 1300 iter.

1849 1335 1987 1390 Sunt
2017 1336 2135 1390 loca
2164 1336 2401 1401 Martini,
2434 1336 2526 1406 qui
2556 1337 2694 1392 texit
2723 1348 2876 1393 veste
2910 1341 3204 1406 tonantem,

1920 1425 1998 1481 Ne
2020 1424 2190 1494 magis
2219 1427 2444 1497 algeret,
2471 1443 2531 1482 se
2557 1429 2793 1498 spoliare
2823 1431 2991 1485 dedit.

1849 1516 1994 1574 Ecce
2025 1517 2181 1589 Vigili
2212 1532 2305 1573 arx
2335 1529 2440 1586 est,
2473 1533 2634 1589 quem
2659 1518 2863 1575 rustica
2891 1519 3042 1576 turba
3070 1523 3332 1590 peremit:

1921 1611 2076 1667 Unde
2104 1613 2242 1666 mori
2268 1612 2458 1678 voluit,
2493 1629 2639 1668 mors
2667 1615 2836 1683 magis
2865 1615 2979 1686 ipsa
3007 1614 3159 1684 fugit.

1849 1701 2039 1757 Incolit
2067 1703 2181 1758 litec
2211 1703 2414 1774 pariter
2443 1703 2702 1759 Maturius
2725 1701 2753 1740 ἀ
2785 1714 2945 1774 atque
2973 1707 3232 1762 Si~ennus
3259 1727 3270 1760 :

1770 1803 1823 1866 Β
1917 1793 2062 1862 Quos
2085 1809 2254 1863 genus
2283 1803 2445 1864 atque
2477 1795 2628 1862 fides,
2659 1804 2714 1851 et
2742 1805 2891 1852 tenet
2917 1813 3018 1851 una
3052 1798 3218 1853 salus.

1850 1886 2080 1942 Sanctus
2109 1887 2413 1973 Alexander
2442 1889 2674 1959 felixque
2704 1889 2901 1944 Cecilia
2933 1887 3134 1960 pollent
3163 1908 3176 1944 :

1921 1980 2066 2048 Quos
2095 1981 2300 2034 meritis
2326 1995 2514 2037 omnes
2545 1996 2649 2036 una
2677 1997 2874 2036 corona
2905 1992 3106 2038 manet.

1853 2079 1877 2106 °
1901 2073 2026 2129 Haec
2052 2073 2225 2128 bonus
2253 2073 2532 2140 antistes,f
2553 2074 2707 2130 Vitali
2739 2085 2982 2146 urgente,
3014 2075 3271 2145 Joannes,

1849 2185 1947 2241 sibi
1979 2196 2025 2240 et
2063 2202 2206 2240 soror
2259 2187 2483 2252 viveret,
2513 2197 2564 2242 et
2587 2187 2742 2258 longa
2788 2195 3025 2256 nepotum
3076 2191 3230 2244 series
3303 2203 3425 2247 cum

1849 2267 2050 2330 tamen,
2083 2258 2283 2312 exclusi
2324 2259 2588 2313 bellorum
2629 2259 2960 2324 tumultibus,
2991 2259 3122 2314 nihil
3149 2262 3215 2314 ad
3244 2260 3420 2330 ipsum

1839 2329 2143 2383 litterarum
2176 2345 2366 2383 novem
2396 2345 2655 2383 annorum
2685 2331 2860 2398 spatio
2890 2331 3183 2385 misissent.
3213 2329 3421 2388 Deinde

1854 2400 1957 2454 ltoc
2005 2403 2057 2454 in
2105 2402 2342 2454 carmine
2390 2399 2612 2454 Fortun.
2661 2415 2722 2456 se
2761 2417 2863 2454 non
2897 2402 3097 2455 indicat
3143 2403 3422 2459 absentem

1851 2485 1994 2535 esse,
2025 2471 2165 2540 quod
2195 2471 2270 2525 illi
2301 2471 2540 2526 solemne
2568 2473 2699 2526 alias
2729 2470 2843 2537 fuit,
2879 2486 2976 2526 nec
3001 2472 3250 2528 absentes
3279 2488 3428 2528 cont-

1849 2542 2036 2616 pellat,
2085 2552 2139 2616 et
2167 2555 2262 2616 eos
2291 2542 2411 2596 huic
2443 2543 2764 2598 dedicatiani
2790 2543 3104 2616 interfuisse
3144 2544 3292 2611 dicit,
3335 2541 3424 2611 qui

1846 2613 2043 2684 inirum
2095 2613 2144 2668 si
2198 2615 2388 2668 absens
2444 2629 2604 2669 nosse
2655 2613 2832 2684 potuit
2881 2615 3023 2682 quod
3076 2616 3414 2670 interessent.

1839 2682 2121 2755 Postremo
2147 2684 2247 2755 hoc
2271 2699 2460 2754 poema
2509 2686 2640 2739 tanti
2658 2682 2789 2740 nion
2821 2700 2942 2740 esse
2969 2686 3198 2749 videtur,
3231 2701 3416 2755 quam-

1839 2754 2026 2808 obrem
2070 2770 2135 2810 ex
2178 2753 2350 2808 Gallia
2392 2759 2443 2810 in
2481 2757 2685 2811 Italiam
2739 2756 2869 2809 illud
2916 2760 3156 2811 mitteret
3195 2753 3307 2812 sive
3353 2755 3423 2814 de

1838 2826 2122 2897 industria,
2150 2826 2264 2880 sive
2293 2827 2545 2880 invitatus
2572 2828 2639 2882 ab
2661 2827 2838 2897 aliquo
2864 2830 3182 2882 amicorum.

1911 2896 2176 2963 Quocirca
2206 2910 2271 2950 eo
2300 2898 2564 2952 sententia
2597 2896 2928 2966 propendeo,
2963 2909 3018 2951 ut
3051 2908 3231 2968 putem
3272 2898 3413 2953 hunc

1841 2965 2072 3022 Vitalem
2120 2968 2523 3022 Ravennensem
2553 2965 2868 3037 episcopum
2907 2984 3012 3023 non
3052 2965 3216 3024 alium
3250 2969 3419 3025 fuisse

1841 3053 1870 3091 a
1906 3039 2251 3103 Maximiano,
2274 3041 2393 3110 qui,
2425 3054 2514 3092 an.
2545 3039 2696 3103 ὕων
2722 3047 2934 3110 creatus
2981 3041 3264 3110 episcopus
3307 3039 3414 3094 Ra-

1843 3110 2150 3175 venaensis,
2191 3107 2328 3163 sedit
2359 3125 2524 3178 usque
2549 3111 2614 3164 ad
2639 3123 2727 3163 an.
2753 3107 2878 3172 555.
2907 3107 3104 3179 quique
3135 3107 3408 3166 basilicam

1841 3183 2010 3236 sancti
2038 3183 2266 3235 Andreze
2294 3191 2624 3236 restaurasse
2645 3183 2712 3235 ab
2742 3183 2965 3251 Agnello
2994 3183 3200 3237 Raven.
3231 3197 3411 3236 narra-

1841 3261 1950 3318 tur,
1981 3262 2036 3325 ut
2082 3252 2220 3306 infra
2261 3253 2496 3325 dicetur.
2553 3255 2632 3307 Ac
2677 3268 2798 3325 cum
2847 3253 2892 3306 is
2938 3253 3020 3325 [ut
3065 3254 3228 3308 refert
3277 3255 3416 3307 idem

1843 3322 2122 3395 Agnellns]
2150 3324 2387 3377 venisset
2413 3322 2957 3394 Constantinopolim,
2985 3332 3042 3377 ut
3067 3339 3261 3395 corpus
3289 3340 3416 3378 san-

1839 3396 1912 3449 cti
1944 3393 2174 3448 Andreae
2203 3395 2458 3460 auferret,
2509 3409 2571 3448 ac
2611 3395 2915 3449 Ravennam
2965 3393 3274 3463 deveheret,
3313 3410 3414 3451 nec

1837 3467 2102 3536 potuisset
2147 3464 2214 3519 ab
2266 3467 2590 3534 imperatore
2637 3465 3044 3535 Cunstantinop.
3100 3468 3408 3536 impetrare,

1837 3536 2055 3590 barbam
2095 3536 2163 3590 de
2207 3550 2437 3604 corpore
2485 3537 2722 3605 ejusdem
2745 3538 2933 3602 ,sancti
2964 3537 3192 3594 Andrea:
3221 3539 3411 3602 secuit,

1837 3621 1901 3661 ac
1925 3607 2238 3678 Ravennam
2285 3607 2480 3662 detulit
2520 3622 2640 3661 cum
2675 3607 2792 3662 aliis
2831 3609 3070 3678 pluribus
3101 3622 3412 3664 sanctorum

1838 3677 2099 3749 reliquiis.
2132 3677 2322 3746 Neque
2352 3693 2480 3732 vero
2509 3678 2749 3734 insolens
2777 3677 2995 3732 ut’unus
3046 3680 3289 3749 idemque
3335 3681 3416 3732 vir

1840 3758 1894 3804 et
1926 3747 2110 3803 Vitalis
2139 3759 2194 3802 et
2221 3750 2576 3803 Maximianus
2603 3750 2991 3819 appellaretur,
3022 3747 3320 3818 praesertim
3351 3764 3413 3803 ea

1839 3828 1994 3873 aetate
2035 3835 2137 3886 qua
2170 3821 2362 3888 singuli
2409 3821 2558 3889 plura
2589 3823 2688 3873 sibi
2723 3822 2932 3874 nomina
2976 3820 3326 3888 usurpabant,
3360 3829 3418 3873 ut

1839 3889 2316 3943 animadvertimus
2359 3892 2410 3942 iit
2459 3891 2574 3944 Vita
2618 3891 2787 3956 [θοι-ιη
2821 3906 2969 3943 num.
2998 3892 3031 3943 5
3060 3901 3115 3944 et
3144 3891 3196 3942 lt.
3231 3889 3283 3942 ld
3314 3906 3414 3942 au-

1841 3969 1948 4015 tem
1979 3969 2036 4013 ut
2067 3963 2316 4026 sentiam,
2349 3970 2526 4013 movet
2555 3962 2606 4015 iit
2636 3961 2822 4030 primis
2846 3960 3014 4030 ipsius
3039 3962 3244 4030 Agnelli
3271 3961 3416 4015 testi-

1838 4032 2103 4096 tnonium,
2135 4033 2224 4098 qui
2268 4031 2414 4084 addit
2441 4031 2818 4085 Maximianum
2850 4033 3114 4085 ecclesiam
3144 4032 3276 4085 beati
3305 4035 3415 4085 An-

1838 4104 1974 4156 dreas
2001 4104 2219 4170 apostoli
2262 4117 2377 4155 cum
2408 4103 2545 4155 omni
2575 4102 2840 4173 diligentia
2890 4105 3142 4156 columnis
3195 4119 3422 4156 marmo-

1836 4175 1937 4227 reis
1978 4173 2280 4242 sulfulsisse,
2332 4175 2612 4242 ablatisque
2641 4181 2847 4228 vetustis
2877 4173 3054 4243 ligneis
3099 4177 3161 4226 de
3207 4175 3420 4229 nucibus

1839 4247 2123 4316 procom’sis
2163 4246 2448 4299 decorasse.
2489 4246 2570 4298 Ab
2602 4260 2666 4299 eo
2711 4245 2888 4314 itaque
2928 4255 2982 4298 et
3025 4247 3417 4301 dedicationem

1840 4317 2073 4370 basilica:
2097 4316 2271 4386 sancti
2296 4319 2521 4371 Androm
2546 4316 2873 4371 celebratam
2899 4316 3193 4372 verisimile
3223 4329 3325 4386 est,
3350 4318 3418 4372 de

1840 4402 1941 4456 qua
1975 4387 2060 4441 hic
2090 4385 2432 4444 Fortunatus.

1910 4459 2060 4524 Quod
2093 4472 2221 4512 vero
2269 4460 2461 4512 attinet
2485 4469 2496 4478 "
2510 4458 2574 4512 ad
2623 4456 2906 4525 Joannem,
2938 4458 3006 4515 de
3034 4475 3143 4530 quo
3175 4462 3276 4513 hoc
3304 4459 3422 4514 loco

1765 4517 1813 4576 D
1844 4517 2023 4583 seriae
2053 4540 2154 4594 est,
2188 4543 2292 4582 non
2331 4531 2740 4584 l’mvenuensem
2789 4517 3103 4596 antistitem,
3159 4531 3253 4586 sed
3309 4532 3417 4585 lio-

1852 4615 2066 4654 tnanum
2107 4598 2272 4654 fuisse
2302 4603 2642 4671 crediderint,
2677 4603 2903 4655 fortasse
2936 4604 3157 4671 hujusce
3188 4605 3419 4656 nominis

1855 4674 2091 4733 tertium,
2136 4687 2165 4725 a
2194 4686 2298 4739 quo
2330 4669 2540 4736 Vitatis,
2571 4674 2860 4742 episcopus
2887 4669 3418 4741 jant'llavennensis,

1852 4756 2002 4796 saeta
2036 4742 2122 4795 illa
2153 4743 2384 4812 Lipsana
2418 4745 2736 4812 impetrarit,
2774 4760 2825 4796 tn
2859 4746 3078 4800 basilica
3109 4755 3281 4799 sanctt
3310 4749 3421 4799 Att-

1851 4815 1994 4868 drete
2026 4814 2320 4867 condenda.
2355 4816 2520 4868 Porro
2552 4815 2602 4868 id
2633 4817 2684 4868 in
2716 4830 2865 4869 more
2888 4815 3072 4882 fuisse,
3105 4827 3160 4870 ut
3199 4833 3228 4870 a
3262 4815 3417 4872 Itoni.

1851 4884 2192 4958 pontificibus
2225 4885 2462 4954 reliquiae
2500 4895 2806 4941 Sanctorum
2853 4887 2920 4942 ad
2965 4890 3157 4958 templa
3211 4888 3424 4942 ditanda

1852 4957 2288 5025 postularentur,
2352 4958 2482 5010 satis
2542 4959 2778 5012 declarat
2841 4970 2993 5014 vetus
3065 4957 3280 5012 carmen
3358 4961 3426 5011 ab

1848 5029 2074 5097 Agnello
2129 5029 2352 5082 relatum
2381 5028 2434 5081 in
2486 5027 2602 5083 Vita
2651 5029 2869 5084 Joannis
2915 5031 3153 5100 episcopi
3200 5031 3424 5093 navem,

1853 5105 1942 5166 qui
1995 5111 2376 5153 ntouastertum
2431 5111 2735 5155 sanctorum
2793 5101 2998 5166 Marci,
3050 5103 3320 5164 Marcelli,
3374 5110 3429 5155 et

1856 5169 2116 5243 Feliculte
2157 5179 2492 5243 exstinxerat
2548 5190 2558 5224 :
2615 5173 2755 5241 quud
2804 5189 3056 5240 Carmen,
3107 5189 3268 5243 supra
3321 5173 3428 5225 val-

1853 5255 1947 5294 vas
1993 5241 2121 5295 dicti
2177 5241 2482 5297 monasterii
2534 5244 2869 5315 inscriptum,
2924 5247 3039 5300 haec
3092 5241 3251 5299 habet
3289 5247 3428 5298 inter

1853 5321 2044 5366 Ctetera
2077 5331 2087 5364 :

1978 5383 2144 5452 lueiita
2171 5384 2462 5452 praefulgent
2484 5395 2755 5452 sanctorum
2784 5388 2945 5439 limina
2969 5387 3138 5452 templi

2048 5447 2209 5512 Marci,
2238 5449 2470 5506 Marcelli,
2498 5448 2823 5512 Feliculteque
2847 5453 3006 5502 simul.

1979 5509 2240 5575 Pontifices
2264 5513 2351 5560 llos
2378 5512 2523 5559 Itonia
2545 5516 2692 5572 cepit,
2719 5509 2820 5563 hiec
2841 5522 3018 5575 martyr
3039 5513 3263 5573 habetur;

2043 5571 2224 5621 Horum
2246 5577 2510 5633 Gregorius
2533 5575 2614 5623 dat
2638 5571 2754 5638 pipa
2778 5571 3033 5636 relliquias
3061 5591 3072 5626 :

1980 5637 2108 5702 Quas
2134 5641 2256 5702 petit
2279 5646 2480 5686 antistes
2503 5637 2968 5702 meritisfaaimoque
2989 5639 3230 5702 Joannes;

2043 5698 2243 5748 l’arvula
2264 5713 2346 5759 pro
2370 5703 2570 5748 summis
2588 5701 2802 5763 reddere
2825 5698 2947 5747 dona
2973 5709 3121 5763 parat.

1932 5758 1948 5798 ί
1981 5760 2039 5814 lti
2073 5778 2174 5815 tum
2217 5758 2351 5817 eoa.
2387 5763 2526 5828 Vat.,
2565 5761 2728 5816 i’itale
2769 5758 2998 5833 urgente,
3030 5776 3084 5820 et
3132 5770 3416 5841 superscri-

1852 5841 2000 5906 plum
2029 5847 2274 5903 rogante“
