4020 6346
532 406 589 461 7i
1227 407 1550 464 VENANTII
1589 407 1746 464 "ON.
1789 405 1995 464 CLEM.
2040 406 2432 466 FORTUNATI
2467 407 2756 466 OPERUM
2826 407 3001 464 PARS
3040 409 3082 464 Ι.
3717 410 3788 468 72

529 519 656 573 Post
677 519 833 573 ﬁnem
864 520 980 576 sine
1005 521 1111 578 fine
1136 531 1316 578 manet
1345 536 1495 577 mens
1522 521 1705 576 dedita
1734 529 1758 558 ⁸
1787 519 2027 588 Christo,

598 610 865 680 Linquens
898 613 1105 668 turbam
1138 614 1430 680 hominum,
1461 622 1566 668 stat
1591 614 1796 669 sociata
1818 613 1951 668 Deo.

537 700 645 756 llac
674 718 775 770 ope
803 704 1049 759 suﬂ‘oltus
1075 706 1382 761 Vincentius
1409 713 1586 760 exstat
1608 705 1661 760 in
1692 720 1887 772 aevum,

599 796 778 852 Gloria
808 801 1047 872 martyrii
1072 800 1224 871 cujus
1253 801 1431 870 opima
1463 803 1619 856 viret.

526 886 737 944 Ver-tice
765 891 993 958 succiso,
1025 891 1198 960 rapuit
1227 893 1317 962 qui
1341 907 1406 947 ex
1442 903 1615 946 morte
1642 891 2000 961 triumphum,

597 982 662 1036 Et
689 998 828 1038 nova
856 983 923 1038 de
957 985 1110 1039 terris
1137 985 1318 1055 proles
1345 985 1410 1039 ad
1443 995 1586 1039 astra
1614 985 1779 1039 volat.

523 1074 926 1131 Crediditunde
947 1091 1158 1144 necem,
1192 1087 1378 1131 sancto
1407 1077 1555 1132 dedit
1582 1075 1754 1132 hostis
1779 1076 2063 1145 honorem,

599 1166 988 1237 Percussorque
1012 1168 1182 1238 magis
1212 1176 1385 1223 morte
1415 1183 1652 1238 perenne
1683 1167 1848 1240 jacet.

531 1261 740 1319 Vicerat
769 1262 794 1301 ι)
828 1262 920 1318 ille
949 1261 1133 1330 miser,
1157 1260 1298 1315 hunc
1327 1261 1372 1315 si
1399 1261 1646 1330 jugulare
1677 1259 1950 1330 nequisset
1979 1277 1994 1327 ;

595 1351 724 1407 Nam
751 1353 970 1408 abstulit
1000 1351 1140 1406 unde
1165 1360 1345 1420 caput,
1370 1351 1597 1406 contulit
1620 1351 1742 1406 inde
1769 1351 1972 1422 polum.

522 1445 691 1516 ilujus
720 1461 903 1501 amore
931 1459 1070 1500 novo
1091 1445 1174 1512 pia
1200 1453 1322 1499 vota
1353 1443 1608 1500 Leontius
1642 1445 1883 1514 explens,

590 1537 706 1605 Quo
735 1533 756 1576 έ
787 1552 938 1592 sacra
968 1536 1210 1591 membra
1236 1537 1438 1606 jacent,
1475 1545 1696 1591 stannea
1730 1545 1866 1590 tecta
1893 1535 2062 1592 dedit.

521 1630 588 1685 Et
618 1631 740 1685 licet
769 1630 969 1684 cniteat
995 1627 1199 1683 meritis
1225 1627 1534 1682 venerabile
1565 1627 1843 1695 templum,

590 1725 842 1776 Attamen
872 1729 1119 1776 ornatum
1150 1719 1376 1788 praebuit
1408 1718 1510 1773 istc
1533 1733 1712 1774 suum.

525 1814 751 1871 Praemia
783 1813 1075 1869 succedant
1099 1812 1344 1882 operanti
1379 1812 1533 1882 longa
1555 1810 1764 1875 salutis,

595 1906 764 1976 llujns
793 1916 850 1960 ut
880 1904 1152 1975 obsequiis
1175 1904 1406 1959 culmina
1447 1911 1629 1958 sancta
1659 1902 1880 1958 micent.

520 2087 598 2142 De
620 2085 836 2140 basilica
868 2085 1033 2140 sancti
1063 2002 1658 2137 vagiiiTvgiLmem
1683 2074 2095 2153 [Virnimeti's]".

521 2177 822 2251 [Basilicam
866 2178 917 2231 in
951 2178 1267 2251 memoriam
1294 2175 1460 2251 sancti
1487 2171 1748 2228 Vincentii
1777 2169 2098 2251 Aginnensis

586 2266 615 2302 a
650 2249 870 2303 Leontio
902 2247 1131 2317 positam
1166 2249 1216 2301 in
1251 2247 1367 2301 loco
1398 2246 1694 2317 lf’erneniete
1718 2246 1877 2313 vulgo
1907 2240 2097 2309 appel-

588 2321 696 2374 lato
721 2316 994 2382 celebrat,
1027 2334 1088 2370 ac
1121 2318 1315 2370 malum
1353 2316 1598 2384 spiritum
1635 2331 1698 2368 ex
1731 2326 2096 2384 energumeno

597 2392 809 2459 pulsum
834 2390 899 2443 ad
920 2389 1160 2457 ejusdem
1185 2381 1418 2442 basilica:
1444 2381 2094 2452 dedicationem,’refert.]

515 2481 748 2538 Cultoris
781 2481 991 2535 Domini
1026 2489 1138 2534 toto
1170 2494 1334 2533 sonus
1363 2478 1493 2532 exiit
1524 2478 1674 2542 orbe,

584 2573 692 2628 Nec
719 2573 869 2628 locus
891 2581 974 2628 est
993 2573 1080 2626 ubi
1115 2586 1174 2626 se
1201 2571 1366 2642 gloria
1401 2571 1541 2626 celsa
1576 2577 1753 2640 neget.

516 2664 621 2721 Sed
651 2665 807 2736 cujus
839 2665 1090 2720 meritum
1121 2665 1322 2719 scimus
1352 2678 1668 2732 percurrere
1705 2661 1984 2732 mundum,

585 2757 753 2827 Hujus
775 2757 969 2827 ubique
991 2758 1088 2812 viri
1119 2771 1341 2826 surgere
1369 2758 1562 2826 templa
1593 2755 1772 2812 decet.

515 2846 655 2902 Ecce
677 2850 828 2903 beata
862 2847 1029 2902 nitent
1058 2846 1299 2902 Vincenti
1331 2848 1565 2902 culmina
1594 2847 1812 2915 summi,

585 2941 800 2996 Munere
833 2941 1070 3012 martyrii
1097 2941 1187 3011 qui
1215 2941 1343 2996 colit
1371 2950 1519 2995 astra
1553 2940 1680 3010 poli.

513 3031 798 3101 Promptus
825 3048 1008 3088 amore
1039 3035 1148 3101 pio,
1180 3049 1296 3102 qua:
1336 3048 1470 3102 papa
1504 3032 1757 3086 Leontius
1785 3031 1913 3088 olim

581 3125 850 3192 Condidit,
883 3127 1088 3180 eximio
1121 3125 1449 3180 consolidata
1485 3125 1621 3181 loco.

512 3214 734 3272 Nomine
757 3215 1099 3271 Vernemetis
1124 3216 1291 3270 voluit
1314 3214 1547 3270 vocitare
1576 3224 1836 3284 vetustas,

583 3308 736 3376 Quod
765 3311 915 3379 quasi
949 3308 1129 3363 fanum
1166 3318 1189 3344 θ
1223 3309 1409 3379 ingens
1431 3309 1632 3364 Gallica
1664 3309 1842 3380 lingua
1865 3310 2051 3367 refert.

511 3400 747 3467 AuSpicii
781 3401 1053 3470 przemissa
1084 3400 1215 3455 fides
1244 3409 1359 3455 erat
1388 3409 1512 3455 ante
1543 3400 1562 3437 τ
1589 3399 1788 3468 futura,

583 3490 648 3548 Ut
678 3493 837 3547 modo
863 3493 1007 3547 celsa
1031 3492 1223 3548 domus
1245 3502 1410 3548 staret
1436 3493 1640 3548 honore
1667 3493 1784 3550 Dei.

509 3584 606 3640 llic
631 3585 793 3638 etiam
823 3592 1060 3649 sanctus,
1096 3584 1307 3640 Domini
1339 3585 1588 3640 suffultus
1615 3600 1819 3643 amore.

587 3675 808 3731 Virtutis
836 3691 1060 3732 summa:
1090 3677 1237 3747 signa
1264 3677 1536 3732 tremenda
1564 3677 1730 3733 dedit.

507 3818 617 3888 qui,
651 3816 856 3886 decepti
897 3817 1130 3873 nominis
1179 3818 1549 3884 similitudine,
1587 3814 1922 3871 Vincentium
1971 3813 2087 3888 Cm-

507 3886 949 3957 s'araugustanum
995 3905 1092 3954 pro
1128 3890 1414 3958 Aginnensi
1436 3889 1673 3953 coluere,
1708 3902 1770 3942 ac
1794 3901 1980 3958 errore
2011 3886 2089 3958 la:

507 3963 612 4015 tius
658 3969 930 4024 manante,
980 3957 1222 4014 Basilica:
1262 3962 1363 4015 sub
1403 3961 1557 4014 titulo
1600 3960 1770 4014 sancti
1820 3957 2085 4011 Vincentii

511 4031 834 4100 Aginnensis
882 4032 1006 4084 olim
1037 4031 1301 4100 dedicata:
1331 4032 1411 4100 (ut
1441 4039 1687 4084 censent.
1720 4029 1816 4084 viri
1860 4027 2081 4100 eruditi)

511 4098 710 4156 sensim
741 4101 1071 4170 Vincentium
1093 4098 1627 4170 Ctesaratigtistaniiiii
1660 4109 1938 4167 patronum
1967 4099 2088 4153 ade-

507 4181 612 4239 ptze
641 4169 952 4224 sunt.’Vide
990 4172 1058 4222 cl.
1093 4170 1280 4235 Ruin.,
1331 4169 1382 4224 in
1433 4173 1571 4224 notis
1619 4173 1683 4223 ad
1727 4170 1889 4236 Creg.
1919 4171 2071 4236 Tur.,

506 4243 545 4296 l.
581 4240 686 4294 ide
713 4241 892 4307 Gloria
922 4249 1237 4310 martyrum,
1281 4256 1396 4310 cap.
1425 4239 1548 4295 105.
1598 4240 1736 4310 Lege
1766 4250 1820 4296 et
1847 4240 2074 4311 Scalig.,

509 4312 605 4367 lib.
638 4327 687 4364 νι
717 4313 784 4364 de
815 4311 1039 4365 Emend.
1063 4323 1381 4379 temporum.

579 4392 603 4418 υ
637 4381 691 4434 In
714 4381 854 4434 Ven.
879 4382 1002 4443 Ed..
1038 4398 1179 4435 mens
1206 4383 1401 4436 reddita
1429 4383 1654 4437 Christo.

577 4451 608 4491 δ
634 4449 690 4506 in
741 4465 845 4504 uno
887 4452 1020 4511 God.
1071 4452 1209 4516 Vat.,
1241 4455 1454 4508 vinceret
1494 4454 1582 4506 ille
1629 4455 1802 4508 miser.
1837 4453 1890 4508 In
1937 4451 2074 4510 Cod.

512 4523 652 4586 γει..
687 4523 914 4592 Stagnea
943 4531 1095 4588 tecta,
1129 4524 1252 4577 item
1285 4525 1335 4577 in
1373 4526 1500 4578 Ven.
1535 4524 1674 4580 Edit.

2120 3252 2169 3318 C

2130 535 2184 592 Α
2207 520 2341 577 Nam
2372 537 2491 576 cum
2519 520 2715 591 templa
2747 521 2840 574 Dei
2875 519 3068 589 pracsul
3101 520 3167 575 de
3195 534 3343 575 more
3373 520 3591 589 dicavit,

2280 615 2526 686 Martyris
2552 615 2783 669 adventu
2811 614 3070 668 daemonis
3100 613 3175 667 ira
3206 614 3357 684 fugit.
3491 684 3496 688 ν

2207 705 2472 762 Redditur
2495 704 2778 762 incolumis
2805 705 3020 774 quidam
3054 705 3122 760 de
3149 714 3297 774 parte
3323 713 3348 752 ι
3381 705 3636 775 maligna.

2277 797 2372 853 Cui
2396 798 2595 853 vidisse
2621 799 2690 867 pii
2721 799 2942 867 templs,
2977 797 3203 852 medella
3237 798 3352 852 fuit.

2207 891 2415 945 Emicat
2444 891 2564 944 aula
2589 901 2794 957 potens,
2824 890 3007 944 divino
3036 891 3190 960 plena
3215 905 3421 956 sereno,

2277 980 2346 1038 Ut
2375 983 2568 1039 merito
2597 984 2802 1052 placeat
2831 984 2916 1038 hic
2947 983 3187 1038 habitare
3216 982 3345 1039 Deo.

2207 1076 2358 1131 Nunc
2387 1078 2568 1146 specie
2592 1077 2851 1132 suadente
2882 1077 3004 1140 loci,
3034 1091 3096 1131 ac
3127 1077 3336 1130 virtutis
3369 1075 3592 1144 honore,

2281 1172 2479 1226 Evocat
2500 1169 2528 1207 ιι
2557 1170 2644 1226 hic
2667 1171 2916 1241 populos,
2947 1169 3070 1225 hinc
3090 1169 3277 1236 decus,
3303 1169 3426 1226 inde
3451 1171 3617 1228 salus.

2205 1263 2305 1330 Qui
2335 1263 2543 1332 plebem
2567 1263 2811 1320 accendit
2840 1262 3155 1319 veneranda:
3183 1263 3430 1318 conditor
3459 1265 3616 1320 arcis.

2275 1352 2494 1408 Talibus
2523 1352 2715 1408 officiis
2737 1353 2955 1423 praemia
2981 1353 3121 1420 justa
3147 1353 3299 1407 metit
3326 1352 3370 1407 ί.

2825 1455 3052 1512 CAPUT
3088 1456 3158 1511 Χ.

2454 1535 2528 1592 De
2554 1537 2740 1592 domno
2762 1535 2995 1592 Nazario
3020 1538 3034 1588 i
3076 1549 3298 1610 martyre
3322 1539 3530 1595 Christi.

2205 1627 2510 1704 [Basilicam
2555 1630 2608 1683 in
2655 1631 2969 1704 memoriam
3017 1632 3187 1704 sancti
3239 1630 3448 1687 Nazarii
3489 1632 3781 1704 martyris,

2276 1701 2400 1754 item
2429 1717 2456 1754 a
2488 1699 2734 1764 Leontio,
2770 1702 3149 1772 Burdegalensi
3192 1704 3446 1772 episcopo
3469 1749 3482 1770 ,
3525 1719 3556 1758 e
3587 1699 3781 1760 funda;
3839 1715 3844 1720 ‘

2277 1772 2474 1843 mentis
2502 1772 2816 1836 excitatam,
2849 1776 3162 1837 vetustiore,
3185 1789 3301 1841 qua:
3331 1785 3447 1828 erat
3475 1777 3775 1843 angustior,

2275 1839 2505 1916 dejecta,
2537 1854 2943 1916 commemorat.
2977 1839 3224 1914 Martyris
3257 1845 3421 1915 ipsius
3451 1839 3781 1916 triumphum

2127 1887 2177 1949 Β
2274 1887 2574 1980 διἐιοτίἷιω
2605 1913 2912 1984 describit.]

2201 2006 2446 2062 Culmina
2474 2008 2752 2078 conspicui
2781 2009 2992 2064 radiant
3019 2012 3323 2066 veneranda
3353 2012 3562 2078 Nazari,

2275 2100 2442 2169 Cujus
2470 2103 2707 2158 membra
2740 2103 2942 2173 polum,
2977 2105 3196 2174 spiritus
3226 2115 3368 2161 astra
3401 2116 3564 2163 tenet.

2201 2196 2418 2252 Semine
2449 2197 2741 2267 terrigeno,
2776 2200 3004 2255 terrenis
3033 2201 3221 2256 usibus
3250 2215 3457 2268 exsors,

2271 2289 2571 2346 lmmortale
2611 2291 2830 2360 bonum,
2864 2293 3085 2360 pulvere
3111 2304 3264 2350 natus
3298 2293 3478 2350 homo.

2198 2378 2281 2434 Nil
2308 2381 2523 2436 carnale
2549 2381 2757 2448 volens,
2791 2383 2885 2437 sed
2911 2384 3112 2440 Christi
3147 2387 3365 2455 prmmia
3399 2400 3639 2456 poscens.

2272 2471 2540 2545 Sanguine
2569 2476 2635 2530 de
2661 2479 2878 2547 proprio
2903 2477 3118 2534 victima
3150 2479 3308 2548 digna
3340 2480 3469 2534 Deo.

2198 2565 2325 2622 Haec
2354 2566 2450 2621 tibi
2483 2569 2685 2638 templa
2713 2585 2869 2626 sacer
2897 2572 3088 2627 devota
3123 2571 3378 2629 Leontius
3404 2573 3578 2636 offert,

2268 2658 2629 2731 Majoremque
2652 2677 2804 2717 suam
2839 2663 2962 2719 hinc
2993 2665 3139 2735 cupit
3167 2680 3288 2721 esse
3317 2666 3554 2720 domum.

2200 2749 2298 2806 lic
2323 2752 2471 2821 prius
2505 2762 2737 2823 angusto
2767 2755 3021 2813 fabricata
3047 2768 3129 2813 est
3158 2758 3402 2813 machina
3424 2773 3576 2832 gyro,

2270 2841 2390 2910 Quo
2419 2858 2594 2915 neque
2622 2853 2746 2901 tunc
2778 2857 2983 2917 poterat
3019 2849 3178 2919 plebs
3203 2850 3503 2906 veneranda
3532 2863 3647 2919 cap.

2199 2931 2591 3005 Dejectamque
2621 2937 2736 2993 solo
2764 2953 2950 2993 rursus
2973 2939 3217 2995 fundavit
3243 2941 3312 2995 ab
3342 2940 3470 3006 imo,

2271 3024 2337 3082 Et
2365 3026 2512 3084 dedit
2541 3028 2673 3096 haec,
2715 3046 2832 3101 qua:
2861 3047 3002 3088 nunc
3031 3033 3353 3102 amplificata
3383 3034 3612 3104 placent.

2802 3133 3030 3189 CAPUT
3082 3134 3173 3189 XI.

2567 3210 2643 3266 De
2668 3212 2879 3267 basilica
2905 3213 3081 3268 domui
3111 3213 3347 3286 Dionysii
3369 3212 3417 3267 ιε.

2207 3297 2516 3376 [Basilicam
2547 3305 2719 3376 sancti
2760 3304 3030 3376 Dionysii,
3061 3307 3294 3376 episcopi
3326 3305 3675 3372 Parisiensis,
3714 3321 3773 3362 et

2274 3375 2548 3444 martyris,
2596 3375 2723 3429 item
2766 3389 2795 3429 a
2849 3375 3387 3432 Leontio’reiiditam
3437 3378 3774 3446 ampliorem,

2271 3453 2689 3510 commemorat,
2721 3460 2827 3499 non
2852 3457 2975 3502 ante
2997 3459 3176 3503 vetere
3202 3449 3405 3519 dejecta
3429 3464 3586 3518 quam
3635 3463 3770 3502 nova

2272 3527 2574 3574 constructa
2601 3520 2806 3576 fuisset.
2828 3522 2997 3591 Ipsius
3015 3530 3265 3599 martyris
3287 3530 3466 3584 laudes
3484 3529 3772 3602 celebrat.]

2193 3613 2296 3680 Qui
2326 3615 2478 3684 cupis
2499 3619 2694 3686 egregii
2719 3628 3038 3676 structorem
3068 3639 3288 3680 noscere
3316 3626 3518 3691 templi.

2265 3702 2394 3757 Tam
2425 3703 2511 3774 pia
2543 3721 2647 3760 non
2679 3711 2849 3778 patiar
2880 3723 2997 3768 vota
3025 3715 3189 3770 latere
3221 3717 3338 3772 tibi.

2199 3812 2305 3886 hoc
2347 3813 2464 3880 ipso
2509 3814 2743 3869 carmine
2786 3829 3072 3884 possumus
3115 3816 3398 3886 conjicere.
3433 3815 3527 3870 Ille
3569 3815 3767 3886 quippe

2196 3885 2413 3956 videtur
2439 3896 2710 3953 spectasse
2735 3888 2799 3940 ad
2838 3887 3114 3944 ditecesim
3146 3887 3386 3953 Leontii,
3419 3887 3508 3956 qui
3541 3887 3591 3940 in
3624 3885 3765 3944 basi-

2194 3953 2297 4032 li_c_a
2327 3959 2494 4010 sancti
2525 3957 2783 4032 _Vincentii
2814 3959 3135 4032 exsuuend'a
3171 3969 3226 4015 et
3247 3953 3484 4014 ornanda
3513 3967 3616 4012 tam
3645 3974 3764 4015 mu-

2192 4025 2381 4080 nificus
2405 4028 2701 4082 exstiterat.

2267 4109 2291 4134 ε
2324 4098 2379 4150 In
2412 4098 2636 4173 vulgatis
2663 4098 2936 4173 legebatur
2963 4101 3132 4169 favum
3158 4102 3359 4173 ingens,
3387 4115 3548 4171 quam
3579 4099 3765 4157 lectio-

2187 4183 2308 4222 nem
2338 4169 2644 4221 emendavit
2674 4169 2852 4223 Brow.
3217 4169 3234 4173 '
3406 4169 3417 4171 '
3793 4197 3797 4201 .

2263 4238 2281 4312 ζ
2310 4237 2443 4312 Tres
2471 4238 2640 4292 Codd.
2675 4238 2822 4303 Vat.,
2856 4256 2970 4296 arce
3001 4241 3201 4312 futura.
3244 4241 3302 4298 In
3347 4242 3478 4298 Ven.
3516 4244 3656 4299 Edit.
3685 4245 3764 4300 sic

2183 4308 2375 4379 legitur
2406 4309 2611 4377 integer
2639 4324 2826 4365 versus
2859 4330 2872 4366 :

2307 4411 2546 4474 Auspiciis
2565 4416 2810 4475 praemissa
2833 4413 2953 4466 fides
2972 4423 3079 4466 erat
3102 4429 3218 4468 arce
3241 4415 3418 4466 futura.

2257 4529 2282 4598 ξ
2310 4519 2423 4598 Duo
2444 4519 2612 4598 codd.
2647 4522 2795 4590 Vat.,
2819 4525 2882 4579 de
2905 4534 3042 4594 peste
3065 4529 3314 4598 maligna.

579 4573 2072 4669 ε’ῑιςῖεοῖεᾲηοιίζγῑίιεέξιίί·“ι›ε.έει·ίέιέ“,ςξξιρς,Αειηηιπη
2105 4573 2160 4637 n
2256 4573 3258 4669 ignia;ges;.;ei.;.;'i.s;;';,t};;iz.;

508 4665 608 4719 sita
639 4672 753 4719 erat
778 4665 828 4717 in
858 4667 973 4736 loco
997 4665 1313 4734 Pompeiaco
1344 4669 1507 4730 dicto,
1532 4666 1583 4720 in
1612 4683 1717 4736 quo
1743 4665 2076 4732 Vincentius,

507 4735 774 4790 Christum
823 4732 1145 4802 confessus,
1179 4737 1352 4803 capite
1407 4740 1592 4805 plexos
1630 4732 1838 4792 fuerat.
1891 4737 2081 4792 Narrat

511 4806 671 4875 Greg.
697 4805 919 4868 Turun.,
953 4806 1047 4860 lib.
1072 4821 1144 4860 vn
1170 4807 1303 4860 llist.
1337 4808 1556 4870 Franc.,
1589 4822 1706 4875 cap.
1751 4807 1844 4869 55,
1865 4817 1918 4860 et
1941 4809 2031 4861 lib.
2062 4825 2078 4863 ι

507 4878 575 4932 de
613 4879 790 4932 Gloria
844 4877 1166 4946 Martyrum,
1209 4892 1329 4946 cap.
1385 4879 1526 4943 103,
1586 4878 1722 4933 hanc
1777 4879 2075 4945 basilicam,

514 4965 544 5003 a
578 4947 894 5002 Guntramni
940 4948 1194 5002 militibus
1219 4947 1381 5004 fuisse
1412 4950 1684 5014 violatam,
1718 4957 1774 5001 ut
1797 4954 2076 5003 thesauros

508 5020 810 5074 accolarum
859 5019 968 5072 illic
997 5019 1269 5085 depositus
1299 5029 1568 5086 raperent,
1602 5018 1700 5072 hoc
1729 5035 1915 5072 eorum
1947 5016 2080 5070 faci-

509 5106 611 5144 nus
640 5089 894 5143 continuo
919 5089 1205 5145 ulciscente
1227 5089 1477 5145 Numine.
1507 5089 1764 5159 Scaliger,
1803 5089 1896 5142 lib.
1933 5104 1980 5142 Vl
2011 5088 2078 5143 de

505 5160 719 5215 cmend.
753 5169 936 5227 temp.,
967 5162 1212 5229 opinatur
1255 5161 1416 5230 Greg.
1467 5162 1668 5213 'l‘uron.
1702 5175 1764 5214 ea
1796 5160 1847 5212 in
1879 5174 1938 5213 re
1968 5160 2081 5210 Ital-

507 5233 794 5286 luciualum
847 5232 1030 5301 fuisse,
1081 5235 1170 5300 qui
1214 5231 1486 5285 basilicam
1518 5232 1660 5284 illam
1696 5230 2078 5301 prope_Agin-

506 5319 631 5356 num
664 5304 820 5356 sitam
850 5299 1251 5368 existimaverit,
1285 5317 1405 5355 cum
1437 5301 1622 5355 eadem
1659 5316 1822 5370 prope
1869 5299 2083 5367 Lugdu-

507 5389 634 5427 num
661 5374 1032 5426 Comenarum
1069 5375 1233 5442 posita
1266 5373 1442 5435 fuerit,
1476 5381 1702 5439 quatuor
1732 5372 1949 5442 dierum
1972 5375 2077 5442 iter

505 5447 574 5496 ab
602 5443 808 5512 Aginuo
847 5441 1079 5497 diStans.
1099 5443 1203 5498 Sed
1236 5443 1396 5512 Greg.
1429 5442 1562 5498 Tur.
1591 5442 1806 5512 egregie
1834 5441 2078 5512 vindica-

506 5514 750 5636 ἕξει-θοι.
795 5515 974 5578 ltuin.,
1010 5516 1060 5568 in
1107 5516 1243 5567 nois
1282 5511 1538 5582 ad’caput
1578 5515 1648 5567 53
1691 5515 1784 5567 lib.
1816 5527 1885 5566 vn
1935 5511 2072 5565 llist.

553 5598 696 5636 rane.

553 5598 696 5637 ranc.

538 5652 600 5729 ,ἀ
641 5655 703 5708 Et
744 5655 1136 5729 siignoremus
1176 5653 1391 5729 ubinam
1421 5670 1549 5729 yerc
1591 5663 1737 5708 esset
1780 5653 1864 5707 hic
1907 5653 2074 5729 locus.

508 5724 845 5779 Vernemetis
871 5733 1022 5793 Vlligu
1055 5725 1382 5786 nominatus,
1416 5724 1571 5780 facile
1603 5737 1777 5778 tamen
1809 5725 2078 5779 credimus

506 5801 712 5862 ttsniatn
755 5797 804 5846 in
847 5810 976 5863 agro
1018 5797 1390 5865 Burilcgalcnsi
1438 5797 1664 5866 positum
1717 5797 1900 5859 fuisse,
1953 5811 2078 5849 cum

508 5867 643 5928 situs
689 5868 1016 5933 amtenitate,
1064 5877 1172 5920 tum
1212 5869 1469 5938 religione
1511 5868 1881 5940 conspicuum,
1915 5875 1970 5923 ut
2010 5881 2075 5922 ex

2263 4659 2279 4700 ί
2321 4662 2469 4720 Unus
2493 4659 2638 4719 Cod.
2655 4664 2799 4729 Vat..
2825 4678 2995 4722 metet.

2259 4734 2274 4784 i
2315 4733 2579 4790 Incertum
2611 4737 2730 4804 quis
2765 4738 2924 4792 fuerit
2955 4739 3041 4794 hic
3070 4739 3348 4804 Nazarius.
3377 4754 3498 4794 cum
3527 4747 3634 4795 tres
3660 4741 3760 4795 sub

2185 4806 2288 4860 hoc
2304 4805 2530 4878 nomine
2556 4805 2899 4878 celebrentur
2920 4809 3007 4863 die
3040 4811 3106 4863 1‘2
3140 4810 3305 4866 Junii.
3339 4810 3548 4864 Primus
3575 4826 3762 4878 DRSMIS

2185 4890 2265 4931 est
2300 4875 2582 4950 Mediolani
2623 4890 2745 4950 cum
2775 4875 2934 4933 Celso
2965 4895 3165 4948 puero.
3196 4897 3423 4950 quorum
3466 4875 3686 4950 coruom
3729 4899 3758 4936 a

2185 4955 2370 5002 sancto
2401 4945 2686 5001 Ambrosio
2713 4948 2923 5003 inventa
2955 4945 3101 5008 sunt.
3129 4945 3278 5007 Alter
3305 4945 3575 5007 Ehroduni
3599 4969 3613 5012 ;
3645 4963 3754 5006 ter-

2189 5021 2292 5089 tius
2320 5017 2534 5089 “Olllie;
2565 5018 2718 5085 cujus
2761 5034 2956 5088 corpus
2986 5025 3218 5077 delatum
3255 5024 3304 5080 iu
3337 5023 3562 5077 Galliam
3595 5037 3760 5089 opera

2184 5088 2602 5168 Glirudegandi,
2635 5084 2890 5168 episcopi
2951 5093 3394 5168 Mettensiskan.
3451 5095 3576 5148 767i.
3635 5084 3766 5149 Vide

2188 5157 2372 5235 μυξη..
2402 5162 2454 5212 in
2484 5161 2625 5235 notis
2662 5162 2726 5235 ad
2761 5157 2933 5235 Greg.
2956 5164 3110 5228 Tur.,
3139 5166 3203 5218 de
3235 5157 3413 5218 Gloria
3446 5175 3761 5235 martyrum,

2187 5227 2223 5280 l.
2259 5243 2297 5291 ι,
2327 5243 2445 5298 cap.
2485 5228 2578 5294 6|,
2613 5231 2751 5286 unde
2779 5227 2892 5287 hinc
2923 5227 3218 5288 hausimus.

2262 5299 2443 5376 Sancti
2477 5301 3313 5376 Nazarii_reliquiaeWcolebantur
3343 5307 3394 5361 in
3432 5322 3558 5376 agro
3601 5306 3764 5360 Nam-

2187 5371 2362 5444 netico
2395 5380 2634 5440 tempore
2678 5371 2923 5443 GregOrii
2967 5375 3331 5444 Turonensis,
3361 5387 3417 5432 ut
3455 5371 3635 5433 videre
3684 5386 3768 5432 est

2186 5439 2305 5495 loco
2331 5439 2577 5508 superius
2608 5445 2793 5497 citato.

2260 5509 2284 5549 ¹ι
2331 5513 2556 5584 sanctus
2609 5513 2923 5584 Dionysius,
3008 5516 3288 5584 episcopus
3335 5519 3685 5584 Parisiensis,
3736 5535 3768 5574 a

2186 5582 2344 5662 Grcg.
2389 5582 2761 5662 Turonumlib.
2795 5602 2833 5648 ι,
2862 5582 2982 5662 cap.
3016 5582 3109 5652 2'8,
3169 5582 3301 5662 llist.
3330 5590 3554 5662 Franc.,
3581 5582 3769 5661 pas—sus

2185 5651 2416 5728 refertur
2446 5669 2532 5706 an.
2557 5651 2664 5708 250
2685 5663 2782 5728 aut
2803 5651 3137 5728 etiampost;
3172 5661 3263 5714 sed
3293 5661 3394 5713 alia
3425 5651 3770 5716 monumenta

2187 5725 2476 5778 ostendunt
2520 5738 2640 5777 eum
2693 5739 2722 5778 a
2774 5727 2927 5781 beato
2955 5725 3230 5784 Clemente
3277 5732 3330 5784 in
3363 5730 3588 5787 Galliam
3639 5733 3769 5788 mis-

2187 5792 2535 5870 sum-luisse;
2570 5795 2878 5870 'unde‘ejus
2906 5801 3218 5870 martyrium
3267 5801 3332 5854 ad
3378 5804 3633 5859 smetlum
3681 5819 3771 5859 se-

2191 5865 2418 5920 cundum
2472 5876 2611 5922 esset
2654 5865 3063 5939 rejiciendunf.‘
3091 5870 3230 5942 Lege
3274 5871 3472 5945 Ruin,
3526 5874 3578 5931 in
3627 5875 3770 5931 notis
