  <div class='ocr_page' id='page_1' title='image "/cluster/home/n/w/nwhite01/storage/ocr_20150623/88/hvd.32044004824892/042.png"; bbox 0 0 4020 6346; ppageno 0'>
   <div class='ocr_carea' id='block_1_1' title="bbox 224 381 282 437">
    <p class='ocr_par' dir='ltr' id='par_1_1' title="bbox 224 381 282 437">
     <span class='ocr_line' id='line_1_1' title="bbox 224 381 282 437; baseline 0 0"><span class='ocrx_word' id='word_1_1' title='bbox 224 381 282 437; x_wconf 78' lang='grc' dir='ltr'>τι</span> 
     </span>
    </p>
   </div>
   <div class='ocr_carea' id='block_1_2' title="bbox 226 485 1479 556">
    <p class='ocr_par' dir='ltr' id='par_1_2' title="bbox 226 485 1479 556">
     <span class='ocr_line' id='line_1_2' title="bbox 226 485 1479 556; baseline -0.014 -2"><span class='ocrx_word' id='word_1_2' title='bbox 226 497 359 556; x_wconf 80' lang='lat' dir='ltr'><strong>Nunc</strong></span> <span class='ocrx_word' id='word_1_3' title='bbox 384 490 617 548; x_wconf 83' lang='lat' dir='ltr'><strong>meliore</strong></span> <span class='ocrx_word' id='word_1_4' title='bbox 640 487 728 543; x_wconf 91' lang='lat' dir='ltr'><strong>via</strong></span> <span class='ocrx_word' id='word_1_5' title='bbox 753 485 914 542; x_wconf 78' lang='lat' dir='ltr'><strong>viruit</strong></span> <span class='ocrx_word' id='word_1_6' title='bbox 941 489 1194 540; x_wconf 89' lang='lat' dir='ltr'><strong>renovata</strong></span> <span class='ocrx_word' id='word_1_7' title='bbox 1223 487 1479 550; x_wconf 86' lang='lat' dir='ltr'><strong>vetustas,</strong></span> 
     </span>
    </p>
   </div>
   <div class='ocr_carea' id='block_1_3' title="bbox 290 573 1359 643">
    <p class='ocr_par' dir='ltr' id='par_1_3' title="bbox 290 573 1359 643">
     <span class='ocr_line' id='line_1_3' title="bbox 290 573 1359 643; baseline -0.013 -1"><span class='ocrx_word' id='word_1_8' title='bbox 290 586 351 643; x_wconf 80' lang='lat' dir='ltr'><strong>Et</strong></span> <span class='ocrx_word' id='word_1_9' title='bbox 378 587 536 640; x_wconf 65' lang='lat' dir='ltr'><strong>lassae</strong></span> <span class='ocrx_word' id='word_1_10' title='bbox 568 580 781 636; x_wconf 71' lang='lat' dir='ltr'><strong>fabrica:</strong></span> <span class='ocrx_word' id='word_1_11' title='bbox 805 577 903 632; x_wconf 85' lang='lat' dir='ltr'><strong>llos</strong></span> <span class='ocrx_word' id='word_1_12' title='bbox 925 575 1200 631; x_wconf 83' lang='lat' dir='ltr'><strong>redivivus</strong></span> <span class='ocrx_word' id='word_1_13' title='bbox 1229 573 1359 629; x_wconf 84' lang='lat' dir='ltr'><strong>adit.</strong></span> 
     </span>
    </p>
   </div>
   <div class='ocr_carea' id='block_1_4' title="bbox 231 664 1626 744">
    <p class='ocr_par' dir='ltr' id='par_1_4' title="bbox 231 664 1626 744">
     <span class='ocr_line' id='line_1_4' title="bbox 231 664 1626 744; baseline -0.012 -6"><span class='ocrx_word' id='word_1_14' title='bbox 231 681 369 739; x_wconf 56' lang='lat' dir='ltr'><strong>itas</strong></span> <span class='ocrx_word' id='word_1_15' title='bbox 392 674 644 744; x_wconf 84' lang='lat' dir='ltr'><strong>accessit,</strong></span> <span class='ocrx_word' id='word_1_16' title='bbox 677 681 859 728; x_wconf 88' lang='lat' dir='ltr'><strong>tamen</strong></span> <span class='ocrx_word' id='word_1_17' title='bbox 884 681 910 709; x_wconf 83' lang='grc' dir='ltr'><strong>ι</strong></span> <span class='ocrx_word' id='word_1_18' title='bbox 935 669 1049 726; x_wconf 69' lang='lat' dir='ltr'><strong>hare</strong></span> <span class='ocrx_word' id='word_1_19' title='bbox 1074 666 1369 739; x_wconf 84' lang='lat' dir='ltr'><strong>juvenescit</strong></span> <span class='ocrx_word' id='word_1_20' title='bbox 1402 664 1626 733; x_wconf 80' lang='lat' dir='ltr'><strong>honore,</strong></span> 
     </span>
    </p>
   </div>
   <div class='ocr_carea' id='block_1_5' title="bbox 291 759 1370 833">
    <p class='ocr_par' dir='ltr' id='par_1_5' title="bbox 291 759 1370 833">
     <span class='ocr_line' id='line_1_5' title="bbox 291 759 1370 833; baseline -0.012 -6"><span class='ocrx_word' id='word_1_21' title='bbox 291 771 436 827; x_wconf 83' lang='lat' dir='ltr'><strong>Unde</strong></span> <span class='ocrx_word' id='word_1_22' title='bbox 459 781 625 823; x_wconf 84' lang='lat' dir='ltr'><strong>senex</strong></span> <span class='ocrx_word' id='word_1_23' title='bbox 657 765 830 828; x_wconf 85' lang='lat' dir='ltr'><strong>lieret,</strong></span> <span class='ocrx_word' id='word_1_24' title='bbox 853 760 1030 833; x_wconf 82' lang='lat' dir='ltr'><strong>junior</strong></span> <span class='ocrx_word' id='word_1_25' title='bbox 1059 762 1181 816; x_wconf 84' lang='lat' dir='ltr'><strong>inde</strong></span> <span class='ocrx_word' id='word_1_26' title='bbox 1213 759 1370 816; x_wconf 91' lang='lat' dir='ltr'><strong>redit.</strong></span> 
     </span>
    </p>
   </div>
   <div class='ocr_carea' id='block_1_6' title="bbox 227 847 1798 928">
    <p class='ocr_par' dir='ltr' id='par_1_6' title="bbox 227 847 1798 928">
     <span class='ocr_line' id='line_1_6' title="bbox 227 847 1798 928; baseline -0.011 -6"><span class='ocrx_word' id='word_1_27' title='bbox 227 862 314 922; x_wconf 79' lang='lat' dir='ltr'><strong>llic</strong></span> <span class='ocrx_word' id='word_1_28' title='bbox 335 863 556 920; x_wconf 70' lang='lat' dir='ltr'><strong>scalptas</strong></span> <span class='ocrx_word' id='word_1_29' title='bbox 586 855 744 922; x_wconf 58' lang='lat' dir='ltr'><strong>illa&quot;</strong></span> <span class='ocrx_word' id='word_1_30' title='bbox 770 853 1012 928; x_wconf 59' lang='lat' dir='ltr'><strong>sculpta?</strong></span> <span class='ocrx_word' id='word_1_31' title='bbox 1050 868 1280 912; x_wconf 63' lang='lat' dir='ltr'><strong>camera:</strong></span> <span class='ocrx_word' id='word_1_32' title='bbox 1304 851 1470 910; x_wconf 83' lang='lat' dir='ltr'><strong>decus</strong></span> <span class='ocrx_word' id='word_1_33' title='bbox 1497 847 1798 906; x_wconf 86' lang='lat' dir='ltr'><strong>interrasile</strong></span> 
     </span>
    </p>
   </div>
   <div class='ocr_carea' id='block_1_7' title="bbox 1483 945 1728 1018">
    <p class='ocr_par' dir='ltr' id='par_1_7' title="bbox 1483 945 1728 1018">
     <span class='ocr_line' id='line_1_7' title="bbox 1483 945 1728 1018; baseline -0.004 -16"><span class='ocrx_word' id='word_1_34' title='bbox 1483 945 1728 1018; x_wconf 90' lang='lat' dir='ltr'><strong>[pendet,</strong></span> 
     </span>
    </p>
   </div>
   <div class='ocr_carea' id='block_1_8' title="bbox 293 1037 1446 1118">
    <p class='ocr_par' dir='ltr' id='par_1_8' title="bbox 293 1037 1446 1118">
     <span class='ocr_line' id='line_1_8' title="bbox 293 1037 1446 1118; baseline -0.011 -11"><span class='ocrx_word' id='word_1_35' title='bbox 293 1049 432 1118; x_wconf 80' lang='lat' dir='ltr'><strong>Quos</strong></span> <span class='ocrx_word' id='word_1_36' title='bbox 461 1049 667 1118; x_wconf 79' lang='lat' dir='ltr'><strong>pictura</strong></span> <span class='ocrx_word' id='word_1_37' title='bbox 697 1044 856 1111; x_wconf 88' lang='lat' dir='ltr'><strong>solet,</strong></span> <span class='ocrx_word' id='word_1_38' title='bbox 890 1037 1031 1113; x_wconf 85' lang='lat' dir='ltr'><strong>ligna</strong></span> <span class='ocrx_word' id='word_1_39' title='bbox 1059 1037 1255 1097; x_wconf 82' lang='lat' dir='ltr'><strong>dedere</strong></span> <span class='ocrx_word' id='word_1_40' title='bbox 1274 1039 1446 1110; x_wconf 90' lang='lat' dir='ltr'><strong>jocos.</strong></span> 
     </span>
    </p>
   </div>
   <div class='ocr_carea' id='block_1_9' title="bbox 228 1133 1545 1212">
    <p class='ocr_par' dir='ltr' id='par_1_9' title="bbox 228 1133 1545 1212">
     <span class='ocr_line' id='line_1_9' title="bbox 228 1133 1545 1212; baseline -0.011 -11"><span class='ocrx_word' id='word_1_41' title='bbox 228 1144 450 1211; x_wconf 89' lang='lat' dir='ltr'><strong>Sumpsit</strong></span> <span class='ocrx_word' id='word_1_42' title='bbox 477 1141 775 1212; x_wconf 85' lang='lat' dir='ltr'><strong>imagineas</strong></span> <span class='ocrx_word' id='word_1_43' title='bbox 805 1135 977 1208; x_wconf 87' lang='lat' dir='ltr'><strong>paries</strong></span> <span class='ocrx_word' id='word_1_44' title='bbox 998 1134 1301 1192; x_wconf 89' lang='lat' dir='ltr'><strong>simulando</strong></span> <span class='ocrx_word' id='word_1_45' title='bbox 1326 1133 1545 1203; x_wconf 81' lang='lat' dir='ltr'><strong>ﬁguras,</strong></span> 
     </span>
    </p>
   </div>
   <div class='ocr_carea' id='block_1_10' title="bbox 287 1225 1705 1307">
    <p class='ocr_par' dir='ltr' id='par_1_10' title="bbox 287 1225 1705 1307">
     <span class='ocr_line' id='line_1_10' title="bbox 287 1225 1705 1307; baseline -0.011 -14"><span class='ocrx_word' id='word_1_46' title='bbox 287 1239 414 1307; x_wconf 67' lang='lat' dir='ltr'><strong>Quae</strong></span> <span class='ocrx_word' id='word_1_47' title='bbox 442 1252 619 1303; x_wconf 87' lang='lat' dir='ltr'><strong>neque</strong></span> <span class='ocrx_word' id='word_1_48' title='bbox 648 1246 787 1290; x_wconf 89' lang='lat' dir='ltr'><strong>tecta</strong></span> <span class='ocrx_word' id='word_1_49' title='bbox 819 1231 988 1303; x_wconf 87' lang='lat' dir='ltr'><strong>prius,</strong></span> <span class='ocrx_word' id='word_1_50' title='bbox 1021 1225 1136 1286; x_wconf 72' lang='lat' dir='ltr'><strong>btec</strong></span> <span class='ocrx_word' id='word_1_51' title='bbox 1166 1228 1326 1284; x_wconf 89' lang='lat' dir='ltr'><strong>modo</strong></span> <span class='ocrx_word' id='word_1_52' title='bbox 1349 1230 1487 1298; x_wconf 90' lang='lat' dir='ltr'><strong>picta</strong></span> <span class='ocrx_word' id='word_1_53' title='bbox 1516 1226 1705 1283; x_wconf 92' lang='lat' dir='ltr'><strong>nitent.</strong></span> 
     </span>
    </p>
   </div>
   <div class='ocr_carea' id='block_1_11' title="bbox 231 1321 1519 1396">
    <p class='ocr_par' dir='ltr' id='par_1_11' title="bbox 231 1321 1519 1396">
     <span class='ocr_line' id='line_1_11' title="bbox 231 1321 1519 1396; baseline -0.009 -8"><span class='ocrx_word' id='word_1_54' title='bbox 231 1330 374 1388; x_wconf 80' lang='lat' dir='ltr'><strong>Urbis</strong></span> <span class='ocrx_word' id='word_1_55' title='bbox 404 1329 744 1386; x_wconf 76' lang='lat' dir='ltr'><strong>Sanctonicte</strong></span> <span class='ocrx_word' id='word_1_56' title='bbox 777 1329 978 1396; x_wconf 86' lang='lat' dir='ltr'><strong>primus</strong></span> <span class='ocrx_word' id='word_1_57' title='bbox 1001 1323 1096 1378; x_wconf 84' lang='lat' dir='ltr'><strong>fuit</strong></span> <span class='ocrx_word' id='word_1_58' title='bbox 1122 1323 1223 1378; x_wconf 91' lang='lat' dir='ltr'><strong>iste</strong></span> <span class='ocrx_word' id='word_1_59' title='bbox 1244 1321 1519 1388; x_wconf 88' lang='lat' dir='ltr'><strong>sacerdos,</strong></span> 
     </span>
    </p>
   </div>
   <div class='ocr_carea' id='block_1_12' title="bbox 289 1415 1463 1493">
    <p class='ocr_par' dir='ltr' id='par_1_12' title="bbox 289 1415 1463 1493">
     <span class='ocr_line' id='line_1_12' title="bbox 289 1415 1463 1493; baseline -0.009 -12"><span class='ocrx_word' id='word_1_60' title='bbox 289 1421 350 1481; x_wconf 83' lang='lat' dir='ltr'><strong>Et</strong></span> <span class='ocrx_word' id='word_1_61' title='bbox 380 1425 474 1480; x_wconf 89' lang='lat' dir='ltr'><strong>tibi</strong></span> <span class='ocrx_word' id='word_1_62' title='bbox 508 1423 603 1492; x_wconf 88' lang='lat' dir='ltr'><strong>qui</strong></span> <span class='ocrx_word' id='word_1_63' title='bbox 629 1436 870 1493; x_wconf 84' lang='lat' dir='ltr'><strong>reparas,</strong></span> <span class='ocrx_word' id='word_1_64' title='bbox 891 1422 1013 1488; x_wconf 85' lang='lat' dir='ltr'><strong>jure</strong></span> <span class='ocrx_word' id='word_1_65' title='bbox 1037 1417 1210 1490; x_wconf 82' lang='lat' dir='ltr'><strong>priora</strong></span> <span class='ocrx_word' id='word_1_66' title='bbox 1241 1415 1270 1456; x_wconf 74' lang='grc' dir='ltr'><strong>ι’</strong></span> <span class='ocrx_word' id='word_1_67' title='bbox 1298 1417 1463 1472; x_wconf 87' lang='lat' dir='ltr'><strong>dedit.</strong></span> 
     </span>
    </p>
   </div>
   <div class='ocr_carea' id='block_1_13' title="bbox 230 1507 1695 1585">
    <p class='ocr_par' dir='ltr' id='par_1_13' title="bbox 230 1507 1695 1585">
     <span class='ocr_line' id='line_1_13' title="bbox 230 1507 1695 1585; baseline -0.009 -9"><span class='ocrx_word' id='word_1_68' title='bbox 230 1519 346 1576; x_wconf 85' lang='lat' dir='ltr'><strong>Cum</strong></span> <span class='ocrx_word' id='word_1_69' title='bbox 376 1531 475 1574; x_wconf 81' lang='lat' dir='ltr'><strong>sua</strong></span> <span class='ocrx_word' id='word_1_70' title='bbox 504 1515 702 1585; x_wconf 86' lang='lat' dir='ltr'><strong>templa</strong></span> <span class='ocrx_word' id='word_1_71' title='bbox 734 1521 878 1570; x_wconf 87' lang='lat' dir='ltr'><strong>tenet</strong></span> <span class='ocrx_word' id='word_1_72' title='bbox 905 1521 1146 1579; x_wconf 87' lang='lat' dir='ltr'><strong>sanctus,</strong></span> <span class='ocrx_word' id='word_1_73' title='bbox 1174 1507 1466 1566; x_wconf 86' lang='lat' dir='ltr'><strong>habitando</strong></span> <span class='ocrx_word' id='word_1_74' title='bbox 1496 1508 1695 1580; x_wconf 82' lang='lat' dir='ltr'><strong>quiete,</strong></span> 
     </span>
    </p>
   </div>
   <div class='ocr_carea' id='block_1_14' title="bbox 291 1603 1354 1670">
    <p class='ocr_par' dir='ltr' id='par_1_14' title="bbox 291 1603 1354 1670">
     <span class='ocr_line' id='line_1_14' title="bbox 291 1603 1354 1670; baseline -0.006 -2"><span class='ocrx_word' id='word_1_75' title='bbox 291 1610 642 1670; x_wconf 83' lang='lat' dir='ltr'><strong>lnstauratori</strong></span> <span class='ocrx_word' id='word_1_76' title='bbox 663 1609 841 1667; x_wconf 84' lang='lat' dir='ltr'><strong>reddit</strong></span> <span class='ocrx_word' id='word_1_77' title='bbox 869 1603 1074 1663; x_wconf 88' lang='lat' dir='ltr'><strong>bonore</strong></span> <span class='ocrx_word' id='word_1_78' title='bbox 1105 1618 1125 1646; x_wconf 76' lang='grc' dir='ltr'>ε</span> <span class='ocrx_word' id='word_1_79' title='bbox 1160 1604 1354 1662; x_wconf 80' lang='lat' dir='ltr'><strong>vicem.</strong></span> 
     </span>
    </p>
   </div>
   <div class='ocr_carea' id='block_1_15' title="bbox 799 1760 1227 1821">
    <p class='ocr_par' dir='ltr' id='par_1_15' title="bbox 799 1760 1227 1821">
     <span class='ocr_line' id='line_1_15' title="bbox 799 1760 1227 1821; baseline -0.012 0"><span class='ocrx_word' id='word_1_80' title='bbox 799 1763 1033 1821; x_wconf 76' lang='lat' dir='ltr'><strong>CAPUT</strong></span> <span class='ocrx_word' id='word_1_81' title='bbox 1085 1760 1227 1818; x_wconf 80' lang='lat' dir='ltr'><strong>XIV.</strong></span> 
     </span>
    </p>
   </div>
   <div class='ocr_carea' id='block_1_16' title="bbox 608 1873 1426 1950">
    <p class='ocr_par' dir='ltr' id='par_1_16' title="bbox 608 1873 1426 1950">
     <span class='ocr_line' id='line_1_16' title="bbox 608 1873 1426 1950; baseline -0.007 -12"><span class='ocrx_word' id='word_1_82' title='bbox 608 1875 688 1938; x_wconf 84' lang='lat' dir='ltr'><strong>De</strong></span> <span class='ocrx_word' id='word_1_83' title='bbox 710 1881 871 1936; x_wconf 82' lang='lat' dir='ltr'><strong>calice</strong></span> <span class='ocrx_word' id='word_1_84' title='bbox 894 1879 919 1917; x_wconf 73' lang='grc' dir='ltr'>ἀ</span> <span class='ocrx_word' id='word_1_85' title='bbox 955 1873 1156 1934; x_wconf 76' lang='lat' dir='ltr'><strong>Leontii</strong></span> <span class='ocrx_word' id='word_1_86' title='bbox 1183 1876 1426 1950; x_wconf 77' lang='lat' dir='ltr'><strong>episwpi.</strong></span> 
     </span>
    </p>
   </div>
   <div class='ocr_carea' id='block_1_17' title="bbox 236 1985 1806 2071">
    <p class='ocr_par' dir='ltr' id='par_1_17' title="bbox 236 1985 1806 2071">
     <span class='ocr_line' id='line_1_17' title="bbox 236 1985 1806 2071; baseline -0.008 -17"><span class='ocrx_word' id='word_1_87' title='bbox 236 1996 476 2071; x_wconf 83' lang='lat' dir='ltr'><strong>[Calicem</strong></span> <span class='ocrx_word' id='word_1_88' title='bbox 508 2011 540 2051; x_wconf 89' lang='lat' dir='ltr'><strong>a</strong></span> <span class='ocrx_word' id='word_1_89' title='bbox 569 1995 796 2051; x_wconf 85' lang='lat' dir='ltr'><strong>Leontio</strong></span> <span class='ocrx_word' id='word_1_90' title='bbox 819 2003 873 2048; x_wconf 82' lang='lat' dir='ltr'><strong>at</strong></span> <span class='ocrx_word' id='word_1_91' title='bbox 930 1992 1197 2047; x_wconf 85' lang='lat' dir='ltr'><strong>Placidina</strong></span> <span class='ocrx_word' id='word_1_92' title='bbox 1221 1988 1332 2071; x_wconf 61' lang='lat' dir='ltr'><strong>aedi</strong></span> <span class='ocrx_word' id='word_1_93' title='bbox 1374 2001 1541 2045; x_wconf 68' lang='lat' dir='ltr'><strong>sacras</strong></span> <span class='ocrx_word' id='word_1_94' title='bbox 1568 1985 1806 2044; x_wconf 82' lang='lat' dir='ltr'><strong>oblatum</strong></span> 
     </span>
    </p>
   </div>
   <div class='ocr_carea' id='block_1_18' title="bbox 803 2060 1239 2134">
    <p class='ocr_par' dir='ltr' id='par_1_18' title="bbox 803 2060 1239 2134">
     <span class='ocr_line' id='line_1_18' title="bbox 803 2060 1239 2134; baseline -0.009 -15"><span class='ocrx_word' id='word_1_95' title='bbox 803 2060 1239 2134; x_wconf 86' lang='lat' dir='ltr'><strong>commemorat.]</strong></span> 
     </span>
    </p>
   </div>
   <div class='ocr_carea' id='block_1_19' title="bbox 238 2178 1620 2256">
    <p class='ocr_par' dir='ltr' id='par_1_19' title="bbox 238 2178 1620 2256">
     <span class='ocr_line' id='line_1_19' title="bbox 238 2178 1620 2256; baseline -0.006 -14"><span class='ocrx_word' id='word_1_96' title='bbox 238 2185 476 2242; x_wconf 86' lang='lat' dir='ltr'><strong>Summus</strong></span> <span class='ocrx_word' id='word_1_97' title='bbox 504 2186 559 2240; x_wconf 92' lang='lat' dir='ltr'><strong>in</strong></span> <span class='ocrx_word' id='word_1_98' title='bbox 587 2199 712 2240; x_wconf 84' lang='lat' dir='ltr'><strong>arce</strong></span> <span class='ocrx_word' id='word_1_99' title='bbox 746 2186 838 2240; x_wconf 84' lang='lat' dir='ltr'><strong>Det</strong></span> <span class='ocrx_word' id='word_1_100' title='bbox 870 2185 955 2256; x_wconf 90' lang='lat' dir='ltr'><strong>pia</strong></span> <span class='ocrx_word' id='word_1_101' title='bbox 989 2183 1128 2238; x_wconf 86' lang='lat' dir='ltr'><strong>dona</strong></span> <span class='ocrx_word' id='word_1_102' title='bbox 1161 2182 1414 2237; x_wconf 79' lang='lat' dir='ltr'><strong>Leontius</strong></span> <span class='ocrx_word' id='word_1_103' title='bbox 1441 2178 1620 2245; x_wconf 79' lang='lat' dir='ltr'><strong>ollert,</strong></span> 
     </span>
    </p>
   </div>
   <div class='ocr_carea' id='block_1_20' title="bbox 300 2276 1491 2352">
    <p class='ocr_par' dir='ltr' id='par_1_20' title="bbox 300 2276 1491 2352">
     <span class='ocr_line' id='line_1_20' title="bbox 300 2276 1491 2352; baseline -0.004 -18"><span class='ocrx_word' id='word_1_104' title='bbox 300 2281 444 2336; x_wconf 65' lang='lat' dir='ltr'><strong>Votis</strong></span> <span class='ocrx_word' id='word_1_105' title='bbox 469 2281 659 2352; x_wconf 88' lang='lat' dir='ltr'><strong>juncta</strong></span> <span class='ocrx_word' id='word_1_106' title='bbox 689 2283 882 2346; x_wconf 85' lang='lat' dir='ltr'><strong>sacris,</strong></span> <span class='ocrx_word' id='word_1_107' title='bbox 910 2289 965 2335; x_wconf 87' lang='lat' dir='ltr'><strong>et</strong></span> <span class='ocrx_word' id='word_1_108' title='bbox 1013 2279 1282 2333; x_wconf 87' lang='lat' dir='ltr'><strong>Placidina</strong></span> <span class='ocrx_word' id='word_1_109' title='bbox 1313 2276 1491 2330; x_wconf 83' lang='lat' dir='ltr'><strong>simul.</strong></span> 
     </span>
    </p>
   </div>
   <div class='ocr_carea' id='block_1_21' title="bbox 240 2369 1564 2443">
    <p class='ocr_par' dir='ltr' id='par_1_21' title="bbox 240 2369 1564 2443">
     <span class='ocr_line' id='line_1_21' title="bbox 240 2369 1564 2443; baseline -0.003 -15"><span class='ocrx_word' id='word_1_110' title='bbox 240 2371 450 2439; x_wconf 77' lang='lat' dir='ltr'><strong>Felices,</strong></span> <span class='ocrx_word' id='word_1_111' title='bbox 483 2388 714 2443; x_wconf 89' lang='lat' dir='ltr'><strong>quorum</strong></span> <span class='ocrx_word' id='word_1_112' title='bbox 748 2381 771 2410; x_wconf 86' lang='grc'>⁶</span> <span class='ocrx_word' id='word_1_113' title='bbox 801 2373 952 2427; x_wconf 84' lang='lat' dir='ltr'><strong>labor</strong></span> <span class='ocrx_word' id='word_1_114' title='bbox 982 2379 1065 2426; x_wconf 90' lang='lat' dir='ltr'><strong>est</strong></span> <span class='ocrx_word' id='word_1_115' title='bbox 1101 2369 1362 2426; x_wconf 79' lang='lat' dir='ltr'><strong>altaribus</strong></span> <span class='ocrx_word' id='word_1_116' title='bbox 1389 2377 1564 2438; x_wconf 89' lang='lat' dir='ltr'><strong>aptus,</strong></span> 
     </span>
    </p>
   </div>
   <div class='ocr_carea' id='block_1_22' title="bbox 300 2462 1521 2537">
    <p class='ocr_par' dir='ltr' id='par_1_22' title="bbox 300 2462 1521 2537">
     <span class='ocr_line' id='line_1_22' title="bbox 300 2462 1521 2537; baseline -0.007 -15"><span class='ocrx_word' id='word_1_117' title='bbox 300 2466 566 2537; x_wconf 83' lang='lat' dir='ltr'><strong>Tempore</strong></span> <span class='ocrx_word' id='word_1_118' title='bbox 597 2467 688 2536; x_wconf 89' lang='lat' dir='ltr'><strong>qui</strong></span> <span class='ocrx_word' id='word_1_119' title='bbox 722 2479 887 2536; x_wconf 87' lang='lat' dir='ltr'><strong>parvo</strong></span> <span class='ocrx_word' id='word_1_120' title='bbox 918 2480 1024 2520; x_wconf 89' lang='lat' dir='ltr'><strong>non</strong></span> <span class='ocrx_word' id='word_1_121' title='bbox 1055 2465 1295 2535; x_wconf 83' lang='lat' dir='ltr'><strong>peritura</strong></span> <span class='ocrx_word' id='word_1_122' title='bbox 1324 2462 1521 2518; x_wconf 88' lang='lat' dir='ltr'><strong>ierunt.</strong></span> 
     </span>
    </p>
   </div>
   <div class='ocr_carea' id='block_1_23' title="bbox 839 2659 1224 2718">
    <p class='ocr_par' dir='ltr' id='par_1_23' title="bbox 839 2659 1224 2718">
     <span class='ocr_line' id='line_1_23' title="bbox 839 2659 1224 2718; baseline -0.008 0"><span class='ocrx_word' id='word_1_123' title='bbox 839 2659 1065 2718; x_wconf 77' lang='lat' dir='ltr'><strong>CAPUT</strong></span> <span class='ocrx_word' id='word_1_124' title='bbox 1105 2659 1224 2716; x_wconf 83' lang='lat' dir='ltr'><strong>XV.</strong></span> 
     </span>
    </p>
   </div>
   <div class='ocr_carea' id='block_1_24' title="bbox 705 2775 1354 2848">
    <p class='ocr_par' dir='ltr' id='par_1_24' title="bbox 705 2775 1354 2848">
     <span class='ocr_line' id='line_1_24' title="bbox 705 2775 1354 2848; baseline 0.002 -16"><span class='ocrx_word' id='word_1_125' title='bbox 705 2777 778 2835; x_wconf 87' lang='lat' dir='ltr'><strong>De</strong></span> <span class='ocrx_word' id='word_1_126' title='bbox 803 2778 1016 2834; x_wconf 76' lang='lat' dir='ltr'><strong>Leontio</strong></span> <span class='ocrx_word' id='word_1_127' title='bbox 1045 2775 1064 2815; x_wconf 74' lang='grc' dir='ltr'><strong>ί</strong></span> <span class='ocrx_word' id='word_1_128' title='bbox 1098 2778 1354 2848; x_wconf 78' lang='lat' dir='ltr'><strong>episcOpo.</strong></span> 
     </span>
    </p>
   </div>
   <div class='ocr_carea' id='block_1_25' title="bbox 249 2908 1820 2990">
    <p class='ocr_par' dir='ltr' id='par_1_25' title="bbox 249 2908 1820 2990">
     <span class='ocr_line' id='line_1_25' title="bbox 249 2908 1820 2990; baseline -0.008 -20"><span class='ocrx_word' id='word_1_129' title='bbox 249 2914 488 2990; x_wconf 62' lang='lat' dir='ltr'><strong>[Leontii</strong></span> <span class='ocrx_word' id='word_1_130' title='bbox 511 2910 851 2990; x_wconf 76' lang='lat' dir='ltr'><strong>nobilitatem</strong></span> <span class='ocrx_word' id='word_1_131' title='bbox 911 2921 1142 2990; x_wconf 83' lang='lat' dir='ltr'><strong>generis,</strong></span> <span class='ocrx_word' id='word_1_132' title='bbox 1191 2908 1546 2990; x_wconf 58' lang='lat' dir='ltr'><strong>episcopaem</strong></span> <span class='ocrx_word' id='word_1_133' title='bbox 1577 2909 1820 2987; x_wconf 81' lang='lat' dir='ltr'><strong>gradum,</strong></span> 
     </span>
    </p>
   </div>
   <div class='ocr_carea' id='block_1_26' title="bbox 309 2979 1822 3056">
    <p class='ocr_par' dir='ltr' id='par_1_26' title="bbox 309 2979 1822 3056">
     <span class='ocr_line' id='line_1_26' title="bbox 309 2979 1822 3056; baseline -0.008 -15"><span class='ocrx_word' id='word_1_134' title='bbox 309 2985 834 3056; x_wconf 43' lang='lat' dir='ltr'><strong>niuriiiicentiatnlin</strong></span> <span class='ocrx_word' id='word_1_135' title='bbox 885 2979 1082 3056; x_wconf 64' lang='lat' dir='ltr'><strong>templa</strong></span> <span class='ocrx_word' id='word_1_136' title='bbox 1142 2981 1379 3056; x_wconf 71' lang='lat' dir='ltr'><strong>celebrat</strong></span> <span class='ocrx_word' id='word_1_137' title='bbox 1410 2979 1522 3056; x_wconf 31' lang='lat' dir='ltr'><strong>hoc.</strong></span> <span class='ocrx_word' id='word_1_138' title='bbox 1559 2979 1822 3056; x_wconf 75' lang='lat' dir='ltr'><strong>carmine,</strong></span> 
     </span>
    </p>
   </div>
   <div class='ocr_carea' id='block_1_27' title="bbox 309 3047 1828 3126">
    <p class='ocr_par' dir='ltr' id='par_1_27' title="bbox 309 3047 1828 3126">
     <span class='ocr_line' id='line_1_27' title="bbox 309 3047 1828 3126; baseline -0.005 -14"><span class='ocrx_word' id='word_1_139' title='bbox 309 3058 593 3126; x_wconf 82' lang='lat' dir='ltr'><strong>eidemque</strong></span> <span class='ocrx_word' id='word_1_140' title='bbox 622 3047 936 3123; x_wconf 74' lang='lat' dir='ltr'><strong>i&#39;lacidinar,</strong></span> <span class='ocrx_word' id='word_1_141' title='bbox 981 3047 1192 3109; x_wconf 79' lang='lat' dir='ltr'><strong>Leontii</strong></span> <span class='ocrx_word' id='word_1_142' title='bbox 1220 3051 1345 3106; x_wconf 84' lang='lat' dir='ltr'><strong>olim</strong></span> <span class='ocrx_word' id='word_1_143' title='bbox 1377 3051 1582 3117; x_wconf 77' lang='lat' dir='ltr'><strong>uxoris,</strong></span> <span class='ocrx_word' id='word_1_144' title='bbox 1638 3047 1828 3104; x_wconf 78' lang='lat' dir='ltr'><strong>laudes</strong></span> 
     </span>
    </p>
   </div>
   <div class='ocr_carea' id='block_1_28' title="bbox 311 3129 826 3198">
    <p class='ocr_par' dir='ltr' id='par_1_28' title="bbox 311 3129 826 3198">
     <span class='ocr_line' id='line_1_28' title="bbox 311 3129 826 3198; baseline -0.006 -16"><span class='ocrx_word' id='word_1_145' title='bbox 311 3129 594 3198; x_wconf 72' lang='lat' dir='ltr'><strong>adjuugit.j</strong></span> <span class='ocrx_word' id='word_1_146' title='bbox 823 3129 826 3134; x_wconf 80' lang='grc'><em>’</em></span> 
     </span>
    </p>
   </div>
   <div class='ocr_carea' id='block_1_29' title="bbox 252 3233 1605 3316">
    <p class='ocr_par' dir='ltr' id='par_1_29' title="bbox 252 3233 1605 3316">
     <span class='ocr_line' id='line_1_29' title="bbox 252 3233 1605 3316; baseline -0.006 -18"><span class='ocrx_word' id='word_1_147' title='bbox 252 3235 379 3300; x_wconf 82' lang='lat' dir='ltr'><strong>inter</strong></span> <span class='ocrx_word' id='word_1_148' title='bbox 405 3256 550 3316; x_wconf 87' lang='lat' dir='ltr'><strong>quos</strong></span> <span class='ocrx_word' id='word_1_149' title='bbox 579 3238 764 3311; x_wconf 85' lang='lat' dir='ltr'><strong>genuit</strong></span> <span class='ocrx_word' id='word_1_150' title='bbox 791 3233 1004 3294; x_wconf 82' lang='lat' dir='ltr'><strong>radians</strong></span> <span class='ocrx_word' id='word_1_151' title='bbox 1034 3233 1377 3308; x_wconf 80' lang='lat' dir='ltr'><strong>Aquitanicus</strong></span> <span class='ocrx_word' id='word_1_152' title='bbox 1410 3241 1436 3283; x_wconf 76' lang='grc' dir='ltr'><strong><em>ε</em></strong></span> <span class='ocrx_word' id='word_1_153' title='bbox 1463 3233 1605 3303; x_wconf 77' lang='lat' dir='ltr'><strong>axis,</strong></span> 
     </span>
    </p>
   </div>
   <div class='ocr_carea' id='block_1_30' title="bbox 318 3329 1458 3408">
    <p class='ocr_par' dir='ltr' id='par_1_30' title="bbox 318 3329 1458 3408">
     <span class='ocr_line' id='line_1_30' title="bbox 318 3329 1458 3408; baseline -0.007 -17"><span class='ocrx_word' id='word_1_154' title='bbox 318 3335 560 3408; x_wconf 72' lang='lat' dir='ltr'><strong>Egregiis</strong></span> <span class='ocrx_word' id='word_1_155' title='bbox 592 3334 799 3388; x_wconf 87' lang='lat' dir='ltr'><strong>meritis</strong></span> <span class='ocrx_word' id='word_1_156' title='bbox 822 3332 1055 3388; x_wconf 88' lang='lat' dir='ltr'><strong>culmina</strong></span> <span class='ocrx_word' id='word_1_157' title='bbox 1083 3329 1254 3400; x_wconf 89' lang='lat' dir='ltr'><strong>prima</strong></span> <span class='ocrx_word' id='word_1_158' title='bbox 1285 3340 1458 3394; x_wconf 78' lang='lat' dir='ltr'><strong>tenes,</strong></span> 
     </span>
    </p>
   </div>
   <div class='ocr_carea' id='block_1_31' title="bbox 256 3420 1696 3499">
    <p class='ocr_par' dir='ltr' id='par_1_31' title="bbox 256 3420 1696 3499">
     <span class='ocr_line' id='line_1_31' title="bbox 256 3420 1696 3499; baseline -0.007 -15"><span class='ocrx_word' id='word_1_159' title='bbox 256 3427 456 3484; x_wconf 78' lang='lat' dir='ltr'><strong>Civibus</strong></span> <span class='ocrx_word' id='word_1_160' title='bbox 483 3442 548 3482; x_wconf 83' lang='lat' dir='ltr'><strong>es</strong></span> <span class='ocrx_word' id='word_1_161' title='bbox 585 3423 684 3499; x_wconf 74' lang='lat' dir='ltr'><strong>[et]</strong></span> <span class='ocrx_word' id='word_1_162' title='bbox 713 3423 878 3478; x_wconf 78' lang='lat' dir='ltr'><strong>Gallis</strong></span> <span class='ocrx_word' id='word_1_163' title='bbox 904 3423 1270 3492; x_wconf 82' lang='lat' dir='ltr'><strong>supereminet</strong></span> <span class='ocrx_word' id='word_1_164' title='bbox 1295 3420 1406 3475; x_wconf 86' lang='lat' dir='ltr'><strong>alta</strong></span> <span class='ocrx_word' id='word_1_165' title='bbox 1439 3428 1696 3488; x_wconf 75' lang='lat' dir='ltr'><strong>potestas,</strong></span> 
     </span>
    </p>
   </div>
   <div class='ocr_carea' id='block_1_32' title="bbox 319 3512 1472 3592">
    <p class='ocr_par' dir='ltr' id='par_1_32' title="bbox 319 3512 1472 3592">
     <span class='ocr_line' id='line_1_32' title="bbox 319 3512 1472 3592; baseline -0.009 -16"><span class='ocrx_word' id='word_1_166' title='bbox 319 3519 390 3576; x_wconf 82' lang='lat' dir='ltr'><strong>Tu</strong></span> <span class='ocrx_word' id='word_1_167' title='bbox 418 3521 605 3592; x_wconf 86' lang='lat' dir='ltr'><strong>potior</strong></span> <span class='ocrx_word' id='word_1_168' title='bbox 634 3518 879 3588; x_wconf 76' lang='lat' dir='ltr'><strong>reliquis,</strong></span> <span class='ocrx_word' id='word_1_169' title='bbox 910 3523 966 3571; x_wconf 90' lang='lat' dir='ltr'><strong>et</strong></span> <span class='ocrx_word' id='word_1_170' title='bbox 993 3515 1087 3571; x_wconf 88' lang='lat' dir='ltr'><strong>tibi</strong></span> <span class='ocrx_word' id='word_1_171' title='bbox 1118 3532 1277 3572; x_wconf 92' lang='lat' dir='ltr'><strong>nemo</strong></span> <span class='ocrx_word' id='word_1_172' title='bbox 1309 3512 1472 3585; x_wconf 91' lang='lat' dir='ltr'><strong>prior.</strong></span> 
     </span>
    </p>
   </div>
   <div class='ocr_carea' id='block_1_33' title="bbox 261 3604 1654 3676">
    <p class='ocr_par' dir='ltr' id='par_1_33' title="bbox 261 3604 1654 3676">
     <span class='ocr_line' id='line_1_33' title="bbox 261 3604 1654 3676; baseline -0.006 -10"><span class='ocrx_word' id='word_1_173' title='bbox 261 3608 512 3669; x_wconf 70' lang='lat' dir='ltr'><strong>Praecedis</strong></span> <span class='ocrx_word' id='word_1_174' title='bbox 545 3609 763 3675; x_wconf 86' lang='lat' dir='ltr'><strong>multos,</strong></span> <span class='ocrx_word' id='word_1_175' title='bbox 797 3607 923 3663; x_wconf 85' lang='lat' dir='ltr'><strong>nulli</strong></span> <span class='ocrx_word' id='word_1_176' title='bbox 957 3608 1152 3676; x_wconf 86' lang='lat' dir='ltr'><strong>minor,</strong></span> <span class='ocrx_word' id='word_1_177' title='bbox 1183 3615 1340 3676; x_wconf 83' lang='lat' dir='ltr'><strong>atque</strong></span> <span class='ocrx_word' id='word_1_178' title='bbox 1367 3604 1654 3669; x_wconf 89' lang='lat' dir='ltr'><strong>secundus,</strong></span> 
     </span>
    </p>
   </div>
   <div class='ocr_carea' id='block_1_34' title="bbox 320 3695 1691 3774">
    <p class='ocr_par' dir='ltr' id='par_1_34' title="bbox 320 3695 1691 3774">
     <span class='ocr_line' id='line_1_34' title="bbox 320 3695 1691 3774; baseline -0.009 -12"><span class='ocrx_word' id='word_1_179' title='bbox 320 3705 424 3762; x_wconf 75' lang='lat' dir='ltr'><strong>Nec</strong></span> <span class='ocrx_word' id='word_1_180' title='bbox 446 3713 704 3774; x_wconf 77' lang='lat' dir='ltr'><strong>superest</strong></span> <span class='ocrx_word' id='word_1_181' title='bbox 731 3700 952 3772; x_wconf 85' lang='lat' dir='ltr'><strong>aliquid,</strong></span> <span class='ocrx_word' id='word_1_182' title='bbox 983 3701 1121 3767; x_wconf 90' lang='lat' dir='ltr'><strong>quod</strong></span> <span class='ocrx_word' id='word_1_183' title='bbox 1148 3699 1278 3753; x_wconf 85' lang='lat' dir='ltr'><strong>dare</strong></span> <span class='ocrx_word' id='word_1_184' title='bbox 1308 3695 1473 3767; x_wconf 82' lang='lat' dir='ltr'><strong>possit</strong></span> <span class='ocrx_word' id='word_1_185' title='bbox 1502 3697 1691 3752; x_wconf 81' lang='lat' dir='ltr'><strong>honor.</strong></span> 
     </span>
    </p>
   </div>
   <div class='ocr_carea' id='block_1_35' title="bbox 262 3792 1600 3869">
    <p class='ocr_par' dir='ltr' id='par_1_35' title="bbox 262 3792 1600 3869">
     <span class='ocr_line' id='line_1_35' title="bbox 262 3792 1600 3869; baseline -0.01 -11"><span class='ocrx_word' id='word_1_186' title='bbox 262 3799 493 3869; x_wconf 81' lang='lat' dir='ltr'><strong>Quicum</strong></span> <span class='ocrx_word' id='word_1_187' title='bbox 527 3806 589 3855; x_wconf 77' lang='lat' dir='ltr'><strong>se</strong></span> <span class='ocrx_word' id='word_1_188' title='bbox 620 3797 847 3869; x_wconf 86' lang='lat' dir='ltr'><strong>primum</strong></span> <span class='ocrx_word' id='word_1_189' title='bbox 872 3793 901 3833; x_wconf 67' lang='grc' dir='ltr'>δ</span> <span class='ocrx_word' id='word_1_190' title='bbox 928 3793 1140 3850; x_wconf 69' lang='lat' dir='ltr'><strong>vestivit</strong></span> <span class='ocrx_word' id='word_1_191' title='bbox 1171 3793 1300 3848; x_wconf 79' lang='lat' dir='ltr'><strong>ﬂore</strong></span> <span class='ocrx_word' id='word_1_192' title='bbox 1326 3792 1600 3861; x_wconf 85' lang='lat' dir='ltr'><strong>juventus,</strong></span> 
     </span>
    </p>
   </div>
   <div class='ocr_carea' id='block_1_36' title="bbox 325 3881 1517 3959">
    <p class='ocr_par' dir='ltr' id='par_1_36' title="bbox 325 3881 1517 3959">
     <span class='ocr_line' id='line_1_36' title="bbox 325 3881 1517 3959; baseline -0.008 -11"><span class='ocrx_word' id='word_1_193' title='bbox 325 3893 525 3950; x_wconf 85' lang='lat' dir='ltr'><strong>Parvus</strong></span> <span class='ocrx_word' id='word_1_194' title='bbox 548 3908 669 3948; x_wconf 81' lang='lat' dir='ltr'><strong>eras</strong></span> <span class='ocrx_word' id='word_1_195' title='bbox 699 3889 877 3956; x_wconf 87' lang='lat' dir='ltr'><strong>annis,</strong></span> <span class='ocrx_word' id='word_1_196' title='bbox 909 3898 964 3945; x_wconf 90' lang='lat' dir='ltr'><strong>et</strong></span> <span class='ocrx_word' id='word_1_197' title='bbox 983 3890 1247 3959; x_wconf 77' lang='lat' dir='ltr'><strong>gravitate</strong></span> <span class='ocrx_word' id='word_1_198' title='bbox 1276 3902 1439 3942; x_wconf 80' lang='lat' dir='ltr'><strong>senex</strong></span> <span class='ocrx_word' id='word_1_199' title='bbox 1473 3881 1517 3939; x_wconf 78' lang='grc' dir='ltr'><strong>ί.</strong></span> 
     </span>
    </p>
   </div>
   <div class='ocr_carea' id='block_1_37' title="bbox 265 3977 1609 4052">
    <p class='ocr_par' dir='ltr' id='par_1_37' title="bbox 265 3977 1609 4052">
     <span class='ocr_line' id='line_1_37' title="bbox 265 3977 1609 4052; baseline -0.01 -12"><span class='ocrx_word' id='word_1_200' title='bbox 265 3984 448 4042; x_wconf 67' lang='lat' dir='ltr'><strong>Versus</strong></span> <span class='ocrx_word' id='word_1_201' title='bbox 477 3990 548 4040; x_wconf 87' lang='lat' dir='ltr'><strong>ad</strong></span> <span class='ocrx_word' id='word_1_202' title='bbox 583 3983 848 4052; x_wconf 81' lang='lat' dir='ltr'><strong>Hispanas</strong></span> <span class='ocrx_word' id='word_1_203' title='bbox 876 3983 1021 4036; x_wconf 80' lang='lat' dir='ltr'><strong>acies</strong></span> <span class='ocrx_word' id='word_1_204' title='bbox 1042 3995 1163 4035; x_wconf 87' lang='lat' dir='ltr'><strong>cum</strong></span> <span class='ocrx_word' id='word_1_205' title='bbox 1197 3993 1318 4048; x_wconf 81' lang='lat' dir='ltr'><strong>rege</strong></span> <span class='ocrx_word' id='word_1_206' title='bbox 1344 3990 1538 4034; x_wconf 75' lang='lat' dir='ltr'><strong>sereno</strong></span> <span class='ocrx_word' id='word_1_207' title='bbox 1562 3977 1609 4042; x_wconf 84' lang='lat' dir='ltr'><strong>i,</strong></span> 
     </span>
    </p>
   </div>
   <div class='ocr_carea' id='block_1_38' title="bbox 328 4069 1343 4147">
    <p class='ocr_par' dir='ltr' id='par_1_38' title="bbox 328 4069 1343 4147">
     <span class='ocr_line' id='line_1_38' title="bbox 328 4069 1343 4147; baseline -0.005 -14"><span class='ocrx_word' id='word_1_208' title='bbox 328 4075 521 4135; x_wconf 74' lang='lat' dir='ltr'><strong>Militia:</strong></span> <span class='ocrx_word' id='word_1_209' title='bbox 549 4078 723 4133; x_wconf 75' lang='lat' dir='ltr'><strong>crevit</strong></span> <span class='ocrx_word' id='word_1_210' title='bbox 750 4076 925 4147; x_wconf 84' lang='lat' dir='ltr'><strong>palma</strong></span> <span class='ocrx_word' id='word_1_211' title='bbox 956 4069 1187 4130; x_wconf 85' lang='lat' dir='ltr'><strong>secunda</strong></span> <span class='ocrx_word' id='word_1_212' title='bbox 1219 4078 1343 4128; x_wconf 76' lang='lat' dir='ltr'><strong>tute.</strong></span> 
     </span>
    </p>
   </div>
   <div class='ocr_carea' id='block_1_39' title="bbox 266 4165 1344 4242">
    <p class='ocr_par' dir='ltr' id='par_1_39' title="bbox 266 4165 1344 4242">
     <span class='ocr_line' id='line_1_39' title="bbox 266 4165 1344 4242; baseline -0.006 -18"><span class='ocrx_word' id='word_1_213' title='bbox 266 4165 414 4242; x_wconf 85' lang='lat' dir='ltr'><strong>Cujus</strong></span> <span class='ocrx_word' id='word_1_214' title='bbox 435 4169 693 4241; x_wconf 64' lang='lat' dir='ltr'><strong>primitiae</strong></span> <span class='ocrx_word' id='word_1_215' title='bbox 710 4177 858 4223; x_wconf 91' lang='lat' dir='ltr'><strong>tanto</strong></span> <span class='ocrx_word' id='word_1_216' title='bbox 882 4168 1126 4236; x_wconf 87' lang='lat' dir='ltr'><strong>placuere</strong></span> <span class='ocrx_word' id='word_1_217' title='bbox 1152 4166 1344 4232; x_wconf 85' lang='lat' dir='ltr'><strong>relatu,</strong></span> 
     </span>
    </p>
   </div>
   <div class='ocr_carea' id='block_1_40' title="bbox 340 4257 1417 4327">
    <p class='ocr_par' dir='ltr' id='par_1_40' title="bbox 340 4257 1417 4327">
     <span class='ocr_line' id='line_1_40' title="bbox 340 4257 1417 4327; baseline -0.005 -9"><span class='ocrx_word' id='word_1_218' title='bbox 340 4262 402 4318; x_wconf 88' lang='lat' dir='ltr'><strong>Ut</strong></span> <span class='ocrx_word' id='word_1_219' title='bbox 423 4263 637 4320; x_wconf 80' lang='lat' dir='ltr'><strong>meritis</strong></span> <span class='ocrx_word' id='word_1_220' title='bbox 664 4270 812 4318; x_wconf 85' lang='lat' dir='ltr'><strong>esset</strong></span> <span class='ocrx_word' id='word_1_221' title='bbox 836 4260 1050 4315; x_wconf 83' lang='lat' dir='ltr'><strong>debitus</strong></span> <span class='ocrx_word' id='word_1_222' title='bbox 1079 4259 1180 4313; x_wconf 86' lang='lat' dir='ltr'><strong>iste</strong></span> <span class='ocrx_word' id='word_1_223' title='bbox 1203 4257 1417 4327; x_wconf 83' lang='lat' dir='ltr'><strong>gradus.</strong></span> 
     </span>
    </p>
   </div>
   <div class='ocr_carea' id='block_1_41' title="bbox 332 4387 1843 4461">
    <p class='ocr_par' dir='ltr' id='par_1_41' title="bbox 332 4387 1843 4461">
     <span class='ocr_line' id='line_1_41' title="bbox 332 4387 1843 4461; baseline -0.004 -11"><span class='ocrx_word' id='word_1_224' title='bbox 332 4403 353 4430; x_wconf 79' lang='grc'><strong><em>³</em></strong></span> <span class='ocrx_word' id='word_1_225' title='bbox 383 4396 496 4450; x_wconf 87' lang='lat' dir='ltr'><strong>Duo</strong></span> <span class='ocrx_word' id='word_1_226' title='bbox 524 4395 703 4450; x_wconf 85' lang='lat' dir='ltr'><strong>Codd.</strong></span> <span class='ocrx_word' id='word_1_227' title='bbox 742 4389 882 4458; x_wconf 69' lang='grc' dir='ltr'><strong>ναι..</strong></span> <span class='ocrx_word' id='word_1_228' title='bbox 916 4393 1152 4461; x_wconf 74' lang='lat' dir='ltr'><strong>decessit,</strong></span> <span class='ocrx_word' id='word_1_229' title='bbox 1193 4392 1282 4447; x_wconf 81' lang='lat' dir='ltr'><strong>sed</strong></span> <span class='ocrx_word' id='word_1_230' title='bbox 1325 4391 1454 4447; x_wconf 64' lang='lat' dir='ltr'><strong>hac.</strong></span> <span class='ocrx_word' id='word_1_231' title='bbox 1504 4389 1645 4446; x_wconf 87' lang='lat' dir='ltr'><strong>Edit.</strong></span> <span class='ocrx_word' id='word_1_232' title='bbox 1677 4387 1843 4457; x_wconf 79' lang='lat' dir='ltr'><strong>Ven.,</strong></span> 
     </span>
    </p>
   </div>
   <div class='ocr_carea' id='block_1_42' title="bbox 272 4468 815 4523">
    <p class='ocr_par' dir='ltr' id='par_1_42' title="bbox 272 4468 815 4523">
     <span class='ocr_line' id='line_1_42' title="bbox 272 4468 815 4523; baseline 0 -3"><span class='ocrx_word' id='word_1_233' title='bbox 272 4470 465 4523; x_wconf 68' lang='lat' dir='ltr'><strong>accessit</strong></span> <span class='ocrx_word' id='word_1_234' title='bbox 486 4468 578 4522; x_wconf 70' lang='lat' dir='ltr'><strong>sed</strong></span> <span class='ocrx_word' id='word_1_235' title='bbox 609 4478 654 4520; x_wconf 77' lang='lat' dir='ltr'><strong>et</strong></span> <span class='ocrx_word' id='word_1_236' title='bbox 687 4469 815 4520; x_wconf 72' lang='lat' dir='ltr'><strong>hac.</strong></span> 
     </span>
    </p>
   </div>
   <div class='ocr_carea' id='block_1_43' title="bbox 1402 353 2260 423">
    <p class='ocr_par' dir='ltr' id='par_1_43' title="bbox 1402 353 2260 423">
     <span class='ocr_line' id='line_1_43' title="bbox 1402 353 2260 423; baseline -0.016 1"><span class='ocrx_word' id='word_1_237' title='bbox 1402 355 1902 423; x_wconf 71' lang='lat' dir='ltr'><strong>MISCELLANEA.</strong></span> <span class='ocrx_word' id='word_1_238' title='bbox 1945 388 2012 401; x_wconf 92' lang='lat'><strong>—</strong></span> <span class='ocrx_word' id='word_1_239' title='bbox 2049 355 2179 413; x_wconf 86' lang='lat' dir='ltr'><strong>LIB.</strong></span> <span class='ocrx_word' id='word_1_240' title='bbox 2221 353 2260 410; x_wconf 95' lang='lat' dir='ltr'><strong>l.</strong></span> 
     </span>
    </p>
   </div>
   <div class='ocr_carea' id='block_1_44' title="bbox 1813 459 3268 541">
    <p class='ocr_par' dir='ltr' id='par_1_44' title="bbox 1813 459 3268 541">
     <span class='ocr_line' id='line_1_44' title="bbox 1813 459 3268 541; baseline -0.011 -11"><span class='ocrx_word' id='word_1_241' title='bbox 1813 476 1870 538; x_wconf 72' lang='grc' dir='ltr'>Λ</span> <span class='ocrx_word' id='word_1_242' title='bbox 1893 471 2002 530; x_wconf 79' lang='lat' dir='ltr'><strong>Nec</strong></span> <span class='ocrx_word' id='word_1_243' title='bbox 2033 474 2285 541; x_wconf 89' lang='lat' dir='ltr'><strong>poterant</strong></span> <span class='ocrx_word' id='word_1_244' title='bbox 2312 464 2494 522; x_wconf 89' lang='lat' dir='ltr'><strong>subito</strong></span> <span class='ocrx_word' id='word_1_245' title='bbox 2525 463 2618 519; x_wconf 89' lang='lat' dir='ltr'><strong>tibi</strong></span> <span class='ocrx_word' id='word_1_246' title='bbox 2639 459 2872 519; x_wconf 88' lang='lat' dir='ltr'><strong>culmina</strong></span> <span class='ocrx_word' id='word_1_247' title='bbox 2898 460 3042 516; x_wconf 87' lang='lat' dir='ltr'><strong>celsa</strong></span> <span class='ocrx_word' id='word_1_248' title='bbox 3072 459 3268 530; x_wconf 84' lang='lat' dir='ltr'><strong>parari,</strong></span> 
     </span>
    </p>
   </div>
   <div class='ocr_carea' id='block_1_45' title="bbox 3400 347 3469 402">
    <p class='ocr_par' dir='ltr' id='par_1_45' title="bbox 3400 347 3469 402">
     <span class='ocr_line' id='line_1_45' title="bbox 3400 347 3469 402; baseline 0.014 -1"><span class='ocrx_word' id='word_1_249' title='bbox 3400 347 3469 402; x_wconf 84' lang='lat'><strong>78</strong></span> 
     </span>
    </p>
   </div>
   <div class='ocr_carea' id='block_1_46' title="bbox 1975 556 3170 628">
    <p class='ocr_par' dir='ltr' id='par_1_46' title="bbox 1975 556 3170 628">
     <span class='ocr_line' id='line_1_46' title="bbox 1975 556 3170 628; baseline -0.008 -9"><span class='ocrx_word' id='word_1_250' title='bbox 1975 565 2101 619; x_wconf 76' lang='lat' dir='ltr'><strong>llmc</strong></span> <span class='ocrx_word' id='word_1_251' title='bbox 2128 562 2228 616; x_wconf 87' lang='lat' dir='ltr'><strong>nisi</strong></span> <span class='ocrx_word' id='word_1_252' title='bbox 2260 559 2418 628; x_wconf 88' lang='lat' dir='ltr'><strong>digna</strong></span> <span class='ocrx_word' id='word_1_253' title='bbox 2446 565 2594 612; x_wconf 93' lang='lat' dir='ltr'><strong>tuum</strong></span> <span class='ocrx_word' id='word_1_254' title='bbox 2626 556 3010 626; x_wconf 83' lang='lat' dir='ltr'><strong>promeruisset</strong></span> <span class='ocrx_word' id='word_1_255' title='bbox 3037 568 3170 624; x_wconf 91' lang='lat' dir='ltr'><strong>opus</strong></span> 
     </span>
    </p>
   </div>
   <div class='ocr_carea' id='block_1_47' title="bbox 1900 649 3138 724">
    <p class='ocr_par' dir='ltr' id='par_1_47' title="bbox 1900 649 3138 724">
     <span class='ocr_line' id='line_1_47' title="bbox 1900 649 3138 724; baseline -0.007 -11"><span class='ocrx_word' id='word_1_256' title='bbox 1900 657 2190 714; x_wconf 81' lang='lat' dir='ltr'><strong>Nobilitate</strong></span> <span class='ocrx_word' id='word_1_257' title='bbox 2219 664 2408 724; x_wconf 89' lang='lat' dir='ltr'><strong>potens</strong></span> <span class='ocrx_word' id='word_1_258' title='bbox 2448 651 2732 722; x_wconf 67' lang='lat' dir='ltr'><strong>praecellis,</strong></span> <span class='ocrx_word' id='word_1_259' title='bbox 2767 665 2896 720; x_wconf 85' lang='lat' dir='ltr'><strong>papa</strong></span> <span class='ocrx_word' id='word_1_260' title='bbox 2929 649 3138 714; x_wconf 89' lang='lat' dir='ltr'><strong>Leonti,</strong></span> 
     </span>
    </p>
   </div>
   <div class='ocr_carea' id='block_1_48' title="bbox 1971 744 3124 815">
    <p class='ocr_par' dir='ltr' id='par_1_48' title="bbox 1971 744 3124 815">
     <span class='ocr_line' id='line_1_48' title="bbox 1971 744 3124 815; baseline -0.009 -7"><span class='ocrx_word' id='word_1_261' title='bbox 1971 753 2164 808; x_wconf 88' lang='lat' dir='ltr'><strong>Clarus</strong></span> <span class='ocrx_word' id='word_1_262' title='bbox 2192 750 2259 804; x_wconf 89' lang='lat' dir='ltr'><strong>ab</strong></span> <span class='ocrx_word' id='word_1_263' title='bbox 2289 749 2541 815; x_wconf 78' lang='lat' dir='ltr'><strong>antiquis,</strong></span> <span class='ocrx_word' id='word_1_264' title='bbox 2573 748 2614 802; x_wconf 91' lang='lat' dir='ltr'><strong>si</strong></span> <span class='ocrx_word' id='word_1_265' title='bbox 2643 753 2988 800; x_wconf 84' lang='lat' dir='ltr'><strong>numerentur</strong></span> <span class='ocrx_word' id='word_1_266' title='bbox 3017 744 3124 798; x_wconf 87' lang='lat' dir='ltr'><strong>avi.</strong></span> 
     </span>
    </p>
   </div>
   <div class='ocr_carea' id='block_1_49' title="bbox 1903 833 3479 912">
    <p class='ocr_par' dir='ltr' id='par_1_49' title="bbox 1903 833 3479 912">
     <span class='ocr_line' id='line_1_49' title="bbox 1903 833 3479 912; baseline -0.006 -13"><span class='ocrx_word' id='word_1_267' title='bbox 1903 842 2034 899; x_wconf 79' lang='lat' dir='ltr'><strong>Nam</strong></span> <span class='ocrx_word' id='word_1_268' title='bbox 2062 856 2247 912; x_wconf 86' lang='lat' dir='ltr'><strong>genus,</strong></span> <span class='ocrx_word' id='word_1_269' title='bbox 2281 847 2335 895; x_wconf 90' lang='lat' dir='ltr'><strong>et</strong></span> <span class='ocrx_word' id='word_1_270' title='bbox 2357 840 2561 909; x_wconf 80' lang='lat' dir='ltr'><strong>proavi,</strong></span> <span class='ocrx_word' id='word_1_271' title='bbox 2590 839 2670 892; x_wconf 91' lang='lat' dir='ltr'><strong>vel</strong></span> <span class='ocrx_word' id='word_1_272' title='bbox 2697 836 2953 907; x_wconf 85' lang='lat' dir='ltr'><strong>quidquid</strong></span> <span class='ocrx_word' id='word_1_273' title='bbox 2987 836 3040 891; x_wconf 90' lang='lat' dir='ltr'><strong>in</strong></span> <span class='ocrx_word' id='word_1_274' title='bbox 3070 833 3262 890; x_wconf 83' lang='lat' dir='ltr'><strong>ordine</strong></span> <span class='ocrx_word' id='word_1_275' title='bbox 3280 833 3479 902; x_wconf 89' lang='lat' dir='ltr'><strong>dicam,</strong></span> 
     </span>
    </p>
   </div>
   <div class='ocr_carea' id='block_1_50' title="bbox 1977 932 3120 1003">
    <p class='ocr_par' dir='ltr' id='par_1_50' title="bbox 1977 932 3120 1003">
     <span class='ocr_line' id='line_1_50' title="bbox 1977 932 3120 1003; baseline -0.003 -14"><span class='ocrx_word' id='word_1_276' title='bbox 1977 935 2080 989; x_wconf 90' lang='lat' dir='ltr'><strong>Per</strong></span> <span class='ocrx_word' id='word_1_277' title='bbox 2109 947 2359 1003; x_wconf 82' lang='lat' dir='ltr'><strong>proceres</strong></span> <span class='ocrx_word' id='word_1_278' title='bbox 2381 932 2554 986; x_wconf 77' lang='lat' dir='ltr'><strong>celsos</strong></span> <span class='ocrx_word' id='word_1_279' title='bbox 2579 932 2746 984; x_wconf 84' lang='lat' dir='ltr'><strong>currit</strong></span> <span class='ocrx_word' id='word_1_280' title='bbox 2770 935 2920 998; x_wconf 84' lang='lat' dir='ltr'><strong>origo</strong></span> <span class='ocrx_word' id='word_1_281' title='bbox 2947 938 3120 985; x_wconf 90' lang='lat' dir='ltr'><strong>vetus.</strong></span> 
     </span>
    </p>
   </div>
   <div class='ocr_carea' id='block_1_51' title="bbox 1905 1022 3410 1096">
    <p class='ocr_par' dir='ltr' id='par_1_51' title="bbox 1905 1022 3410 1096">
     <span class='ocr_line' id='line_1_51' title="bbox 1905 1022 3410 1096; baseline -0.004 -12"><span class='ocrx_word' id='word_1_282' title='bbox 1905 1029 2168 1096; x_wconf 86' lang='lat' dir='ltr'><strong>Tempora</strong></span> <span class='ocrx_word' id='word_1_283' title='bbox 2193 1027 2224 1079; x_wconf 92' lang='lat' dir='ltr'><strong>d</strong></span> <span class='ocrx_word' id='word_1_284' title='bbox 2253 1025 2496 1095; x_wconf 81' lang='lat' dir='ltr'><strong>u‘ugiunt,</strong></span> <span class='ocrx_word' id='word_1_285' title='bbox 2523 1034 2574 1080; x_wconf 90' lang='lat' dir='ltr'><strong>et</strong></span> <span class='ocrx_word' id='word_1_286' title='bbox 2608 1034 2711 1078; x_wconf 83' lang='lat' dir='ltr'><strong>stat</strong></span> <span class='ocrx_word' id='word_1_287' title='bbox 2745 1036 2918 1078; x_wconf 88' lang='lat' dir='ltr'><strong>tamen</strong></span> <span class='ocrx_word' id='word_1_288' title='bbox 2951 1022 3071 1076; x_wconf 90' lang='lat' dir='ltr'><strong>aula</strong></span> <span class='ocrx_word' id='word_1_289' title='bbox 3100 1029 3410 1092; x_wconf 80' lang='lat' dir='ltr'><strong>parentum°</strong></span> 
     </span>
    </p>
   </div>
   <div class='ocr_carea' id='block_1_52' title="bbox 1977 1118 3230 1190">
    <p class='ocr_par' dir='ltr' id='par_1_52' title="bbox 1977 1118 3230 1190">
     <span class='ocr_line' id='line_1_52' title="bbox 1977 1118 3230 1190; baseline -0.002 -13"><span class='ocrx_word' id='word_1_290' title='bbox 1977 1122 2090 1177; x_wconf 85' lang='lat' dir='ltr'><strong>Nec</strong></span> <span class='ocrx_word' id='word_1_291' title='bbox 2125 1120 2322 1190; x_wconf 89' lang='lat' dir='ltr'><strong>patitur</strong></span> <span class='ocrx_word' id='word_1_292' title='bbox 2351 1121 2579 1188; x_wconf 87' lang='lat' dir='ltr'><strong>lapsum,</strong></span> <span class='ocrx_word' id='word_1_293' title='bbox 2615 1129 2668 1174; x_wconf 90' lang='lat' dir='ltr'><strong>te</strong></span> <span class='ocrx_word' id='word_1_294' title='bbox 2696 1128 3000 1187; x_wconf 86' lang='lat' dir='ltr'><strong>reparante,</strong></span> <span class='ocrx_word' id='word_1_295' title='bbox 3024 1118 3230 1174; x_wconf 89' lang='lat' dir='ltr'><strong>domus.</strong></span> 
     </span>
    </p>
   </div>
   <div class='ocr_carea' id='block_1_53' title="bbox 1906 1210 3135 1280">
    <p class='ocr_par' dir='ltr' id='par_1_53' title="bbox 1906 1210 3135 1280">
     <span class='ocr_line' id='line_1_53' title="bbox 1906 1210 3135 1280; baseline -0.003 -11"><span class='ocrx_word' id='word_1_296' title='bbox 1906 1212 2164 1268; x_wconf 84' lang='lat' dir='ltr'><strong>Nobilitas</strong></span> <span class='ocrx_word' id='word_1_297' title='bbox 2193 1212 2380 1280; x_wconf 88' lang='lat' dir='ltr'><strong>longos</strong></span> <span class='ocrx_word' id='word_1_298' title='bbox 2408 1225 2514 1264; x_wconf 91' lang='lat' dir='ltr'><strong>non</strong></span> <span class='ocrx_word' id='word_1_299' title='bbox 2545 1210 2817 1264; x_wconf 83' lang='lat' dir='ltr'><strong>inclinavit</strong></span> <span class='ocrx_word' id='word_1_300' title='bbox 2846 1210 2896 1264; x_wconf 91' lang='lat' dir='ltr'><strong>in</strong></span> <span class='ocrx_word' id='word_1_301' title='bbox 2926 1224 3094 1265; x_wconf 90' lang='lat' dir='ltr'><strong>annos</strong></span> <span class='ocrx_word' id='word_1_302' title='bbox 3120 1226 3135 1276; x_wconf 89' lang='lat'><strong>;</strong></span> 
     </span>
    </p>
   </div>
   <div class='ocr_carea' id='block_1_54' title="bbox 1977 1302 3183 1372">
    <p class='ocr_par' dir='ltr' id='par_1_54' title="bbox 1977 1302 3183 1372">
     <span class='ocr_line' id='line_1_54' title="bbox 1977 1302 3183 1372; baseline 0 -13"><span class='ocrx_word' id='word_1_303' title='bbox 1977 1305 2073 1360; x_wconf 90' lang='lat' dir='ltr'><strong>Cui</strong></span> <span class='ocrx_word' id='word_1_304' title='bbox 2104 1305 2270 1372; x_wconf 83' lang='lat' dir='ltr'><strong>magis</strong></span> <span class='ocrx_word' id='word_1_305' title='bbox 2301 1317 2580 1358; x_wconf 84' lang='lat' dir='ltr'><strong>ascensum</strong></span> <span class='ocrx_word' id='word_1_306' title='bbox 2608 1303 2786 1372; x_wconf 88' lang='lat' dir='ltr'><strong>proles</strong></span> <span class='ocrx_word' id='word_1_307' title='bbox 2814 1302 2992 1371; x_wconf 83' lang='lat' dir='ltr'><strong>opima</strong></span> <span class='ocrx_word' id='word_1_308' title='bbox 3021 1303 3183 1359; x_wconf 89' lang='lat' dir='ltr'><strong>dedit.</strong></span> 
     </span>
    </p>
   </div>
   <div class='ocr_carea' id='block_1_55' title="bbox 1907 1394 3095 1466">
    <p class='ocr_par' dir='ltr' id='par_1_55' title="bbox 1907 1394 3095 1466">
     <span class='ocr_line' id='line_1_55' title="bbox 1907 1394 3095 1466; baseline -0.003 -15"><span class='ocrx_word' id='word_1_309' title='bbox 1907 1395 2107 1466; x_wconf 84' lang='lat' dir='ltr'><strong>Inclyta</strong></span> <span class='ocrx_word' id='word_1_310' title='bbox 2144 1395 2427 1466; x_wconf 82' lang='lat' dir='ltr'><strong>progenies</strong></span> <span class='ocrx_word' id='word_1_311' title='bbox 2457 1395 2671 1448; x_wconf 89' lang='lat' dir='ltr'><strong>ornavit</strong></span> <span class='ocrx_word' id='word_1_312' title='bbox 2709 1394 2825 1448; x_wconf 93' lang='lat' dir='ltr'><strong>luce</strong></span> <span class='ocrx_word' id='word_1_313' title='bbox 2855 1395 3061 1462; x_wconf 85' lang='lat' dir='ltr'><strong>priores</strong></span> <span class='ocrx_word' id='word_1_314' title='bbox 3081 1435 3095 1459; x_wconf 90' lang='lat'><strong>,</strong></span> 
     </span>
    </p>
   </div>
   <div class='ocr_carea' id='block_1_56' title="bbox 1979 1485 3137 1554">
    <p class='ocr_par' dir='ltr' id='par_1_56' title="bbox 1979 1485 3137 1554">
     <span class='ocr_line' id='line_1_56' title="bbox 1979 1485 3137 1554; baseline -0.001 -13"><span class='ocrx_word' id='word_1_315' title='bbox 1979 1486 2219 1542; x_wconf 70' lang='lat' dir='ltr'><strong>Haeredis</strong></span> <span class='ocrx_word' id='word_1_316' title='bbox 2250 1486 2405 1541; x_wconf 92' lang='lat' dir='ltr'><strong>radio</strong></span> <span class='ocrx_word' id='word_1_317' title='bbox 2445 1485 2695 1554; x_wconf 79' lang='lat' dir='ltr'><strong>splendet</strong></span> <span class='ocrx_word' id='word_1_318' title='bbox 2733 1485 2884 1554; x_wconf 83' lang='lat' dir='ltr'><strong>origo</strong></span> <span class='ocrx_word' id='word_1_319' title='bbox 2915 1493 3137 1554; x_wconf 79' lang='lat' dir='ltr'><strong>patrum.</strong></span> 
     </span>
    </p>
   </div>
   <div class='ocr_carea' id='block_1_57' title="bbox 1911 1577 3112 1644">
    <p class='ocr_par' dir='ltr' id='par_1_57' title="bbox 1911 1577 3112 1644">
     <span class='ocr_line' id='line_1_57' title="bbox 1911 1577 3112 1644; baseline -0.003 -9"><span class='ocrx_word' id='word_1_320' title='bbox 1911 1579 1986 1635; x_wconf 89' lang='lat' dir='ltr'><strong>De</strong></span> <span class='ocrx_word' id='word_1_321' title='bbox 2011 1581 2190 1634; x_wconf 89' lang='lat' dir='ltr'><strong>radice</strong></span> <span class='ocrx_word' id='word_1_322' title='bbox 2219 1593 2315 1633; x_wconf 90' lang='lat' dir='ltr'><strong>sua</strong></span> <span class='ocrx_word' id='word_1_323' title='bbox 2345 1580 2538 1633; x_wconf 78' lang='lat' dir='ltr'><strong>vestita</strong></span> <span class='ocrx_word' id='word_1_324' title='bbox 2565 1585 2648 1632; x_wconf 88' lang='lat' dir='ltr'><strong>est</strong></span> <span class='ocrx_word' id='word_1_325' title='bbox 2677 1577 2812 1632; x_wconf 81' lang='lat' dir='ltr'><strong>ﬂore</strong></span> <span class='ocrx_word' id='word_1_326' title='bbox 2842 1585 3112 1644; x_wconf 87' lang='lat' dir='ltr'><strong>vetustas;</strong></span> 
     </span>
    </p>
   </div>
   <div class='ocr_carea' id='block_1_58' title="bbox 1981 1669 3319 1739">
    <p class='ocr_par' dir='ltr' id='par_1_58' title="bbox 1981 1669 3319 1739">
     <span class='ocr_line' id='line_1_58' title="bbox 1981 1669 3319 1739; baseline 0.002 -15"><span class='ocrx_word' id='word_1_327' title='bbox 1981 1671 2150 1739; x_wconf 88' lang='lat' dir='ltr'><strong>Quam</strong></span> <span class='ocrx_word' id='word_1_328' title='bbox 2181 1671 2372 1726; x_wconf 91' lang='lat' dir='ltr'><strong>merito</strong></span> <span class='ocrx_word' id='word_1_329' title='bbox 2401 1679 2593 1726; x_wconf 72' lang='lat' dir='ltr'><strong>vestra:</strong></span> <span class='ocrx_word' id='word_1_330' title='bbox 2625 1670 2794 1724; x_wconf 88' lang='lat' dir='ltr'><strong>laudis</strong></span> <span class='ocrx_word' id='word_1_331' title='bbox 2816 1670 3098 1725; x_wconf 86' lang='lat' dir='ltr'><strong>obumbrat</strong></span> <span class='ocrx_word' id='word_1_332' title='bbox 3130 1669 3319 1727; x_wconf 87' lang='lat' dir='ltr'><strong>honor.</strong></span> 
     </span>
    </p>
   </div>
   <div class='ocr_carea' id='block_1_59' title="bbox 1909 1765 3352 1838">
    <p class='ocr_par' dir='ltr' id='par_1_59' title="bbox 1909 1765 3352 1838">
     <span class='ocr_line' id='line_1_59' title="bbox 1909 1765 3352 1838; baseline 0.005 -19"><span class='ocrx_word' id='word_1_333' title='bbox 1909 1766 2163 1834; x_wconf 86' lang='lat' dir='ltr'><strong>Quamvis</strong></span> <span class='ocrx_word' id='word_1_334' title='bbox 2191 1781 2296 1821; x_wconf 93' lang='lat' dir='ltr'><strong>non</strong></span> <span class='ocrx_word' id='word_1_335' title='bbox 2327 1767 2520 1834; x_wconf 90' lang='lat' dir='ltr'><strong>aliquis</strong></span> <span class='ocrx_word' id='word_1_336' title='bbox 2551 1770 2727 1837; x_wconf 90' lang='lat' dir='ltr'><strong>potior</strong></span> <span class='ocrx_word' id='word_1_337' title='bbox 2757 1765 2915 1821; x_wconf 92' lang='lat' dir='ltr'><strong>modo</strong></span> <span class='ocrx_word' id='word_1_338' title='bbox 2956 1767 3124 1838; x_wconf 88' lang='lat' dir='ltr'><strong>possit</strong></span> <span class='ocrx_word' id='word_1_339' title='bbox 3145 1767 3352 1838; x_wconf 86' lang='lat' dir='ltr'><strong>haberi,</strong></span> 
     </span>
    </p>
   </div>
   <div class='ocr_carea' id='block_1_60' title="bbox 1833 1858 3117 1934">
    <p class='ocr_par' dir='ltr' id='par_1_60' title="bbox 1833 1858 3117 1934">
     <span class='ocr_line' id='line_1_60' title="bbox 1833 1858 3117 1934; baseline 0.003 -22"><span class='ocrx_word' id='word_1_340' title='bbox 1833 1863 1885 1934; x_wconf 70' lang='grc' dir='ltr'><strong>Β</strong></span> <span class='ocrx_word' id='word_1_341' title='bbox 1985 1859 2063 1912; x_wconf 89' lang='lat' dir='ltr'><strong>Tu</strong></span> <span class='ocrx_word' id='word_1_342' title='bbox 2094 1858 2186 1913; x_wconf 91' lang='lat' dir='ltr'><strong>tibi</strong></span> <span class='ocrx_word' id='word_1_343' title='bbox 2215 1860 2495 1929; x_wconf 74' lang='lat' dir='ltr'><strong>praecedis,</strong></span> <span class='ocrx_word' id='word_1_344' title='bbox 2525 1859 2904 1928; x_wconf 89' lang='lat' dir='ltr'><strong>amplilicando</strong></span> <span class='ocrx_word' id='word_1_345' title='bbox 2937 1871 3117 1930; x_wconf 88' lang='lat' dir='ltr'><strong>patres</strong></span> 
     </span>
    </p>
   </div>
   <div class='ocr_carea' id='block_1_61' title="bbox 1911 1951 3354 2024">
    <p class='ocr_par' dir='ltr' id='par_1_61' title="bbox 1911 1951 3354 2024">
     <span class='ocr_line' id='line_1_61' title="bbox 1911 1951 3354 2024; baseline 0.003 -17"><span class='ocrx_word' id='word_1_346' title='bbox 1911 1951 2118 2007; x_wconf 86' lang='lat' dir='ltr'><strong>Emicat</strong></span> <span class='ocrx_word' id='word_1_347' title='bbox 2145 1953 2286 2006; x_wconf 88' lang='lat' dir='ltr'><strong>altus</strong></span> <span class='ocrx_word' id='word_1_348' title='bbox 2309 1967 2469 2020; x_wconf 83' lang='lat' dir='ltr'><strong>apex,</strong></span> <span class='ocrx_word' id='word_1_349' title='bbox 2495 1967 2750 2022; x_wconf 85' lang='lat' dir='ltr'><strong>generosa</strong></span> <span class='ocrx_word' id='word_1_350' title='bbox 2776 1962 3058 2007; x_wconf 82' lang='lat' dir='ltr'><strong>Stemmata</strong></span> <span class='ocrx_word' id='word_1_351' title='bbox 3093 1953 3354 2024; x_wconf 91' lang='lat' dir='ltr'><strong>pandens,</strong></span> 
     </span>
    </p>
   </div>
   <div class='ocr_carea' id='block_1_62' title="bbox 1981 2042 3091 2112">
    <p class='ocr_par' dir='ltr' id='par_1_62' title="bbox 1981 2042 3091 2112">
     <span class='ocr_line' id='line_1_62' title="bbox 1981 2042 3091 2112; baseline -0.001 -14"><span class='ocrx_word' id='word_1_352' title='bbox 1981 2044 2148 2111; x_wconf 85' lang='lat' dir='ltr'><strong>Cujus</strong></span> <span class='ocrx_word' id='word_1_353' title='bbox 2176 2042 2314 2112; x_wconf 91' lang='lat' dir='ltr'><strong>apud</strong></span> <span class='ocrx_word' id='word_1_354' title='bbox 2347 2058 2500 2112; x_wconf 89' lang='lat' dir='ltr'><strong>reges</strong></span> <span class='ocrx_word' id='word_1_355' title='bbox 2531 2045 2686 2097; x_wconf 90' lang='lat' dir='ltr'><strong>unica</strong></span> <span class='ocrx_word' id='word_1_356' title='bbox 2721 2044 2891 2112; x_wconf 89' lang='lat' dir='ltr'><strong>palma</strong></span> <span class='ocrx_word' id='word_1_357' title='bbox 2927 2051 3091 2112; x_wconf 89' lang='lat' dir='ltr'><strong>patet.</strong></span> 
     </span>
    </p>
   </div>
   <div class='ocr_carea' id='block_1_63' title="bbox 1913 2131 3320 2205">
    <p class='ocr_par' dir='ltr' id='par_1_63' title="bbox 1913 2131 3320 2205">
     <span class='ocr_line' id='line_1_63' title="bbox 1913 2131 3320 2205; baseline 0.002 -15"><span class='ocrx_word' id='word_1_358' title='bbox 1913 2131 2176 2190; x_wconf 68' lang='lat' dir='ltr'><strong>Ecclesiae</strong></span> <span class='ocrx_word' id='word_1_359' title='bbox 2200 2149 2340 2189; x_wconf 92' lang='lat' dir='ltr'><strong>nunc</strong></span> <span class='ocrx_word' id='word_1_360' title='bbox 2364 2134 2486 2205; x_wconf 81' lang='lat' dir='ltr'><strong>jura</strong></span> <span class='ocrx_word' id='word_1_361' title='bbox 2519 2137 2681 2204; x_wconf 84' lang='lat' dir='ltr'><strong>regis,</strong></span> <span class='ocrx_word' id='word_1_362' title='bbox 2712 2135 3017 2190; x_wconf 86' lang='lat' dir='ltr'><strong>venerande</strong></span> <span class='ocrx_word' id='word_1_363' title='bbox 3046 2137 3320 2205; x_wconf 89' lang='lat' dir='ltr'><strong>sacerdos,</strong></span> 
     </span>
    </p>
   </div>
   <div class='ocr_carea' id='block_1_64' title="bbox 1986 2226 3001 2282">
    <p class='ocr_par' dir='ltr' id='par_1_64' title="bbox 1986 2226 3001 2282">
     <span class='ocr_line' id='line_1_64' title="bbox 1986 2226 3001 2282; baseline 0 -2"><span class='ocrx_word' id='word_1_364' title='bbox 1986 2226 2166 2281; x_wconf 88' lang='lat' dir='ltr'><strong>Altera</strong></span> <span class='ocrx_word' id='word_1_365' title='bbox 2197 2227 2447 2282; x_wconf 90' lang='lat' dir='ltr'><strong>nobilitas</strong></span> <span class='ocrx_word' id='word_1_366' title='bbox 2477 2227 2690 2282; x_wconf 78' lang='lat' dir='ltr'><strong>additur</strong></span> <span class='ocrx_word' id='word_1_367' title='bbox 2721 2227 2843 2282; x_wconf 89' lang='lat' dir='ltr'><strong>inde</strong></span> <span class='ocrx_word' id='word_1_368' title='bbox 2887 2227 3001 2281; x_wconf 89' lang='lat' dir='ltr'><strong>tibi.</strong></span> 
     </span>
    </p>
   </div>
   <div class='ocr_carea' id='block_1_65' title="bbox 1915 2313 3504 2394">
    <p class='ocr_par' dir='ltr' id='par_1_65' title="bbox 1915 2313 3504 2394">
     <span class='ocr_line' id='line_1_65' title="bbox 1915 2313 3504 2394; baseline 0.001 -19"><span class='ocrx_word' id='word_1_369' title='bbox 1915 2315 2246 2376; x_wconf 83' lang='lat' dir='ltr'><strong>POntiiicalis</strong></span> <span class='ocrx_word' id='word_1_370' title='bbox 2277 2335 2413 2389; x_wconf 82' lang='lat' dir='ltr'><strong>apex</strong></span> <span class='ocrx_word' id='word_1_371' title='bbox 2444 2319 2686 2389; x_wconf 87' lang='lat' dir='ltr'><strong>quamvis</strong></span> <span class='ocrx_word' id='word_1_372' title='bbox 2716 2319 2781 2374; x_wconf 88' lang='lat' dir='ltr'><strong>sit</strong></span> <span class='ocrx_word' id='word_1_373' title='bbox 2821 2320 2996 2374; x_wconf 89' lang='lat' dir='ltr'><strong>celsus</strong></span> <span class='ocrx_word' id='word_1_374' title='bbox 3037 2317 3089 2374; x_wconf 92' lang='lat' dir='ltr'><strong>in</strong></span> <span class='ocrx_word' id='word_1_375' title='bbox 3136 2314 3267 2375; x_wconf 88' lang='lat' dir='ltr'><strong>urbe</strong></span> <span class='ocrx_word' id='word_1_376' title='bbox 3292 2313 3504 2394; x_wconf 86' lang='lat' dir='ltr'><strong>[orbe],</strong></span> 
     </span>
    </p>
   </div>
   <div class='ocr_carea' id='block_1_66' title="bbox 1989 2412 3291 2483">
    <p class='ocr_par' dir='ltr' id='par_1_66' title="bbox 1989 2412 3291 2483">
     <span class='ocr_line' id='line_1_66' title="bbox 1989 2412 3291 2483; baseline -0.001 -15"><span class='ocrx_word' id='word_1_377' title='bbox 1989 2414 2277 2483; x_wconf 85' lang='lat' dir='ltr'><strong>Postquam</strong></span> <span class='ocrx_word' id='word_1_378' title='bbox 2303 2421 2356 2469; x_wconf 89' lang='lat' dir='ltr'><strong>te</strong></span> <span class='ocrx_word' id='word_1_379' title='bbox 2393 2415 2604 2479; x_wconf 90' lang='lat' dir='ltr'><strong>meruit,</strong></span> <span class='ocrx_word' id='word_1_380' title='bbox 2635 2413 2806 2468; x_wconf 88' lang='lat' dir='ltr'><strong>crevit</strong></span> <span class='ocrx_word' id='word_1_381' title='bbox 2833 2412 3060 2479; x_wconf 90' lang='lat' dir='ltr'><strong>adeptus</strong></span> <span class='ocrx_word' id='word_1_382' title='bbox 3099 2413 3291 2467; x_wconf 91' lang='lat' dir='ltr'><strong>honor.</strong></span> 
     </span>
    </p>
   </div>
   <div class='ocr_carea' id='block_1_67' title="bbox 1917 2501 3406 2575">
    <p class='ocr_par' dir='ltr' id='par_1_67' title="bbox 1917 2501 3406 2575">
     <span class='ocr_line' id='line_1_67' title="bbox 1917 2501 3406 2575; baseline -0.002 -12"><span class='ocrx_word' id='word_1_383' title='bbox 1917 2507 2051 2563; x_wconf 84' lang='lat' dir='ltr'><strong>Aula</strong></span> <span class='ocrx_word' id='word_1_384' title='bbox 2083 2507 2202 2574; x_wconf 91' lang='lat' dir='ltr'><strong>Dei,</strong></span> <span class='ocrx_word' id='word_1_385' title='bbox 2227 2515 2281 2562; x_wconf 89' lang='lat' dir='ltr'><strong>et</strong></span> <span class='ocrx_word' id='word_1_386' title='bbox 2311 2511 2515 2575; x_wconf 86' lang='lat' dir='ltr'><strong>pastor,</strong></span> <span class='ocrx_word' id='word_1_387' title='bbox 2549 2505 2754 2559; x_wconf 88' lang='lat' dir='ltr'><strong>vicibus</strong></span> <span class='ocrx_word' id='word_1_388' title='bbox 2776 2504 2877 2559; x_wconf 90' lang='lat' dir='ltr'><strong>sibi</strong></span> <span class='ocrx_word' id='word_1_389' title='bbox 2909 2505 3129 2574; x_wconf 69' lang='lat' dir='ltr'><strong>praemia</strong></span> <span class='ocrx_word' id='word_1_390' title='bbox 3159 2501 3406 2573; x_wconf 88' lang='lat' dir='ltr'><strong>reddunt,</strong></span> 
     </span>
    </p>
   </div>
   <div class='ocr_carea' id='block_1_68' title="bbox 1992 2595 3083 2664">
    <p class='ocr_par' dir='ltr' id='par_1_68' title="bbox 1992 2595 3083 2664">
     <span class='ocr_line' id='line_1_68' title="bbox 1992 2595 3083 2664; baseline -0.002 -11"><span class='ocrx_word' id='word_1_391' title='bbox 1992 2597 2071 2653; x_wconf 88' lang='lat' dir='ltr'><strong>Illi</strong></span> <span class='ocrx_word' id='word_1_392' title='bbox 2103 2608 2156 2652; x_wconf 89' lang='lat' dir='ltr'><strong>tu</strong></span> <span class='ocrx_word' id='word_1_393' title='bbox 2183 2606 2452 2664; x_wconf 90' lang='lat' dir='ltr'><strong>ornatum,</strong></span> <span class='ocrx_word' id='word_1_394' title='bbox 2485 2610 2636 2664; x_wconf 86' lang='lat' dir='ltr'><strong>spem</strong></span> <span class='ocrx_word' id='word_1_395' title='bbox 2664 2596 2812 2650; x_wconf 90' lang='lat' dir='ltr'><strong>dedit</strong></span> <span class='ocrx_word' id='word_1_396' title='bbox 2841 2595 2927 2649; x_wconf 89' lang='lat' dir='ltr'><strong>illa</strong></span> <span class='ocrx_word' id='word_1_397' title='bbox 2969 2595 3083 2651; x_wconf 83' lang='lat' dir='ltr'><strong>tibi.</strong></span> 
     </span>
    </p>
   </div>
   <div class='ocr_carea' id='block_1_69' title="bbox 1922 2688 3122 2759">
    <p class='ocr_par' dir='ltr' id='par_1_69' title="bbox 1922 2688 3122 2759">
     <span class='ocr_line' id='line_1_69' title="bbox 1922 2688 3122 2759; baseline -0.002 -13"><span class='ocrx_word' id='word_1_398' title='bbox 1922 2689 2144 2746; x_wconf 80' lang='lat' dir='ltr'><strong>Munere</strong></span> <span class='ocrx_word' id='word_1_399' title='bbox 2173 2690 2357 2745; x_wconf 88' lang='lat' dir='ltr'><strong>divino</strong></span> <span class='ocrx_word' id='word_1_400' title='bbox 2387 2688 2587 2759; x_wconf 89' lang='lat' dir='ltr'><strong>pariter</strong></span> <span class='ocrx_word' id='word_1_401' title='bbox 2617 2688 2822 2744; x_wconf 83' lang='lat' dir='ltr'><strong>ﬂoretis</strong></span> <span class='ocrx_word' id='word_1_402' title='bbox 2854 2691 3084 2758; x_wconf 88' lang='lat' dir='ltr'><strong>utrique,</strong></span> <span class='ocrx_word' id='word_1_403' title='bbox 3119 2740 3122 2744; x_wconf 92' lang='lat'><strong>.</strong></span> 
     </span>
    </p>
   </div>
   <div class='ocr_carea' id='block_1_70' title="bbox 1995 2779 3118 2851">
    <p class='ocr_par' dir='ltr' id='par_1_70' title="bbox 1995 2779 3118 2851">
     <span class='ocr_line' id='line_1_70' title="bbox 1995 2779 3118 2851; baseline -0.003 -15"><span class='ocrx_word' id='word_1_404' title='bbox 1995 2781 2075 2836; x_wconf 90' lang='lat' dir='ltr'><strong>Tu</strong></span> <span class='ocrx_word' id='word_1_405' title='bbox 2107 2781 2561 2851; x_wconf 82' lang='lat' dir='ltr'><strong>mercede-places</strong></span> <span class='ocrx_word' id='word_1_406' title='bbox 2582 2822 2596 2845; x_wconf 95' lang='lat'><strong>,</strong></span> <span class='ocrx_word' id='word_1_407' title='bbox 2632 2779 2718 2834; x_wconf 89' lang='lat' dir='ltr'><strong>illa</strong></span> <span class='ocrx_word' id='word_1_408' title='bbox 2746 2780 2940 2835; x_wconf 86' lang='lat' dir='ltr'><strong>decore</strong></span> <span class='ocrx_word' id='word_1_409' title='bbox 2969 2781 3118 2836; x_wconf 89' lang='lat' dir='ltr'><strong>nitet.</strong></span> 
     </span>
    </p>
   </div>
   <div class='ocr_carea' id='block_1_71' title="bbox 1934 2871 3264 2938">
    <p class='ocr_par' dir='ltr' id='par_1_71' title="bbox 1934 2871 3264 2938">
     <span class='ocr_line' id='line_1_71' title="bbox 1934 2871 3264 2938; baseline -0.004 -6"><span class='ocrx_word' id='word_1_410' title='bbox 1934 2876 2154 2932; x_wconf 84' lang='lat' dir='ltr'><strong>Tertius</strong></span> <span class='ocrx_word' id='word_1_411' title='bbox 2181 2892 2210 2930; x_wconf 92' lang='lat' dir='ltr'><strong>a</strong></span> <span class='ocrx_word' id='word_1_412' title='bbox 2238 2877 2446 2930; x_wconf 89' lang='lat' dir='ltr'><strong>decimo</strong></span> <span class='ocrx_word' id='word_1_413' title='bbox 2477 2875 2601 2929; x_wconf 84' lang='lat' dir='ltr'><strong>huic</strong></span> <span class='ocrx_word' id='word_1_414' title='bbox 2632 2873 2746 2928; x_wconf 88' lang='lat' dir='ltr'><strong>urbi</strong></span> <span class='ocrx_word' id='word_1_415' title='bbox 2779 2874 3001 2928; x_wconf 71' lang='lat' dir='ltr'><strong>antisves</strong></span> <span class='ocrx_word' id='word_1_416' title='bbox 3032 2871 3264 2938; x_wconf 81' lang='lat' dir='ltr'><strong>liaberis,</strong></span> 
     </span>
    </p>
   </div>
   <div class='ocr_carea' id='block_1_72' title="bbox 1998 2968 3152 3039">
    <p class='ocr_par' dir='ltr' id='par_1_72' title="bbox 1998 2968 3152 3039">
     <span class='ocr_line' id='line_1_72' title="bbox 1998 2968 3152 3039; baseline -0.004 -13"><span class='ocrx_word' id='word_1_417' title='bbox 1998 2969 2105 3026; x_wconf 89' lang='lat' dir='ltr'><strong>Sed</strong></span> <span class='ocrx_word' id='word_1_418' title='bbox 2137 2971 2340 3039; x_wconf 87' lang='lat' dir='ltr'><strong>primus</strong></span> <span class='ocrx_word' id='word_1_419' title='bbox 2367 2969 2572 3024; x_wconf 88' lang='lat' dir='ltr'><strong>meritis</strong></span> <span class='ocrx_word' id='word_1_420' title='bbox 2603 2968 2998 3022; x_wconf 80' lang='lat' dir='ltr'><strong>enumeraudus</strong></span> <span class='ocrx_word' id='word_1_421' title='bbox 3025 2968 3152 3023; x_wconf 89' lang='lat' dir='ltr'><strong>eris.</strong></span> 
     </span>
    </p>
   </div>
   <div class='ocr_carea' id='block_1_73' title="bbox 1929 3052 3371 3130">
    <p class='ocr_par' dir='ltr' id='par_1_73' title="bbox 1929 3052 3371 3130">
     <span class='ocr_line' id='line_1_73' title="bbox 1929 3052 3371 3130; baseline 0 -14"><span class='ocrx_word' id='word_1_422' title='bbox 1929 3059 2152 3130; x_wconf 78' lang='lat' dir='ltr'><strong>Templa</strong></span> <span class='ocrx_word' id='word_1_423' title='bbox 2183 3069 2390 3116; x_wconf 85' lang='lat' dir='ltr'><strong>vetusta</strong></span> <span class='ocrx_word' id='word_1_424' title='bbox 2418 3061 2510 3116; x_wconf 89' lang='lat' dir='ltr'><strong>Dei</strong></span> <span class='ocrx_word' id='word_1_425' title='bbox 2539 3059 2804 3115; x_wconf 81' lang='lat' dir='ltr'><strong>revocasti</strong></span> <span class='ocrx_word' id='word_1_426' title='bbox 2832 3057 2883 3114; x_wconf 89' lang='lat' dir='ltr'><strong>in</strong></span> <span class='ocrx_word' id='word_1_427' title='bbox 2913 3061 3146 3114; x_wconf 89' lang='lat' dir='ltr'><strong>culmine</strong></span> <span class='ocrx_word' id='word_1_428' title='bbox 3172 3052 3371 3130; x_wconf 86' lang='lat' dir='ltr'><strong>prisco,</strong></span> 
     </span>
    </p>
   </div>
   <div class='ocr_carea' id='block_1_74' title="bbox 2003 3155 3347 3228">
    <p class='ocr_par' dir='ltr' id='par_1_74' title="bbox 2003 3155 3347 3228">
     <span class='ocr_line' id='line_1_74' title="bbox 2003 3155 3347 3228; baseline 0 -17"><span class='ocrx_word' id='word_1_429' title='bbox 2003 3157 2236 3228; x_wconf 90' lang='lat' dir='ltr'><strong>Postque</strong></span> <span class='ocrx_word' id='word_1_430' title='bbox 2267 3164 2421 3212; x_wconf 89' lang='lat' dir='ltr'><strong>suum</strong></span> <span class='ocrx_word' id='word_1_431' title='bbox 2451 3155 2656 3224; x_wconf 87' lang='lat' dir='ltr'><strong>lapsum</strong></span> <span class='ocrx_word' id='word_1_432' title='bbox 2687 3170 2829 3210; x_wconf 92' lang='lat' dir='ltr'><strong>nunc</strong></span> <span class='ocrx_word' id='word_1_433' title='bbox 2864 3157 3082 3210; x_wconf 84' lang='lat' dir='ltr'><strong>meliora</strong></span> <span class='ocrx_word' id='word_1_434' title='bbox 3116 3157 3347 3225; x_wconf 88' lang='lat' dir='ltr'><strong>placent.</strong></span> 
     </span>
    </p>
   </div>
   <div class='ocr_carea' id='block_1_75' title="bbox 1852 3245 3231 3319">
    <p class='ocr_par' dir='ltr' id='par_1_75' title="bbox 1852 3245 3231 3319">
     <span class='ocr_line' id='line_1_75' title="bbox 1852 3245 3231 3319; baseline -0.004 -11"><span class='ocrx_word' id='word_1_435' title='bbox 1852 3245 1899 3308; x_wconf 92' lang='lat' dir='ltr'><strong>C</strong></span> <span class='ocrx_word' id='word_1_436' title='bbox 1931 3247 2090 3305; x_wconf 84' lang='lat' dir='ltr'><strong>Flore</strong></span> <span class='ocrx_word' id='word_1_437' title='bbox 2111 3249 2423 3319; x_wconf 87' lang='lat' dir='ltr'><strong>juventutis,</strong></span> <span class='ocrx_word' id='word_1_438' title='bbox 2459 3249 2611 3303; x_wconf 91' lang='lat' dir='ltr'><strong>senio</strong></span> <span class='ocrx_word' id='word_1_439' title='bbox 2641 3247 2892 3318; x_wconf 80' lang='lat' dir='ltr'><strong>fugiente,</strong></span> <span class='ocrx_word' id='word_1_440' title='bbox 2925 3259 3231 3314; x_wconf 87' lang='lat' dir='ltr'><strong>coruscant,</strong></span> 
     </span>
    </p>
   </div>
   <div class='ocr_carea' id='block_1_76' title="bbox 2011 3335 3270 3410">
    <p class='ocr_par' dir='ltr' id='par_1_76' title="bbox 2011 3335 3270 3410">
     <span class='ocr_line' id='line_1_76' title="bbox 2011 3335 3270 3410; baseline 0 -15"><span class='ocrx_word' id='word_1_441' title='bbox 2011 3342 2075 3395; x_wconf 87' lang='lat' dir='ltr'><strong>Et</strong></span> <span class='ocrx_word' id='word_1_442' title='bbox 2102 3341 2196 3395; x_wconf 83' lang='lat' dir='ltr'><strong>tibi</strong></span> <span class='ocrx_word' id='word_1_443' title='bbox 2231 3341 2347 3396; x_wconf 69' lang='lat' dir='ltr'><strong>laeta</strong></span> <span class='ocrx_word' id='word_1_444' title='bbox 2382 3335 2582 3405; x_wconf 77' lang='lat' dir='ltr'><strong>favent,</strong></span> <span class='ocrx_word' id='word_1_445' title='bbox 2623 3355 2729 3410; x_wconf 92' lang='lat' dir='ltr'><strong>quo</strong></span> <span class='ocrx_word' id='word_1_446' title='bbox 2762 3351 3052 3395; x_wconf 86' lang='lat' dir='ltr'><strong>renovante</strong></span> <span class='ocrx_word' id='word_1_447' title='bbox 3080 3341 3270 3395; x_wconf 86' lang='lat' dir='ltr'><strong>virent.</strong></span> 
     </span>
    </p>
   </div>
   <div class='ocr_carea' id='block_1_77' title="bbox 1939 3432 3274 3506">
    <p class='ocr_par' dir='ltr' id='par_1_77' title="bbox 1939 3432 3274 3506">
     <span class='ocr_line' id='line_1_77' title="bbox 1939 3432 3274 3506; baseline -0.004 -16"><span class='ocrx_word' id='word_1_448' title='bbox 1939 3432 2006 3490; x_wconf 89' lang='lat' dir='ltr'><strong>Ut</strong></span> <span class='ocrx_word' id='word_1_449' title='bbox 2033 3444 2086 3487; x_wconf 89' lang='lat' dir='ltr'><strong>tu</strong></span> <span class='ocrx_word' id='word_1_450' title='bbox 2119 3433 2234 3501; x_wconf 87' lang='lat' dir='ltr'><strong>plus</strong></span> <span class='ocrx_word' id='word_1_451' title='bbox 2263 3447 2470 3503; x_wconf 78' lang='lat' dir='ltr'><strong>ageres,</strong></span> <span class='ocrx_word' id='word_1_452' title='bbox 2494 3432 2744 3506; x_wconf 86' lang='lat' dir='ltr'><strong>incendia</strong></span> <span class='ocrx_word' id='word_1_453' title='bbox 2777 3441 2912 3486; x_wconf 89' lang='lat' dir='ltr'><strong>tecta</strong></span> <span class='ocrx_word' id='word_1_454' title='bbox 2939 3439 3274 3500; x_wconf 75' lang='lat' dir='ltr'><strong>cremarum,</strong></span> 
     </span>
    </p>
   </div>
   <div class='ocr_carea' id='block_1_78' title="bbox 2007 3524 3218 3595">
    <p class='ocr_par' dir='ltr' id='par_1_78' title="bbox 2007 3524 3218 3595">
     <span class='ocr_line' id='line_1_78' title="bbox 2007 3524 3218 3595; baseline 0 -16"><span class='ocrx_word' id='word_1_455' title='bbox 2007 3525 2078 3579; x_wconf 79' lang='grc' dir='ltr'>Ει</span> <span class='ocrx_word' id='word_1_456' title='bbox 2106 3541 2246 3580; x_wconf 90' lang='lat' dir='ltr'><strong>nunc</strong></span> <span class='ocrx_word' id='word_1_457' title='bbox 2276 3525 2430 3580; x_wconf 74' lang='lat' dir='ltr'><strong>laude</strong></span> <span class='ocrx_word' id='word_1_458' title='bbox 2462 3535 2546 3580; x_wconf 86' lang='lat' dir='ltr'><strong>tua</strong></span> <span class='ocrx_word' id='word_1_459' title='bbox 2583 3524 2852 3595; x_wconf 81' lang='lat' dir='ltr'><strong>pulchrius</strong></span> <span class='ocrx_word' id='word_1_460' title='bbox 2883 3524 2970 3579; x_wconf 79' lang='lat' dir='ltr'><strong>illa</strong></span> <span class='ocrx_word' id='word_1_461' title='bbox 3001 3527 3218 3579; x_wconf 83' lang='lat' dir='ltr'><strong>micant.</strong></span> 
     </span>
    </p>
   </div>
   <div class='ocr_carea' id='block_1_79' title="bbox 1939 3615 3364 3686">
    <p class='ocr_par' dir='ltr' id='par_1_79' title="bbox 1939 3615 3364 3686">
     <span class='ocr_line' id='line_1_79' title="bbox 1939 3615 3364 3686; baseline -0.001 -13"><span class='ocrx_word' id='word_1_462' title='bbox 1939 3619 2200 3686; x_wconf 82' lang='lat' dir='ltr'><strong>Nullaque</strong></span> <span class='ocrx_word' id='word_1_463' title='bbox 2223 3619 2620 3673; x_wconf 77' lang='lat' dir='ltr'><strong>llammicremte</strong></span> <span class='ocrx_word' id='word_1_464' title='bbox 2651 3628 2932 3673; x_wconf 79' lang='lat' dir='ltr'><strong>Senserunt</strong></span> <span class='ocrx_word' id='word_1_465' title='bbox 2955 3618 3147 3671; x_wconf 87' lang='lat' dir='ltr'><strong>damna</strong></span> <span class='ocrx_word' id='word_1_466' title='bbox 3177 3615 3364 3683; x_wconf 59' lang='lat' dir='ltr'><strong>ruina,</strong></span> 
     </span>
    </p>
   </div>
   <div class='ocr_carea' id='block_1_80' title="bbox 2009 3709 3348 3780">
    <p class='ocr_par' dir='ltr' id='par_1_80' title="bbox 2009 3709 3348 3780">
     <span class='ocr_line' id='line_1_80' title="bbox 2009 3709 3348 3780; baseline -0.002 -15"><span class='ocrx_word' id='word_1_467' title='bbox 2009 3711 2138 3778; x_wconf 67' lang='lat' dir='ltr'><strong>Quae</strong></span> <span class='ocrx_word' id='word_1_468' title='bbox 2170 3711 2327 3765; x_wconf 89' lang='lat' dir='ltr'><strong>modo</strong></span> <span class='ocrx_word' id='word_1_469' title='bbox 2363 3718 2484 3780; x_wconf 88' lang='lat' dir='ltr'><strong>post</strong></span> <span class='ocrx_word' id='word_1_470' title='bbox 2511 3711 2662 3780; x_wconf 85' lang='lat' dir='ltr'><strong>ignes</strong></span> <span class='ocrx_word' id='word_1_471' title='bbox 2688 3709 2711 3745; x_wconf 73' lang='grc' dir='ltr'><strong>ιι</strong></span> <span class='ocrx_word' id='word_1_472' title='bbox 2740 3709 2943 3763; x_wconf 86' lang='lat' dir='ltr'><strong>lumine</strong></span> <span class='ocrx_word' id='word_1_473' title='bbox 2971 3709 3129 3776; x_wconf 86' lang='lat' dir='ltr'><strong>plena</strong></span> <span class='ocrx_word' id='word_1_474' title='bbox 3158 3709 3348 3762; x_wconf 78' lang='lat' dir='ltr'><strong>nitent.</strong></span> 
     </span>
    </p>
   </div>
   <div class='ocr_carea' id='block_1_81' title="bbox 1937 3796 3274 3869">
    <p class='ocr_par' dir='ltr' id='par_1_81' title="bbox 1937 3796 3274 3869">
     <span class='ocr_line' id='line_1_81' title="bbox 1937 3796 3274 3869; baseline -0.004 -15"><span class='ocrx_word' id='word_1_475' title='bbox 1937 3798 2113 3856; x_wconf 90' lang='lat' dir='ltr'><strong>Credo</strong></span> <span class='ocrx_word' id='word_1_476' title='bbox 2135 3801 2274 3869; x_wconf 92' lang='lat' dir='ltr'><strong>quod</strong></span> <span class='ocrx_word' id='word_1_477' title='bbox 2306 3816 2368 3854; x_wconf 78' lang='lat' dir='ltr'><strong>et</strong></span> <span class='ocrx_word' id='word_1_478' title='bbox 2401 3814 2524 3854; x_wconf 84' lang='lat' dir='ltr'><strong>sese</strong></span> <span class='ocrx_word' id='word_1_479' title='bbox 2555 3800 2845 3853; x_wconf 90' lang='lat' dir='ltr'><strong>voluissent</strong></span> <span class='ocrx_word' id='word_1_480' title='bbox 2875 3799 2990 3865; x_wconf 88' lang='lat' dir='ltr'><strong>ipsa</strong></span> <span class='ocrx_word' id='word_1_481' title='bbox 3013 3796 3274 3863; x_wconf 90' lang='lat' dir='ltr'><strong>cremari,</strong></span> 
     </span>
    </p>
   </div>
   <div class='ocr_carea' id='block_1_82' title="bbox 2011 3887 3097 3948">
    <p class='ocr_par' dir='ltr' id='par_1_82' title="bbox 2011 3887 3097 3948">
     <span class='ocr_line' id='line_1_82' title="bbox 2011 3887 3097 3948; baseline -0.006 0"><span class='ocrx_word' id='word_1_482' title='bbox 2011 3890 2081 3948; x_wconf 88' lang='lat' dir='ltr'><strong>Ut</strong></span> <span class='ocrx_word' id='word_1_483' title='bbox 2110 3892 2258 3947; x_wconf 73' lang='lat' dir='ltr'><strong>labor</strong></span> <span class='ocrx_word' id='word_1_484' title='bbox 2285 3891 2372 3946; x_wconf 93' lang='lat' dir='ltr'><strong>ille</strong></span> <span class='ocrx_word' id='word_1_485' title='bbox 2400 3904 2520 3944; x_wconf 92' lang='lat' dir='ltr'><strong>tuus</strong></span> <span class='ocrx_word' id='word_1_486' title='bbox 2553 3889 2663 3944; x_wconf 61' lang='lat' dir='ltr'><strong>haec</strong></span> <span class='ocrx_word' id='word_1_487' title='bbox 2692 3888 2913 3942; x_wconf 90' lang='lat' dir='ltr'><strong>meliora</strong></span> <span class='ocrx_word' id='word_1_488' title='bbox 2942 3887 3097 3941; x_wconf 90' lang='lat' dir='ltr'><strong>daret</strong></span> 
     </span>
    </p>
   </div>
   <div class='ocr_carea' id='block_1_83' title="bbox 1943 3976 3397 4050">
    <p class='ocr_par' dir='ltr' id='par_1_83' title="bbox 1943 3976 3397 4050">
     <span class='ocr_line' id='line_1_83' title="bbox 1943 3976 3397 4050; baseline -0.006 -11"><span class='ocrx_word' id='word_1_489' title='bbox 1943 3981 2071 4039; x_wconf 87' lang='lat' dir='ltr'><strong>Post</strong></span> <span class='ocrx_word' id='word_1_490' title='bbox 2093 3982 2301 4037; x_wconf 90' lang='lat' dir='ltr'><strong>cineres</strong></span> <span class='ocrx_word' id='word_1_491' title='bbox 2331 3989 2643 4050; x_wconf 83' lang='lat' dir='ltr'><strong>consumpta</strong></span> <span class='ocrx_word' id='word_1_492' title='bbox 2673 3994 2817 4041; x_wconf 90' lang='lat' dir='ltr'><strong>suos,</strong></span> <span class='ocrx_word' id='word_1_493' title='bbox 2847 3988 3141 4047; x_wconf 86' lang='lat' dir='ltr'><strong>tenuesque</strong></span> <span class='ocrx_word' id='word_1_494' title='bbox 3171 3976 3397 4041; x_wconf 79' lang='lat' dir='ltr'><strong>favillas,</strong></span> 
     </span>
    </p>
   </div>
   <div class='ocr_carea' id='block_1_84' title="bbox 2012 4071 3247 4130">
    <p class='ocr_par' dir='ltr' id='par_1_84' title="bbox 2012 4071 3247 4130">
     <span class='ocr_line' id='line_1_84' title="bbox 2012 4071 3247 4130; baseline -0.006 -1"><span class='ocrx_word' id='word_1_495' title='bbox 2012 4074 2103 4129; x_wconf 88' lang='lat' dir='ltr'><strong>Sic</strong></span> <span class='ocrx_word' id='word_1_496' title='bbox 2133 4075 2269 4130; x_wconf 90' lang='lat' dir='ltr'><strong>solet</strong></span> <span class='ocrx_word' id='word_1_497' title='bbox 2296 4082 2350 4128; x_wconf 91' lang='lat' dir='ltr'><strong>et</strong></span> <span class='ocrx_word' id='word_1_498' title='bbox 2378 4072 2603 4128; x_wconf 62' lang='lat' dir='ltr'><strong>Phoenix</strong></span> <span class='ocrx_word' id='word_1_499' title='bbox 2641 4071 2658 4109; x_wconf 80' lang='grc' dir='ltr'>ι</span> <span class='ocrx_word' id='word_1_500' title='bbox 2691 4086 2750 4126; x_wconf 88' lang='lat' dir='ltr'><strong>se</strong></span> <span class='ocrx_word' id='word_1_501' title='bbox 2778 4086 3040 4126; x_wconf 85' lang='lat' dir='ltr'><strong>renovare</strong></span> <span class='ocrx_word' id='word_1_502' title='bbox 3063 4084 3247 4124; x_wconf 79' lang='lat' dir='ltr'><strong>senex.</strong></span> 
     </span>
    </p>
   </div>
   <div class='ocr_carea' id='block_1_85' title="bbox 1945 4160 3304 4238">
    <p class='ocr_par' dir='ltr' id='par_1_85' title="bbox 1945 4160 3304 4238">
     <span class='ocr_line' id='line_1_85' title="bbox 1945 4160 3304 4238; baseline -0.001 -18"><span class='ocrx_word' id='word_1_503' title='bbox 1945 4163 2241 4220; x_wconf 86' lang='lat' dir='ltr'><strong>Instaurata</strong></span> <span class='ocrx_word' id='word_1_504' title='bbox 2272 4167 2431 4222; x_wconf 91' lang='lat' dir='ltr'><strong>etiam</strong></span> <span class='ocrx_word' id='word_1_505' title='bbox 2461 4160 2599 4225; x_wconf 83' lang='lat' dir='ltr'><strong>sacri</strong></span> <span class='ocrx_word' id='word_1_506' title='bbox 2627 4178 2709 4225; x_wconf 92' lang='lat' dir='ltr'><strong>est</strong></span> <span class='ocrx_word' id='word_1_507' title='bbox 2745 4169 3074 4238; x_wconf 74' lang='lat' dir='ltr'><strong>baptismatis</strong></span> <span class='ocrx_word' id='word_1_508' title='bbox 3095 4167 3213 4220; x_wconf 89' lang='lat' dir='ltr'><strong>aula</strong></span> <span class='ocrx_word' id='word_1_509' title='bbox 3243 4174 3304 4233; x_wconf 81' lang='grc' dir='ltr'><strong>ηι,</strong></span> 
     </span>
    </p>
   </div>
   <div class='ocr_carea' id='block_1_86' title="bbox 2016 4259 3320 4330">
    <p class='ocr_par' dir='ltr' id='par_1_86' title="bbox 2016 4259 3320 4330">
     <span class='ocr_line' id='line_1_86' title="bbox 2016 4259 3320 4330; baseline -0.001 -18"><span class='ocrx_word' id='word_1_510' title='bbox 2016 4259 2133 4326; x_wconf 88' lang='lat' dir='ltr'><strong>Quo</strong></span> <span class='ocrx_word' id='word_1_511' title='bbox 2153 4260 2393 4317; x_wconf 86' lang='lat' dir='ltr'><strong>maculas</strong></span> <span class='ocrx_word' id='word_1_512' title='bbox 2425 4271 2632 4318; x_wconf 75' lang='lat' dir='ltr'><strong>veteres</strong></span> <span class='ocrx_word' id='word_1_513' title='bbox 2661 4264 2776 4316; x_wconf 85' lang='lat' dir='ltr'><strong>lous</strong></span> <span class='ocrx_word' id='word_1_514' title='bbox 2808 4262 2948 4317; x_wconf 88' lang='lat' dir='ltr'><strong>lavat</strong></span> <span class='ocrx_word' id='word_1_515' title='bbox 2977 4275 3112 4316; x_wconf 90' lang='lat' dir='ltr'><strong>unus</strong></span> <span class='ocrx_word' id='word_1_516' title='bbox 3145 4261 3320 4330; x_wconf 88' lang='lat' dir='ltr'><strong>aquis.</strong></span> 
     </span>
    </p>
   </div>
   <div class='ocr_carea' id='block_1_87' title="bbox 1947 4392 3533 4466">
    <p class='ocr_par' dir='ltr' id='par_1_87' title="bbox 1947 4392 3533 4466">
     <span class='ocr_line' id='line_1_87' title="bbox 1947 4392 3533 4466; baseline 0.004 -21"><span class='ocrx_word' id='word_1_517' title='bbox 1947 4392 2229 4466; x_wconf 64' lang='lat' dir='ltr'><strong>ﬁnitimus,</strong></span> <span class='ocrx_word' id='word_1_518' title='bbox 2260 4395 2703 4465; x_wconf 88' lang='lat' dir='ltr'><strong>quemadmodum</strong></span> <span class='ocrx_word' id='word_1_519' title='bbox 2742 4405 2795 4451; x_wconf 91' lang='lat' dir='ltr'><strong>et</strong></span> <span class='ocrx_word' id='word_1_520' title='bbox 2822 4397 2974 4451; x_wconf 89' lang='lat' dir='ltr'><strong>villas</strong></span> <span class='ocrx_word' id='word_1_521' title='bbox 3009 4413 3127 4466; x_wconf 78' lang='lat' dir='ltr'><strong>quze</strong></span> <span class='ocrx_word' id='word_1_522' title='bbox 3173 4415 3201 4450; x_wconf 69' lang='grc' dir='ltr'>τι</span> <span class='ocrx_word' id='word_1_523' title='bbox 3233 4398 3452 4451; x_wconf 88' lang='lat' dir='ltr'><strong>Sidonio</strong></span> <span class='ocrx_word' id='word_1_524' title='bbox 3480 4407 3533 4451; x_wconf 91' lang='lat' dir='ltr'><strong>et</strong></span> 
     </span>
    </p>
   </div>
   <div class='ocr_carea' id='block_1_88' title="bbox 1948 4464 3535 4526">
    <p class='ocr_par' dir='ltr' id='par_1_88' title="bbox 1948 4464 3535 4526">
     <span class='ocr_line' id='line_1_88' title="bbox 1948 4464 3535 4526; baseline 0.001 -7"><span class='ocrx_word' id='word_1_525' title='bbox 1948 4464 2241 4519; x_wconf 76' lang='lat' dir='ltr'><strong>Fortunato</strong></span> <span class='ocrx_word' id='word_1_526' title='bbox 2264 4464 2751 4522; x_wconf 78' lang='lat' dir='ltr'><strong>ciiinttieiiioiatitur</strong></span> <span class='ocrx_word' id='word_1_527' title='bbox 2771 4469 2962 4523; x_wconf 88' lang='lat' dir='ltr'><strong>domus</strong></span> <span class='ocrx_word' id='word_1_528' title='bbox 2990 4464 3200 4522; x_wconf 81' lang='lat' dir='ltr'><strong>illorum</strong></span> <span class='ocrx_word' id='word_1_529' title='bbox 3229 4485 3290 4526; x_wconf 90' lang='lat' dir='ltr'><strong>ac</strong></span> <span class='ocrx_word' id='word_1_530' title='bbox 3319 4468 3535 4522; x_wconf 78' lang='lat' dir='ltr'><strong>iarnilitn</strong></span> 
     </span>
    </p>
   </div>
   <div class='ocr_carea' id='block_1_89' title="bbox 295 4533 3537 4618">
    <p class='ocr_par' dir='ltr' id='par_1_89' title="bbox 295 4533 3537 4618">
     <span class='ocr_line' id='line_1_89' title="bbox 295 4533 3537 4618; baseline 0.001 -26"><span class='ocrx_word' id='word_1_531' title='bbox 295 4606 307 4618; x_wconf 42' lang='lat'><strong>.</strong></span> <span class='ocrx_word' id='word_1_532' title='bbox 332 4536 358 4574; x_wconf 71' lang='grc' dir='ltr'>δ</span> <span class='ocrx_word' id='word_1_533' title='bbox 390 4539 548 4592; x_wconf 86' lang='lat' dir='ltr'><strong>llisce</strong></span> <span class='ocrx_word' id='word_1_534' title='bbox 581 4540 782 4618; x_wconf 79' lang='lat' dir='ltr'><strong>verbis,</strong></span> <span class='ocrx_word' id='word_1_535' title='bbox 805 4537 929 4618; x_wconf 48' lang='lat' dir='ltr'><strong>jar-re</strong></span> <span class='ocrx_word' id='word_1_536' title='bbox 954 4537 1129 4603; x_wconf 76' lang='lat' dir='ltr'><strong>priora</strong></span> <span class='ocrx_word' id='word_1_537' title='bbox 1142 4533 1324 4618; x_wconf 50' lang='lat' dir='ltr'><strong>dedit,</strong></span> <span class='ocrx_word' id='word_1_538' title='bbox 1341 4533 1643 4614; x_wconf 84' lang='lat' dir='ltr'><strong>declaratur</strong></span> <span class='ocrx_word' id='word_1_539' title='bbox 1673 4533 1850 4588; x_wconf 87' lang='lat' dir='ltr'><strong>Leon-</strong></span> <span class='ocrx_word' id='word_1_540' title='bbox 1870 4611 1912 4618; x_wconf 26' lang='grc' dir='ltr'>ᾧ</span> <span class='ocrx_word' id='word_1_541' title='bbox 1947 4539 2192 4618; x_wconf 74' lang='lat' dir='ltr'><strong>proprias</strong></span> <span class='ocrx_word' id='word_1_542' title='bbox 2226 4537 2411 4603; x_wconf 72' lang='lat' dir='ltr'><strong>fuisse,</strong></span> <span class='ocrx_word' id='word_1_543' title='bbox 2444 4541 2738 4594; x_wconf 88' lang='lat' dir='ltr'><strong>similitudo</strong></span> <span class='ocrx_word' id='word_1_544' title='bbox 2765 4556 2946 4594; x_wconf 88' lang='lat' dir='ltr'><strong>earum</strong></span> <span class='ocrx_word' id='word_1_545' title='bbox 2971 4540 3182 4609; x_wconf 83' lang='lat' dir='ltr'><strong>evincit,</strong></span> <span class='ocrx_word' id='word_1_546' title='bbox 3209 4549 3265 4594; x_wconf 94' lang='lat' dir='ltr'><strong>ut</strong></span> <span class='ocrx_word' id='word_1_547' title='bbox 3293 4555 3392 4596; x_wconf 89' lang='lat' dir='ltr'><strong>suo</strong></span> <span class='ocrx_word' id='word_1_548' title='bbox 3420 4540 3537 4594; x_wconf 84' lang='lat' dir='ltr'><strong>loco</strong></span> 
     </span>
    </p>
   </div>
   <div class='ocr_carea' id='block_1_90' title="bbox 275 4604 2321 4675">
    <p class='ocr_par' dir='ltr' id='par_1_90' title="bbox 275 4604 2321 4675">
     <span class='ocr_line' id='line_1_90' title="bbox 275 4604 2321 4675; baseline -0 -14"><span class='ocrx_word' id='word_1_549' title='bbox 275 4606 390 4663; x_wconf 86' lang='lat' dir='ltr'><strong>tium</strong></span> <span class='ocrx_word' id='word_1_550' title='bbox 420 4611 819 4674; x_wconf 80' lang='lat' dir='ltr'><strong>nretrOpolitam</strong></span> <span class='ocrx_word' id='word_1_551' title='bbox 862 4607 1024 4660; x_wconf 82' lang='lat' dir='ltr'><strong>tuisse</strong></span> <span class='ocrx_word' id='word_1_552' title='bbox 1068 4605 1224 4675; x_wconf 85' lang='lat' dir='ltr'><strong>cujus</strong></span> <span class='ocrx_word' id='word_1_553' title='bbox 1274 4606 1494 4660; x_wconf 64' lang='lat' dir='ltr'><strong>dioecesi</strong></span> <span class='ocrx_word' id='word_1_554' title='bbox 1539 4615 1655 4659; x_wconf 87' lang='lat' dir='ltr'><strong>erat</strong></span> <span class='ocrx_word' id='word_1_555' title='bbox 1696 4620 1843 4660; x_wconf 88' lang='lat' dir='ltr'><strong>com—</strong></span> <span class='ocrx_word' id='word_1_556' title='bbox 1869 4604 2321 4672; x_wconf 69' lang='lat' dir='ltr'><strong>Dindicaliimus.</strong></span> 
     </span>
    </p>
   </div>
   <div class='ocr_carea' id='block_1_91' title="bbox 280 4677 1286 4746">
    <p class='ocr_par' dir='ltr' id='par_1_91' title="bbox 280 4677 1286 4746">
     <span class='ocr_line' id='line_1_91' title="bbox 280 4677 1286 4746; baseline -0.005 -13"><span class='ocrx_word' id='word_1_557' title='bbox 280 4681 620 4746; x_wconf 67' lang='grc' dir='ltr'>Ρτυνίιιείιιιιί</span> <span class='ocrx_word' id='word_1_558' title='bbox 646 4677 999 4732; x_wconf 76' lang='lat' dir='ltr'><strong>Santonensis</strong></span> <span class='ocrx_word' id='word_1_559' title='bbox 1029 4678 1286 4730; x_wconf 79' lang='lat' dir='ltr'><strong>Ecclesia.</strong></span> 
     </span>
    </p>
   </div>
   <div class='ocr_carea' id='block_1_92' title="bbox 341 4746 1576 4815">
    <p class='ocr_par' dir='ltr' id='par_1_92' title="bbox 341 4746 1576 4815">
     <span class='ocr_line' id='line_1_92' title="bbox 341 4746 1576 4815; baseline -0.006 -11"><span class='ocrx_word' id='word_1_560' title='bbox 341 4762 360 4789; x_wconf 74' lang='grc' dir='ltr'><strong>ε</strong></span> <span class='ocrx_word' id='word_1_561' title='bbox 395 4750 528 4805; x_wconf 84' lang='lat' dir='ltr'><strong>Tres</strong></span> <span class='ocrx_word' id='word_1_562' title='bbox 569 4749 740 4803; x_wconf 84' lang='lat' dir='ltr'><strong>Codd.</strong></span> <span class='ocrx_word' id='word_1_563' title='bbox 777 4749 970 4815; x_wconf 80' lang='lat' dir='ltr'><strong>Vatic.,</strong></span> <span class='ocrx_word' id='word_1_564' title='bbox 1001 4749 1167 4800; x_wconf 71' lang='lat' dir='ltr'><strong>seddit</strong></span> <span class='ocrx_word' id='word_1_565' title='bbox 1197 4763 1370 4800; x_wconf 86' lang='lat' dir='ltr'><strong>amore</strong></span> <span class='ocrx_word' id='word_1_566' title='bbox 1399 4746 1576 4799; x_wconf 83' lang='lat' dir='ltr'><strong>vicem.</strong></span> 
     </span>
    </p>
   </div>
   <div class='ocr_carea' id='block_1_93' title="bbox 338 4814 1846 4892">
    <p class='ocr_par' dir='ltr' id='par_1_93' title="bbox 338 4814 1846 4892">
     <span class='ocr_line' id='line_1_93' title="bbox 338 4814 1846 4892; baseline -0.002 -19"><span class='ocrx_word' id='word_1_567' title='bbox 338 4815 364 4857; x_wconf 69' lang='grc' dir='ltr'><strong><em>ἀ</em></strong></span> <span class='ocrx_word' id='word_1_568' title='bbox 394 4821 632 4892; x_wconf 78' lang='lat' dir='ltr'><strong>Hujusce</strong></span> <span class='ocrx_word' id='word_1_569' title='bbox 659 4821 840 4875; x_wconf 79' lang='lat' dir='ltr'><strong>calicis</strong></span> <span class='ocrx_word' id='word_1_570' title='bbox 871 4814 1195 4892; x_wconf 75' lang='lat' dir='ltr'><strong>mentionem</strong></span> <span class='ocrx_word' id='word_1_571' title='bbox 1218 4820 1420 4892; x_wconf 77' lang='lat' dir='ltr'><strong>iterum</strong></span> <span class='ocrx_word' id='word_1_572' title='bbox 1434 4818 1611 4871; x_wconf 77' lang='lat' dir='ltr'><strong>facere</strong></span> <span class='ocrx_word' id='word_1_573' title='bbox 1635 4814 1846 4872; x_wconf 86' lang='lat' dir='ltr'><strong>videtur</strong></span> 
     </span>
    </p>
   </div>
   <div class='ocr_carea' id='block_1_94' title="bbox 281 4887 1516 4961">
    <p class='ocr_par' dir='ltr' id='par_1_94' title="bbox 281 4887 1516 4961">
     <span class='ocr_line' id='line_1_94' title="bbox 281 4887 1516 4961; baseline -0.002 -17"><span class='ocrx_word' id='word_1_574' title='bbox 281 4887 593 4947; x_wconf 74' lang='lat' dir='ltr'><strong>Fortunatus</strong></span> <span class='ocrx_word' id='word_1_575' title='bbox 625 4906 740 4961; x_wconf 87' lang='lat' dir='ltr'><strong>seq.</strong></span> <span class='ocrx_word' id='word_1_576' title='bbox 767 4887 1032 4956; x_wconf 87' lang='lat' dir='ltr'><strong>carmine,</strong></span> <span class='ocrx_word' id='word_1_577' title='bbox 1066 4891 1173 4944; x_wconf 82' lang='lat' dir='ltr'><strong>illis</strong></span> <span class='ocrx_word' id='word_1_578' title='bbox 1201 4888 1474 4943; x_wconf 81' lang='lat' dir='ltr'><strong>versiculis</strong></span> <span class='ocrx_word' id='word_1_579' title='bbox 1504 4906 1516 4941; x_wconf 85' lang='lat'>:</span> 
     </span>
    </p>
   </div>
   <div class='ocr_carea' id='block_1_95' title="bbox 393 4988 1507 5067">
    <p class='ocr_par' dir='ltr' id='par_1_95' title="bbox 393 4988 1507 5067">
     <span class='ocr_line' id='line_1_95' title="bbox 393 4988 1507 5067; baseline -0.006 -13"><span class='ocrx_word' id='word_1_580' title='bbox 393 5005 782 5067; x_wconf 66' lang='lat' dir='ltr'><strong>Muneribusque</strong></span> <span class='ocrx_word' id='word_1_581' title='bbox 810 5005 900 5067; x_wconf 83' lang='lat' dir='ltr'><strong>piis</strong></span> <span class='ocrx_word' id='word_1_582' title='bbox 921 4988 1104 5052; x_wconf 83' lang='lat' dir='ltr'><strong>dotasti</strong></span> <span class='ocrx_word' id='word_1_583' title='bbox 1123 5000 1287 5050; x_wconf 75' lang='lat' dir='ltr'><strong>altaria</strong></span> <span class='ocrx_word' id='word_1_584' title='bbox 1313 5001 1507 5067; x_wconf 49' lang='lat' dir='ltr'><strong>Christi,</strong></span> 
     </span>
    </p>
   </div>
   <div class='ocr_carea' id='block_1_96' title="bbox 448 5063 1519 5118">
    <p class='ocr_par' dir='ltr' id='par_1_96' title="bbox 448 5063 1519 5118">
     <span class='ocr_line' id='line_1_96' title="bbox 448 5063 1519 5118; baseline -0.006 0"><span class='ocrx_word' id='word_1_585' title='bbox 448 5069 574 5118; x_wconf 83' lang='lat' dir='ltr'><strong>Cum</strong></span> <span class='ocrx_word' id='word_1_586' title='bbox 600 5075 683 5116; x_wconf 86' lang='lat' dir='ltr'><strong>tua</strong></span> <span class='ocrx_word' id='word_1_587' title='bbox 702 5063 822 5115; x_wconf 50' lang='grc' dir='ltr'>ιω</span> <span class='ocrx_word' id='word_1_588' title='bbox 841 5065 1006 5114; x_wconf 69' lang='lat' dir='ltr'><strong>ter-unt</strong></span> <span class='ocrx_word' id='word_1_589' title='bbox 1025 5067 1210 5114; x_wconf 75' lang='lat' dir='ltr'><strong>viscera</strong></span> <span class='ocrx_word' id='word_1_590' title='bbox 1234 5072 1400 5112; x_wconf 85' lang='lat' dir='ltr'><strong>sancta</strong></span> <span class='ocrx_word' id='word_1_591' title='bbox 1426 5063 1519 5112; x_wconf 86' lang='lat' dir='ltr'><strong>Dei</strong></span> 
     </span>
    </p>
   </div>
   <div class='ocr_carea' id='block_1_97' title="bbox 346 5165 1856 5239">
    <p class='ocr_par' dir='ltr' id='par_1_97' title="bbox 346 5165 1856 5239">
     <span class='ocr_line' id='line_1_97' title="bbox 346 5165 1856 5239; baseline -0.003 -14"><span class='ocrx_word' id='word_1_592' title='bbox 346 5179 366 5206; x_wconf 73' lang='grc' dir='ltr'>ε</span> <span class='ocrx_word' id='word_1_593' title='bbox 393 5171 449 5225; x_wconf 88' lang='lat' dir='ltr'><strong>in</strong></span> <span class='ocrx_word' id='word_1_594' title='bbox 496 5165 671 5227; x_wconf 74' lang='lat' dir='ltr'><strong>Edltis</strong></span> <span class='ocrx_word' id='word_1_595' title='bbox 702 5170 977 5239; x_wconf 75' lang='lat' dir='ltr'><strong>legebatur</strong></span> <span class='ocrx_word' id='word_1_596' title='bbox 1025 5183 1237 5236; x_wconf 84' lang='lat' dir='ltr'><strong>quorum</strong></span> <span class='ocrx_word' id='word_1_597' title='bbox 1283 5175 1356 5222; x_wconf 85' lang='lat' dir='ltr'><strong>est</strong></span> <span class='ocrx_word' id='word_1_598' title='bbox 1405 5166 1675 5239; x_wconf 65' lang='lat' dir='ltr'><strong>altaribus</strong></span> <span class='ocrx_word' id='word_1_599' title='bbox 1707 5177 1856 5236; x_wconf 84' lang='lat' dir='ltr'><strong>aptus</strong></span> 
     </span>
    </p>
   </div>
   <div class='ocr_carea' id='block_1_98' title="bbox 287 5237 1858 5309">
    <p class='ocr_par' dir='ltr' id='par_1_98' title="bbox 287 5237 1858 5309">
     <span class='ocr_line' id='line_1_98' title="bbox 287 5237 1858 5309; baseline 0 -19"><span class='ocrx_word' id='word_1_600' title='bbox 287 5248 513 5309; x_wconf 76' lang='lat' dir='ltr'><strong>aterque;</strong></span> <span class='ocrx_word' id='word_1_601' title='bbox 547 5237 847 5296; x_wconf 79' lang='lat' dir='ltr'><strong>restitutum</strong></span> <span class='ocrx_word' id='word_1_602' title='bbox 878 5259 904 5292; x_wconf 75' lang='grc' dir='ltr'>ει</span> <span class='ocrx_word' id='word_1_603' title='bbox 938 5242 1140 5308; x_wconf 84' lang='lat' dir='ltr'><strong>Brow.,</strong></span> <span class='ocrx_word' id='word_1_604' title='bbox 1181 5255 1247 5296; x_wconf 80' lang='lat' dir='ltr'><strong>ex</strong></span> <span class='ocrx_word' id='word_1_605' title='bbox 1276 5249 1458 5294; x_wconf 78' lang='lat' dir='ltr'><strong>vetere</strong></span> <span class='ocrx_word' id='word_1_606' title='bbox 1487 5237 1610 5307; x_wconf 80' lang='lat' dir='ltr'><strong>Ms.,</strong></span> <span class='ocrx_word' id='word_1_607' title='bbox 1641 5253 1858 5308; x_wconf 80' lang='lat' dir='ltr'><strong>quorum</strong></span> 
     </span>
    </p>
   </div>
   <div class='ocr_carea' id='block_1_99' title="bbox 287 5311 1004 5382">
    <p class='ocr_par' dir='ltr' id='par_1_99' title="bbox 287 5311 1004 5382">
     <span class='ocr_line' id='line_1_99' title="bbox 287 5311 1004 5382; baseline 0.007 -20"><span class='ocrx_word' id='word_1_608' title='bbox 287 5311 416 5365; x_wconf 73' lang='lat' dir='ltr'><strong>labor</strong></span> <span class='ocrx_word' id='word_1_609' title='bbox 445 5328 518 5367; x_wconf 83' lang='lat' dir='ltr'><strong>est</strong></span> <span class='ocrx_word' id='word_1_610' title='bbox 543 5315 794 5367; x_wconf 76' lang='lat' dir='ltr'><strong>altaribus</strong></span> <span class='ocrx_word' id='word_1_611' title='bbox 833 5323 1004 5382; x_wconf 82' lang='lat' dir='ltr'><strong>aptus.</strong></span> 
     </span>
    </p>
   </div>
   <div class='ocr_carea' id='block_1_100' title="bbox 354 5379 1862 5450">
    <p class='ocr_par' dir='ltr' id='par_1_100' title="bbox 354 5379 1862 5450">
     <span class='ocr_line' id='line_1_100' title="bbox 354 5379 1862 5450; baseline -0.002 -13"><span class='ocrx_word' id='word_1_612' title='bbox 354 5382 369 5418; x_wconf 71' lang='grc' dir='ltr'>ί</span> <span class='ocrx_word' id='word_1_613' title='bbox 408 5385 504 5438; x_wconf 88' lang='lat' dir='ltr'><strong>ilic</strong></span> <span class='ocrx_word' id='word_1_614' title='bbox 537 5385 790 5438; x_wconf 79' lang='lat' dir='ltr'><strong>Leontius</strong></span> <span class='ocrx_word' id='word_1_615' title='bbox 839 5379 1172 5437; x_wconf 75' lang='lat' dir='ltr'><strong>sucCesserat</strong></span> <span class='ocrx_word' id='word_1_616' title='bbox 1221 5382 1276 5435; x_wconf 93' lang='lat' dir='ltr'><strong>in</strong></span> <span class='ocrx_word' id='word_1_617' title='bbox 1325 5379 1452 5434; x_wconf 87' lang='lat' dir='ltr'><strong>sede</strong></span> <span class='ocrx_word' id='word_1_618' title='bbox 1484 5379 1862 5450; x_wconf 81' lang='lat' dir='ltr'><strong>Burdegalensi</strong></span> 
     </span>
    </p>
   </div>
   <div class='ocr_carea' id='block_1_101' title="bbox 284 5451 1865 5522">
    <p class='ocr_par' dir='ltr' id='par_1_101' title="bbox 284 5451 1865 5522">
     <span class='ocr_line' id='line_1_101' title="bbox 284 5451 1865 5522; baseline 0 -19"><span class='ocrx_word' id='word_1_619' title='bbox 284 5452 423 5519; x_wconf 78' lang='lat' dir='ltr'><strong>alteri</strong></span> <span class='ocrx_word' id='word_1_620' title='bbox 447 5457 694 5521; x_wconf 85' lang='lat' dir='ltr'><strong>Leontio,</strong></span> <span class='ocrx_word' id='word_1_621' title='bbox 728 5469 846 5508; x_wconf 89' lang='lat' dir='ltr'><strong>curn</strong></span> <span class='ocrx_word' id='word_1_622' title='bbox 877 5455 1012 5522; x_wconf 70' lang='lat' dir='ltr'><strong>ip~o,</strong></span> <span class='ocrx_word' id='word_1_623' title='bbox 1037 5465 1088 5506; x_wconf 88' lang='grc' dir='ltr'><strong>ιιι</strong></span> <span class='ocrx_word' id='word_1_624' title='bbox 1115 5453 1344 5518; x_wconf 84' lang='lat' dir='ltr'><strong>videtur,</strong></span> <span class='ocrx_word' id='word_1_625' title='bbox 1378 5454 1589 5519; x_wconf 78' lang='lat' dir='ltr'><strong>gener-is</strong></span> <span class='ocrx_word' id='word_1_626' title='bbox 1619 5451 1865 5522; x_wconf 10' lang='lat' dir='ltr'><strong>nece-isi-</strong></span> 
     </span>
    </p>
   </div>
   <div class='ocr_carea' id='block_1_102' title="bbox 290 5521 1866 5595">
    <p class='ocr_par' dir='ltr' id='par_1_102' title="bbox 290 5521 1866 5595">
     <span class='ocr_line' id='line_1_102' title="bbox 290 5521 1866 5595; baseline -0.001 -19"><span class='ocrx_word' id='word_1_627' title='bbox 290 5523 463 5595; x_wconf 51' lang='lat' dir='ltr'><strong>Eudiue</strong></span> <span class='ocrx_word' id='word_1_628' title='bbox 491 5525 832 5595; x_wconf 80' lang='lat' dir='ltr'><strong>eonjunctus.</strong></span> <span class='ocrx_word' id='word_1_629' title='bbox 867 5521 1065 5595; x_wconf 75' lang='lat' dir='ltr'><strong>llorum</strong></span> <span class='ocrx_word' id='word_1_630' title='bbox 1090 5525 1308 5590; x_wconf 82' lang='lat' dir='ltr'><strong>stirpem</strong></span> <span class='ocrx_word' id='word_1_631' title='bbox 1338 5532 1390 5578; x_wconf 93' lang='lat' dir='ltr'><strong>et</strong></span> <span class='ocrx_word' id='word_1_632' title='bbox 1414 5525 1685 5595; x_wconf 65' lang='lat' dir='ltr'><strong>origini-nt</strong></span> <span class='ocrx_word' id='word_1_633' title='bbox 1703 5521 1866 5576; x_wconf 76' lang='lat' dir='ltr'><strong>refert</strong></span> 
     </span>
    </p>
   </div>
   <div class='ocr_carea' id='block_1_103' title="bbox 289 5589 1865 5665">
    <p class='ocr_par' dir='ltr' id='par_1_103' title="bbox 289 5589 1865 5665">
     <span class='ocr_line' id='line_1_103' title="bbox 289 5589 1865 5665; baseline 0.002 -19"><span class='ocrx_word' id='word_1_634' title='bbox 289 5589 451 5650; x_wconf 62' lang='grc' dir='ltr'><strong>θεον.</strong></span> <span class='ocrx_word' id='word_1_635' title='bbox 473 5596 543 5650; x_wconf 90' lang='lat' dir='ltr'><strong>ad</strong></span> <span class='ocrx_word' id='word_1_636' title='bbox 565 5589 864 5665; x_wconf 75' lang='lat' dir='ltr'><strong>prosapiam</strong></span> <span class='ocrx_word' id='word_1_637' title='bbox 893 5589 1254 5658; x_wconf 83' lang='lat' dir='ltr'><strong>Paulinorum,</strong></span> <span class='ocrx_word' id='word_1_638' title='bbox 1278 5595 1640 5660; x_wconf 82' lang='lat' dir='ltr'><strong>conjecturam</strong></span> <span class='ocrx_word' id='word_1_639' title='bbox 1665 5592 1865 5649; x_wconf 76' lang='lat' dir='ltr'><strong>iaciens</strong></span> 
     </span>
    </p>
   </div>
   <div class='ocr_carea' id='block_1_104' title="bbox 287 5665 1863 5733">
    <p class='ocr_par' dir='ltr' id='par_1_104' title="bbox 287 5665 1863 5733">
     <span class='ocr_line' id='line_1_104' title="bbox 287 5665 1863 5733; baseline -0.001 -14"><span class='ocrx_word' id='word_1_640' title='bbox 287 5676 343 5733; x_wconf 68' lang='lat' dir='ltr'><strong>ex</strong></span> <span class='ocrx_word' id='word_1_641' title='bbox 367 5668 599 5733; x_wconf 80' lang='lat' dir='ltr'><strong>quodam</strong></span> <span class='ocrx_word' id='word_1_642' title='bbox 629 5668 837 5723; x_wconf 85' lang='lat' dir='ltr'><strong>Sidonii</strong></span> <span class='ocrx_word' id='word_1_643' title='bbox 885 5666 1210 5732; x_wconf 79' lang='lat' dir='ltr'><strong>Apollinaris</strong></span> <span class='ocrx_word' id='word_1_644' title='bbox 1234 5667 1373 5728; x_wconf 89' lang='lat' dir='ltr'><strong>loco,</strong></span> <span class='ocrx_word' id='word_1_645' title='bbox 1423 5665 1517 5719; x_wconf 87' lang='lat' dir='ltr'><strong>lib.</strong></span> <span class='ocrx_word' id='word_1_646' title='bbox 1565 5681 1674 5724; x_wconf 85' lang='lat' dir='ltr'><strong>vnt,</strong></span> <span class='ocrx_word' id='word_1_647' title='bbox 1707 5665 1863 5732; x_wconf 85' lang='lat' dir='ltr'><strong>epist.</strong></span> 
     </span>
    </p>
   </div>
   <div class='ocr_carea' id='block_1_105' title="bbox 288 5731 1868 5806">
    <p class='ocr_par' dir='ltr' id='par_1_105' title="bbox 288 5731 1868 5806">
     <span class='ocr_line' id='line_1_105' title="bbox 288 5731 1868 5806; baseline 0 -18"><span class='ocrx_word' id='word_1_648' title='bbox 288 5731 366 5788; x_wconf 66' lang='grc' dir='ltr'><strong>Β.</strong></span> <span class='ocrx_word' id='word_1_649' title='bbox 386 5731 565 5793; x_wconf 73' lang='lat' dir='ltr'><strong>Certe</strong></span> <span class='ocrx_word' id='word_1_650' title='bbox 596 5739 851 5793; x_wconf 84' lang='lat' dir='ltr'><strong>Leontius</strong></span> <span class='ocrx_word' id='word_1_651' title='bbox 892 5731 1002 5800; x_wconf 90' lang='lat' dir='ltr'><strong>ille,</strong></span> <span class='ocrx_word' id='word_1_652' title='bbox 1030 5737 1099 5790; x_wconf 90' lang='lat' dir='ltr'><strong>de</strong></span> <span class='ocrx_word' id='word_1_653' title='bbox 1125 5751 1230 5806; x_wconf 89' lang='lat' dir='ltr'><strong>quo</strong></span> <span class='ocrx_word' id='word_1_654' title='bbox 1267 5737 1518 5806; x_wconf 85' lang='lat' dir='ltr'><strong>Sidonius</strong></span> <span class='ocrx_word' id='word_1_655' title='bbox 1562 5737 1714 5806; x_wconf 76' lang='lat' dir='ltr'><strong>facile</strong></span> <span class='ocrx_word' id='word_1_656' title='bbox 1745 5731 1868 5804; x_wconf 37' lang='lat' dir='ltr'><strong>&#39;pri-</strong></span> 
     </span>
    </p>
   </div>
   <div class='ocr_carea' id='block_1_106' title="bbox 290 5805 1864 5880">
    <p class='ocr_par' dir='ltr' id='par_1_106' title="bbox 290 5805 1864 5880">
     <span class='ocr_line' id='line_1_106' title="bbox 290 5805 1864 5880; baseline 0.001 -20"><span class='ocrx_word' id='word_1_657' title='bbox 290 5817 389 5860; x_wconf 59' lang='lat' dir='ltr'><strong>tu</strong></span> <span class='ocrx_word' id='word_1_658' title='bbox 413 5810 811 5880; x_wconf 57' lang='lat' dir='ltr'><strong>Aquitanorum</strong></span> <span class='ocrx_word' id='word_1_659' title='bbox 849 5807 1074 5880; x_wconf 81' lang='lat' dir='ltr'><strong>dicitur;</strong></span> <span class='ocrx_word' id='word_1_660' title='bbox 1119 5805 1279 5880; x_wconf 81' lang='lat' dir='ltr'><strong>atque</strong></span> <span class='ocrx_word' id='word_1_661' title='bbox 1334 5805 1771 5880; x_wconf 78' lang='lat' dir='ltr'><strong>huic_Leo_ntio,_</strong></span> <span class='ocrx_word' id='word_1_662' title='bbox 1799 5806 1864 5862; x_wconf 85' lang='lat' dir='ltr'><strong>de</strong></span> 
     </span>
    </p>
   </div>
   <div class='ocr_carea' id='block_1_107' title="bbox 289 5877 1868 5947">
    <p class='ocr_par' dir='ltr' id='par_1_107' title="bbox 289 5877 1868 5947">
     <span class='ocr_line' id='line_1_107' title="bbox 289 5877 1868 5947; baseline 0.001 -17"><span class='ocrx_word' id='word_1_663' title='bbox 289 5884 382 5944; x_wconf 82' lang='lat' dir='ltr'><strong>quo</strong></span> <span class='ocrx_word' id='word_1_664' title='bbox 408 5877 502 5936; x_wconf 56' lang='lat' dir='ltr'><strong>bic&#39;</strong></span> <span class='ocrx_word' id='word_1_665' title='bbox 526 5879 873 5936; x_wconf 80' lang='lat' dir='ltr'><strong>Fortunatus.</strong></span> <span class='ocrx_word' id='word_1_666' title='bbox 901 5879 1110 5934; x_wconf 87' lang='lat' dir='ltr'><strong>videtur</strong></span> <span class='ocrx_word' id='word_1_667' title='bbox 1137 5877 1346 5947; x_wconf 78' lang='lat' dir='ltr'><strong>origine</strong></span> <span class='ocrx_word' id='word_1_668' title='bbox 1374 5885 1428 5933; x_wconf 87' lang='lat' dir='ltr'><strong>et</strong></span> <span class='ocrx_word' id='word_1_669' title='bbox 1466 5877 1669 5933; x_wconf 82' lang='lat' dir='ltr'><strong>familia</strong></span> <span class='ocrx_word' id='word_1_670' title='bbox 1701 5878 1868 5933; x_wconf 82' lang='lat' dir='ltr'><strong>fuisse</strong></span> 
     </span>
    </p>
   </div>
   <div class='ocr_carea' id='block_1_108' title="bbox 2023 4677 3055 4749">
    <p class='ocr_par' dir='ltr' id='par_1_108' title="bbox 2023 4677 3055 4749">
     <span class='ocr_line' id='line_1_108' title="bbox 2023 4677 3055 4749; baseline 0.002 -19"><span class='ocrx_word' id='word_1_671' title='bbox 2023 4687 2047 4749; x_wconf 65' lang='lat' dir='ltr'><strong>fi</strong></span> <span class='ocrx_word' id='word_1_672' title='bbox 2081 4679 2226 4730; x_wconf 84' lang='lat' dir='ltr'><strong>Unus</strong></span> <span class='ocrx_word' id='word_1_673' title='bbox 2257 4677 2386 4731; x_wconf 80' lang='lat' dir='ltr'><strong>Cod.</strong></span> <span class='ocrx_word' id='word_1_674' title='bbox 2420 4677 2560 4744; x_wconf 82' lang='lat' dir='ltr'><strong>Vat.,</strong></span> <span class='ocrx_word' id='word_1_675' title='bbox 2589 4679 2892 4749; x_wconf 82' lang='lat' dir='ltr'><strong>Aquitanius</strong></span> <span class='ocrx_word' id='word_1_676' title='bbox 2922 4677 3055 4733; x_wconf 75' lang='lat' dir='ltr'><strong>axis.</strong></span> 
     </span>
    </p>
   </div>
   <div class='ocr_carea' id='block_1_109' title="bbox 2021 4745 3114 4821">
    <p class='ocr_par' dir='ltr' id='par_1_109' title="bbox 2021 4745 3114 4821">
     <span class='ocr_line' id='line_1_109' title="bbox 2021 4745 3114 4821; baseline 0.005 -23"><span class='ocrx_word' id='word_1_677' title='bbox 2021 4745 2050 4821; x_wconf 58' lang='grc' dir='ltr'>ξι</span> <span class='ocrx_word' id='word_1_678' title='bbox 2080 4749 2228 4821; x_wconf 56' lang='lat' dir='ltr'><strong>linus</strong></span> <span class='ocrx_word' id='word_1_679' title='bbox 2254 4751 2385 4821; x_wconf 44' lang='lat' dir='ltr'><strong>(fied.</strong></span> <span class='ocrx_word' id='word_1_680' title='bbox 2415 4751 2556 4821; x_wconf 64' lang='lat' dir='ltr'><strong>Vah,</strong></span> <span class='ocrx_word' id='word_1_681' title='bbox 2591 4745 2676 4821; x_wconf 80' lang='lat' dir='ltr'><strong>qui</strong></span> <span class='ocrx_word' id='word_1_682' title='bbox 2711 4767 2823 4802; x_wconf 82' lang='lat' dir='ltr'><strong>cum</strong></span> <span class='ocrx_word' id='word_1_683' title='bbox 2853 4769 2902 4804; x_wconf 85' lang='lat' dir='ltr'><strong>se</strong></span> <span class='ocrx_word' id='word_1_684' title='bbox 2933 4753 3114 4816; x_wconf 81' lang='lat' dir='ltr'><strong>primo.</strong></span> 
     </span>
    </p>
   </div>
   <div class='ocr_carea' id='block_1_110' title="bbox 2027 4816 3535 4892">
    <p class='ocr_par' dir='ltr' id='par_1_110' title="bbox 2027 4816 3535 4892">
     <span class='ocr_line' id='line_1_110' title="bbox 2027 4816 3535 4892; baseline 0.005 -23"><span class='ocrx_word' id='word_1_685' title='bbox 2027 4816 2042 4855; x_wconf 78' lang='grc' dir='ltr'><strong>ί</strong></span> <span class='ocrx_word' id='word_1_686' title='bbox 2072 4816 2229 4892; x_wconf 84' lang='lat' dir='ltr'><strong>_Unus</strong></span> <span class='ocrx_word' id='word_1_687' title='bbox 2251 4818 2384 4873; x_wconf 73' lang='lat' dir='ltr'><strong>Cod.</strong></span> <span class='ocrx_word' id='word_1_688' title='bbox 2414 4820 2552 4892; x_wconf 82' lang='lat' dir='ltr'><strong>\&#39;at.,</strong></span> <span class='ocrx_word' id='word_1_689' title='bbox 2587 4816 2633 4873; x_wconf 72' lang='lat' dir='ltr'><strong>et</strong></span> <span class='ocrx_word' id='word_1_690' title='bbox 2664 4824 2910 4892; x_wconf 76' lang='lat' dir='ltr'><strong>gravitate</strong></span> <span class='ocrx_word' id='word_1_691' title='bbox 2936 4824 3089 4887; x_wconf 78' lang='lat' dir='ltr'><strong>senis,</strong></span> <span class='ocrx_word' id='word_1_692' title='bbox 3116 4836 3177 4873; x_wconf 88' lang='lat' dir='ltr'><strong>ac</strong></span> <span class='ocrx_word' id='word_1_693' title='bbox 3221 4831 3535 4890; x_wconf 89' lang='lat' dir='ltr'><strong>perpetuum</strong></span> 
     </span>
    </p>
   </div>
   <div class='ocr_carea' id='block_1_111' title="bbox 1953 4888 3534 4962">
    <p class='ocr_par' dir='ltr' id='par_1_111' title="bbox 1953 4888 3534 4962">
     <span class='ocr_line' id='line_1_111' title="bbox 1953 4888 3534 4962; baseline 0.003 -20"><span class='ocrx_word' id='word_1_694' title='bbox 1953 4896 2035 4942; x_wconf 91' lang='lat' dir='ltr'><strong>cst</strong></span> <span class='ocrx_word' id='word_1_695' title='bbox 2067 4888 2177 4942; x_wconf 73' lang='lat' dir='ltr'><strong>fere</strong></span> <span class='ocrx_word' id='word_1_696' title='bbox 2205 4891 2254 4942; x_wconf 90' lang='lat' dir='ltr'><strong>in</strong></span> <span class='ocrx_word' id='word_1_697' title='bbox 2287 4892 2388 4944; x_wconf 86' lang='lat' dir='ltr'><strong>hoc</strong></span> <span class='ocrx_word' id='word_1_698' title='bbox 2431 4891 2627 4948; x_wconf 84' lang='lat' dir='ltr'><strong>Codice</strong></span> <span class='ocrx_word' id='word_1_699' title='bbox 2654 4888 2785 4946; x_wconf 71' lang='lat' dir='ltr'><strong>senis</strong></span> <span class='ocrx_word' id='word_1_700' title='bbox 2820 4908 2914 4961; x_wconf 90' lang='lat' dir='ltr'><strong>pro</strong></span> <span class='ocrx_word' id='word_1_701' title='bbox 2960 4909 3110 4946; x_wconf 71' lang='lat' dir='ltr'><strong>senex</strong></span> <span class='ocrx_word' id='word_1_702' title='bbox 3143 4888 3360 4960; x_wconf 79' lang='lat' dir='ltr'><strong>ponere,</strong></span> <span class='ocrx_word' id='word_1_703' title='bbox 3394 4892 3534 4962; x_wconf 87' lang='lat' dir='ltr'><strong>quod</strong></span> 
     </span>
    </p>
   </div>
   <div class='ocr_carea' id='block_1_112' title="bbox 1954 4963 2636 5016">
    <p class='ocr_par' dir='ltr' id='par_1_112' title="bbox 1954 4963 2636 5016">
     <span class='ocr_line' id='line_1_112' title="bbox 1954 4963 2636 5016; baseline 0.001 -3"><span class='ocrx_word' id='word_1_704' title='bbox 1954 4963 2118 5013; x_wconf 84' lang='lat' dir='ltr'><strong>semel</strong></span> <span class='ocrx_word' id='word_1_705' title='bbox 2153 4972 2365 5014; x_wconf 75' lang='lat' dir='ltr'><strong>notas~e</strong></span> <span class='ocrx_word' id='word_1_706' title='bbox 2393 4964 2636 5016; x_wconf 72' lang='lat' dir='ltr'><strong>sttuit-int.</strong></span> 
     </span>
    </p>
   </div>
   <div class='ocr_carea' id='block_1_113' title="bbox 2031 5031 3536 5099">
    <p class='ocr_par' dir='ltr' id='par_1_113' title="bbox 2031 5031 3536 5099">
     <span class='ocr_line' id='line_1_113' title="bbox 2031 5031 3536 5099; baseline 0.006 -19"><span class='ocrx_word' id='word_1_707' title='bbox 2031 5034 2045 5080; x_wconf 85' lang='lat' dir='ltr'><strong>t</strong></span> <span class='ocrx_word' id='word_1_708' title='bbox 2089 5031 2271 5085; x_wconf 70' lang='lat' dir='ltr'><strong>liel&#39;crt</strong></span> <span class='ocrx_word' id='word_1_709' title='bbox 2299 5031 2590 5099; x_wconf 74' lang='lat' dir='ltr'><strong>Gregorius</strong></span> <span class='ocrx_word' id='word_1_710' title='bbox 2626 5032 2974 5098; x_wconf 75' lang='lat' dir='ltr'><strong>Turonensis,</strong></span> <span class='ocrx_word' id='word_1_711' title='bbox 3001 5033 3201 5086; x_wconf 24' lang='lat' dir='ltr'><strong>l’listor.</strong></span> <span class='ocrx_word' id='word_1_712' title='bbox 3227 5032 3414 5086; x_wconf 80' lang='lat' dir='ltr'><strong>Franc.</strong></span> <span class='ocrx_word' id='word_1_713' title='bbox 3443 5031 3536 5089; x_wconf 89' lang='lat' dir='ltr'><strong>lib.</strong></span> 
     </span>
    </p>
   </div>
   <div class='ocr_carea' id='block_1_114' title="bbox 1960 5104 3540 5172">
    <p class='ocr_par' dir='ltr' id='par_1_114' title="bbox 1960 5104 3540 5172">
     <span class='ocr_line' id='line_1_114' title="bbox 1960 5104 3540 5172; baseline 0.001 -18"><span class='ocrx_word' id='word_1_714' title='bbox 1960 5115 2041 5166; x_wconf 89' lang='lat' dir='ltr'><strong>Ill,</strong></span> <span class='ocrx_word' id='word_1_715' title='bbox 2071 5117 2189 5169; x_wconf 87' lang='lat' dir='ltr'><strong>cap.</strong></span> <span class='ocrx_word' id='word_1_716' title='bbox 2222 5104 2307 5168; x_wconf 84' lang='grc'><strong>10,</strong></span> <span class='ocrx_word' id='word_1_717' title='bbox 2341 5104 2738 5157; x_wconf 75' lang='lat' dir='ltr'><strong>Childcbi-rtum</strong></span> <span class='ocrx_word' id='word_1_718' title='bbox 2771 5120 2970 5172; x_wconf 79' lang='lat' dir='ltr'><strong>regem,</strong></span> <span class='ocrx_word' id='word_1_719' title='bbox 3001 5105 3302 5171; x_wconf 81' lang='lat' dir='ltr'><strong>Hispaniam</strong></span> <span class='ocrx_word' id='word_1_720' title='bbox 3335 5106 3540 5160; x_wconf 64' lang='lat' dir='ltr'><strong>incres-</strong></span> 
     </span>
    </p>
   </div>
   <div class='ocr_carea' id='block_1_115' title="bbox 1960 5175 3540 5243">
    <p class='ocr_par' dir='ltr' id='par_1_115' title="bbox 1960 5175 3540 5243">
     <span class='ocr_line' id='line_1_115' title="bbox 1960 5175 3540 5243; baseline 0.003 -20"><span class='ocrx_word' id='word_1_721' title='bbox 1960 5187 2076 5243; x_wconf 79' lang='lat' dir='ltr'><strong>snm</strong></span> <span class='ocrx_word' id='word_1_722' title='bbox 2123 5188 2242 5227; x_wconf 93' lang='lat' dir='ltr'><strong>cum</strong></span> <span class='ocrx_word' id='word_1_723' title='bbox 2285 5176 2552 5237; x_wconf 83' lang='lat' dir='ltr'><strong>exercitu,</strong></span> <span class='ocrx_word' id='word_1_724' title='bbox 2595 5175 2830 5243; x_wconf 72' lang='lat' dir='ltr'><strong>eju~tlem</strong></span> <span class='ocrx_word' id='word_1_725' title='bbox 2858 5213 2872 5238; x_wconf 93' lang='lat'><strong>,</strong></span> <span class='ocrx_word' id='word_1_726' title='bbox 2905 5176 3083 5229; x_wconf 83' lang='lat' dir='ltr'><strong>occiso</strong></span> <span class='ocrx_word' id='word_1_727' title='bbox 3125 5189 3265 5242; x_wconf 75' lang='lat' dir='ltr'><strong>rege.</strong></span> <span class='ocrx_word' id='word_1_728' title='bbox 3315 5175 3540 5239; x_wconf 82' lang='lat' dir='ltr'><strong>potitum</strong></span> 
     </span>
    </p>
   </div>
   <div class='ocr_carea' id='block_1_116' title="bbox 1961 5242 3542 5308">
    <p class='ocr_par' dir='ltr' id='par_1_116' title="bbox 1961 5242 3542 5308">
     <span class='ocr_line' id='line_1_116' title="bbox 1961 5242 3542 5308; baseline 0.001 -11"><span class='ocrx_word' id='word_1_729' title='bbox 1961 5242 2146 5298; x_wconf 69' lang='lat' dir='ltr'><strong>fuisse.</strong></span> <span class='ocrx_word' id='word_1_730' title='bbox 2174 5245 2295 5297; x_wconf 71' lang='lat' dir='ltr'><strong>Haec</strong></span> <span class='ocrx_word' id='word_1_731' title='bbox 2327 5248 2502 5308; x_wconf 76' lang='lat' dir='ltr'><strong>itaque</strong></span> <span class='ocrx_word' id='word_1_732' title='bbox 2529 5258 2702 5299; x_wconf 88' lang='lat' dir='ltr'><strong>castra</strong></span> <span class='ocrx_word' id='word_1_733' title='bbox 2735 5260 2949 5299; x_wconf 88' lang='lat' dir='ltr'><strong>secutus</strong></span> <span class='ocrx_word' id='word_1_734' title='bbox 2987 5248 3146 5299; x_wconf 75' lang='lat' dir='ltr'><strong>fuisse</strong></span> <span class='ocrx_word' id='word_1_735' title='bbox 3183 5246 3433 5298; x_wconf 77' lang='lat' dir='ltr'><strong>Leontius</strong></span> <span class='ocrx_word' id='word_1_736' title='bbox 3460 5246 3542 5298; x_wconf 89' lang='lat' dir='ltr'><strong>di-</strong></span> 
     </span>
    </p>
   </div>
   <div class='ocr_carea' id='block_1_117' title="bbox 1962 5314 3542 5385">
    <p class='ocr_par' dir='ltr' id='par_1_117' title="bbox 1962 5314 3542 5385">
     <span class='ocr_line' id='line_1_117' title="bbox 1962 5314 3542 5385; baseline 0.001 -17"><span class='ocrx_word' id='word_1_737' title='bbox 1962 5314 2162 5368; x_wconf 83' lang='lat' dir='ltr'><strong>cendus</strong></span> <span class='ocrx_word' id='word_1_738' title='bbox 2191 5326 2292 5376; x_wconf 86' lang='lat' dir='ltr'><strong>est,</strong></span> <span class='ocrx_word' id='word_1_739' title='bbox 2317 5317 2423 5382; x_wconf 86' lang='lat' dir='ltr'><strong>jam</strong></span> <span class='ocrx_word' id='word_1_740' title='bbox 2449 5327 2571 5369; x_wconf 89' lang='lat' dir='ltr'><strong>tunc</strong></span> <span class='ocrx_word' id='word_1_741' title='bbox 2598 5325 2756 5369; x_wconf 71' lang='lat' dir='ltr'><strong>aetate</strong></span> <span class='ocrx_word' id='word_1_742' title='bbox 2786 5318 3098 5385; x_wconf 78' lang='lat' dir='ltr'><strong>pubescens.</strong></span> <span class='ocrx_word' id='word_1_743' title='bbox 3129 5316 3212 5367; x_wconf 84' lang='lat' dir='ltr'><strong>illa</strong></span> <span class='ocrx_word' id='word_1_744' title='bbox 3242 5323 3418 5367; x_wconf 86' lang='lat' dir='ltr'><strong>autem</strong></span> <span class='ocrx_word' id='word_1_745' title='bbox 3446 5329 3542 5369; x_wconf 82' lang='lat' dir='ltr'><strong>ex-</strong></span> 
     </span>
    </p>
   </div>
   <div class='ocr_carea' id='block_1_118' title="bbox 1964 5385 3540 5456">
    <p class='ocr_par' dir='ltr' id='par_1_118' title="bbox 1964 5385 3540 5456">
     <span class='ocr_line' id='line_1_118' title="bbox 1964 5385 3540 5456; baseline 0.002 -19"><span class='ocrx_word' id='word_1_746' title='bbox 1964 5385 2161 5456; x_wconf 84' lang='lat' dir='ltr'><strong>peditio</strong></span> <span class='ocrx_word' id='word_1_747' title='bbox 2190 5389 2402 5454; x_wconf 81' lang='lat' dir='ltr'><strong>contigit</strong></span> <span class='ocrx_word' id='word_1_748' title='bbox 2438 5387 2500 5440; x_wconf 88' lang='lat' dir='ltr'><strong>ad</strong></span> <span class='ocrx_word' id='word_1_749' title='bbox 2537 5403 2618 5439; x_wconf 77' lang='lat' dir='ltr'><strong>an.</strong></span> <span class='ocrx_word' id='word_1_750' title='bbox 2651 5386 2746 5438; x_wconf 80' lang='grc'><strong>551</strong></span> <span class='ocrx_word' id='word_1_751' title='bbox 2806 5391 3040 5446; x_wconf 65' lang='lat' dir='ltr'><strong>circiter,</strong></span> <span class='ocrx_word' id='word_1_752' title='bbox 3084 5385 3153 5437; x_wconf 93' lang='lat' dir='ltr'><strong>uti</strong></span> <span class='ocrx_word' id='word_1_753' title='bbox 3187 5385 3414 5439; x_wconf 77' lang='lat' dir='ltr'><strong>diximus</strong></span> <span class='ocrx_word' id='word_1_754' title='bbox 3444 5401 3540 5439; x_wconf 86' lang='lat' dir='ltr'><strong>su-</strong></span> 
     </span>
    </p>
   </div>
   <div class='ocr_carea' id='block_1_119' title="bbox 1967 5456 3542 5525">
    <p class='ocr_par' dir='ltr' id='par_1_119' title="bbox 1967 5456 3542 5525">
     <span class='ocr_line' id='line_1_119' title="bbox 1967 5456 3542 5525; baseline 0 -15"><span class='ocrx_word' id='word_1_755' title='bbox 1967 5472 2082 5522; x_wconf 88' lang='lat' dir='ltr'><strong>pra,</strong></span> <span class='ocrx_word' id='word_1_756' title='bbox 2110 5457 2161 5510; x_wconf 90' lang='lat' dir='ltr'><strong>in</strong></span> <span class='ocrx_word' id='word_1_757' title='bbox 2193 5459 2332 5511; x_wconf 86' lang='lat' dir='ltr'><strong>notis</strong></span> <span class='ocrx_word' id='word_1_758' title='bbox 2361 5457 2425 5510; x_wconf 87' lang='lat' dir='ltr'><strong>ad</strong></span> <span class='ocrx_word' id='word_1_759' title='bbox 2448 5473 2613 5511; x_wconf 83' lang='lat' dir='ltr'><strong>t-arm.</strong></span> <span class='ocrx_word' id='word_1_760' title='bbox 2637 5457 2702 5508; x_wconf 77' lang='grc'><strong>15</strong></span> <span class='ocrx_word' id='word_1_761' title='bbox 2725 5457 2944 5525; x_wconf 74' lang='lat' dir='ltr'><strong>hujusce</strong></span> <span class='ocrx_word' id='word_1_762' title='bbox 2975 5457 3112 5509; x_wconf 83' lang='lat' dir='ltr'><strong>libri.</strong></span> <span class='ocrx_word' id='word_1_763' title='bbox 3139 5456 3542 5514; x_wconf 79' lang='lat' dir='ltr'><strong>Ciri-deliertum</strong></span> 
     </span>
    </p>
   </div>
   <div class='ocr_carea' id='block_1_120' title="bbox 1966 5525 3544 5596">
    <p class='ocr_par' dir='ltr' id='par_1_120' title="bbox 1966 5525 3544 5596">
     <span class='ocr_line' id='line_1_120' title="bbox 1966 5525 3544 5596; baseline -0.001 -16"><span class='ocrx_word' id='word_1_764' title='bbox 1966 5527 2143 5594; x_wconf 81' lang='lat' dir='ltr'><strong>itaque</strong></span> <span class='ocrx_word' id='word_1_765' title='bbox 2169 5528 2269 5582; x_wconf 88' lang='lat' dir='ltr'><strong>sub</strong></span> <span class='ocrx_word' id='word_1_766' title='bbox 2317 5531 2531 5581; x_wconf 88' lang='lat' dir='ltr'><strong>nomine</strong></span> <span class='ocrx_word' id='word_1_767' title='bbox 2559 5530 2685 5596; x_wconf 76' lang='lat' dir='ltr'><strong>regis</strong></span> <span class='ocrx_word' id='word_1_768' title='bbox 2711 5532 2868 5582; x_wconf 81' lang='lat' dir='ltr'><strong>sereni</strong></span> <span class='ocrx_word' id='word_1_769' title='bbox 2902 5528 3117 5580; x_wconf 85' lang='lat' dir='ltr'><strong>minime</strong></span> <span class='ocrx_word' id='word_1_770' title='bbox 3147 5525 3334 5580; x_wconf 83' lang='lat' dir='ltr'><strong>dubito</strong></span> <span class='ocrx_word' id='word_1_771' title='bbox 3359 5527 3544 5579; x_wconf 71' lang='lat' dir='ltr'><strong>deela-</strong></span> 
     </span>
    </p>
   </div>
   <div class='ocr_carea' id='block_1_121' title="bbox 1966 5597 3542 5666">
    <p class='ocr_par' dir='ltr' id='par_1_121' title="bbox 1966 5597 3542 5666">
     <span class='ocr_line' id='line_1_121' title="bbox 1966 5597 3542 5666; baseline 0.001 -14"><span class='ocrx_word' id='word_1_772' title='bbox 1966 5598 2097 5660; x_wconf 88' lang='lat' dir='ltr'><strong>rari,</strong></span> <span class='ocrx_word' id='word_1_773' title='bbox 2120 5599 2270 5666; x_wconf 76' lang='lat' dir='ltr'><strong>Cujus</strong></span> <span class='ocrx_word' id='word_1_774' title='bbox 2302 5599 2605 5660; x_wconf 62' lang='lat' dir='ltr'><strong>religionem</strong></span> <span class='ocrx_word' id='word_1_775' title='bbox 2638 5614 2700 5652; x_wconf 87' lang='lat' dir='ltr'><strong>ac</strong></span> <span class='ocrx_word' id='word_1_776' title='bbox 2733 5603 2978 5666; x_wconf 78' lang='lat' dir='ltr'><strong>pietatem</strong></span> <span class='ocrx_word' id='word_1_777' title='bbox 3009 5611 3150 5665; x_wconf 71' lang='lat' dir='ltr'><strong>stnpe</strong></span> <span class='ocrx_word' id='word_1_778' title='bbox 3194 5598 3376 5652; x_wconf 87' lang='lat' dir='ltr'><strong>laudat</strong></span> <span class='ocrx_word' id='word_1_779' title='bbox 3403 5597 3542 5652; x_wconf 86' lang='lat' dir='ltr'><strong>For-</strong></span> 
     </span>
    </p>
   </div>
   <div class='ocr_carea' id='block_1_122' title="bbox 1969 5667 3078 5738">
    <p class='ocr_par' dir='ltr' id='par_1_122' title="bbox 1969 5667 3078 5738">
     <span class='ocr_line' id='line_1_122' title="bbox 1969 5667 3078 5738; baseline -0.005 -14"><span class='ocrx_word' id='word_1_780' title='bbox 1969 5678 2202 5730; x_wconf 88' lang='lat' dir='ltr'><strong>tunatus,</strong></span> <span class='ocrx_word' id='word_1_781' title='bbox 2233 5670 2325 5722; x_wconf 89' lang='lat' dir='ltr'><strong>sed</strong></span> <span class='ocrx_word' id='word_1_782' title='bbox 2360 5672 2623 5738; x_wconf 40' lang='lat' dir='ltr'><strong>praecipue</strong></span> <span class='ocrx_word' id='word_1_783' title='bbox 2650 5671 2739 5722; x_wconf 88' lang='lat' dir='ltr'><strong>lib.</strong></span> <span class='ocrx_word' id='word_1_784' title='bbox 2774 5684 2843 5731; x_wconf 80' lang='lat' dir='ltr'><strong>vr,</strong></span> <span class='ocrx_word' id='word_1_785' title='bbox 2875 5683 2990 5737; x_wconf 89' lang='lat' dir='ltr'><strong>cap.</strong></span> <span class='ocrx_word' id='word_1_786' title='bbox 3024 5667 3078 5719; x_wconf 74' lang='grc'><strong>4.</strong></span> 
     </span>
    </p>
   </div>
   <div class='ocr_carea' id='block_1_123' title="bbox 2042 5738 2878 5806">
    <p class='ocr_par' dir='ltr' id='par_1_123' title="bbox 2042 5738 2878 5806">
     <span class='ocr_line' id='line_1_123' title="bbox 2042 5738 2878 5806; baseline -0.002 -13"><span class='ocrx_word' id='word_1_787' title='bbox 2042 5738 2066 5776; x_wconf 75' lang='grc' dir='ltr'><strong>¹ί</strong></span> <span class='ocrx_word' id='word_1_788' title='bbox 2101 5741 2247 5793; x_wconf 87' lang='lat' dir='ltr'><strong>Unus</strong></span> <span class='ocrx_word' id='word_1_789' title='bbox 2274 5741 2406 5794; x_wconf 85' lang='lat' dir='ltr'><strong>Cod.</strong></span> <span class='ocrx_word' id='word_1_790' title='bbox 2437 5741 2576 5802; x_wconf 82' lang='lat' dir='ltr'><strong>Vat.,</strong></span> <span class='ocrx_word' id='word_1_791' title='bbox 2607 5757 2694 5804; x_wconf 87' lang='lat' dir='ltr'><strong>per</strong></span> <span class='ocrx_word' id='word_1_792' title='bbox 2721 5740 2878 5806; x_wconf 79' lang='lat' dir='ltr'><strong>ignes.</strong></span> 
     </span>
    </p>
   </div>
   <div class='ocr_carea' id='block_1_124' title="bbox 2047 5807 3546 5877">
    <p class='ocr_par' dir='ltr' id='par_1_124' title="bbox 2047 5807 3546 5877">
     <span class='ocr_line' id='line_1_124' title="bbox 2047 5807 3546 5877; baseline -0.003 -13"><span class='ocrx_word' id='word_1_793' title='bbox 2047 5807 2064 5847; x_wconf 78' lang='grc' dir='ltr'>ι</span> <span class='ocrx_word' id='word_1_794' title='bbox 2105 5809 2251 5864; x_wconf 88' lang='lat' dir='ltr'><strong>Unus</strong></span> <span class='ocrx_word' id='word_1_795' title='bbox 2297 5811 2429 5864; x_wconf 76' lang='lat' dir='ltr'><strong>Cod.</strong></span> <span class='ocrx_word' id='word_1_796' title='bbox 2465 5809 2608 5874; x_wconf 86' lang='lat' dir='ltr'><strong>Vat.,</strong></span> <span class='ocrx_word' id='word_1_797' title='bbox 2641 5811 2711 5861; x_wconf 81' lang='lat' dir='ltr'><strong>sic</strong></span> <span class='ocrx_word' id='word_1_798' title='bbox 2741 5812 2888 5877; x_wconf 81' lang='lat' dir='ltr'><strong>[taret</strong></span> <span class='ocrx_word' id='word_1_799' title='bbox 2923 5817 2969 5861; x_wconf 84' lang='lat' dir='ltr'><strong>et</strong></span> <span class='ocrx_word' id='word_1_800' title='bbox 3003 5808 3243 5874; x_wconf 67' lang='lat' dir='ltr'><strong>Phoenix,</strong></span> <span class='ocrx_word' id='word_1_801' title='bbox 3275 5819 3546 5876; x_wconf 89' lang='lat' dir='ltr'><strong>corrupte.</strong></span> 
     </span>
    </p>
   </div>
   <div class='ocr_carea' id='block_1_125' title="bbox 2043 5878 3552 5948">
    <p class='ocr_par' dir='ltr' id='par_1_125' title="bbox 2043 5878 3552 5948">
     <span class='ocr_line' id='line_1_125' title="bbox 2043 5878 3552 5948; baseline -0.001 -14"><span class='ocrx_word' id='word_1_802' title='bbox 2043 5881 2411 5948; x_wconf 77' lang='lat' dir='ltr'><strong>mBrowerus,</strong></span> <span class='ocrx_word' id='word_1_803' title='bbox 2471 5879 2520 5935; x_wconf 89' lang='lat' dir='ltr'><strong>in</strong></span> <span class='ocrx_word' id='word_1_804' title='bbox 2581 5880 2716 5934; x_wconf 65' lang='lat' dir='ltr'><strong>notis</strong></span> <span class='ocrx_word' id='word_1_805' title='bbox 2749 5879 2812 5930; x_wconf 83' lang='lat' dir='ltr'><strong>ad</strong></span> <span class='ocrx_word' id='word_1_806' title='bbox 2868 5878 3011 5935; x_wconf 89' lang='lat' dir='ltr'><strong>hunc</strong></span> <span class='ocrx_word' id='word_1_807' title='bbox 3068 5883 3264 5948; x_wconf 87' lang='lat' dir='ltr'><strong>locum,</strong></span> <span class='ocrx_word' id='word_1_808' title='bbox 3313 5878 3552 5934; x_wconf 81' lang='lat' dir='ltr'><strong>ostendit</strong></span> 
     </span>
    </p>
   </div>
   <div class='ocr_carea' id='block_1_126' title="bbox 3582 4821 3600 4918">
    <p class='ocr_par' dir='ltr' id='par_1_126' title="bbox 3582 4821 3600 4918">
     <span class='ocr_line' id='line_1_126' title="bbox 3582 4821 3600 4918; baseline 0 -92"><span class='ocrx_word' id='word_1_809' title='bbox 3582 4821 3600 4918; x_wconf 32' lang='grc' dir='ltr'>ἰ</span> 
     </span>
    </p>
   </div>
  </div>
