4020 6346
518 265 588 321 79
1236 264 1560 320 VENANTII
1601 262 1759 319 "0N.
1803 263 2011 319 CLEll.
2056 261 2454 326 FORTUNATI
2495 268 2779 326 OPERUM
2820 269 2995 326 PARS
3030 270 3072 325 1.
3720 270 3778 327 8(

517 387 657 444 Ecce
690 386 841 443 beata
868 400 1035 441 sacrae
1061 385 1292 441 fundasti
1323 387 1518 455 templa
1549 386 1747 452 Mariae,

587 478 697 532 Nox
724 480 813 533 ubi
842 478 977 532 victa
1009 477 1159 545 lugit,
1193 492 1405 542 semper
1427 476 1672 531 habendo
1701 477 1863 533 diem.

516 568 745 627 Lumine
764 570 915 638 plena
940 570 1165 633 micans,
1195 569 1397 623 imitata
1428 580 1509 623 est
1530 570 1651 623 aula
1679 568 1921 634 Mariam,

585 661 675 718 Illa
708 671 857 718 utero
887 662 1058 717 lucem
1090 663 1299 727 clausit,
1334 673 1385 714 et
1415 662 1513 715 ista
1540 662 1683 718 diem
1714 670 1762 715 δ.

510 753 622 811 Nec
651 755 823 810 solum
856 754 1086 822 liic,-sed
1116 754 1313 824 ubique
1340 752 1367 792 δ
1402 755 1604 811 micant
1638 763 1725 809 tua
1757 754 1976 824 templa,
2006 768 2098 809 sa-

1652 842 1883 919 [cerdos.

582 938 725 996 Inter
751 954 870 1011 qua:
901 939 1158 1010 plaudens
1185 940 1486 996 Sanctonus
1518 940 1603 994 illa
1631 940 1787 995 docet
1822 952 1867 996 ε.

508 1031 610 1100 Qui
638 1033 753 1089 loca
778 1033 875 1088 das
906 1034 1133 1104 populis,
1163 1034 1255 1089 ubi
1274 1033 1547 1090 Christum
1575 1034 1773 1106 jugiter
1803 1046 1977 1103 orent,

580 1125 730 1181 Unde
756 1126 901 1181 salus
928 1127 1128 1195 veniat,
1158 1135 1209 1181 te
1230 1126 1361 1181 facis
1380 1142 1502 1182 esse
1522 1127 1683 1183 viam.

506 1216 865 1287 Ecclesiaaque
892 1218 1086 1273 domus
1113 1227 1394 1274 crescente
1420 1221 1699 1275 cacumine
1730 1220 1915 1290 pollet,

575 1307 639 1363 Et
667 1309 857 1379 probat
881 1324 1006 1366 esse
1037 1318 1208 1377 tuum,
1240 1309 1379 1380 quod
1408 1312 1570 1365 modo
1600 1312 1743 1367 culta
1767 1315 1962 1381 placet.

502 1398 697 1457 Fecisti
727 1409 784 1457 ut
809 1401 973 1457 libeat
995 1409 1218 1457 cunctos
1248 1401 1351 1457 huc
1379 1417 1596 1459 currere
1625 1404 1796 1472 cives,

576 1495 644 1550 Et
668 1496 858 1552 domus
884 1511 988 1551 una
1018 1506 1193 1563 vocet,
1222 1498 1476 1568 quidquid
1502 1500 1552 1554 in
1586 1501 1721 1555 urbe
1749 1511 1948 1559 manet.

500 1587 716 1645 Ornasti
749 1588 999 1659 patriam,
1026 1589 1110 1644 cui
1134 1589 1268 1644 dona
1301 1593 1553 1659 perennia
1580 1601 1825 1662 prmstas,

572 1678 652 1734 Tu
679 1693 892 1749 quoque
920 1679 1196 1744 dicendus,
1229 1680 1620 1752 Burdegalcnse
1649 1682 1831 1738 decus.

2131 387 2182 446 Α
2211 385 2334 444 Haec
2363 404 2642 459 possessor
2665 389 2846 453 habet,
2878 387 3133 459 quidquid
3158 385 3514 442 transmiserit
3541 396 3687 451 ante,

2274 481 2397 535 Sola
2431 490 2573 539 tenet
2593 479 2622 519 ιι
2651 497 2854 547 secum,
2887 497 3007 553 qua:
3036 481 3184 552 prius
3213 481 3291 535 ire
3318 479 3465 535 facit.

2201 570 2329 629 Haec
2354 572 2444 628 tibi
2469 574 2667 645 templa
2700 575 2923 639 dabunt,
2955 583 3009 629 et
3037 588 3161 629 vasa
3186 582 3413 638 sacrata,
3442 572 3717 640 sacerdos,

2274 663 2340 718 Et
2366 664 2620 736 quidquid
2650 665 2935 736 reliquum,
2960 678 3061 721 nec
3085 678 3369 720 numerare
3396 679 3535 734 queo

2199 752 2740 813 Ecclesiecolumen
2788 756 3048 829 [culmen]
3079 771 3171 828 per
3200 766 3444 827 tempora
3487 758 3645 828 longa
3683 770 3784 830 gu-

3336 843 3572 921 (heroes.

2270 938 2338 994 Et
2361 938 2613 997 mercede
2641 938 2724 1011 pia
2754 939 2958 997 fructus
2984 939 3182 1012 ubique
3207 936 3397 995 mice’s.

2196 1029 2371 1103 Cogor
2390 1047 2575 1089 amore
2596 1035 2757 1091 etiam
2789 1034 3077 1092 Placidinaa
3100 1047 3263 1103 pauca
3300 1030 3525 1098 referre,

2264 1123 2396 1191 Quae
2424 1126 2517 1180 tibi
2547 1134 2672 1181 tunc
2698 1125 2917 1196 conjux,
2945 1133 3026 1181 est
3049 1124 3210 1180 modo
3238 1122 3400 1178 chara
3428 1136 3579 1178 soror
3607 1117 3655 1178 ι.

2195 1213 2398 1270 Lumen
2419 1215 2489 1270 ab
2508 1215 2738 1272 Arcadio
2767 1219 2990 1273 veniens
3012 1215 3253 1286 genitore
3276 1213 3522 1284 refulget,

2263 1309 2380 1377 Quo
2404 1319 2584 1366 manet
2605 1319 2887 1383 augustum
2918 1326 3159 1380 germen,
3184 1311 3357 1376 Avite,
3391 1319 3536 1365 tuum
3562 1325 3578 1362 :

2193 1399 2444 1470 lmperiii
2484 1401 2648 1456 fastus
2669 1400 2884 1474 [fasces]
2912 1410 3020 1456 toto
3041 1402 3129 1471 qui
3153 1401 3289 1456 rexit
3316 1400 3369 1455 in
3397 1401 3563 1467 orbe;

2264 1492 2427 1564 Cujus
2456 1493 2630 1550 adhuc
2658 1494 2863 1564 pollens
2887 1495 3005 1565 jura
3034 1503 3252 1550 senatus
3279 1494 3457 1549 habet.

2192 1581 2422 1639 Humani
2448 1585 2661 1656 generis
2690 1586 2735 1641 si
2762 1586 2993 1640 culmina
3025 1583 3191 1655 prima
3220 1585 3482 1655 requiras,

2264 1675 2483 1733 Semiiie
2509 1676 2759 1733 Caesareo
2786 1675 2814 1714 ¹ι
2845 1677 2918 1732 nil
2947 1691 3229 1746 superesse
3256 1685 3448 1746 potest.

499 1746 767 1839 Quantum
805 1746 953 1827 inter
995 1772 1227 1843 reliquas
1276 1746 1436 1843 caput
1481 1775 1596 1830 haec
1626 1770 1652 1811 δ
1684 1789 1845 1844 super
1898 1776 2089 1833 extulit
2116 1746 2169 1812 Β
2192 1764 2299 1826 Sed
2329 1783 2501 1838 genus
2522 1769 2635 1840 ipsa
2660 1785 2815 1825 suum
2847 1784 3038 1826 sensus
3067 1769 3433 1825 moderamine
3457 1767 3612 1837 vicit;

1664 1867 1868 1941 [urbes,

568 1954 795 2010 Tantum
822 1954 1107 2012 Pontiﬁces
1130 1956 1302 2012 vincis
1330 1956 1534 2013 honore
1557 1958 1773 2028 gradus.

496 2042 753 2101 Inferiora
782 2046 927 2102 velut
953 2055 1079 2101 sunt
1106 2046 1324 2101 ﬂumina
1354 2057 1543 2102 cuncta
1572 2048 1857 2107 Garumna
1891 2060 1938 2117 ο,

568 2136 683 2192 Non
712 2135 869 2195 aliter
896 2139 1048 2194 vobis
1075 2139 1315 2209 subjacet
1345 2141 1521 2196 omnis
1545 2156 1704 2212 apex.

495 2226 717 2284 Rhenus
741 2229 811 2284 ab
836 2230 974 2302 Alpe
1004 2245 1189 2288 means
1219 2246 1392 2302 neque
1424 2233 1584 2288 tantis
1610 2244 1825 2302 spumat
1860 2235 2082 2293 habenis

1618 2324 1864 2398 [arenis].

564 2412 777 2470 Fortior
807 2414 1061 2472 Adriacas
1088 2430 1188 2472 nec
1210 2416 1385 2472 Padus
1411 2417 1575 2473 intrat
1596 2432 1792 2487 aquas;

492 2504 765 2563 Danubius
796 2523 894 2579 par
916 2516 1020 2575 est,
1052 2511 1142 2579 qui
1172 2510 1383 2581 longius
1412 2519 1598 2581 egerat
1629 2509 1647 2548 ί
1682 2511 1854 2566 undas
1887 2554 1896 2564 .
1950 2512 1955 2515 ’

562 2599 688 2656 Haec
716 2616 817 2670 ego
846 2604 1187 2667 transcendi;
1216 2604 1400 2673 judico
1424 2614 1547 2660 nota
1572 2603 1727 2659 mibi.

488 2691 904 2765 Muneribusque
928 2696 1029 2764 piis
1057 2695 1250 2750 dotasti
1277 2696 1468 2751 altaria
1495 2696 1719 2761 Christi,

557 2782 694 2839 Cum
724 2792 809 2839 tua
838 2801 962 2841 vasa
992 2785 1173 2842 ferunt
1198 2787 1404 2842 viscera
1431 2798 1613 2845 sancta
1647 2788 1762 2845 llei.

485 2871 617 2928 Nam
643 2889 824 2941 cruor,
856 2886 910 2932 et
946 2891 1140 2947 corpus
1168 2878 1376 2933 Domini
1405 2879 1654 2934 libamina
1679 2882 1895 2947 summi,

557 2963 681 3021 Rite
709 2966 1011 3022 ministerio
1038 2952 1465 3041 [ministerium],
1497 2980 1550 3025 te
1583 2972 1874 3037 tribuente,
1905 2972 2072 3029 venit.

489 3056 534 3109 0
560 3054 712 3121 felix,
742 3055 895 3127 cujus
925 3037 1061 3112 ditat
1087 3058 1170 3125 pia
1206 3037 1402 3129 témpla
1426 3037 1675 3127 facultas,

562 3146 659 3202 Cui
689 3163 776 3204 res
805 3150 1108 3223 istamagis
1134 3167 1238 3205 non
1262 3153 1491 3220 peritura
1516 3164 1717 3210 manet.

487 3240 603 3298 Non
625 3257 807 3312 aerugo
837 3252 972 3298 teret
997 3252 1024 3291 ε
1056 3244 1292 3298 mordaci
1321 3244 1480 3299 dente
1509 3246 1787 3310 talentum,

552 3333 660 3389 Nec
696 3343 880 3389 contra
912 3332 1027 3389 haec
1057 3332 1204 3388 fures
1227 3349 1372 3388 arma
1399 3334 1582 3390 dolosa
1613 3346 1848 3392 moveut.

483 3424 548 3482 Et
570 3426 691 3481 data
725 3441 812 3482 res
838 3426 990 3492 vivit,
1023 3425 1221 3482 facitet
1249 3427 1385 3484 bene
1414 3427 1595 3483 vivere
1614 3429 1828 3484 dantem

552 3519 684 3574 Cum
708 3520 934 3574 moritur
962 3518 1140 3584 terris,
1173 3518 1383 3574 ducitur
1408 3518 1531 3574 inde
1555 3520 1707 3589 polis.

479 3652 812 3724 baptisteria,
870 3654 1068 3709 veteris
1126 3654 1380 3710 Ecclesiae
1436 3669 1614 3715 more.
1668 3665 1723 3711 et
1776 3671 1896 3723 usu,
1953 3656 2066 3713 fere

476 3727 701 3781 seorsiin
734 3742 760 3777 a
794 3726 1033 3781 basilicis
1062 3729 1266 3780 exstrui
1318 3726 1472 3779 solita
1509 3726 1692 3792 fuisse,
1743 3728 1885 3795 quod
1934 3727 2058 3783 item

475 3811 537 3851 ex
581 3796 681 3850 hoc
732 3797 1042 3851 testimonio
1091 3797 1365 3853 Fortunati
1415 3800 1782 3851 coiilirmaiur.
1834 3799 2063 3855 Sanctus

475 3867 635 3939 Greg.
668 3867 796 3922 Tur.
830 3869 991 3923 etiam
1039 3870 1133 3923 lib.
1169 3885 1199 3923 x
1233 3870 1368 3923 llist.
1403 3866 1620 3925 Frauc..
1650 3885 1767 3933 cap.
1801 3870 1891 3935 3|,
1923 3871 2063 3926 inter

474 3952 669 3992 extera
712 3953 896 4005 opera,
946 3940 1139 4007 qiiihus
1190 3939 1304 4006 ipse
1360 3942 1652 3994 licclesiam
1686 3941 2057 3996 'l‘uruiieusem

474 4017 779 4073 ornaverat,
812 4011 1178 4076 baptisterium
1213 4019 1474 4073 recenset,
1517 4011 1658 4077 quod
1711 4027 1874 4077 prope
1921 4012 2059 4065 basi-

474 4079 629 4131 licam
658 4090 939 4131 curaverat
969 4080 1361 4140 a-ililicanduin,
1414 4081 1658 4135 ill'lll'eﬂs
1689 4097 1699 4131 :
1735 4098 1754 4129 ι
1796 4080 2059 4146 liaptiste-

474 4150 615 4202 rium
663 4149 728 4200 ad
778 4149 945 4214 ipsam
994 4148 1268 4219 basilicam
1302 4149 1551 4201 ειηΙΗὶιίιιί
1587 4155 1836 4219 prtem-pi.

472 4219 845 4286 baptiSIerittm
882 4218 1180 4287 Moguntiie,
1211 4220 1349 4285 quod
1380 4234 1409 4271 a
1442 4220 1682 4282 Sidonio,
1739 4218 1853 4288 opis
1905 4225 2054 4276 urbis

472 4291 746 4357 episeopo,
798 4299 1128 4343 exsmictuiit
1182 4288 1375 4351 fuerat,
1411 4293 1677 4355 propriam
1728 4296 1902 4345 aulam
1959 4296 2051 4346 ba—

470 4360 673 4431 buisse,
703 4378 732 4413 a
765 4360 997 4431 basilica:
1025 4360 1254 4414 aedilicio
1295 4360 1615 4431 sejuiictaiii,
1652 4360 1844 4429 conjici
1879 4374 2055 4430 potest

470 4445 535 4484 ex
567 4429 737 4495 πῖθι-1.,
777 4445 826 4483 c.
868 4430 956 4494 li,
997 4431 1032 4485 Ι.
1077 4447 1132 4485 Il.
1186 4429 1443 4498 Denique,
1488 4443 1667 4485 nostra
1719 4433 1819 4487 hac
1866 4446 2045 4491 aetate.

468 4511 705 4557 veterum
739 4501 1075 4556 basilicarum
1113 4503 1415 4570 Ιιτψιιςιεθείει
1438 4542 1453 4566 ,
1502 4505 1613 4558 lere
1649 4505 1716 4555 ab
1748 4505 1877 4570 ipsis
1909 4506 2048 4558 basi-

471 4571 586 4625 licis
608 4575 832 4626 seorsiin
860 4574 1053 4641 posita,
1077 4582 1313 4627 veterem
1345 4574 1489 4629 illam
1519 4576 1963 4630 consuetudinem
1988 4590 2052 4631 ac

470 4657 674 4696 morem
718 4653 846 4698 satis
876 4646 1169 4698 declarant.

543 4723 567 4749 ³·
613 4713 933 4768 Fortunatus
999 4715 1086 4766 loc
1153 4715 1390 4770 indicare
1449 4716 1701 4783 videtur,
1771 4716 2048 4774 basilicam

468 4794 669 4837 saneta:
721 4786 916 4850 Mariae,
967 4785 1280 4839 aediﬁcatam
1332 4803 1359 4838 a
1399 4786 1638 4852 Leontio,
1677 4791 1858 4843 vitreis
1909 4791 2052 4844 fene-

466 4857 594 4909 stris
629 4856 892 4908 orulataiu
941 4854 1125 4918 fuisse,
1176 4857 1311 4909 sicut
1362 4858 1497 4910 idem
1543 4864 1609 4912 de
1662 4860 1925 4914 Parisiaca
1971 4862 2049 4917 l0-

467 4941 634 4998 quens
661 4926 910 4993 ecclesia,
939 4928 1033 4980 lib.
1061 4942 1117 4993 ii,
1145 4940 1266 4997 cap.
1294 4927 1381 4993 ll,
1410 4929 1519 4995 pari
1549 4931 1705 4984 modo
1734 4933 1869 4985 dixit
1899 4948 1912 4983 :

588 5028 751 5092 Prima
772 5030 1103 5092 ‘capitrailios,
1132 5031 1300 5078 vitreis
1317 5030 1503 5079 oculata
1529 5030 1777 5092 fenestris,

647 5089 956 5152 Artiﬁcisque
976 5106 1136 5154 manu,
1163 5091 1337 5139 clausit
1358 5095 1405 5140 iu
1431 5107 1544 5142 arce
1565 5093 1716 5142 diem.

482 5171 729 5301 ibbﬂide
755 5189 875 5243 qua:
901 5190 1061 5243 supra
1090 5176 1344 5243 diximus,
1373 5176 1439 5231 ad
1467 5191 1516 5231 c.
1553 5176 1620 5229 1:2
1647 5187 1700 5230 et
1731 5176 1801 5232 13
1824 5177 2047 5247 hujusce

537 5260 605 5300 ri.

463 5260 605 5300 IIDI'I.

537 5328 560 5356 ο
593 5315 734 5372 Edit.
766 5316 962 5379 Paris.,
990 5328 1181 5371 monet.

533 5382 561 5424 δ
599 5388 743 5444 Unus
770 5387 900 5442 Cod.
925 5386 1082 5457 Χρὴ,
1112 5397 1266 5455 caput
1294 5404 1508 5457 ἀπηρει-
1537 5390 1738 5443 extulit.

539 5467 563 5495 ⁸
589 5458 721 5513 Cod.
757 5457 876 5513 Vat.
908 5456 1200 5524 Garanum;
1234 5461 1361 5513 item
1393 5456 1534 5514 Edit.
1569 5460 1702 5514 \‘en.

539 5526 558 5568 ί
594 5529 736 5583 Edit.
758 5526 967 5600 _l?aris.,
998 5531 1173 5600 egerit.

534 5610 558 5646 ε
592 5598 914 5671 Edit._Veii.,
947 5598 1049 5655 non
1077 5616 1248 5671 aerugo
1281 5612 1432 5657 tenet.

532 5671 556 5708 ιδ
587 5671 639 5724 lii
672 5669 811 5723 Edit.
850 5672 979 5725 Ven.
1026 5669 1218 5726 desunt
1265 5674 1314 5727 hi
1347 5674 1452 5727 duo
1501 5688 1725 5729 versus:
1753 5673 1863 5726 sola
1910 5683 2043 5729 tenet

469 5758 651 5807 tecum,
677 5753 729 5794 et
759 5755 871 5809 seq.

2101 3107 2150 3172 C

2263 1860 2430 1931 Cujus
2457 1863 2524 1918 ab
2553 1864 2764 1935 eloquio
2788 1863 2961 1918 dulcia
2989 1863 3142 1918 mella
3167 1862 3357 1917 fluunt.

2187 1951 2388 2020 Cbara,
2415 1970 2627 2021 serena,
2656 1955 2877 2019 decens,
2901 1955 3093 2020 solers,
3119 1953 3226 2024 pia,
3258 1954 3420 2020 mitis,
3447 1955 3642 2025 opima,

2256 2050 2389 2116 Qua:
2416 2048 2556 2104 bona
2578 2058 2767 2102 cuncta
2796 2048 2953 2115 gerit,
2984 2046 3240 2116 quidquid
3272 2046 3477 2102 honore
3507 2048 3698 2115 placet.

2185 2142 2442 2207 Moribus,
2465 2140 2698 2215 ingenio,
2730 2140 3042 2209 meritorum
3073 2143 3189 2197 luce
3217 2156 3527 2209 coruscans,

2254 2235 2477 2291 Ornavit
2502 2248 2687 2289 sexum
2714 2247 2869 2288 mens
2895 2234 3121 2303 pretiosa
3144 2248 3323 2289 suum.

2186 2329 2420 2386 Plurima
2448 2343 2547 2384 cur
2573 2328 2821 2392 referam,
2849 2327 3063 2397 quantis
3091 2328 3161 2381 sit
3190 2328 3414 2397 prtedita
3443 2326 3623 2395 rebus,

2256 2424 2386 2491 Quae
2416 2422 2587 2492 potuit
2616 2422 2753 2477 votis
2782 2428 2943 2491 nupta
2976 2421 3182 2491 placere
3205 2422 3330 2477 tuis.
3568 2412 3583 2423 ’

2183 2519 2388 2591 Augeat
2418 2517 2533 2573 hare
2550 2516 2702 2573 vobis
2730 2514 2914 2582 vitam,
2940 2515 3028 2570 cui
3057 2516 3250 2583 templa
3280 2513 3524 2581 dedistis,

2249 2610 2688 2681 Culminibusque
2713 2608 2825 2665 suis
2854 2607 3083 2663 culmina
3104 2615 3279 2664 vestra
3302 2613 3461 2678 tegat.

2763 2726 2990 2784 CAPUT
3028 2725 3166 2782 XVI.

2529 2812 2771 2887 Hymnus
2807 2817 2871 2870 de
2908 2814 3119 2869 Leontio
3156 2829 3418 2885 episcopo.

2178 2926 2333 3002 [Cum
2364 2926 2579 2998 quidam
2608 2928 2852 2984 ambiens
2887 2927 3061 3002 locum
3091 2926 3323 3002 Leontii,
3353 2928 3597 3002 episcopi
3629 2928 3763 2984 Bur-

2247 3000 2569 3069 degalensis,
2604 3002 2872 3060 eumdem,
2908 3001 3181 3053 absentem
3223 2999 3357 3069 jam,
3405 2999 3540 3054 falso
3581 3011 3761 3057 morte

2248 3074 2572 3125 exstinctum
2624 3070 2787 3126 fuisse
2833 3069 3178 3139 divulgasset,
3219 3085 3325 3139 quo
3357 3071 3554 3124 mortui
3588 3071 3639 3124 in
3674 3073 3756 3124 lo-

2246 3155 2366 3196 cum
2388 3141 2744 3207 sufficeretur,
2766 3154 2829 3193 ac
2850 3138 3105 3195 Leontius
3125 3156 3189 3194 ex
3214 3138 3483 3205 insperato
3505 3155 3760 3199 reversus

2246 3228 2311 3268 ex
2346 3214 2555 3277 itinere,
2603 3225 2724 3267 sese
2752 3211 3068 3265 incolumem
3099 3212 3245 3282 gregi
3276 3225 3374 3265 suo
3403 3212 3751 3277 ostendisset,

2245 3283 2611 3348 Fortunatus,
2662 3285 2903 3351 sequenti
2959 3282 3234 3347 carmine,
3298 3283 3531 3336 reditum
3588 3282 3760 3347 ipsius

2249 3354 2619 3409 felicissimum
2649 3355 2965 3423 gratulatur,
2991 3368 3148 3422 quem
3182 3360 3329 3405 tanto
3376 3352 3757 3423 iucundiorem

2243 3425 2503 3480 accidisse
2543 3421 2798 3487 aflirinat,
2838 3424 2975 3487 quod
3012 3421 3076 3476 in
3123 3437 3245 3478 eum
3304 3421 3562 3479 inciderat
3607 3425 3755 3479 diem

2244 3511 2349 3567 quo
2378 3501 2423 3549 ts
2451 3495 2624 3564 primo
2651 3494 2830 3549 sedem
2858 3493 3306 3564 Burdegaleusem
3330 3495 3747 3552 conscenderat.

2246 3627 2261 3666 ί
2302 3628 2393 3682 Eae
2442 3627 2655 3684 scilicet
2699 3640 2819 3696 quae
2871 3641 3092 3682 uxorum
3152 3629 3204 3683 in
3252 3630 3370 3684 loco
3418 3638 3571 3684 erant
3621 3638 3757 3688 ante

2167 3700 2554 3770 episcOpaiuin,
2588 3698 3050 3770 hoccedignitaiis
3076 3703 3239 3769 gradu
3261 3701 3433 3754 auctis
3475 3700 3753 3754 habeban-

2170 3768 2253 3824 tur
2283 3786 2379 3840 pro
2409 3769 2703 3825 sororibus.
2734 3768 2917 3838 Neque
2961 3772 3103 3823 etiiiit
3153 3785 3308 3825 secus
3352 3786 3473 3825 Cum
3526 3770 3631 3824 illis
3681 3786 3756 3828 ac

2164 3857 2285 3897 cum
2335 3844 2609 3896 sororibus
2657 3841 2926 3902 vivebant,
2975 3841 3129 3892 thoro
3178 3842 3334 3908 plane
3381 3844 3629 3908 sejuiicti.
3676 3857 3749 3898 ex

2164 3928 2428 3967 canonum
2456 3913 2706 3978 decretis,
2730 3914 2987 3975 et-prisca
3023 3911 3272 3965 Ecclesiae
3322 3912 3744 3970 consuetudine.

2164 3983 2300 4038 Hinc
2328 3986 2671 4039 Constantius
2700 3984 2996 4053 presbyter,
3026 3982 3076 4034 iu
3113 3982 3230 4034 Vita
3259 3983 3512 4039 Germani
3553 3984 3746 4036 Autis-

2162 4056 2509 4117 Sitidtit‘i'nsis,
2540 4070 2659 4122 cap.
2690 4055 2725 4106 2
2750 4070 2762 4103 :
2790 4068 2939 4115 uxor,
2974 4053 3163 4120 inquit,
3194 4054 3245 4105 in
3271 4070 3495 4106 sororem
3530 4068 3594 4108 ea:
3623 4068 3753 4109 coit-

1872 4124 2053 4205 ἷϊῐέῖη
2151 4124 2856 4205 1",‘99"""“.“"'.§f‘;‘.‘"me
3203 4128 3253 4205 ετξ
3468 4126 3534 4177 κά
3580 4126 3751 4180 5‘“-

2163 4199 2332 4253 llllllll,
2363 4196 2518 4265 epist.
2550 4194 2617 4249 16
2640 4194 2731 4247 lib.
2765 4210 2818 4255 ν,
2851 4194 2936 4245 tibi
2971 4194 3208 4255 pluribus
3235 4194 3347 4248 haec
3371 4196 3631 4249 illustrat.

2237 4265 2251 4317 ἱ
2292 4266 2436 4321 Uiiiis
2466 4266 2595 4320 Cod.
2628 4265 2771 4329 νει,
2795 4265 3020 4327 imperiis
3044 4265 3228 4334 factiia,
3256 4280 3395 4319 corr.

2231 4334 2259 4375 λι
2293 4338 2500 4400 Avitus,
2528 4338 2769 4390 Caesarea
2797 4336 3077 4403 dignitate,
3116 4351 3284 4405 genus
3308 4351 3485 4402 suum,
3518 4346 3748 4393 czetero-

2159 4408 2287 4474 quin
2338 4408 2749 4471 nobilissimum,
2805 4410 2969 4458 multo
3015 4409 3291 4473 augustius
3337 4421 3496 4477 atque
3539 4411 3746 4465 clarius

2079 4470 2480 4533 Dredtliilerat.
2528 4478 2575 4533 Is
2626 4470 2880 4532 Arvernis
2923 4485 3070 4531 ortus
3092 4470 3373 4531 'Auiciaua
3411 4470 3488 4532 'ex
3548 4490 3741 4547 gente,

2156 4565 2284 4604 avos
2311 4558 2367 4603 et
2399 4563 2623 4617 proavos
2662 4549 2816 4617 leuga
2862 4550 3000 4602 serie
3045 4549 3280 4603 illustres
3322 4549 3639 4612 honoribus,
3670 4565 3743 4606 ac

2153 4623 2379 4691 patricio
2428 4621 2616 4676 ordine
2666 4620 2903 4687 iiiSignes
2950 4623 3316 4691 enumerabat.
3372 4619 3445 4675 De
3493 4636 3624 4689 quo,
3661 4635 3735 4689 _iit

2153 4690 2297 4746 cauit
2350 4691 2599 4744 Sidonius
2655 4690 3034 4761 Appollinaris,
3087 4692 3161 4761 in,
3199 4694 3526 4761 panegyrico
3572 4708 3733 4759 quem

2155 4762 2337 4817 [inium
2368 4762 2605 4815 recitaxit
2648 4762 2821 4813 eidem
2874 4760 3029 4814 Avito
3058 4760 3232 4831 (cujus
3281 4760 3441 4815 ulla!"
3473 4762 3697 4816 Sidonii

2152 4833 2268 4903 ipse
2300 4847 2518 4887 uxorem
2546 4833 2815 4897 duxerat),
2848 4833 2920 4885 ait
2949 4849 2961 4884 :

2276 4984 2291 4999 .
2319 4984 2333 4998 .
2361 4986 2372 4997 .
2402 4985 2414 4996 .
2443 4985 2454 4997 .
2482 4982 2495 4996 .
2526 4984 2537 4996 .
2567 4983 2580 4996 .
2606 4945 2765 4994 Rulila
2787 4948 2867 4995 cui
2887 4946 3090 4995 maxima
3115 4945 3297 4995 dudum

2271 5014 2538 5061 Stemmata
2563 5010 2867 5070 complexum
2892 5021 3116 5070 germen,
3142 5009 3344 5061 ialmata
3363 5007 3578 5070 cucurrit

2273 5072 2372 5121 Per
2391 5085 2614 5131 proavos,
2641 5069 2911 5131 gentisque
2928 5084 3052 5133 suae,
3078 5080 3129 5120 te
3152 5078 3305 5133 teste,
3342 5069 3575 5133 Philagri,

2272 5134 2513 5184 Patricius
2532 5133 2815 5196 resplendet
2835 5145 2981 5194 apex.

2148 5247 2459 5313 Quanquam
2517 5244 2628 5309 ipse
2681 5241 2905 5307 Avitus,
2949 5240 3058 5308 jam
3114 5239 3730 5313 adeptusAhnpenut.”

2147 5310 2332 5384 postea
2360 5317 2411 5369 in
2459 5330 2524 5367 eo
2565 5313 2800 5383 regendo
2836 5316 3015 5367 minus
3046 5312 3165 5384 felix
3200 5312 3314 5365 l'iiit.
3337 5310 3491 5384 Nam,
3519 5325 3640 5364 cum
3674 5311 3731 5366 in

2147 5380 2328 5442 odium
2386 5396 2601 5439 senatus
2630 5380 2961 5448 "incidisset,
3020 5382 3267 5436 exsulare
3320 5380 3559 5452 cogitur;
3622 5397 3734 5450 quo

2148 5469 2386 5526 tempore
2430 5456 2569 5511 idem
2612 5466 2822 5509 creatur
2868 5454 3153 5526 Placentia:
3192 5453 3497 5526 episc0pus.
3526 5454 3730 5526 _Verutn

2146 5540 2202 5584 et
2241 5522 2365 5583 inde
2402 5526 2732 5597 profugiens,
2778 5524 2919 5590 quod
2953 5538 3012 5597 se
3039 5524 3272 5597 undique
3297 5523 3536 5597 conquiri
3567 5522 3732 5597 senti-

2149 5608 2227 5654 ret
2249 5601 2312 5653 ad
2345 5594 2554 5661 necem,
2579 5612 2697 5650 cum
2731 5602 2934 5663 peteret
2969 5595 3215 5657 Galliam,
3250 5595 3301 5647 iii
3345 5594 3538 5648 itinere
3566 5594 3727 5659 obiit,

2147 5673 2211 5724 de
2264 5686 2369 5740 quo
2420 5670 2542 5723 vide
2587 5662 2746 5736 Greg.
2802 5665 3026 5735 'l"uron.,
3078 5665 3170 5720 lib.
3218 5679 3256 5717 It
3316 5664 3450 5719 llist.
3506 5662 3723 5729 Franc.,

2148 5756 2261 5810 cap.
2297 5742 2356 5794 Η
