4020 6346
2564 138 2605 191 β

262 335 328 398 88
1453 312 1826 379 ωεαειιρη

1946 340 2053 368 .--
2091 312 2223 373 LIB.
2261 314 2306 375 l.
2504 200 2563 357 ί(
3431 304 3497 359 86

264 456 445 525 Captus
470 461 663 507 amore
687 445 791 515 tui,
816 453 1090 516 nunquam
1119 433 1468 496 memoranda
1489 433 1699 497 tacebo,

334 547 407 602 'l‘e
426 556 605 615 neque
626 547 917 614 pratereo,
953 533 1326 609 praetereundo
1352 532 1551 587 locum.

269 618 363 706 Qui
384 645 409 675 ι
436 649 563 693 cunt
591 633 754 704 digna
775 631 987 701 loquar,
1006 627 1055 684 si
1075 625 1279 698 syllaba
1304 633 1491 697 quarta
1520 619 1757 683 recedat,

331 729 673 788 Praemiacum
698 725 932 799 pollens,
966 720 1183 795 praemia
1210 734 1404 776 nomen
1435 717 1621 774 babes.

268 824 477 882 Deliciis
507 824 767 878 obsessus
791 833 919 889 ager
949 815 1309 872 viridantibus
1336 812 1480 868 arvis

334 915 399 971 Et
417 914 681 970 naturalis
704 913 875 984 gratia
900 894 1042 966 ruris
1064 910 1223 964 inest.

275 1008 489 1067 Condita
519 1023 628 1078 quo
657 1006 847 1061 domus
871 1012 975 1071 est,
1007 1002 1200 1074 planus
1220 1008 1399 1056 tumor
1424 998 1537 1053 exit
1562 995 1617 1052 in
1646 994 1835 1061 altum,

333 1099 442 1157 Nec
468 1098 603 1154 satis
622 1097 768 1153 elato
790 1096 991 1152 vertice
1021 1100 1209 1164 regnat
1234 1106 1391 1161 apex.

264 1187 369 1255 Qua
398 1198 565 1252 super
593 1182 910 1238 incumbens
940 1181 1229 1246 locusest,
1259 1180 1494 1237 devexus
1524 1182 1577 1236 in
1606 1192 1844 1237 amnem.

326 1278 515 1333 ﬂorea
544 1282 817 1346 gemmato
843 1272 1087 1344 gramine
1118 1279 1266 1340 prata
1296 1272 1494 1327 virent.

226 1435 232 1444 I
264 1371 474 1428 Leniter
502 1368 761 1439 appulsus
790 1368 999 1436 quoties
1026 1365 1260 1420 insibilat
1283 1366 1482 1432 Eurus,

230 1476 241 1519 9
329 1464 487 1518 Flexa
517 1460 783 1531 supinatis
809 1457 1030 1513 ﬂuctuat
1060 1458 1221 1513 herba
1251 1458 1443 1515 comis.

228 1593 240 1639 ι
269 1555 393 1610 Hinc
419 1554 523 1609 alia
551 1552 620 1608 de
650 1560 801 1622 parte
832 1566 989 1621 seges
1013 1550 1252 1605 ﬂavescit
1279 1549 1485 1616 aristis,

332 1643 557 1713 Pinguis
576 1654 635 1699 et
662 1642 905 1698 altricem
933 1641 1137 1711 palmes
1162 1648 1357 1710 opacat
1382 1643 1624 1698 hamum.

270 1742 505 1797 Piscibus
525 1738 824 1793 innumeris
846 1751 955 1791 non
984 1734 1163 1791 deﬁcit
1191 1735 1332 1790 unda
1357 1734 1647 1794 Garumna
1664 1732 1721 1804 Ii,

331 1833 441 1888 Etsi
470 1830 614 1887 desit
634 1830 802 1901 agris,
826 1828 1010 1900 fruges
1030 1826 1267 1883 abundat
1296 1827 1470 1897 aquis.

271 1925 364 1983 Sed
386 1934 438 1980 te
466 1925 785 1995 qumrebaet
815 1922 931 1977 lisse
950 1936 1171 1977 munera
1205 1930 1374 1987 tanta,
1397 1919 1610 1991 Leonti,

330 2019 488 2075 Solus
515 2017 787 2081 defuerat,
818 2015 910 2086 qui
938 2015 1079 2071 bona
1102 2016 1256 2085 plena
1284 2014 1463 2069 dares.

267 2109 388 2166 Nam
429 2109 579 2181 quod
617 2109 845 2180 pulchra
894 2107 1119 2175 huius,
1154 2104 1297 2175 quod
1339 2114 1493 2177 grata
1534 2105 1743 2160 lavacra
1770 2103 1854 2159 nl-

1590 2198 1849 2271 [tescunt,

327 2202 796 2260 Consoiidatorem
824 2210 879 2256 te
900 2200 1147 2256 cecinere
1169 2213 1344 2255 suum.

270 2295 332 2352 lit
353 2304 537 2350 tamen
569 2295 853 2364 sequium
880 2302 939 2350 et
968 2304 991 2333 ε
1020 2292 1197 2348 adhuc
1236 2291 1545 2347 fabricanda
1569 2291 1839 2358 decorem,

330 2389 687 2461 Temporibus
710 2388 885 2459 longis
911 2388 1026 2443 hanc
1057 2397 1143 2443 tua
1175 2386 1316 2442 dona
1346 2400 1519 2457 regas.

847 2493 1076 2552 CAPUT
1114 2494 1253 2551 XXI.

743 2582 825 2643 De
851 2586 1059 2661 Egircio
1083 2586 1112 2626 ιι
1135 2588 1364 2659 ﬂumine.

292 2703 510 2779 [Egircii
538 2702 778 2760 fluminis
820 2703 1055 2761 indolem
1089 2719 1152 2761 ac
1182 2705 1472 2761 varietates
1497 2701 1807 2778 describit.]

261 2818 390 2875 Laus
412 2819 519 2876 tibi
547 2818 688 2877 forte
716 2819 893 2877 minor
923 2820 1121 2889 iuerat,
1168 2835 1429 2891 generose
1460 2830 1485 2860 ο
1508 2820 1799 2888 Garumna,

323 2912 380 2969 Si
407 2926 524 2968 non
546 2913 771 2982 exiguas
796 2912 936 2969 alter
962 2912 1183 2969 haberet
1210 2928 1394 2982 aquas.

263 3002 415 3059 Lubri
430 3012 524 3060 cat
558 3003 649 3059 hic
672 3004 923 3073 quoniam
946 3013 1161 3060 tenuato
1182 3002 1451 3076 Aigircius
1476 3003 1495 3042 ί
1525 3005 1738 3071 haustu,

324 3094 558 3153 Prziert
590 3105 615 3143 κ
643 3096 859 3151 divitias
880 3111 1114 3168 paupere
1140 3096 1286 3153 fonte
1312 3107 1447 3152 tuas.

265 3184 494 3256 Denique
524 3184 850 3242 dissimilem
882 3188 926 3242 si
957 3187 1392 3257 comparetullus
1420 3195 1728 3260 utrumque,

324 3277 416 3334 Hic
443 3278 542 3334 ubi
568 3279 629 3333 lit
652 3277 819 3344 rivus,
846 3286 901 3334 tu
928 3287 1073 3348 puto,
1097 3277 1249 3335 Nilus
1275 3279 1401 3335 eris.

261 3371 329 3429 Te
354 3371 629 3431 famulans
661 3373 849 3441 intrat,
876 3372 970 3428 sed
996 3372 1097 3429 huc
1118 3369 1148 3410 δ
1180 3384 1269 3428 tua
1292 3387 1456 3443 regna
1479 3372 1777 3440 refrenant,

326 3464 568 3522 Gallicus
598 3463 903 3534 Euphrates
930 3473 983 3519 tu
1013 3460 1153 3530 ﬂuis,
1187 3463 1288 3519 iste
1313 3466 1460 3520 latet.

266 3556 386 3614 Nam
412 3565 686 3630 quantum
718 3555 990 3612 Oceanum
1009 3556 1242 3611 tumidus
1270 3566 1324 3610 tu
1350 3556 1597 3612 cursibus
1616 3571 1803 3630 auges,

324 3646 424 3704 Iste
450 3657 585 3704 tuas
611 3656 818 3703 tantum
843 3660 1088 3703 crescere
1118 3654 1336 3716 praestat
1359 3662 1524 3718 aquas
1552 3646 1597 3702 ί.

262 3738 493 3797 hrrida
512 3739 821 3811 passerum
854 3753 979 3796 cum
1006 3740 1167 3795 terris
1195 3739 1413 3795 incubat
1445 3749 1625 3807 aestas,

324 3830 419 3895 Ae,
442 3830 676 3885 sitiente
710 3829 849 3897 solo,
880 3830 1047 3884 tristis
1075 3829 1292 3885 anhelat
1319 3845 1467 3902 ager,

259 3911 381 3974 Cum
403 3916 573 3975 Titan
600 3917 763 3975 radiis
787 3916 1114 3976 ferventibus
1139 3929 1325 3976 exarat
1351 3935 1499 3990 arva,

319 4013 389 4072 ει
411 4014 571 4072 calor
595 4012 821 4085 iguiiero
844 4027 1063 4072 vomere
1092 4013 1247 4071 findit
1271 4015 1510 4073 humum.

323 4264 349 4330 ξ
370 4257 534 4330 pnus
562 4255 855 4330 AeodLVat.
885 4265 946 4330 et
964 4254 1098 4312 Ven.
1131 4255 1302 4326 Edit.,
1342 4257 1524 4327 cuique
1549 4260 1726 4330 digna.

316 4325 346 4365 ι’
366 4328 520 4385 Unus
546 4327 687 4382 Cod.
714 4328 861 4393 Vat.,
902 4326 1181 4383 Garanum.

325 4412 346 4439 ε
379 4400 522 4455 Ante
547 4399 719 4453 adhuc
737 4400 887 4453 deest
911 4407 962 4453 et
989 4400 1039 4453 in
1062 4412 1171 4453 uno
1190 4396 1323 4454 Cod.
1340 4399 1458 4455 Vat.
1487 4398 1610 4457 ﬁdit
1626 4403 1794 4462 Paris.
1815 4447 1829 4462 .

258 4479 470 4526 attamen
500 4471 773 4536 acquirunt
795 4479 868 4524 ut.

320 4538 345 4577 ⁸
370 4541 605 4616 inferi.
638 4540 776 4616 ludit.
807 4548 1068 4611 perpetuo
1092 4540 1286 4603 dicitur
1316 4541 1518 4598 Circius
1540 4549 1749 4616 ﬂuvius.

325 4610 515 4684 flidit.
551 4610 746 4684 Parim,
778 4610 1038 4684 generosa.

326 4679 350 4721 ⁸
377 4679 1110 4755 εαὶτείιιε,μίι’θιιοννθηιε,
1159 4681 1483 4741 claris<imos
1534 4688 1830 4755 Aquitano-

261 4766 367 4807 rum
396 4750 637 4819 Kuscos,
669 4753 1153 4820 Novempoputsnae
1184 4755 1493 4823 provinciae,
1534 4750 1674 4814 nunc
1702 4762 1829 4817 Vas.

260 4826 417 4879 conia
452 4825 820 4893 tnelropulim,
848 4823 1018 4878 alluit.

323 4903 349 4966 ξ
380 4893 533 4966 ﬁdit.
574 4893 766 4959 Paris.,
798 4898 1012 4966 profert.

324 4959 568 5022 ‘ﬂonet
614 4966 693 5036 ad;
729 4959 868 5019 hunc
894 4959 1089 5022 'locum
1141 4967 1315 5022 Brow.
1367 4980 1681 5036 perpetuum
1725 4972 1833 5028 fere

262 5046 459 5091 morem
493 5049 623 5091 esse
652 5034 948 5099 Fortunati,
978 5047 1033 5091 ut
1084 5038 1301 5093 litteram
1354 5039 1394 5092 H
1444 5034 1623 5095 Itabeat
1670 5044 1834 5098 instar

263 5104 403 5176 {ortis
420 5110 776 5181 consonantis,
799 5122 913 5181 qua?
929 5124 1033 5181 non
1059 5110 1455 5181 evanescens“
1480 5113 1832 5181 synaloephant

263 5192 453 5248 quoque
488 5177 780 5251 prohibeat.
827 5177 969 5231 Beda
1012 5179 1294 5251 (uiridem)
1340 5179 1437 5234 hoc
1479 5177 1832 5239 animadvertit

265 5252 340 5323 (de
361 5259 480 5323 orte
506 5250 722 5323 metrico
749 5250 801 5302 in
845 5250 1180 5323 synahgphe),
1211 5250 1327 5305 curnt
1364 5252 1419 5323 in
1453 5262 1716 5323 poetarum
1753 5272 1833 5310 ar-

264 5316 402 5394 bitrio
430 5334 547 5373 esse
574 5319 769 5394 scribit,
795 5316 964 5373 utrum
1000 5316 1049 5373 Η
1087 5316 1435 5394 consonantis,
1453 5316 1535 5377 ian
1560 5326 1831 5394 aspiratio-

263 5391 336 5444 nis
381 5402 565 5445 notam
602 5392 837 5458 impleat,
885 5393 1159 5458 prcesertim
1210 5392 1295 5446 ubi
1324 5396 1422 5446 hac
1458 5391 1628 5450 littere
1668 5412 1833 5453 sermo

263 5478 465 5536 sequens
491 5462 832 5536 indicaverit.
885 5461 1197 5533 llujusmodi
1243 5464 1486 5534 exempla
1541 5468 1736 5536 passim
1780 5471 1831 5526 in

266 5533 429 5657 [iretis
451 5533 598 5598 aliis,
632 5549 702 5603 qu
722 5552 749 5585 υ
785 5533 872 5588 hic
896 5550 1163 5603 apponere
1184 5533 1636 5602 supervacaneum
1665 5539 1826 5598 duco.

306 5604 441 5657 iceat
468 5603 649 5657 solum
677 5602 933 5657 adnotare
975 5605 1028 5657 in
1056 5605 1285 5657 disticho
1317 5606 1403 5657 uni
1435 5605 1722 5657 inserimus
1756 5612 1826 5657 le.

306 5604 441 5659 iceat
468 5603 649 5678 solum
677 5602 933 5659 adnotare
970 5602 1028 5658 in
1056 5605 1285 5678 disticho
1317 5606 1403 5678 qui
1435 5605 1722 5678 inscriptus
1756 5612 1830 5666 le.

268 5677 399 5750 gitur
424 5676 579 5750 cruci
600 5675 896 5750 Vaticana.
913 5692 1067 5750 quam
1092 5675 1331 5750 Justinus
1350 5676 1538 5734 iunior
1557 5675 1616 5735 et
1632 5680 1829 5750 Sophia

268 5747 393 5816 Aug.
427 5747 553 5800 urbi
599 5744 785 5799 Romae
834 5747 1037 5801 muneri
1068 5748 1355 5814 miserunt;
1404 5765 1666 5816 quamque
1707 5744 1830 5806 illu-

268 5820 448 5872 stravit
475 5817 554 5870 cl.
580 5828 632 5871 et
658 5816 999 5873 doctissimus
1028 5819 1107 5873 vir
1134 5817 1435 5888 Stephanus
1482 5821 1670 5893 Borgia
1718 5838 1827 5879 sac.

1856 4536 1914 4604 ι)

1857 427 1911 487 Δ
1933 425 2237 500 Languidus
2265 432 2477 483 arentes
2500 425 2708 499 fugiens
2732 427 2819 483 vix
2844 425 3080 501 explicat
3104 430 3300 497 undas,

2011 520 2077 574 Et
2105 534 2224 574 cum
2255 519 2399 589 pisce
2421 533 2519 574 suo
2546 519 2769 589 palpitat
2794 521 2909 589 ipse
2938 521 3122 577 simul.

1936 611 2183 668 Flumine
2209 612 2474 669 subducto
2501 625 2754 671 vacutaas
2783 615 2971 671 lambit
3002 629 3219 683 arenas,

2008 707 2238 763 Sedibus
2269 706 2322 762 in
2353 708 2583 777 prepriis
2610 711 2761 767 exsul
2788 710 3004 767 oberrat
3032 711 3209 779 aquis.

1902 828 1906 833 λ
1937 798 1994 854 1η
2025 798 2179 868 limo,
2210 800 2473 870 migrante
2496 800 2637 869 lacu,
2658 802 2989 859 consumitur
3018 802 3037 855 ἱ
3069 804 3265 870 amnis,

2008 892 2279 961 Terraque
2307 892 2364 947 lit
2394 894 2617 962 sterilis,
2649 909 2756 965 quo
2786 894 2887 951 fuit
2916 896 3057 952 unda
3082 882 3272 967 rapax.

1936 982 2199 1039 Deﬁciunt
2222 994 2342 1040 usto
2368 984 2557 1040 solatia
2588 994 2779 1040 cuncta
2811 987 3009 1057 rigore,

2008 1076 2236 1130 Nomine
2262 1091 2385 1131 cum
2419 1078 2637 1146 proprie
2665 1078 2853 1143 tristis,
2885 1087 2941 1135 et
2965 1092 3109 1149 aeger
3134 1086 3279 1149 eget.

1936 1171 2100 1227 Forte
2129 1172 2321 1237 viator,
2352 1172 2455 1225 iter
2483 1171 2758 1242 gradiens,
2789 1186 2894 1226 non
2926 1171 3134 1227 invenit
3165 1174 3405 1237 haustus,

2012 1265 2162 1320 Unde
2188 1264 2320 1319 alios
2348 1274 2575 1331 recreet,
2610 1266 2698 1334 qui
2728 1264 2839 1319 sitit
2869 1265 2981 1332 ipse
3010 1266 3143 1332 sibi,

1937 1358 2010 1416 Se
2034 1358 2180 1429 cupit
2209 1356 2411 1411 infundi
2444 1356 2655 1421 ﬂuvius,
2689 1356 2734 1409 si
2766 1357 2993 1425 porrigis
3024 1348 3213 1420 undas,

2012 1448 2067 1505 Si
2103 1459 2278 1503 tamen
2310 1458 2389 1501 est
2420 1446 2634 1512 ﬂuvius,
2656 1461 2813 1517 quem
2836 1446 3153 1501 madefactat
3179 1444 3205 1484 ιι
3231 1445 3411 1501 homo.

1938 1551 2172 1621 Gurgitis
2193 1549 2483 1620 impressas
2512 1549 2695 1604 labens
2726 1546 2883 1621 [Μεη
2902 1548 3140 1604 lambens
3159 1547 3181 1621 ]
3203 1557 3317 1603 rota
3341 1548 3493 1617 signa

3222 1639 3447 1712 [arenas
3472 1637 3492 1678 ι

2011 1739 2186 1806 Atque
2213 1735 2527 1791 resudantes
2553 1733 2730 1789 orbita
2760 1733 2903 1787 SiSlil
2930 1737 3123 1802 aq'uas.

1866 1802 1916 1870 Β
1941 1827 1998 1886 Si
2024 1828 2206 1883 venias
2237 1826 2525 1898 equitando
2553 1827 2694 1882 viam
2724 1834 2764 1863 ιι
2796 1825 2896 1881 sub
2927 1831 3170 1895 tempore
3196 1824 3397 1893 cancri,

2010 1921 2111 1976 Vix
2146 1931 2321 1976 tamen
2351 1921 2609 1975 insidians
2638 1928 2666 1956 ιι
2694 1919 2888 1988 ungula
2916 1920 3104 1988 mergit
3127 1919 3272 1989 equi.

1938 2014 2184 2073 Vidimus
2211 2017 2464 2085 exiguum
2493 2013 2563 2069 de
2583 2013 2715 2070 lino
2743 2027 2967 2082 surgere
2992 2012 3218 2082 piscem,

1940 2107 2109 2189 ___Qui
2138 2108 2402 2165 retinente
2432 2106 2566 2171 luto,
2596 2106 2885 2174 naufragus
2914 2113 3062 2161 errat
3093 2103 3279 2161 humo.

1938 2210 2046 2267 Nec
2069 2208 2280 2287 ﬂuvius,
2314 2223 2419 2265 nec
2442 2222 2667 2279 campus
2694 2207 2868 2273 adest,
2900 2222 3000 2263 nec
3024 2215 3190 2276 terra,
3219 2222 3320 2264 nee
3356 2205 3497 2263 unde

2011 2304 2257 2361 Piscibus
2285 2302 2575 2359 inhabilem
2606 2302 2790 2359 nullus
2815 2315 2974 2359 arare
2998 2310 3178 2372 potest

1941 2399 2069 2456 Sola
2101 2398 2296 2468 palude
2321 2408 2515 2453 natans
2538 2398 2795 2468 querulos
2822 2396 2916 2453 dat
2943 2411 3073 2453 rana
3103 2408 3376 2463 susurros,

2009 2500 2255 2556 Piscibus
2285 2500 2520 2555 exclusis
2551 2499 2754 2555 advena
2779 2510 2970 2571 regnat
2993 2499 3168 2571 aquis.

1939 2594 2010 2649 At
2035 2593 2079 2647 si
2110 2594 2247 2647 forte
2275 2591 2403 2647 ﬂuat
2427 2592 2605 2648 tenuis
2628 2593 2697 2647 de
2729 2592 2960 2648 nubibus
2984 2592 3178 2660 imber,

2011 2686 2112 2741 Vix
2142 2682 2278 2755 pluit
2302 2686 2355 2740 in
2388 2687 2565 2753 terris,
2596 2685 2708 2756 iam
2740 2696 2910 2743 tumet
2941 2687 3043 2742 iste
3071 2687 3271 2742 minax.

1939 2778 2188 2851 ingentes
2211 2779 2417 2834 animos
2447 2792 2608 2850 parva
2640 2778 2708 2836 de
2739 2780 2881 2835 nube
2908 2781 3136 2837 resumit
3166 2798 3179 2834 :

2013 2873 2097 2927 Fit
2121 2873 2298 2927 subito
2327 2872 2569 2942 pelagus,
2603 2872 2697 2943 qui
2722 2872 2821 2928 fuit
2846 2880 2973 2928 ante
2997 2872 3167 2928 lacus.

1941 2962 2208 3019 Turbidus
2239 2963 2519 3030 incedens,
2553 2964 2710 3019 undis
2734 2972 2855 3034 eget
2887 2962 3002 3034 ipse
3026 2962 3214 3029 lavari,

2012 3054 2237 3126 Semper
2259 3055 2559 3125 inaequalis,
2586 3057 2673 3113 cui
2704 3064 2733 3093 α
2755 3056 2893 3112 nihil
2921 3066 3013 3113 aut
3041 3057 3173 3113 satis
3198 3066 3303 3113 est.

1864 3156 1913 3224 (ξ
1943 3149 2057 3206 Non
2089 3150 2220 3219 ripis
2249 3157 2555 3215 contentus,
2585 3150 2695 3220 agit
2721 3151 3038 3221 compendia
3065 3162 3278 3218 Cursus,

2011 3242 2165 3309 Quod
2193 3241 2261 3298 de
2287 3251 2467 3298 monte
2492 3242 2647 3310 bibit,
2680 3256 2777 3314 per
2797 3253 2913 3299 sata
2944 3244 3097 3314 plena
3119 3244 3285 3298 vomit

1942 3341 2153 3397 Vortice
2182 3341 2409 3399 torrenti
2437 3342 2660 3412 rapitur,
2692 3342 2844 3412 quasi
2875 3352 3047 3397 morte
3070 3352 3100 3393 Ρ
3128 3342 3372 3414 tyranni,

2009 3435 2321 3505 indignatus
2352 3436 2475 3505 iter,
2508 3449 2734 3490 munera
2754 3442 2932 3490 vastat
2958 3436 3094 3506 agri.

1943 3530 2205 3586 Discurrit
2233 3543 2386 3599 seges
2426 3529 2480 3583 in
2523 3528 2741 3584 ﬂuvium
2761 3530 2793 3577 «τ
2820 3535 2926 3583 stat
2954 3526 3109 3601 {Ms.,
3134 3526 3249 3598 sed]
3282 3526 3445 3598 piscis
3468 3528 3520 3581 in

2010 3623 2208 3679 Ordine
2238 3635 2511 3691 perverso,
2543 3634 2717 3675 messe
2747 3629 2980 3683 natante,
3013 3620 3174 3688 jacet.
3326 3615 3473 3691 [agro
3497 3625 3519 3654 ι·

1940 3714 2070 3784 Quae
2099 3713 2311 3770 fuerant
2337 3713 2554 3777 ovibus,
2585 3713 2853 3766 donantur
2882 3726 3076 3782 pascua
3108 3709 3255 3763 ranis
3279 3717 3326 3779 ³,

2012 3810 2172 3865 Prata
2199 3818 2386 3865 tenent
2415 3812 2610 3877 pisces,
2641 3816 2697 3863 et
2728 3805 2894 3865 trahit
2921 3805 3060 3859 unda
3088 3819 3276 3875 pecus.

1942 3900 2156 3957 Obtinet
2184 3899 2443 3970 expulsus
2476 3899 2495 3934 ί
2528 3898 2796 3951 stabulum
2827 3907 3129 3964 campestre
3151 3895 3369 3961 silurus,
3430 3924 3437 3931 ι

2011 3992 2137 4050 Plus
2165 3991 2372 4064 capitur
2401 3989 2577 4057 terris,
2611 4004 2769 4062 quam
2801 3986 2958 4045 modo
2989 3989 3150 4060 piscis
3176 3990 3348 4062 aquis.

1939 4251 2191 4307 eongreg.
2221 4234 2289 4291 de
2315 4234 2543 4307 Propag.
2573 4232 2704 4307 Fide
2741 4248 2773 4286 α
2794 4234 3021 4299 secretis,
3045 4230 3177 4288 item
3208 4234 3440 4289 litteram
3474 4233 3516 4288 ll

1938 4304 2108 4366 instar
2136 4304 2481 4364 consonantis
2508 4304 2694 4361 haberi
2724 4323 2737 4359 :

2032 4404 2240 4469 Lignum
2257 4416 2354 4467 quo
2376 4403 2593 4454 Christus
2611 4402 2868 4452 humanum
2887 4401 3099 4453 subdidit
3122 4402 3374 4454 hostem...

2014 4485 2033 4526 ί
2066 4488 2207 4544 Edit.
2239 4487 2406 4542 Paris.
2435 4502 2450 4543 :

2122 4580 2329 4631 Tantum
2348 4586 2397 4628 te
2421 4577 2626 4640 lymphis
2646 4577 2829 4625 excitat
2848 4577 2942 4626 iste
2965 4578 3066 4627 suis

2009 4670 2023 4717 l
2062 4666 2200 4721 Edit.
2237 4663 2394 4727 \'en.,
2425 4662 2727 4715 subducitur
2752 4663 2939 4715 amnis.

2005 4736 2034 4776 ι
2064 4736 2220 4799 lbid.,
2253 4735 2559 4804 madcfactat
2589 4734 2794 4787 humus.

2011 4806 2027 4846 ι
2063 4807 2204 4862 Edit.
2237 4805 2434 4869 Paris.,
2464 4805 2705 4857 habenas.

2007 4889 2045 4916 ω
2068 4877 2209 4933 Edit.
2243 4875 2429 4935 Paris.,
2463 4875 2632 4939 diem;
2658 4875 2710 4929 in
2735 4876 2995 4942 margine,
3025 4875 3181 4932 viam.

2003 4958 2031 4986 υ
2056 4949 2199 5004 Edit.
2230 4946 2385 5011 Ven.,
2419 4945 2505 5000 vi:
2528 4954 2692 4999 tamen
2722 4947 2987 5001 insidiens.
3021 4947 3170 5005 Unus
3206 4947 3337 5005 Cod.
3372 4949 3511 5017 Vah,

1936 5038 2018 5076 tua:
2045 5029 2210 5074 tamen
2231 5018 2484 5071 insvdens.

2007 5101 2030 5129 ο
2062 5090 2117 5145 1η
2150 5091 2287 5145 Edit.
2318 5088 2474 5154 Ven.,
2508 5088 2593 5157 qui
2620 5086 2768 5142 nihil.

2006 5174 2031 5213 ρ
2064 5162 2205 5216 Edit.
2239 5160 2432 5223 Paris,
2470 5175 2627 5212 more.

2006 5244 2033 5284 ιι
2062 5232 2206 5287 Edil.
2237 5232 2399 5295 Ven.,
2423 5231 2477 5283 in
2504 5230 2679 5299 ﬂuvio.

2007 5314 2030 5344 ι
2074 5307 2466 5384 Ιίνοῃρωῑφθ
2496 5301 2826 5366 emendavit,
2861 5302 3000 5384 quod
3034 5302 3113 5384 bis
3149 5302 3423 5384 ediderat,
3455 5302 3510 5384 in

1933 5391 2079 5448 agro,
2110 5373 2383 5429 sufﬁciens
2407 5375 2462 5427 in
2490 5387 2632 5437 arvo,
2651 5375 2930 5455 .quornodo
2963 5374 3014 5425 iu
3044 5372 3176 5453 Ven.
3210 5376 3339 5427 edit.
3374 5374 3506 5440 legi-

1933 5455 2035 5501 tur.
2082 5449 2148 5499 At
2184 5446 2239 5499 in
2265 5445 2431 5498 Codd.
2467 5444 2582 5498 Vat.
2612 5446 2743 5497 nihil
2773 5444 3117 5498 animadverti
3148 5444 3324 5500 simile
3353 5443 3513 5514 bujuu

1931 5516 2336 5574 emendationis.

2007 5598 2029 5628 ⁸
2060 5588 2203 5644 Unus
2231 5586 2360 5641 Cod.
2399 5585 2541 5653 Vat.,
2566 5601 2756 5657 pascua
2781 5591 2951 5639 nmis.

2011 5663 2025 5696 ι
2065 5660 2205 5713 Etlit.
2242 5658 2370 5711 Ven.
2401 5675 2415 5710 :
3305 5697 3319 5708 ς

2057 5730 2263 5780 Obtinet
2286 5728 2516 5790 expulsos
2538 5727 2778 5777 stabulum
2801 5732 3074 5790 campestre
3100 5725 3279 5778 siluros

2006 5813 2144 5869 Edit.
2178 5814 2347 5867 Paris.
2406 5812 2630 5866 silvestre
2656 5811 2866 5865 silurus.
