4020 6346
494 308 559 364 87
1211 318 1532 380 VENANTII
1568 324 1726 380 HON.
1765 323 1972 382 CLEM.
2016 323 2409 388 FORTl-JNATI
2447 330 2732 388 OPERU“
2770 330 2948 390 PARS
2987 333 3025 390 Ι.
3683 338 3751 394 81

493 430 714 488 Sarcula
743 449 879 504 quos
906 436 1150 494 foderent
1177 453 1353 509 agros,
1391 445 1525 496 mala
1551 452 1576 479 ι
1607 441 1736 498 retia
1758 445 2003 513 miscent,

564 521 769 593 Figitur
797 529 882 582 hic
910 543 1090 584 ramus
1115 527 1144 566 ιο
1173 546 1279 601 quo
1309 534 1459 586 stetit
1486 542 1611 588 ante
1643 536 1814 602 palus.

494 611 628 670 Sors
659 632 762 672 una
785 631 866 673 est
898 622 1078 690 piscis,
1114 623 1336 690 siccent,
1366 634 1454 677 aut
1487 625 1702 681 ﬂumina
1731 639 1995 699 crescant,

568 707 720 764 Nunc
750 713 948 768 residet
974 715 1118 778 limo,
1155 731 1292 768 nunc
1314 715 1452 784 jacet
1477 720 1628 772 exsul
1655 736 1806 789 agro.

492 797 600 854 Sed
631 815 725 856 cur
755 806 909 860 triste
934 807 1023 860 diu
1054 807 1318 875 loquimur
1344 810 1412 864 de
1441 813 1652 882 gurgite
1676 815 1876 883 parvo?

568 894 750 952 Uritur
775 908 828 954 et
859 899 1051 966 verbis,
1085 894 1182 954 nec
1211 913 1483 959 recreatur
1507 905 1681 976 aquis.

561 1067 587 1096 ⁸
619 1059 764 1114 linus
788 1058 917 1114 Cod.
955 1061 1097 1126 Vat.,
1127 1065 1262 1118 male
1284 1067 1429 1120 retia.

2092 451 2144 509 Δ
2173 448 2410 506 Sufﬁciat
2437 447 2660 517 ﬂagrare
2687 451 2810 519 sibi,
2835 464 2930 505 cur
2955 451 3093 506 addo
3123 453 3375 520 vapores?

2246 540 2418 610 Atque
2451 541 2530 595 bis
2558 544 2797 597 aestivum
2828 558 3071 599 crescere
3105 553 3312 615 tempus
3339 544 3478 616 ago?

2178 632 2343 690 Unica
2374 637 2469 690 sed
2505 640 2716 692 tandem
2749 639 2939 692 damus
2974 640 3087 692 huic
3118 639 3305 692 solatia
3335 637 3532 708 laudis,

2245 730 2398 796 Quod
2430 731 2613 788 tribuit
2640 733 2815 803 pisces
2839 746 3123 790 evacuatus
3149 733 3325 805 aquis.

564 1127 592 1167 δ
623 1131 761 1189 Eilt‘t.
799 1131 954 1197 νεα..
985 1134 1162 1203 ﬁgitur
1202 1137 1283 1190 hic
1327 1138 1530 1194 hamus.
1574 1139 1724 1194 Unus
1771 1140 1903 1195 Cod.
1941 1141 2063 1196 Vat.
2097 1140 2260 1200 habet
2290 1144 2476 1211 bonus,
2499 1155 2783 1218 corrupte;
2817 1144 2954 1200 forte
2972 1143 3155 1198 hamus
3185 1143 3287 1214 legi
3310 1140 3498 1200 debet.

494 1251 1510 1279 υ--ῄ--ι-Ακ

1511 1259 2610 1284 N3—————-—————_—_

1657 1351 1952 1427 LIBER
2009 1351 2563 1434 SECUNDUS.

1007 1526 1232 1583 CAPUT
1271 1527 1575 1586 PRIMUM.‘

998 1660 1074 1714 De
1101 1677 1247 1716 cruce
1275 1671 1300 1700 η
1332 1662 1556 1718 Domini.

491 1771 699 1847 [Crucis
732 1772 935 1828 Domini
961 1774 1275 1858 dignitatem
1303 1786 1353 1828 et
1384 1777 1634 1920 vlirtutem
1667 1776 1909 1834 laudibus
1941 1793 2065 1850 pro-

1132 1856 1384 1916 sequitur.

1132 1856 1384 1916 sequitur.

490 2001 626 2056 Crux
663 2002 936 2057 benedicta
961 2001 987 2039 δ
1014 2002 1165 2070 nitet,
1190 2005 1443 2060 Dominus
1473 2019 1574 2075 qua
1599 2021 1759 2062 carne
1781 2008 2060 2078 pependit,

561 2096 730 2162 Atque
761 2109 948 2149 cruore
979 2111 1078 2150 suo
1106 2097 1321 2152 vulnera
1355 2109 1532 2153 nostra
1566 2100 1705 2155 lavat
1736 2111 1781 2156 ο.

487 2183 631 2244 Mitis
653 2203 836 2243 amore
867 2189 975 2257 pio,
1010 2204 1106 2258 pro
1139 2190 1291 2244 nobis
1315 2192 1528 2246 victima
1565 2193 1753 2260 factus,

561 2279 742 2334 Traxit
767 2283 834 2335 ab
855 2296 947 2335 ore
984 2281 1092 2352 lupi
1122 2298 1224 2349 qua
1254 2298 1407 2336 sacer
1434 2299 1600 2354 agnus
1629 2298 1777 2338 oves.

487 2371 781 2430 Transﬂxis
800 2373 825 2413 ἀ
851 2376 1038 2444 palmis
1063 2376 1148 2430 ubi
1174 2375 1428 2431 mundum
1453 2391 1483 2431 a
1511 2387 1533 2414 ο
1561 2377 1716 2433 clade
1744 2378 1992 2445 redemit,

561 2470 732 2537 Atque
764 2481 861 2521 suo
890 2467 1080 2522 clausit
1112 2467 1296 2522 funere
1329 2469 1516 2521 mortis
1548 2467 1666 2522 iter.

486 2559 590 2616 llic
615 2575 803 2615 manus
836 2561 924 2614 illa
958 2561 1052 2615 luit
1079 2559 1481 2615 clavisconl‘ixa
1509 2561 1778 2626 cruentis,

559 2652 687 2721 Quae
715 2653 908 2720 eripuit
936 2651 1157 2706 Paulum
1189 2653 1445 2718 crimine,
1480 2661 1654 2708 morte
1683 2651 1918 2708 Petrum.

488 2743 784 2801 Fertilitate
817 2754 1024 2814 potens,
1048 2759 1081 2798 ο
1102 2744 1272 2811 dulce,
1304 2754 1359 2800 et
1394 2745 1571 2800 nobile
1600 2745 1818 2814 lignum,

561 2838 781 2906 Quando
813 2837 912 2891 luis
936 2842 1101 2891 ramis
1127 2847 1232 2891 tam
1262 2852 1397 2892 nova
1429 2853 1583 2905 poma
1609 2837 1782 2907 geris!

486 2933 648 3001 Cujus
677 2931 845 2987 odore
879 2946 1037 2999 novo,
1061 2931 1306 2986 defuncta
1335 2931 1594 2986 cadavera
1623 2939 1866 3002 surgunt,

559 3030 626 3084 Et
654 3029 876 3084 redeunt
906 3027 1046 3092 vitae,
1079 3029 1168 3097 qui
1205 3043 1424 3082 caruere
1456 3029 1561 3083 die.

489 3117 700 3176 Nullum
725 3126 844 3174 uret
888 3127 1050 3172 tostus
1077 3121 1174 3172 sub
1206 3118 1480 3172 frondibus
1508 3119 1716 3172 arboris
1739 3119 1918 3186 hujus,

561 3209 706 3264 Luna
739 3224 837 3264 nec
868 3209 918 3262 in
946 3216 1156 3264 noctein
1186 3205 1232 3273 τ,
1259 3209 1336 3262 sol
1367 3222 1536 3273 neque
1569 3207 1810 3262 meridie.

490 3302 572 3356 Tu
604 3302 836 3368 plantata
869 3301 1053 3364 micis,
1087 3315 1240 3355 secus
1269 3309 1351 3355 est
1381 3299 1469 3354 ubi
1499 3314 1686 3354 cursus
1713 3313 1990 3370 aquarum,

561 3393 778 3464 Spargis
804 3404 857 3447 et
893 3401 1130 3456 ornatas,
1157 3393 1288 3446 ﬂore
1318 3402 1550 3456 recente,
1578 3406 1777 3446 comas.

489 3487 738 3558 Appensa
770 3496 851 3541 est
879 3486 1000 3538 vitis
1032 3488 1169 3541 inter
1196 3494 1282 3539 tua
1316 3484 1528 3540 brachia
1551 3525 1566 3548 ,
1595 3485 1661 3538 de
1691 3499 1790 3554 qua

562 3579 750 3635 Dulcia
778 3577 1072 3648 sanguineo
1097 3578 1218 3633 vina
1249 3577 1443 3632 rubore
1486 3576 1675 3632 ﬂuunt.

566 3745 592 3773 ι
623 3736 750 3803 Quin
800 3736 959 3789 fuerit
1002 3749 1161 3788 causa
1193 3744 1243 3788 et
1273 3735 1482 3788 occasio
1511 3733 1802 3788 Fortunato
1833 3748 1930 3787 cur
1958 3734 2070 3802 ipse

497 3808 661 3862 hosce
704 3807 932 3876 hymnos
962 3819 1007 3860 et
1045 3807 1146 3859 alia
1191 3815 1428 3874 poemata
1465 3809 1513 3857 ιιι
1563 3806 1821 3876 honorem
1874 3817 2068 3860 sancta:

495 3879 670 3934 crucis
703 3875 1062 3939 elucubraret,
1093 3877 1194 3943 iani
1236 3877 1650 3946 signiﬁcavimus
1699 3877 1749 3929 ili
1786 3875 1901 3929 Vita
1931 3878 2070 3942 ejus-

496 3952 641 4017 dem,
673 3966 724 4002 ιι.
754 3948 844 4014 55,
871 3951 1021 4014 juvat
1049 3959 1222 4002 tamen
1248 3961 1297 4000 et
1324 3949 1404 4000 liic
1428 3948 1670 4001 eamdem
1703 3963 1812 4000 rem
1839 3947 2072 4001 breviter

496 4023 779 4086 attingere.
835 4021 1172 4087 llatlegunilis
1199 4060 1210 4082 ,
1243 4019 1485 4083 scilicet,
1517 4019 1941 4072 sanctimonialis
1992 4019 2071 4072 fe-

499 4092 666 4150 mina,
692 4106 808 4156 qute
831 4106 860 4143 c
880 4105 1025 4155 regio
1045 4088 1454 4154 'l‘lmringioruni
1481 4103 1678 4155 genere
1698 4101 1838 4151 nata,
1855 4088 2074 4142 (llotarii

500 4161 829 4214 Francorum
863 4160 1001 4226 regis
1033 4173 1164 4212 uxor
1193 4163 1357 4210 fuerat
1387 4160 1607 4221 (mulier
1632 4161 1698 4213 ile
1740 4160 1853 4225 ipso
1882 4159 2073 4212 Fortu-

499 4242 628 4288 ’ἴδια
661 4241 840 4283 nostro
871 4246 1027 4298 quam
1073 4231 1274 4290 Optime
1322 4229 1566 4296 merita),
1601 4230 1902 4282 obtinuerat
1929 4245 1959 4283 ξι
1982 4229 2075 4284 Ju-

502 4304 642 4355 stino
671 4302 798 4367 imp.
832 4311 883 4354 et
931 4299 1125 4366 SOphi'l
1177 4301 1402 4365 Augusta
1434 4299 1660 4352 frustum
1710 4301 1831 4362 ligni
1879 4310 2076 4354 sancta:

499 4375 697 4435 crucis,
723 4387 827 4440 quo
876 4387 1026 4424 suum
1078 4371 1410 4425 Pictaviense
1446 4371 1828 4426 monasterium
1859 4371 2070 4435 ditaret,

505 4444 775 4497 miraculis
817 4453 994 4511 postea
1043 4442 1471 4496 celi-berrimum.
1525 4443 1575 4495 Id
1621 4443 1797 4509 itaque
1833 4443 1883 4495 iu
1914 4456 2074 4495 causa

509 4514 608 4568 l’uit
628 4518 972 4580 quamobrem
995 4512 1331 4578 Fortunatus,
1355 4513 1660 4576 Radegnndi
1685 4513 1784 4578 ipsi
1808 4525 1857 4565 et
1887 4514 2076 4580 Agneti

508 4585 794 4637 abbatissa:
819 4585 1226 4645 addictissimns,
1257 4600 1399 4650 su-pe
1437 4587 1672 4637 carmina
1701 4584 1764 4636 ad
1795 4583 2076 4636 celebrau-

506 4657 626 4708 dam
677 4666 874 4710 sancta:
920 4655 1090 4709 crucis
1137 4658 1498 4724 praestantiam
1549 4656 1906 4724 virtutemque
1950 4669 2078 4722 part-

517 4736 675 4781 teret.

518 4745 675 4781 τθιθι.

506 4745 534 4794 ὃ
577 4795 604 4834 δ
654 4797 867 4865 Legitur
916 4796 999 4850 hic
1031 4796 1258 4868 hymnus
1285 4799 1366 4851 vel
1398 4799 1448 4850 in
1497 4795 1786 4868 llymuario
1831 4798 1901 4850 cl.
1931 4796 2076 4849 card.

505 4867 771 4922 Tommasi
794 4907 810 4932 ,
835 4868 933 4920 sub
965 4871 1179 4921 nomine
1211 4867 1505 4922 Fortunati.

583 4949 605 4977 ο
638 4939 782 4995 Unus
823 4939 957 4992 Cod.
992 4937 1160 4992 Vatic.
1188 4948 1240 4991 ct
1270 4939 1405 4991 Edit.
1450 4939 1581 4993 Ven.
1649 4940 1856 4993 vulnera
1905 4946 2084 4991 nostra

505 5013 646 5065 lavit.
676 5011 802 5063 lti-m
828 5009 877 5062 in
911 5010 1098 5079 llytutt.
1134 5010 1202 5062 cl.
1233 5008 1525 5062 Toutntasi.

575 5080 600 5117 (ί
632 5081 770 5134 Edit.
805 5080 958 5143 Vcn.,
986 5080 1260 5148 transﬁxus
1291 5081 1492 5148 palmis.

581 5164 604 5190 ι’
640 5153 692 5204 lu
722 5151 914 5221 Hymn.
948 5151 1014 5204 cl.
1051 5151 1259 5202 'l‘outtu.
1289 5151 1440 5205 deest
1462 5169 1513 5205 a.

582 5223 603 5260 τ
639 5223 790 5285 ιδιά..
823 5223 944 5274 (una
975 5237 1065 5273 nec
1088 5221 1139 5272 in
1172 5231 1333 5272 nocte.

581 5303 607 5340 κ
633 5292 783 5347 Libet
813 5292 897 5344 liic
923 5292 1187 5355 subjicere
1216 5289 1396 5344 Jacobi
1433 5291 1734 5355 Sirmondi,
1780 5291 1879 5343 viri
1906 5289 2086 5344 erudi-

509 5365 723 5423 tissimi,
749 5363 1002 5431 judicium
1032 5363 1096 5413 de
1130 5362 1229 5412 hoc
1261 5362 1476 5430 hymno,
1521 5361 1658 5430 quod
1691 5361 1888 5430 profert
1912 5359 1963 5412 in
1988 5375 2085 5431 no-

508 5435 572 5487 tis
601 5436 664 5486 ad
695 5430 852 5500 epist.
888 5436 921 5488 '5
952 5432 1042 5485 lib.
1075 5447 1126 5484 tv
1157 5432 1322 5498 Epist.
1352 5432 1555 5485 Sidonii
1604 5449 1617 5484 :
1659 5432 1944 5485 Adnotarat
1976 5430 1992 5499 (
2020 5448 2082 5484 on

507 5504 624 5572 ejus
649 5507 829 5570 verba)
863 5504 958 5557 hoc
987 5504 1095 5556 loco
1134 5501 1430 5556 scholiastes
1458 5503 1664 5571 quidam
1704 5502 1948 5569 hymnum
1978 5502 2086 5570 (de

511 5591 617 5640 quo
649 5575 892 5628 nimirum
926 5574 975 5628 io
1006 5575 1225 5637 epistola
1266 5588 1358 5625 sua
1387 5574 1452 5625 ad
1494 5574 1843 5626 (llautlimum
1889 5574 2085 5636 scripta

510 5645 837 5700 mentionem
864 5645 980 5696 facit
1012 5643 1284 5712 Sidonius)
1316 5644 1594 5716 signiﬁcari
1622 5645 1788 5705 illum,
1816 5645 1961 5710 cujus
1984 5644 2081 5694 ini-

510 5718 640 5769 tiunt
673 5727 744 5787 est
775 5716 1020 5787 alumne,
1053 5731 1264 5780 LINGUA,
1289 5729 1527 5770 cumtost
1557 5729 1802 5768 ιιιιιίςιιιιιι
1829 5727 2088 5787 cenassit-

551 5801 615 5845 ts.
665 5785 729 5841 Et
761 5783 960 5853 quidem
986 5789 1175 5852 stylum
1210 5787 1400 5840 redolet
1425 5786 1689 5840 cultiorem
1712 5801 1863 5853 quam
1890 5783 2084 5837 'Fcrtu-

2717 1618 2720 1620 γ
2798 1535 3026 1592 CAPUT
3065 1535 3128 1591 ιι.

2454 1628 2522 1685 In
2544 1630 2786 1685 honorem
2805 1640 2993 1684 sancite
3020 1631 3205 1694 crucis,
3230 1631 3467 1700 hymnus.

2098 1750 2146 1814 Β
2248 1717 2446 1790 Pange,
2474 1729 2501 1768 ι
2527 1721 2725 1791 lingua,
2749 1721 2963 1790 gloriosi
2995 1720 3235 1790 praelium
3265 1718 3591 1785 certaminis,

2175 1811 2244 1866 Et
2270 1827 2433 1882 super
2452 1814 2626 1868 crucis
2647 1824 2846 1882 tropaeo
2867 1812 2951 1867 dic
2977 1811 3297 1880 triumphum
3326 1809 3557 1864 nobilem
3583 1850 3598 1875 ,

2167 1901 2408 1969 Qualiter
2433 1903 2759 1972 Redemptor
2784 1904 2930 1960 orbis
2961 1904 3264 1958 immolatus
3295 1901 3498 1957 vicerit.

2246 1994 2322 2048 De
2354 1996 2591 2064 parentis
2622 1996 2936 2065 protoplasti
2961 1995 3147 2050 fraude
3178 1994 3310 2050 iacta
3340 1991 3369 2031 ιι
3396 1992 3710 2058 condolens,

2167 2083 2390 2150 Quando
2421 2085 2562 2152 pomi
2588 2086 2810 2139 noxialis
2835 2100 3016 2140 morsu
3048 2085 3100 2139 in
3136 2096 3362 2141 mortem
3401 2084 3417 2123 ί
3449 2087 3671 2151 corruit,

2167 2178 2286 2248 Ipse
2313 2179 2508 2248 lignum
2541 2188 2648 2232 tum
2677 2177 2693 2230 i
2730 2181 2952 2244 notavit,
2975 2179 3166 2234 damna
3194 2181 3315 2248 ligni
3342 2189 3399 2234 ut
3421 2179 3671 2234 solveret.

2251 2272 2362 2326 Iloc
2390 2288 2525 2342 optts
2556 2285 2754 2327 nostra:
2784 2273 2972 2328 salutis
3007 2274 3139 2328 ordo
3164 2273 3570 2342 depoposcerat,

2169 2361 2507 2418 Mnltilormis
2537 2363 2826 2432 proditoris
2851 2366 2873 2401 κ
2907 2374 3022 2420 arte
3048 2372 3106 2418 ut
3133 2375 3301 2419 artem
3341 2363 3566 2430 lalleret,

2170 2457 2236 2512 Et
2264 2456 2547 2511 medellam
2578 2455 2740 2510 ferret
2766 2455 2911 2520 inde,
2946 2455 3114 2511 hostis
3145 2456 3283 2510 unde
3312 2455 3547 2510 laeserat.

2237 2548 2459 2617 Quando
2488 2547 2636 2603 venit
2659 2563 2785 2616 ergo
2819 2549 2957 2604 sacri
2988 2547 3261 2617 plenitudo
3289 2545 3570 2615 temporis,

2169 2641 2361 2695 Missus
2391 2650 2474 2695 est
2499 2641 2566 2693 ab
2597 2654 2722 2695 arce
2751 2639 2922 2694 Patris
2950 2651 3103 2696 natus
3129 2640 3273 2694 orbis
3294 2639 3558 2704 conditor,

2168 2738 2341 2805 Atque
2365 2741 2552 2788 ventre
2581 2733 2821 2802 virginali
2852 2747 3014 2788 carne
3042 2732 3208 2787 lactus
3240 2731 3456 2801 prodiit.

2240 2827 2398 2898 Vagit
2425 2827 2621 2891 infans,
2657 2826 2794 2880 inter
2838 2835 2985 2880 arcta
3012 2826 3260 2880 conditus
3289 2824 3564 2893 praesepia,

2169 2925 2405 2982 Membra
2439 2922 2626 2990 pannis
2654 2921 2889 2974 involuta
2918 2921 3065 2986 virgo
3091 2929 3259 2973 mater
3288 2918 3490 2987 alligat,

2173 3022 2240 3077 Et
2267 3023 2449 3091 pedes,
2477 3030 2773 3086 manusque
2800 3012 2843 3079 ‘-,
2863 3029 3016 3068 crura
3039 3015 3220 3069 stricta
3241 3014 3405 3083 cingit
3431 3022 3470 3050 ω
3492 3012 3672 3067 fascta.

2089 3121 2136 3185 ο
2226 3114 2413 3170 Lustra
2433 3131 2523 3170 sex
2541 3115 2747 3184 quijam
2775 3111 3458 3180 pcracta,tempusimplens
3477 3107 3738 3178 corporis,

2170 3209 2242 3265 Se
2263 3209 2496 3275 volente,
2532 3216 2685 3262 natus
2715 3207 2781 3261 ad
2811 3208 2934 3273 hoc,
2968 3205 3200 3275 passioni
3232 3204 3464 3270 deditus,

2171 3303 2374 3373 Agnus,
2411 3302 2461 3356 in
2493 3303 2665 3355 crucis
2694 3303 2895 3356 levatur
2922 3297 3278 3354 immolandus
3308 3296 3508 3366 stipite.

2245 3395 2339 3449 Hic
2365 3404 2594 3458 acetum,
2629 3395 2718 3455 fel,
2751 3393 2974 3457 arundo,
3003 3402 3178 3460 Sputa,
3203 3391 3362 3456 clavi,
3395 3389 3603 3453 lancea,

2191 3487 2314 3540 Mite
2337 3501 2534 3554 corpus
2567 3486 2890 3554 perforatur,
2926 3484 3160 3551 sanguis,
3189 3482 3346 3546 unda,
3378 3480 3607 3549 proﬂuit.

2181 3578 2369 3643 Terra,
2398 3588 2613 3647 pontus,
2636 3586 2796 3643 astra,
2819 3576 3045 3631 mundus
3068 3590 3172 3645 quo
3196 3574 3436 3628 lavantur
3466 3573 3680 3628 ﬂumine

2174 3739 2285 3791 nati
2311 3752 2418 3789 esse
2441 3735 2621 3798 soleat,
2651 3735 2731 3786 cui
2762 3743 2926 3786 tamen
2949 3732 3096 3784 illum
3124 3729 3346 3783 tribuunt
3372 3728 3568 3794 antiqui
3593 3727 3748 3779 etiam

2176 3811 2447 3877 scriptorcs
2492 3815 2536 3857 et
2577 3804 2806 3858 Codices.
2853 3801 3069 3877 Ineunt
3115 3811 3358 3877 prieterea
3401 3799 3523 3852 scite
3559 3798 3752 3877 cadunt

2176 3870 2347 3933 omnia
2377 3892 2487 3944 qua:
2511 3877 2789 3929 laudantur
2816 3892 2847 3928 a
2883 3870 3123 3928 Sidonio.
3155 3872 3389 3944 Scriptus
3418 3879 3497 3944 cst
3527 3870 3749 3944 versibus

2179 3939 2468 4005 trochaicis.
2505 3948 2684 4017 quibus
2707 3946 2883 3998 inserti
2905 3945 3180 4013 aliquando
3203 3939 3483 4017 pyrrhichii
3518 3941 3708 4017 muneri
3732 3953 3753 3992 :

2178 4011 2527 4075 commaticus
2561 4029 2655 4079 est,
2708 4019 2895 4069 crebris
2934 4011 3167 4085 aptisq-se
3207 4011 3488 4085 contmatiis
3540 4011 3754 4072 incisus,

2178 4092 2434 4145 sententiis
2465 4106 2565 4140 non
2596 4087 2893 4152 interruptis
2918 4125 2934 4147 ,
2977 4083 3092 4139 sedi
3118 4083 3333 4136 molliter
3359 4098 3469 4132 cum
3497 4096 3639 4133 versu
3664 4095 3755 4130 ca-

2179 4162 2428 4216 dentibus.
2466 4157 2694 4225 Denique
2725 4158 3006 4212 Claudiano
3035 4170 3236 4207 carmen
3264 4155 3360 4203 hoc
3392 4153 3756 4225 vindicat__non

2180 4239 2343 4286 solum
2383 4239 2518 4284 vetus
2548 4218 2864 4290 scholiastes,
2897 4243 3044 4301 quem
3072 4225 3202 4288 dixi,
3235 4237 3406 4276 verum
3430 4222 3590 4301 etiam.
3614 4218 3757 4301 Gen-

2182 4305 2388 4365 nadius,
2419 4317 2520 4354 non
2545 4301 2748 4365 quidem
2781 4289 2928 4369 proni
2957 4299 3120 4369 editus
3146 4305 3217 4369 est
3238 4337 3250 4351 .
3285 4301 3370 4369 scil
3398 4302 3546 4369 prout
3573 4291 3625 4369 in
3656 4289 3756 4344 Co-

2183 4375 2294 4428 dice
2342 4363 2742 4428 ctenobii'sancti
2781 4363 3049 4421 Michaelis
3088 4367 3150 4418 de
3178 4365 3395 4425 'l'umba,
3424 4363 3640 4430 vulgatis
3665 4377 3759 4413 au-

2187 4447 2333 4507 cu'or,
2365 4446 2416 4497 in
2439 4440 2715 4496 Claudiani
2737 4441 2986 4493 mentione
3018 4439 3198 4507 legitur
3224 4435 3301 4485 his
3329 4433 3487 4507 verbis
3519 4447 3536 4485 :
3563 4450 3581 4482 t
3615 4431 3760 4507 scri-

2105 4484 2156 4546 υ
2186 4484 3088 4582 ἑιῖἓιῖά’ἆοῖἱὶἱῶ(ἆζἿῆὶῖηᾶᾀξ
3109 4484 3416 4573 ett-hymnum
3444 4504 3506 4554 de
3523 4484 3761 4569 passione

2185 4577 2412 4650 Domini,
2431 4585 2575 4653 cujus
2596 4581 2906 4653 principium
2925 4589 2998 4653 est
3013 4577 3247 4653 ί-Ρλδςε,
3266 4588 3468 4653 uiscus.
3488 4588 3750 4653 suosmet.

2184 4655 2310 4710 Fuit
2339 4647 2507 4710 autem
2535 4647 2694 4719 frater
2718 4647 2975 4712 Mamerti,
3013 4647 3309 4701 Viennensis
3331 4647 3632 4719 cpiscopi.__s

2257 4729 2381 4782 Haec
2407 4725 2475 4779 cl.
2521 4711 2854 4781 Sirmondns.
2903 4711 3163 4774 Atictores
3207 4719 3327 4767 item
3378 4713 3499 4767 delt’
3535 4711 3759 4765 Histoire

2185 4799 2432 4852 littérairc
2461 4795 2526 4848 de
2570 4795 2620 4846 la
2651 4789 2886 4851 France,
2935 4790 3038 4843 ltoc
3083 4801 3264 4854 poema
3312 4784 3605 4837 Fortunato
3649 4784 3758 4835 eri-

2187 4871 2374 4936 piunt,
2423 4877 2474 4918 et
2514 4863 2751 4936 tribuunt
2792 4861 2966 4936 eidem
2999 4856 3311 4936 Claudiano.
3348 4855 3753 4936 li‘aventtame'u

2186 4923 2478 4994 Fortunato
2509 4933 2618 4988 fere
2658 4932 2836 4986 omnis
2865 4930 3120 5004 vetustior
3161 4927 3484 5004 antiquitas,
3516 4933 3566 5004 et
3596 4923 3758 4976 (Zodi-

2184 5025 2304 5064 cum
2339 5013 2446 5063 fere
2475 5005 2712 5058 omnium
2745 5001 3055 5066 auctoritas,
3085 5008 3193 5052 lttm
3217 4996 3406 5050 eruditi
3437 4996 3534 5046 viri
3565 5007 3758 5066 quaut-

2187 5063 2425 5148 plurim?.
2463 5076 2737 5148 ln_|ly;mn.
2768 5073 2853 5148 cl._
2882 5063 3386 5148 Tommasiﬁlegitnr
3413 5063 3664 5148 cunt_hoc
3693 5064 3759 5147 ti-

2189 5133 2337 5204 iulo:
2377 5147 2444 5204 V.
2491 5145 2547 5201 C.
2587 5133 2854 5198 Fortunati
2895 5141 3119 5208 episcopi
3151 5136 3498 5192 Pictaviensiu
3537 5135 3662 5190 ltem
3703 5133 3758 5189 in

2187 5237 2315 5275 mss.
2347 5218 2514 5274 Codd.
2549 5215 2666 5271 Val.
2700 5216 2956 5270 Venautio
2980 5211 3277 5266 ascribitnr.

2259 5291 2285 5328 ἰ
2315 5293 2368 5346 In
2402 5290 2595 5356 Hymn.
2641 5290 2712 5341 cl.
2744 5285 2954 5340 Tomm.
2978 5323 2994 5351 ,
3036 5281 3218 5352 fraude
3259 5279 3756 5348 factoricondolens.

2189 5365 2314 5418 Item
2349 5377 2482 5416 unus
2505 5357 2634 5414 Cod.
2662 5356 2830 5410 Vatic.
2928 5425 2943 5430 _
3088 5421 3127 5430 _
3153 5421 3182 5430 υ

2265 5435 2280 5471 ί
2317 5433 2446 5487 Ibid.
2470 5473 2484 5494 ,
2516 5446 2687 5482 morsu
2719 5438 2897 5480 morte.
2928 5425 3056 5478 Item
3088 5421 3231 5475 Edit.
3267 5419 3374 5474 Ven

2262 5504 2276 5555 ἑ
2317 5505 2369 5557 Ιιι
2404 5503 2596 5570 Hymn.
2628 5498 2970 5570 cl.ﬂTonnn.,
2995 5503 3134 5570 tunc.

2259 5573 2284 5612 ¹ί
2311 5575 2365 5628 ln
2391 5562 2493 5626 uno
2523 5569 2654 5624 Cod.
2691 5568 2834 5632 Val.,
2867 5563 3193 5634 multiformis
3223 5562 3514 5630 perditoris.

2263 5647 2278 5683 ι
2324 5647 2480 5706 lbid.,
2509 5652 2554 5694 et
2583 5656 2784 5701 manus,
2817 5641 3082 5706 pedesque.
3117 5651 3287 5688 crura.

2259 5726 2297 5753 ιη
2331 5715 2441 5770 Duo
2469 5712 2637 5768 Codd.
2677 5710 2816 5772 γυι.,
2847 5709 3004 5777 pingit
3032 5708 3208 5775 fascia.
