4020 6346
214 348 274 407 I9
1043 348 1046 350 ⁷
1397 329 1901 392 MISCELLANEA.
1933 358 2002 372 -—-
2041 331 2167 386 LIB.
2210 331 2271 386 ll.
3395 325 3464 382 90

276 459 408 515 (ἕως
433 455 634 522 lldelis,
660 453 800 509 inter
821 464 1011 507 omnes
1036 451 1194 506 arbor
1216 464 1320 503 una
1342 447 1558 514 nobilis,

220 553 356 610 Nulla
386 548 544 603 talem
577 547 712 601 silva
747 542 1138 621 profertpﬂore,
1163 540 1643 610 fronde,°germine
1667 546 1712 589 ι.

220 647 368 702 Dulce
397 642 643 713 lignum,
674 637 860 695 dulces
896 633 925 674 ι’
960 634 1158 700 clavos,
1190 631 1348 688 dulce
1399 631 1605 702 pondus
1630 627 1790 684 susti-

1521 722 1716 795 [uens.

285 828 460 885 Flecte
486 839 671 881 ramos
691 835 852 878 arnor
879 830 1007 885 alta,
1034 827 1184 873 tensa
1210 817 1328 871 laxa
1353 814 1583 882 viscera,

227 920 286 976 Et
309 919 449 988 rigor
472 917 734 972 lentescat
761 912 874 980 ille,
907 925 1064 980 quem
1097 909 1244 964 dedit
1270 907 1535 974 nativitas,

236 1011 297 1067 lit
321 1010 532 1079 superni
566 1006 804 1062 membra
838 1004 979 1072 regis
1003 1001 1117 1056 miti
1149 999 1338 1054 tendas
1365 998 1562 1066 stipite.

289 1102 406 1158 Sola
433 1102 592 1171 digna
616 1109 670 1154 tu
699 1097 844 1154 fuisti
857 1095 997 1152 ferre
1019 1093 1245 1164 pretium
1269 1091 1450 1147 saeculi
1481 1088 1794 1164 [Ms.,saecli

1473 1177 1724 1252 pretium]

239 1295 388 1356 Atque
412 1295 622 1356 portum
651 1298 953 1354 praeparare
978 1291 1138 1336 nauta
1169 1279 1368 1335 mundo
1399 1275 1682 1345 naufrago,

235 1381 384 1449 Quem
413 1393 566 1441 sacer
591 1391 752 1431 cruor
784 1374 1052 1445 perunxit,
1080 1373 1224 1426 fusus
1246 1369 1368 1440 agni
1397 1382 1646 1438 corpore.

853 1463 1078 1520 CAPUT
1107 1463 1193 1517 Ill.

300 1564 360 1620 1η
387 1565 626 1619 honorem
668 1572 691 1601 ο
724 1573 912 1614 sancta:
946 1559 1110 1612 crucis
1153 1567 1200 1610 et
1242 1557 1456 1610 oratorii
1482 1562 1507 1592 α
1549 1554 1728 1606 domus

664 1631 888 1687 ecclesia:
927 1631 1064 1698 apud
1097 1627 1345 1682 Turonos.

240 1729 426 1804 [Cr_ucis
477 1725 685 1804 Domini
739 1727 990 1804 virtutem
1042 1737 1105 1776 ac
1152 1721 1379 1804 pretium
1429 1719 1690 1804 celebrat,
1719 1726 1797 1796 _et

1808 444 1861 504 Α
1885 442 2141 516 Quodque
2169 442 2312 497 ferus
2337 455 2562 511 serpens
2585 441 2771 496 infecit
2798 440 2922 496 felle
2948 439 3160 504 veneni,

1959 545 2156 602 Christi
2184 544 2399 612 sanguis
2433 543 2487 598 in
2518 541 2800 603 liacdulce
2827 540 3036 610 liquore
3063 536 3226 594 l’avat.

1888 659 2120 729 Quteque
2151 655 2256 725 lupi
2289 656 2496 711 fuerant
2520 655 2751 725 raptoris
2779 653 2956 724 praeda
2986 652 3200 719 ferocis,

1959 769 2016 823 In
2045 779 2202 822 cruce
2225 760 2457 818 restituit
2483 759 2716 831 Virginis
2737 774 2903 828 agnus
2928 772 3077 814 oves.

1892 879 2097 936 Tensus
2117 877 2173 932 iu
2195 873 2279 931 his
2301 873 2484 940 ramis,
2509 886 2632 926 cum
2655 870 2851 940 plantis
2876 867 3094 923 brachia
3121 863 3360 936 pendens

2908 1020 2909 1023 γ
3068 978 3096 998 ·-
3159 953 3464 1032 [pandensh

1964 1059 2257 1116 Ecclesiam
2278 1055 2502 1122 stabilit,
2534 1052 2801 1125 pendulus
2829 1052 2944 1120 ipse
2969 1063 3146 1107 cruce.

1895 1175 2008 1231 Hoc
2036 1173 2154 1244 pius
2185 1170 2204 1210 τ
2238 1171 2290 1226 ἰη
2317 1171 2466 1240 ligno
2496 1183 2751 1236 reparans
2774 1165 3049 1233 deperdita
3075 1164 3299 1235 pridem,

1966 1264 2120 1332 Quod
2148 1262 2298 1318 vetiti
2329 1261 2457 1330 ligni
2488 1274 2644 1332 poma
2669 1258 2835 1314 tulere
2863 1257 3005 1312 boni.

1898 1379 2090 1436 Addita
2117 1377 2243 1448 quin
2271 1377 2432 1432 etiam
2463 1375 2721 1429 virtutum
2753 1373 2964 1428 flamma
2992 1379 3258 1435 coruscat,

1969 1471 2117 1526 Dona
2145 1468 2285 1540 quod
2308 1466 2580 1538 obsequiis
2603 1481 2733 1521 crux
2759 1475 2910 1535 parat
2938 1466 3052 1534 ipsa
3078 1465 3206 1518 suis.

1901 1585 2141 1654 Denique
2164 1592 2344 1637 sancta
2369 1580 2512 1634 cruci
2539 1579 2654 1634 haec
2676 1577 2878 1647 templa
2907 1575 3194 1646 Gregorius
3219 1575 3394 1641 olTert,

1976 1677 2110 1731 Dum
2135 1675 2297 1743 pallas
2329 1683 2352 1720 ε
2381 1669 2604 1741 coperit,
2637 1671 2788 1739 signa
2815 1667 2844 1705 λι
2873 1667 3109 1738 gerendo
3138 1665 3330 1720 crucis.

299 1777 541 1868 Gwregoiii
562 1777 908 1870 fili-ironeusis
953 1795 1006 1847 in
1049 1777 1291 1870 e:_ur_i_dem
1326 1805 1537 1842 crucem
1582 1777 1798 1868 religio-
1830 1808 1880 1870 Β
1910 1791 2056 1846 Dona
2084 1795 2304 1855 repente
2332 1784 2478 1840 dedit
2499 1782 2675 1839 divina
2711 1780 2943 1850 potentia
2968 1777 3240 1843 Christus,

301 1859 436 1930 ueni,
474 1880 582 1921 tum
615 1869 668 1920 in
699 1862 938 1920 ornando
970 1863 1105 1932 apud
1136 1862 1381 1916 Turones
1407 1859 1641 1932 oratorio
1682 1873 1799 1912 tuu-

303 1929 618 1995 n.ticentiam
650 1951 712 1990 ac
742 1929 1057 1990 liberalitem
1086 1929 1468 2000 commeodat.J

243 2033 404 2089 Virtus
429 2033 571 2086 celsa
601 2030 775 2084 crucis
807 2040 972 2082 totum
1004 2039 1150 2081 reete
1177 2035 1400 2092 occupat
1429 2024 1638 2090 orbem,

304 2127 422 2182 llaec
445 2126 697 2194 quoniam
730 2133 754 2160 ο
788 2121 970 2176 mundi
1001 2119 1206 2188 perdita
1237 2128 1426 2173 cuncta
1459 2116 1642 2173 refert.

309 2268 331 2294 ³
358 2259 500 2313 Unus
527 2255 696 2311 Codd.
726 2255 871 2314 Vah.
901 2254 1170 2323 germinat.

271 2330 330 2454 ιδ
361 2331 487 2383 Ibid.
516 2372 531 2397 ,
575 2329 724 2381 dulce
753 2321 974 2380 clavum.
1014 2326 1070 2379 ln
1113 2324 1217 2380 alio
1257 2321 1391 2378 Cod.
1416 2322 1534 2377 Vat.
1561 2364 1576 2391 ,
1608 2323 1810 2377 dulcem

287 2417 444 2454 arum.

246 2417 444 2454 clavum.

310 2484 327 2509 ε
357 2470 562 2524 Titulus
591 2468 748 2538 hujus
789 2466 1040 2522 carminis
1085 2465 1137 2519 in
1166 2465 1296 2520 Ven.
1324 2465 1462 2538 Edit.
1497 2465 1574 2518 sic
1589 2463 1767 2538 habet
1792 2482 1803 2517 :

248 2540 306 2596 In
341 2543 530 2595 honore
572 2535 762 2593 sancta:
802 2537 992 2606 crucis,
1038 2537 1116 2591 vel
1160 2537 1391 2603 oratorii,
1437 2544 1541 2590 etc.
1588 2535 1718 2590 ltetn
1755 2536 1809 2591 iu

247 2612 396 2666 duob.
426 2611 596 2665 Codd.
626 2609 794 2664 Vatic.

309 2683 332 2719 τι
367 2684 438 2736 De
472 2683 575 2735 hoc
602 2680 738 2749 apud
767 2681 1007 2749 Torone}
1035 2679 1287 2732 'oratorio
1326 2677 1653 2731 mentionem
1685 2675 1812 2749 facit

247 2753 392 2821 Greg.
414 2752 616 2806 Turon.
640 2746 661 2812 ’,
697 2750 786 2821 illi.
818 2765 834 2802 ι
865 2750 930 2821 de
960 2746 1134 2802 Gloria
1164 2761 1493 2821 martyrum,
1541 2761 1660 2814 cap.
1700 2747 1766 2801 15
1791 2787 1807 2813 ,

247 2819 475 2892 inquiens
505 2841 518 2876 :
557 2823 706 2889 Apud
739 2820 1043 2892 Tttronicant
1068 2836 1185 2872 vero
1216 2819 1386 2872 urbem
1410 2859 1425 2882 ,
1458 2820 1580 2870 dum
1609 2821 1662 2870 in
1694 2833 1812 2870 ora-

248 2889 420 2947 torium
449 2894 571 2946 atrii
601 2892 733 2945 beati
765 2891 997 2952 Martini,
1028 2891 1187 2956 ipsius
1213 2891 1541 2956 prwcursoris
1566 2889 1812 2954 reliquias

245 2968 686 3018 collocaremus....
716 2963 881 3028 [erunt
907 2971 1075 3013 autem
1104 2962 1157 3012 in
1183 2963 1274 3013 hoc
1305 2960 1529 3012 oratorio
1567 2977 1596 3008 u
1627 2958 1811 3028 lyr/mo

247 3039 402 3089 oleum
428 3035 660 3089 ebullire.
708 3029 972 3087 Habentur
1009 3032 1141 3084 enim
1184 3042 1231 3084 et
1268 3032 1336 3083 ibi
1374 3029 1600 3099 reliquia:
1623 3039 1813 3082 sancite

249 3122 358 3159 ιτα(
359 3123 420 3160 18.

1981 1883 2101 1940 Mox
2132 1881 2230 1936 fuit
2259 1889 2315 1944 et
2334 1877 2445 1933 voti
2473 1892 2632 1933 causa
2660 1883 2843 1931 secuta
2867 1874 2957 1943 pii.

1908 1997 2071 2054 Pallia
2098 2012 2217 2050 nam
2248 1997 2463 2058 meruit,
2489 2000 2612 2046 sunt
2637 2006 2754 2061 quae
2783 2003 2944 2045 cruce
2973 1987 3132 2042 texile
3155 1984 3397 2054 pulchra,

1980 2089 2366 2158 Obsequiisque
2391 2086 2502 2141 suis
2530 2100 2662 2140 crux
2694 2084 2852 2139 habet
2876 2081 3016 2136 alma
3048 2091 3252 2134 cruces.

1911 2245 2076 2298 rietes
2105 2243 2371 2313 insigniri,
2403 2255 2465 2295 ac
2492 2240 2658 2313 velari
2686 2238 2929 2293 solebant
2955 2255 2971 2313 ξ
2993 2248 3219 2313 quorum
3249 2230 3486 2313 meminit

1912 2315 2068 2380 Greg.
2104 2301 2331 2378 Torum,
2360 2301 2464 2366 'lib.
2501 2312 2565 2366 de
2593 2311 2774 2364 Mirac.
2804 2308 2974 2364 saneti
3005 2305 3226 2380 Juliani,
3254 2319 3372 2370 cap.
3397 2301 3486 2367 20,

1916 2388 2002 2438 ubi
2024 2375 2218 2438 narrat
2248 2375 2416 2438 furem
2441 2382 2722 2451 quemdam
2745 2381 3043 2451 ingressum
3071 2375 3344 2451 basilicam
3372 2387 3487 2427 san-

1914 2457 1984 2511 cti
2013 2456 2227 2518 Juliani,
2253 2465 2414 2509 noctu
2441 2448 2682 2508 eamdem
2704 2448 3051 2516 compilasse;
3081 2448 3489 2514 detractamque,

1917 2527 2108 2594 inquit,
2140 2543 2170 2578 α
2201 2542 2397 2579 summa
2426 2541 2580 2577 unam
2622 2523 2830 2592 gemmis
2876 2519 3262 2594 coruscantibus
3284 2529 3488 2594 crucem

1916 2585 2196 2650 att-terram
2241 2597 2440 2666 deiecit,
2471 2585 2795 2666 collectisque
2834 2591 3032 2653 vetulis,
3063 2604 3123 2666 ac
3154 2585 3400 2666 palliolis,
3433 2585 3492 2666 de

1917 2671 2130 2722 circuitu
2176 2657 2423 2735 variatum
2475 2657 3014 2735 pendentibus,_unum
3034 2659 3294 2735 volucrum
3333 2657 3488 2735 facit.

1919 2739 2140 2798 Videtur
2176 2728 2366 2805 itaque
2414 2728 2572 2804 Greg.
2623 2733 2884 2802 ejusmodi
2935 2731 3124 2786 velnlis
3167 2745 3230 2782 ac
3262 2728 3492 2805 palliolis

1919 2796 2138 2862 oratorii
2170 2796 2310 2862 illius
2340 2796 2548 2860 Τιιωηῖ
2573 2796 2806 2875 parietes
2834 2815 3148 2866 exornasse,
3173 2816 3291 2867 quae
3321 2796 3492 2875 cruci-

1921 2881 2018 2933 bus
2041 2880 2314 2941 texilibus,
2343 2867 2664 2944 aliisque-ad
2696 2877 2925 2942 speciem
2955 2885 3006 2927 et
3036 2880 3284 2944 ornatum
3313 2867 3494 2935 Operi-

1920 2950 2035 3013 hus,
2063 2951 2198 3020 picta
2231 2956 2431 3020 essent,
2459 2942 2618 3020 atque
2648 2947 3004 3020 interstincta,
3029 2942 3191 3020 idque
3221 2956 3286 3020 eo
3310 2952 3492 3020 versu,

1920 3009 2082 3088 quem
2128 3018 2372 3085 superius
2419 3009 2626 3083 retuli,
2661 3017 2782 3072 licet
2834 3009 3130 3080 obscurius,
3165 3009 3412 3074 indicari,
3439 3016 3495 3063 ut

1921 3091 2054 3151 dixi,
2079 3091 2420 3144 crediderint.

315 3185 337 3213 θ
371 3177 510 3231 Edit.
542 3175 680 3232 Ven.
705 3217 722 3243 ,
755 3176 957 3236 lucoque
987 3175 1133 3226 modo
1170 3172 1371 3225 mundi.
1417 3171 1559 3225 Edil.
1602 3171 1769 3226 Paris.
1794 3212 1808 3238 ,
1839 3169 1889 3236 ο
1991 3162 2120 3230 Quae
2143 3176 2269 3216 vero
2294 3169 2590 3229 Sequuntur
2616 3179 2627 3213 :

249 3247 348 3302 hcc
371 3249 598 3315 quando.
630 3249 681 3300 in
713 3243 968 3313 margine,
991 3243 1253 3314 quoniam.

318 3318 336 3356 ι
368 3319 509 3372 Etlit.
534 3319 730 3382 Paris.,
762 3317 857 3368 hoc
886 3332 1036 3378 Opus.

316 3400 339 3437 ε
369 3389 511 3445 Edit.
547 3390 701 3451 νου..
724 3387 885 3458 pallia
915 3385 1038 3440 dum
1066 3385 1276 3454 caperit.
1304 3383 1362 3440 1n
1387 3399 1491 3440 uno
1511 3383 1643 3438 Cod.
1666 3382 1812 3450 Vat.,

251 3464 361 3513 dum
387 3461 526 3531 palla
555 3469 766 3530 ceperit.

317 3531 338 3567 δ
370 3524 650 3586 Broueru's
671 3539 858 3583 :cstuat
887 3528 1172 3596 plurimum
1204 3527 1255 3580 in
1296 3526 1396 3582 hoc
1435 3524 1816 3579 obscurissima

253 3603 358 3656 loco
377 3602 714 3668 explicando.
743 3601 817 3653 Eo
846 3608 1020 3654 tamen
1053 3597 1346 3668 propendet
1369 3636 1384 3663 ,
1428 3607 1485 3650 ut
1512 3597 1692 3652 credat
1720 3610 1817 3665 per

252 3673 381 3728 hunc
401 3672 721 3727 versiculum
756 3685 772 3726 :

425 3764 553 3814 Dum
579 3762 728 3826 pallas
747 3766 955 3826 ceperit,
983 3765 1120 3824 signa
1144 3763 1366 3824 gerendo
1390 3763 1572 3822 crucis,

254 3852 328 3904 vel
352 3866 441 3905 eas
467 3851 638 3917 pallas
666 3849 888 3902 indicari
915 3849 1105 3916 quibus
1127 3856 1368 3902 contecta
1393 3845 1563 3900 fuerat
1591 3848 1724 3914 palla
1749 3847 1816 3902 ab

256 3921 631 3990 Hierosolymis
661 3921 869 3990 delata,
882 3917 1539 3990 miraculorum‘pell’ectrix,
1566 3930 1654 3990 aut
1684 3928 1818 3971 tem-

257 3993 391 4056 plum
424 3988 631 4061 ἰρξυιιι,
665 3991 804 4059 quod
836 3988 1121 4057 Gregorius
1152 3990 1201 4042 in
1234 3988 1350 4053 ejus
1383 3990 1531 4061 pallae
1563 3988 1816 4061 honorem

254 4073 304 4116 et
345 4058 658 4117 memoriam
686 4058 964 4124 erexerat,
1013 4076 1116 4128 quo
1156 4061 1368 4114 condita
1408 4059 1492 4111 illa
1518 4099 1532 4122 ,
1572 4073 1634 4112 ac
1658 4058 1818 4112 veluti

253 4143 494 4202 cooperta
537 4143 783 4202 tectaque
820 4131 1008 4184 fuerat.
1047 4130 1153 4183 l‘loc
1194 4139 1369 4183 autem
1413 4129 1704 4202 templum,
1735 4129 1818 4182 vel

255 4200 535 4258 oratorium
559 4218 587 4254 a
618 4201 877 4271 Gregorio
907 4203 1206 4255 dedicatum
1231 4202 1390 4253 fuisse
1412 4200 1684 4271 opiiiatur,
1719 4215 1817 4252 an-

257 4284 458 4342 tequam
501 4269 786 4341 episcopus
817 4271 1148 4327 Turonensis
1187 4279 1492 4342 crearetur;
1522 4269 1689 4324 Deum
1722 4271 1821 4323 ita-

254 4359 349 4409 que
374 4345 614 4413 ejusdem
647 4346 896 4408 pietatem
925 4358 987 4396 ac
1031 4342 1336 4409 religionem
1385 4341 1435 4393 iu
1467 4357 1627 4395 cruce
1658 4343 1820 4413 deco-

257 4412 412 4468 raoda
439 4419 563 4468 ηοω
608 4414 748 4467 illius
785 4415 963 4480 cperis
996 4413 1272 4466 molitione
1295 4455 1309 4474 ,
1352 4427 1572 4464 ornasse
1615 4412 1821 4478 episco-

260 4487 351 4547 pali
377 4486 565 4553 pallio,
593 4487 674 4537 cui
700 4499 974 4550 purpurea:
1001 4497 1186 4537 cruces
1212 4490 1364 4536 erant
1387 4481 1624 4546 intextae,
1661 4483 1820 4550 idque

257 4555 524 4610 declarare
552 4565 838 4625 sequentes
869 4568 1054 4608 versus
1083 4569 1097 4605 :

370 4669 508 4720 Dona
536 4675 744 4728 repente
763 4668 900 4716 dedit
923 4669 1082 4717 divina
1108 4669 1323 4727 potentia
1347 4664 1580 4724 Christus,

433 4731 547 4780 llo:
567 4731 653 4780 fuit
680 4738 731 4779 et
755 4732 852 4778 voti
878 4743 1020 4778 causa
1037 4739 1203 4778 secuta
1232 4730 1312 4789 pii.

371 4793 527 4844 Pallia
555 4806 664 4842 nam
685 4794 882 4850 meruit,
903 4799 1015 4839 sunt
1033 4804 1142 4851 quae
1159 4787 1305 4839 cruce
1329 4791 1482 4838 texile
1502 4787 1717 4850 pulchra,

434 4857 799 4915 Obsequiisqne
823 4857 924 4901 suis
947 4866 1062 4900 crux
1090 4853 1240 4900 habet
1254 4852 1384 4915 alma
1408 4863 1598 4915 cruces,

371 4919 542 4967 Serica
566 4913 677 4976 quae
703 4913 856 4964 riiveis
879 4922 991 4963 sunt
1013 4926 1194 4974 agnava
1221 4913 1401 4961 blattea
1423 4914 1551 4975 telis,

436 4978 499 5028 Et
522 4980 676 5027 textis
698 4977 922 5026 crucibus
945 4977 1275 5036 magiiilicattir
1297 4989 1440 5035 opus.

323 5067 409 5129 At,
435 5065 484 5116 si
509 5063 637 5116 licet
658 5063 984 5128 conjec-tune
1007 5059 1204 5127 aliquid
1225 5059 1303 5111 vel
1329 5074 1358 5111 a
1382 5074 1467 5113 me
1489 5059 1538 5113 in
1563 5073 1622 5112 re
1644 5059 1835 5129 obscu-

258 5136 464 5187 rissima
497 5132 673 5187 aﬂerri
707 5133 877 5200 (quod
912 5140 1088 5184 tamen
1116 5139 1284 5182 totum
1311 5130 1659 5182 eruditiorum
1685 5128 1834 5197 judi-

261 5205 337 5255 cio
367 5205 582 5270 penitus
610 5205 886 5262 submitto,
912 5211 1075 5270 atque
1106 5200 1496 5254 decernendum
1526 5201 1825 5266 relinquo),

260 5269 462 5329 videtur
491 5275 772 5328 dicendum
798 5271 958 5342 Greg.
986 5269 1110 5324 Tur.
1152 5271 1277 5324 illud
1309 5284 1461 5324 suum
1497 5270 1634 5338 apud
1666 5269 1834 5342 Turo-

261 5357 363 5397 nes'
390 5346 688 5399 oratorium
725 5349 776 5396 in
804 5341 1057 5396 honorem
1079 5343 1290 5410 quidem
1324 5353 1520 5395 sancta:
1542 5342 1715 5393 crucis
1737 5341 1832 5394 ob-

263 5416 475 5480 tuliSsc,
509 5431 572 5468 ac
599 5415 911 5478 dedicasse;
943 5422 1031 5466 aut
1063 5413 1362 5466 dedicatum
1387 5414 1514 5476 jam,
1546 5413 1695 5463 novis
1722 5426 1836 5464 mu-

262 5490 473 5611 qfribus
495 5491 718 5542 auxisse
741 5524 758 5551 ,
801 5494 855 5539 et
877 5497 1198 5548 esoruasse;
1227 5482 1474 5551 quocirca
1505 5483 1833 5537 versiculum

262 5572 274 5609 ι
317 5574 401 5611 om
437 5577 451 5611 :

260 5572 401 5611 Iliun]
437 5577 451 5611 Ζ

379 5651 508 5701 Dum
527 5650 679 5712 pallas
696 5650 904 5712 c0perit,
919 5649 1057 5709 signa
1077 5645 1296 5710 gerendo
1321 5646 1497 5704 crucis,

264 5731 329 5784 ita
355 5732 681 5787 crediderim
726 5746 844 5785 esse
892 5730 1313 5800 intelligendum,
1349 5739 1405 5783 ut
1452 5728 1708 5796 pallarum
1742 5744 1839 5782 no-

265 5805 399 5859 mine
423 5819 490 5860 ea
519 5803 890 5873 signiﬁcentur
933 5799 1145 5870 palliolo
1175 5800 1366 5869 quibus
1399 5802 1716 5867 templorum
1748 5799 1838 5869 pti-

1918 3401 2023 3440 non
2065 3385 2129 3440 ad
2165 3384 2378 3455 pallium
2411 3381 2898 3456 archiepiscopale,
2933 3389 2990 3436 ut

1853 4531 1908 4590 1)

2043 3277 2179 3328 Dona
2198 3281 2408 3339 repente
2427 3274 2567 3325 dedit
2583 3274 2748 3324 divina
2770 3274 2986 3337 potentia
3009 3271 3246 3334 Christus,

3040 3383 3189 3445 putat
3229 3374 3409 3445 llrovv.
3441 3379 3498 3426 et

1917 3473 2036 3514 Cum
2082 3443 2306 3518 eo'alii,
2339 3453 2527 3509 referri
2579 3443 2936 3522 malequam
2999 3443 3063 3502 ad
3110 3447 3300 3522 pallam
3343 3443 3498 3522 illam

1919 3515 2481 3591 holosericam,quam
2533 3515 2910 3577 miraculorum
2961 3515 3499 3591 eﬂectricetit_Gre_g.

1917 3599 1984 3651 ab
2011 3599 2210 3651 advena
2257 3585 2485 3664 quodam
2539 3609 2598 3649 se
2645 3595 2914 3658 accepisse
2958 3598 3182 3646 testatur
3205 3629 3221 3654 ,
3257 3586 3347 3664 lib.
3382 3600 3397 3638 ι
3427 3585 3503 3664 de

1823 3708 1831 3736 _.
1877 3711 1882 3718 .
1917 3669 2095 3723 Gloria
2141 3654 2468 3737 martyrum,
2497 3680 2615 3732 cap.
2645 3665 2702 3737 6,
2727 3654 2828 3737 qua
2879 3665 3012 3737 palla
3043 3672 3255 3737 crucem
3289 3654 3504 3737 Domini

1829 3797 1839 3806 _
1919 3724 2301 3808 Hierosolymis
2341 3724 2630 3790 involutam
2685 3724 2849 3789 fuisse
2874 3724 2979 3808 ille
3008 3729 3351 3808 affirmabat.‘
3380 3724 3506 3780 Haec

1921 3801 2186 3880 profecto:
2216 3823 2335 3876 quae
2366 3817 2441 3880 tot
2470 3809 2734 3880 claruerat
2753 3804 3029 3880 prodigiis,
3057 3801 3359 3880 dignaeﬁrat
3385 3810 3505 3862 quae

1920 3866 2023 3948 piis
2049 3866 2292 3946 Gregorii
2316 3879 2453 3930 votis
2483 3878 2533 3929 in
2561 3866 2803 3948 ornando
2829 3866 3059 3948 oratorio
3087 3866 3498 3948 apitd__'l‘urones_

1919 3939 1972 4006 in
2007 3939 2263 4005 honorem
2294 3959 2494 4000 sanctas
2523 3946 2698 4000 crucis
2728 3944 3100 4011 responderet,
3125 3947 3178 4011 et
3201 3939 3287 3991 illa
3319 3943 3502 3989 essent

1919 4023 2056 4076 dona
2090 4035 2206 4090 quae
2236 4019 2379 4072 daret
2403 4018 2574 4071 divina
2601 4009 2833 4090 potentia
2850 4012 3102 4090 Christus.
3139 4009 3280 4088 Sane
3300 4018 3506 4090 _versus

1921 4094 2008 4160 qui
2043 4077 2439 4158 coiisequuutur
2467 4077 2710 4142 eamdem
2747 4102 2862 4141 rem
2888 4084 3209 4141 conlirmare
3231 4077 3506 4142 videntur,

1923 4163 2119 4234 quibus
2148 4164 2222 4215 ait
2251 4161 2574 4216 Fortunatus
2601 4177 2612 4211 :

2047 4274 2127 4324 Sic
2150 4276 2248 4323 cito
2268 4273 2476 4335 pontifici
2501 4270 2636 4320 dedit
2658 4271 2831 4335 devota
2854 4268 3092 4335 voluntas.

2108 4329 2450 4398 Atqueidicata
2475 4335 2628 4398 cruci,
2651 4333 2840 4398 condita
2865 4329 2972 4380 vela
3001 4329 3191 4398 placent

2053 4391 2202 4448 Unde'
2216 4397 2465 4446 salutifero
2488 4391 2628 4456 signo
2650 4393 2910 4456 tibi,clare
2930 4391 3175 4456 sacerdos,

2110 4462 2212 4510 Hoc
2232 4461 2308 4508 cui
2329 4451 2636 4520 complacuit,
2658 4455 2869 4504 reddere
2888 4466 3063 4515 magna
3085 4451 3228 4502 valet.

2001 4589 2130 4656 Qum
2168 4602 2296 4640 sane
2339 4584 2605 4654 quomodo
2632 4591 2752 4656 apte
2797 4583 2860 4635 ad
2894 4581 3107 4656 pallium
3142 4578 3506 4656 archiepisco_-_

1931 4648 2050 4725 pale
2072 4659 2259 4713 referri
2283 4648 2757 4710 etfaccommodari
2786 4648 2990 4725 possunt
3020 4666 3124 4725 non
3160 4650 3338 4725 video.
3368 4648 3509 4725 Nihil

1931 4719 2107 4783 autem
2159 4728 2498 4783 verisimilius
2543 4739 2702 4794 quam
2751 4734 2805 4776 ut
2856 4722 2972 4776 lucc
3021 4721 3323 4794 holoserica
3370 4719 3511 4787 palla

1933 4800 2207 4854 textilibus
2235 4798 2484 4851 crucibus
2529 4793 2626 4863 pro
2673 4809 2738 4848 eo
2780 4794 2862 4848 cui
2898 4793 3211 4848 inservierat
3237 4805 3337 4844 usu
3368 4796 3513 4843 esset

1934 4871 2094 4938 picta,
2119 4880 2276 4936 atque
2327 4868 2596 4930 distincta,
2629 4881 2811 4938 eaeque
2839 4879 3028 4918 cruces
3057 4873 3123 4938 et
3150 4876 3417 4938 purpureo
3435 4865 3513 4938 _et

1933 4929 2158 4995 candido
2192 4929 2374 4993 colore
2401 4945 2582 4991 essent
2609 4929 2899 5005 permistce,
2932 4935 3074 5004 quod
3098 4929 3332 4989 indicare
3362 4929 3508 4985 vidc-

1934 5022 2019 5066 tur
2046 5026 2277 5081 sequens
2306 5023 2490 5064 versus
2515 5027 2526 5061 :

2054 5124 2221 5175 Serica
2244 5136 2353 5186 quae
2378 5123 2536 5173 niveis
2557 5130 2672 5171 sunt
2695 5131 2878 5182 agnava
2896 5119 3078 5170 blatlea
3102 5117 3233 5168 telis.

2009 5230 2118 5284 Etsi
2175 5228 2260 5282 hic
2310 5241 2496 5280 versus
2543 5226 2898 5295 peroliscurus
2946 5223 3135 5284 evadat
3182 5221 3412 5295 maxime
3442 5232 3510 5271 ex

1936 5299 2267 5370 ignoratione
2293 5291 2774 5368 germaiii'sensus,
2805 5298 2892 5364 qui
2925 5297 3105 5350 subest
3136 5291 3250 5346 voci
3281 5304 3508 5370 ag‘uava.

1935 5360 2064 5424 Nam
2091 5371 2229 5440 quod
2261 5360 2543 5423 Browcrus
2561 5377 2746 5422 censet
2767 5360 2949 5422 vocem
2979 5379 3177 5434 oguava
3205 5360 3509 5440 proGrteca

1937 5432 2132 5516 ἄγγαφέι
2164 5440 2425 5516 usurpari,
2471 5455 2592 5516 non.
2629 5441 2813 5516 probo.
2861 5432 3096 5516 Cum—et
3151 5448 3255 5486 vox
3305 5432 3512 5516 istluec3

1939 5502 2110 5581 palatii
2153 5502 2335 5565 Graic'a
2361 5551 2375 5575 ,
2409 5502 2438 5564 a
2482 5502 2683 5564 Latinis
2716 5507 3134 5581 (quodquidem
3182 5518 3282 5581 ego
3324 5502 3513 5581 sciam)

1940 5573 2034 5637 usu
2069 5584 2185 5636 trita
2231 5597 2332 5635 non
2363 5573 2454 5644 sit,
2485 5591 2538 5634 et
2585 5573 2774 5634 sensus
2815 5577 2905 5646 qui
2940 5573 3126 5630 eidem
3174 5573 3360 5629 subest
3390 5573 3514 5626 huic

1940 5655 2056 5708 loco
2083 5654 2298 5707 niinime
2322 5651 2655 5720 respondeat.
2676 5648 2904 5722 ’Ἀγνᾳφρι
2928 5647 3073 5722 enim
3105 5647 3242 5722 idem
3273 5650 3430 5700 sonat
3455 5657 3516 5722 ac

1940 5727 2144 5778 minime
2168 5735 2389 5794 purgato
2413 5715 2447 5776 a
2475 5723 2686 5794 fullone.
2739 5715 2944 5794 Mallem
2985 5720 3172 5794 itaque
3205 5720 3383 5787 legere
3411 5715 3520 5768 ad-

1941 5797 2070 5859 ditu,
2101 5791 2198 5850 nisi
2233 5791 2447 5850 vererer
2475 5793 2592 5847 voci
2625 5791 2841 5845 nimiam
2871 5792 2976 5845 vim
3011 5791 3232 5846 inferre.
