4020 6346
512 303 583 373 δῦ
1215 310 1544 373 VENANTII
1583 313 1741 374 HON.
1778 314 1990 373 CLEM.
2034 306 2431 373 FORTUNATI
2468 311 2754 373 OPERUM
2793 310 2971 370 PARS
3008 310 3053 367 1.

2106 444 2158 503 Α
2184 425 2428 483 Pessima
2460 440 2614 483 mens
2635 423 2933 492 hominum,
2956 421 3057 478 diri
3084 435 3219 479 nova
3248 420 3418 479 boetia
3447 422 3695 491 monstri,

862 428 967 485 Pro
994 430 1140 502 Rege
1168 432 1305 487 colla
1335 430 1586 488 tradidit:

864 523 1218 580 Dilectionem
1250 524 1505 595 pectoris,

868 613 1096 671 Cervire
1122 629 1280 677 caesa,
1311 612 1560 679 prodidit.

930 705 1147 776 Magnus
1176 702 1449 768 sacerdos,
1483 702 1569 771 qui
1593 700 1754 760 dabat

860 794 1063 865 Templi
1092 802 1297 849 sacrata
1329 808 1573 849 munera.

857 886 996 944 Fuso
1021 889 1177 942 beato
1202 888 1486 957 sanguine,

859 980 954 1034 Est
981 976 1154 1034 factus
1180 980 1294 1049 ipse
1322 981 1557 1035 victima.

922 1068 1071 1126 Felix
1103 1071 1193 1142 pio
1221 1070 1289 1127 de
1319 1072 1566 1140 vulnere,

844 1163 973 1231 Quae
1001 1177 1157 1233 pinna
1190 1162 1420 1234 palmam
1452 1158 1710 1233 praebuit!

836 1255 956 1326 Qui
983 1268 1157 1311 morie
1187 1265 1411 1310 mortem
1434 1253 1691 1322 conteris,

844 1344 995 1401 Nunc
1027 1361 1186 1417 regna
1211 1347 1337 1402 culi
1362 1344 1629 1413 possides.

916 1437 1098 1493 Gloria
1131 1439 1201 1492 sit
1230 1436 1341 1492 Deo
1364 1434 1530 1504 Patri,

850 1526 1030 1586 Gloria
1061 1526 1368 1602 Unigenito,

850 1621 965 1678 Una
994 1636 1114 1676 cum
1146 1635 1330 1677 sancto
1353 1620 1578 1691 Spiritu,

849 1713 906 1769 in
934 1709 1265 1784 sempiterna
1297 1712 1515 1767 saecula.

1095 1800 1322 1858 CAPUT
1377 1802 1468 1858 XI.

939 1872 1018 1928 De
1052 1875 1242 1928 domno
1265 1875 1552 1929 Saturnino
1573 1878 1624 1930 ι.

507 1965 714 2025 lSancti
734 1966 1029 2033 Saturnini,
1055 1968 1209 2036 primi
1234 1962 1443 2022 Tolosae
1474 1966 1736 2036 episcopi,
1764 1963 2078 2037 martyrium

836 2077 900 2119 ac
928 2062 1175 2118 virtutem
1202 2062 1430 2132 sepulcri
1459 2058 1761 2133 describit.]

502 2154 673 2212 Janua
701 2154 844 2211 celsa
874 2155 1004 2225 puli,
1037 2165 1179 2212 terra
1209 2156 1474 2224 pulsante,
1505 2152 1748 2225 patescit,

568 2245 635 2300 Et
662 2244 850 2314 recipit
879 2256 1056 2311 natos,
1090 2259 1227 2316 quos
1253 2247 1531 2315 generavit
1557 2244 1771 2299 humus.

492 2340 817 2397 Admiranda
848 2338 872 2378 ιι
906 2342 1020 2395 ιιωο
1049 2346 1135 2395 est
1159 2342 1371 2395 occasio
1399 2338 1536 2394 facta
1567 2339 1777 2403 salutis,

566 2431 639 2489 Ut
659 2433 728 2487 de
750 2440 926 2487 morte
958 2444 1055 2487 sua
1086 2434 1302 2502 praemia
1332 2431 1470 2486 lucis
1499 2440 1699 2486 emant.

497 2528 811 2585 5atut'ninus
830 2528 971 2582 enim
996 2523 1219 2596 cupiens
1248 2536 1309 2582 se
1336 2530 1551 2580 nectere
1579 2522 1812 2589 Christo,

564 2618 782 2676 Carnali
810 2618 862 2673 in
894 2618 1078 2674 habitu
1104 2614 1275 2673 noluit
1306 2630 1427 2673 esse
1450 2610 1545 2671 diu

498 2712 717 2770 Vincula
742 2714 983 2784 corporei
1004 2709 1307 2767 dissolvere
1325 2702 1846 2783 [dissolvljcarceris
1867 2715 2081 2777 optans,

566 2803 781 2860 Plenius
803 2816 862 2859 ut
891 2804 1117 2857 Domino
1140 2814 1197 2858 se
1218 2799 1448 2859 sociaret
1480 2800 1662 2857 homo.

496 2894 764 2967 Tempore
792 2907 1003 2952 maturo
1029 2906 1149 2952 cum
1176 2894 1286 2966 jam
1312 2908 1435 2966 spes
1458 2903 1603 2950 e~set
1632 2886 1836 2959 adulta,

569 2988 925 3057 Sumpseruut
952 2989 1178 3058 pretium
1204 2993 1324 3041 vota
1359 2988 1511 3041 beata
1541 2998 1716 3040 suum.

503 3077 746 3149 Dumque
775 3080 1078 3135 sacerdotio
1108 3078 1376 3133 frueretur
1402 3078 1453 3130 in
1485 3074 1617 3132 urbe
1644 3075 1862 3144 Tolosa,

576 3172 642 3227 Et
672 3174 878 3241 populis
905 3171 1176 3228 Christum
1206 3168 1466 3240 panderet
1491 3180 1610 3223 esse
1640 3163 1832 3238 Deum,

502 3261 809 3318 Ostendens
841 3261 1039 3328 verbis,
1071 3259 1276 3315 addens
1300 3259 1555 3313 miracula
1583 3254 1761 3324 lactis,
1890 3334 1893 3338 ι

586 3353 655 3410 Ut
683 3353 825 3423 quod
855 3368 1034 3408 sermo
1055 3352 1227 3415 daret,
1257 3358 1677 3419 consequeretur
1702 3360 1858 3421 Opus.

509 3446 745 3503 Gentiles
770 3446 974 3500 animas
996 3442 1212 3513 rapiens
1237 3442 1305 3499 de
1327 3443 1477 3498 lauce
1505 3442 1739 3513 tyranni,

577 3537 854 3596 Subdehat
881 3538 1014 3608 regi,
1047 3538 1136 3615 qui
1164 3537 1311 3590 dedit
1334 3550 1483 3591 arma
1507 3535 1628 3589 sibi.

510 3630 620 3689 Sed
648 3630 828 3685 vitiata
859 3630 1039 3691 malis,
1062 3640 1118 3684 et
1148 3629 1296 3699 plebs
1325 3629 1526 3684 infecta
1550 3629 1794 3699 venenis,

577 3719 763 3779 Curari
790 3719 1067 3793 emigiens,
1095 3735 1233 3790 aegra
1262 3721 1442 3790 jacere
1475 3722 1680 3776 volens.

509 3810 861 3887 Cumprendit
889 3823 913 3853 ο
942 3814 1082 3872 male
1122 3828 1249 3868 sana
1281 3814 1489 3878 virum;
1521 3811 1585 3868 ad
1627 3811 1873 3883 capitolia
1906 3811 2096 3884 duxit,

577 3907 751 3977 Atque
778 3920 878 3961 suo
908 3905 1117 3961 medico
1150 3908 1367 3960 vulnera
1400 3904 1547 3974 plura
1570 3903 1741 3959 dedit.

450 3976 455 3985 ’
507 3995 612 4053 Pro
639 3976 836 4065 pietate
867 3990 893 4031 ά
919 3995 1122 4061 dolum,
1156 4011 1254 4063 pro
1284 3996 1445 4050 melle
1468 4011 1670 4050 venena
1696 3993 2022 4064 rependens,

582 4083 779 4139 Contra
810 4094 1043 4139 tutorem
1074 4084 1230 4139 noxia
1261 4084 1397 4139 bella
1430 4098 1627 4140 movet.

509 4173 752 4244 Subligat
781 4183 804 4212 θ
829 4174 1072 4229 indomiti
1100 4182 1340 4229 sanctum
1366 4184 1421 4230 et
1454 4174 1474 4212 ί
1504 4176 1726 4246 vestigia
1756 4177 1928 4246 tauri,

588 4268 655 4323 Et
680 4267 949 4336 stimulat,
982 4269 1136 4323 tieret
1155 4282 1225 4323 ne
1252 4266 1373 4337 luga
1404 4268 1554 4322 tarda
1578 4269 1675 4324 feri

589 4403 617 4433 ⁸
646 4400 878 4457 Sanctus
906 4398 1227 4457 Saturninus
1253 4416 1282 4456 a
1315 4401 1476 4469 Greg.
1502 4403 1825 4469 Turonensi,
1858 4404 1895 4461 Ι.
1921 4404 2101 4465 tHist.

516 4471 735 4544 Franc.,
765 4488 884 4544 cap.
908 4471 1000 4535 28.
1034 4474 1308 4527 institutus
1329 4475 1524 4528 dicitur
1552 4476 1759 4530 Tolosa:
1787 4476 2095 4544 episcopus,

514 4526 676 4599 Decio
702 4526 756 4597 et
780 4526 1158 4609 desim.
1193 4526 1261 4599 id
1290 4526 1582 4611 .a,‘.i....;
1606 4526 2095 4613 ascendisse:
2128 4526 2200 4603 Π.

512 4623 568 4688 et
590 4614 659 4668 cl.
694 4613 937 4688 Ruinart.
970 4616 1224 4688 suﬂrngto
1253 4632 1353 4671 suo
1393 4618 1695 4680 conﬁrmat,
1730 4619 1888 4688 idque
1916 4632 1981 4673 ex
2014 4620 2099 4688 ipa

516 4686 741 4755 siustnet
769 4685 1036 4740 Saun'nim
1063 4686 1231 4755 Actis,
1255 4703 1374 4755 quae
1403 4703 1610 4742 sint-era
1638 4685 1928 4745 existimat.
1956 4685 2100 4746 Idem

517 4752 938 4831 Greg._'l‘urun.,
975 4757 1065 4812 ιιι).
1091 4774 1106 4812 l
1128 4752 1413 4831 ﬁdeli-loris
1441 4768 1688 4831 martyr.,
1714 4774 1834 4831 cap.
1860 4760 1950 4826 48,
1982 4778 2011 4816 a
2043 4776 2102 4817 se

517 4826 637 4896 ipso
676 4826 1017 4904 discordans,
1058 4830 1217 4904 relert
1259 4847 1300 4904 τ’Δ
1326 4826 1679 4885 Saturninum
1714 4826 1990 4904 mtirtyrrm
2039 4833 2105 4886 ιο

514 4906 695 4964 aposto
720 4915 865 4952 orum
895 4900 1158 4969 discipulis
1188 4900 1477 4955 ordinatum
1505 4904 1557 4955 in
1585 4904 1759 4957 urbem
1790 4900 2103 4958 Tolosatium

520 4969 677 5040 fuisse
720 4970 998 5042 directum,
1034 4972 1086 5025 in
1115 4987 1221 5040 quo
1270 4979 1446 5027 tamen
1500 4973 1643 5042 vulgi
1691 4975 1996 5040 Opinionem
2044 4987 2104 5032 se

518 5039 669 5115 aequi
713 5039 841 5095 satis
873 5045 1101 5109 produnt
1136 5039 1202 5096 ea
1234 5042 1402 5111 ipsius
1425 5039 1740 5115 verba‘quae
1783 5045 2054 5102 interserit
2085 5058 2102 5099 ε

515 5118 570 5168 tit
594 5118 777 5168 fertur.

647 5180 794 5238 Unus
821 5181 955 5237 Cod.
980 5180 1125 5248 Vat.,
1152 5183 1497 5239 admiranda.

594 5262 620 5328 ε
651 5248 800 5328 Unus
825 5250 1131 5328 Cod.__V..t.,
1151 5255 1549 5328 comprehendit.

574 5319 629 5395 ﬁ,
650 5324 704 5379 In
737 5320 868 5380 Ven.
903 5322 1039 5377 ledit.
1074 5319 1192 5393 post
1223 5327 1360 5379 hunc
1389 5340 1602 5381 versum
1633 5342 1724 5392 pro
1756 5327 1962 5395 pietate,
1996 5334 2100 5383 etc.

522 5393 894 5451 desiderantur
918 5405 1146 5464 quatuor
1169 5411 1352 5450 versus
1373 5393 1777 5464 consequentes.

599 5472 623 5503 ο
655 5465 837 5541 Sancti
877 5462 1147 5541 Sitl‘tll'ltltli
1187 5471 1500 5541 martyrium
1548 5462 1617 5520 ita
1647 5468 1904 5541 describit
1934 5469 2101 5541 Greg.

527 5528 754 5609 Tutor...
787 5536 918 5590 tu...
948 5537 1015 5591 de
1055 5538 1232 5592 Glmia
1281 5528 1594 5607 ωῐηιγιιιιιη.
1626 5553 1677 5592 α.
1709 5541 1814 5593 ts:
1855 5540 1988 5609 Qui,
2021 5528 2105 5595 iii.

528 5604 735 5683 quiens,
783 5609 1008 5672 impulsu
1040 5625 1396 5683 paggnorurn,
1421 5604 1576 5683 'bovis
1609 5611 1817 5683 petulci
1859 5604 2107 5683 religatus

526 5677 744 5760 uestigiis
766 5745 777 5759 .
787 5692 879 5760 per
921 5680 1111 5760 gradus
1127 5677 1380 5751 Capitolii
1410 5677 2106 5760 prgcipitatus,_prmt_inteut

527 5744 689 5822 finivit
730 5744 885 5822 vitam
916 5744 1111 5822 :cupitis
1156 5744 1420 5822 compage
1446 5744 1695 5822 dispersa.
1742 5744 1871 5808 llinc
1913 5754 1993 5810 sic
2037 5755 2105 5810 de

528 5816 720 5874 eodem
745 5818 888 5873 canit
912 5816 1183 5887 Sidonius,
1217 5816 1308 5877 lib.
1336 5816 1409 5887 ix,
1438 5816 1535 5890 ep.
1554 5821 1639 5874 t6.

2113 3142 2162 3218 Β

3664 307 3758 368 itit

2252 520 2361 576 Nec
2388 520 2523 575 tauri
2551 518 2794 574 indomiti
2823 516 3026 573 sufﬁcit
3054 515 3131 571 ira
3164 516 3284 570 tibi.

2180 610 2395 666 Natura:
2421 611 2624 666 rabida:
2653 607 2921 665 feritatem
2943 606 3239 679 adjungere
3269 606 3442 672 nosti;

2251 705 2405 775 Quod
2440 720 2534 776 per
2560 719 2619 761 se
2645 704 2835 775 nescit,
2867 711 2923 760 te
2948 702 3279 768 stimulante,
3312 700 3439 757 furit
3463 708 3510 752 α.

2182 796 2358 853 Turba
2395 807 2640 863 cruenta,
2673 808 2897 863 nocens,
2923 794 3082 866 hujus
3109 802 3161 851 te
3190 794 3413 851 vulnere
3439 791 3619 864 perdis
3641 789 3695 861 ιι,

2254 888 2323 942 Et
2350 889 2396 942 si
2429 904 2534 942 non
2564 888 2664 955 illi,
2699 901 2920 957 parcere
2942 886 3092 942 disce
3119 887 3236 943 tibi.

2181 980 2282 1037 Hic
2315 979 2336 1021 ί
2370 981 2539 1050 ferus,
2569 982 2876 1052 impatiens,
2907 995 3033 1038 mox
3075 992 3239 1038 curva
3273 991 3368 1048 per
3407 992 3526 1033 avia
3560 984 3749 1047 raptus

2252 1074 2457 1129 Passim
2481 1075 2719 1129 membra
2747 1075 2818 1142 pii
2846 1073 3021 1130 fundit
3046 1073 3100 1128 in
3126 1070 3260 1128 urbe
3285 1069 3413 1126 viri.

2179 1165 2317 1222 Tum
2349 1167 2539 1221 mulier
2568 1165 2781 1235 collegit
2808 1180 2999 1233 ovans,
3024 1173 3080 1222 et
3105 1161 3347 1219 condidit
3373 1168 3551 1223 artus,

2254 1256 2380 1311 Sola
2415 1256 2430 1308 l
2469 1272 2576 1311 una
2607 1256 2802 1312 famula
2828 1250 3133 1328 [miracula]
3162 1253 3513 1326 participante
3536 1250 3661 1308 sibi.

2185 1346 2313 1403 Hac
2344 1346 2446 1403 fuit
2474 1348 2667 1419 insigni
2694 1349 2965 1419 rapienda:
2990 1362 3152 1404 eam
3176 1360 3412 1415 coronas,

2259 1440 2445 1497 Gloria
2477 1442 2716 1511 martyrii
2744 1444 2819 1497 sic
2847 1441 3116 1498 celebrata
3145 1438 3174 1478 ι
3196 1438 3351 1496 nitet.

2182 1535 2320 1591 Ante
2345 1535 2594 1604 sepulcra
2628 1536 2700 1603 pii
2728 1536 2927 1591 dantur
2956 1534 3116 1590 modo
3141 1533 3283 1588 dona
3310 1531 3519 1596 salutis,

2257 1628 2321 1682 Et
2351 1642 2545 1698 corpus
2570 1628 2806 1683 lacerum
2831 1641 3054 1698 corpora
3086 1627 3254 1681 multa
3284 1623 3455 1681 levet.

2182 1714 2300 1780 Dic,
2331 1718 2439 1784 ubi,
2469 1733 2615 1772 mors
2638 1718 2875 1784 inimica,
2904 1717 3089 1789 jacesl
3119 1716 3205 1772 ubi
3234 1719 3375 1770 victa
3405 1709 3698 1779 recumbis,

2103 1790 2154 1854 Β
2248 1808 2472 1875 Quando
2502 1806 2650 1863 vides
2676 1809 2844 1866 sancti
2876 1808 3064 1865 funere
3088 1820 3210 1864 vota
3243 1806 3398 1863 dari?

2177 1899 2348 1968 Quem
2383 1897 2401 1940 ι
2436 1901 2573 1955 male
2604 1903 2861 1957 credebas
2886 1903 3032 1957 obitu
3065 1901 3219 1956 linire
3245 1902 3495 1965 salutem,

2250 1989 2347 2045 Dat
2376 1991 2539 2045 vitam
2568 1994 2771 2059 multis,
2797 2004 2851 2048 et
2882 2002 3028 2048 tenet
3056 1993 3172 2061 ipse
3203 2005 3377 2046 suam.

2182 2082 2297 2139 Huc
2315 2091 2354 2119 ω
2378 2083 2586 2151 captiva
2612 2084 2800 2153 cubas,
2831 2100 2949 2154 qua:
2983 2095 3035 2140 te
3058 2090 3286 2154 regnare
3312 2082 3553 2154 putabu,

2255 2176 2563 2230 Invadendo
2596 2179 2761 2245 peris.
2792 2186 2952 2245 teque
2981 2174 3210 2230 furendo
3239 2189 3422 2229 necas.

2181 2266 2260 2323 Te
2292 2278 2377 2321 tua
2413 2282 2567 2337 pteua
2593 2269 2808 2336 premit,
2832 2279 2921 2322 tua
2944 2278 2997 2324 te
3020 2268 3134 2323 fera
3161 2269 3369 2323 vincula
3401 2275 3672 2335 torquent,

2253 2363 2396 2429 Quos
2422 2362 2549 2416 dare
2576 2362 2653 2416 vis
2682 2361 2933 2433 gemitus,
2964 2363 3075 2432 ipsa
3104 2361 3328 2416 ferendo
3354 2360 3552 2431 gemis.

2184 2452 2386 2523 Martyr
2414 2468 2580 2508 ovans
2607 2458 2772 2511 caelos
2801 2456 3017 2521 retinet,
3047 2462 3102 2509 tu
3131 2453 3314 2521 livida,
3344 2454 3528 2522 tristis,

2257 2544 2420 2608 Mors,
2446 2544 2662 2599 inimica
2690 2545 2785 2600 tibi
2818 2544 3039 2600 Tartara
3071 2546 3220 2616 nigra
3250 2546 3405 2600 colis.

2190 2633 2467 2705 Florigera
2492 2650 2633 2690 nunc
2662 2636 2789 2691 sede
2817 2646 2999 2692 manet
3028 2637 3146 2691 sine
3178 2636 3283 2693 line
3310 2637 3515 2700 beatus,

2256 2726 2401 2783 Inter
2444 2728 2694 2784 odoratos
2725 2736 2753 2763 ιι
2780 2728 2937 2785 thure
2982 2727 3192 2784 calente
3234 2725 3430 2782 rthura
3469 2721 3780 2797 adoletque]

3464 2815 3702 2889 [churos.

2192 2912 2308 2969 Non
2339 2912 2546 2982 aliquas
2575 2911 2766 2966 metuit
2792 2909 2997 2980 placato
3017 2909 3198 2981 judice
3223 2923 3431 2974 causas,

2264 3006 2489 3060 Praemia
2518 3003 2613 3059 sed
2646 3003 2800 3057 miles
2826 3004 2992 3057 victur
3022 3001 3265 3057 habenda
3299 2999 3453 3071 petit.

2196 3101 2363 3172 Digna
2389 3099 2836 3168 triumphantem,
2860 3114 2975 3168 qua:
3005 3107 3170 3153 restat
3201 3097 3396 3167 palma,
3426 3101 3699 3165 sequetur,

2265 3193 2366 3251 Pro
2395 3202 2470 3261 te,
2497 3192 2731 3260 Christe,
2765 3191 2905 3248 mori
2931 3204 3013 3247 est
3040 3191 3230 3262 gloria,
3266 3191 3396 3261 vita,
3421 3189 3593 3260 quies.

2794 3304 3022 3362 CAPUT
3063 3305 3157 3362 XII

2195 3419 2273 3475 De
2322 3417 2632 3473 Launebode
2699 3418 2788 3473 cui
2834 3419 3107 3542 tegimenti
3163 3417 3403 3487 tetttplttm
3459 3415 3623 3472 sancti
3676 3414 3781 3471 Sa-

2907 3506 3099 3542 urntnt.

2907 3506 3099 3544 urntnt.

2198 3576 2467 3656 [Studium
2516 3594 2672 3636 suum
2719 3596 2772 3636 in
2825 3580 3083 3656 ornandis
3131 3594 3195 3636 ac
3238 3576 3571 3656 celebrandis
3615 3581 3782 3656 gestis

2265 3664 2575 3709 sanctorum
2628 3662 2921 3724 martyrum
2966 3653 3246 3724 declarat,
3275 3650 3452 3724 Sancti
3502 3642 3783 3724 Saufrmni

2268 3725 2581 3795 martyrium
2637 3714 2911 3778 describit.
2965 3720 3364 3786 Lauttcbudcm,
3415 3722 3636 3795 ducem,
3691 3714 3783 3788 qui

2270 3793 2545 3850 basilicam
2577 3797 2629 3849 in
2658 3796 2900 3863 ejusdem
2936 3795 3266 3857 memoriam,
3293 3808 3398 3862 quo
3429 3797 3544 3847 loco
3571 3793 3785 3849 vinctus

2270 3880 2300 3921 a
2333 3864 2579 3920 Barbaris
2609 3863 2801 3932 luerat,
2832 3874 3188 3926 exstruxerat,
3225 3879 3321 3919 nec
3356 3880 3458 3918 non
3496 3865 3613 3932 ejus
3644 3878 3784 3917 uxo-

2275 3948 2387 3993 rem
2443 3933 2852 4004 Berethrudem,
2883 3938 3250 4003 commendat,
3279 3951 3396 4003 qua:
3443 3935 3494 3988 in
3538 3934 3784 3988 eamdem

2270 4007 2544 4064 basilicam
2574 4006 2807 4062 liberalis
2834 4012 3130 4062 exstiterat.
3153 4007 3621 4076 Cauterasquuque
3653 4004 3786 4074 piis-

2277 4078 2426 4133 slmaa
2457 4076 2692 4133 mulieris
2720 4082 2943 4133 virtutes
2968 4073 3402 4148 commemorat.]
3428 4073 3474 4135 ἰ

2200 4168 2473 4227 Laudibus
2507 4169 2751 4226 humanis
2777 4170 3102 4241 reliquorum
3135 4171 3300 4226 corda
3329 4169 3615 4234 resultent,

2276 4264 2347 4320 At
2374 4261 2504 4319 mihi
2543 4262 2613 4318 de
2638 4262 2794 4333 justis
2823 4276 3246 4320 commemorare
3273 4270 3426 4318 vacet
3456 4261 3500 4316 '.

2388 4398 2427 4448 Ε
2451 4399 2628 4460 quibus
2649 4412 2693 4461 pt
2706 4399 2856 4449 imum
2873 4400 2994 4451 mihi
3022 4399 3194 4462 psallat
3219 4400 3441 4462 hymnus,

2331 4461 2425 4524 Qui
2449 4462 2722 4524 Tolosatem
2748 4469 2908 4511 tenuit
2925 4466 3227 4524 cathedram,

2326 4518 2406 4574 De
2428 4522 2580 4586 gradu
2597 4537 2784 4586 summo
2809 4523 3149 4586 Capitoliorum

2642 4585 3020 4648 i’rmcipitatum.

2390 4646 2547 4707 Quem
2567 4644 2851 4711 negatorem
2879 4649 3010 4697 .luvis
3033 4660 3087 4696 ac
3113 4644 3376 4711 Minerva;

2330 4707 2389 4759 Et
2414 4714 2574 4759 crucis
2600 4707 2776 4760 Chridl
2804 4711 2925 4758 bona
2950 4712 3262 4759 conlltentem

2326 4772 2501 4824 Viusit
2516 4773 2574 4819 ad
2599 4778 2719 4819 tauri
2743 4769 2868 4819 latus
2894 4785 2937 4817 .n
2958 4773 3089 4827 ιιμειί

2638 4832 2787 4881 Plebs
2809 4833 3082 4881 furibunda.

2394 4893 2459 4944 Ut
2485 4905 2573 4956 per
2598 4896 2854 4952 abruptum
2880 4896 3004 4942 bove
3024 4895 3262 4943 concitato

2327 4950 2597 5017 Sparg'trret
2625 4950 2795 5005 cumis
2816 4956 3031 5004 lacerum
3053 4958 3281 5017 cadaver,

2333 5017 2563 5068 Cautibus
2585 5019 2750 5066 tinctis
2773 5018 2925 5067 calida
2948 5017 3096 5070 soluti

2641 5080 2787 5129 l’ulte.
2800 5081 3018 5132 cerebri.

2283 5190 2303 5230 ί
2340 5191 2477 5248 Edit.
2509 5191 2706 5261 Paris.,
2734 5193 2819 5247 ad.

2280 5272 2307 5331 tl
2342 5264 2396 5317 In
2425 5280 2533 5317 uno
2559 5264 2691 5318 Cod.
2723 5265 2862 5324 Vat.,
2895 5272 2942 5317 te
2970 5264 3258 5317 stimulante
3287 5262 3431 5331 facit.

2280 5330 2309 5404 lt
2339 5336 2478 5388 Edit.
2514 5336 2705 5397 Paris,
2734 5337 2940 5404 prodis;
2970 5337 3020 5385 in
3053 5348 3243 5404 marg.,
3280 5330 3467 5404 ρεγαρδ,

2287 5402 2303 5441 ί
2340 5407 2393 5458 In
2425 5406 2591 5457 Codd.
2623 5396 2760 5470 \‘atl,
2788 5405 2903 5459 hinc
2926 5396 3089 5472 ferus.
3118 5396 3246 5458 Ιιεῖιιι
3280 5396 3419 5459 Edit.
3451 5396 3581 5458 Ven.

2287 5478 2301 5546 _l
2345 5476 2458 5528 Duo
2484 5475 2615 5529 God.
2646 5475 2784 5535 Van,
2817 5492 2915 5527 mm
2940 5478 3028 5526 sed
3061 5475 3274 5546 firmata.

2283 5543 2308 5582 κ
2345 5547 2484 5599 Edit.
2524 5547 2715 5607 l‘aris.,
2744 5543 3071 5602 celebranda.

2286 5616 2305 5654 ι
2342 5616 2483 5670 Edit.
2521 5615 2715 5680 l’aris.,
2741 5631 2873 5683 quur.

2282 5696 2320 5724 ιιι
2352 5687 2406 5741 In
2433 5700 2560 5749 uno,
2585 5686 2668 5738 hic
2694 5686 2911 5756 captiva.

2282 5764 2311 5794 ἰ
2347 5758 2488 5829 Egdit.
2516 5758 2710 5829 Parim,
2741 5759 3015 5829 adorator;
3044 5760 3098 5813 in
3126 5772 3319 5829 marg,
3345 5758 3606 5811 odoratos.

2291 5836 2316 5864 θ
2364 5827 2503 5883 Edit.
2534 5827 2726 5893 Paris.,
2760 5828 2893 5883 licet.
