4020 6346
235 412 302 470 .Ol
1376 383 1876 448 IISCELLANEA.
1918 410 1988 424 —
2027 381 2158 438 LIB.
2197 383 2266 442 ll.

1785 503 1838 565 Α

239 528 324 581 iam
350 517 554 591 ptetatis
580 527 737 586 opus,
761 511 994 568 victores
1015 515 1200 565 texere
1225 505 1397 571 libris,

277 615 518 672 Admonet
547 604 837 677 ingenium,
867 618 954 657 res
1002 601 1212 656 ratione
1237 597 1451 667 duplex.

230 706 315 764 dna
339 702 467 770 quod
497 707 582 755 est
610 697 802 752 habilis
833 701 883 760 ι,
911 693 981 750 de
1001 692 1206 761 magnis
1236 703 1422 758 magna
1446 688 1618 754 fateri,

280 797 391 852 Nam
422 795 556 849 bona
585 790 676 862 qui
704 791 913 857 reticet,
943 786 1188 842 criminis
1213 793 1398 838 auctor
1417 783 1540 838 erit.

229 887 372 942 Altera
394 898 551 938 causa
612 891 812 946 monet,
849 877 1097 947 quoniam
1148 887 1429 929 successus
1476 871 1504 911 δ
1535 881 1763 935 amatur,

284 979 336 1034 Et
363 972 576 1031 meliora
608 971 774 1038 cupit,
803 969 889 1041 qui
921 981 1016 1024 sua
1047 966 1187 1021 facta
1234 965 1378 1034 legit.

229 1070 512 1127 Saturninus
544 1065 687 1120 enim
721 1071 925 1132 martyr
949 1057 1271 1114 venerabilis
1298 1054 1444 1120 orbi;

282 1163 370 1216 Nec
391 1161 516 1214 latet
538 1146 741 1228 egregii
762 1155 930 1225 palma
960 1151 1114 1206 beata
1151 1150 1272 1203 viri.

126 1266 130 1270 '
227 1257 438 1324 Quicum
467 1252 704 1308 Romana
734 1255 1069 1320 preparasset
1091 1243 1157 1298 ah
1181 1243 1312 1297 urbe
1333 1239 1585 1294 Tolosam
1605 1277 1620 1303 9

284 1347 338 1401 El
361 1347 442 1416 pia
475 1340 778 1398 Christicoli
800 1339 1004 1395 semina
1043 1336 1204 1391 ferret
1228 1333 1338 1402 agri
1370 1346 1415 1398 ο,

227 1439 348 1496 Tunc
370 1450 568 1492 vesana
597 1436 810 1499 cohors,
842 1429 1051 1485 Domini
1082 1423 1489 1496 comprehendit
1514 1434 1763 1482 amtcum,

279 1529 600 1599 instituitque
631 1525 702 1596 pii
733 1524 969 1579 membra
1004 1518 1224 1574 terenda
1254 1516 1417 1581 trahi,

229 1623 485 1694 implicitus
517 1617 658 1674 tauri
690 1615 824 1688 pede
852 1612 1149 1685 pOSteriore
1180 1607 1452 1680 pependit,

281 1720 482 1774 Tractus
510 1717 570 1773 in
598 1713 871 1782 obliquum
901 1709 1220 1764 dilaceratus
1247 1701 1380 1758 obit.

227 1813 313 1868 liae
337 1825 428 1880 ope
451 1808 525 1864 de
553 1805 714 1862 terris
743 1803 972 1858 animam
1003 1797 1300 1854 transmisit
1337 1794 1592 1864 Olympo;

281 1904 316 1958 Ο
340 1903 456 1958 felix
481 1900 644 1970 cujus
674 1897 860 1952 funere
891 1908 1039 1950 mors
1066 1893 1310 1947 moritur.

226 1994 305 2051 Sed
328 1995 463 2049 locus
491 1992 584 2047 ille
609 1988 848 2060 quidem,
881 1999 989 2057 quo
1033 1992 1252 2039 sanctus
1278 1980 1489 2036 vincula
1516 1975 1763 2046 sumpsit.

277 2086 460 2141 Nullius
490 2083 684 2152 templi
709 2081 872 2136 fultos
899 2082 1101 2133 honore
1131 2075 1246 2130 fuit.

226 2177 537 2233 Launebodes
567 2175 710 2232 enim
741 2181 859 2244 post
885 2171 1078 2226 saecula
1107 2169 1282 2237 longa,
1305 2165 1556 2219 ducatum

282 2271 398 2326 Dom
416 2270 579 2341 gerit,
602 2266 852 2322 instruxit
878 2261 1112 2318 eulmina
1151 2269 1332 2315 sancta
1364 2257 1486 2310 loci.

225 2363 346 2433 Quod
371 2363 548 2417 nullus
574 2361 798 2416 veniens
828 2359 1065 2413 Romana
1095 2361 1253 2422 gente
1283 2349 1517 2413 fabrivit,

284 2457 376 2511 Hoc
399 2457 475 2510 vir
502 2451 784 2509 barbarica
810 2448 837 2487 ἀ
859 2450 1007 2515 prole
1040 2445 1244 2515 peregit
1269 2456 1425 2513 opus.

225 2548 422 2619 Conjuge
446 2562 575 2603 cum
607 2544 819 2616 propria
849 2538 1179 2596 Beretltrude
1203 2547 1250 2603 ο,
1274 2538 1415 2589 clara
1445 2532 1660 2596 decore,

279 2642 480 2696 Pectore
513 2653 639 2707 qua:
679 2637 872 2692 blando
901 2635 1097 2689 clarior
1134 2632 1247 2700 ipsa
1277 2629 1429 2682 nitet.

225 2733 297 2789 Cui
322 2749 476 2803 genus
513 2731 794 2801 egregium
823 2725 988 2796 fulget
1017 2725 1084 2779 de
1114 2723 1282 2792 stirpe
1306 2725 1598 2788 parentum,

279 2826 474 2882 Addidit
505 2835 760 2881 ornatum
789 2824 894 2888 vir,
931 2817 1233 2873 venerando
1265 2814 1448 2869 Deum.

228 2913 328 2984 Qua:
355 2915 603 2970 manibus
626 2909 1131 2982 propriis-alimonia
1161 2907 1318 2974 digna
1343 2901 1627 2962 ministrat,

277 3009 596 3077 Pauperibus
628 3005 870 3060 tribuens
916 3017 975 3056 se
1005 3003 1206 3054 satiare
1235 2997 1398 3066 cupit.

223 3093 460 3156 .ndefessi
482 3101 501 3141 ί
541 3115 694 3167 spem
724 3093 930 3170 [fidem]
958 3094 1154 3150 Christi
1187 3106 1281 3159 per
1304 3087 1498 3158 templa
1524 3081 1766 3155 requirit,

273 3193 452 3266 Jugitet'
479 3204 782 3252 excurrens
811 3190 876 3243 ad
907 3187 1118 3258 pietatis
1146 3198 1300 3252 opus.

224 3285 366 3345 Nudos
389 3302 542 3346 veste
577 3287 728 3358 tegit,
761 3286 958 3340 sitienti
995 3283 1180 3352 pocula
1213 3278 1433 3349 profert,

275 3384 331 3439 Se
354 3386 517 3453 magis
554 3394 760 3437 aeterno
791 3379 986 3436 femina
1015 3376 1164 3432 fonte
1191 3375 1380 3444 replet.

224 3471 402 3529 Prolicit
429 3477 536 3530 hoc
571 3473 758 3537 etiam,
787 3467 1041 3542 quidquid
1066 3468 1203 3537 gerit
1235 3467 1320 3519 illa
1352 3463 1564 3529 marito,

275 3570 422 3621 Anxia
453 3582 566 3637 pro
592 3565 747 3633 cujus
777 3568 899 3617 vota
929 3561 1101 3615 salute
1137 3559 1284 3612 facit.

223 3650 310 3711 Dux
336 3657 538 3713 meritis
573 3657 627 3711 in
653 3663 811 3726 gente
839 3669 933 3708 sua
987 3651 1076 3721 qtti
1111 3651 1274 3717 pollet
1301 3645 1520 3715 Opimia,

271 3747 437 3802 Celsus
467 3747 675 3815 ubique
696 3785 712 3811 ,
745 3744 946 3799 micans
973 3741 1263 3797 nobilitatis
1291 3751 1411 3805 ope.

220 3835 302 3894 Sed
327 3841 571 3910 quamvis
596 3840 761 3892 altum
792 3844 968 3892 teneat
997 3833 1064 3888 de
1088 3834 1251 3901 Stirpe
1277 3841 1556 3886 cacumen.

271 3931 485 3988 Moribus
512 3932 640 4002 ipse
670 3944 797 3984 suos
825 3925 1170 3997 amplificavit
1197 3937 1357 3978 avos.-

221 4022 329 4094 Ergo
352 4027 459 4095 pari
490 4033 633 4082 voto
665 4032 914 4079 moueant
934 4023 987 4075 in
1010 4021 1200 4076 saecula
1221 4018 1414 4088 juncti,

268 4114 325 4174 Et
350 4123 505 4178 micet
535 4117 809 4176 ambobus
837 4113 1200 4173 consolidatus
1245 4123 1416 4167 amor.

274 4534 297 4564 ⁸
331 4527 438 4583 Duo
463 4525 646 4581 Codd.
681 4522 826 4588 Vah,
852 4521 1104 4584 habilem;
1134 4520 1258 4574 item
1290 4517 1432 4571 Edit.
1464 4517 1596 4573 Ven.

276 4595 300 4631 δ
355 4599 464 4653 Duo
518 4595 698 4651 Codd.
754 4593 918 4648 Vatic.
966 4608 1084 4646 cutu
1141 4590 1267 4644 Ven.
1300 4589 1468 4649 Edit.,
1533 4589 1772 4656 quoniam
1804 4599 1858 4659 ι)

221 4682 455 4722 saccentur
510 4682 714 4721 antore.
766 4665 913 4720 Unus
957 4664 1160 4730 Codex,
1214 4663 1452 4730 quoniam
1507 4673 1767 4713 successus

219 4752 376 4790 amore.

280 4817 297 4845 ε
337 4810 470 4862 Edit.
515 4808 718 4867 l’aris.,
753 4803 1311 4871 Chtititicolis...agris.

273 4877 292 4921 't'
337 4881 478 4947 {dare
509 4877 733 4947 rnnjicil
784 4878 1086 4941 lirowerus,
1143 4869 1518 4947 Lauuehodenl
1563 4869 1769 4939 origine

221 4951 428 5008 Geticum
473 4941 678 5014 ~inibit;
726 4963 844 5000 cum
877 4964 978 5000 non
1035 4948 1189 4998 fuerit
1223 4948 1271 4996 itt
1303 4959 1450 4996 more
1481 4941 1769 5014 Fortunato

221 5022 389 5088 Gallos,
444 5036 581 5081 tunc.
634 5013 810 5076 rerum
869 5018 1132 5080 dominos,
1182 5017 1435 5069 barbaros
1481 5013 1767 5081 appellare,

221 5100 319 5160 quin
345 5098 524 5166 potius
558 5097 779 5148 eosdem
809 5091 1074 5166 [fumantis
1122 5090 1376 5166 nominet.

279 5178 298 5202 '
321 5153 541 5226 Forsan,
569 5167 782 5234 praprio
806 5153 1772 5234 Berct/trudes.llujnsceRereilirttdis

222 5224 537 5291 mentionem
569 5224 701 5287 iacit
732 5235 888 5296 tireg.
917 5235 1141 5294 'I’urou,,
1172 5224 1268 5281 ltli.
1299 5244 1346 5280 ιχ
1383 5227 1512 5278 llist.
1551 5224 1769 5296 Fratre”

221 5318 314 5372 cap.
345 5307 433 5368 55,
464 5309 629 5372 cujus
659 5321 800 5360 mors
828 5292 1032 5356 videtur
1062 5292 1769 5372 referendaadauuutuid,

223 5366 361 5444 Regni
389 5366 752 5441 Cltiltlvliartt,
783 5376 894 5427 sive
923 5375 988 5426 ad
1033 5387 1228 5424 aunutu
1263 5367 1630 5444 589."N_arrat
1672 5366 1769 5417 ibi-

219 5437 321 5517 drm
343 5449 663 5517 Gregorius,
695 5437 764 5512 qu
802 5447 833 5496 d
864 5446 1047 5498 eadem
1081 5445 1313 5517 moriens
1345 5455 1356 5490 :
1385 5437 1573 5517 Filiam
1629 5451 1773 5517 auaui

221 5507 725 5580 ωηᾱεηιῖηδιιιηέιξ
761 5517 1044 5582 relinquens
1074 5513 1323 5581 quwpiam
1353 5511 1426 5582 uel
1446 5507 1773 5582 monasteriis

221 5590 503 5659 pullorum,
537 5601 662 5659 qua:
688 5578 799 5653 ipsa
849 5578 1152 5645 instituet-ot,
1179 5578 1254 5634 uel
1280 5581 1520 5658 ecclesiis,
1552 5579 1650 5630 sive
1696 5578 1776 5659 ῥᾳ-

219 5648 352 5712 tt'licis
392 5648 759 5729 cati'fe'asont'm
792 5666 1103 5729 sanctorum,
1133 5668 1252 5721 qua:
1297 5649 1494 5729 Optime
1541 5663 1661 5702 c.qu
1695 5648 1776 5700 his

222 5720 520 5798 concordant
554 5743 684 5798 quae
709 5729 774 5782 de
805 5727 889 5798 illa
925 5720 1273 5798 pra-dicantur
1298 5737 1328 5775 a
1363 5720 1672 5774 Fortunato.

279 5796 296 5837 ί
336 5803 470 5856 Edit.
499 5796 706 5860 Paris"
746 5797 1000 5866 indefessa
1025 5797 1217 5864 itmpu.

278 5875 301 5914 ⁸
325 5869 466 5928 Unus
491 5869 642 5928 Cod.
677 5867 816 5935 νει..
843 5878 888 5922 et
912 5870 1045 5922 velut
1065 5865 1267 5920 incude.

3337 368 3440 432 10“

2457 490 2684 549 CAPUT
2725 489 2861 546 Xlll.

2325 563 2404 618 Ad
2428 565 2619 617 clerum
2649 561 2988 619 Parisiacum.

1867 657 1956 714 'Se
1980 655 2296 726 jampridem
2319 657 2574 710 desuesse
2622 668 2650 706 a
2699 653 2964 726 scribendi
2994 653 3318 726 carminibus
3341 654 3439 726 de-

1936 721 2122 783 cl'a'at.
2161 727 2480 782 Provocatus
2505 735 2678 778 tamen
2724 725 2824 777 hoc
2853 723 2905 778 in
2935 724 3142 779 laudem
3184 723 3309 779 cieri
3339 721 3440 779 Pa-

1937 797 2111 852 rismci
2141 811 2353 851 carmen
2381 795 2678 861 eluenhrat,
2705 795 2822 865 ejus
2845 796 3087 850 ordinem
3118 796 3170 851 in
3206 798 3441 865 psalmo-

1936 871 2036 922 dia:
2068 869 2380 922 assiduitate
2422 879 2474 922 et
2509 866 2749 934 peritiam
2799 868 3202 922 commendans.
3238 866 3440 922 Laudat

1938 955 2064 993 vero
2114 941 2165 993 in
2217 939 2399 1004 primis
2454 936 2728 999 Germani,
2777 939 3028 992 antistitis
3099 939 3438 1005 Paris:eusia,

1938 1011 2116 1074 fidem,
2153 1009 2422 1078 pietatem,
2450 1018 2503 1061 et
2533 1008 2862 1079 iugEcﬁclesia
2917 1008 3148 1079 regenda
3202 1017 3442 1079 pastora-

1958 1024 2116 1074 ldem,
2153 1024 2422 1078 pietatem,
2450 1024 2503 1061 θι
2533 1024 2584 1062 111
2626 1024 2862 1061 LCCIESIa
2917 1024 2974 1062 re

1958 1083 2060 1134 Ieut
2091 1079 2421 1148 diligentiam
2450 1093 2511 1132 ac
2540 1024 3006 1150 sollicitudinem}

1867 1172 2048 1230 Cmtus
2081 1173 2355 1228 honorifici
2381 1171 2544 1227 decus
2573 1181 2626 1227 et
2649 1171 2846 1242 gradus
2872 1169 3076 1226 ordinis
3115 1169 3302 1245 ampli,

1939 1268 2081 1334 Quos
2111 1269 2230 1322 colo
2279 1268 2460 1330 corde,
2505 1263 2628 1330 fide,
2659 1261 2915 1333 religione
2944 1273 3140 1335 patres,

1871 1359 1988 1415 Jam
2013 1359 2211 1412 dudum
2244 1355 2398 1412 obliti
2427 1358 2648 1413 desueto
2693 1361 2930 1413 carmine
2963 1355 3167 1428 plectri,

1939 1446 2140 1518 Cogitis
2170 1452 2440 1518 antiquam
2471 1463 2556 1503 me
2591 1459 2849 1503 renovare
2900 1445 3091 1518 lyram.

1871 1539 1948 1595 En
2009 1540 2235 1610 stupidis
2282 1536 2462 1611 digitis
2511 1539 2798 1596 Stimulatls
2846 1537 3186 1612 lsimulastis]
3235 1549 3452 1614 tangere

3040 1625 3312 1702 [t~hordas,

1939 1724 2071 1775 Cum
2102 1719 2232 1776 mihi
2265 1737 2369 1776 non
2392 1720 2552 1777 solito
2580 1731 2763 1776 currat
2789 1718 2843 1776 in
2873 1729 2989 1776 arte
3032 1732 3242 1778 manus.

1873 1813 2130 1871 Seabrida
2165 1828 2302 1868 nunc
2329 1823 2545 1869 resonat
2573 1827 2689 1868 mea
2717 1813 2893 1883 lingua
2926 1811 3168 1886 rubigine
3196 1813 3379 1870 verba.

1946 1905 2066 1959 Exit
2089 1913 2143 1960 et
2165 1903 2438 1974 iucompto
2463 1918 2656 1959 rancus
2685 1907 2750 1958 ab
2779 1918 2873 1958 ore
2906 1905 3099 1972 fragor.

1886 1996 1984 2053 Vix
2015 1998 2162 2052 dabit
2192 2003 2243 2052 in
2279 1997 2444 2052 veteri
2477 1997 2742 2066 ferrugine
2767 1997 2903 2052 c0titt
2933 2007 3180 2062 acumen,

1946 2093 2048 2144 Aut
2073 2090 2217 2143 fumo
2247 2089 2442 2145 infecto
2468 2089 2714 2159 splendet
2744 2089 2798 2144 in
2830 2102 2954 2144 aere
2985 2097 3154 2144 cotor.

1875 2186 1980 2243 Sed
2013 2187 2134 2256 quia
2169 2185 2396 2240 dulcedo
2428 2189 2643 2254 pulsans
2666 2182 2816 2254 quasi
2849 2185 3073 2241 malleus
3097 2187 3281 2252 instat,

1949 2278 2008 2331 Et
2038 2278 2182 2332 velut
2209 2273 2399 2331 incude
2433 2285 2460 2326 ε
2493 2292 2616 2331 cura
2644 2274 2801 2332 relisa
2834 2280 2976 2332 terit.

1875 2369 2114 2425 Pectoris
2148 2383 2308 2439 atque
2333 2369 2437 2423 tnei
2468 2370 2792 2424 succenditis
2821 2369 2941 2440 igne
2964 2379 3232 2425 caminum
3264 2367 3313 2434 ³⁵,

1946 2463 2097 2519 Unde
2127 2464 2465 2520 ministratur
2494 2463 2672 2520 cordis
2720 2463 2772 2518 in
2802 2476 2924 2519 arce
2974 2475 3171 2532 vapor;

1873 2558 2148 2630 Obsequor
2178 2557 2321 2630 ltiuc,
2357 2561 2444 2632 qui
2479 2577 2562 2616 me
2604 2560 2766 2617 veluti
2802 2562 3017 2632 fornace
3047 2561 3285 2623 recocto,

1947 2659 2090 2712 Artis
2114 2658 2178 2712 ad
2213 2658 2452 2713 officium
2484 2668 2661 2713 vester
2689 2657 2866 2725 adegit
2894 2669 3066 2716 amor.

1874 2746 2029 2804 Celsa
2062 2748 2316 2804 Parisiaci
2347 2751 2478 2805 cleri
2515 2749 2531 2787 ί
2569 2752 2867 2805 reverentia
2910 2750 3136 2818 pollens,

1947 2841 2197 2895 Ecclesia:
2226 2840 2438 2910 genium
2476 2844 2489 2892 ἰ
2542 2843 2738 2910 gloria,
2775 2855 2990 2908 munus,
3023 2841 3210 2894 honor.

1875 2931 2121 2988 Carmine
2153 2933 2400 2986 Davidictt
2430 2932 2606 2986 divina
2660 2941 2905 3001 poemata
2947 2945 3204 2999 paugeus,

1946 3026 2204 3080 Cursibus
2233 3025 2461 3079 assiduis
2489 3025 2643 3078 dulce
2673 3023 2902 3078 revolvit
2941 3020 2969 3058 κ
2998 3036 3156 3089 opus.

1879 3114 2010 3173 inde
2037 3117 2368 3184 sacerdotes,
2399 3117 2670 3172 Leviticus
2717 3115 2838 3169 hinc
2869 3113 3026 3168 micat
3053 3115 3205 3180 ordo,

1946 3208 2071 3264 Illos
2097 3209 2340 3273 canities,
2374 3207 2472 3261 hos
2502 3207 2637 3261 Stola
2682 3206 2898 3275 pulchra
2932 3206 3082 3274 tegit.

1873 3300 1984 3356 lllis
2014 3303 2181 3372 pallor
2211 3303 2367 3366 inest,
2396 3301 2559 3356 rubor
2589 3302 2670 3355 Itis
2699 3301 2749 3354 iu
2781 3299 3019 3354 vultibus
3045 3306 3211 3353 errat.

1949 3393 2011 3448 Et
2040 3394 2268 3448 candent
2297 3393 2466 3447 rutilis
2494 3393 2598 3446 lilia
2632 3392 2785 3445 mista
2806 3389 2942 3445 rosis

1874 3483 1955 3542 Illi
1977 3485 2088 3556 jam
2117 3485 2290 3550 senio,
2316 3484 2409 3540 sed
2437 3493 2492 3540 et
2523 3485 2574 3538 ltl
2600 3485 2734 3538 bene
2763 3482 3000 3538 vestibus
3035 3481 3235 3547 albent,

1946 3579 2017 3633 Ut
2039 3579 2247 3648 placeat
2267 3594 2479 3632 summo
2510 3576 2645 3646 picta
2669 3591 2864 3630 corona
2888 3575 3018 3630 Deo.

1875 3670 1932 3726 lu
1962 3671 2136 3724 medio
2165 3669 2458 3725 Germanus
2486 3670 2636 3724 adest
2664 3666 2682 3706 ι
2715 3669 2935 3722 antistes
2960 3669 3185 3730 honore,

1945 3762 2045 3829 Qui
2077 3764 2211 3831 regit
2238 3761 2360 3816 hinc
2384 3763 2628 3832 juvenes,
2664 3761 2888 3830 subrigit
2919 3759 3041 3813 inde
3070 3771 3227 3812 Senes
3248 3763 3316 3814 τι.

1877 3857 2073 3914 Levita;
2107 3865 2363 3926 preeunt;
2406 3857 2645 3924 sequitur
2684 3852 2860 3922 gravis
2891 3852 3034 3916 ,οι-(1ο
3063 3851 3313 3904 ducatum
3346 3849 3449 3921 [cat

3020 3941 3286 4015 uentum],

1951 4047 2060 4104 llos
2086 4041 2378 4115 gradiendo
2408 4049 2604 4106 movet,
2634 4039 2734 4096 hos
2765 4038 3088 4095 moderando
3120 4037 3300 4093 trahit.

1877 4140 1996 4212 lpse
2027 4149 2201 4194 tamen
2226 4137 2422 4191 sensim
2448 4135 2665 4199 incedit,
2694 4133 2836 4188 velut
2861 4133 2994 4186 alter
3017 4131 3217 4196 Aaron.

1947 4232 2064 4287 Non
2091 4232 2157 4285 de
2178 4239 2325 4284 veste
2348 4229 2545 4292 nitens,
2578 4225 2669 4280 sed
2697 4225 2892 4294 pietate
2925 4223 3160 4293 placens.

1879 4323 1990 4379 Non
2015 4324 2216 4390 lapides
2231 4328 2257 4358 ιι
2279 4333 2468 4375 coceus
2485 4318 2730 4382 Cidarim,
2746 4330 2954 4379 aurum,
2973 4327 3227 4384 purpura,
3246 4311 3456 4383 byssus,

1952 4412 2223 4470 Exornant
2253 4411 2522 4475 humeros,
2550 4409 2642 4463 sed
2672 4410 2832 4462 micat
2858 4408 2994 4460 alma
3024 4405 3170 4460 fides.

1954 4545 1981 4584 ιι
2011 4546 2151 4601 Edit.
2178 4541 2337 4605 Veu.,
2358 4539 2472 4611 ego.
2502 4555 2760 4594 cacumen.

1960 4615 1974 4655 ι
2006 4618 2149 4672 Unus
2176 4623 2306 4668 toti.
2337 4607 2450 4666 Viti.
2475 4622 2526 4664 ct
2551 4612 2681 4664 Ven.
2712 4610 2873 4673 Edit.,
2904 4607 3090 4661 clerus.

1953 4688 1966 4738 i
2018 4686 2260 4740 Ecclesia:
2300 4686 2532 4754 genium,
2573 4696 2754 4754 prave
2795 4685 3038 4751 prenn‘unt
3099 4677 3148 4730 in
3200 4674 3438 4754 Yttlgatis

1874 4761 2172 4829 Usurpntttr
2207 4748 2410 4827 genium
2443 4767 2537 4822 pro
2565 4748 3264 4822 ittgenio,’utanimadvertit
3283 4748 3436 4800 Brow

1875 4833 1939 4886 ad
1974 4836 2111 4883 ltttue
2143 4830 2339 4879 l0l’UlIi.

1945 4900 1969 4938 ¹ί
2006 4903 2145 4954 Ιεαῑι.
2173 4898 2368 4954 Ριπίε..
2401 4895 2632 4948 resolvis.

1959 4971 2151 5026 l()ltiit
2202 4976 2414 5020 sanctus
2465 4967 2762 5019 Germanus
2811 4977 2876 5016 au
2905 4960 3030 5026 576,
3065 4970 3120 5014 ut
3145 4970 3346 5013 constat
3393 4971 3458 5007 ex

1872 5041 2030 5112 Grcg.
2083 5041 2234 5104 'l‘ur.,
2293 5040 2328 5090 l.
2381 5054 2434 5101 v,
2478 5051 2594 5104 cap.
2647 5035 2698 5092 8,
2739 5044 2868 5112 aute
2906 5049 3061 5102 quem
3118 5044 3318 5085 annum
3361 5027 3460 5078 ltoe

1873 5105 2092 5183 proinde
2116 5127 2326 5183 caro-cu
2355 5112 2708 5183 QQIISPTlPW'"
2735 5105 2888 5183 Ψίίο,
2960 5175 2970 5183 .
3165 5173 3176 5183 .
3286 5169 3295 5179 .
3347 5148 3388 5183 ο·

1945 5194 1980 5219 ω
2016 5183 2159 5238 Unus
2198 5181 2326 5234 Cod.
2375 5179 2538 5233 Vatic.
2568 5166 2642 5231 'et
2683 5177 2823 5230 fidit.
2853 5175 3048 5240 Parim,
3096 5169 3317 5240 subrepit
3343 5166 3459 5220 inde

1872 5271 2036 5310 881188.

1944 5307 1972 5362 1³
2008 5327 2152 5388 llugo
2185 5320 2486 5382 Monunius,
2520 5319 2570 5372 itt
2602 5318 2742 5370 notis
2765 5317 2830 5370 ad
2863 5317 2901 5370 1.
2929 5316 3258 5372 Sacrament.
3291 5307 3461 5364 sancti

1873 5396 2111 5464 Grcgorit
2146 5409 2290 5460 νίψω
2320 5394 2387 5444 ita
2419 5392 2662 5443 t-ttteudat
2694 5391 2830 5442 hunc
2858 5401 3096 5441 versum:

1867 5499 1870 5502 ’
1967 5486 2073 5538 Non
2093 5485 2301 5548 lapides,
2323 5496 2508 5541 crocus,
2530 5481 2714 5531 clarum
2737 5493 2924 5533 aurum,
2951 5483 3180 5537 purpura,
3203 5470 3397 5532 byssus,

1875 5592 1939 5630 ex
1962 5575 2180 5638 antiquo
2201 5572 2294 5624 Ms.
2321 5570 2488 5624 sancti
2513 5567 2772 5638 Germani
2791 5581 2818 5616 a
2856 5561 3046 5638 l’ratis,
3073 5559 3129 5638 iu
3156 5569 3261 5626 quo
3284 5553 3463 5638 scrip!-

1877 5626 2202 5714 t'u—tnleg'itur
2227 5643 2414 5704 cidor.,
2444 5640 2539 5714 sed
2564 5641 2630 5714 _ei
2662 5635 2775 5689 voci
2808 5633 2997 5714 eadem
3025 5628 3289 5714 scripturi:
3314 5626 3463 5714 legi:

1877 5695 2372 5784 tur-su'tferpositutp
2401 5695 2538 5784 clm“,
2564 5709 2699 5762 linea
2732 5702 2990 5784 vocabulo
3013 5699 3172 5782 .cidar
3199 5695 3460 5784 subducta

1875 5766 1950 5842 ad
1970 5766 2173 5843 erroris
2197 5766 2391 5838 notaui.
2427 5766 2555 5835 ΙΙὶιιῖε
2601 5795 2666 5832 ex
2703 5777 2812 5827 ρίαν
2841 5787 2898 5829 se
2928 5769 3115 5828 fecisse
3147 5769 3314 5825 refert
3356 5766 3460 5818 cla-

1877 5874 2012 5912 rum.
2041 5857 2180 5910 Edit.
2213 5855 2401 5920 P:tris.,
2428 5851 2674 5904 cidarion.
