4086 6556
504 317 574 380 59
1669 314 1931 376 cosas
1975 312 2598 376 INDICOPLEUS’I‘A!
2820 291 2829 294 ’
3691 322 3763 388 co

502 440 624 480 rum
707 423 836 480 fuco
886 424 1235 495 versutiaque
1276 425 1548 488 saeculari,
1585 438 1652 478 ex
1717 423 1990 478 solaribus
2027 431 2082 477 et

2195 422 2324 486 Ξδοις
2350 423 2443 476 καὶ
2467 421 2669 492 ψήφοις
2699 423 2937 495 ἅττ-ρων,
2968 423 3064 477 καὶ
3096 422 3292 496 κυσείᾳ
3315 424 3489 492 λόγων
3518 428 3613 480 καὶ
3638 445 3765 481 παν-

498 514 789 570 lunaribus
817 514 1133 584 eclipsibus,
1172 514 1492 583 positionem
1536 512 1845 581 et‘liguram
1893 509 2079 564 mundi

2195 514 2377 587 >υργία
2388 516 2646 585 κοσμικῇ.
2667 515 3111 585 καταλαμϐάνειν
3141 516 3483 587 ἐπιχειροῦσι
3501 517 3602 587 τὴν
3618 517 3766 572 θέσιν

498 606 965 672 comprehendere
1015 616 1302 671 conantur,
1354 614 1599 658 errantes
1633 616 1687 656 et
1724 602 1861 656 alios
1890 602 1944 656 in
1992 617 2083 657 er-

2195 606 2280 658 ιιαὶ
2310 605 2370 659 τὸ
2394 606 2580 676 σχῆμα
2607 606 2702 659 τοῦ
2748 607 2953 676 κόσμου
2990 609 3055 661 ὲκ
3082 607 3192 661 τῶν
3214 607 3455 677 ἡλιακῶν
3476 611 3570 662 καὶ
3606 610 3765 682 σελη-

500 712 682 753 rorem
719 697 1067 757 inducentes.
1122 698 1251 751 dum
1313 697 1366 750 in
1425 695 1531 749 alia
1559 705 1613 749 et
1640 694 1855 749 diversa
1909 694 2081 765 figura

2195 697 2389 750 νιακῶν
2421 698 2718 767 ἐκλείψεων
2742 698 3053 759 πλανῶντες
3083 698 3176 751 καλ⁸
3203 699 3569 768 πλανώμενοι,
3597 702 3655 753 ἐν
3681 702 3768 753 ἀλ·

502 789 619 843 hzcc
650 802 758 841 non
810 803 974 857 posse
1028 786 1212 856 perlici
1268 793 1601 861 asseverant.
1634 784 1700 838 Et
1726 786 1794 839 de
1825 786 1910 840 his
1960 784 2085 855 qui-

2195 786 2316 857 λοίῳ
2348 786 2586 858 σχήματι
2614 787 2682 840 τὰ
2709 786 2932 841 τοιαῦτα
2962 788 3039 858 μὴ
3065 786 3326 842 δύνασθαι
3354 789 3600 856 γίνεσθαι
3627 792 3768 860 ἰσχυ-

501 879 627 934 dem
673 878 856 933 nullus
900 893 929 931 a
960 878 1120 932 nohis
1149 877 1262 946 jam
1327 890 1508 929 sermo
1572 875 1908 940 instituetur,
1958 890 2083 929 cum

2195 876 2482 947 ριζόμενοι.
2532 876 2641 930 Καὶ
2685 876 2811 947 περὶ
2846 876 2944 946 μὲν
2982 877 3091 930 τῶν
3131 876 3390 931 τοιούτων
3423 878 3600 942 οὐδεὶς
3632 881 3767 948 ἡμῖν

503 986 625 1026 sese
658 971 731 1024 illi
781 980 972 1025 mutuo
1005 970 1141 1023 satis
1167 982 1440 1037 superque
1487 965 1789 1022 confutent.
1846 965 1948 1032 Qui
1989 981 2087 1021 au-

2195 967 2342 1036 λόγος
2365 967 2482 1035 νῦν,
2527 968 2775 1039 άρκετῶς
2824 968 3088 1037 ἀλλήλους
3131 970 3562 1039 ἀνατρεπόντων.
3604 971 3668 1023 Ui
3709 970 3760 1022 δὲ

503 1070 610 1115 tem
664 1060 957 1113 llhristiani
992 1059 1200 1112 censeri
1237 1060 1444 1122 volunt,
1489 1067 1542 1111 et
1580 1067 1760 1112 tamen
1804 1056 2079 1119 facundia,

502 1151 789 1219 sapientia,
824 1158 876 1203 et
906 1148 1195 1216 multiplici
1255 1150 1421 1219 hujus
1450 1148 1639 1202 mundi
1699 1162 1886 1202 errore
1925 1161 2088 1201 exor-

502 1242 621 1296 nari
670 1249 965 1310 expetunt:
1014 1240 1108 1310 qui
1142 1249 1199 1294 et
1236 1240 1350 1296 haec
1401 1250 1457 1294 et
1486 1241 1575 1294 illa
1610 1237 1942 1293 admittenda
1969 1252 2091 1292 esse

499 1332 857 1396 contendunt,
906 1330 1042 1386 nihil
1071 1330 1290 1386 differre
1327 1331 1581 1385 videntur
1608 1330 1677 1384 ab
1707 1328 1921 1387 umbra.
1968 1342 2092 1397 quae

503 1423 826 1478 intermedio
864 1438 1093 1493 corpore
1126 1424 1181 1478 in
1230 1423 1350 1478 luce
1394 1422 1512 1477 fieri
1565 1421 1738 1486 solet;
1771 1434 1931 1474 secus
1965 1433 2092 1473 vero

500 1518 549 1571 si
588 1514 968 1569 intermedium
997 1529 1198 1584 corpus
1244 1529 1352 1567 non
1384 1513 1495 1568 sit:
1554 1511 1649 1567 sed
1709 1526 1835 1565 cum
1889 1524 2091 1579 corpus

505 1605 749 1677 undique
773 1608 895 1661 luce
936 1605 1304 1676 perfunditur,
1362 1620 1392 1659 a
1427 1604 1548 1659 luce
1594 1604 1710 1674 ipsa
1736 1602 1943 1672 ubique
2000 1602 2094 1656 de-

505 1708 667 1769 letur.

2188 1057 2594 1126 Χριστιανίζειν
2630 1056 2729 1128 μὲν
2775 1057 3069 1120 ἐθέλοντες,
3114 1061 3228 1123 τοῖς
3266 1058 3440 1125 λόγοις
3476 1058 3532 1111 δὲ
3570 1060 3661 1112 καὶ
3697 1062 3762 1131 τῇ

2192 1149 2372 1219 σοφία,
2408 1149 2503 1201 καὶ
2524 1151 2588 1218 τῇ
2618 1147 2861 1218 ποικιλία
2888 1148 2988 1217 τῆς
3016 1148 3223 1219 πλάνης
3264 1148 3359 1202 τοῦ
3404 1149 3610 1219 κόσμου
3640 1149 3765 1201 τούο

2189 1256 2285 1291 του
2320 1239 2481 1292 πάλιν
2512 1238 2755 1301 θέλοντες
2793 1239 3140 1309 κοσμεῖσθαι,
3185 1240 3280 1293 καὶ
3314 1238 3488 1292 ταῦτα
3536 1240 3768 1292 κάκεῖνα

2190 1328 2440 1399 δέχεσθαι
2457 1329 2906 1398 φιλονεικοῦντες,
2933 1330 3140 1383 ἐοίκασι
3158 1332 3314 1393 σκιᾶς
3338 1330 3502 1399 μηδὲν
3521 1329 3737 1382 nam:
3753 1357 3767 1369 -

2191 1436 2328 1485 τειν,
2372 1420 2470 1489 τῆς
2509 1420 2886 1491 μεσιτεύοντος
2921 1421 3020 1492 μὲν
3058 1421 3307 1491 σώματος
3341 1422 3398 1473 ἐν
3430 1420 3572 1488 φωτὶ
3613 1420 3769 1487 γενέ-

2195 1507 2318 1562 σθαι
2355 1508 2679 1576 πεφυκυίας,
2706 1511 2781 1580 μὴ
2810 1510 3184 1580 μεσιτεύοντος
3203 1512 3260 1564 δὲ
3282 1509 3529 1580 σώματος
3551 1511 3608 1562 ὲν
3631 1511 3770 1577 φωτὶ

2197 1600 2271 1669 μὴ
2319 1602 2624 1669 πεφυκυῖαν
2657 1601 2932 1669 γενέσθαι,
2970 1601 3105 1655 ἀλλά
3154 1601 3250 1655 καὶ
3289 1599 3769 1671 περιλαμπομένου

2195 1692 2289 1746 τοῦ
2316 1692 2567 1762 σώματος
2595 1693 2855 1747 πάντοθεν
2886 1695 2950 1747 ὲκ
2974 1693 3066 1746 τοῦ
3092 1693 3265 1762 φωτὸς
3287 1692 3766 1760 ἑξαφανιξομένης.

577 1792 852 1847 Adversus
904 1790 1215 1862 hujusmodi
1263 1790 1513 1845 homines
1543 1789 1680 1844 mihi
1721 1789 1832 1858 jam
1873 1788 2085 1843 edisse-

2259 1783 2403 1854 Πρὸς
2457 1785 2584 1846 τοὺς
2634 1784 2905 1847 τοιούτους
2954 1784 3063 1854 γάρ
3110 1801 3200 1853 μοι
3237 1784 3265 1836 ὁ
3321 1782 3497 1850 λόγος,
3530 1781 3658 1852 περὶ
3695 1775 3769 1834 ὧν

504 1884 736 1939 rcndum
773 1891 856 1938 est
887 1900 901 1937 :
939 1882 1008 1938 de
1029 1883 1230 1953 quibus
1259 1880 1483 1951 perinde
1520 1891 1684 1951 atque
1710 1879 1777 1934 de
1819 1879 1925 1934 illis
1958 1878 2086 1932 olim

2195 1876 2389 1946 ὁμοίως
2422 1875 2552 1927 ποτὲ
2598 1876 2878 1946 παροίκων
2930 1876 3237 1943 γενομένων
3273 1875 3331 1927 ἐν
3381 1876 3449 1944 τῇ
3486 1872 3772 1943 Σαμαρείᾳ.

507 1972 563 2024 in
593 1970 840 2025 Samaria
872 1970 1116 2034 advenis,
1143 1969 1343 2024 clamat
1378 1969 1557 2023 divina
1593 1968 1895 2036 Scriptura,
1925 1964 2089 2018 Deum

2195 1967 2435 2037 καταϐοᾷ
2461 1969 2495 2037 ἡ
2521 1966 2642 2021 θεία
2674 1967 2885 2038 Γραφὴ,
2927 1969 3008 2021 ὃτι
3062 1967 3176 2021 Τὸν
3220 1966 3371 2022 Θεὸν
3412 1964 3768 2035 ἐφοϐοῦντο,

506 2061 785 2127 timebant,
816 2070 865 2115 et
892 2063 946 2116 in
973 2062 1194 2117 excelsis
1218 2061 1503 2119 adolebant
1534 2071 1579 2113 et
1612 2059 1811 2112 cultant
1838 2056 2093 2126 persolve-

2195 2060 2285 2113 καὶ
2315 2060 2436 2125 τοῖς
2470 2059 2734 2129 ὑψηλοῖς
2754 2060 3016 2129 ἐθυμίων
3045 2059 3145 2113 καὶ
3180 2058 3530 2128 ἐλάτρευον.
3572 2056 3770 2110 Οὖστι-

504 2152 714 2206 bant’:
752 2166 891 2221 quos
943 2153 988 2208 si
1034 2152 1159 2222 quis
1207 2151 1467 2206 biformes
1508 2146 1922 2217 nuncupaverit,
1955 2160 2089 2199 neu-

2195 2164 2285 2209 νας
2326 2148 2622 2219 διμόρφους
2672 2166 2757 2213 τις
2801 2149 3059 2213 καλέσας,
3103 2150 3200 2202 οὐκ
3250 2148 3315 2203 ἂν
3357 2148 3613 2220 ἁμάρτοι.
3663 2147 3772 2201 Καὶ

504 2242 711 2310 liquam
742 2242 1037 2298 abcrrabit.
1067 2241 1202 2297 Nam
1232 2243 1513 2297 uobiscum
1546 2242 1709 2296 simul
1739 2250 1795 2296 et
1823 2256 1948 2296 cum
1981 2241 2089 2296 illis

2195 2237 2310 2309 μεθ’
2340 2239 2497 2309 ἡμῶν
2525 2240 2633 2311 γὰρ
2674 2240 2917 2295 θέλουσιν
2944 2237 3084 2296 εἶναι
3113 2244 3206 2296 καὶ
3232 2243 3351 2312 μετ’
3378 2242 3626 2304 ἐκείνων,
3669 2240 3771 2309 τὴν

501 2349 625 2388 esse
678 2333 885 2400 volunt,
939 2332 1471 2388 abrenuntiationem
1532 2332 1771 2397 Satanae,
1822 2348 1986 2402 quam
2034 2332 2089 2386 in

2195 2331 2471 2402 ἀποταγὴν
2510 2331 2605 2386 τοῦ
2647 2333 2862 2388 Σατανᾶ
2902 2336 2968 2405 ἢν
3001 2334 3337 2399 ἀπετάξαντο
3377 2335 3434 2387 ὲν
3468 2334 3545 2404 τῷ
3578 2332 3771 2404 βαπτίο

504 2424 833 2493 baptismate
851 2424 1161 2487 ediderunt,
1193 2424 1402 2477 irritam
1435 2422 1719 2488 facientes,
1739 2434 1792 2477 et
1815 2423 1880 2477 ad
1910 2422 2088 2491 ipsum

503 2514 982 2585 rctrngredientes.
1001 2515 1081 2569 Illi
1104 2514 1304 2584 quippe
1327 2514 1636 2568 nullatenus
1659 2513 1944 2568 nobiseum
1969 2528 2093 2569 esse

502 2607 753 2672 valeant;
795 2608 889 2661 sed
925 2606 982 2661 in
1021 2607 1258 2676 quodam
1286 2621 1386 2660 ceu
1413 2606 1590 2660 medio
1614 2606 1924 2661 consistunt
1951 2623 1964 2659 :
1996 2621 2093 2659 va-

504 2711 624 2749 cuae
655 2706 709 2750 et
742 2695 963 2749 inutiles
983 2695 1181 2750 domus
1212 2710 1321 2765 quo
1344 2696 1616 2750 Iammodo
1646 2710 1945 2765 suspensae,
1974 2711 2095 2765 qua:

506 2807 607 2845 nec
642 2790 993 2844 fundamenta
1021 2790 1075 2843 in
1118 2802 1260 2844 terra
1290 2790 1515 2856 habent,
1552 2805 1650 2845 nec
1675 2804 1704 2844 a
1735 2791 1990 2860 quopiam
2026 2805 2092 2845 ex

506 2883 617 2936 alto
649 2881 973 2937 retinentur.
1002 2881 1133 2936 Nam
1161 2896 1285 2936 cum
1319 2880 1540 2934 vixdum
1574 2881 1891 2950 iuceperint,
1939 2882 2092 2951 prin-

506 2974 649 3044 cipia
681 2989 779 3029 sua
812 2972 1125 3036 destruunt,
1180 2980 1234 3027 et
1271 2981 1562 3041 antequam
1592 2971 1897 3036 destruant,
1930 2972 2092 3026 linem

510 3082 672 3121 suum
712 3067 818 3119 line
860 3078 1047 3119 carere
1094 3070 1566 3129 commonstrant;
1616 3063 1689 3118 ita
1731 3071 1788 3117 ut
1820 3078 1996 3133 neque
2036 3065 2089 3116 in
2119 3103 2167 3166 ο

509 3157 633 3218 hoc.
654 3170 831 3225 neque
852 3156 914 3209 in
940 3155 1033 3209 illo
1054 3154 1193 3208 firmi
1217 3155 1544 3218 consistant,
1564 3155 1672 3209 imo
1692 3156 1875 3225 potius
1899 3170 2093 3211 omnes

510 3248 764 3312 illutlunt,
788 3256 847 3303 et
888 3247 957 3301 ab
987 3246 1246 3303 omnibus
1291 3246 1611 3301 illuduntur.
1658 3246 1844 3301 Primo
1870 3247 2094 3317 quidem

512 3340 841 3409 sphaaricam
876 3338 1021 3392 illam
1062 3338 1290 3407 ligurem
1335 3353 1459 3393 eum
1502 3337 1608 3392 illis
1642 3345 1975 3408 reputantes,
2001 3339 2098 3395 de-

510 3427 900 3497 prehendimus
918 3441 1039 3481 eam
1059 3441 1234 3495 neque
1255 3427 1573 3490 consistere,
1600 3443 1775 3498 neque
1790 3444 1970 3484 rerum
1998 3444 2099 3484 na-

510 3529 649 3573 turae
690 3518 984 3574 convenire
1030 3531 1211 3587 posse.
1269 3516 1502 3583 Quidam
1558 3518 1725 3589 igitur
1766 3534 1832 3574 ex
1877 3520 1983 3576 illis
2016 3521 2094 3590 (l)

514 3611 670 3663 aiunt
695 3609 896 3664 ccelum
927 3623 1130 3678 corpus
1156 3623 1278 3663 esse
1302 3624 1369 3662 ex
1400 3619 1635 3681 quatuor
1659 3611 1942 3667 elementis
1964 3628 2097 3668 con-

516 3698 801 3765 stitutum;
858 3699 949 3753 alii
980 3699 1060 3769 (2)
1091 3699 1250 3755 elatis
1281 3702 1610 3769 superciliis,
1648 3718 1714 3756 ex
1755 3703 1864 3758 alio
1903 3704 2096 3774 quinto

514 3805 660 3844 novo
705 3791 975 3845 elemento
1006 3790 1206 3845 omium
1234 3791 1469 3861 denique
1501 3806 1943 3863 composuerunt,
1970 3810 2095 3850 cum

510 3880 663 3952 prius
687 3898 755 3936 ex
777 3890 1011 3950 quatuor
1026 3882 1317 3938 elementis
1349 3891 1607 3938 constare
1628 3885 1936 3950 diceretur;
1966 3901 2098 3941 con-

508 3973 704 4035 spicati
735 3973 946 4028 scilicet
979 3987 1089 4028 non
1117 3989 1278 4044 posse
1319 3975 1660 4030 circumferri
1688 3976 1912 4040 ccelum,
1954 3977 1999 4032 si
2030 3993 2096 4033 ex

510 4066 600 4121 his
641 4066 1006 4137 compositum
1052 4077 1217 4123 esset.
1265 4067 1370 4123 Sed
1397 4069 1451 4122 in
1495 4070 1598 4124 hoc
1639 4071 1804 4125 etiam
1844 4073 2097 4126 czecutire

511 4157 835 4227 probantur,
865 4158 1079 4213 etiamsi
1124 4167 1316 4229 putent
1338 4175 1437 4215 eos
1465 4162 1558 4230 qui
1591 4171 1753 4217 acute
1794 4163 2093 4229 intuentur,

510 4248 647 4304 nihil
671 4249 873 4303 videre.
904 4247 1040 4304 Nam
1062 4263 1186 4304 cum
1211 4250 1349 4304 varii
1378 4251 1593 4307 colores
1625 4251 1677 4305 in
1701 4253 1844 4308 cash)
1872 4255 2094 4325 conspi-

508 4342 752 4405 ciantur,
782 4342 926 4397 unde
973 4342 1109 4412 ipsis
1156 4343 1507 4399 calefaciendi
1547 4354 1602 4400 et
1632 4343 1985 4416 refrigerandi
2016 4348 2097 4404 vis

2192 2437 2359 2491 σματι
2393 2422 2487 2474 νῦν
2515 2422 2853 2488 ἀθετοῦντες,
2884 2426 2978 2479 καὶ
3017 2427 3103 2479 ἐπ’
3142 2426 3304 2480 αὑτὸν
3347 2423 3772 2496 παλινδρομοῦνι

2190 2526 2304 2573 τες.
2368 2510 2443 2564 Οὐ
2487 2511 2739 2565 δύνανται
2772 2512 2879 2583 γὰρ
2918 2512 3142 2566 καθόλου
3185 2512 3307 2582 μεθ’
3353 2511 3508 2582 ἡμῶν
3544 2506 3684 2564 εἶναι
3724 2511 3771 2562 οἱ

2192 2602 2443 2667 τοιοῦτοι,
2474 2602 2609 2657 ἀλλά
2652 2605 2807 2675 μέσοι
2844 2605 2989 2668 τινὲς
3028 2606 3365 2675 ὑπάρχουσιν
3394 2620 3407 2633 ⁸
3442 2600 3580 2658 οἶκοι
3624 2602 3773 2654 κενοὶ

2195 2694 2503 2764 μεταρσίως
2554 2711 2672 2758 πως
2726 2695 3024 2766 ἱστάμενοι,
3078 2695 3304 2765 θεμέλια
3357 2695 3499 2747 κατά
3548 2694 3650 2763 γῆν
3697 2691 3773 2762 μὴ

2194 2785 2427 2857 ἔχοντες,
2461 2787 2597 2856 μήτε
2632 2789 2737 2858 μὴν
2766 2787 2825 2855 ἐξ
2859 2787 3027 2858 ὕψους
3055 2790 3113 2842 τὸ
3149 2788 3396 2859 κατέχον.
3427 2786 3619 2858 Σχεδδν
3662 2785 3773 2855 γὰρ

2197 2875 2366 2945 μήπω
2407 2874 2738 2946 ἀρξάμενοι,
2782 2878 2880 2942 τὰς
2927 2878 3138 2933 ἑαυτῶν
3178 2879 3354 2951 ἀρχὰς
3397 2877 3729 2931 καταλύουσι
3755 2892 3769 2906 ⁸

2194 2966 2289 3020 καὶ
2331 2966 2499 3038 μήπω
2532 2968 2915 3036 καταλύοντες,
2950 2971 3019 3023 τά
3061 2970 3268 3025 ἑαυτῶν
3308 2969 3433 3039 τέλη
3466 2969 3630 3038 ἀτελῆ
3661 2969 3772 3022 δει-

2193 3057 2435 3121 κνύουσι,
2494 3061 2631 3130 μήτε
2675 3060 2735 3113 ὲν
2777 3061 2951 3133 τούτῳ
2996 3062 3228 3131 βεϐαίως
3268 3061 3502 3132 ἔχοντες,
3554 3062 3693 3132 μήτε
3717 3062 3774 3112 ὲν

2197 3151 2410 3220 ἐκείνῳ,
2442 3151 2579 3205 ἀλλά
2610 3151 2808 3222 μᾶλλον
2838 3155 2965 3217 τοὺς
3003 3155 3211 3218 πάντας
3240 3154 3586 3217 διαπαίζουσι
3612 3194 3626 3217 ,
3676 3152 3772 3206 καὶ

2197 3240 2304 3294 ὑπὸ
2341 3242 2558 3296 πάντων
2590 3243 2982 3308 διαπαίζονται.
3019 3245 3244 3315 Πρῶτον
3279 3245 3379 3315 μὲν
3414 3241 3507 3297 οὖν
3542 3243 3769 3313 βασανίσ

2197 3350 2385 3397 σαντες
2420 3335 2539 3404 μετ’
2561 3335 2741 3389 αὐτῶν
2772 3338 2898 3407 περὶ
2927 3336 3021 3390 τοῦ
3050 3336 3341 3406 σφαιρικοῦ
3371 3338 3667 3406 σχήματος,
3696 3334 3773 3397 ὡς

2194 3425 2256 3477 οὐ
2286 3425 2508 3478 δυνατὸν
2539 3424 2694 3479 τοῦτο
2710 3421 2867 3491 εἶναι,
2895 3425 3018 3479 οὔτε
3043 3426 3150 3498 μὴν
3171 3429 3236 3497 τῇ
3270 3427 3431 3495 φύσει
3456 3426 3564 3478 τῶν
3596 3440 3773 3496 πραγ-

2200 3515 2387 3586 μάτων
2434 3517 2749 3586 συμϐαἴνον.
2785 3518 2939 3580 Τινὲς
2976 3518 3080 3588 μὲν
3121 3514 3215 3571 οὖν
3259 3518 3317 3582 ἐξ
3346 3517 3525 3571 αὐτῶν
3552 3516 3772 3583 λέγουσι

2196 3606 2286 3660 τὸν
2307 3607 2533 3676 οὐρανὸν
2560 3608 2717 3678 σῶμα
2742 3611 2805 3662 ὲκ
2831 3610 3111 3680 τεσσάρων
3140 3609 3418 3681 στοιχείων
3447 3610 3577 3662 ὄντα
3604 3627 3616 3639 ·
3643 3607 3773 3662 ἔνιοι

2194 3697 2252 3751 δὲ
2282 3698 2381 3761 τὰς
2422 3697 2594 3770 ὀφρῦς
2625 3702 3022 3765 ἀνατείναντες,
3062 3699 3121 3765 ἐξ
3151 3701 3337 3772 ἑτέρου
3368 3700 3620 3771 πέμπτου
3650 3699 3773 3753 νέου

2198 3792 2462 3861 στοιχείου
2507 3792 2598 3845 τὸν
2642 3791 2869 3861 οὐρανὸν
2903 3791 3129 3862 ὕστερον
3182 3794 3500 3856 ἀνέκτισαν,
3542 3792 3602 3845 τὸ
3643 3791 3773 3862 πρὶν
3808 3818 3821 3825 -

2196 3882 2261 3934 ὲκ
2288 3881 2396 3934 τῶν
2419 3885 2699 3954 τεσσάρων
2723 3882 2913 3953 ἔχοντα
2940 3883 3040 3954 τὴν
3060 3883 3292 3955 οὖσιώδη
3324 3884 3582 3938 σύστασιν
3608 3900 3620 3912 ⁸
3650 3900 3768 3936 συν-

2197 3972 2334 4025 εῖδον
2366 3973 2475 4044 γάρ
2501 3974 2577 4037 ὡς
2616 3975 2677 4027 οὐ
2710 3974 2932 4029 δυνατὸν
2966 3970 3107 4028 εἷναι
3147 3975 3334 4046 κύκλῳ
3374 3975 3637 4048 φέρεσθαι
3670 3976 3771 4029 αὐ-

2194 4063 2307 4128 τὸν,
2349 4066 2413 4118 ἐκ
2445 4064 2649 4118 τούτων
2698 4064 2889 4136 ἔχοντα
2920 4065 3019 4137 τὴν
3057 4066 3265 4122 οὐσίαν.
3321 4066 3483 4120 Ἀλλά
3519 4067 3680 4121 πάλιν
3715 4067 3773 4120 ὲν

2194 4156 2343 4228 αὐτῷ
2364 4156 2766 4227 τυφλώττοντες
2791 4159 3121 4225 ἁλίσκονται,
3154 4159 3394 4224 καὶτοὺς
3422 4157 3516 4224 ὀξὺ
3546 4158 3772 4229 βλέπον-

2195 4266 2291 4313 τας
2316 4250 2416 4321 οὐχ
2457 4252 2589 4322 ὁρᾷν
2619 4251 2874 4322 οἰόμενοι.
2922 4253 3205 4325 Διαφόρων
3236 4251 3344 4325 γάρ
3386 4253 3480 4306 καὶ
3514 4251 3773 4306 ποικίλων

2194 4342 2255 4394 ὲν
2274 4342 2425 4412 αὐτῷ
2448 4343 2755 4415 χρωμάτων
2784 4340 3078 4416 ὁρωμένων
3103 4362 3116 4376 ⁸
3154 4344 3213 4409 ἐξ
3241 4338 3316 4399 ὧν
3344 4346 3377 4416 ἡ
3414 4342 3508 4398 τοῦ
3543 4341 3771 4414 θερμαί-

510 4430 682 4485 indita
706 4431 954 4495 videtur;
1005 4431 1081 4485 illi
1123 4428 1194 4486 oh
1243 4433 1467 4489 nimiam
1500 4434 1813 4490 distantiam
1847 4437 2090 4492 omnium

2195 4449 2307 4487 νειν
2339 4451 2396 4487 τε
2424 4438 2516 4489 καὶ
2536 4436 2726 4506 ψύχειν
2763 4438 3146 4510 ἐνυπάρχουσα
3174 4437 3403 4505 δύναμις
3435 4436 3617 4498 αὐτοῖς
3641 4436 3772 4488 ἀνα-

508 4520 623 4576 falli
652 4523 828 4577 visum
860 4521 1132 4577 dictitant.
1178 4522 1247 4577 At
1276 4524 1874 4597 respondeatquisquis
1900 4529 1952 4582 in
1981 4544 2094 4583 me-

510 4613 661 4667 dium
703 4614 920 4682 prodire
952 4615 1127 4669 velit:
1173 4614 1350 4671 Stelhe
1389 4618 1551 4688 118
1595 4620 1860 4675 immobili
1891 4636 2090 4676 secun-

454 4724 461 4733 ε
509 4705 641 4759 dum
674 4721 771 4761 vos
802 4707 1031 4776 sphaera;
1057 4706 1257 4770 infixae,
1281 4723 1405 4763 cum
1438 4711 1690 4780 inaequali
1716 4712 1895 4779 spatio
1916 4728 1943 4766 a
1969 4712 2091 4767 visu

508 4808 700 4853 nostro
727 4799 950 4864 distent,
982 4800 1027 4855 si
1078 4815 1109 4855 a
1145 4809 1332 4857 centro
1370 4810 1528 4858 terrae
1553 4803 1697 4859 oeuli
1728 4806 1917 4860 radius
1959 4805 2092 4859 diri-

508 4899 690 4961 gatur,
722 4907 823 4946 cur
849 4908 957 4947 non
983 4892 1164 4947 colore
1210 4903 1265 4948 et
1312 4894 1685 4965 magnitudine
1727 4896 1894 4951 variae
1923 4911 2090 4965 appa—

511 4983 664 5035 rent?
704 4982 816 5036 Cur
850 4982 1025 5046 Marti,
1050 4995 1110 5038 ut
1129 4998 1225 5038 vos
1242 4986 1474 5050 vocatis,
1501 4984 1594 5055 qui
1624 4985 1909 5041 inferiores
1932 4986 2090 5042 sedes

510 5073 701 5136 habet,
736 5074 918 5129 multa:
955 5075 1233 5130 steliarnm
1268 5076 1653 5136 immobilium,
1694 5064 1931 5147 arqualcs
1965 5087 2090 5133 sunt

506 5174 561 5217 ct
591 5165 834 5230 similes;
864 5166 1103 5237 Iovique
1130 5167 1381 5221 similiter
1411 5182 1520 5221 non
1554 5182 1755 5237 paucas
1782 5170 1988 5225 similes
2014 5171 2092 5224 ri-

506 5255 742 5311 demus?
776 5257 888 5313 lmo
910 5275 1010 5315 nec
1030 5262 1431 5330 ipsumemlum
1455 5260 1557 5316 sibi
1580 5262 1761 5317 colore
1782 5262 1959 5318 simile
1981 5279 2096 5319 cer-

509 5346 742 5403 nimus:
779 5364 903 5404 nam
956 5351 1062 5406 illis
1110 5351 1375 5406 nubilosis
1422 5352 1886 5419 concretionibus,
1936 5354 2094 5423 queis

510 5452 619 5493 non
650 5441 869 5497 aliunde
897 5457 1061 5511 quam
1087 5457 1116 5496 a
1149 5443 1349 5498 coloris
1384 5441 1662 5509 varietate,
1685 5442 1869 5502 lactea:
1895 5460 2092 5501 nomen

584 5551 605 5580 ¹
630 5549 694 5603 ιν
728 5550 856 5619 Reg.
888 5569 1021 5617 xvu,
1063 5554 1154 5621 52.

588 5644 667 5709 (l)
705 5645 992 5699 Platonici.

585 5714 665 5784 (2)
687 5714 1038 5770 Aristotelict.

2200 4524 2467 4592 φαίνεται,
2501 4526 2600 4597 τὴν
2626 4527 2748 4597 ὄψιν
2773 4529 3027 4582 ἁπάντων
3049 4526 3363 4597 ἠπατῆσθαί
3398 4542 3527 4593 φασι
3556 4524 3645 4578 διὰ
3673 4525 3775 4594 τὴν

2198 4615 2336 4682 ἄγαν
2367 4615 2725 4672 ἀποστασίαν.
2780 4619 3004 4673 Εἰπάτω
3034 4620 3214 4673 τοίνυν
3249 4618 3537 4689 παρελθων
3571 4619 3651 4679 εἰς
3679 4615 3776 4684 μέ-

2201 4722 2291 4758 σον
2321 4708 2349 4760 ὁ
2386 4707 2708 4780 βουλόμενος
2742 4727 2759 4743 ο
2798 4713 2846 4765 ot
2885 4714 2950 4782 τῇ
3001 4711 3231 4766 ἀπλανεῖ
3262 4711 3383 4764 καθ’
3411 4710 3554 4780 ὑμᾶς
3589 4706 3774 4776 ἐγκεί-

2201 4813 2350 4864 μενοι
2382 4799 2586 4871 σφαίρᾳ
2615 4798 2843 4872 ἀστέρες
2873 4801 3135 4872 δηλονότι,
3174 4801 3290 4865 πῶς
3318 4801 3417 4855 οὐκ
3448 4800 3620 4871 ἀνίσῳ
3653 4800 3774 4854 δια-

2197 4888 2432 4960 στήματι
2456 4891 2554 4961 τῆς
2581 4890 2755 4960 ὅψεως
2780 4891 2938 4963 ἡμῶν
2963 4891 3256 4963 ἀπέχοντες
3276 4910 3291 4924 ⁸
3317 4894 3394 4956 ὡς
3416 4893 3521 4946 ἀπὺ
3545 4894 3773 4963 κέντρου

2195 4980 2294 5049 τῆς
2329 4979 2435 5049 γῆς
2480 4981 2781 5054 ἀφιεμένης
2815 4982 2912 5053 τῆς
2955 4982 3186 5054 ὀπτικῆς
3228 4982 3528 5053 ἐνεργείας,
3573 4982 3773 5036 ἀλλοῖοι

2196 5076 2314 5136 ταῖς
2344 5077 2554 5144 χροιατς
2603 5078 2698 5129 καὶ
2734 5081 2846 5141 τοῖς
2887 5078 3142 5148 μεγέθεσι
3180 5080 3516 5148 φαίνωνταις
3553 5079 3677 5143 Πῶς
3716 5079 3774 5132 δὲ

2194 5164 2273 5234 τῷ
2297 5164 2615 5238 καλουμένῳ
2642 5168 2776 5236 πρὸς
2802 5168 2956 5240 ὑμῶν
2984 5170 3159 5240 Ἀρεῖ,
3189 5171 3483 5242 κατωτέρω
3499 5170 3596 5241 τὴν
3619 5168 3772 5233 τάξιν
3809 5207 3813 5210 ~

2195 5258 2392 5329 ἔχοντι,
2431 5260 2611 5314 πολλοὶ
2645 5260 2752 5313 τῶν
2784 5260 3040 5315 ἀπλανῶν
3074 5263 3412 5334 ὑπάρχουσιν
3440 5263 3547 5317 [σοι
3577 5279 3636 5316 τε
3677 5262 3773 5315 καὶ

2195 5351 2389 5422 ὅμοιοι,
2421 5352 2513 5405 καὶ
2534 5351 2611 5422 τῷ
2640 5350 2732 5406 τοῦ
2764 5353 2885 5416 Διὸς
2910 5353 3169 5417 ὡσαύτως
3195 5354 3592 5425 παραπλησίως
3626 5352 3772 5419 ὁρῶ-

2201 5463 2299 5515 μεν
2319 5444 2417 5499 οὐκ
2450 5443 2691 5514 ὀλίγους
2734 5444 2873 5499 Ἀλλ’
2912 5446 3033 5499 οὐδὲ
3069 5446 3158 5500 τὶν
3186 5445 3415 5517 οὐρανὸν
3448 5444 3609 5500 αὐτὸν
3640 5444 3773 5513 ὀμό-
