  <div class='ocr_page' id='page_1' title='image "/cluster/home/n/w/nwhite01/storage/ocr_20150623/88/coo.31924054869924/270.png"; bbox 0 0 3994 6432; ppageno 0'>
   <div class='ocr_carea' id='block_1_1' title="bbox 229 387 300 452">
    <p class='ocr_par' dir='ltr' id='par_1_1' title="bbox 229 387 300 452">
     <span class='ocr_line' id='line_1_1' title="bbox 229 387 300 452; baseline 0.056 -4"><span class='ocrx_word' id='word_1_1' title='bbox 229 387 300 452; x_wconf 72' lang='grc' dir='ltr'>ίθτ</span> 
     </span>
    </p>
   </div>
   <div class='ocr_carea' id='block_1_2' title="bbox 1242 329 2494 442">
    <p class='ocr_par' dir='ltr' id='par_1_2' title="bbox 1242 329 2494 442">
     <span class='ocr_line' id='line_1_2' title="bbox 1242 329 2494 442; baseline -0.002 -4"><span class='ocrx_word' id='word_1_2' title='bbox 1242 378 1626 439; x_wconf 78' lang='lat' dir='ltr'><strong>LAUDATIO</strong></span> <span class='ocrx_word' id='word_1_3' title='bbox 1681 329 2005 441; x_wconf 35' lang='lat' dir='ltr'><strong>DMNlUM-</strong></span> <span class='ocrx_word' id='word_1_4' title='bbox 2044 377 2494 442; x_wconf 62' lang='lat' dir='ltr'><strong>MARTYRUM.</strong></span> 
     </span>
    </p>
   </div>
   <div class='ocr_carea' id='block_1_3' title="bbox 3407 375 3523 440">
    <p class='ocr_par' dir='ltr' id='par_1_3' title="bbox 3407 375 3523 440">
     <span class='ocr_line' id='line_1_3' title="bbox 3407 375 3523 440; baseline 0 0"><span class='ocrx_word' id='word_1_5' title='bbox 3407 375 3523 440; x_wconf 67' lang='grc'><strong>498·</strong></span> 
     </span>
    </p>
   </div>
   <div class='ocr_carea' id='block_1_4' title="bbox 241 484 1826 561">
    <p class='ocr_par' dir='ltr' id='par_1_4' title="bbox 241 486 1810 561">
     <span class='ocr_line' id='line_1_4' title="bbox 241 486 1810 561; baseline -0.005 -13"><span class='ocrx_word' id='word_1_6' title='bbox 241 523 255 547; x_wconf 77' lang='grc' dir='ltr'><strong>ι</strong></span> <span class='ocrx_word' id='word_1_7' title='bbox 282 493 555 558; x_wconf 63' lang='grc' dir='ltr'>πιέζοντες,</span> <span class='ocrx_word' id='word_1_8' title='bbox 601 488 685 552; x_wconf 81' lang='grc' dir='ltr'>ὡς</span> <span class='ocrx_word' id='word_1_9' title='bbox 731 489 804 542; x_wconf 80' lang='grc' dir='ltr'>ἐν·</span> <span class='ocrx_word' id='word_1_10' title='bbox 839 486 1026 558; x_wconf 84' lang='grc' dir='ltr'>χαλκῷ</span> <span class='ocrx_word' id='word_1_11' title='bbox 1079 487 1173 542; x_wconf 72' lang='grc' dir='ltr'><strong>καὶ</strong></span> <span class='ocrx_word' id='word_1_12' title='bbox 1217 487 1384 552; x_wconf 82' lang='grc' dir='ltr'>λίθοις</span> <span class='ocrx_word' id='word_1_13' title='bbox 1413 490 1511 560; x_wconf 82' lang='grc' dir='ltr'>τὴν</span> <span class='ocrx_word' id='word_1_14' title='bbox 1539 490 1810 561; x_wconf 75' lang='grc' dir='ltr'><strong>σωτηρίαν</strong></span> 
     </span>
    </p>
   </div>
   <div class='ocr_carea' id='block_1_5' title="bbox 1938 484 3525 561">
    <p class='ocr_par' dir='ltr' id='par_1_5' title="bbox 1987 484 3525 556">
     <span class='ocr_line' id='line_1_5' title="bbox 1987 484 3525 556; baseline -0.002 -12"><span class='ocrx_word' id='word_1_15' title='bbox 1987 506 2090 544; x_wconf 90' lang='lat' dir='ltr'><strong>nos</strong></span> <span class='ocrx_word' id='word_1_16' title='bbox 2148 489 2218 542; x_wconf 88' lang='lat' dir='ltr'><strong>ab</strong></span> <span class='ocrx_word' id='word_1_17' title='bbox 2245 503 2352 542; x_wconf 78' lang='lat' dir='ltr'><strong>aere</strong></span> <span class='ocrx_word' id='word_1_18' title='bbox 2387 497 2439 540; x_wconf 88' lang='lat' dir='ltr'><strong>et</strong></span> <span class='ocrx_word' id='word_1_19' title='bbox 2474 484 2636 556; x_wconf 77' lang='lat' dir='ltr'><strong>lignis</strong></span> <span class='ocrx_word' id='word_1_20' title='bbox 2671 484 2904 539; x_wconf 86' lang='lat' dir='ltr'><strong>salutem</strong></span> <span class='ocrx_word' id='word_1_21' title='bbox 2941 492 3279 554; x_wconf 77' lang='lat' dir='ltr'><strong>exspectare,</strong></span> <span class='ocrx_word' id='word_1_22' title='bbox 3309 494 3363 540; x_wconf 91' lang='lat' dir='ltr'><strong>et</strong></span> <span class='ocrx_word' id='word_1_23' title='bbox 3401 503 3525 542; x_wconf 70' lang='lat' dir='ltr'><strong>non-</strong></span> 
     </span>
    </p>
   </div>
   <div class='ocr_carea' id='block_1_6' title="bbox 244 578 1812 651">
    <p class='ocr_par' dir='ltr' id='par_1_6' title="bbox 244 578 1812 651">
     <span class='ocr_line' id='line_1_6' title="bbox 244 578 1812 651; baseline -0.002 -15"><span class='ocrx_word' id='word_1_24' title='bbox 244 606 256 636; x_wconf 77' lang='grc' dir='ltr'><strong>ι</strong></span> <span class='ocrx_word' id='word_1_25' title='bbox 285 581 610 649; x_wconf 76' lang='grc' dir='ltr'>ποιούμεθα,</span> <span class='ocrx_word' id='word_1_26' title='bbox 650 581 775 648; x_wconf 72' lang='grc' dir='ltr'>οὐχὶ</span> <span class='ocrx_word' id='word_1_27' title='bbox 805 579 861 630; x_wconf 80' lang='grc' dir='ltr'>δὲ</span> <span class='ocrx_word' id='word_1_28' title='bbox 888 578 1023 648; x_wconf 85' lang='grc' dir='ltr'>πρός</span> <span class='ocrx_word' id='word_1_29' title='bbox 1052 595 1171 630; x_wconf 88' lang='grc' dir='ltr'>τινα</span> <span class='ocrx_word' id='word_1_30' title='bbox 1191 578 1421 649; x_wconf 87' lang='grc' dir='ltr'>δύναμιν</span> <span class='ocrx_word' id='word_1_31' title='bbox 1450 583 1812 651; x_wconf 84' lang='grc' dir='ltr'>προνοητικήν</span> 
     </span>
    </p>
   </div>
   <div class='ocr_carea' id='block_1_7' title="bbox 237 667 1814 743">
    <p class='ocr_par' dir='ltr' id='par_1_7' title="bbox 237 667 1814 743">
     <span class='ocr_line' id='line_1_7' title="bbox 237 667 1814 743; baseline 0 -17"><span class='ocrx_word' id='word_1_32' title='bbox 237 699 250 726; x_wconf 78' lang='grc' dir='ltr'><strong>ι</strong></span> <span class='ocrx_word' id='word_1_33' title='bbox 278 693 329 726; x_wconf 85' lang='grc' dir='ltr'><strong>τε</strong></span> <span class='ocrx_word' id='word_1_34' title='bbox 358 673 452 726; x_wconf 76' lang='grc' dir='ltr'><strong>καὶ</strong></span> <span class='ocrx_word' id='word_1_35' title='bbox 484 671 833 740; x_wconf 77' lang='grc' dir='ltr'>συνεκτικὴν</span> <span class='ocrx_word' id='word_1_36' title='bbox 864 669 1285 740; x_wconf 78' lang='grc' dir='ltr'>ἀποὸλὲπωμεν,</span> <span class='ocrx_word' id='word_1_37' title='bbox 1316 673 1451 743; x_wconf 85' lang='grc' dir='ltr'>παρ’</span> <span class='ocrx_word' id='word_1_38' title='bbox 1482 667 1549 743; x_wconf 84' lang='grc' dir='ltr'>ἦς</span> <span class='ocrx_word' id='word_1_39' title='bbox 1587 672 1653 726; x_wconf 78' lang='grc' dir='ltr'><strong>τά</strong></span> <span class='ocrx_word' id='word_1_40' title='bbox 1682 673 1814 726; x_wconf 72' lang='grc' dir='ltr'>κάλε-</span> 
     </span>
    </p>
   </div>
   <div class='ocr_carea' id='block_1_8' title="bbox 229 763 1815 834">
    <p class='ocr_par' dir='ltr' id='par_1_8' title="bbox 229 763 1815 834">
     <span class='ocr_line' id='line_1_8' title="bbox 229 763 1815 834; baseline 0.001 -18"><span class='ocrx_word' id='word_1_41' title='bbox 229 790 241 816; x_wconf 77' lang='grc' dir='ltr'><strong>ι</strong></span> <span class='ocrx_word' id='word_1_42' title='bbox 268 768 424 818; x_wconf 79' lang='grc' dir='ltr'>λιστα</span> <span class='ocrx_word' id='word_1_43' title='bbox 451 765 599 832; x_wconf 77' lang='grc' dir='ltr'>ἡμῖν</span> <span class='ocrx_word' id='word_1_44' title='bbox 625 763 1008 834; x_wconf 70' lang='grc' dir='ltr'>περιγίνεται;</span> <span class='ocrx_word' id='word_1_45' title='bbox 1053 781 1072 814; x_wconf 71' lang='grc' dir='ltr'><strong>ι</strong></span> <span class='ocrx_word' id='word_1_46' title='bbox 1111 781 1128 814; x_wconf 77' lang='grc' dir='ltr'><strong>ι</strong></span> <span class='ocrx_word' id='word_1_47' title='bbox 1176 763 1285 815; x_wconf 72' lang='grc' dir='ltr'><strong>Καὶ</strong></span> <span class='ocrx_word' id='word_1_48' title='bbox 1320 763 1436 826; x_wconf 84' lang='grc' dir='ltr'><strong>πῶς</strong></span> <span class='ocrx_word' id='word_1_49' title='bbox 1463 764 1696 817; x_wconf 89' lang='grc' dir='ltr'>πλάσται</span> <span class='ocrx_word' id='word_1_50' title='bbox 1721 766 1815 818; x_wconf 74' lang='grc' dir='ltr'>καὶ</span> 
     </span>
    </p>
   </div>
   <div class='ocr_carea' id='block_1_9' title="bbox 221 852 1815 924">
    <p class='ocr_par' dir='ltr' id='par_1_9' title="bbox 221 852 1815 924">
     <span class='ocr_line' id='line_1_9' title="bbox 221 852 1815 924; baseline 0.002 -19"><span class='ocrx_word' id='word_1_51' title='bbox 221 879 232 905; x_wconf 82' lang='grc' dir='ltr'><strong>ι</strong></span> <span class='ocrx_word' id='word_1_52' title='bbox 259 854 575 924; x_wconf 75' lang='grc' dir='ltr'>λιθουργοὶ,</span> <span class='ocrx_word' id='word_1_53' title='bbox 608 855 662 905; x_wconf 70' lang='lat' dir='ltr'><strong>of</strong></span> <span class='ocrx_word' id='word_1_54' title='bbox 690 854 964 923; x_wconf 85' lang='grc' dir='ltr'>μάρτυρες</span> <span class='ocrx_word' id='word_1_55' title='bbox 995 852 1222 922; x_wconf 81' lang='grc' dir='ltr'>ἔφησαν,</span> <span class='ocrx_word' id='word_1_56' title='bbox 1249 853 1580 923; x_wconf 71' lang='grc' dir='ltr'><strong>ἀγαλμάτων</strong></span> <span class='ocrx_word' id='word_1_57' title='bbox 1608 855 1815 924; x_wconf 76' lang='grc' dir='ltr'>πλῆθος</span> 
     </span>
    </p>
   </div>
   <div class='ocr_carea' id='block_1_10' title="bbox 215 944 1817 1016">
    <p class='ocr_par' dir='ltr' id='par_1_10' title="bbox 215 944 1817 1016">
     <span class='ocr_line' id='line_1_10' title="bbox 215 944 1817 1016; baseline 0.001 -18"><span class='ocrx_word' id='word_1_58' title='bbox 215 946 792 1008; x_wconf 62' lang='grc' dir='ltr'><strong>«κατασκευάζουσι,</strong></span> <span class='ocrx_word' id='word_1_59' title='bbox 846 944 1120 1009; x_wconf 81' lang='grc' dir='ltr'>ποικίλαις</span> <span class='ocrx_word' id='word_1_60' title='bbox 1173 948 1411 1015; x_wconf 76' lang='grc' dir='ltr'><strong>μορφαῖς</strong></span> <span class='ocrx_word' id='word_1_61' title='bbox 1457 945 1817 1016; x_wconf 85' lang='grc' dir='ltr'>διασχηματί-</span> 
     </span>
    </p>
   </div>
   <div class='ocr_carea' id='block_1_11' title="bbox 216 1037 1817 1109">
    <p class='ocr_par' dir='ltr' id='par_1_11' title="bbox 216 1037 1817 1109">
     <span class='ocr_line' id='line_1_11' title="bbox 216 1037 1817 1109; baseline 0.002 -19"><span class='ocrx_word' id='word_1_62' title='bbox 216 1062 232 1090; x_wconf 76' lang='grc' dir='ltr'><strong>ι</strong></span> <span class='ocrx_word' id='word_1_63' title='bbox 261 1041 480 1104; x_wconf 76' lang='grc' dir='ltr'>ζοντες,</span> <span class='ocrx_word' id='word_1_64' title='bbox 545 1039 653 1090; x_wconf 70' lang='grc' dir='ltr'><strong>καὶ</strong></span> <span class='ocrx_word' id='word_1_65' title='bbox 699 1040 818 1100; x_wconf 81' lang='grc' dir='ltr'>τοῖς</span> <span class='ocrx_word' id='word_1_66' title='bbox 879 1040 1026 1100; x_wconf 84' lang='grc' dir='ltr'>ναοῖς</span> <span class='ocrx_word' id='word_1_67' title='bbox 1072 1037 1478 1108; x_wconf 76' lang='grc' dir='ltr'>προσηλοῦσινς</span> <span class='ocrx_word' id='word_1_68' title='bbox 1516 1040 1707 1109; x_wconf 82' lang='grc' dir='ltr'>Ὑμεῖς</span> <span class='ocrx_word' id='word_1_69' title='bbox 1760 1040 1817 1093; x_wconf 82' lang='grc' dir='ltr'>δὲ</span> 
     </span>
    </p>
   </div>
   <div class='ocr_carea' id='block_1_12' title="bbox 223 1129 1818 1201">
    <p class='ocr_par' dir='ltr' id='par_1_12' title="bbox 223 1129 1818 1201">
     <span class='ocr_line' id='line_1_12' title="bbox 223 1129 1818 1201; baseline 0.001 -18"><span class='ocrx_word' id='word_1_70' title='bbox 223 1155 238 1183; x_wconf 78' lang='grc' dir='ltr'><strong>ι</strong></span> <span class='ocrx_word' id='word_1_71' title='bbox 274 1133 494 1195; x_wconf 76' lang='grc' dir='ltr'>θυσίαις</span> <span class='ocrx_word' id='word_1_72' title='bbox 537 1131 728 1184; x_wconf 79' lang='grc' dir='ltr'>ταῦτα</span> <span class='ocrx_word' id='word_1_73' title='bbox 761 1132 1072 1201; x_wconf 81' lang='grc' dir='ltr'>γεραίρετε,</span> <span class='ocrx_word' id='word_1_74' title='bbox 1119 1129 1218 1200; x_wconf 81' lang='grc' dir='ltr'>τὴν</span> <span class='ocrx_word' id='word_1_75' title='bbox 1263 1130 1374 1183; x_wconf 85' lang='grc' dir='ltr'><strong>τῶν</strong></span> <span class='ocrx_word' id='word_1_76' title='bbox 1415 1131 1637 1201; x_wconf 82' lang='grc' dir='ltr'>ἀπόρων</span> <span class='ocrx_word' id='word_1_77' title='bbox 1663 1133 1818 1186; x_wconf 81' lang='grc' dir='ltr'>λύσιν</span> 
     </span>
    </p>
   </div>
   <div class='ocr_carea' id='block_1_13' title="bbox 233 1221 1817 1294">
    <p class='ocr_par' dir='ltr' id='par_1_13' title="bbox 233 1221 1817 1294">
     <span class='ocr_line' id='line_1_13' title="bbox 233 1221 1817 1294; baseline 0.001 -18"><span class='ocrx_word' id='word_1_78' title='bbox 233 1245 248 1275; x_wconf 82' lang='grc' dir='ltr'><strong>ι</strong></span> <span class='ocrx_word' id='word_1_79' title='bbox 287 1226 411 1293; x_wconf 76' lang='grc' dir='ltr'>παρ’</span> <span class='ocrx_word' id='word_1_80' title='bbox 441 1221 631 1276; x_wconf 75' lang='grc' dir='ltr'>αὐτῶν</span> <span class='ocrx_word' id='word_1_81' title='bbox 663 1221 1080 1291; x_wconf 74' lang='grc' dir='ltr'>ὲξαιτούμενοι;</span> <span class='ocrx_word' id='word_1_82' title='bbox 1121 1221 1184 1272; x_wconf 92' lang='grc' dir='ltr'><strong>Τί</strong></span> <span class='ocrx_word' id='word_1_83' title='bbox 1207 1221 1264 1274; x_wconf 83' lang='grc' dir='ltr'>δὲ</span> <span class='ocrx_word' id='word_1_84' title='bbox 1296 1221 1390 1274; x_wconf 78' lang='grc' dir='ltr'><strong>καὶ</strong></span> <span class='ocrx_word' id='word_1_85' title='bbox 1431 1223 1560 1293; x_wconf 84' lang='grc' dir='ltr'>παρ’</span> <span class='ocrx_word' id='word_1_86' title='bbox 1601 1224 1730 1294; x_wconf 84' lang='grc' dir='ltr'>ὑμῖν</span> <span class='ocrx_word' id='word_1_87' title='bbox 1769 1227 1817 1277; x_wconf 88' lang='grc' dir='ltr'><strong>οί</strong></span> 
     </span>
    </p>
   </div>
   <div class='ocr_carea' id='block_1_14' title="bbox 237 1313 1820 1387">
    <p class='ocr_par' dir='ltr' id='par_1_14' title="bbox 237 1313 1820 1387">
     <span class='ocr_line' id='line_1_14' title="bbox 237 1313 1820 1387; baseline 0.002 -19"><span class='ocrx_word' id='word_1_88' title='bbox 237 1339 251 1368; x_wconf 79' lang='grc' dir='ltr'><strong>ι</strong></span> <span class='ocrx_word' id='word_1_89' title='bbox 286 1317 534 1387; x_wconf 73' lang='grc' dir='ltr'>τύραννοι</span> <span class='ocrx_word' id='word_1_90' title='bbox 560 1313 886 1385; x_wconf 76' lang='grc' dir='ltr'>διεξῆλθονς</span> <span class='ocrx_word' id='word_1_91' title='bbox 926 1315 989 1366; x_wconf 84' lang='lat'><strong>‘0</strong></span> <span class='ocrx_word' id='word_1_92' title='bbox 1016 1313 1151 1382; x_wconf 81' lang='grc' dir='ltr'>φατὲ</span> <span class='ocrx_word' id='word_1_93' title='bbox 1191 1313 1358 1380; x_wconf 88' lang='grc' dir='ltr'>θεῖον,</span> <span class='ocrx_word' id='word_1_94' title='bbox 1387 1316 1446 1368; x_wconf 83' lang='grc' dir='ltr'>ὲν</span> <span class='ocrx_word' id='word_1_95' title='bbox 1490 1317 1696 1370; x_wconf 82' lang='grc' dir='ltr'>εἰκόσιν</span> <span class='ocrx_word' id='word_1_96' title='bbox 1720 1320 1820 1371; x_wconf 82' lang='grc' dir='ltr'><strong>οὐκ</strong></span> 
     </span>
    </p>
   </div>
   <div class='ocr_carea' id='block_1_15' title="bbox 239 1399 1820 1478">
    <p class='ocr_par' dir='ltr' id='par_1_15' title="bbox 239 1399 1820 1478">
     <span class='ocr_line' id='line_1_15' title="bbox 239 1399 1820 1478; baseline 0.002 -18"><span class='ocrx_word' id='word_1_97' title='bbox 239 1432 254 1460; x_wconf 79' lang='grc' dir='ltr'><strong>ι</strong></span> <span class='ocrx_word' id='word_1_98' title='bbox 290 1410 725 1478; x_wconf 75' lang='grc' dir='ltr'>ὲγχαρὰττεται·;</span> <span class='ocrx_word' id='word_1_99' title='bbox 763 1407 889 1469; x_wconf 80' lang='grc' dir='ltr'><strong>Πῶς</strong></span> <span class='ocrx_word' id='word_1_100' title='bbox 920 1399 1015 1459; x_wconf 80' lang='grc' dir='ltr'>οὖν</span> <span class='ocrx_word' id='word_1_101' title='bbox 1041 1408 1173 1478; x_wconf 78' lang='grc' dir='ltr'>ἡμῖν</span> <span class='ocrx_word' id='word_1_102' title='bbox 1201 1405 1622 1478; x_wconf 88' lang='grc' dir='ltr'>διαλοιδορεῖσθε</span> <span class='ocrx_word' id='word_1_103' title='bbox 1653 1409 1820 1463; x_wconf 80' lang='grc' dir='ltr'>δεισι-</span> 
     </span>
    </p>
   </div>
   <div class='ocr_carea' id='block_1_16' title="bbox 243 1499 1816 1570">
    <p class='ocr_par' dir='ltr' id='par_1_16' title="bbox 243 1499 1816 1570">
     <span class='ocr_line' id='line_1_16' title="bbox 243 1499 1816 1570; baseline 0.001 -18"><span class='ocrx_word' id='word_1_104' title='bbox 243 1523 258 1552; x_wconf 76' lang='grc' dir='ltr'><strong>ι</strong></span> <span class='ocrx_word' id='word_1_105' title='bbox 293 1501 718 1570; x_wconf 70' lang='grc' dir='ltr'>δαιμονόστερον</span> <span class='ocrx_word' id='word_1_106' title='bbox 740 1541 753 1557; x_wconf 87' lang='grc'><strong>.</strong></span> <span class='ocrx_word' id='word_1_107' title='bbox 794 1500 881 1566; x_wconf 76' lang='grc' dir='ltr'><strong>ἐφ’</strong></span> <span class='ocrx_word' id='word_1_108' title='bbox 911 1499 1123 1569; x_wconf 77' lang='grc' dir='ltr'>ὁμοίαις</span> <span class='ocrx_word' id='word_1_109' title='bbox 1151 1499 1414 1570; x_wconf 77' lang='grc' dir='ltr'>πράξεσιν</span> <span class='ocrx_word' id='word_1_110' title='bbox 1455 1500 1816 1570; x_wconf 78' lang='grc' dir='ltr'>διακείμενοις</span> 
     </span>
    </p>
   </div>
   <div class='ocr_carea' id='block_1_17' title="bbox 245 1587 1820 1664">
    <p class='ocr_par' dir='ltr' id='par_1_17' title="bbox 245 1587 1820 1664">
     <span class='ocr_line' id='line_1_17' title="bbox 245 1587 1820 1664; baseline 0.001 -19"><span class='ocrx_word' id='word_1_111' title='bbox 245 1615 259 1645; x_wconf 81' lang='grc' dir='ltr'><strong>ι</strong></span> <span class='ocrx_word' id='word_1_112' title='bbox 293 1595 494 1650; x_wconf 69' lang='grc' dir='ltr'>Οὐκοῦν</span> <span class='ocrx_word' id='word_1_113' title='bbox 521 1593 762 1664; x_wconf 75' lang='grc' dir='ltr'>ἐπείπερ</span> <span class='ocrx_word' id='word_1_114' title='bbox 796 1595 952 1662; x_wconf 86' lang='grc' dir='ltr'>ἡμῖν,</span> <span class='ocrx_word' id='word_1_115' title='bbox 984 1587 1028 1644; x_wconf 78' lang='grc' dir='ltr'><strong>ὦ</strong></span> <span class='ocrx_word' id='word_1_116' title='bbox 1061 1592 1334 1657; x_wconf 77' lang='grc' dir='ltr'>δικασταὶ,</span> <span class='ocrx_word' id='word_1_117' title='bbox 1383 1597 1496 1657; x_wconf 86' lang='grc' dir='ltr'>τοῖς</span> <span class='ocrx_word' id='word_1_118' title='bbox 1540 1594 1820 1663; x_wconf 83' lang='grc' dir='ltr'>εύεξελὲγ-</span> 
     </span>
    </p>
   </div>
   <div class='ocr_carea' id='block_1_18' title="bbox 241 1683 1819 1758">
    <p class='ocr_par' dir='ltr' id='par_1_18' title="bbox 241 1683 1819 1758">
     <span class='ocr_line' id='line_1_18' title="bbox 241 1683 1819 1758; baseline 0.001 -20"><span class='ocrx_word' id='word_1_119' title='bbox 241 1707 257 1738; x_wconf 79' lang='grc' dir='ltr'><strong>ι</strong></span> <span class='ocrx_word' id='word_1_120' title='bbox 288 1703 433 1748; x_wconf 83' lang='grc' dir='ltr'>κτοις</span> <span class='ocrx_word' id='word_1_121' title='bbox 455 1685 654 1755; x_wconf 70' lang='grc' dir='ltr'>ψόγοις</span> <span class='ocrx_word' id='word_1_122' title='bbox 685 1685 789 1754; x_wconf 80' lang='grc' dir='ltr'><strong>τὴν</strong></span> <span class='ocrx_word' id='word_1_123' title='bbox 811 1683 923 1737; x_wconf 86' lang='grc' dir='ltr'><strong>τῶν</strong></span> <span class='ocrx_word' id='word_1_124' title='bbox 946 1683 1173 1737; x_wconf 76' lang='grc' dir='ltr'>εἰκόνων</span> <span class='ocrx_word' id='word_1_125' title='bbox 1203 1685 1422 1756; x_wconf 80' lang='grc' dir='ltr'>γραφὴν</span> <span class='ocrx_word' id='word_1_126' title='bbox 1450 1687 1819 1758; x_wconf 87' lang='grc' dir='ltr'>παραρτύετε,</span> 
     </span>
    </p>
   </div>
   <div class='ocr_carea' id='block_1_19' title="bbox 232 1778 1822 1853">
    <p class='ocr_par' dir='ltr' id='par_1_19' title="bbox 232 1778 1822 1853">
     <span class='ocr_line' id='line_1_19' title="bbox 232 1778 1822 1853; baseline 0.003 -22"><span class='ocrx_word' id='word_1_127' title='bbox 232 1803 248 1831; x_wconf 77' lang='grc' dir='ltr'><strong>σ</strong></span> <span class='ocrx_word' id='word_1_128' title='bbox 281 1781 434 1853; x_wconf 71' lang='grc' dir='ltr'>φέρε,</span> <span class='ocrx_word' id='word_1_129' title='bbox 470 1782 576 1850; x_wconf 75' lang='grc' dir='ltr'>τῆς</span> <span class='ocrx_word' id='word_1_130' title='bbox 602 1782 734 1851; x_wconf 72' lang='grc' dir='ltr'>περὶ</span> <span class='ocrx_word' id='word_1_131' title='bbox 760 1779 919 1834; x_wconf 80' lang='grc' dir='ltr'>τοῦτο</span> <span class='ocrx_word' id='word_1_132' title='bbox 953 1778 1162 1851; x_wconf 84' lang='grc' dir='ltr'>πλάνης</span> <span class='ocrx_word' id='word_1_133' title='bbox 1195 1780 1290 1834; x_wconf 80' lang='grc' dir='ltr'>καὶ</span> <span class='ocrx_word' id='word_1_134' title='bbox 1319 1781 1651 1851; x_wconf 79' lang='grc' dir='ltr'>ἀμφιϐολίας</span> <span class='ocrx_word' id='word_1_135' title='bbox 1678 1783 1822 1853; x_wconf 83' lang='grc' dir='ltr'>ὑμᾶς</span> 
     </span>
    </p>
   </div>
   <div class='ocr_carea' id='block_1_20' title="bbox 228 1871 726 1940">
    <p class='ocr_par' dir='ltr' id='par_1_20' title="bbox 228 1871 726 1940">
     <span class='ocr_line' id='line_1_20' title="bbox 228 1871 726 1940; baseline 0.004 -18"><span class='ocrx_word' id='word_1_136' title='bbox 228 1891 246 1922; x_wconf 79' lang='grc' dir='ltr'><strong>ι</strong></span> <span class='ocrx_word' id='word_1_137' title='bbox 283 1871 726 1940; x_wconf 68' lang='grc' dir='ltr'>ἀπαλλάξωμεν.</span> 
     </span>
    </p>
   </div>
   <div class='ocr_carea' id='block_1_21' title="bbox 299 1962 1824 2036">
    <p class='ocr_par' dir='ltr' id='par_1_21' title="bbox 299 1962 1824 2036">
     <span class='ocr_line' id='line_1_21' title="bbox 299 1962 1824 2036; baseline 0.001 -18"><span class='ocrx_word' id='word_1_138' title='bbox 299 1966 406 2031; x_wconf 80' lang='grc' dir='ltr'>ις’.</span> <span class='ocrx_word' id='word_1_139' title='bbox 449 1985 478 2016; x_wconf 65' lang='grc' dir='ltr'>ιν</span> <span class='ocrx_word' id='word_1_140' title='bbox 505 1967 583 2018; x_wconf 69' lang='grc' dir='ltr'><strong>Οὐ</strong></span> <span class='ocrx_word' id='word_1_141' title='bbox 617 1965 722 2034; x_wconf 75' lang='grc' dir='ltr'><strong>γὰρ</strong></span> <span class='ocrx_word' id='word_1_142' title='bbox 750 1963 809 2016; x_wconf 78' lang='grc' dir='ltr'><strong>τὸ</strong></span> <span class='ocrx_word' id='word_1_143' title='bbox 836 1962 993 2017; x_wconf 86' lang='grc' dir='ltr'>Θεῖον</span> <span class='ocrx_word' id='word_1_144' title='bbox 1037 1962 1243 2017; x_wconf 75' lang='grc' dir='ltr'>ἁπλοῦν</span> <span class='ocrx_word' id='word_1_145' title='bbox 1288 1965 1533 2034; x_wconf 84' lang='grc' dir='ltr'>ὑπάρχον</span> <span class='ocrx_word' id='word_1_146' title='bbox 1565 1965 1658 2020; x_wconf 75' lang='grc' dir='ltr'><strong>καὶ</strong></span> <span class='ocrx_word' id='word_1_147' title='bbox 1690 1966 1824 2036; x_wconf 82' lang='grc' dir='ltr'>άλη-</span> 
     </span>
    </p>
   </div>
   <div class='ocr_carea' id='block_1_22' title="bbox 248 2059 1826 2131">
    <p class='ocr_par' dir='ltr' id='par_1_22' title="bbox 248 2059 1826 2131">
     <span class='ocr_line' id='line_1_22' title="bbox 248 2059 1826 2131; baseline 0.001 -18"><span class='ocrx_word' id='word_1_148' title='bbox 248 2079 270 2113; x_wconf 72' lang='grc' dir='ltr'><strong>ο</strong></span> <span class='ocrx_word' id='word_1_149' title='bbox 307 2077 451 2112; x_wconf 56' lang='lat' dir='ltr'><strong>more</strong></span> <span class='ocrx_word' id='word_1_150' title='bbox 485 2063 831 2129; x_wconf 60' lang='grc' dir='ltr'>μορφαῖςτισι</span> <span class='ocrx_word' id='word_1_151' title='bbox 854 2059 949 2113; x_wconf 77' lang='grc' dir='ltr'>καὶ</span> <span class='ocrx_word' id='word_1_152' title='bbox 983 2060 1258 2130; x_wconf 85' lang='grc' dir='ltr'>σχήμασιν</span> <span class='ocrx_word' id='word_1_153' title='bbox 1279 2061 1680 2131; x_wconf 80' lang='grc' dir='ltr'>ἀπεικάζομεν,</span> <span class='ocrx_word' id='word_1_154' title='bbox 1701 2063 1826 2116; x_wconf 74' lang='grc' dir='ltr'>οὔτε</span> 
     </span>
    </p>
   </div>
   <div class='ocr_carea' id='block_1_23' title="bbox 254 2149 1827 2224">
    <p class='ocr_par' dir='ltr' id='par_1_23' title="bbox 254 2149 1827 2224">
     <span class='ocr_line' id='line_1_23' title="bbox 254 2149 1827 2224; baseline 0.002 -21"><span class='ocrx_word' id='word_1_155' title='bbox 254 2172 273 2203; x_wconf 77' lang='grc' dir='ltr'><strong>ι</strong></span> <span class='ocrx_word' id='word_1_156' title='bbox 310 2151 481 2221; x_wconf 82' lang='grc' dir='ltr'>κηρῷ</span> <span class='ocrx_word' id='word_1_157' title='bbox 513 2151 608 2204; x_wconf 79' lang='grc' dir='ltr'><strong>καὶ</strong></span> <span class='ocrx_word' id='word_1_158' title='bbox 637 2150 798 2215; x_wconf 74' lang='grc' dir='ltr'>ξύλοις·</span> <span class='ocrx_word' id='word_1_159' title='bbox 829 2150 928 2219; x_wconf 86' lang='grc' dir='ltr'><strong>τὴν</strong></span> <span class='ocrx_word' id='word_1_160' title='bbox 977 2149 1304 2222; x_wconf 82' lang='grc' dir='ltr'>ὑπερούσιον</span> <span class='ocrx_word' id='word_1_161' title='bbox 1357 2151 1453 2203; x_wconf 78' lang='grc' dir='ltr'><strong>καὶ</strong></span> <span class='ocrx_word' id='word_1_162' title='bbox 1483 2152 1827 2224; x_wconf 85' lang='grc' dir='ltr'>προάναρχον</span> 
     </span>
    </p>
   </div>
   <div class='ocr_carea' id='block_1_24' title="bbox 251 2241 1826 2312">
    <p class='ocr_par' dir='ltr' id='par_1_24' title="bbox 251 2241 1826 2312">
     <span class='ocr_line' id='line_1_24' title="bbox 251 2241 1826 2312; baseline 0.003 -17"><span class='ocrx_word' id='word_1_163' title='bbox 251 2263 270 2296; x_wconf 74' lang='grc' dir='ltr'><strong>ι</strong></span> <span class='ocrx_word' id='word_1_164' title='bbox 304 2242 504 2295; x_wconf 77' lang='grc' dir='ltr'>οὐσίαν</span> <span class='ocrx_word' id='word_1_165' title='bbox 561 2243 722 2310; x_wconf 76' lang='grc' dir='ltr'>τιμᾷν</span> <span class='ocrx_word' id='word_1_166' title='bbox 771 2243 928 2310; x_wconf 87' lang='grc' dir='ltr'>ήμεῖς</span> <span class='ocrx_word' id='word_1_167' title='bbox 976 2241 1393 2312; x_wconf 81' lang='grc' dir='ltr'>διεγνώκαμεν’</span> <span class='ocrx_word' id='word_1_168' title='bbox 1441 2243 1556 2297; x_wconf 82' lang='grc' dir='ltr'>ἀλλ’</span> <span class='ocrx_word' id='word_1_169' title='bbox 1592 2246 1686 2298; x_wconf 75' lang='grc' dir='ltr'><strong>ἐπὶ</strong></span> <span class='ocrx_word' id='word_1_170' title='bbox 1730 2246 1826 2300; x_wconf 82' lang='grc' dir='ltr'><strong>τοῦ</strong></span> 
     </span>
    </p>
   </div>
   <div class='ocr_carea' id='block_1_25' title="bbox 237 2332 1826 2409">
    <p class='ocr_par' dir='ltr' id='par_1_25' title="bbox 237 2332 1826 2409">
     <span class='ocr_line' id='line_1_25' title="bbox 237 2332 1826 2409; baseline 0.006 -24"><span class='ocrx_word' id='word_1_171' title='bbox 237 2355 256 2385; x_wconf 72' lang='grc' dir='ltr'><strong>ι</strong></span> <span class='ocrx_word' id='word_1_172' title='bbox 295 2332 526 2403; x_wconf 82' lang='grc' dir='ltr'>πρώτου</span> <span class='ocrx_word' id='word_1_173' title='bbox 559 2333 1091 2398; x_wconf 73' lang='grc' dir='ltr'>καταπαλαισθέντος</span> <span class='ocrx_word' id='word_1_174' title='bbox 1142 2333 1432 2406; x_wconf 83' lang='grc' dir='ltr'>ἀνθρώπου</span> <span class='ocrx_word' id='word_1_175' title='bbox 1470 2337 1560 2391; x_wconf 86' lang='grc' dir='ltr'><strong>διὰ</strong></span> <span class='ocrx_word' id='word_1_176' title='bbox 1589 2339 1690 2409; x_wconf 79' lang='grc' dir='ltr'><strong>τῆς</strong></span> <span class='ocrx_word' id='word_1_177' title='bbox 1717 2358 1826 2394; x_wconf 69' lang='grc' dir='ltr'>παι</span> 
     </span>
    </p>
   </div>
   <div class='ocr_carea' id='block_1_26' title="bbox 226 2425 1828 2503">
    <p class='ocr_par' dir='ltr' id='par_1_26' title="bbox 226 2425 1828 2503">
     <span class='ocr_line' id='line_1_26' title="bbox 226 2425 1828 2503; baseline 0.006 -27"><span class='ocrx_word' id='word_1_178' title='bbox 226 2447 244 2476; x_wconf 78' lang='grc' dir='ltr'><strong>ι</strong></span> <span class='ocrx_word' id='word_1_179' title='bbox 280 2425 582 2497; x_wconf 72' lang='grc' dir='ltr'>ρασάσεως</span> <span class='ocrx_word' id='word_1_180' title='bbox 612 2425 708 2478; x_wconf 72' lang='grc' dir='ltr'><strong>καὶ</strong></span> <span class='ocrx_word' id='word_1_181' title='bbox 753 2426 848 2496; x_wconf 82' lang='grc' dir='ltr'>τῆς</span> <span class='ocrx_word' id='word_1_182' title='bbox 894 2425 1232 2498; x_wconf 86' lang='grc' dir='ltr'>καθελούσης</span> <span class='ocrx_word' id='word_1_183' title='bbox 1284 2428 1660 2500; x_wconf 82' lang='grc' dir='ltr'>ἀποστατικῆς</span> <span class='ocrx_word' id='word_1_184' title='bbox 1693 2431 1828 2503; x_wconf 87' lang='grc' dir='ltr'>θρα-</span> 
     </span>
    </p>
   </div>
   <div class='ocr_carea' id='block_1_27' title="bbox 223 2519 1824 2590">
    <p class='ocr_par' dir='ltr' id='par_1_27' title="bbox 223 2519 1824 2590">
     <span class='ocr_line' id='line_1_27' title="bbox 223 2519 1824 2590; baseline 0.004 -20"><span class='ocrx_word' id='word_1_185' title='bbox 223 2540 240 2570; x_wconf 77' lang='grc' dir='ltr'>σ</span> <span class='ocrx_word' id='word_1_186' title='bbox 275 2519 600 2590; x_wconf 75' lang='grc' dir='ltr'>σννομὲνης</span> <span class='ocrx_word' id='word_1_187' title='bbox 655 2520 960 2589; x_wconf 75' lang='grc' dir='ltr'>δυνάμεως,</span> <span class='ocrx_word' id='word_1_188' title='bbox 1010 2523 1041 2588; x_wconf 90' lang='grc' dir='ltr'><strong>ή</strong></span> <span class='ocrx_word' id='word_1_189' title='bbox 1100 2519 1262 2588; x_wconf 86' lang='grc' dir='ltr'>φύσις</span> <span class='ocrx_word' id='word_1_190' title='bbox 1309 2521 1484 2576; x_wconf 76' lang='grc' dir='ltr'>ἐδεῖτο</span> <span class='ocrx_word' id='word_1_191' title='bbox 1543 2523 1640 2576; x_wconf 79' lang='grc' dir='ltr'>τοῦ</span> <span class='ocrx_word' id='word_1_192' title='bbox 1689 2525 1824 2577; x_wconf 85' lang='grc' dir='ltr'>ἀνα-</span> 
     </span>
    </p>
   </div>
   <div class='ocr_carea' id='block_1_28' title="bbox 223 2607 1827 2683">
    <p class='ocr_par' dir='ltr' id='par_1_28' title="bbox 223 2607 1827 2683">
     <span class='ocr_line' id='line_1_28' title="bbox 223 2607 1827 2683; baseline 0.004 -21"><span class='ocrx_word' id='word_1_193' title='bbox 223 2631 241 2662; x_wconf 78' lang='lat' dir='ltr'><strong>t</strong></span> <span class='ocrx_word' id='word_1_194' title='bbox 280 2613 584 2680; x_wconf 78' lang='grc' dir='ltr'>στήσοντος</span> <span class='ocrx_word' id='word_1_195' title='bbox 617 2628 631 2639; x_wconf 88' lang='grc'><strong>·</strong></span> <span class='ocrx_word' id='word_1_196' title='bbox 698 2611 762 2662; x_wconf 82' lang='grc' dir='ltr'><strong>ού</strong></span> <span class='ocrx_word' id='word_1_197' title='bbox 825 2609 935 2678; x_wconf 75' lang='grc' dir='ltr'>γὰρ</span> <span class='ocrx_word' id='word_1_198' title='bbox 982 2607 1070 2664; x_wconf 73' lang='grc' dir='ltr'>οἷά</span> <span class='ocrx_word' id='word_1_199' title='bbox 1112 2629 1170 2664; x_wconf 90' lang='grc' dir='ltr'><strong>τε</strong></span> <span class='ocrx_word' id='word_1_200' title='bbox 1218 2607 1286 2683; x_wconf 82' lang='grc' dir='ltr'>ἦν</span> <span class='ocrx_word' id='word_1_201' title='bbox 1341 2611 1400 2678; x_wconf 80' lang='grc' dir='ltr'><strong>ἐξ</strong></span> <span class='ocrx_word' id='word_1_202' title='bbox 1446 2615 1648 2683; x_wconf 78' lang='grc' dir='ltr'>ἑαυτῆς</span> <span class='ocrx_word' id='word_1_203' title='bbox 1679 2617 1827 2670; x_wconf 86' lang='grc' dir='ltr'>κάτω</span> 
     </span>
    </p>
   </div>
   <div class='ocr_carea' id='block_1_29' title="bbox 229 2698 1828 2773">
    <p class='ocr_par' dir='ltr' id='par_1_29' title="bbox 229 2698 1828 2773">
     <span class='ocr_line' id='line_1_29' title="bbox 229 2698 1828 2773; baseline 0.004 -19"><span class='ocrx_word' id='word_1_204' title='bbox 229 2725 246 2754; x_wconf 74' lang='grc' dir='ltr'><strong>ι</strong></span> <span class='ocrx_word' id='word_1_205' title='bbox 281 2703 516 2772; x_wconf 75' lang='grc' dir='ltr'>κειμένη</span> <span class='ocrx_word' id='word_1_206' title='bbox 552 2702 659 2772; x_wconf 80' lang='grc' dir='ltr'><strong>τὴν</strong></span> <span class='ocrx_word' id='word_1_207' title='bbox 684 2698 858 2773; x_wconf 68' lang='grc' dir='ltr'><strong>⁴ἧτταν</strong></span> <span class='ocrx_word' id='word_1_208' title='bbox 899 2703 1206 2756; x_wconf 81' lang='grc' dir='ltr'>ἀναπλάσαι</span> <span class='ocrx_word' id='word_1_209' title='bbox 1251 2721 1310 2756; x_wconf 89' lang='grc' dir='ltr'><strong>τε</strong></span> <span class='ocrx_word' id='word_1_210' title='bbox 1352 2706 1446 2758; x_wconf 77' lang='grc' dir='ltr'>καὶ</span> <span class='ocrx_word' id='word_1_211' title='bbox 1489 2707 1828 2760; x_wconf 80' lang='grc' dir='ltr'>ἀνακαλέσα-</span> 
     </span>
    </p>
   </div>
   <div class='ocr_carea' id='block_1_30' title="bbox 235 2792 1826 2866">
    <p class='ocr_par' dir='ltr' id='par_1_30' title="bbox 235 2792 1826 2866">
     <span class='ocr_line' id='line_1_30' title="bbox 235 2792 1826 2866; baseline 0.006 -21"><span class='ocrx_word' id='word_1_212' title='bbox 235 2815 254 2845; x_wconf 77' lang='grc' dir='ltr'><strong>ι</strong></span> <span class='ocrx_word' id='word_1_213' title='bbox 291 2795 436 2858; x_wconf 83' lang='grc' dir='ltr'>σθαι,</span> <span class='ocrx_word' id='word_1_214' title='bbox 463 2794 561 2847; x_wconf 76' lang='grc' dir='ltr'>τοῦ</span> <span class='ocrx_word' id='word_1_215' title='bbox 594 2792 804 2865; x_wconf 75' lang='grc' dir='ltr'>ἐχθροῦ</span> <span class='ocrx_word' id='word_1_216' title='bbox 835 2795 912 2865; x_wconf 80' lang='grc' dir='ltr'>τῷ</span> <span class='ocrx_word' id='word_1_217' title='bbox 933 2795 1188 2865; x_wconf 80' lang='grc' dir='ltr'>πτώματι</span> <span class='ocrx_word' id='word_1_218' title='bbox 1220 2798 1676 2866; x_wconf 79' lang='grc' dir='ltr'>ὲπεμϐαίνοντος·</span> <span class='ocrx_word' id='word_1_219' title='bbox 1703 2800 1826 2854; x_wconf 74' lang='grc' dir='ltr'>οὔτε</span> 
     </span>
    </p>
   </div>
   <div class='ocr_carea' id='block_1_31' title="bbox 233 2889 1826 2964">
    <p class='ocr_par' dir='ltr' id='par_1_31' title="bbox 233 2889 1826 2964">
     <span class='ocr_line' id='line_1_31' title="bbox 233 2889 1826 2964; baseline 0.006 -25"><span class='ocrx_word' id='word_1_220' title='bbox 233 2909 254 2939; x_wconf 75' lang='grc' dir='ltr'><strong>ι</strong></span> <span class='ocrx_word' id='word_1_221' title='bbox 298 2890 397 2959; x_wconf 74' lang='grc' dir='ltr'>μὲν</span> <span class='ocrx_word' id='word_1_222' title='bbox 421 2889 567 2952; x_wconf 65' lang='grc' dir='ltr'>εἰκὸς</span> <span class='ocrx_word' id='word_1_223' title='bbox 618 2889 872 2959; x_wconf 81' lang='grc' dir='ltr'>ὑπῆρχεν</span> <span class='ocrx_word' id='word_1_224' title='bbox 910 2890 985 2959; x_wconf 82' lang='grc' dir='ltr'>μὴ</span> <span class='ocrx_word' id='word_1_225' title='bbox 1024 2891 1119 2944; x_wconf 74' lang='grc' dir='ltr'>ἐπὶ</span> <span class='ocrx_word' id='word_1_226' title='bbox 1156 2891 1432 2962; x_wconf 81' lang='grc' dir='ltr'>δευτέροις</span> <span class='ocrx_word' id='word_1_227' title='bbox 1483 2894 1826 2964; x_wconf 87' lang='grc' dir='ltr'>παλαίσμασι</span> 
     </span>
    </p>
   </div>
   <div class='ocr_carea' id='block_1_32' title="bbox 230 2981 1828 3050">
    <p class='ocr_par' dir='ltr' id='par_1_32' title="bbox 230 2981 1828 3050">
     <span class='ocr_line' id='line_1_32' title="bbox 230 2981 1828 3050; baseline 0.006 -18"><span class='ocrx_word' id='word_1_228' title='bbox 230 3001 254 3032; x_wconf 73' lang='grc' dir='ltr'><strong>ο</strong></span> <span class='ocrx_word' id='word_1_229' title='bbox 293 2981 395 3050; x_wconf 80' lang='grc' dir='ltr'>τῆς</span> <span class='ocrx_word' id='word_1_230' title='bbox 439 2981 596 3050; x_wconf 77' lang='grc' dir='ltr'>νίκης</span> <span class='ocrx_word' id='word_1_231' title='bbox 650 2981 744 3033; x_wconf 78' lang='grc' dir='ltr'><strong>τὸν</strong></span> <span class='ocrx_word' id='word_1_232' title='bbox 803 2981 1067 3050; x_wconf 86' lang='grc' dir='ltr'>τύραννον</span> <span class='ocrx_word' id='word_1_233' title='bbox 1114 2984 1502 3050; x_wconf 78' lang='grc' dir='ltr'>ὲκτινάξασθαι</span> <span class='ocrx_word' id='word_1_234' title='bbox 1532 3002 1547 3018; x_wconf 89' lang='grc'><strong>·</strong></span> <span class='ocrx_word' id='word_1_235' title='bbox 1596 2987 1759 3050; x_wconf 81' lang='grc' dir='ltr'>αὐτὸς</span> <span class='ocrx_word' id='word_1_236' title='bbox 1801 2991 1828 3041; x_wconf 86' lang='grc' dir='ltr'>ὁ</span> 
     </span>
    </p>
   </div>
   <div class='ocr_carea' id='block_1_33' title="bbox 230 3072 1827 3150">
    <p class='ocr_par' dir='ltr' id='par_1_33' title="bbox 230 3072 1827 3150">
     <span class='ocr_line' id='line_1_33' title="bbox 230 3072 1827 3150; baseline 0.004 -26"><span class='ocrx_word' id='word_1_237' title='bbox 230 3092 251 3122; x_wconf 72' lang='grc' dir='ltr'><strong>ι</strong></span> <span class='ocrx_word' id='word_1_238' title='bbox 287 3072 636 3144; x_wconf 75' lang='grc' dir='ltr'>Δημιουργὸς</span> <span class='ocrx_word' id='word_1_239' title='bbox 665 3072 763 3126; x_wconf 80' lang='grc' dir='ltr'>τοῦ</span> <span class='ocrx_word' id='word_1_240' title='bbox 808 3074 1013 3126; x_wconf 78' lang='grc' dir='ltr'>οἰκείου</span> <span class='ocrx_word' id='word_1_241' title='bbox 1047 3076 1374 3147; x_wconf 85' lang='grc' dir='ltr'>ποιήματος,</span> <span class='ocrx_word' id='word_1_242' title='bbox 1399 3077 1428 3128; x_wconf 84' lang='grc' dir='ltr'><strong>ὁ</strong></span> <span class='ocrx_word' id='word_1_243' title='bbox 1459 3077 1558 3146; x_wconf 85' lang='grc' dir='ltr'><strong>τῆς</strong></span> <span class='ocrx_word' id='word_1_244' title='bbox 1596 3079 1827 3150; x_wconf 81' lang='grc' dir='ltr'>Τριάδος</span> 
     </span>
    </p>
   </div>
   <div class='ocr_carea' id='block_1_34' title="bbox 223 3161 1826 3240">
    <p class='ocr_par' dir='ltr' id='par_1_34' title="bbox 223 3161 1826 3240">
     <span class='ocr_line' id='line_1_34' title="bbox 223 3161 1826 3240; baseline 0.005 -23"><span class='ocrx_word' id='word_1_245' title='bbox 223 3186 244 3216; x_wconf 73' lang='grc' dir='ltr'><em>α</em></span> <span class='ocrx_word' id='word_1_246' title='bbox 279 3161 385 3229; x_wconf 71' lang='grc' dir='ltr'>εἷς,</span> <span class='ocrx_word' id='word_1_247' title='bbox 420 3168 449 3218; x_wconf 83' lang='grc' dir='ltr'><strong>ό</strong></span> <span class='ocrx_word' id='word_1_248' title='bbox 483 3165 627 3228; x_wconf 78' lang='grc' dir='ltr'>Θεὸς</span> <span class='ocrx_word' id='word_1_249' title='bbox 695 3165 893 3233; x_wconf 77' lang='grc' dir='ltr'>Λόγος,</span> <span class='ocrx_word' id='word_1_250' title='bbox 949 3165 1140 3236; x_wconf 83' lang='grc' dir='ltr'>ὥσπερ</span> <span class='ocrx_word' id='word_1_251' title='bbox 1195 3167 1255 3219; x_wconf 87' lang='grc' dir='ltr'>οὐ</span> <span class='ocrx_word' id='word_1_252' title='bbox 1307 3170 1372 3240; x_wconf 81' lang='grc' dir='ltr'>τῇ</span> <span class='ocrx_word' id='word_1_253' title='bbox 1413 3168 1609 3223; x_wconf 85' lang='grc' dir='ltr'>πλάσει</span> <span class='ocrx_word' id='word_1_254' title='bbox 1656 3171 1826 3230; x_wconf 66' lang='grc' dir='ltr'>πάλαι</span> 
     </span>
    </p>
   </div>
   <div class='ocr_carea' id='block_1_35' title="bbox 210 3255 1824 3330">
    <p class='ocr_par' dir='ltr' id='par_1_35' title="bbox 210 3255 1824 3330">
     <span class='ocr_line' id='line_1_35' title="bbox 210 3255 1824 3330; baseline 0.006 -22"><span class='ocrx_word' id='word_1_255' title='bbox 210 3277 233 3308; x_wconf 69' lang='grc' dir='ltr'><strong>α</strong></span> <span class='ocrx_word' id='word_1_256' title='bbox 272 3258 378 3327; x_wconf 71' lang='grc' dir='ltr'>τῆς</span> <span class='ocrx_word' id='word_1_257' title='bbox 405 3257 637 3324; x_wconf 76' lang='grc' dir='ltr'>φύσεως</span> <span class='ocrx_word' id='word_1_258' title='bbox 689 3257 967 3328; x_wconf 72' lang='grc' dir='ltr'>ύπουργόν</span> <span class='ocrx_word' id='word_1_259' title='bbox 1011 3275 1134 3312; x_wconf 90' lang='grc' dir='ltr'>τινα</span> <span class='ocrx_word' id='word_1_260' title='bbox 1182 3255 1608 3330; x_wconf 80' lang='grc' dir='ltr'>παρεστήσατο,</span> <span class='ocrx_word' id='word_1_261' title='bbox 1649 3262 1824 3328; x_wconf 78' lang='grc' dir='ltr'>οὕτως</span> 
     </span>
    </p>
   </div>
   <div class='ocr_carea' id='block_1_36' title="bbox 201 3347 1825 3425">
    <p class='ocr_par' dir='ltr' id='par_1_36' title="bbox 201 3347 1825 3425">
     <span class='ocr_line' id='line_1_36' title="bbox 201 3347 1825 3425; baseline 0.004 -24"><span class='ocrx_word' id='word_1_262' title='bbox 201 3348 334 3402; x_wconf 66' lang='grc' dir='ltr'>οὔδε</span> <span class='ocrx_word' id='word_1_263' title='bbox 361 3347 460 3402; x_wconf 72' lang='grc' dir='ltr'>νῦν</span> <span class='ocrx_word' id='word_1_264' title='bbox 491 3348 596 3418; x_wconf 75' lang='grc' dir='ltr'>τὴν</span> <span class='ocrx_word' id='word_1_265' title='bbox 634 3348 830 3402; x_wconf 80' lang='grc' dir='ltr'>εἰκόνα</span> <span class='ocrx_word' id='word_1_266' title='bbox 878 3349 1179 3418; x_wconf 82' lang='grc' dir='ltr'>φθαρεῖσαν</span> <span class='ocrx_word' id='word_1_267' title='bbox 1219 3350 1634 3423; x_wconf 85' lang='grc' dir='ltr'>ἀνανεούμενος,</span> <span class='ocrx_word' id='word_1_268' title='bbox 1680 3355 1825 3425; x_wconf 82' lang='grc' dir='ltr'>ἄλλῳ</span> 
     </span>
    </p>
   </div>
   <div class='ocr_carea' id='block_1_37' title="bbox 212 3438 1826 3514">
    <p class='ocr_par' dir='ltr' id='par_1_37' title="bbox 212 3438 1826 3514">
     <span class='ocr_line' id='line_1_37' title="bbox 212 3438 1826 3514; baseline 0.005 -24"><span class='ocrx_word' id='word_1_269' title='bbox 212 3439 316 3508; x_wconf 70' lang='grc' dir='ltr'><strong>τὴν</strong></span> <span class='ocrx_word' id='word_1_270' title='bbox 339 3439 655 3508; x_wconf 71' lang='grc' dir='ltr'>ἀνάκτησιν</span> <span class='ocrx_word' id='word_1_271' title='bbox 695 3438 1029 3508; x_wconf 81' lang='grc' dir='ltr'>ἐνεχείρισεν</span> <span class='ocrx_word' id='word_1_272' title='bbox 1051 3479 1065 3503; x_wconf 95' lang='grc'><strong>,</strong></span> <span class='ocrx_word' id='word_1_273' title='bbox 1108 3439 1226 3493; x_wconf 82' lang='grc' dir='ltr'>ἀλλ’</span> <span class='ocrx_word' id='word_1_274' title='bbox 1275 3441 1562 3513; x_wconf 82' lang='grc' dir='ltr'>αὐτουργῷ</span> <span class='ocrx_word' id='word_1_275' title='bbox 1595 3443 1826 3514; x_wconf 88' lang='grc' dir='ltr'>δυνάμει</span> 
     </span>
    </p>
   </div>
   <div class='ocr_carea' id='block_1_38' title="bbox 219 3529 1828 3606">
    <p class='ocr_par' dir='ltr' id='par_1_38' title="bbox 219 3529 1828 3606">
     <span class='ocr_line' id='line_1_38' title="bbox 219 3529 1828 3606; baseline -0.005 -10"><span class='ocrx_word' id='word_1_276' title='bbox 219 3532 596 3600; x_wconf 60' lang='grc' dir='ltr'>χρεώμενος.</span> <span class='ocrx_word' id='word_1_277' title='bbox 643 3532 776 3593; x_wconf 78' lang='grc' dir='ltr'>τοὺς</span> <span class='ocrx_word' id='word_1_278' title='bbox 827 3529 969 3601; x_wconf 82' lang='grc' dir='ltr'>ὑπὲρ</span> <span class='ocrx_word' id='word_1_279' title='bbox 999 3531 1160 3600; x_wconf 80' lang='grc' dir='ltr'>ἡμῶν</span> <span class='ocrx_word' id='word_1_280' title='bbox 1209 3532 1430 3600; x_wconf 85' lang='grc' dir='ltr'>ἀγῶνας</span> <span class='ocrx_word' id='word_1_281' title='bbox 1462 3535 1828 3606; x_wconf 80' lang='grc' dir='ltr'>ἀνθρωπικῶς</span> 
     </span>
    </p>
   </div>
   <div class='ocr_carea' id='block_1_39' title="bbox 227 3619 1829 3699">
    <p class='ocr_par' dir='ltr' id='par_1_39' title="bbox 227 3619 1829 3699">
     <span class='ocr_line' id='line_1_39' title="bbox 227 3619 1829 3699; baseline 0.006 -26"><span class='ocrx_word' id='word_1_282' title='bbox 227 3643 249 3673; x_wconf 72' lang='grc' dir='ltr'><strong>ε</strong></span> <span class='ocrx_word' id='word_1_283' title='bbox 290 3625 585 3690; x_wconf 75' lang='grc' dir='ltr'>ἀνεδέξατο</span> <span class='ocrx_word' id='word_1_284' title='bbox 604 3639 620 3652; x_wconf 76' lang='grc'>⁸</span> <span class='ocrx_word' id='word_1_285' title='bbox 651 3622 816 3676; x_wconf 79' lang='grc' dir='ltr'>τοῦτο</span> <span class='ocrx_word' id='word_1_286' title='bbox 836 3623 947 3695; x_wconf 81' lang='grc' dir='ltr'>γὰρ</span> <span class='ocrx_word' id='word_1_287' title='bbox 982 3619 1049 3694; x_wconf 78' lang='grc' dir='ltr'>ἦν</span> <span class='ocrx_word' id='word_1_288' title='bbox 1079 3641 1193 3687; x_wconf 88' lang='grc' dir='ltr'><strong>πως</strong></span> <span class='ocrx_word' id='word_1_289' title='bbox 1237 3626 1442 3680; x_wconf 82' lang='grc' dir='ltr'>οἰκεῖον</span> <span class='ocrx_word' id='word_1_290' title='bbox 1472 3626 1594 3699; x_wconf 86' lang='grc' dir='ltr'><strong>Θεῷ</strong></span> <span class='ocrx_word' id='word_1_291' title='bbox 1635 3627 1829 3682; x_wconf 85' lang='grc' dir='ltr'>καταλ-</span> 
     </span>
    </p>
   </div>
   <div class='ocr_carea' id='block_1_40' title="bbox 221 3715 1828 3793">
    <p class='ocr_par' dir='ltr' id='par_1_40' title="bbox 221 3715 1828 3793">
     <span class='ocr_line' id='line_1_40' title="bbox 221 3715 1828 3793; baseline 0.006 -27"><span class='ocrx_word' id='word_1_292' title='bbox 221 3736 245 3766; x_wconf 71' lang='grc' dir='ltr'><strong>ι</strong></span> <span class='ocrx_word' id='word_1_293' title='bbox 279 3716 457 3785; x_wconf 68' lang='grc' dir='ltr'>λῆλως</span> <span class='ocrx_word' id='word_1_294' title='bbox 495 3715 578 3785; x_wconf 80' lang='grc' dir='ltr'>τῷ</span> <span class='ocrx_word' id='word_1_295' title='bbox 621 3716 971 3786; x_wconf 75' lang='grc' dir='ltr'>ἀγωνίσματι</span> <span class='ocrx_word' id='word_1_296' title='bbox 1002 3716 1422 3788; x_wconf 79' lang='grc' dir='ltr'>διαπράξασθαι.</span> <span class='ocrx_word' id='word_1_297' title='bbox 1502 3720 1723 3793; x_wconf 81' lang='grc' dir='ltr'>Ἐπειδὴ</span> <span class='ocrx_word' id='word_1_298' title='bbox 1771 3722 1828 3776; x_wconf 79' lang='grc' dir='ltr'>δὲ</span> 
     </span>
    </p>
   </div>
   <div class='ocr_carea' id='block_1_41' title="bbox 223 3805 1828 3880">
    <p class='ocr_par' dir='ltr' id='par_1_41' title="bbox 223 3805 1828 3880">
     <span class='ocr_line' id='line_1_41' title="bbox 223 3805 1828 3880; baseline 0.006 -21"><span class='ocrx_word' id='word_1_299' title='bbox 223 3827 246 3859; x_wconf 76' lang='grc' dir='ltr'><strong>ι</strong></span> <span class='ocrx_word' id='word_1_300' title='bbox 284 3811 390 3871; x_wconf 73' lang='grc' dir='ltr'>πᾶς</span> <span class='ocrx_word' id='word_1_301' title='bbox 415 3811 447 3862; x_wconf 68' lang='grc' dir='ltr'>ὁ</span> <span class='ocrx_word' id='word_1_302' title='bbox 482 3805 900 3876; x_wconf 73' lang='grc' dir='ltr'>ἀγωνιζόμενος</span> <span class='ocrx_word' id='word_1_303' title='bbox 948 3809 1092 3880; x_wconf 74' lang='grc' dir='ltr'>τρισὶ</span> <span class='ocrx_word' id='word_1_304' title='bbox 1134 3809 1357 3880; x_wconf 80' lang='grc' dir='ltr'>τρόποις</span> <span class='ocrx_word' id='word_1_305' title='bbox 1407 3811 1438 3880; x_wconf 78' lang='grc' dir='ltr'><strong>ἢ</strong></span> <span class='ocrx_word' id='word_1_306' title='bbox 1489 3812 1568 3864; x_wconf 82' lang='grc' dir='ltr'><strong>ἑνί</strong></span> <span class='ocrx_word' id='word_1_307' title='bbox 1605 3829 1668 3879; x_wconf 87' lang='grc' dir='ltr'><strong>γε</strong></span> <span class='ocrx_word' id='word_1_308' title='bbox 1704 3814 1828 3868; x_wconf 85' lang='grc' dir='ltr'>τού-</span> 
     </span>
    </p>
   </div>
   <div class='ocr_carea' id='block_1_42' title="bbox 241 3901 1825 3980">
    <p class='ocr_par' dir='ltr' id='par_1_42' title="bbox 241 3901 1825 3980">
     <span class='ocr_line' id='line_1_42' title="bbox 241 3901 1825 3980; baseline 0.005 -28"><span class='ocrx_word' id='word_1_309' title='bbox 241 3921 262 3952; x_wconf 73' lang='grc'><strong>(</strong></span> <span class='ocrx_word' id='word_1_310' title='bbox 291 3919 397 3953; x_wconf 78' lang='grc' dir='ltr'><strong>των</strong></span> <span class='ocrx_word' id='word_1_311' title='bbox 424 3901 816 3970; x_wconf 68' lang='grc' dir='ltr'>ὑπερμάχεται</span> <span class='ocrx_word' id='word_1_312' title='bbox 853 3901 946 3954; x_wconf 73' lang='grc' dir='ltr'><strong>τὸν</strong></span> <span class='ocrx_word' id='word_1_313' title='bbox 986 3903 1299 3966; x_wconf 82' lang='grc' dir='ltr'>ἀντίπαλον,</span> <span class='ocrx_word' id='word_1_314' title='bbox 1333 3903 1366 3974; x_wconf 76' lang='grc' dir='ltr'>ἢ</span> <span class='ocrx_word' id='word_1_315' title='bbox 1401 3903 1510 3976; x_wconf 84' lang='grc' dir='ltr'>γὰρ</span> <span class='ocrx_word' id='word_1_316' title='bbox 1549 3906 1756 3980; x_wconf 80' lang='grc' dir='ltr'>ἀπάτῃ,</span> <span class='ocrx_word' id='word_1_317' title='bbox 1791 3909 1825 3980; x_wconf 75' lang='grc' dir='ltr'><strong>ἢ</strong></span> 
     </span>
    </p>
   </div>
   <div class='ocr_carea' id='block_1_43' title="bbox 253 3994 1830 4069">
    <p class='ocr_par' dir='ltr' id='par_1_43' title="bbox 253 3994 1830 4069">
     <span class='ocr_line' id='line_1_43' title="bbox 253 3994 1830 4069; baseline 0.008 -28"><span class='ocrx_word' id='word_1_318' title='bbox 253 4011 272 4041; x_wconf 75' lang='grc' dir='ltr'><strong>ι</strong></span> <span class='ocrx_word' id='word_1_319' title='bbox 300 3994 475 4060; x_wconf 79' lang='grc' dir='ltr'>νόμῳ,</span> <span class='ocrx_word' id='word_1_320' title='bbox 503 3994 540 4061; x_wconf 70' lang='grc' dir='ltr'>ἦ</span> <span class='ocrx_word' id='word_1_321' title='bbox 569 3994 861 4063; x_wconf 74' lang='grc' dir='ltr'>τυραννίδι,</span> <span class='ocrx_word' id='word_1_322' title='bbox 893 3995 1017 4058; x_wconf 80' lang='grc' dir='ltr'>τοὺς</span> <span class='ocrx_word' id='word_1_323' title='bbox 1043 3995 1141 4065; x_wconf 84' lang='grc' dir='ltr'>μὲν</span> <span class='ocrx_word' id='word_1_324' title='bbox 1162 3995 1256 4049; x_wconf 87' lang='grc' dir='ltr'><strong>δύο</strong></span> <span class='ocrx_word' id='word_1_325' title='bbox 1287 3997 1567 4061; x_wconf 80' lang='grc' dir='ltr'>παντελῶς</span> <span class='ocrx_word' id='word_1_326' title='bbox 1596 4000 1830 4069; x_wconf 75' lang='grc' dir='ltr'>ἐπαφεὶς</span> 
     </span>
    </p>
   </div>
   <div class='ocr_carea' id='block_1_44' title="bbox 257 4081 1829 4162">
    <p class='ocr_par' dir='ltr' id='par_1_44' title="bbox 257 4081 1829 4162">
     <span class='ocr_line' id='line_1_44' title="bbox 257 4081 1829 4162; baseline 0.011 -33"><span class='ocrx_word' id='word_1_327' title='bbox 257 4101 274 4132; x_wconf 75' lang='grc' dir='ltr'><strong>ι</strong></span> <span class='ocrx_word' id='word_1_328' title='bbox 304 4081 380 4143; x_wconf 82' lang='grc' dir='ltr'>ὡς</span> <span class='ocrx_word' id='word_1_329' title='bbox 448 4081 748 4149; x_wconf 73' lang='grc' dir='ltr'>ἀχρήστους</span> <span class='ocrx_word' id='word_1_330' title='bbox 789 4085 883 4138; x_wconf 77' lang='grc' dir='ltr'><strong>καὶ</strong></span> <span class='ocrx_word' id='word_1_331' title='bbox 930 4085 1031 4138; x_wconf 79' lang='grc' dir='ltr'><strong>οὐκ</strong></span> <span class='ocrx_word' id='word_1_332' title='bbox 1088 4087 1345 4152; x_wconf 71' lang='grc' dir='ltr'>οἰκείους,</span> <span class='ocrx_word' id='word_1_333' title='bbox 1411 4088 1540 4144; x_wconf 80' lang='grc' dir='ltr'>οὔτε</span> <span class='ocrx_word' id='word_1_334' title='bbox 1573 4093 1672 4162; x_wconf 80' lang='grc' dir='ltr'>μὲν</span> <span class='ocrx_word' id='word_1_335' title='bbox 1715 4095 1829 4157; x_wconf 90' lang='grc' dir='ltr'>τοῖς</span> 
     </span>
    </p>
   </div>
   <div class='ocr_carea' id='block_1_45' title="bbox 255 4171 1830 4254">
    <p class='ocr_par' dir='ltr' id='par_1_45' title="bbox 255 4171 1830 4254">
     <span class='ocr_line' id='line_1_45' title="bbox 255 4171 1830 4254; baseline 0.009 -31"><span class='ocrx_word' id='word_1_336' title='bbox 255 4190 275 4223; x_wconf 74' lang='grc' dir='ltr'><strong>ε</strong></span> <span class='ocrx_word' id='word_1_337' title='bbox 306 4172 375 4226; x_wconf 83' lang='grc' dir='ltr'>δι’</span> <span class='ocrx_word' id='word_1_338' title='bbox 430 4171 532 4235; x_wconf 77' lang='grc' dir='ltr'><strong>οὓς</strong></span> <span class='ocrx_word' id='word_1_339' title='bbox 588 4174 618 4224; x_wconf 81' lang='grc' dir='ltr'><strong><em>ὁ</em></strong></span> <span class='ocrx_word' id='word_1_340' title='bbox 677 4175 812 4242; x_wconf 85' lang='grc' dir='ltr'>ἀγὼν</span> <span class='ocrx_word' id='word_1_341' title='bbox 858 4175 1158 4242; x_wconf 84' lang='grc' dir='ltr'>λυσιτελεῖς</span> <span class='ocrx_word' id='word_1_342' title='bbox 1205 4197 1263 4233; x_wconf 89' lang='grc' dir='ltr'><strong>τε</strong></span> <span class='ocrx_word' id='word_1_343' title='bbox 1323 4181 1418 4234; x_wconf 77' lang='grc' dir='ltr'><strong>καὶ</strong></span> <span class='ocrx_word' id='word_1_344' title='bbox 1461 4182 1770 4254; x_wconf 86' lang='grc' dir='ltr'>ὠφελίμους</span> <span class='ocrx_word' id='word_1_345' title='bbox 1801 4185 1830 4238; x_wconf 86' lang='grc' dir='ltr'>ὁ</span> 
     </span>
    </p>
   </div>
   <div class='ocr_carea' id='block_1_46' title="bbox 246 4266 1830 4347">
    <p class='ocr_par' dir='ltr' id='par_1_46' title="bbox 246 4266 1830 4347">
     <span class='ocr_line' id='line_1_46' title="bbox 246 4266 1830 4347; baseline 0.009 -32"><span class='ocrx_word' id='word_1_346' title='bbox 246 4283 266 4315; x_wconf 74' lang='grc' dir='ltr'><strong>ι</strong></span> <span class='ocrx_word' id='word_1_347' title='bbox 296 4266 578 4336; x_wconf 70' lang='grc' dir='ltr'>ἡμέτερος</span> <span class='ocrx_word' id='word_1_348' title='bbox 606 4267 902 4339; x_wconf 77' lang='grc' dir='ltr'>πρόμαχος,</span> <span class='ocrx_word' id='word_1_349' title='bbox 933 4271 1047 4342; x_wconf 80' lang='grc' dir='ltr'>ἦτε</span> <span class='ocrx_word' id='word_1_350' title='bbox 1071 4271 1180 4343; x_wconf 85' lang='grc' dir='ltr'><strong>γάρ</strong></span> <span class='ocrx_word' id='word_1_351' title='bbox 1212 4273 1398 4343; x_wconf 76' lang='grc' dir='ltr'>ἀπάτη</span> <span class='ocrx_word' id='word_1_352' title='bbox 1428 4273 1830 4347; x_wconf 71' lang='grc' dir='ltr'>διεψευσμένην</span> 
     </span>
    </p>
   </div>
   <div class='ocr_carea' id='block_1_47' title="bbox 235 4357 1832 4438">
    <p class='ocr_par' dir='ltr' id='par_1_47' title="bbox 235 4357 1832 4438">
     <span class='ocr_line' id='line_1_47' title="bbox 235 4357 1832 4438; baseline 0.008 -30"><span class='ocrx_word' id='word_1_353' title='bbox 235 4377 256 4408; x_wconf 86' lang='grc'><strong><em>‹</em></strong></span> <span class='ocrx_word' id='word_1_354' title='bbox 289 4357 408 4427; x_wconf 80' lang='grc' dir='ltr'>ἔχει</span> <span class='ocrx_word' id='word_1_355' title='bbox 438 4357 547 4426; x_wconf 73' lang='grc' dir='ltr'><strong>τήν</strong></span> <span class='ocrx_word' id='word_1_356' title='bbox 571 4357 728 4428; x_wconf 85' lang='grc' dir='ltr'>νίκην</span> <span class='ocrx_word' id='word_1_357' title='bbox 765 4361 985 4428; x_wconf 74' lang='grc' dir='ltr'>φαύλως</span> <span class='ocrx_word' id='word_1_358' title='bbox 1023 4362 1113 4414; x_wconf 84' lang='grc' dir='ltr'><strong>τὸν</strong></span> <span class='ocrx_word' id='word_1_359' title='bbox 1147 4364 1558 4436; x_wconf 81' lang='grc' dir='ltr'>ἀνταγωνιστὴν</span> <span class='ocrx_word' id='word_1_360' title='bbox 1602 4366 1832 4438; x_wconf 74' lang='grc' dir='ltr'>ἀνατρέ-</span> 
     </span>
    </p>
   </div>
   <div class='ocr_carea' id='block_1_48' title="bbox 238 4448 1830 4529">
    <p class='ocr_par' dir='ltr' id='par_1_48' title="bbox 238 4448 1830 4529">
     <span class='ocr_line' id='line_1_48' title="bbox 238 4448 1830 4529; baseline 0.008 -31"><span class='ocrx_word' id='word_1_361' title='bbox 238 4467 254 4497; x_wconf 78' lang='grc' dir='ltr'><strong>ι</strong></span> <span class='ocrx_word' id='word_1_362' title='bbox 285 4465 492 4512; x_wconf 75' lang='grc' dir='ltr'>που-σα,</span> <span class='ocrx_word' id='word_1_363' title='bbox 532 4448 566 4518; x_wconf 86' lang='grc' dir='ltr'>ἦ</span> <span class='ocrx_word' id='word_1_364' title='bbox 623 4465 686 4500; x_wconf 89' lang='grc' dir='ltr'><strong>τε</strong></span> <span class='ocrx_word' id='word_1_365' title='bbox 726 4452 982 4518; x_wconf 71' lang='grc' dir='ltr'>τυραννὶς</span> <span class='ocrx_word' id='word_1_366' title='bbox 1028 4452 1328 4523; x_wconf 86' lang='grc' dir='ltr'>παραλόγῳ</span> <span class='ocrx_word' id='word_1_367' title='bbox 1372 4454 1464 4526; x_wconf 61' lang='grc' dir='ltr'>βία</span> <span class='ocrx_word' id='word_1_368' title='bbox 1496 4459 1712 4525; x_wconf 82' lang='grc' dir='ltr'>κρατεῖ,</span> <span class='ocrx_word' id='word_1_369' title='bbox 1755 4459 1830 4529; x_wconf 81' lang='grc' dir='ltr'><strong>μή</strong></span> 
     </span>
    </p>
   </div>
   <div class='ocr_carea' id='block_1_49' title="bbox 237 4539 1830 4615">
    <p class='ocr_par' dir='ltr' id='par_1_49' title="bbox 237 4539 1830 4615">
     <span class='ocr_line' id='line_1_49' title="bbox 237 4539 1830 4615; baseline 0.01 -27"><span class='ocrx_word' id='word_1_370' title='bbox 237 4554 257 4588; x_wconf 75' lang='grc' dir='ltr'><strong>ι</strong></span> <span class='ocrx_word' id='word_1_371' title='bbox 292 4540 348 4604; x_wconf 70' lang='grc' dir='ltr'><strong>ἐξ</strong></span> <span class='ocrx_word' id='word_1_372' title='bbox 377 4539 508 4592; x_wconf 77' lang='grc' dir='ltr'>ἴσου</span> <span class='ocrx_word' id='word_1_373' title='bbox 543 4542 845 4611; x_wconf 86' lang='grc' dir='ltr'>ποιουμένη</span> <span class='ocrx_word' id='word_1_374' title='bbox 876 4542 976 4612; x_wconf 80' lang='grc' dir='ltr'>τὴν</span> <span class='ocrx_word' id='word_1_375' title='bbox 1015 4544 1337 4615; x_wconf 85' lang='grc' dir='ltr'>συμπλοκήν</span> <span class='ocrx_word' id='word_1_376' title='bbox 1364 4561 1378 4575; x_wconf 88' lang='grc'><strong>·</strong></span> <span class='ocrx_word' id='word_1_377' title='bbox 1424 4547 1516 4601; x_wconf 87' lang='grc' dir='ltr'><strong>τὸν</strong></span> <span class='ocrx_word' id='word_1_378' title='bbox 1547 4548 1604 4601; x_wconf 81' lang='grc' dir='ltr'>δὲ</span> <span class='ocrx_word' id='word_1_379' title='bbox 1643 4548 1830 4604; x_wconf 83' lang='grc' dir='ltr'>λοιπὸν</span> 
     </span>
    </p>
   </div>
   <div class='ocr_carea' id='block_1_50' title="bbox 242 4631 1824 4711">
    <p class='ocr_par' dir='ltr' id='par_1_50' title="bbox 242 4631 1824 4711">
     <span class='ocr_line' id='line_1_50' title="bbox 242 4631 1824 4711; baseline 0.009 -32"><span class='ocrx_word' id='word_1_380' title='bbox 242 4648 260 4678; x_wconf 73' lang='grc' dir='ltr'><strong>ι</strong></span> <span class='ocrx_word' id='word_1_381' title='bbox 293 4631 563 4700; x_wconf 77' lang='grc' dir='ltr'>ὲγκρίνας</span> <span class='ocrx_word' id='word_1_382' title='bbox 588 4631 699 4684; x_wconf 86' lang='grc' dir='ltr'><strong>τῶν</strong></span> <span class='ocrx_word' id='word_1_383' title='bbox 737 4633 975 4704; x_wconf 86' lang='grc' dir='ltr'>τρόπων,</span> <span class='ocrx_word' id='word_1_384' title='bbox 1011 4636 1104 4688; x_wconf 77' lang='grc' dir='ltr'>ἐπὶ</span> <span class='ocrx_word' id='word_1_385' title='bbox 1136 4635 1236 4706; x_wconf 84' lang='grc' dir='ltr'><strong>τὴν</strong></span> <span class='ocrx_word' id='word_1_386' title='bbox 1269 4636 1414 4691; x_wconf 84' lang='grc' dir='ltr'><strong>κατά</strong></span> <span class='ocrx_word' id='word_1_387' title='bbox 1453 4639 1618 4710; x_wconf 85' lang='grc' dir='ltr'>νόμον</span> <span class='ocrx_word' id='word_1_388' title='bbox 1647 4640 1824 4711; x_wconf 83' lang='grc' dir='ltr'>πάλην</span> 
     </span>
    </p>
   </div>
   <div class='ocr_carea' id='block_1_51' title="bbox 241 4719 1838 4798">
    <p class='ocr_par' dir='ltr' id='par_1_51' title="bbox 241 4719 1838 4798">
     <span class='ocr_line' id='line_1_51' title="bbox 241 4719 1838 4798; baseline 0.009 -29"><span class='ocrx_word' id='word_1_389' title='bbox 241 4738 262 4768; x_wconf 74' lang='grc' dir='ltr'><strong>σ</strong></span> <span class='ocrx_word' id='word_1_390' title='bbox 298 4719 550 4790; x_wconf 72' lang='grc' dir='ltr'>ἰχὼρησε</span> <span class='ocrx_word' id='word_1_391' title='bbox 585 4739 598 4751; x_wconf 87' lang='grc'><strong>·</strong></span> <span class='ocrx_word' id='word_1_392' title='bbox 636 4722 732 4774; x_wconf 73' lang='grc' dir='ltr'>καὶ</span> <span class='ocrx_word' id='word_1_393' title='bbox 758 4723 939 4790; x_wconf 80' lang='grc' dir='ltr'>σάρκα</span> <span class='ocrx_word' id='word_1_394' title='bbox 978 4723 1160 4778; x_wconf 76' lang='grc' dir='ltr'>λαϐὼν</span> <span class='ocrx_word' id='word_1_395' title='bbox 1205 4727 1269 4778; x_wconf 80' lang='grc' dir='ltr'>ὲκ</span> <span class='ocrx_word' id='word_1_396' title='bbox 1312 4726 1406 4780; x_wconf 81' lang='grc' dir='ltr'>τοῦ</span> <span class='ocrx_word' id='word_1_397' title='bbox 1443 4728 1704 4791; x_wconf 77' lang='grc' dir='ltr'>πεσόντος</span> <span class='ocrx_word' id='word_1_398' title='bbox 1733 4746 1838 4798; x_wconf 83' lang='grc' dir='ltr'>φυ-</span> 
     </span>
    </p>
   </div>
   <div class='ocr_carea' id='block_1_52' title="bbox 239 4813 1833 4894">
    <p class='ocr_par' dir='ltr' id='par_1_52' title="bbox 239 4813 1833 4894">
     <span class='ocr_line' id='line_1_52' title="bbox 239 4813 1833 4894; baseline 0.009 -33"><span class='ocrx_word' id='word_1_399' title='bbox 239 4831 259 4861; x_wconf 70' lang='grc' dir='ltr'><strong>ι</strong></span> <span class='ocrx_word' id='word_1_400' title='bbox 301 4813 571 4882; x_wconf 77' lang='grc' dir='ltr'>ρὰματος,</span> <span class='ocrx_word' id='word_1_401' title='bbox 613 4815 980 4887; x_wconf 71' lang='grc' dir='ltr'>ἐψυχωμένην</span> <span class='ocrx_word' id='word_1_402' title='bbox 1013 4816 1161 4890; x_wconf 78' lang='grc' dir='ltr'>ψυχῇ</span> <span class='ocrx_word' id='word_1_403' title='bbox 1201 4819 1392 4890; x_wconf 84' lang='grc' dir='ltr'>λογικῇ</span> <span class='ocrx_word' id='word_1_404' title='bbox 1437 4836 1494 4873; x_wconf 87' lang='grc' dir='ltr'><strong>τε</strong></span> <span class='ocrx_word' id='word_1_405' title='bbox 1527 4821 1621 4875; x_wconf 61' lang='grc' dir='ltr'><strong>καί⁵</strong></span> <span class='ocrx_word' id='word_1_406' title='bbox 1649 4824 1833 4894; x_wconf 74' lang='grc' dir='ltr'>νοερᾷ,</span> 
     </span>
    </p>
   </div>
   <div class='ocr_carea' id='block_1_53' title="bbox 233 4903 1839 4982">
    <p class='ocr_par' dir='ltr' id='par_1_53' title="bbox 233 4903 1839 4982">
     <span class='ocr_line' id='line_1_53' title="bbox 233 4903 1839 4982; baseline 0.008 -28"><span class='ocrx_word' id='word_1_407' title='bbox 233 4923 256 4954; x_wconf 69' lang='grc' dir='ltr'><strong>ι</strong></span> <span class='ocrx_word' id='word_1_408' title='bbox 301 4905 496 4975; x_wconf 82' lang='grc' dir='ltr'>μείνας</span> <span class='ocrx_word' id='word_1_409' title='bbox 529 4906 672 4976; x_wconf 80' lang='grc' dir='ltr'>ὅπερ</span> <span class='ocrx_word' id='word_1_410' title='bbox 693 4903 784 4977; x_wconf 84' lang='grc' dir='ltr'>ἦν,</span> <span class='ocrx_word' id='word_1_411' title='bbox 826 4907 1051 4961; x_wconf 74' lang='grc' dir='ltr'>καὶτῶν</span> <span class='ocrx_word' id='word_1_412' title='bbox 1081 4909 1278 4962; x_wconf 81' lang='grc' dir='ltr'>ἑαυτοῦ</span> <span class='ocrx_word' id='word_1_413' title='bbox 1308 4911 1383 4982; x_wconf 82' lang='grc' dir='ltr'>μὴ</span> <span class='ocrx_word' id='word_1_414' title='bbox 1409 4913 1630 4975; x_wconf 79' lang='grc' dir='ltr'>ἐκστὰς,</span> <span class='ocrx_word' id='word_1_415' title='bbox 1661 4913 1839 4967; x_wconf 81' lang='grc' dir='ltr'>πάντα</span> 
     </span>
    </p>
   </div>
   <div class='ocr_carea' id='block_1_54' title="bbox 215 4998 1836 5076">
    <p class='ocr_par' dir='ltr' id='par_1_54' title="bbox 215 4998 1836 5076">
     <span class='ocr_line' id='line_1_54' title="bbox 215 4998 1836 5076; baseline 0.007 -29"><span class='ocrx_word' id='word_1_416' title='bbox 215 5016 245 5047; x_wconf 73' lang='grc' dir='ltr'><strong><em>ι</em></strong></span> <span class='ocrx_word' id='word_1_417' title='bbox 289 4998 532 5065; x_wconf 80' lang='grc' dir='ltr'>γίνεται,</span> <span class='ocrx_word' id='word_1_418' title='bbox 571 4998 712 5069; x_wconf 76' lang='grc' dir='ltr'>πλὴν</span> <span class='ocrx_word' id='word_1_419' title='bbox 737 4999 837 5071; x_wconf 85' lang='grc' dir='ltr'>τῆς</span> <span class='ocrx_word' id='word_1_420' title='bbox 866 5001 1172 5071; x_wconf 85' lang='grc' dir='ltr'>ἁμαρτίας,</span> <span class='ocrx_word' id='word_1_421' title='bbox 1211 5003 1313 5057; x_wconf 85' lang='grc' dir='ltr'>ὅσα</span> <span class='ocrx_word' id='word_1_422' title='bbox 1361 5004 1454 5056; x_wconf 55' lang='grc' dir='ltr'><strong>καὶ⁹</strong></span> <span class='ocrx_word' id='word_1_423' title='bbox 1491 5004 1550 5069; x_wconf 74' lang='grc' dir='ltr'><strong>ἐξ</strong></span> <span class='ocrx_word' id='word_1_424' title='bbox 1583 4999 1768 5076; x_wconf 86' lang='grc' dir='ltr'>ὧνπερ</span> <span class='ocrx_word' id='word_1_425' title='bbox 1806 5007 1836 5058; x_wconf 85' lang='grc' dir='ltr'>ὁ</span> 
     </span>
    </p>
   </div>
   <div class='ocr_carea' id='block_1_55' title="bbox 197 5087 1839 5166">
    <p class='ocr_par' dir='ltr' id='par_1_55' title="bbox 197 5087 1839 5166">
     <span class='ocr_line' id='line_1_55' title="bbox 197 5087 1839 5166; baseline 0.004 -25"><span class='ocrx_word' id='word_1_426' title='bbox 197 5111 226 5141; x_wconf 75' lang='grc' dir='ltr'><strong>σ</strong></span> <span class='ocrx_word' id='word_1_427' title='bbox 271 5087 596 5157; x_wconf 76' lang='grc' dir='ltr'>ἄνθρωπος</span> <span class='ocrx_word' id='word_1_428' title='bbox 632 5106 648 5120; x_wconf 80' lang='grc' dir='ltr'><strong>ο</strong></span> <span class='ocrx_word' id='word_1_429' title='bbox 693 5093 789 5144; x_wconf 78' lang='grc' dir='ltr'>καὶ</span> <span class='ocrx_word' id='word_1_430' title='bbox 835 5095 974 5163; x_wconf 85' lang='grc' dir='ltr'>μήτε</span> <span class='ocrx_word' id='word_1_431' title='bbox 1021 5094 1246 5163; x_wconf 85' lang='grc' dir='ltr'>δοκήσει</span> <span class='ocrx_word' id='word_1_432' title='bbox 1308 5094 1368 5146; x_wconf 83' lang='grc' dir='ltr'>τὺ</span> <span class='ocrx_word' id='word_1_433' title='bbox 1415 5095 1553 5166; x_wconf 74' lang='grc' dir='ltr'>σὰρξ</span> <span class='ocrx_word' id='word_1_434' title='bbox 1607 5097 1839 5166; x_wconf 84' lang='grc' dir='ltr'>φανῆναι</span> 
     </span>
    </p>
   </div>
   <div class='ocr_carea' id='block_1_56' title="bbox 191 5183 1839 5259">
    <p class='ocr_par' dir='ltr' id='par_1_56' title="bbox 191 5183 1839 5259">
     <span class='ocr_line' id='line_1_56' title="bbox 191 5183 1839 5259; baseline 0.005 -26"><span class='ocrx_word' id='word_1_435' title='bbox 191 5202 224 5234; x_wconf 71' lang='lat' dir='ltr'><strong>c</strong></span> <span class='ocrx_word' id='word_1_436' title='bbox 269 5183 818 5254; x_wconf 63' lang='grc' dir='ltr'>στηματισάμενος,</span> <span class='ocrx_word' id='word_1_437' title='bbox 873 5203 892 5234; x_wconf 71' lang='grc' dir='ltr'><strong>ι</strong></span> <span class='ocrx_word' id='word_1_438' title='bbox 940 5184 1016 5256; x_wconf 91' lang='grc'><strong>(6)</strong></span> <span class='ocrx_word' id='word_1_439' title='bbox 1071 5186 1211 5256; x_wconf 85' lang='grc' dir='ltr'>μήτε</span> <span class='ocrx_word' id='word_1_440' title='bbox 1257 5189 1438 5258; x_wconf 83' lang='grc' dir='ltr'>γυμνῇ</span> <span class='ocrx_word' id='word_1_441' title='bbox 1491 5191 1558 5259; x_wconf 83' lang='grc' dir='ltr'>τῇ</span> <span class='ocrx_word' id='word_1_442' title='bbox 1626 5187 1839 5258; x_wconf 84' lang='grc' dir='ltr'>θεότητι</span> 
     </span>
    </p>
   </div>
   <div class='ocr_carea' id='block_1_57' title="bbox 189 5273 1839 5350">
    <p class='ocr_par' dir='ltr' id='par_1_57' title="bbox 189 5273 1839 5350">
     <span class='ocr_line' id='line_1_57' title="bbox 189 5273 1839 5350; baseline 0.004 -24"><span class='ocrx_word' id='word_1_443' title='bbox 189 5273 521 5344; x_wconf 75' lang='grc' dir='ltr'>συμμίξας</span> <span class='ocrx_word' id='word_1_444' title='bbox 560 5274 639 5344; x_wconf 82' lang='grc' dir='ltr'>τῷ</span> <span class='ocrx_word' id='word_1_445' title='bbox 675 5275 933 5347; x_wconf 83' lang='grc' dir='ltr'>πονηρῷ·</span> <span class='ocrx_word' id='word_1_446' title='bbox 971 5277 1032 5329; x_wconf 83' lang='grc' dir='ltr'>τὸ</span> <span class='ocrx_word' id='word_1_447' title='bbox 1057 5278 1165 5348; x_wconf 77' lang='grc' dir='ltr'><strong>μὴν</strong></span> <span class='ocrx_word' id='word_1_448' title='bbox 1198 5277 1309 5348; x_wconf 81' lang='grc' dir='ltr'>γὰρ</span> <span class='ocrx_word' id='word_1_449' title='bbox 1342 5279 1622 5350; x_wconf 82' lang='grc' dir='ltr'>ἀπατηλόν</span> <span class='ocrx_word' id='word_1_450' title='bbox 1644 5297 1703 5332; x_wconf 88' lang='grc' dir='ltr'><strong>τε</strong></span> <span class='ocrx_word' id='word_1_451' title='bbox 1745 5280 1839 5333; x_wconf 73' lang='grc' dir='ltr'><strong>καὶ</strong></span> 
     </span>
    </p>
   </div>
   <div class='ocr_carea' id='block_1_58' title="bbox 183 5365 1838 5440">
    <p class='ocr_par' dir='ltr' id='par_1_58' title="bbox 183 5365 1838 5440">
     <span class='ocr_line' id='line_1_58' title="bbox 183 5365 1838 5440; baseline 0.001 -18"><span class='ocrx_word' id='word_1_452' title='bbox 183 5368 498 5435; x_wconf 71' lang='grc' dir='ltr'>ἄτολμον,</span> <span class='ocrx_word' id='word_1_453' title='bbox 523 5365 588 5417; x_wconf 75' lang='grc' dir='ltr'><strong>τὸ</strong></span> <span class='ocrx_word' id='word_1_454' title='bbox 621 5367 679 5419; x_wconf 82' lang='grc' dir='ltr'><strong>δὲ</strong></span> <span class='ocrx_word' id='word_1_455' title='bbox 699 5369 1024 5439; x_wconf 88' lang='grc' dir='ltr'>τυραννικόν</span> <span class='ocrx_word' id='word_1_456' title='bbox 1065 5386 1127 5421; x_wconf 88' lang='grc' dir='ltr'><strong>τε</strong></span> <span class='ocrx_word' id='word_1_457' title='bbox 1158 5371 1252 5424; x_wconf 80' lang='grc' dir='ltr'>καὶ</span> <span class='ocrx_word' id='word_1_458' title='bbox 1275 5369 1452 5440; x_wconf 86' lang='grc' dir='ltr'>βίαιον</span> <span class='ocrx_word' id='word_1_459' title='bbox 1479 5387 1491 5398; x_wconf 83' lang='lat'><strong><em>°</em></strong></span> <span class='ocrx_word' id='word_1_460' title='bbox 1530 5372 1632 5424; x_wconf 80' lang='grc' dir='ltr'><strong>οὐκ</strong></span> <span class='ocrx_word' id='word_1_461' title='bbox 1663 5371 1838 5435; x_wconf 80' lang='grc' dir='ltr'>ἄλλως</span> 
     </span>
    </p>
   </div>
   <div class='ocr_carea' id='block_1_59' title="bbox 187 5459 1837 5535">
    <p class='ocr_par' dir='ltr' id='par_1_59' title="bbox 187 5459 1837 5535">
     <span class='ocr_line' id='line_1_59' title="bbox 187 5459 1837 5535; baseline 0.005 -27"><span class='ocrx_word' id='word_1_462' title='bbox 187 5459 237 5527; x_wconf 59' lang='grc' dir='ltr'>ἢ</span> <span class='ocrx_word' id='word_1_463' title='bbox 297 5460 380 5528; x_wconf 73' lang='grc' dir='ltr'>τῇ</span> <span class='ocrx_word' id='word_1_464' title='bbox 445 5459 735 5532; x_wconf 76' lang='grc' dir='ltr'>ήττημένῃ</span> <span class='ocrx_word' id='word_1_465' title='bbox 790 5460 952 5530; x_wconf 87' lang='grc' dir='ltr'>φύσει</span> <span class='ocrx_word' id='word_1_466' title='bbox 1004 5461 1356 5533; x_wconf 79' lang='grc' dir='ltr'>δικαιοσύνης</span> <span class='ocrx_word' id='word_1_467' title='bbox 1401 5464 1720 5535; x_wconf 83' lang='grc' dir='ltr'>περιουσίῳ,</span> <span class='ocrx_word' id='word_1_468' title='bbox 1746 5464 1837 5517; x_wconf 81' lang='grc' dir='ltr'><strong>τὸν</strong></span> 
     </span>
    </p>
   </div>
   <div class='ocr_carea' id='block_1_60' title="bbox 184 5559 1840 5636">
    <p class='ocr_par' dir='ltr' id='par_1_60' title="bbox 184 5559 1840 5636">
     <span class='ocr_line' id='line_1_60' title="bbox 184 5559 1840 5636; baseline 0.004 -24"><span class='ocrx_word' id='word_1_469' title='bbox 184 5559 428 5628; x_wconf 75' lang='grc' dir='ltr'>ἀπάτῃ</span> <span class='ocrx_word' id='word_1_470' title='bbox 457 5559 763 5614; x_wconf 84' lang='grc' dir='ltr'>καθελόντα</span> <span class='ocrx_word' id='word_1_471' title='bbox 799 5561 1187 5635; x_wconf 89' lang='grc' dir='ltr'>διεχειρίσατο,</span> <span class='ocrx_word' id='word_1_472' title='bbox 1225 5563 1491 5636; x_wconf 88' lang='grc' dir='ltr'>πρότερον</span> <span class='ocrx_word' id='word_1_473' title='bbox 1525 5563 1615 5617; x_wconf 83' lang='grc' dir='ltr'><strong>διὰ</strong></span> <span class='ocrx_word' id='word_1_474' title='bbox 1647 5565 1840 5619; x_wconf 82' lang='grc' dir='ltr'>πασῶν</span> 
     </span>
    </p>
   </div>
   <div class='ocr_carea' id='block_1_61' title="bbox 181 5659 1843 5741">
    <p class='ocr_par' dir='ltr' id='par_1_61' title="bbox 181 5659 1843 5741">
     <span class='ocr_line' id='line_1_61' title="bbox 181 5659 1843 5741; baseline 0.005 -27"><span class='ocrx_word' id='word_1_475' title='bbox 181 5659 330 5714; x_wconf 75' lang='grc' dir='ltr'><strong>τῶν</strong></span> <span class='ocrx_word' id='word_1_476' title='bbox 373 5659 753 5730; x_wconf 72' lang='grc' dir='ltr'>ἀνθρωπίνων</span> <span class='ocrx_word' id='word_1_477' title='bbox 780 5664 937 5728; x_wconf 72' lang='grc' dir='ltr'>ἐκτὸς</span> <span class='ocrx_word' id='word_1_478' title='bbox 964 5665 1241 5739; x_wconf 84' lang='grc' dir='ltr'>ἁμαρτίας</span> <span class='ocrx_word' id='word_1_479' title='bbox 1278 5668 1490 5734; x_wconf 85' lang='grc' dir='ltr'>παθῶν,</span> <span class='ocrx_word' id='word_1_480' title='bbox 1517 5661 1591 5723; x_wconf 76' lang='grc' dir='ltr'>ὢν</span> <span class='ocrx_word' id='word_1_481' title='bbox 1616 5671 1648 5741; x_wconf 86' lang='grc' dir='ltr'><strong>ἡ</strong></span> <span class='ocrx_word' id='word_1_482' title='bbox 1679 5669 1843 5724; x_wconf 87' lang='grc' dir='ltr'>κακία</span> 
     </span>
    </p>
   </div>
   <div class='ocr_carea' id='block_1_62' title="bbox 291 5797 1832 5871">
    <p class='ocr_par' dir='ltr' id='par_1_62' title="bbox 291 5797 1832 5871">
     <span class='ocr_line' id='line_1_62' title="bbox 291 5797 1832 5871; baseline 0.006 -20"><span class='ocrx_word' id='word_1_483' title='bbox 291 5797 393 5866; x_wconf 81' lang='grc'><strong>(6)</strong></span> <span class='ocrx_word' id='word_1_484' title='bbox 450 5797 672 5854; x_wconf 80' lang='lat' dir='ltr'><strong>Abhinc</strong></span> <span class='ocrx_word' id='word_1_485' title='bbox 736 5816 912 5871; x_wconf 80' lang='lat' dir='ltr'><strong>usque</strong></span> <span class='ocrx_word' id='word_1_486' title='bbox 973 5801 1038 5856; x_wconf 84' lang='lat' dir='ltr'><strong>ad</strong></span> <span class='ocrx_word' id='word_1_487' title='bbox 1097 5804 1438 5860; x_wconf 74' lang='grc' dir='ltr'>ἐπιστώσατο</span> <span class='ocrx_word' id='word_1_488' title='bbox 1506 5808 1832 5862; x_wconf 88' lang='lat' dir='ltr'><strong>omittuntur</strong></span> 
     </span>
    </p>
   </div>
   <div class='ocr_carea' id='block_1_63' title="bbox 179 5871 1827 5942">
    <p class='ocr_par' dir='ltr' id='par_1_63' title="bbox 179 5871 1827 5942">
     <span class='ocr_line' id='line_1_63' title="bbox 179 5871 1827 5942; baseline 0.003 -15"><span class='ocrx_word' id='word_1_489' title='bbox 179 5872 458 5939; x_wconf 70' lang='lat' dir='ltr'><strong>reliqua</strong></span> <span class='ocrx_word' id='word_1_490' title='bbox 526 5871 579 5924; x_wconf 92' lang='lat' dir='ltr'><strong>in</strong></span> <span class='ocrx_word' id='word_1_491' title='bbox 621 5871 869 5939; x_wconf 73' lang='lat' dir='ltr'><strong>synodo,</strong></span> <span class='ocrx_word' id='word_1_492' title='bbox 919 5873 1237 5942; x_wconf 83' lang='lat' dir='ltr'><strong>interposita</strong></span> <span class='ocrx_word' id='word_1_493' title='bbox 1309 5876 1678 5934; x_wconf 90' lang='lat' dir='ltr'><strong>admonitione</strong></span> <span class='ocrx_word' id='word_1_494' title='bbox 1734 5879 1827 5933; x_wconf 75' lang='grc' dir='ltr'>καὶ</span> 
     </span>
    </p>
   </div>
   <div class='ocr_carea' id='block_1_64' title="bbox 1927 578 3516 651">
    <p class='ocr_par' dir='ltr' id='par_1_64' title="bbox 1927 578 3516 651">
     <span class='ocr_line' id='line_1_64' title="bbox 1927 578 3516 651; baseline 0.002 -18"><span class='ocrx_word' id='word_1_495' title='bbox 1927 602 1945 633; x_wconf 81' lang='grc'><strong><em>‹</em></strong></span> <span class='ocrx_word' id='word_1_496' title='bbox 1994 583 2176 651; x_wconf 91' lang='lat' dir='ltr'><strong>potius</strong></span> <span class='ocrx_word' id='word_1_497' title='bbox 2237 582 2304 635; x_wconf 85' lang='lat' dir='ltr'><strong>ad</strong></span> <span class='ocrx_word' id='word_1_498' title='bbox 2363 579 2648 650; x_wconf 80' lang='lat' dir='ltr'><strong>providam</strong></span> <span class='ocrx_word' id='word_1_499' title='bbox 2705 578 2999 649; x_wconf 87' lang='lat' dir='ltr'><strong>quamdam</strong></span> <span class='ocrx_word' id='word_1_500' title='bbox 3041 588 3094 632; x_wconf 82' lang='lat' dir='ltr'><strong>et</strong></span> <span class='ocrx_word' id='word_1_501' title='bbox 3147 595 3269 649; x_wconf 64' lang='lat' dir='ltr'><strong>quae</strong></span> <span class='ocrx_word' id='word_1_502' title='bbox 3319 589 3516 636; x_wconf 79' lang='lat' dir='ltr'><strong>cuncta</strong></span> 
     </span>
    </p>
   </div>
   <div class='ocr_carea' id='block_1_65' title="bbox 1929 671 3520 742">
    <p class='ocr_par' dir='ltr' id='par_1_65' title="bbox 1929 671 3520 742">
     <span class='ocr_line' id='line_1_65' title="bbox 1929 671 3520 742; baseline 0.001 -16"><span class='ocrx_word' id='word_1_503' title='bbox 1929 695 1945 726; x_wconf 79' lang='grc' dir='ltr'><strong>ι</strong></span> <span class='ocrx_word' id='word_1_504' title='bbox 1993 676 2237 729; x_wconf 76' lang='lat' dir='ltr'><strong>continet</strong></span> <span class='ocrx_word' id='word_1_505' title='bbox 2256 673 2363 726; x_wconf 90' lang='lat' dir='ltr'><strong>vim</strong></span> <span class='ocrx_word' id='word_1_506' title='bbox 2393 683 2659 742; x_wconf 87' lang='lat' dir='ltr'><strong>spectare,</strong></span> <span class='ocrx_word' id='word_1_507' title='bbox 2688 688 2719 726; x_wconf 91' lang='lat' dir='ltr'><strong>a</strong></span> <span class='ocrx_word' id='word_1_508' title='bbox 2745 687 2850 742; x_wconf 84' lang='lat' dir='ltr'><strong>qua</strong></span> <span class='ocrx_word' id='word_1_509' title='bbox 2880 671 3084 741; x_wconf 83' lang='lat' dir='ltr'><strong>optima</strong></span> <span class='ocrx_word' id='word_1_510' title='bbox 3110 687 3338 742; x_wconf 79' lang='lat' dir='ltr'><strong>quaeque</strong></span> <span class='ocrx_word' id='word_1_511' title='bbox 3358 673 3520 728; x_wconf 86' lang='lat' dir='ltr'><strong>nobis</strong></span> 
     </span>
    </p>
   </div>
   <div class='ocr_carea' id='block_1_66' title="bbox 1932 764 3516 834">
    <p class='ocr_par' dir='ltr' id='par_1_66' title="bbox 1932 764 3516 834">
     <span class='ocr_line' id='line_1_66' title="bbox 1932 764 3516 834; baseline 0.001 -18"><span class='ocrx_word' id='word_1_512' title='bbox 1932 786 1948 816; x_wconf 87' lang='grc'>‹</span> <span class='ocrx_word' id='word_1_513' title='bbox 2002 764 2373 834; x_wconf 74' lang='lat' dir='ltr'><strong>proveniunt?</strong></span> <span class='ocrx_word' id='word_1_514' title='bbox 2410 764 2521 819; x_wconf 81' lang='lat' dir='ltr'><strong>Cur</strong></span> <span class='ocrx_word' id='word_1_515' title='bbox 2555 766 2762 834; x_wconf 83' lang='lat' dir='ltr'><strong>itaque,</strong></span> <span class='ocrx_word' id='word_1_516' title='bbox 2797 765 3194 833; x_wconf 89' lang='lat' dir='ltr'><strong>responderunt</strong></span> <span class='ocrx_word' id='word_1_517' title='bbox 3225 774 3516 834; x_wconf 81' lang='lat' dir='ltr'><strong>martyres,</strong></span> 
     </span>
    </p>
   </div>
   <div class='ocr_carea' id='block_1_67' title="bbox 1929 857 3518 928">
    <p class='ocr_par' dir='ltr' id='par_1_67' title="bbox 1929 857 3518 928">
     <span class='ocr_line' id='line_1_67' title="bbox 1929 857 3518 928; baseline 0.002 -20"><span class='ocrx_word' id='word_1_518' title='bbox 1929 877 1946 908; x_wconf 75' lang='grc' dir='ltr'><strong>ι</strong></span> <span class='ocrx_word' id='word_1_519' title='bbox 1990 857 2182 927; x_wconf 64' lang='lat' dir='ltr'><strong>plostra</strong></span> <span class='ocrx_word' id='word_1_520' title='bbox 2214 873 2277 912; x_wconf 85' lang='lat' dir='ltr'><strong>ac</strong></span> <span class='ocrx_word' id='word_1_521' title='bbox 2332 857 2583 913; x_wconf 85' lang='lat' dir='ltr'><strong>statuarii</strong></span> <span class='ocrx_word' id='word_1_522' title='bbox 2633 857 2916 928; x_wconf 83' lang='lat' dir='ltr'><strong>signorum</strong></span> <span class='ocrx_word' id='word_1_523' title='bbox 2963 857 3365 912; x_wconf 84' lang='lat' dir='ltr'><strong>multitudinem</strong></span> <span class='ocrx_word' id='word_1_524' title='bbox 3405 859 3518 912; x_wconf 67' lang='lat' dir='ltr'><strong>elao</strong></span> 
     </span>
    </p>
   </div>
   <div class='ocr_carea' id='block_1_68' title="bbox 1929 947 3513 1020">
    <p class='ocr_par' dir='ltr' id='par_1_68' title="bbox 1929 947 3513 1020">
     <span class='ocr_line' id='line_1_68' title="bbox 1929 947 3513 1020; baseline 0.001 -18"><span class='ocrx_word' id='word_1_525' title='bbox 1929 971 1948 1002; x_wconf 77' lang='grc' dir='ltr'><strong>ι</strong></span> <span class='ocrx_word' id='word_1_526' title='bbox 1986 951 2201 1016; x_wconf 89' lang='lat' dir='ltr'><strong>borant,</strong></span> <span class='ocrx_word' id='word_1_527' title='bbox 2239 949 2410 1003; x_wconf 85' lang='lat' dir='ltr'><strong>variis</strong></span> <span class='ocrx_word' id='word_1_528' title='bbox 2467 949 2666 1018; x_wconf 84' lang='lat' dir='ltr'><strong>ﬁguris</strong></span> <span class='ocrx_word' id='word_1_529' title='bbox 2705 947 3196 1012; x_wconf 87' lang='lat' dir='ltr'><strong>conformatorum,</strong></span> <span class='ocrx_word' id='word_1_530' title='bbox 3253 966 3425 1020; x_wconf 88' lang='lat' dir='ltr'><strong>eaque</strong></span> <span class='ocrx_word' id='word_1_531' title='bbox 3460 952 3513 1004; x_wconf 91' lang='lat' dir='ltr'><strong>in</strong></span> 
     </span>
    </p>
   </div>
   <div class='ocr_carea' id='block_1_69' title="bbox 1932 1041 3515 1098">
    <p class='ocr_par' dir='ltr' id='par_1_69' title="bbox 1932 1041 3515 1098">
     <span class='ocr_line' id='line_1_69' title="bbox 1932 1041 3515 1098; baseline 0.001 -4"><span class='ocrx_word' id='word_1_532' title='bbox 1932 1063 1948 1094; x_wconf 75' lang='grc' dir='ltr'><strong>ε</strong></span> <span class='ocrx_word' id='word_1_533' title='bbox 1993 1042 2134 1098; x_wconf 85' lang='lat' dir='ltr'><strong>fanis</strong></span> <span class='ocrx_word' id='word_1_534' title='bbox 2185 1043 2562 1098; x_wconf 86' lang='lat' dir='ltr'><strong>constituunt?</strong></span> <span class='ocrx_word' id='word_1_535' title='bbox 2595 1041 2706 1096; x_wconf 67' lang='lat' dir='ltr'><strong>Vos</strong></span> <span class='ocrx_word' id='word_1_536' title='bbox 2736 1053 2914 1097; x_wconf 88' lang='lat' dir='ltr'><strong>autem</strong></span> <span class='ocrx_word' id='word_1_537' title='bbox 2968 1058 3066 1097; x_wconf 89' lang='lat' dir='ltr'><strong>cur</strong></span> <span class='ocrx_word' id='word_1_538' title='bbox 3112 1047 3299 1098; x_wconf 82' lang='lat' dir='ltr'><strong>eadem</strong></span> <span class='ocrx_word' id='word_1_539' title='bbox 3342 1045 3515 1098; x_wconf 89' lang='lat' dir='ltr'><strong>sacri-</strong></span> 
     </span>
    </p>
   </div>
   <div class='ocr_carea' id='block_1_70' title="bbox 1934 1133 3516 1204">
    <p class='ocr_par' dir='ltr' id='par_1_70' title="bbox 1934 1133 3516 1204">
     <span class='ocr_line' id='line_1_70' title="bbox 1934 1133 3516 1204; baseline 0.002 -19"><span class='ocrx_word' id='word_1_540' title='bbox 1934 1155 1951 1185; x_wconf 76' lang='grc' dir='ltr'><strong>ι</strong></span> <span class='ocrx_word' id='word_1_541' title='bbox 2001 1136 2140 1190; x_wconf 84' lang='lat' dir='ltr'><strong>ﬁciis</strong></span> <span class='ocrx_word' id='word_1_542' title='bbox 2181 1135 2386 1198; x_wconf 82' lang='lat' dir='ltr'><strong>colitis,</strong></span> <span class='ocrx_word' id='word_1_543' title='bbox 2422 1144 2588 1204; x_wconf 86' lang='lat' dir='ltr'><strong>atque</strong></span> <span class='ocrx_word' id='word_1_544' title='bbox 2635 1133 2705 1188; x_wconf 87' lang='lat' dir='ltr'><strong>ab</strong></span> <span class='ocrx_word' id='word_1_545' title='bbox 2744 1133 2812 1188; x_wconf 89' lang='lat' dir='ltr'><strong>iis</strong></span> <span class='ocrx_word' id='word_1_546' title='bbox 2868 1135 3160 1188; x_wconf 86' lang='lat' dir='ltr'><strong>dubiorum</strong></span> <span class='ocrx_word' id='word_1_547' title='bbox 3185 1135 3516 1190; x_wconf 80' lang='lat' dir='ltr'><strong>solutionem</strong></span> 
     </span>
    </p>
   </div>
   <div class='ocr_carea' id='block_1_71' title="bbox 1934 1227 3518 1299">
    <p class='ocr_par' dir='ltr' id='par_1_71' title="bbox 1934 1227 3518 1299">
     <span class='ocr_line' id='line_1_71' title="bbox 1934 1227 3518 1299; baseline 0.001 -19"><span class='ocrx_word' id='word_1_548' title='bbox 1934 1248 1952 1280; x_wconf 73' lang='grc' dir='ltr'><strong>ι</strong></span> <span class='ocrx_word' id='word_1_549' title='bbox 1999 1229 2336 1299; x_wconf 84' lang='lat' dir='ltr'><strong>postulatis?</strong></span> <span class='ocrx_word' id='word_1_550' title='bbox 2384 1227 2528 1294; x_wconf 83' lang='lat' dir='ltr'><strong>Quid</strong></span> <span class='ocrx_word' id='word_1_551' title='bbox 2599 1235 2782 1282; x_wconf 90' lang='lat' dir='ltr'><strong>autem</strong></span> <span class='ocrx_word' id='word_1_552' title='bbox 2837 1229 3050 1297; x_wconf 83' lang='lat' dir='ltr'><strong>tyranni</strong></span> <span class='ocrx_word' id='word_1_553' title='bbox 3101 1228 3266 1282; x_wconf 81' lang='lat' dir='ltr'><strong>vestri</strong></span> <span class='ocrx_word' id='word_1_554' title='bbox 3330 1244 3518 1298; x_wconf 84' lang='lat' dir='ltr'><strong>perse-</strong></span> 
     </span>
    </p>
   </div>
   <div class='ocr_carea' id='block_1_72' title="bbox 1940 1320 3513 1393">
    <p class='ocr_par' dir='ltr' id='par_1_72' title="bbox 1940 1320 3513 1393">
     <span class='ocr_line' id='line_1_72' title="bbox 1940 1320 3513 1393; baseline 0.003 -22"><span class='ocrx_word' id='word_1_555' title='bbox 1940 1341 1956 1371; x_wconf 72' lang='lat' dir='ltr'><strong>c</strong></span> <span class='ocrx_word' id='word_1_556' title='bbox 2005 1323 2302 1390; x_wconf 79' lang='lat' dir='ltr'><strong>qnuntur?</strong></span> <span class='ocrx_word' id='word_1_557' title='bbox 2342 1320 2550 1385; x_wconf 87' lang='lat' dir='ltr'><strong>Deitas,</strong></span> <span class='ocrx_word' id='word_1_558' title='bbox 2598 1336 2763 1390; x_wconf 83' lang='lat' dir='ltr'><strong>quam</strong></span> <span class='ocrx_word' id='word_1_559' title='bbox 2802 1320 3004 1385; x_wconf 89' lang='lat' dir='ltr'><strong>dicitis,</strong></span> <span class='ocrx_word' id='word_1_560' title='bbox 3043 1337 3224 1376; x_wconf 90' lang='lat' dir='ltr'><strong>nonne</strong></span> <span class='ocrx_word' id='word_1_561' title='bbox 3260 1323 3513 1393; x_wconf 80' lang='lat' dir='ltr'><strong>imagini-</strong></span> 
     </span>
    </p>
   </div>
   <div class='ocr_carea' id='block_1_73' title="bbox 1936 1414 3518 1485">
    <p class='ocr_par' dir='ltr' id='par_1_73' title="bbox 1936 1414 3518 1485">
     <span class='ocr_line' id='line_1_73' title="bbox 1936 1414 3518 1485; baseline 0.002 -19"><span class='ocrx_word' id='word_1_562' title='bbox 1936 1434 1964 1466; x_wconf 64' lang='grc' dir='ltr'><strong>ιτ</strong></span> <span class='ocrx_word' id='word_1_563' title='bbox 2003 1417 2105 1470; x_wconf 83' lang='lat' dir='ltr'><strong>bus</strong></span> <span class='ocrx_word' id='word_1_564' title='bbox 2132 1414 2624 1485; x_wconf 75' lang='lat' dir='ltr'><strong>expritnitur?Cur</strong></span> <span class='ocrx_word' id='word_1_565' title='bbox 2646 1429 2776 1483; x_wconf 82' lang='lat' dir='ltr'><strong>ergo</strong></span> <span class='ocrx_word' id='word_1_566' title='bbox 2800 1414 2956 1468; x_wconf 90' lang='lat' dir='ltr'><strong>nobis</strong></span> <span class='ocrx_word' id='word_1_567' title='bbox 2982 1423 3091 1468; x_wconf 90' lang='lat' dir='ltr'><strong>tam</strong></span> <span class='ocrx_word' id='word_1_568' title='bbox 3114 1414 3306 1468; x_wconf 84' lang='lat' dir='ltr'><strong>acerbe</strong></span> <span class='ocrx_word' id='word_1_569' title='bbox 3327 1417 3518 1469; x_wconf 77' lang='lat' dir='ltr'><strong>convi-</strong></span> 
     </span>
    </p>
   </div>
   <div class='ocr_carea' id='block_1_74' title="bbox 1937 1505 3516 1576">
    <p class='ocr_par' dir='ltr' id='par_1_74' title="bbox 1937 1505 3516 1576">
     <span class='ocr_line' id='line_1_74' title="bbox 1937 1505 3516 1576; baseline 0.002 -18"><span class='ocrx_word' id='word_1_570' title='bbox 1937 1525 1954 1558; x_wconf 78' lang='grc' dir='ltr'><strong>ι</strong></span> <span class='ocrx_word' id='word_1_571' title='bbox 2001 1506 2244 1572; x_wconf 88' lang='lat' dir='ltr'><strong>ciamini,</strong></span> <span class='ocrx_word' id='word_1_572' title='bbox 2282 1507 2377 1576; x_wconf 90' lang='lat' dir='ltr'><strong>qui</strong></span> <span class='ocrx_word' id='word_1_573' title='bbox 2413 1507 2468 1560; x_wconf 90' lang='lat' dir='ltr'><strong>in</strong></span> <span class='ocrx_word' id='word_1_574' title='bbox 2506 1505 2700 1560; x_wconf 86' lang='lat' dir='ltr'><strong>iisdem</strong></span> <span class='ocrx_word' id='word_1_575' title='bbox 2755 1506 2970 1561; x_wconf 82' lang='lat' dir='ltr'><strong>actibus</strong></span> <span class='ocrx_word' id='word_1_576' title='bbox 3009 1507 3304 1561; x_wconf 85' lang='lat' dir='ltr'><strong>versamini</strong></span> <span class='ocrx_word' id='word_1_577' title='bbox 3329 1507 3351 1560; x_wconf 92' lang='lat'><strong>?</strong></span> <span class='ocrx_word' id='word_1_578' title='bbox 3376 1506 3516 1573; x_wconf 86' lang='lat' dir='ltr'><strong>Quia</strong></span> 
     </span>
    </p>
   </div>
   <div class='ocr_carea' id='block_1_75' title="bbox 1937 1598 3532 1668">
    <p class='ocr_par' dir='ltr' id='par_1_75' title="bbox 1937 1598 3532 1668">
     <span class='ocr_line' id='line_1_75' title="bbox 1937 1598 3532 1668; baseline 0.001 -17"><span class='ocrx_word' id='word_1_579' title='bbox 1937 1617 1956 1650; x_wconf 75' lang='grc' dir='ltr'><strong>ι</strong></span> <span class='ocrx_word' id='word_1_580' title='bbox 2002 1600 2170 1668; x_wconf 76' lang='lat' dir='ltr'><strong>igitur</strong></span> <span class='ocrx_word' id='word_1_581' title='bbox 2214 1599 2404 1662; x_wconf 90' lang='lat' dir='ltr'><strong>nobis,</strong></span> <span class='ocrx_word' id='word_1_582' title='bbox 2447 1613 2480 1652; x_wconf 90' lang='grc' dir='ltr'><strong>ο</strong></span> <span class='ocrx_word' id='word_1_583' title='bbox 2522 1598 2758 1668; x_wconf 91' lang='lat' dir='ltr'><strong>judices,</strong></span> <span class='ocrx_word' id='word_1_584' title='bbox 2815 1598 3295 1654; x_wconf 84' lang='lat' dir='ltr'><strong>criminationibus</strong></span> <span class='ocrx_word' id='word_1_585' title='bbox 3360 1599 3532 1654; x_wconf 76' lang='lat' dir='ltr'><strong>facile</strong></span> 
     </span>
    </p>
   </div>
   <div class='ocr_carea' id='block_1_76' title="bbox 1939 1690 3516 1760">
    <p class='ocr_par' dir='ltr' id='par_1_76' title="bbox 1939 1690 3516 1760">
     <span class='ocr_line' id='line_1_76' title="bbox 1939 1690 3516 1760; baseline 0.003 -18"><span class='ocrx_word' id='word_1_586' title='bbox 1939 1710 1957 1742; x_wconf 85' lang='grc'><strong><em>‹</em></strong></span> <span class='ocrx_word' id='word_1_587' title='bbox 2007 1691 2334 1756; x_wconf 85' lang='lat' dir='ltr'><strong>refutandis,</strong></span> <span class='ocrx_word' id='word_1_588' title='bbox 2378 1691 2446 1746; x_wconf 89' lang='lat' dir='ltr'><strong>de</strong></span> <span class='ocrx_word' id='word_1_589' title='bbox 2484 1690 2818 1760; x_wconf 82' lang='lat' dir='ltr'><strong>imaginibus</strong></span> <span class='ocrx_word' id='word_1_590' title='bbox 2838 1692 3244 1746; x_wconf 88' lang='lat' dir='ltr'><strong>accusationem</strong></span> <span class='ocrx_word' id='word_1_591' title='bbox 3286 1692 3516 1754; x_wconf 81' lang='lat' dir='ltr'><strong>infertis,</strong></span> 
     </span>
    </p>
   </div>
   <div class='ocr_carea' id='block_1_77' title="bbox 1939 1783 3522 1856">
    <p class='ocr_par' dir='ltr' id='par_1_77' title="bbox 1939 1783 3522 1856">
     <span class='ocr_line' id='line_1_77' title="bbox 1939 1783 3522 1856; baseline 0.003 -21"><span class='ocrx_word' id='word_1_592' title='bbox 1939 1803 1956 1835; x_wconf 76' lang='grc' dir='ltr'><strong>ι</strong></span> <span class='ocrx_word' id='word_1_593' title='bbox 2007 1797 2133 1853; x_wconf 88' lang='lat' dir='ltr'><strong>age,</strong></span> <span class='ocrx_word' id='word_1_594' title='bbox 2169 1784 2238 1838; x_wconf 89' lang='lat' dir='ltr'><strong>ab</strong></span> <span class='ocrx_word' id='word_1_595' title='bbox 2285 1783 2388 1839; x_wconf 86' lang='lat' dir='ltr'><strong>hoc</strong></span> <span class='ocrx_word' id='word_1_596' title='bbox 2431 1798 2652 1854; x_wconf 82' lang='lat' dir='ltr'><strong>quoque</strong></span> <span class='ocrx_word' id='word_1_597' title='bbox 2691 1798 2879 1839; x_wconf 90' lang='lat' dir='ltr'><strong>errore</strong></span> <span class='ocrx_word' id='word_1_598' title='bbox 2910 1794 2963 1839; x_wconf 90' lang='lat' dir='ltr'><strong>et</strong></span> <span class='ocrx_word' id='word_1_599' title='bbox 3014 1785 3375 1856; x_wconf 85' lang='lat' dir='ltr'><strong>ambiguitate</strong></span> <span class='ocrx_word' id='word_1_600' title='bbox 3423 1801 3522 1840; x_wconf 86' lang='lat' dir='ltr'><strong>vos</strong></span> 
     </span>
    </p>
   </div>
   <div class='ocr_carea' id='block_1_78' title="bbox 1860 1858 2320 1946">
    <p class='ocr_par' dir='ltr' id='par_1_78' title="bbox 1860 1858 2320 1946">
     <span class='ocr_line' id='line_1_78' title="bbox 1860 1858 2320 1946; baseline 0.004 -18"><span class='ocrx_word' id='word_1_601' title='bbox 1860 1858 1898 1912; x_wconf 74' lang='grc' dir='ltr'><strong>Β</strong></span> <span class='ocrx_word' id='word_1_602' title='bbox 1936 1895 1954 1928; x_wconf 79' lang='grc' dir='ltr'><strong>ι</strong></span> <span class='ocrx_word' id='word_1_603' title='bbox 2001 1877 2320 1946; x_wconf 88' lang='lat' dir='ltr'><strong>eripiamus.</strong></span> 
     </span>
    </p>
   </div>
   <div class='ocr_carea' id='block_1_79' title="bbox 1935 1966 3519 2038">
    <p class='ocr_par' dir='ltr' id='par_1_79' title="bbox 1935 1966 3519 2038">
     <span class='ocr_line' id='line_1_79' title="bbox 1935 1966 3519 2038; baseline 0.004 -20"><span class='ocrx_word' id='word_1_604' title='bbox 1935 1987 1951 2018; x_wconf 81' lang='grc' dir='ltr'><strong>ι</strong></span> <span class='ocrx_word' id='word_1_605' title='bbox 2000 1968 2088 2022; x_wconf 82' lang='grc'><strong>16.</strong></span> <span class='ocrx_word' id='word_1_606' title='bbox 2131 1966 2245 2022; x_wconf 89' lang='lat' dir='ltr'><strong>Nos</strong></span> <span class='ocrx_word' id='word_1_607' title='bbox 2268 1969 2547 2032; x_wconf 89' lang='lat' dir='ltr'><strong>deitatem,</strong></span> <span class='ocrx_word' id='word_1_608' title='bbox 2587 1982 2711 2036; x_wconf 72' lang='lat' dir='ltr'><strong>quae</strong></span> <span class='ocrx_word' id='word_1_609' title='bbox 2739 1966 2967 2036; x_wconf 79' lang='lat' dir='ltr'><strong>simplex</strong></span> <span class='ocrx_word' id='word_1_610' title='bbox 2998 1978 3082 2023; x_wconf 90' lang='lat' dir='ltr'><strong>est</strong></span> <span class='ocrx_word' id='word_1_611' title='bbox 3120 1977 3174 2023; x_wconf 90' lang='lat' dir='ltr'><strong>et</strong></span> <span class='ocrx_word' id='word_1_612' title='bbox 3209 1969 3519 2038; x_wconf 88' lang='lat' dir='ltr'><strong>incompre-</strong></span> 
     </span>
    </p>
   </div>
   <div class='ocr_carea' id='block_1_80' title="bbox 1933 2053 3527 2131">
    <p class='ocr_par' dir='ltr' id='par_1_80' title="bbox 1933 2053 3527 2131">
     <span class='ocr_line' id='line_1_80' title="bbox 1933 2053 3527 2131; baseline 0.003 -21"><span class='ocrx_word' id='word_1_613' title='bbox 1933 2077 1952 2110; x_wconf 77' lang='grc' dir='ltr'><strong>ι</strong></span> <span class='ocrx_word' id='word_1_614' title='bbox 1995 2059 2299 2121; x_wconf 89' lang='lat' dir='ltr'><strong>hensibilis,</strong></span> <span class='ocrx_word' id='word_1_615' title='bbox 2339 2053 2687 2128; x_wconf 74' lang='lat' dir='ltr'><strong>nequaqu’am</strong></span> <span class='ocrx_word' id='word_1_616' title='bbox 2745 2059 2908 2114; x_wconf 88' lang='lat' dir='ltr'><strong>certis</strong></span> <span class='ocrx_word' id='word_1_617' title='bbox 2943 2057 3136 2115; x_wconf 82' lang='lat' dir='ltr'><strong>formis</strong></span> <span class='ocrx_word' id='word_1_618' title='bbox 3188 2068 3284 2114; x_wconf 87' lang='lat' dir='ltr'><strong>aut</strong></span> <span class='ocrx_word' id='word_1_619' title='bbox 3328 2061 3527 2131; x_wconf 71' lang='lat' dir='ltr'><strong>tiguris</strong></span> 
     </span>
    </p>
   </div>
   <div class='ocr_carea' id='block_1_81' title="bbox 1934 2151 3520 2226">
    <p class='ocr_par' dir='ltr' id='par_1_81' title="bbox 1934 2151 3520 2226">
     <span class='ocr_line' id='line_1_81' title="bbox 1934 2151 3520 2226; baseline 0.004 -22"><span class='ocrx_word' id='word_1_620' title='bbox 1934 2170 1952 2204; x_wconf 77' lang='grc' dir='ltr'><strong>ι</strong></span> <span class='ocrx_word' id='word_1_621' title='bbox 1999 2167 2314 2221; x_wconf 80' lang='lat' dir='ltr'><strong>expressam</strong></span> <span class='ocrx_word' id='word_1_622' title='bbox 2375 2151 2633 2206; x_wconf 87' lang='lat' dir='ltr'><strong>volumus</strong></span> <span class='ocrx_word' id='word_1_623' title='bbox 2674 2191 2690 2216; x_wconf 93' lang='lat'><strong>,</strong></span> <span class='ocrx_word' id='word_1_624' title='bbox 2756 2167 2937 2222; x_wconf 89' lang='lat' dir='ltr'><strong>neque</strong></span> <span class='ocrx_word' id='word_1_625' title='bbox 2998 2167 3124 2208; x_wconf 88' lang='lat' dir='ltr'><strong>cera</strong></span> <span class='ocrx_word' id='word_1_626' title='bbox 3190 2163 3290 2208; x_wconf 79' lang='lat' dir='ltr'><strong>aut</strong></span> <span class='ocrx_word' id='word_1_627' title='bbox 3352 2155 3520 2226; x_wconf 79' lang='lat' dir='ltr'><strong>lignis</strong></span> 
     </span>
    </p>
   </div>
   <div class='ocr_carea' id='block_1_82' title="bbox 1935 2243 3518 2313">
    <p class='ocr_par' dir='ltr' id='par_1_82' title="bbox 1935 2243 3518 2313">
     <span class='ocr_line' id='line_1_82' title="bbox 1935 2243 3518 2313; baseline 0.004 -18"><span class='ocrx_word' id='word_1_628' title='bbox 1935 2264 1952 2295; x_wconf 79' lang='grc' dir='ltr'><strong>ι</strong></span> <span class='ocrx_word' id='word_1_629' title='bbox 1997 2243 2577 2313; x_wconf 86' lang='lat' dir='ltr'><strong>supersubstantialem</strong></span> <span class='ocrx_word' id='word_1_630' title='bbox 2639 2251 2695 2298; x_wconf 88' lang='lat' dir='ltr'><strong>et</strong></span> <span class='ocrx_word' id='word_1_631' title='bbox 2760 2243 2880 2298; x_wconf 90' lang='lat' dir='ltr'><strong>sine</strong></span> <span class='ocrx_word' id='word_1_632' title='bbox 2934 2243 3091 2299; x_wconf 92' lang='lat' dir='ltr'><strong>initio</strong></span> <span class='ocrx_word' id='word_1_633' title='bbox 3151 2246 3518 2302; x_wconf 84' lang='lat' dir='ltr'><strong>substantiam</strong></span> 
     </span>
    </p>
   </div>
   <div class='ocr_carea' id='block_1_83' title="bbox 1935 2337 3518 2407">
    <p class='ocr_par' dir='ltr' id='par_1_83' title="bbox 1935 2337 3518 2407">
     <span class='ocr_line' id='line_1_83' title="bbox 1935 2337 3518 2407; baseline 0.004 -20"><span class='ocrx_word' id='word_1_634' title='bbox 1935 2355 1953 2387; x_wconf 75' lang='grc' dir='ltr'><strong>ι</strong></span> <span class='ocrx_word' id='word_1_635' title='bbox 2002 2337 2376 2390; x_wconf 78' lang='lat' dir='ltr'><strong>honorantlam</strong></span> <span class='ocrx_word' id='word_1_636' title='bbox 2415 2349 2727 2401; x_wconf 86' lang='lat' dir='ltr'><strong>censemus;</strong></span> <span class='ocrx_word' id='word_1_637' title='bbox 2764 2337 2858 2390; x_wconf 91' lang='lat' dir='ltr'><strong>sed</strong></span> <span class='ocrx_word' id='word_1_638' title='bbox 2894 2337 3024 2406; x_wconf 83' lang='lat' dir='ltr'><strong>quia</strong></span> <span class='ocrx_word' id='word_1_639' title='bbox 3067 2337 3267 2407; x_wconf 89' lang='lat' dir='ltr'><strong>primo,</strong></span> <span class='ocrx_word' id='word_1_640' title='bbox 3309 2338 3518 2394; x_wconf 88' lang='lat' dir='ltr'><strong>homini</strong></span> 
     </span>
    </p>
   </div>
   <div class='ocr_carea' id='block_1_84' title="bbox 1935 2427 3520 2502">
    <p class='ocr_par' dir='ltr' id='par_1_84' title="bbox 1935 2427 3520 2502">
     <span class='ocr_line' id='line_1_84' title="bbox 1935 2427 3520 2502; baseline 0.004 -22"><span class='ocrx_word' id='word_1_641' title='bbox 1935 2449 1953 2480; x_wconf 87' lang='grc'><strong>‹</strong></span> <span class='ocrx_word' id='word_1_642' title='bbox 2001 2429 2070 2482; x_wconf 88' lang='lat' dir='ltr'><strong>ab</strong></span> <span class='ocrx_word' id='word_1_643' title='bbox 2146 2429 2448 2497; x_wconf 84' lang='lat' dir='ltr'><strong>apostatica</strong></span> <span class='ocrx_word' id='word_1_644' title='bbox 2516 2427 2821 2499; x_wconf 84' lang='lat' dir='ltr'><strong>audacique</strong></span> <span class='ocrx_word' id='word_1_645' title='bbox 2891 2431 3131 2500; x_wconf 88' lang='lat' dir='ltr'><strong>potentia</strong></span> <span class='ocrx_word' id='word_1_646' title='bbox 3192 2447 3287 2502; x_wconf 87' lang='lat' dir='ltr'><strong>per</strong></span> <span class='ocrx_word' id='word_1_647' title='bbox 3356 2446 3520 2486; x_wconf 90' lang='lat' dir='ltr'><strong>suum</strong></span> 
     </span>
    </p>
   </div>
   <div class='ocr_carea' id='block_1_85' title="bbox 1934 2520 3509 2594">
    <p class='ocr_par' dir='ltr' id='par_1_85' title="bbox 1934 2520 3509 2594">
     <span class='ocr_line' id='line_1_85' title="bbox 1934 2520 3509 2594; baseline 0.006 -24"><span class='ocrx_word' id='word_1_648' title='bbox 1934 2539 1950 2570; x_wconf 75' lang='grc' dir='ltr'><strong>ι</strong></span> <span class='ocrx_word' id='word_1_649' title='bbox 2004 2521 2214 2589; x_wconf 91' lang='lat' dir='ltr'><strong>lapsum</strong></span> <span class='ocrx_word' id='word_1_650' title='bbox 2259 2520 2496 2583; x_wconf 88' lang='lat' dir='ltr'><strong>devicto,</strong></span> <span class='ocrx_word' id='word_1_651' title='bbox 2540 2535 2678 2589; x_wconf 90' lang='lat' dir='ltr'><strong>opus</strong></span> <span class='ocrx_word' id='word_1_652' title='bbox 2715 2527 2833 2574; x_wconf 88' lang='lat' dir='ltr'><strong>erat</strong></span> <span class='ocrx_word' id='word_1_653' title='bbox 2893 2521 3143 2590; x_wconf 89' lang='lat' dir='ltr'><strong>adjutore</strong></span> <span class='ocrx_word' id='word_1_654' title='bbox 3198 2523 3291 2592; x_wconf 90' lang='lat' dir='ltr'><strong>qui</strong></span> <span class='ocrx_word' id='word_1_655' title='bbox 3332 2525 3509 2594; x_wconf 82' lang='lat' dir='ltr'><strong>erige-</strong></span> 
     </span>
    </p>
   </div>
   <div class='ocr_carea' id='block_1_86' title="bbox 1936 2611 3524 2684">
    <p class='ocr_par' dir='ltr' id='par_1_86' title="bbox 1936 2611 3524 2684">
     <span class='ocr_line' id='line_1_86' title="bbox 1936 2611 3524 2684; baseline 0.004 -21"><span class='ocrx_word' id='word_1_656' title='bbox 1936 2631 1953 2663; x_wconf 79' lang='grc' dir='ltr'><strong>ι</strong></span> <span class='ocrx_word' id='word_1_657' title='bbox 2002 2621 2080 2666; x_wconf 90' lang='lat' dir='ltr'><strong>ret</strong></span> <span class='ocrx_word' id='word_1_658' title='bbox 2124 2612 2142 2682; x_wconf 88' lang='lat'>(</span> <span class='ocrx_word' id='word_1_659' title='bbox 2171 2627 2348 2681; x_wconf 88' lang='lat' dir='ltr'><strong>neque</strong></span> <span class='ocrx_word' id='word_1_660' title='bbox 2366 2612 2513 2666; x_wconf 91' lang='lat' dir='ltr'><strong>enim</strong></span> <span class='ocrx_word' id='word_1_661' title='bbox 2540 2611 2733 2681; x_wconf 84' lang='lat' dir='ltr'><strong>jacens</strong></span> <span class='ocrx_word' id='word_1_662' title='bbox 2767 2621 2960 2667; x_wconf 86' lang='lat' dir='ltr'><strong>natura</strong></span> <span class='ocrx_word' id='word_1_663' title='bbox 2993 2629 3088 2683; x_wconf 91' lang='lat' dir='ltr'><strong>per</strong></span> <span class='ocrx_word' id='word_1_664' title='bbox 3119 2629 3177 2669; x_wconf 92' lang='lat' dir='ltr'><strong>se</strong></span> <span class='ocrx_word' id='word_1_665' title='bbox 3210 2615 3325 2684; x_wconf 88' lang='lat' dir='ltr'><strong>ipsa</strong></span> <span class='ocrx_word' id='word_1_666' title='bbox 3349 2613 3524 2672; x_wconf 79' lang='lat' dir='ltr'><strong>refor-</strong></span> 
     </span>
    </p>
   </div>
   <div class='ocr_carea' id='block_1_87' title="bbox 1935 2705 3520 2773">
    <p class='ocr_par' dir='ltr' id='par_1_87' title="bbox 1935 2705 3520 2773">
     <span class='ocr_line' id='line_1_87' title="bbox 1935 2705 3520 2773; baseline 0.005 -17"><span class='ocrx_word' id='word_1_667' title='bbox 1935 2725 1952 2756; x_wconf 77' lang='grc' dir='ltr'><strong>ι</strong></span> <span class='ocrx_word' id='word_1_668' title='bbox 1998 2718 2148 2759; x_wconf 86' lang='lat' dir='ltr'><strong>mare</strong></span> <span class='ocrx_word' id='word_1_669' title='bbox 2186 2713 2359 2759; x_wconf 88' lang='lat' dir='ltr'><strong>semet</strong></span> <span class='ocrx_word' id='word_1_670' title='bbox 2381 2711 2594 2773; x_wconf 86' lang='lat' dir='ltr'><strong>poterat</strong></span> <span class='ocrx_word' id='word_1_671' title='bbox 2614 2705 3124 2772; x_wconf 88' lang='lat' dir='ltr'><strong>atqueinstaurare,</strong></span> <span class='ocrx_word' id='word_1_672' title='bbox 3164 2706 3388 2762; x_wconf 86' lang='lat' dir='ltr'><strong>inimico</strong></span> <span class='ocrx_word' id='word_1_673' title='bbox 3418 2723 3520 2764; x_wconf 90' lang='lat' dir='ltr'><strong>suo</strong></span> 
     </span>
    </p>
   </div>
   <div class='ocr_carea' id='block_1_88' title="bbox 1937 2796 3522 2866">
    <p class='ocr_par' dir='ltr' id='par_1_88' title="bbox 1937 2796 3522 2866">
     <span class='ocr_line' id='line_1_88' title="bbox 1937 2796 3522 2866; baseline 0.004 -17"><span class='ocrx_word' id='word_1_674' title='bbox 1937 2817 1955 2849; x_wconf 76' lang='grc' dir='ltr'><strong>ι</strong></span> <span class='ocrx_word' id='word_1_675' title='bbox 1993 2797 2094 2852; x_wconf 91' lang='lat' dir='ltr'><strong>sibi</strong></span> <span class='ocrx_word' id='word_1_676' title='bbox 2119 2796 2489 2860; x_wconf 85' lang='lat' dir='ltr'><strong>incumbente,</strong></span> <span class='ocrx_word' id='word_1_677' title='bbox 2509 2796 2670 2864; x_wconf 90' lang='lat' dir='ltr'><strong>cujus</strong></span> <span class='ocrx_word' id='word_1_678' title='bbox 2685 2796 3024 2866; x_wconf 88' lang='lat' dir='ltr'><strong>tyrannidem</strong></span> <span class='ocrx_word' id='word_1_679' title='bbox 3045 2799 3263 2854; x_wconf 87' lang='lat' dir='ltr'><strong>nonnisi</strong></span> <span class='ocrx_word' id='word_1_680' title='bbox 3282 2801 3522 2855; x_wconf 88' lang='lat' dir='ltr'><strong>secundo</strong></span> 
     </span>
    </p>
   </div>
   <div class='ocr_carea' id='block_1_89' title="bbox 1935 2888 3519 2960">
    <p class='ocr_par' dir='ltr' id='par_1_89' title="bbox 1935 2888 3519 2960">
     <span class='ocr_line' id='line_1_89' title="bbox 1935 2888 3519 2960; baseline 0.003 -18"><span class='ocrx_word' id='word_1_681' title='bbox 1935 2910 1953 2942; x_wconf 75' lang='grc' dir='ltr'><strong>ι</strong></span> <span class='ocrx_word' id='word_1_682' title='bbox 2001 2891 2301 2946; x_wconf 87' lang='lat' dir='ltr'><strong>certamine</strong></span> <span class='ocrx_word' id='word_1_683' title='bbox 2318 2888 2510 2960; x_wconf 85' lang='lat' dir='ltr'><strong>depelli</strong></span> <span class='ocrx_word' id='word_1_684' title='bbox 2534 2905 2751 2958; x_wconf 64' lang='lat' dir='ltr'><strong>aequum</strong></span> <span class='ocrx_word' id='word_1_685' title='bbox 2770 2890 2934 2960; x_wconf 89' lang='lat' dir='ltr'><strong>erat),</strong></span> <span class='ocrx_word' id='word_1_686' title='bbox 2959 2891 3075 2960; x_wconf 86' lang='lat' dir='ltr'><strong>ipse</strong></span> <span class='ocrx_word' id='word_1_687' title='bbox 3095 2890 3232 2946; x_wconf 89' lang='lat' dir='ltr'><strong>Crea</strong></span> <span class='ocrx_word' id='word_1_688' title='bbox 3243 2900 3345 2960; x_wconf 88' lang='lat' dir='ltr'><strong>tor,</strong></span> <span class='ocrx_word' id='word_1_689' title='bbox 3372 2909 3519 2947; x_wconf 91' lang='lat' dir='ltr'><strong>unus</strong></span> 
     </span>
    </p>
   </div>
   <div class='ocr_carea' id='block_1_90' title="bbox 1944 2978 3526 3042">
    <p class='ocr_par' dir='ltr' id='par_1_90' title="bbox 1944 2978 3526 3042">
     <span class='ocr_line' id='line_1_90' title="bbox 1944 2978 3526 3042; baseline 0.003 -8"><span class='ocrx_word' id='word_1_690' title='bbox 1944 3002 1962 3034; x_wconf 79' lang='grc' dir='ltr'><strong>ι</strong></span> <span class='ocrx_word' id='word_1_691' title='bbox 2008 2983 2076 3037; x_wconf 90' lang='lat' dir='ltr'><strong>de</strong></span> <span class='ocrx_word' id='word_1_692' title='bbox 2107 2981 2378 3036; x_wconf 87' lang='lat' dir='ltr'><strong>Trinitate</strong></span> <span class='ocrx_word' id='word_1_693' title='bbox 2420 2979 2563 3035; x_wconf 87' lang='lat' dir='ltr'><strong>Deus</strong></span> <span class='ocrx_word' id='word_1_694' title='bbox 2604 2978 2866 3042; x_wconf 86' lang='lat' dir='ltr'><strong>Verbum,</strong></span> <span class='ocrx_word' id='word_1_695' title='bbox 2898 2981 3062 3035; x_wconf 81' lang='lat' dir='ltr'><strong>sicuti</strong></span> <span class='ocrx_word' id='word_1_696' title='bbox 3096 2982 3226 3036; x_wconf 91' lang='lat' dir='ltr'><strong>olim</strong></span> <span class='ocrx_word' id='word_1_697' title='bbox 3255 2994 3526 3040; x_wconf 72' lang='lat' dir='ltr'><strong>creatura:</strong></span> 
     </span>
    </p>
   </div>
   <div class='ocr_carea' id='block_1_91' title="bbox 1936 3072 3524 3145">
    <p class='ocr_par' dir='ltr' id='par_1_91' title="bbox 1936 3072 3524 3145">
     <span class='ocr_line' id='line_1_91' title="bbox 1936 3072 3524 3145; baseline 0.003 -18"><span class='ocrx_word' id='word_1_698' title='bbox 1936 3094 1955 3127; x_wconf 75' lang='grc' dir='ltr'><strong>ι</strong></span> <span class='ocrx_word' id='word_1_699' title='bbox 2001 3075 2256 3145; x_wconf 86' lang='lat' dir='ltr'><strong>plasmati</strong></span> <span class='ocrx_word' id='word_1_700' title='bbox 2301 3073 2642 3128; x_wconf 73' lang='lat' dir='ltr'><strong>conficiendo</strong></span> <span class='ocrx_word' id='word_1_701' title='bbox 2701 3072 2914 3126; x_wconf 91' lang='lat' dir='ltr'><strong>nullum</strong></span> <span class='ocrx_word' id='word_1_702' title='bbox 2959 3073 3262 3142; x_wconf 90' lang='lat' dir='ltr'><strong>adjutorem</strong></span> <span class='ocrx_word' id='word_1_703' title='bbox 3314 3076 3524 3132; x_wconf 87' lang='lat' dir='ltr'><strong>habue-</strong></span> 
     </span>
    </p>
   </div>
   <div class='ocr_carea' id='block_1_92' title="bbox 1935 3161 3525 3233">
    <p class='ocr_par' dir='ltr' id='par_1_92' title="bbox 1935 3161 3525 3233">
     <span class='ocr_line' id='line_1_92' title="bbox 1935 3161 3525 3233; baseline 0.003 -16"><span class='ocrx_word' id='word_1_704' title='bbox 1935 3185 1954 3217; x_wconf 76' lang='grc' dir='ltr'><strong>ι</strong></span> <span class='ocrx_word' id='word_1_705' title='bbox 2001 3175 2114 3232; x_wconf 88' lang='lat' dir='ltr'><strong>rat;</strong></span> <span class='ocrx_word' id='word_1_706' title='bbox 2152 3165 2225 3218; x_wconf 90' lang='lat' dir='ltr'><strong>ita</strong></span> <span class='ocrx_word' id='word_1_707' title='bbox 2255 3179 2354 3228; x_wconf 91' lang='lat' dir='ltr'><strong>ne,</strong></span> <span class='ocrx_word' id='word_1_708' title='bbox 2394 3178 2539 3217; x_wconf 92' lang='lat' dir='ltr'><strong>nunc</strong></span> <span class='ocrx_word' id='word_1_709' title='bbox 2582 3161 2802 3233; x_wconf 84' lang='lat' dir='ltr'><strong>quidem</strong></span> <span class='ocrx_word' id='word_1_710' title='bbox 2847 3177 2972 3217; x_wconf 92' lang='lat' dir='ltr'><strong>cum</strong></span> <span class='ocrx_word' id='word_1_711' title='bbox 3031 3173 3340 3233; x_wconf 85' lang='lat' dir='ltr'><strong>corruptam</strong></span> <span class='ocrx_word' id='word_1_712' title='bbox 3384 3166 3525 3221; x_wconf 87' lang='lat' dir='ltr'><strong>ima-</strong></span> 
     </span>
    </p>
   </div>
   <div class='ocr_carea' id='block_1_93' title="bbox 1938 3253 3518 3327">
    <p class='ocr_par' dir='ltr' id='par_1_93' title="bbox 1938 3253 3518 3327">
     <span class='ocr_line' id='line_1_93' title="bbox 1938 3253 3518 3327; baseline 0.001 -17"><span class='ocrx_word' id='word_1_713' title='bbox 1938 3277 1957 3310; x_wconf 74' lang='grc' dir='ltr'><strong>ι</strong></span> <span class='ocrx_word' id='word_1_714' title='bbox 2003 3257 2182 3327; x_wconf 82' lang='lat' dir='ltr'><strong>ginem</strong></span> <span class='ocrx_word' id='word_1_715' title='bbox 2223 3256 2626 3309; x_wconf 82' lang='lat' dir='ltr'><strong>instauraturus</strong></span> <span class='ocrx_word' id='word_1_716' title='bbox 2675 3260 2811 3320; x_wconf 89' lang='lat' dir='ltr'><strong>erat,</strong></span> <span class='ocrx_word' id='word_1_717' title='bbox 2843 3253 3018 3308; x_wconf 89' lang='lat' dir='ltr'><strong>cuivis</strong></span> <span class='ocrx_word' id='word_1_718' title='bbox 3054 3255 3144 3307; x_wconf 90' lang='lat' dir='ltr'><strong>alii</strong></span> <span class='ocrx_word' id='word_1_719' title='bbox 3171 3255 3310 3310; x_wconf 91' lang='lat' dir='ltr'><strong>hanc</strong></span> <span class='ocrx_word' id='word_1_720' title='bbox 3355 3271 3518 3325; x_wconf 84' lang='lat' dir='ltr'><strong>repa-</strong></span> 
     </span>
    </p>
   </div>
   <div class='ocr_carea' id='block_1_94' title="bbox 1940 3341 3529 3414">
    <p class='ocr_par' dir='ltr' id='par_1_94' title="bbox 1940 3341 3529 3414">
     <span class='ocr_line' id='line_1_94' title="bbox 1940 3341 3529 3414; baseline 0.004 -17"><span class='ocrx_word' id='word_1_721' title='bbox 1940 3363 1960 3397; x_wconf 79' lang='grc' dir='ltr'><strong>ι</strong></span> <span class='ocrx_word' id='word_1_722' title='bbox 2006 3345 2274 3399; x_wconf 89' lang='lat' dir='ltr'><strong>rationem</strong></span> <span class='ocrx_word' id='word_1_723' title='bbox 2317 3341 2614 3408; x_wconf 86' lang='lat' dir='ltr'><strong>commisit,</strong></span> <span class='ocrx_word' id='word_1_724' title='bbox 2664 3341 2770 3396; x_wconf 84' lang='lat' dir='ltr'><strong>sed.</strong></span> <span class='ocrx_word' id='word_1_725' title='bbox 2825 3357 2924 3396; x_wconf 91' lang='lat' dir='ltr'><strong>sua</strong></span> <span class='ocrx_word' id='word_1_726' title='bbox 2962 3344 3202 3412; x_wconf 87' lang='lat' dir='ltr'><strong>putentia</strong></span> <span class='ocrx_word' id='word_1_727' title='bbox 3265 3357 3529 3414; x_wconf 84' lang='lat' dir='ltr'><strong>operante</strong></span> 
     </span>
    </p>
   </div>
   <div class='ocr_carea' id='block_1_95' title="bbox 1942 3434 3525 3505">
    <p class='ocr_par' dir='ltr' id='par_1_95' title="bbox 1942 3434 3525 3505">
     <span class='ocr_line' id='line_1_95' title="bbox 1942 3434 3525 3505; baseline 0.003 -16"><span class='ocrx_word' id='word_1_728' title='bbox 1942 3457 1961 3489; x_wconf 79' lang='grc' dir='ltr'><strong>ι</strong></span> <span class='ocrx_word' id='word_1_729' title='bbox 2005 3452 2139 3492; x_wconf 90' lang='lat' dir='ltr'><strong>usus</strong></span> <span class='ocrx_word' id='word_1_730' title='bbox 2169 3477 2185 3503; x_wconf 91' lang='lat'><strong>,</strong></span> <span class='ocrx_word' id='word_1_731' title='bbox 2266 3444 2544 3490; x_wconf 86' lang='lat' dir='ltr'><strong>certamen</strong></span> <span class='ocrx_word' id='word_1_732' title='bbox 2607 3449 2707 3505; x_wconf 92' lang='lat' dir='ltr'><strong>pro</strong></span> <span class='ocrx_word' id='word_1_733' title='bbox 2751 3434 2911 3489; x_wconf 91' lang='lat' dir='ltr'><strong>nobis</strong></span> <span class='ocrx_word' id='word_1_734' title='bbox 2956 3435 3012 3488; x_wconf 93' lang='lat' dir='ltr'><strong>in</strong></span> <span class='ocrx_word' id='word_1_735' title='bbox 3071 3435 3308 3490; x_wconf 85' lang='lat' dir='ltr'><strong>humana</strong></span> <span class='ocrx_word' id='word_1_736' title='bbox 3350 3439 3525 3494; x_wconf 78' lang='lat' dir='ltr'><strong>forma</strong></span> 
     </span>
    </p>
   </div>
   <div class='ocr_carea' id='block_1_96' title="bbox 1940 3526 3526 3599">
    <p class='ocr_par' dir='ltr' id='par_1_96' title="bbox 1940 3526 3526 3599">
     <span class='ocr_line' id='line_1_96' title="bbox 1940 3526 3526 3599; baseline 0.001 -16"><span class='ocrx_word' id='word_1_737' title='bbox 1940 3549 1958 3583; x_wconf 75' lang='grc' dir='ltr'><strong>ι</strong></span> <span class='ocrx_word' id='word_1_738' title='bbox 2004 3529 2262 3598; x_wconf 85' lang='lat' dir='ltr'><strong>suscepit.</strong></span> <span class='ocrx_word' id='word_1_739' title='bbox 2326 3526 2441 3582; x_wconf 84' lang='lat' dir='ltr'><strong>Hoc</strong></span> <span class='ocrx_word' id='word_1_740' title='bbox 2502 3527 2649 3582; x_wconf 93' lang='lat' dir='ltr'><strong>enim</strong></span> <span class='ocrx_word' id='word_1_741' title='bbox 2720 3527 3055 3583; x_wconf 85' lang='lat' dir='ltr'><strong>conveniens</strong></span> <span class='ocrx_word' id='word_1_742' title='bbox 3121 3531 3526 3599; x_wconf 77' lang='lat' dir='ltr'><strong>quodammodo</strong></span> 
     </span>
    </p>
   </div>
   <div class='ocr_carea' id='block_1_97' title="bbox 1941 3621 3525 3690">
    <p class='ocr_par' dir='ltr' id='par_1_97' title="bbox 1941 3621 3525 3690">
     <span class='ocr_line' id='line_1_97' title="bbox 1941 3621 3525 3690; baseline 0.003 -14"><span class='ocrx_word' id='word_1_743' title='bbox 1941 3644 1964 3676; x_wconf 50' lang='grc' dir='ltr'>«μ</span> <span class='ocrx_word' id='word_1_744' title='bbox 2004 3631 2122 3678; x_wconf 88' lang='lat' dir='ltr'><strong>erat</strong></span> <span class='ocrx_word' id='word_1_745' title='bbox 2176 3621 2306 3686; x_wconf 88' lang='lat' dir='ltr'><strong>Deo,</strong></span> <span class='ocrx_word' id='word_1_746' title='bbox 2361 3632 2418 3674; x_wconf 91' lang='lat' dir='ltr'><strong>ut</strong></span> <span class='ocrx_word' id='word_1_747' title='bbox 2458 3630 2733 3674; x_wconf 86' lang='lat' dir='ltr'><strong>certamen</strong></span> <span class='ocrx_word' id='word_1_748' title='bbox 2781 3635 2850 3674; x_wconf 76' lang='lat' dir='ltr'><strong>ex</strong></span> <span class='ocrx_word' id='word_1_749' title='bbox 2883 3635 3189 3690; x_wconf 59' lang='lat' dir='ltr'><strong>atquecum</strong></span> <span class='ocrx_word' id='word_1_750' title='bbox 3227 3623 3383 3679; x_wconf 80' lang='lat' dir='ltr'><strong>hoste</strong></span> <span class='ocrx_word' id='word_1_751' title='bbox 3429 3641 3525 3688; x_wconf 81' lang='lat' dir='ltr'><strong>na—</strong></span> 
     </span>
    </p>
   </div>
   <div class='ocr_carea' id='block_1_98' title="bbox 1940 3713 3523 3784">
    <p class='ocr_par' dir='ltr' id='par_1_98' title="bbox 1940 3713 3523 3784">
     <span class='ocr_line' id='line_1_98' title="bbox 1940 3713 3523 3784; baseline 0.001 -14"><span class='ocrx_word' id='word_1_752' title='bbox 1940 3737 1958 3770; x_wconf 86' lang='grc'><strong>‹</strong></span> <span class='ocrx_word' id='word_1_753' title='bbox 2007 3725 2196 3771; x_wconf 89' lang='lat' dir='ltr'><strong>traret.</strong></span> <span class='ocrx_word' id='word_1_754' title='bbox 2219 3715 2491 3782; x_wconf 84' lang='lat' dir='ltr'><strong>Quoniam</strong></span> <span class='ocrx_word' id='word_1_755' title='bbox 2518 3729 2646 3770; x_wconf 88' lang='lat' dir='ltr'><strong>vero</strong></span> <span class='ocrx_word' id='word_1_756' title='bbox 2673 3713 2853 3769; x_wconf 89' lang='lat' dir='ltr'><strong>omnis</strong></span> <span class='ocrx_word' id='word_1_757' title='bbox 2869 3723 3108 3770; x_wconf 75' lang='lat' dir='ltr'><strong>certator</strong></span> <span class='ocrx_word' id='word_1_758' title='bbox 3130 3717 3305 3772; x_wconf 89' lang='lat' dir='ltr'><strong>tribus</strong></span> <span class='ocrx_word' id='word_1_759' title='bbox 3328 3720 3523 3784; x_wconf 84' lang='lat' dir='ltr'><strong>modis,</strong></span> 
     </span>
    </p>
   </div>
   <div class='ocr_carea' id='block_1_99' title="bbox 1942 3807 3525 3874">
    <p class='ocr_par' dir='ltr' id='par_1_99' title="bbox 1942 3807 3525 3874">
     <span class='ocr_line' id='line_1_99' title="bbox 1942 3807 3525 3874; baseline 0.002 -12"><span class='ocrx_word' id='word_1_760' title='bbox 1942 3829 1960 3862; x_wconf 87' lang='grc'><strong>‹</strong></span> <span class='ocrx_word' id='word_1_761' title='bbox 2007 3819 2105 3864; x_wconf 90' lang='lat' dir='ltr'><strong>aut</strong></span> <span class='ocrx_word' id='word_1_762' title='bbox 2159 3825 2270 3863; x_wconf 92' lang='lat' dir='ltr'><strong>uno</strong></span> <span class='ocrx_word' id='word_1_763' title='bbox 2309 3824 2375 3863; x_wconf 73' lang='lat' dir='ltr'><strong>ex</strong></span> <span class='ocrx_word' id='word_1_764' title='bbox 2434 3808 2520 3863; x_wconf 84' lang='lat' dir='ltr'><strong>his</strong></span> <span class='ocrx_word' id='word_1_765' title='bbox 2560 3807 2781 3862; x_wconf 81' lang='lat' dir='ltr'><strong>vincere</strong></span> <span class='ocrx_word' id='word_1_766' title='bbox 2819 3807 2962 3863; x_wconf 80' lang='lat' dir='ltr'><strong>solet</strong></span> <span class='ocrx_word' id='word_1_767' title='bbox 3007 3807 3404 3874; x_wconf 86' lang='lat' dir='ltr'><strong>adversarium,</strong></span> <span class='ocrx_word' id='word_1_768' title='bbox 3442 3813 3525 3865; x_wconf 84' lang='lat' dir='ltr'><strong>vel</strong></span> 
     </span>
    </p>
   </div>
   <div class='ocr_carea' id='block_1_100' title="bbox 1942 3900 3527 3974">
    <p class='ocr_par' dir='ltr' id='par_1_100' title="bbox 1942 3900 3527 3974">
     <span class='ocr_line' id='line_1_100' title="bbox 1942 3900 3527 3974; baseline 0.001 -19"><span class='ocrx_word' id='word_1_769' title='bbox 1942 3922 1960 3955; x_wconf 78' lang='grc' dir='ltr'><strong>ι</strong></span> <span class='ocrx_word' id='word_1_770' title='bbox 2005 3901 2200 3957; x_wconf 79' lang='lat' dir='ltr'><strong>fraude</strong></span> <span class='ocrx_word' id='word_1_771' title='bbox 2261 3900 2472 3956; x_wconf 86' lang='lat' dir='ltr'><strong>scilicet</strong></span> <span class='ocrx_word' id='word_1_772' title='bbox 2536 3901 2620 3955; x_wconf 88' lang='lat' dir='ltr'><strong>vel</strong></span> <span class='ocrx_word' id='word_1_773' title='bbox 2685 3900 2802 3970; x_wconf 82' lang='lat' dir='ltr'><strong>lege</strong></span> <span class='ocrx_word' id='word_1_774' title='bbox 2833 3900 2918 3956; x_wconf 89' lang='lat' dir='ltr'><strong>vel</strong></span> <span class='ocrx_word' id='word_1_775' title='bbox 2961 3901 3277 3972; x_wconf 72' lang='lat' dir='ltr'><strong>tyrannide;</strong></span> <span class='ocrx_word' id='word_1_776' title='bbox 3324 3919 3527 3974; x_wconf 84' lang='lat' dir='ltr'><strong>propu-</strong></span> 
     </span>
    </p>
   </div>
   <div class='ocr_carea' id='block_1_101' title="bbox 1943 3992 3526 4064">
    <p class='ocr_par' dir='ltr' id='par_1_101' title="bbox 1943 3992 3526 4064">
     <span class='ocr_line' id='line_1_101' title="bbox 1943 3992 3526 4064; baseline 0.001 -17"><span class='ocrx_word' id='word_1_777' title='bbox 1943 4015 1962 4047; x_wconf 74' lang='grc' dir='ltr'><strong>ι</strong></span> <span class='ocrx_word' id='word_1_778' title='bbox 2010 4003 2206 4064; x_wconf 79' lang='lat' dir='ltr'><strong>gnator</strong></span> <span class='ocrx_word' id='word_1_779' title='bbox 2219 4004 2426 4058; x_wconf 90' lang='lat' dir='ltr'><strong>noster,</strong></span> <span class='ocrx_word' id='word_1_780' title='bbox 2449 3993 2627 4062; x_wconf 89' lang='lat' dir='ltr'><strong>primo</strong></span> <span class='ocrx_word' id='word_1_781' title='bbox 2647 3992 2864 4062; x_wconf 91' lang='lat' dir='ltr'><strong>quidem</strong></span> <span class='ocrx_word' id='word_1_782' title='bbox 2887 4002 3273 4064; x_wconf 86' lang='lat' dir='ltr'><strong>postremoque</strong></span> <span class='ocrx_word' id='word_1_783' title='bbox 3299 4009 3526 4064; x_wconf 84' lang='lat' dir='ltr'><strong>prorsus</strong></span> 
     </span>
    </p>
   </div>
   <div class='ocr_carea' id='block_1_102' title="bbox 1943 4084 3527 4155">
    <p class='ocr_par' dir='ltr' id='par_1_102' title="bbox 1943 4084 3527 4155">
     <span class='ocr_line' id='line_1_102' title="bbox 1943 4084 3527 4155; baseline 0.001 -15"><span class='ocrx_word' id='word_1_784' title='bbox 1943 4107 1962 4140; x_wconf 76' lang='grc' dir='ltr'><strong>ι</strong></span> <span class='ocrx_word' id='word_1_785' title='bbox 2010 4087 2252 4151; x_wconf 88' lang='lat' dir='ltr'><strong>omissis,</strong></span> <span class='ocrx_word' id='word_1_786' title='bbox 2285 4094 2472 4155; x_wconf 88' lang='lat' dir='ltr'><strong>utpote</strong></span> <span class='ocrx_word' id='word_1_787' title='bbox 2504 4084 2706 4155; x_wconf 87' lang='lat' dir='ltr'><strong>ineptis</strong></span> <span class='ocrx_word' id='word_1_788' title='bbox 2738 4100 2838 4138; x_wconf 88' lang='lat' dir='ltr'><strong>nec</strong></span> <span class='ocrx_word' id='word_1_789' title='bbox 2877 4085 2988 4139; x_wconf 92' lang='lat' dir='ltr'><strong>sibi</strong></span> <span class='ocrx_word' id='word_1_790' title='bbox 3019 4085 3254 4151; x_wconf 89' lang='lat' dir='ltr'><strong>idoneis,</strong></span> <span class='ocrx_word' id='word_1_791' title='bbox 3293 4103 3390 4141; x_wconf 87' lang='lat' dir='ltr'><strong>nec</strong></span> <span class='ocrx_word' id='word_1_792' title='bbox 3421 4088 3527 4143; x_wconf 85' lang='lat' dir='ltr'><strong>illis</strong></span> 
     </span>
    </p>
   </div>
   <div class='ocr_carea' id='block_1_103' title="bbox 1943 4175 3527 4249">
    <p class='ocr_par' dir='ltr' id='par_1_103' title="bbox 1943 4175 3527 4249">
     <span class='ocr_line' id='line_1_103' title="bbox 1943 4175 3527 4249; baseline 0.001 -17"><span class='ocrx_word' id='word_1_793' title='bbox 1943 4200 1962 4232; x_wconf 87' lang='grc'><em>‹</em></span> <span class='ocrx_word' id='word_1_794' title='bbox 2002 4181 2135 4249; x_wconf 81' lang='lat' dir='ltr'><strong>ipsis</strong></span> <span class='ocrx_word' id='word_1_795' title='bbox 2172 4193 2272 4248; x_wconf 89' lang='lat' dir='ltr'><strong>pro</strong></span> <span class='ocrx_word' id='word_1_796' title='bbox 2303 4179 2506 4249; x_wconf 88' lang='lat' dir='ltr'><strong>quibus</strong></span> <span class='ocrx_word' id='word_1_797' title='bbox 2543 4192 2684 4248; x_wconf 87' lang='lat' dir='ltr'><strong>agon</strong></span> <span class='ocrx_word' id='word_1_798' title='bbox 2759 4175 2923 4232; x_wconf 82' lang='lat' dir='ltr'><strong>fiebat</strong></span> <span class='ocrx_word' id='word_1_799' title='bbox 2973 4177 3202 4233; x_wconf 89' lang='lat' dir='ltr'><strong>utilibus</strong></span> <span class='ocrx_word' id='word_1_800' title='bbox 3237 4190 3327 4234; x_wconf 89' lang='lat' dir='ltr'><strong>aut</strong></span> <span class='ocrx_word' id='word_1_801' title='bbox 3364 4183 3527 4249; x_wconf 84' lang='lat' dir='ltr'><strong>proli-</strong></span> 
     </span>
    </p>
   </div>
   <div class='ocr_carea' id='block_1_104' title="bbox 1944 4269 3525 4344">
    <p class='ocr_par' dir='ltr' id='par_1_104' title="bbox 1944 4269 3525 4344">
     <span class='ocr_line' id='line_1_104' title="bbox 1944 4269 3525 4344; baseline 0.002 -20"><span class='ocrx_word' id='word_1_802' title='bbox 1944 4292 1962 4324; x_wconf 75' lang='grc' dir='ltr'><strong>ι</strong></span> <span class='ocrx_word' id='word_1_803' title='bbox 2008 4273 2128 4328; x_wconf 91' lang='lat' dir='ltr'><strong>cuis</strong></span> <span class='ocrx_word' id='word_1_804' title='bbox 2159 4273 2306 4344; x_wconf 92' lang='lat' dir='ltr'><strong>(nam</strong></span> <span class='ocrx_word' id='word_1_805' title='bbox 2339 4282 2392 4327; x_wconf 91' lang='lat' dir='ltr'><strong>et</strong></span> <span class='ocrx_word' id='word_1_806' title='bbox 2429 4271 2582 4326; x_wconf 87' lang='lat' dir='ltr'><strong>fraus</strong></span> <span class='ocrx_word' id='word_1_807' title='bbox 2612 4269 2807 4324; x_wconf 79' lang='lat' dir='ltr'><strong>falsam</strong></span> <span class='ocrx_word' id='word_1_808' title='bbox 2866 4269 3153 4325; x_wconf 84' lang='lat' dir='ltr'><strong>victoriam</strong></span> <span class='ocrx_word' id='word_1_809' title='bbox 3207 4273 3366 4341; x_wconf 85' lang='lat' dir='ltr'><strong>parit,</strong></span> <span class='ocrx_word' id='word_1_810' title='bbox 3396 4273 3525 4327; x_wconf 91' lang='lat' dir='ltr'><strong>dum</strong></span> 
     </span>
    </p>
   </div>
   <div class='ocr_carea' id='block_1_105' title="bbox 1943 4363 3529 4436">
    <p class='ocr_par' dir='ltr' id='par_1_105' title="bbox 1943 4363 3529 4436">
     <span class='ocr_line' id='line_1_105' title="bbox 1943 4363 3529 4436; baseline 0.003 -18"><span class='ocrx_word' id='word_1_811' title='bbox 1943 4385 1961 4418; x_wconf 72' lang='grc' dir='ltr'><strong>ι</strong></span> <span class='ocrx_word' id='word_1_812' title='bbox 2008 4365 2265 4435; x_wconf 87' lang='lat' dir='ltr'><strong>improbo</strong></span> <span class='ocrx_word' id='word_1_813' title='bbox 2304 4365 2467 4420; x_wconf 92' lang='lat' dir='ltr'><strong>modo</strong></span> <span class='ocrx_word' id='word_1_814' title='bbox 2514 4363 2892 4419; x_wconf 87' lang='lat' dir='ltr'><strong>adversarium</strong></span> <span class='ocrx_word' id='word_1_815' title='bbox 2971 4374 3233 4432; x_wconf 86' lang='lat' dir='ltr'><strong>superat;</strong></span> <span class='ocrx_word' id='word_1_816' title='bbox 3284 4368 3529 4436; x_wconf 81' lang='lat' dir='ltr'><strong>tyrannis</strong></span> 
     </span>
    </p>
   </div>
   <div class='ocr_carea' id='block_1_106' title="bbox 1947 4455 3530 4528">
    <p class='ocr_par' dir='ltr' id='par_1_106' title="bbox 1947 4455 3530 4528">
     <span class='ocr_line' id='line_1_106' title="bbox 1947 4455 3530 4528; baseline 0.003 -17"><span class='ocrx_word' id='word_1_817' title='bbox 1947 4479 1966 4511; x_wconf 86' lang='grc'><strong><em>‹</em></strong></span> <span class='ocrx_word' id='word_1_818' title='bbox 2016 4468 2201 4514; x_wconf 89' lang='lat' dir='ltr'><strong>autem</strong></span> <span class='ocrx_word' id='word_1_819' title='bbox 2244 4457 2552 4513; x_wconf 88' lang='lat' dir='ltr'><strong>irrationali</strong></span> <span class='ocrx_word' id='word_1_820' title='bbox 2605 4456 2657 4511; x_wconf 86' lang='lat' dir='ltr'><strong>vi</strong></span> <span class='ocrx_word' id='word_1_821' title='bbox 2710 4455 2902 4522; x_wconf 88' lang='lat' dir='ltr'><strong>vincit,</strong></span> <span class='ocrx_word' id='word_1_822' title='bbox 2951 4459 3078 4512; x_wconf 92' lang='lat' dir='ltr'><strong>dum</strong></span> <span class='ocrx_word' id='word_1_823' title='bbox 3116 4458 3235 4512; x_wconf 90' lang='lat' dir='ltr'><strong>sine</strong></span> <span class='ocrx_word' id='word_1_824' title='bbox 3272 4459 3530 4528; x_wconf 64' lang='lat' dir='ltr'><strong>aequitate</strong></span> 
     </span>
    </p>
   </div>
   <div class='ocr_carea' id='block_1_107' title="bbox 1861 4550 3522 4640">
    <p class='ocr_par' dir='ltr' id='par_1_107' title="bbox 1861 4550 3522 4640">
     <span class='ocr_line' id='line_1_107' title="bbox 1861 4550 3522 4640; baseline 0.002 -36"><span class='ocrx_word' id='word_1_825' title='bbox 1861 4585 1907 4640; x_wconf 64' lang='grc' dir='ltr'><strong>Β</strong></span> <span class='ocrx_word' id='word_1_826' title='bbox 1945 4572 1964 4604; x_wconf 87' lang='grc'><em>‹</em></span> <span class='ocrx_word' id='word_1_827' title='bbox 2011 4552 2210 4607; x_wconf 83' lang='lat' dir='ltr'><strong>luctam</strong></span> <span class='ocrx_word' id='word_1_828' title='bbox 2244 4551 2387 4621; x_wconf 88' lang='lat' dir='ltr'><strong>init),</strong></span> <span class='ocrx_word' id='word_1_829' title='bbox 2419 4550 2690 4620; x_wconf 85' lang='lat' dir='ltr'><strong>reliquum</strong></span> <span class='ocrx_word' id='word_1_830' title='bbox 2717 4550 2938 4604; x_wconf 89' lang='lat' dir='ltr'><strong>modum</strong></span> <span class='ocrx_word' id='word_1_831' title='bbox 2964 4561 3294 4620; x_wconf 86' lang='lat' dir='ltr'><strong>praeoptans,</strong></span> <span class='ocrx_word' id='word_1_832' title='bbox 3339 4562 3522 4607; x_wconf 88' lang='lat' dir='ltr'><strong>certa-</strong></span> 
     </span>
    </p>
   </div>
   <div class='ocr_carea' id='block_1_108' title="bbox 1943 4643 3628 4715">
    <p class='ocr_par' dir='ltr' id='par_1_108' title="bbox 1943 4643 3628 4715">
     <span class='ocr_line' id='line_1_108' title="bbox 1943 4643 3628 4715; baseline 0.001 -18"><span class='ocrx_word' id='word_1_833' title='bbox 1943 4665 1962 4697; x_wconf 72' lang='grc'><strong>(</strong></span> <span class='ocrx_word' id='word_1_834' title='bbox 2011 4661 2134 4700; x_wconf 91' lang='lat' dir='ltr'><strong>men</strong></span> <span class='ocrx_word' id='word_1_835' title='bbox 2175 4645 2425 4715; x_wconf 78' lang='lat' dir='ltr'><strong>legitimo</strong></span> <span class='ocrx_word' id='word_1_836' title='bbox 2459 4643 2584 4714; x_wconf 85' lang='lat' dir='ltr'><strong>jure</strong></span> <span class='ocrx_word' id='word_1_837' title='bbox 2626 4643 2956 4712; x_wconf 87' lang='lat' dir='ltr'><strong>patrandum</strong></span> <span class='ocrx_word' id='word_1_838' title='bbox 2997 4643 3236 4714; x_wconf 84' lang='lat' dir='ltr'><strong>delegit;</strong></span> <span class='ocrx_word' id='word_1_839' title='bbox 3272 4660 3528 4699; x_wconf 85' lang='lat' dir='ltr'><strong>sumens-</strong></span> <span class='ocrx_word' id='word_1_840' title='bbox 3611 4673 3628 4688; x_wconf 69' lang='grc' dir='ltr'><strong><em>ρ</em></strong></span> 
     </span>
    </p>
   </div>
   <div class='ocr_carea' id='block_1_109' title="bbox 1941 4736 3529 4807">
    <p class='ocr_par' dir='ltr' id='par_1_109' title="bbox 1941 4736 3529 4807">
     <span class='ocr_line' id='line_1_109' title="bbox 1941 4736 3529 4807; baseline 0.001 -18"><span class='ocrx_word' id='word_1_841' title='bbox 1941 4758 1959 4789; x_wconf 72' lang='grc' dir='ltr'><strong>ι</strong></span> <span class='ocrx_word' id='word_1_842' title='bbox 2007 4755 2111 4807; x_wconf 90' lang='lat' dir='ltr'><strong>que</strong></span> <span class='ocrx_word' id='word_1_843' title='bbox 2151 4739 2216 4791; x_wconf 90' lang='lat' dir='ltr'><strong>dc</strong></span> <span class='ocrx_word' id='word_1_844' title='bbox 2255 4739 2409 4807; x_wconf 89' lang='lat' dir='ltr'><strong>lapsa</strong></span> <span class='ocrx_word' id='word_1_845' title='bbox 2446 4746 2640 4790; x_wconf 91' lang='lat' dir='ltr'><strong>natura</strong></span> <span class='ocrx_word' id='word_1_846' title='bbox 2679 4749 2924 4802; x_wconf 86' lang='lat' dir='ltr'><strong>carnem,</strong></span> <span class='ocrx_word' id='word_1_847' title='bbox 2958 4736 3212 4790; x_wconf 87' lang='lat' dir='ltr'><strong>rationali</strong></span> <span class='ocrx_word' id='word_1_848' title='bbox 3266 4746 3322 4791; x_wconf 91' lang='lat' dir='ltr'><strong>et</strong></span> <span class='ocrx_word' id='word_1_849' title='bbox 3367 4737 3529 4791; x_wconf 80' lang='lat' dir='ltr'><strong>intel-</strong></span> 
     </span>
    </p>
   </div>
   <div class='ocr_carea' id='block_1_110' title="bbox 1942 4827 3530 4902">
    <p class='ocr_par' dir='ltr' id='par_1_110' title="bbox 1942 4827 3530 4902">
     <span class='ocr_line' id='line_1_110' title="bbox 1942 4827 3530 4902; baseline 0.001 -19"><span class='ocrx_word' id='word_1_850' title='bbox 1942 4851 1960 4883; x_wconf 87' lang='grc'><strong><em>‹</em></strong></span> <span class='ocrx_word' id='word_1_851' title='bbox 2009 4832 2208 4902; x_wconf 79' lang='lat' dir='ltr'><strong>ligente</strong></span> <span class='ocrx_word' id='word_1_852' title='bbox 2242 4831 2426 4885; x_wconf 85' lang='lat' dir='ltr'><strong>anima</strong></span> <span class='ocrx_word' id='word_1_853' title='bbox 2480 4827 2793 4900; x_wconf 63' lang='lat' dir='ltr'><strong>praeditam,</strong></span> <span class='ocrx_word' id='word_1_854' title='bbox 2831 4843 3061 4884; x_wconf 88' lang='lat' dir='ltr'><strong>manens</strong></span> <span class='ocrx_word' id='word_1_855' title='bbox 3099 4832 3247 4898; x_wconf 83' lang='lat' dir='ltr'><strong>quod</strong></span> <span class='ocrx_word' id='word_1_856' title='bbox 3309 4840 3444 4894; x_wconf 90' lang='lat' dir='ltr'><strong>erat,</strong></span> <span class='ocrx_word' id='word_1_857' title='bbox 3473 4841 3530 4884; x_wconf 85' lang='lat' dir='ltr'><strong>et</strong></span> 
     </span>
    </p>
   </div>
   <div class='ocr_carea' id='block_1_111' title="bbox 1941 4922 3562 4996">
    <p class='ocr_par' dir='ltr' id='par_1_111' title="bbox 1941 4922 3562 4996">
     <span class='ocr_line' id='line_1_111' title="bbox 1941 4922 3562 4996; baseline 0.003 -20"><span class='ocrx_word' id='word_1_858' title='bbox 1941 4946 1960 4976; x_wconf 83' lang='grc'><em>‹</em></span> <span class='ocrx_word' id='word_1_859' title='bbox 2010 4925 2141 4979; x_wconf 86' lang='lat' dir='ltr'><strong>nihil</strong></span> <span class='ocrx_word' id='word_1_860' title='bbox 2184 4924 2464 4996; x_wconf 86' lang='lat' dir='ltr'><strong>proprium</strong></span> <span class='ocrx_word' id='word_1_861' title='bbox 2511 4923 2789 4990; x_wconf 86' lang='lat' dir='ltr'><strong>amittens,</strong></span> <span class='ocrx_word' id='word_1_862' title='bbox 2832 4922 3018 4977; x_wconf 88' lang='lat' dir='ltr'><strong>omnia</strong></span> <span class='ocrx_word' id='word_1_863' title='bbox 3079 4924 3133 4978; x_wconf 92' lang='lat' dir='ltr'><strong>in</strong></span> <span class='ocrx_word' id='word_1_864' title='bbox 3182 4939 3241 4979; x_wconf 90' lang='lat' dir='ltr'><strong>se</strong></span> <span class='ocrx_word' id='word_1_865' title='bbox 3300 4925 3562 4994; x_wconf 67' lang='lat' dir='ltr'><strong>reCt‘pil,.</strong></span> 
     </span>
    </p>
   </div>
   <div class='ocr_carea' id='block_1_112' title="bbox 1946 5014 3529 5088">
    <p class='ocr_par' dir='ltr' id='par_1_112' title="bbox 1946 5014 3529 5088">
     <span class='ocr_line' id='line_1_112' title="bbox 1946 5014 3529 5088; baseline 0 -18"><span class='ocrx_word' id='word_1_866' title='bbox 1946 5037 1964 5070; x_wconf 75' lang='grc' dir='ltr'><strong>ι</strong></span> <span class='ocrx_word' id='word_1_867' title='bbox 2009 5028 2239 5087; x_wconf 85' lang='lat' dir='ltr'><strong>excepto</strong></span> <span class='ocrx_word' id='word_1_868' title='bbox 2276 5025 2524 5088; x_wconf 87' lang='lat' dir='ltr'><strong>peccato,</strong></span> <span class='ocrx_word' id='word_1_869' title='bbox 2566 5031 2688 5086; x_wconf 69' lang='lat' dir='ltr'><strong>qua:</strong></span> <span class='ocrx_word' id='word_1_870' title='bbox 2717 5014 2964 5072; x_wconf 86' lang='lat' dir='ltr'><strong>hominis</strong></span> <span class='ocrx_word' id='word_1_871' title='bbox 3004 5022 3260 5070; x_wconf 89' lang='lat' dir='ltr'><strong>naturam</strong></span> <span class='ocrx_word' id='word_1_872' title='bbox 3320 5016 3529 5070; x_wconf 86' lang='lat' dir='ltr'><strong>consti-</strong></span> 
     </span>
    </p>
   </div>
   <div class='ocr_carea' id='block_1_113' title="bbox 1945 5108 3524 5180">
    <p class='ocr_par' dir='ltr' id='par_1_113' title="bbox 1945 5108 3524 5180">
     <span class='ocr_line' id='line_1_113' title="bbox 1945 5108 3524 5180; baseline -0.002 -18"><span class='ocrx_word' id='word_1_873' title='bbox 1945 5131 1963 5162; x_wconf 77' lang='grc' dir='ltr'><strong>ι</strong></span> <span class='ocrx_word' id='word_1_874' title='bbox 2007 5119 2200 5178; x_wconf 87' lang='lat' dir='ltr'><strong>tuunt;</strong></span> <span class='ocrx_word' id='word_1_875' title='bbox 2252 5125 2433 5180; x_wconf 88' lang='lat' dir='ltr'><strong>neque</strong></span> <span class='ocrx_word' id='word_1_876' title='bbox 2479 5108 2824 5180; x_wconf 88' lang='lat' dir='ltr'><strong>phantastice</strong></span> <span class='ocrx_word' id='word_1_877' title='bbox 2861 5108 2918 5164; x_wconf 87' lang='lat' dir='ltr'><strong>in</strong></span> <span class='ocrx_word' id='word_1_878' title='bbox 2963 5123 3129 5164; x_wconf 86' lang='lat' dir='ltr'><strong>carne</strong></span> <span class='ocrx_word' id='word_1_879' title='bbox 3167 5109 3454 5178; x_wconf 85' lang='lat' dir='ltr'><strong>apparuit,</strong></span> <span class='ocrx_word' id='word_1_880' title='bbox 3505 5128 3524 5159; x_wconf 75' lang='grc' dir='ltr'><strong>ι</strong></span> 
     </span>
    </p>
   </div>
   <div class='ocr_carea' id='block_1_114' title="bbox 1939 5201 3528 5274">
    <p class='ocr_par' dir='ltr' id='par_1_114' title="bbox 1939 5201 3528 5274">
     <span class='ocr_line' id='line_1_114' title="bbox 1939 5201 3528 5274; baseline -0.003 -16"><span class='ocrx_word' id='word_1_881' title='bbox 1939 5219 2116 5274; x_wconf 87' lang='lat' dir='ltr'><strong>neque</strong></span> <span class='ocrx_word' id='word_1_882' title='bbox 2171 5203 2405 5273; x_wconf 90' lang='lat' dir='ltr'><strong>simplici</strong></span> <span class='ocrx_word' id='word_1_883' title='bbox 2445 5217 2571 5258; x_wconf 90' lang='lat' dir='ltr'><strong>cum</strong></span> <span class='ocrx_word' id='word_1_884' title='bbox 2590 5201 2875 5257; x_wconf 86' lang='lat' dir='ltr'><strong>divinitate</strong></span> <span class='ocrx_word' id='word_1_885' title='bbox 2914 5202 3191 5258; x_wconf 88' lang='lat' dir='ltr'><strong>diabolum</strong></span> <span class='ocrx_word' id='word_1_886' title='bbox 3245 5216 3528 5270; x_wconf 76' lang='lat' dir='ltr'><strong>expugna-</strong></span> 
     </span>
    </p>
   </div>
   <div class='ocr_carea' id='block_1_115' title="bbox 1941 5293 3526 5368">
    <p class='ocr_par' dir='ltr' id='par_1_115' title="bbox 1941 5293 3526 5368">
     <span class='ocr_line' id='line_1_115' title="bbox 1941 5293 3526 5368; baseline -0.002 -20"><span class='ocrx_word' id='word_1_887' title='bbox 1941 5297 2016 5351; x_wconf 88' lang='lat' dir='ltr'><strong>vit</strong></span> <span class='ocrx_word' id='word_1_888' title='bbox 2037 5295 2190 5368; x_wconf 90' lang='lat' dir='ltr'><strong>(illud</strong></span> <span class='ocrx_word' id='word_1_889' title='bbox 2252 5297 2414 5358; x_wconf 80' lang='lat' dir='ltr'><strong>enim;</strong></span> <span class='ocrx_word' id='word_1_890' title='bbox 2441 5295 2693 5351; x_wconf 91' lang='lat' dir='ltr'><strong>dolosum</strong></span> <span class='ocrx_word' id='word_1_891' title='bbox 2736 5295 2931 5351; x_wconf 84' lang='lat' dir='ltr'><strong>fuisset</strong></span> <span class='ocrx_word' id='word_1_892' title='bbox 2971 5303 3026 5350; x_wconf 87' lang='lat' dir='ltr'><strong>et</strong></span> <span class='ocrx_word' id='word_1_893' title='bbox 3053 5293 3211 5364; x_wconf 85' lang='lat' dir='ltr'><strong>quasi</strong></span> <span class='ocrx_word' id='word_1_894' title='bbox 3244 5294 3526 5356; x_wconf 85' lang='lat' dir='ltr'><strong>timidum,</strong></span> 
     </span>
    </p>
   </div>
   <div class='ocr_carea' id='block_1_116' title="bbox 1940 5385 3522 5460">
    <p class='ocr_par' dir='ltr' id='par_1_116' title="bbox 1940 5385 3522 5460">
     <span class='ocr_line' id='line_1_116' title="bbox 1940 5385 3522 5460; baseline -0.004 -16"><span class='ocrx_word' id='word_1_895' title='bbox 1940 5389 2045 5445; x_wconf 89' lang='lat' dir='ltr'><strong>hoc</strong></span> <span class='ocrx_word' id='word_1_896' title='bbox 2095 5404 2226 5445; x_wconf 89' lang='lat' dir='ltr'><strong>vero</strong></span> <span class='ocrx_word' id='word_1_897' title='bbox 2286 5390 2633 5460; x_wconf 86' lang='lat' dir='ltr'><strong>tyrannicum</strong></span> <span class='ocrx_word' id='word_1_898' title='bbox 2663 5398 2723 5444; x_wconf 87' lang='lat' dir='ltr'><strong>et</strong></span> <span class='ocrx_word' id='word_1_899' title='bbox 2768 5389 3113 5458; x_wconf 89' lang='lat' dir='ltr'><strong>violentum),</strong></span> <span class='ocrx_word' id='word_1_900' title='bbox 3147 5388 3292 5442; x_wconf 87' lang='lat' dir='ltr'><strong>haud</strong></span> <span class='ocrx_word' id='word_1_901' title='bbox 3361 5385 3522 5440; x_wconf 84' lang='lat' dir='ltr'><strong>aliter</strong></span> 
     </span>
    </p>
   </div>
   <div class='ocr_carea' id='block_1_117' title="bbox 1937 5478 3532 5554">
    <p class='ocr_par' dir='ltr' id='par_1_117' title="bbox 1937 5478 3532 5554">
     <span class='ocr_line' id='line_1_117' title="bbox 1937 5478 3532 5554; baseline -0.003 -17"><span class='ocrx_word' id='word_1_902' title='bbox 1937 5498 2104 5554; x_wconf 87' lang='lat' dir='ltr'><strong>quam</strong></span> <span class='ocrx_word' id='word_1_903' title='bbox 2132 5483 2284 5552; x_wconf 88' lang='lat' dir='ltr'><strong>lapsa</strong></span> <span class='ocrx_word' id='word_1_904' title='bbox 2339 5492 2535 5538; x_wconf 88' lang='lat' dir='ltr'><strong>natura</strong></span> <span class='ocrx_word' id='word_1_905' title='bbox 2588 5483 2834 5550; x_wconf 89' lang='lat' dir='ltr'><strong>indutus,</strong></span> <span class='ocrx_word' id='word_1_906' title='bbox 2877 5496 3096 5538; x_wconf 90' lang='lat' dir='ltr'><strong>summo</strong></span> <span class='ocrx_word' id='word_1_907' title='bbox 3140 5479 3368 5550; x_wconf 69' lang='lat' dir='ltr'><strong>justitize</strong></span> <span class='ocrx_word' id='word_1_908' title='bbox 3403 5478 3532 5548; x_wconf 88' lang='lat' dir='ltr'><strong>jure</strong></span> 
     </span>
    </p>
   </div>
   <div class='ocr_carea' id='block_1_118' title="bbox 1937 5574 3533 5646">
    <p class='ocr_par' dir='ltr' id='par_1_118' title="bbox 1937 5574 3533 5646">
     <span class='ocr_line' id='line_1_118' title="bbox 1937 5574 3533 5646; baseline -0.005 -14"><span class='ocrx_word' id='word_1_909' title='bbox 1937 5592 2063 5632; x_wconf 90' lang='lat' dir='ltr'><strong>eum</strong></span> <span class='ocrx_word' id='word_1_910' title='bbox 2107 5575 2199 5646; x_wconf 93' lang='lat' dir='ltr'><strong>qui</strong></span> <span class='ocrx_word' id='word_1_911' title='bbox 2229 5575 2355 5631; x_wconf 92' lang='lat' dir='ltr'><strong>dolo</strong></span> <span class='ocrx_word' id='word_1_912' title='bbox 2386 5576 2592 5632; x_wconf 83' lang='lat' dir='ltr'><strong>vicerat</strong></span> <span class='ocrx_word' id='word_1_913' title='bbox 2619 5577 2773 5643; x_wconf 80' lang='lat' dir='ltr'><strong>vicit,</strong></span> <span class='ocrx_word' id='word_1_914' title='bbox 2795 5578 2972 5646; x_wconf 89' lang='lat' dir='ltr'><strong>primo</strong></span> <span class='ocrx_word' id='word_1_915' title='bbox 3013 5574 3234 5644; x_wconf 87' lang='lat' dir='ltr'><strong>quidem</strong></span> <span class='ocrx_word' id='word_1_916' title='bbox 3283 5588 3379 5642; x_wconf 89' lang='lat' dir='ltr'><strong>per</strong></span> <span class='ocrx_word' id='word_1_917' title='bbox 3411 5586 3533 5626; x_wconf 81' lang='lat' dir='ltr'><strong>om-</strong></span> 
     </span>
    </p>
   </div>
   <div class='ocr_carea' id='block_1_119' title="bbox 1944 5668 3532 5740">
    <p class='ocr_par' dir='ltr' id='par_1_119' title="bbox 1944 5668 3532 5740">
     <span class='ocr_line' id='line_1_119' title="bbox 1944 5668 3532 5740; baseline -0.002 -15"><span class='ocrx_word' id='word_1_918' title='bbox 1944 5687 2063 5736; x_wconf 91' lang='lat' dir='ltr'><strong>nes,</strong></span> <span class='ocrx_word' id='word_1_919' title='bbox 2104 5670 2311 5740; x_wconf 88' lang='lat' dir='ltr'><strong>absque</strong></span> <span class='ocrx_word' id='word_1_920' title='bbox 2339 5679 2584 5740; x_wconf 87' lang='lat' dir='ltr'><strong>peccato,</strong></span> <span class='ocrx_word' id='word_1_921' title='bbox 2629 5669 2900 5726; x_wconf 87' lang='lat' dir='ltr'><strong>humanas</strong></span> <span class='ocrx_word' id='word_1_922' title='bbox 2924 5668 3230 5740; x_wconf 85' lang='lat' dir='ltr'><strong>passiones,</strong></span> <span class='ocrx_word' id='word_1_923' title='bbox 3290 5682 3532 5738; x_wconf 84' lang='lat' dir='ltr'><strong>quarum</strong></span> 
     </span>
    </p>
   </div>
   <div class='ocr_carea' id='block_1_120' title="bbox 1945 5806 3558 5882">
    <p class='ocr_par' dir='ltr' id='par_1_120' title="bbox 1945 5806 3558 5882">
     <span class='ocr_line' id='line_1_120' title="bbox 1945 5806 3558 5882; baseline -0.002 -20"><span class='ocrx_word' id='word_1_924' title='bbox 1945 5809 2063 5882; x_wconf 77' lang='grc' dir='ltr'>μετ’</span> <span class='ocrx_word' id='word_1_925' title='bbox 2098 5807 2279 5882; x_wconf 71' lang='grc' dir='ltr'>ρλίγα,</span> <span class='ocrx_word' id='word_1_926' title='bbox 2314 5817 2363 5864; x_wconf 81' lang='lat' dir='ltr'><strong>et</strong></span> <span class='ocrx_word' id='word_1_927' title='bbox 2403 5817 2522 5882; x_wconf 79' lang='lat' dir='ltr'><strong>post</strong></span> <span class='ocrx_word' id='word_1_928' title='bbox 2580 5807 2949 5882; x_wconf 83' lang='lat' dir='ltr'><strong>pauca._Tum</strong></span> <span class='ocrx_word' id='word_1_929' title='bbox 2986 5807 3255 5882; x_wconf 84' lang='lat' dir='ltr'><strong>sequitur,</strong></span> <span class='ocrx_word' id='word_1_930' title='bbox 3293 5815 3358 5864; x_wconf 91' lang='lat' dir='ltr'><strong>ut</strong></span> <span class='ocrx_word' id='word_1_931' title='bbox 3384 5806 3558 5862; x_wconf 34' lang='lat' dir='ltr'><strong>infra)</strong></span> 
     </span>
    </p>
   </div>
   <div class='ocr_carea' id='block_1_121' title="bbox 1937 5878 2998 5967">
    <p class='ocr_par' dir='ltr' id='par_1_121' title="bbox 1937 5878 2998 5967">
     <span class='ocr_line' id='line_1_121' title="bbox 1937 5878 2998 5967; baseline 0.001 -33"><span class='ocrx_word' id='word_1_932' title='bbox 1937 5880 2065 5946; x_wconf 89' lang='lat' dir='ltr'><strong>(col.</strong></span> <span class='ocrx_word' id='word_1_933' title='bbox 2095 5879 2199 5936; x_wconf 79' lang='lat'><strong>500</strong></span> <span class='ocrx_word' id='word_1_934' title='bbox 2221 5879 2308 5949; x_wconf 83' lang='lat' dir='ltr'><strong>A),</strong></span> <span class='ocrx_word' id='word_1_935' title='bbox 2338 5881 2526 5936; x_wconf 74' lang='grc' dir='ltr'>τοῦτον</span> <span class='ocrx_word' id='word_1_936' title='bbox 2552 5878 2859 5951; x_wconf 76' lang='grc' dir='ltr'>τοιγαροῦν,</span> <span class='ocrx_word' id='word_1_937' title='bbox 2887 5886 2998 5967; x_wconf 44' lang='lat' dir='ltr'><strong>etc,</strong></span> 
     </span>
    </p>
   </div>
  </div>
