3994 6446
525 344 639 408 499

531 549 803 617 turaliter,
844 566 940 622 per
984 551 1191 611 famem
1231 555 1372 624 dico,
1412 564 1468 612 et
1498 570 1596 627 per
1620 556 1791 625 sitim,
1824 574 1923 629 per
1959 560 2116 618 labo-

530 656 639 707 res,
717 643 1010 717 lacrymas,
1083 648 1345 716 sudores,
1391 650 1682 720 agoniam,
1746 664 1801 708 et
1865 654 2114 724 vulnera,

528 732 879 807 fragilitatem
905 738 1142 812 denique
1179 741 1423 811 corporis
1443 755 1610 813 atque
1645 742 1887 812 obitum;
1923 762 2118 818 nempe

530 836 590 883 ut
619 832 732 886 haec
761 832 815 887 in
850 848 909 889 se
948 833 1245 891 incidentia
1265 834 1376 891 cito
1414 836 1743 902 destrueret,
1778 839 1946 895 veluti
1997 853 2117 897 arte

527 917 738 979 insoria
771 940 934 983 omne
966 942 1368 996 supervacuum
1392 938 1446 985 et
1477 930 1728 1000 spurium
1765 932 2114 1002 excoquitur,

527 1025 583 1070 et
623 1018 903 1073 hominum
943 1021 1129 1090 generi
1168 1035 1388 1077 omnem
1422 1023 1692 1079 maculam
1758 1023 2114 1096 abstergeret,

527 1122 695 1180 atque
752 1112 806 1166 in
830 1127 979 1178 eum,
1020 1129 1181 1185 quem
1223 1124 1349 1171 ante
1410 1131 1599 1172 casum
1650 1117 1862 1184 habuit,
1912 1126 2115 1175 statum

531 1204 867 1262 restitueret.
898 1207 1186 1263 Postremo
1237 1223 1303 1264 ex
1355 1210 1589 1267 mortuis
1636 1225 1931 1283 resurgens
1970 1221 2025 1268 et
2058 1213 2116 1269 in

529 1297 732 1352 cmlnm
767 1300 1160 1366 conscendens,
1210 1300 1394 1358 denuo
1430 1318 1491 1360 se
1540 1302 1784 1374 judicem
1824 1314 2115 1361 venturum

530 1389 862 1447 denuntians
889 1431 904 1457 ,
957 1402 1166 1448 certam
1205 1408 1501 1465 corporum
1536 1395 2023 1464 resurrectionem,
2062 1406 2118 1453 et

530 1494 847 1553 perpetuam
891 1485 1136 1555 ejusdem
1197 1497 1404 1543 naturm
1450 1488 1942 1559 imputribilitatcm
1989 1490 2119 1547 hinc

529 1576 687 1633 nobis
746 1576 945 1632 effecit.
986 1596 1005 1629 ι
1074 1577 1232 1634 Hunc
1292 1581 1476 1649 itaque
1532 1582 1832 1637 secundum
1872 1581 2019 1637 illam
2061 1583 2117 1638 in

536 1689 554 1719 ι
601 1683 709 1740 qua
761 1671 1012 1741 apparuit
1050 1670 1308 1738 formam,
1336 1681 1391 1728 et
1417 1672 1474 1728 in
1497 1688 1605 1745 qua
1646 1688 1773 1729 cum
1798 1675 2118 1732 hominibus

536 1780 558 1812 ε
604 1770 860 1819 versatus
923 1772 1039 1829 est,
1092 1779 1194 1820 nos
1245 1765 1576 1836 imaginibus
1630 1778 2116 1838 reprmsentamus,

538 1874 557 1905 ι
606 1855 924 1910 memoriam
965 1866 1191 1927 patrata:
1216 1857 1286 1913 ab
1323 1873 1390 1913 eo
1423 1859 1617 1915 salutis
1640 1858 1741 1915 boc
1778 1860 1966 1916 divino
1996 1871 2123 1932 typo

537 1963 559 1998 ι
607 1945 968 2015 refricantes;
1026 1964 1135 2005 non
1176 1960 1394 2016 autem,
1448 1962 1508 2006 ut
1548 1966 1648 2007 vos
1699 1951 1899 2018 facitis,
1943 1955 2124 2010 varias

539 2056 560 2091 ι
605 2036 813 2095 formas
839 2040 1018 2096 oculis
1055 2041 1434 2107 obtrudentes,
1502 2042 1775 2113 ﬁgurasve
1826 2060 1924 2115 pro
1971 2045 2125 2101 libito

541 2149 561 2184 ι
607 2130 1001 2203 contingentes.
1044 2153 1064 2186 ι
1095 2134 1253 2204 Apud
1284 2150 1381 2192 vos
1405 2135 1552 2191 enim
1580 2137 1721 2192 alius
1749 2147 1835 2193 est
1863 2137 2125 2194 barbatus

533 2223 699 2286 deus,
732 2226 873 2282 alius
928 2224 1220 2293 femineus,
1274 2228 1415 2284 alius
1446 2229 1947 2300 hermaphroditos,
1981 2230 2124 2286 alius

530 2315 646 2385 jam
678 2330 968 2387 provectus
1006 2330 1060 2375 et
1103 2321 1443 2391 iuventutem
1480 2330 1922 2394 praetergressus,
1976 2324 2118 2379 alius

533 2419 758 2481 aspectu
798 2411 981 2469 adhuc
1024 2411 1271 2479 ﬂorenti,
1302 2422 1488 2484 atque,
1523 2422 1583 2470 ut
1618 2417 1937 2472 summatim
1970 2416 2115 2473 dica-

636 370 653 430 »,
1689 356 2129 418 CUNSTANTII

2263 362 2540 426 DIACON
2544 365 2571 425 Ι
2608 366 2719 428 (ΞΡ.

532 462 710 510 mater
735 456 942 515 malitia
968 466 1075 528 est,
1103 462 1340 519 naturali
1391 463 1512 536 lege
1545 464 1802 523 incedens
1846 483 2116 538 superna-
2146 479 2191 535 Α
2223 476 2406 547 μήτηρ

2467 478 2720 580 tre-vero,
2761 480 2911 580 νόμῳ
2963 482 3189 580 φύσεως
3224 490 3433 561 ὁδεύσας
3472 500 3728 580 ιῖνιτερφωῖγς⁹

2220 568 2411 665 πείνης
2432 573 2612 665 φαμὲν
2639 575 2731 665 καὶ
2755 574 2935 647 δίψης,
2971 578 3161 632 κόπων
3192 597 3267 646 τε,
3295 586 3380 640 καὶ
3400 568 3726 665 δακρύων,

2221 658 2483 761 [dp-ductust,
2516 662 2906 761 καιὰγωνίας,
2941 668 3035 761 καὶ
3081 671 3366 739 μωλὼπων
3388 719 3402 745 ,
3436 658 3519 735 καί
3548 658 3724 761 φθορᾶς,

2216 752 2312 804 καὶ
2326 751 2577 851 devci-cou-
2600 754 2757 851 tbcav
2773 758 2832 809 ἐν
2846 757 2998 830 αὑτῷ
3012 765 3414 831 προσπίπτοντα
3434 751 3618 845 ταχέως

2220 842 2520 933 φανίζοιτο,
2547 844 2798 918 καθάπερ
2832 849 2891 901 ὲν
2923 852 3127 923 χωνείᾳ
3153 856 3261 907 πᾶν
3291 857 3379 911 τὸν
3416 842 3639 933 περιττὸν
3658 842 3717 928 καὶ

2222 931 2297 1002 μὴ
2322 931 2568 1002 δόκιμον,
2591 935 2689 989 καὶ
2714 937 2775 1027 to
2792 937 2951 1007 γένος
2973 940 3151 1010 ῥύπου
3177 946 3371 1011 παντὸς
3386 931 3707 1027 ἐκκαθαίρατο,

2220 1026 2315 1078 καὶ
2360 1027 2512 1097 μένοι
2562 1028 2699 1099 ὅπερ
2737 1024 2806 1100 ἦν
2848 1030 2956 1101 πρὸ
3001 1030 3096 1085 τοῦ
3130 1035 3434 1107 πτώματος.
3470 1042 3582 1096 Ἐπὶ

2217 1121 2283 1172 ὲκ
2314 1118 2425 1172 τῶν
2454 1121 2663 1192 νεκρῶν
2696 1123 2937 1188 ἀναστάς
2988 1126 3082 1180 καὶ
3127 1129 3208 1190 είς
3250 1130 3501 1199 οὑρανοὺς
3528 1137 3722 1207 ἀνελθὼν,

2218 1207 2376 1276 αὖθίς
2415 1230 2475 1266 τε
2509 1214 2701 1285 κριτὴς
2731 1215 2882 1285 ἥξειν
2926 1216 3411 1292 ἐπαγγειλάμενος,
3450 1225 3508 1278 τὸ
3545 1229 3730 1298 ἀσφαλὲς

2218 1302 2317 1372 τῆς
2349 1302 2458 1356 τῶν
2490 1303 2762 1374 σωμάτων
2784 1306 3081 1377 ἐγέρσεως,
3115 1312 3211 1363 καὶ
3235 1311 3333 1381 τῆς
3358 1315 3489 1369 κατὰ
3507 1318 3595 1388 τὴν
3613 1319 3731 1388 φύσιν

2218 1393 2502 1465 διηνεκοῦς
2573 1395 2888 1468 ἀφθαρσίας
2944 1399 3195 1455 ἐντεῦθεν
3252 1405 3382 1475 ἡμῖν
3432 1408 3727 1468 ὲπιστὼσατο.

2225 1504 2244 1538 ι
2282 1485 2483 1541 Τοῦτον
2503 1487 2794 1559 τοιγαροῦν
2825 1491 2885 1543 ὲν
2981 1492 3307 1564 παρεδείχθη
3345 1500 3515 1569 μορφῇ
3545 1502 3624 1554 καὶ
3652 1504 3734 1566 τοῖς

2227 1598 2245 1630 ι
2278 1580 2586 1651 ἀνθρώποις
2624 1582 3057 1655 συνανεστράφη,
3104 1586 3216 1650 τοῖς
3248 1586 3458 1653 πίναξιν
3487 1590 3737 1662 ἐπιγράφο-

2225 1686 2248 1723 c
2286 1686 2405 1740 μεν,
2441 1671 2749 1742 ὑπόμνησιν
2784 1673 2885 1744 τῆς
2915 1674 2985 1728 δι’
3014 1673 3180 1728 αὑτοῦ
3225 1678 3487 1749 σωτηρίας
3523 1679 3602 1734 τὸν
3631 1680 3737 1737 θεῖον

2229 1779 2248 1812 ι
2282 1759 2452 1815 τύπον
2514 1761 2865 1832 ποιούμενοι·
2921 1762 3017 1818 καὶ
3069 1765 3132 1817 οὑ
3195 1765 3316 1819 καθ’
3369 1766 3505 1836 ὑμᾶς
3544 1769 3740 1834 ποικίλας

2154 1837 2197 1892 Β
2231 1872 2249 1906 ι
2286 1853 2463 1917 είδέας
2492 1854 2853 1925 παράγοντες,
2906 1857 3001 1912 καὶ
3053 1859 3311 1928 σχήματα
3344 1859 3476 1913 κατά
3511 1860 3565 1914 τὺ
3594 1860 3742 1915 δοκοῦν

2230 1964 2250 1996 ι
2285 1944 2673 2016 διαγλύφοντες
2728 1947 2830 2014 (7).
2868 1966 2889 2001 ›
2929 1949 2989 2002 '0
3036 1950 3134 2020 μὲν
3194 1950 3304 2021 γάρ
3348 1952 3606 2023 ὑπηνήτης
3650 1953 3742 2024 ὑμίν

2221 2038 2373 2102 Θεὸς.
2400 2040 2430 2093 ό
2464 2038 2520 2092 δὲ
2550 2039 2922 2112 θηλύμορφος,
2968 2042 3063 2096 καὶ⁵
3109 2042 3407 2115 ἡμίανδρος
3430 2060 3444 2075 ο
3480 2045 3567 2097 καί
3601 2045 3627 2097 ὸ
3670 2046 3744 2113 μὲν

2221 2130 2562 2203 παρηϐηκὼς
2587 2135 2681 2186 καὶ
2716 2133 2814 2203 τὴν
2854 2132 3003 2204 ὤραν
3049 2134 3358 2200 ἀπολιπὼν,
3402 2135 3430 2188 δ
3460 2135 3512 2189 δὲ
3545 2136 3629 2207 τὴν
3654 2135 3746 2205 δψιν

2222 2225 2406 2296 φέρων
2430 2224 2786 2297 ἀκμάζουσαν
2805 2243 2820 2257 ·
2848 2228 2940 2281 καὶ
2967 2226 3105 2291 ὅλως
3127 2228 3426 2292 πολυειδεῖς
3445 2230 3531 2282 καὶ
3550 2227 3742 2299 διάφοροι

2224 2318 2335 2373 τῶν
2373 2317 2511 2373 θεῶν
2544 2320 2674 2391 ὑμῖν
2721 2320 2930 2384 εἰκόνες
2971 2321 3347 2392 ὲπινενόηνται
3376 2337 3393 2353 ⁸
3441 2322 3587 2375 πόθεν
3611 2321 3745 2376 τοίνυν

2227 2412 2482 2475 λαϐόντες
2503 2411 2645 2465 οὕτω
2665 2413 2888 2466 τοιαῦτα
2920 2413 3158 2484 γράφειν
3187 2413 3567 2484 ὲδοκιμάσατες

534 2516 685 2570 mus,
730 2504 1101 2563 multiformes
1142 2521 1210 2562 ac
1265 2506 1501 2563 diversas
1537 2523 1568 2563 a
1616 2508 1774 2565 vobis
1832 2509 2064 2565 deorum
2128 2508 2394 2578 imagines
2431 2508 2756 2575 excogitatae
2789 2505 3040 2563 fuerunt.
3071 2504 3362 2562 Undenam
3398 2522 3552 2577 porro
3593 2505 3745 2561 basita

533 2607 661 2651 esse
716 2594 1026 2666 pingendas
1052 2596 1368 2655 didicistis?

607 2687 695 2742 17.
730 2705 751 2740 ι
788 2688 899 2745 Etsi
940 2688 1170 2745 deorum
1213 2690 1423 2759 formae,
1466 2694 1866 2764 responderunt
1891 2694 2127 2763 judices,

536 2780 752 2837 variare
785 2781 839 2836 in
880 2782 1180 2853 imaginum
1207 2786 1387 2855 specie
1430 2786 1633 2853 solent,
1691 2797 1931 2842 attamen
1991 2787 2132 2842 divi-

539 2874 665 2929 nior
691 2874 943 2945 quadam
975 2875 1134 2932 nobis
1166 2878 1362 2933 tradita
1388 2880 1636 2936 doctrina
1669 2888 1910 2950 estmuae
1940 2882 2006 2935 ad
2040 2898 2133 2936 νος

538 2965 737 3022 riorcm
756 2967 1154 3039 sublimemque
1168 2981 1375 3028 mentes
1406 2982 1623 3028 nostras
1647 2972 1911 3028 theoriam
1935 2973 2130 3037 elevat,

538 3066 703 3129 atque
734 3060 801 3115 ad
824 3063 1178 3133 archetypum
1208 3063 1379 3130 ducit,
1406 3081 1581 3136 neque
1609 3081 1711 3121 nos
1752 3066 1889 3121 sinit
1914 3067 1981 3121 ad
2015 3082 2130 3121 rua-

543 3152 692 3209 tet‘ite
722 3151 986 3210 vilitatem
1038 3155 1402 3228 trituramque
1429 3157 1588 3228 dejici
1620 3168 1789 3229 atque
1851 3158 2117 3229 dispergi.

542 3252 639 3300 aut
672 3247 917 3301 colorum
944 3248 1193 3304 varietati
1223 3248 1506 3306 inhaerere.
1532 3249 1638 3307 Sed
1659 3250 1802 3306 hanc
1823 3251 2128 3307 doctrinam

542 3337 700 3393 vobis
738 3340 976 3409 pandere
1008 3339 1253 3410 profanis
1290 3349 1344 3396 et
1367 3342 1559 3399 alienis
1587 3358 1763 3415 neque
1820 3343 1902 3400 fas
1954 3359 2131 3415 neque

546 3430 694 3500 pium
727 3440 849 3487 est:
881 3446 1072 3489 verum
1125 3433 1172 3489 si
1197 3433 1399 3489 initiari
1436 3443 1493 3492 et
1515 3444 1802 3493 consortes
1862 3438 1983 3492 lieri
2042 3453 2131 3492 sa-

544 3537 765 3579 crorum
797 3532 1113 3581 nostrorum
1150 3527 1365 3591 ausitis,
1405 3539 1603 3584 cuncta
1649 3529 1805 3585 vobis
1863 3530 2130 3587 revelabi-

548 3633 693 3683 mus,
726 3616 970 3690 nihilque
997 3632 1260 3676 arcanum
1294 3620 1635 3678 habebimus.
1655 3621 1785 3678 Nam
1803 3625 1948 3689 quod
1967 3622 2132 3679 alium

548 3710 768 3781 quidem
808 3711 1102 3777 seniorem,
1132 3712 1299 3768 alium
1336 3729 1464 3770 vero
1487 3714 1760 3785 iuniorem
1799 3715 2129 3788 efﬁngimus,

548 3818 644 3874 par
669 3805 826 3859 vobis
852 3805 1120 3861 sententia
1158 3815 1263 3874 est,
1309 3807 1402 3878 qui
1425 3805 1641 3864 Patrem
1704 3807 2015 3881 Filiumque
2042 3825 2136 3880 ap-

548 3896 759 3968 pellatis
790 3915 804 3953 :
836 3907 1048 3956 constat
1074 3900 1221 3955 enim
1279 3908 1560 3972 parentem
1588 3909 1643 3957 et
1671 3901 1893 3973 intelligi
1929 3912 1985 3959 et
2016 3917 2137 3959 esse

547 3997 681 4046 ante
709 4005 871 4047 suum
900 4000 1109 4050 natum.
1143 4011 1163 4045 ι

623 4255 714 4313 18.
748 4275 766 4309 ι
810 4254 943 4314 Esto
972 4257 1110 4323 hac,
1144 4256 1404 4314 dixerunt
1440 4267 1730 4329 martyres,
1770 4266 1831 4312 ut
1864 4272 1930 4311 cx
1961 4268 2141 4312 vestra

555 4364 773 4421 quoque
800 4350 1070 4405 sententia
1093 4348 1171 4404 dii
1216 4364 1313 4419 per
1336 4358 1553 4421 tropum
1592 4359 1759 4420 atque
1793 4350 2134 4420 phantasiam

556 4441 801 4496 humana
838 4437 1010 4510 ﬁgura
1035 4438 1422 4507 cxhibeantur,
1474 4449 1531 4497 et
1573 4440 1874 4512 symbolice
1931 4455 2133 4510 reprae-

557 4539 863 4588 sententur.
895 4529 1372 4588 Verumenimvero
1420 4547 1520 4589 cur
1579 4530 1979 4604 cynocephalus
2032 4534 2138 4586 lin-

559 4625 709 4697 gitur
758 4624 920 4692 deus,
965 4635 1022 4680 et
1042 4625 1316 4696 corniger,
1376 4634 1434 4682 et
1486 4626 1767 4697 paniscus,
1820 4637 1876 4682 et
1897 4624 2136 4692 semifer,

559 4717 1137 4788 etbermaphroditus,
1193 4732 1320 4775 cum
1361 4733 1544 4774 rerum
1594 4719 1905 4775 divinarum
1970 4717 2138 4784 ideas,

559 4810 723 4867 etiam
771 4811 1021 4877 sensiles,
1068 4820 1317 4881 oporteat
1347 4827 1472 4868 esse
1502 4811 1766 4882 dignitate
1795 4811 2009 4883 plenas,
2036 4812 2141 4867 nisi

560 4905 703 4960 forte
729 4903 983 4959 volumus
998 4904 1053 4958 in
1078 4903 1272 4959 salutis
1311 4913 1543 4975 sperata)
1571 4920 1785 4959 summa
1813 4903 2144 4975 periclitari?

521 5003 525 5007 ’
556 4997 702 5054 Vere
738 4996 884 5052 enim
911 4995 1159 5067 impium,
1188 5005 1243 5052 et
1282 4995 1637 5051 rationalium
1680 4996 1967 5052 hominum
2041 4998 2146 5052 mi-

555 5091 712 5147 nime
738 5089 1040 5161 praprium,
1068 5089 1317 5160 turpibus
1356 5088 1617 5160 symbolis
1651 5088 1823 5145 Deum
1845 5089 2148 5162 designare,

558 5195 615 5240 cl.
653 5183 913 5239 caninum
968 5190 1251 5253 aspectum
1305 5182 1497 5253 primm
1553 5180 1872 5251 mulierique
1943 5191 2153 5237 natura:

557 5277 871 5348 imponere,
900 5284 957 5333 et
995 5275 1261 5333 adversus
1288 5272 1686 5346 providentiam
1741 5274 1959 5330 latrare.
2014 5271 2152 5328 Tum

559 5378 697 5420 vero
731 5363 1003 5419 seniorem
1047 5379 1115 5419 ac
1150 5364 1428 5435 juniorem
1506 5363 1670 5417 deum
1737 5362 1938 5427 dicere,
1997 5364 2153 5417 delc-

563 5453 766 5513 stabile
816 5456 980 5513 nobis
1039 5466 1156 5525 est;
1206 5457 1262 5513 id
1313 5455 1459 5512 cnim
1508 5456 1883 5526 temporalium
1939 5465 2155 5512 creatu-

645 5652 723 5723 (7)
770 5650 1019 5725 _S_equens
1075 5655 1345 5725 particula
1400 5654 1630 5725 recitata
1680 5653 1789 5709 fuit
1835 5653 2044 5724 pariter
2096 5653 2154 5709 in

575 5722 732 5779 conc.
771 5722 993 5778 Nicaeno
1021 5722 1210 5788 ιιξιοο.
1243 5726 1337 5781 cit.
1370 5733 1429 5779 ut
1464 5724 1724 5779 diximus.

652 5790 730 5865 (8)
753 5790 963 5849 Similia
990 5793 1100 5851 fere
1127 5796 1387 5853 dicuntur
1420 5794 1488 5851 de
1523 5794 1752 5866 singulis
1801 5793 2149 5851 ethnicorum

2302 2690 2386 2752 ιζ’.
2420 2708 2438 2741 ι
2470 2689 2611 2742 Ἀλλ’
2641 2691 2692 2743 εί
2720 2689 2813 2743 καὶ
2842 2689 2942 2755 τάς
2986 2691 3211 2761 μορφὰς
3258 2690 3366 2747 τῶν
3405 2691 3551 2758 θεῶν,
3590 2692 3746 2762 [quem

2228 2785 2275 2837 oi
2308 2782 2639 2850 δικάζοντες,
2666 2782 2958 2857 διαφόρους
2987 2779 3131 2839 εἶναι
3173 2786 3506 2859 συμϐέϐηκε,
3533 2786 3651 2841 κατὰ
3676 2786 3746 2855 τὴν

2228 2869 2338 2925 τῶν
2364 2871 2588 2925 εἰκόνων
2617 2872 2957 2946 παράδειξιν,
2992 2873 3132 2930 ἀλλά
3157 2891 3247 2940 τις
3274 2876 3439 2946 λόγος
3460 2878 3577 2948 ἡμῖν
3593 2877 3745 2931 θειότε-

2237 2980 2327 3036 ρος
2360 2964 2711 3036 παραδίδοται
2741 2966 2875 3037 πρός
2909 2984 3031 3020 τινα
3061 2966 3308 3040 θεωρίαν
3337 2969 3594 3042 ἀκραιφνῆ
3616 2985 3664 3022 τε
3682 2966 3747 3022 καὶ

2157 3099 2202 3161 C
2235 3057 2445 3129 ὑψηλὴν
2474 3058 2819 3123 ἀναϐιϐάζων
2849 3060 3006 3130 ήμῶν
3032 3060 3133 3133 τὴν
3154 3062 3416 3127 διάνοιαν,
3447 3064 3532 3116 καὶ
3562 3062 3744 3129 συνάγων

2235 3147 2371 3216 πρὸς
2397 3147 2458 3200 τὸ
2490 3149 2830 3219 ἀρχέτυπον,
2871 3152 2967 3204 καὶ
3005 3152 3107 3205 οὑκ
3157 3154 3265 3208 ἐῶν
3310 3155 3446 3227 πρὸς
3475 3154 3532 3207 τὸ
3557 3154 3632 3224 τῆς
3651 3151 3737 3218 ὕλης

2233 3240 2451 3303 εὐτελές
2477 3258 2540 3295 τε
2569 3242 2665 3295 καὶ
2698 3243 2954 3313 μεριστὸν
3002 3246 3350 3317 κατάγεσθαι
3378 3247 3471 3301 καὶ
3503 3242 3724 3301 dumm-

2233 3330 2444 3397 νυσθαι,
2471 3331 2504 3402 ἢ
2534 3334 2649 3395 τοῖς
2693 3331 2803 3386 τῶν
2852 3333 3170 3406 χρωμάτων
3224 3338 3568 3409 ὲναπομένειν
3588 3330 3727 3386 ποικίλ-

2238 3438 2401 3491 μασιν
2424 3460 2440 3487 ,
2474 3413 2549 3475 ὧν
2580 3421 2891 3493 ἐξηγεῖσθαι
2947 3426 3077 3496 ὑμῖν
3110 3428 3391 3500 ἀμυήτοις
3430 3424 3567 3483 οὖσιν
3589 3420 3735 3479 xiiii.-

2234 3512 2488 3584 λοτρίοις,
2519 3514 2620 3568 οὑκ
2650 3515 2844 3583 εὐαγὲς
2872 3516 2996 3571 οὐδὲ
3029 3518 3185 3573 ὅσιον
3206 3535 3222 3550 °
3268 3521 3388 3575 ἀλλ’
3420 3523 3468 3574 εἰ
3494 3521 3657 3592 μύσται
3681 3512 3743 3567 καὶ

2236 3603 2499 3661 Θιασῶται
2545 3606 2655 3662 τῶν
2711 3609 2996 3680 ἡμετέρων
3042 3612 3309 3680 γενέσθαι
3356 3608 3746 3685 προθυμηθείητεο

2238 3699 2347 3751 πᾶν
2396 3699 2770 3769 ὲμφανίζομεν
2829 3700 2995 3770 ὑμῖν,
3054 3703 3161 3758 οὑκ
3228 3705 3672 3776 ἀποκρυπτόμενοι
3709 3696 3750 3747 τὸ

2237 3790 2548 3861 ἀπόρρητον
2568 3805 2583 3820 ⁶
2621 3790 2880 3863 περὶγὰρ
2912 3794 3104 3849 τοῦτον
3163 3796 3267 3868 μὲν
3313 3795 3668 3869 πρεσϐύτερον,
3689 3788 3751 3841 τὸν

2237 3882 2296 3936 δὲ
2325 3882 2590 3955 νεώτερον
2619 3884 2906 3955 ἐμφαίνειν
2936 3886 3075 3954 Θεὸν,
3096 3890 3266 3945 τοῦτο
3294 3892 3390 3947 καὶ
3412 3892 3533 3963 ὑμῖν
3553 3883 3756 3943 συνδοκεῖν

2240 3975 2461 4047 Πατέρα
2512 3976 2608 4030 καὶ
2641 3976 2769 4031 Υίὺν
2816 3976 3147 4049 ὀνομάζουσι
3181 3997 3193 4010 ·
3253 3982 3515 4053 πρόδηλον
3553 3978 3645 4048 γὰρ
3664 3970 3761 4036 ὡςδ

2240 4067 2446 4137 γεννῶν
2498 4066 2594 4120 τοῦ
2659 4070 2998 4140 γεννήματος
3044 4076 3461 4141 προεπινοείται
3517 4070 3602 4125 καὶ
3643 4061 3765 4134 προῦ-

2250 4177 2463 4214 πεστιν.

2317 4261 2406 4325 ιη’.
2462 4253 2644 4308 Ἔστω
2694 4254 2890 4320 ταῦτα,
2937 4255 3146 4327 ἔφησαν
3170 4258 3222 4311 οἱ
3275 4255 3524 4327 ἀθληταὶ,
3572 4251 3654 4306 καὶ
3680 4241 3763 4300 καθ’

2247 4348 2394 4418 ὑμᾶς
2422 4347 2473 4400 οἱ
2497 4345 2920 4420 ἀνθρωποειδεῖς
2943 4346 3055 4401 θεοὶ
3087 4350 3150 4402 ὲν
3182 4349 3469 4412 ὑπονοίαις
3492 4345 3581 4400 καὶ
3595 4336 3761 4412 τροπαῖς

2168 4447 2211 4503 D
2240 4438 2649 4509 ἀναγέσθωσαν,
2716 4440 2811 4494 καὶ
2868 4440 3219 4511 συμϐολικῶς
3274 4440 3610 4496 είκάσθωσαν
3642 4448 3656 4464 ⁸
3687 4426 3769 4486 πῶς

2243 4532 2287 4586 δ’
2318 4530 2385 4587 ἂν
2410 4532 2835 4604 κυνοπρόσωπος
2864 4532 3271 4606 ἁλληγορηθείη
3309 4533 3464 4600 Θεὸς,
3502 4530 3534 4601 ἢ
3562 4517 3772 4597 κερασφά’

2247 4638 2362 4694 ρος,
2396 4621 2490 4675 καὶ
2517 4622 2909 4693 τραγοσκελὴς,
2954 4622 3051 4678 καὶ
3085 4622 3356 4695 μιξόθηρ,
3400 4622 3495 4677 καὶ
3532 4617 3622 4690 τὴν
3655 4611 3775 4685 φύσιν

2245 4711 2545 4782 ἀμφίϐολος
2611 4713 2688 4785 (8)
2711 4753 2727 4778 ,
2787 4713 2906 4769 δέον
2958 4715 3411 4786 μεγαλοπρεπεῖς
3471 4710 3562 4767 καὶ
3588 4707 3673 4770 τὰς
3688 4700 3777 4757 κατ’

2246 4804 2501 4876 αἴσθησιν
2522 4805 2844 4879 περιλήψεις
2868 4805 2978 4861 τῶν
3015 4807 3312 4879 θειοτέρων
3354 4806 3628 4879 ὑπάρχειν,
3660 4796 3780 4861 εἰιειεί³

2251 4897 2326 4968 μὴ
2364 4896 2655 4968 μέλλοιμεν
2688 4900 2817 4970 περὶ
2843 4900 2906 4953 τδ
2957 4900 3058 4970 τῆς
3106 4901 3333 4965 ὲλπίδος
3370 4899 3655 4972 ἀκρότατον
3694 4889 3779 4942 δια·

2250 4989 2621 5059 σφάλλεσθαι;
2683 4991 2903 5057 Ἀσεϐὲς
2952 4990 3063 5063 γὰρ
3106 4992 3319 5054 ὄντως,
3359 4992 3455 5046 καὶ
3504 4988 3564 5042 οὑ
3597 4974 3780 5051 λογικῶν

2246 5084 2446 5136 οἰκεῖον
2476 5081 2707 5154 ἀνδρῶν,
2736 5083 2805 5137 δι’
2836 5083 3080 5155 αἰσχρῶν
3113 5083 3409 5156 συμϐόλων
3436 5082 3498 5135 τὸ
3528 5080 3668 5133 Θεῖον
3706 5085 3781 5141 χα-

2252 5172 2631 5245 ρακτηρίζειν,
2673 5174 2769 5229 καὶ
2791 5174 3054 5239 κυνώδεις
3089 5175 3371 5247 ἐμφάσεις
3408 5166 3713 5244 ἐφαρμόζειν
3732 5159 3781 5228 τῇ

2254 5264 2445 5336 πρώτῃ
2479 5263 2640 5333 φύσει
2679 5267 2773 5319 καὶ
2799 5266 3092 5338 κρείττονι,
3120 5267 3219 5319 καὶ
3254 5267 3358 5336 τῆς
3410 5262 3653 5335 προνοίας
3684 5248 3782 5306 καθ-

2252 5357 2505 5410 υλακτεῖν
2528 5375 2543 5389 ο
2564 5358 2936 5429 πρεσϐύτερον
2976 5358 3034 5413 δὲ
3082 5358 3205 5412 θεὸν
3242 5358 3340 5413 καὶ
3369 5355 3622 5425 νεώτερον
3645 5345 3784 5412 λέγειν

2252 5449 2625 5522 παραιτητέον
2654 5450 2788 5520 ἡμῖν
2808 5466 2822 5481 ο
2857 5449 2969 5504 τῶν
3004 5450 3115 5522 γὰρ
3166 5451 3497 5522 ποιημάτων
3521 5442 3676 5498 ταῦτα
3704 5434 3783 5488 τῶν

2253 5651 2358 5704 diis
2386 5666 2414 5703 a
2447 5659 2689 5721 martyre
2715 5648 3068 5720 Chrysantho
3090 5651 3149 5721 in
3167 5647 3331 5721 iactis
3363 5645 3483 5715 ejus
3500 5657 3531 5721 ξι
3563 5628 3782 5721 δῖἒτξιιοξξ

2256 5694 3513 5789 Ligeris“ei.fn;a.?,;rs;?".;sa.rsum"?11d
3552 5707 3680 5765 diem
3732 5694 3783 5748 35

2256 5789 2504 5859 Octobr.,
2530 5800 2571 5846 t.
2601 5788 2665 5857 V,
2710 5806 2764 5860 ι).
2796 5788 3123 5847 1049-1050.
