3994 6462
290 370 385 435 595

1319 362 1705 426 LAUDATIO
1742 349 2058 425 OMNIUM
2110 363 2569 425 MARTYRUM.

3475 358 3580 423 506

299 483 424 540 an
447 478 533 534 ui
564 476 683 550 τὴν
736 477 869 548 περὶ
899 477 963 531 τὸ
994 475 1152 530 Θεῖον
1184 476 1345 545 δόξαν
1376 479 1476 550 ούχ
1509 481 1712 548 ὁμοίως
1751 499 1879 550 πρε.

1987 495 2172 535 verum
2228 495 2296 534 ne
2363 480 2415 532 iu
2487 478 2755 533 sententia
2787 477 3009 547 quidem
3035 476 3103 531 de
3131 491 3324 531 natura
3351 475 3578 531 deorum

303 576 582 635 σδεύοντες,
625 570 714 624 ἐτι
749 570 848 624 καὶ
879 570 1028 640 ἡμᾶς
1054 568 1378 641 συμφώνους
1413 570 1560 641 ἔχειν
1595 571 1880 640 βιάζεσθε,

294 668 459 732 ὥσπερ
487 662 596 732 οὐκ
643 661 858 732 ἑτέρως
899 660 1020 713 ὲνὺν
1069 660 1309 725 ἀσεϐεῖν,
1369 663 1418 714 εί
1472 663 1549 732 μὴ
1575 663 1668 716 καὶ
1694 661 1886 727 ἄλλους

284 761 338 827 τῇ
389 754 576 825 πλάνῃ
646 752 1165 820 συνεπαγάγοισθει
1222 753 1452 821 ΙἈλογον
1521 753 1580 807 δὲ
1628 756 1724 807 καὶ
1764 753 1886 808 λίαν

276 847 457 902 σκαιὸν
483 846 605 899 τῶν
641 846 794 899 οῐκοι
826 845 1011 908 κακῶς
1033 846 1128 900 καὶ⁸
1157 845 1458 918 ἀρρώστως
1493 846 1882 916 διακειμένων,

268 939 475 1012 ἑτέροις
508 938 748 1007 ὑγιείαν
790 939 1050 1002 ἐπινοεῖν,
1099 939 1241 1010 ὅπερ
1285 939 1630 1011 ἐγχειροῦσιν
1662 942 1792 1012 ὑμῖν
1821 941 1884 994 ού

273 1033 553 1103 προσῆκεν
583 1049 601 1062 ο
645 1031 848 1101 {nemp
891 1030 1015 1083 οὐδὲ
1051 1030 1205 1084 πόλει
1250 1033 1500 1104 σφαλερᾷ
1534 1051 1595 1086 τε
1626 1034 1724 1087 καὶ
1755 1051 1887 1088 στα-

284 1125 452 1179 σιώδει
493 1124 812 1196 βραϐεύειν
861 1125 1086 1195 εἰρήνην
1131 1124 1210 1196 τῷ
1247 1125 1472 1192 γείτονι,
1503 1126 1727 1180 αὐτόθεν
1755 1127 1886 1182 ἀπι-

292 1219 548 1289 στουμένῃ
590 1217 685 1288 τῷ
715 1215 1100 1287 ὑποδείγματι.
1134 1217 1198 1270 Εἰ
1234 1218 1342 1289 γάρ
1376 1235 1520 1272 τισιν
1559 1219 1714 1289 ὑμῶν
1747 1236 1886 1289 συμ-

294 1314 685 1381 φρονήσαιμεν,
726 1309 954 1372 πάντως
1004 1309 1070 1364 ἂν
1106 1310 1137 1362 ὁ
1162 1310 1425 1363 τάναντία
1459 1309 1724 1376 δοξάζων,
1754 1312 1884 1385 παρ’

297 1401 430 1471 αὐτῷ
461 1401 522 1454 τὸ
542 1400 852 1456 κάλλιστον
876 1397 1018 1454 εἶναι
1052 1402 1280 1472 φήσειεν
1311 1401 1408 1455 καὶ
1434 1401 1882 1473 ὠφελιμώτατον,

299 1495 538 1564 1:11:96;
580 1494 790 1550 ἑαυτὸν
835 1493 1018 1562 λόγοις
1060 1495 1310 1558 πιθανοῖς
1346 1495 1440 1550 τὸν
1465 1497 1744 1569 ἀκροατὴν
1781 1515 1882 1568 με·

299 1592 599 1660 ταστήσειεν
619 1606 636 1620 ο
668 1584 834 1652 αὖθις
858 1605 920 1641 τε
937 1587 1097 1642 τοῦτο
1118 1589 1308 1660 δράσοι
1336 1590 1364 1642 ὁ
1399 1589 1610 1658 ἕτερος,
1644 1590 1738 1644 καὶ⁴
1775 1589 1884 1644 πά-

295 1687 371 1737 λιν
407 1684 560 1747 ἄλλος
581 1682 655 1736 τὰ
682 1683 850 1752 ὅμοια
882 1681 1277 1753 διαπράξηται,
1315 1682 1411 1736 καὶ
1442 1682 1618 1748 οὕτως
1636 1684 1736 1737 οὐκ
1766 1685 1883 1738 ὲπι-

289 1775 452 1844 λείψει
480 1774 546 1826 τὺ
569 1774 732 1826 Θεῖον
755 1774 892 1843 ἡμῖν
920 1773 1001 1836 είς
1038 1771 1362 1836 ἀλλοκότους
1384 1772 1596 1837 πλάνας
1638 1774 1746 1827 ὑπὸ
1774 1774 1883 1828 τῶν

281 1866 578 1930 ἀντιδόξων
618 1865 716 1919 καὶ
751 1862 1053 1917 ἀντιθέτων
1095 1861 1479 1934 διασπώμενον
1525 1864 1620 1918 καὶ
1653 1880 1880 1934 μετατι-

292 1957 548 2027 θέμενον,
602 1955 792 2026 μέχρις
853 1953 924 2007 ἂν
982 1951 1292 2024 ἀποκαμών
1351 1955 1380 2007 ὁ
1415 1952 1539 2017 νοῦς
1571 1953 1653 2017 είς
1691 1953 1883 2007 ἀθεῖαν

307 2047 536 2101 ὶκπέσοι
575 2047 707 2117 πρὸς
753 2045 840 2116 τὴν
881 2043 1160 2114 τοσαύτην
1197 2042 1588 2116 ἀπαγορεύσας
1625 2044 1882 2115 ψευδολο-

315 2142 440 2209 γίαν
485 2157 546 2193 τε
590 2139 680 2192 καὶ
721 2139 944 2210 ἀπάτην.
986 2138 1053 2192 Τί
1082 2139 1195 2210 γάρ
1224 2155 1242 2202 ;
1274 2139 1398 2210 οὐχὶ
1429 2141 1563 2211 παρ’
1588 2141 1753 2204 ἐνίοις
1781 2139 1880 2211 μὲν

310 2233 462 2302 ὑμῶν
488 2234 597 2286 θεοί
623 2224 763 2286 οὗτοί
801 2248 862 2298 γε
897 2231 996 2296 οὓς
1021 2249 1128 2302 περ
1149 2233 1434 2303 εἰρήκατε,
1467 2231 1619 2303 παρά
1647 2231 1692 2284 δ’
1717 2231 1881 2295 ἐνίοις

294 2326 513 2396 πίθηκοι
545 2328 637 2380 καὶ
664 2326 860 2398 τράγοι
898 2326 995 2380 καὶ
1034 2323 1173 2389 ίϐεις
1205 2323 1541 2395 κροκόδειλοί
1572 2341 1633 2378 τε
1666 2323 1762 2378 καὶ
1794 2325 1880 2377 αῐ-

280 2418 463 2486 λουροι
494 2416 590 2470 καὶ
611 2415 676 2468 τὸ
699 2405 926 2481 νειλῷον
952 2413 1191 2486 ῥεῖθρον,
1216 2414 1312 2468 καὶ
1333 2415 1362 2467 ὁ
1385 2414 1683 2486 Μεμφίτης
1706 2410 1878 2477 Ἀπις

279 2509 583 2581 ποηφαγὼν
612 2510 739 2574 θεὸς
764 2512 864 2564 καὶ
900 2509 1250 2580 μυκώμενος,
1276 2508 1371 2562 καὶ
1399 2509 1505 2580 πρὸ
1537 2508 1636 2580 μὲν
1661 2508 1758 2563 τοῦ
1784 2509 1878 2565 θα-

279 2607 386 2656 νεῖν
413 2603 828 2674 ἱκετευόμενος,
870 2602 1012 2674 μετὰ
1037 2601 1096 2656 δὲ
1135 2601 1405 2672 νέκρωσιν
1429 2600 1800 2673 θρηνούμενος
1816 2620 1876 2656 τε

285 2698 371 2751 καὶ
398 2698 546 2751 ὲλεού
557 2713 752 2767 μενος,
779 2696 987 2759 ὀαὺτὸς
1019 2693 1166 2766 ἱερὸς
1203 2693 1341 2764 ὁμοῦ
1365 2695 1462 2747 καὶ
1486 2694 1876 2766 ὲξωδωδηκὼς,

289 2791 448 2859 χρόνῳ
502 2791 654 2861 πρὸς
702 2789 970 2858 ἑκάτερον
1008 2787 1222 2851 νεύων;
1273 2787 1383 2840 Καὶ
1427 2786 1581 2858 παρὰ
1628 2786 1728 2855 μὲν
1761 2787 1878 2850 τοῖς

290 2884 395 2939 θεοὶ
427 2886 751 2953 νομίζονται
809 2884 908 2954 τῆς
947 2881 1226 2954 ἡμετέρας
1267 2880 1453 2954 ἔφοροι
1485 2881 1702 2952 φύσεως
1733 2880 1879 2953 ὕδωρ

286 2983 373 3033 καὶ
420 2978 521 3047 πῦρ
575 2982 682 3032 καὶ
724 2977 885 3030 ἵπποι
927 2975 1022 3028 καὶ
1060 2973 1513 3044 τιθασσευόμενοι
1539 2973 1833 3045 δράκοντες
1859 2993 1873 3006 ·

286 3072 423 3142 παρά
456 3072 512 3125 δὲ
567 3073 696 3131 τοῖς
744 3070 1013 3139 μάχαιρα,
1055 3066 1150 3120 καὶ
1195 3065 1408 3136 δένδρον
1461 3063 1646 3121 λάσιόν
1691 3083 1752 3119 τε
1783 3067 1878 3120 καὶ

1989 573 2312 644 congruitis,
2364 583 2419 627 et
2469 581 2656 628 tamen
2700 586 2800 626 nos
2825 571 2928 626 hac
2958 571 3010 625 in
3039 585 3097 624 re
3131 569 3431 624 concordes
3461 584 3581 622 esse

1988 666 2222 735 cogitis:
2263 666 2418 735 quasi
2474 666 2627 720 vobis
2685 679 2794 719 non
2852 663 3084 720 suﬁiciat
3138 664 3192 716 in
3223 660 3580 731 religionibus

1987 772 2192 820 errare,
2227 758 2332 813 nisi
2372 767 2427 812 et
2467 758 2603 813 alios
2645 758 2699 812 in
2733 757 2985 812 eumdem
3016 771 3259 811 errorem
3289 755 3580 812 inducatis.

1985 850 2302 907 Absurdum
2353 852 2554 921 quippe
2603 860 2658 905 et
2723 849 2883 905 valde
2939 851 3314 919 importunum
3343 855 3447 912 est,
3483 863 3580 902 eos

1987 945 2080 1015 qui
2119 945 2266 999 domi
2296 959 2408 1000 suae
2441 945 2580 1000 male
2603 943 2972 1014 pcstillereque
3003 959 3062 998 se
3086 943 3306 1005 habent,
3368 941 3580 996 caeteris

1987 1034 2256 1089 medelam
2303 1035 2640 1104 excogitare,
2686 1034 2831 1104 quod
2861 1049 2964 1088 vos
2995 1033 3174 1088 facere
3207 1033 3349 1086 haud
3375 1033 3529 1087 decet
3559 1051 3575 1088 ι

1989 1126 2152 1182 sicuti
2209 1141 2279 1181 ne
2333 1126 2609 1182 civitatem
2661 1127 2880 1197 quidem
2915 1127 3310 1196 periclitantem
3351 1133 3406 1180 et
3437 1126 3582 1180 sedi-

1988 1221 2184 1275 tiosam
2238 1219 2536 1275 conciliare
2583 1235 2774 1290 pacem
2842 1218 3090 1273 ﬁnitimis
3153 1218 3328 1282 decet,
3412 1234 3577 1288 quam

1986 1313 2238 1383 exemplo
2260 1327 2363 1368 suo
2400 1312 2702 1368 dissuadet.
2733 1310 2868 1366 Nam
2891 1311 2936 1366 si
2968 1310 3293 1380 quibusdam
3335 1322 3578 1366 vestrum

1987 1405 2401 1470 assentiremur,
2465 1419 2691 1474 prorsus
2716 1404 2860 1460 alius
2886 1403 2982 1474 qui
3017 1403 3346 1458 contrariam
3375 1415 3577 1458 sectam

1987 1497 2224 1562 foveret,
2275 1498 2541 1568 optimam
2599 1497 2742 1568 apud
2789 1512 2850 1552 se
2877 1505 2933 1552 et
2962 1495 3310 1551 utilissimam
3359 1505 3578 1551 senten-

1987 1593 2118 1647 tiam
2176 1606 2398 1646 manere
2448 1590 2633 1663 potius
2689 1589 2970 1656 clamaret,
3013 1589 3229 1658 sibique
3273 1588 3580 1643 auditorem

1986 1684 2446 1754 persuadentibus
2494 1683 2678 1740 verbis
2730 1682 3024 1738 conciliare
3060 1682 3368 1749 niteretur;
3403 1681 3577 1736 idem-

1989 1791 2096 1847 que
2126 1792 2252 1832 mox
2285 1778 2424 1833 alius
2443 1776 2666 1842 faceret,
2687 1791 2990 1845 rursusque
3005 1775 3146 1830 alius
3166 1775 3219 1828 id
3248 1785 3576 1841 conaretur;

1989 1879 2152 1941 atque
2177 1871 2250 1926 ita
2280 1886 2494 1941 semper
2515 1869 2772 1925 divinitas
2814 1871 2872 1922 in
2898 1867 3164 1922 absurdas
3191 1876 3370 1923 sectas
3392 1883 3422 1922 a
3449 1884 3580 1922 con-

1987 1965 2281 2019 trariarum
2311 1963 2706 2019 sententiarum
2734 1961 3054 2017 auctoribus
3077 1961 3345 2030 discerpta
3378 1961 3580 2015 ditra-

1983 2058 2264 2127 herentur,
2304 2060 2477 2116 donec
2499 2073 2656 2114 mens
2712 2068 2899 2114 nostra
2957 2056 3102 2112 fessa
3137 2059 3191 2110 in
3245 2057 3575 2112 atheismum

1983 2152 2302 2214 declinaret,
2383 2160 2461 2206 tot
2513 2151 2802 2206 mendacia
2871 2163 3206 2218 erroresque
3270 2150 3576 2204 fastidiens.

1983 2245 2162 2311 Quid?
2206 2244 2401 2301 Nonne
2429 2245 2505 2300 dii
2533 2244 2702 2300 vestri
2745 2243 2890 2314 apud
2932 2242 3226 2298 nonnullos
3255 2243 3473 2313 quidem
3502 2244 3579 2297 ita

1982 2353 2043 2392 se
2103 2338 2304 2393 habent
2365 2345 2425 2393 ut
2478 2352 2576 2393 vos
2643 2337 2849 2401 dicitis,
2905 2338 3046 2407 apud
3078 2338 3215 2391 alios
3248 2352 3378 2391 vero
3404 2335 3577 2390 simia:

1982 2439 2129 2496 sunt,
2155 2439 2210 2486 et
2232 2431 2391 2496 hirci,
2418 2439 2474 2486 et
2497 2430 2632 2494 ibes,
2652 2437 2706 2485 et
2734 2428 3016 2495 crocodili,
3043 2438 3096 2484 et
3131 2428 3288 2494 feles,
3312 2436 3367 2483 et
3397 2429 3580 2498 ipsum

1980 2521 2086 2578 Nili
2113 2523 2399 2588 ﬂuentum,
2422 2532 2476 2578 et
2492 2521 2878 2593 Memphiticus
2903 2522 3056 2592 Apis,
3091 2522 3227 2577 deus
3280 2521 3448 2575 herba
3480 2536 3579 2591 pa-

1981 2624 2101 2674 stus
2129 2630 2182 2674 et
2220 2616 2492 2687 mugiens,
2520 2624 2575 2672 et
2624 2625 2753 2672 ante
2805 2616 3013 2672 obitum
3074 2614 3293 2685 quidem
3324 2615 3580 2683 precibus

1979 2711 2180 2778 cultus,
2239 2719 2362 2781 post
2428 2718 2613 2766 autem
2674 2724 2802 2765 cum
2881 2708 3234 2764 miseratione
3320 2705 3574 2773 deﬂetus,

1981 2803 2123 2858 idem
2171 2819 2329 2860 sacer
2368 2803 2534 2860 simul
2565 2809 2622 2859 et
2649 2810 3121 2872 computrescens,
3163 2808 3453 2870 utramque
3481 2813 3580 2867 pro

1979 2907 2224 2968 tempore
2280 2899 2649 2954 conditionem
2701 2898 2952 2953 sortitus.
3004 2897 3072 2952 Et
3117 2895 3259 2966 apud
3294 2895 3430 2950 alios
3456 2892 3573 2964 qui-

1978 2992 2100 3045 dem
2147 2991 2221 3046 dii
2253 2991 2643 3046 existimantur
2671 2999 2879 3045 naturae
2901 2999 3102 3046 nostra:
3129 2987 3389 3059 praesides
3413 3003 3577 3057 aqua.

1981 3083 2140 3152 ignis,
2185 3085 2335 3154 equi,
2383 3093 2439 3139 et
2499 3083 2730 3139 cicurati
2773 3083 3077 3148 dracones;
3110 3081 3251 3150 apud
3284 3081 3423 3135 alios
3449 3096 3582 3134 vero

279 3166 484 3218 σύσκιον
517 3180 533 3194 °
589 3163 696 3216 καὶ
753 3163 883 3232 παρ’
933 3159 1142 3230 ἑτέροις
1177 3158 1332 3228 μυῖα,
1380 3158 1488 3212 τῶν
1525 3155 1772 3228 ἑντόμων
1818 3157 1876 3210 τὸ

1983 3177 2213 3246 gladius,
2243 3178 2520 3248 arborque
2562 3176 2785 3231 horrida
2811 3185 2865 3231 et
2909 3175 3206 3241 umbrosa;
3255 3174 3396 3243 apud
3441 3173 3583 3228 alios

263 3261 670 3332 κιῶηλότατσν
711 3258 808 3312 καὶ
833 3255 1253 3311 ἀσθενέστατον.
1300 3255 1390 3318 Ὠς
1415 3255 1473 3308 δὲ
1499 3255 1602 3308 κάν
1630 3256 1754 3318 ταῖς
1784 3253 1878 3308 θυ-

265 3357 405 3420 σίαις
455 3351 806 3424 δακρινὲσθέ
853 3367 913 3403 τε
963 3349 1064 3403 καὶ
1109 3348 1490 3403 διαλλάττετεο
1539 3348 1589 3400 οἱ
1635 3346 1736 3418 μὲν
1768 3347 1878 3418 γὰρ

273 3443 753 3518 ἀνδροκτονοῦσιν,
801 3444 852 3497 οἱ
900 3442 958 3496 δὲ
1001 3439 1405 3505 ζωοθυτοῢσιν·
1452 3439 1602 3494 ἄλλοι
1653 3442 1766 3502 τοῖς
1812 3441 1878 3492 ὲκ

277 3540 380 3610 τῆς
417 3538 728 3609 φυομένοις
757 3534 861 3606 τὴν
889 3533 1083 3588 Θυσίαν
1131 3531 1519 3602 ἀφοσιοῦνται*
1565 3530 1663 3585 καὶ
1700 3531 1878 3600 ἕτεροι

277 3635 373 3697 τὰς
397 3637 593 3704 χεῖρας
626 3631 795 3703 μόνον
821 3628 974 3682 ὕδατι
1007 3626 1248 3692 νίζονται
1269 3643 1283 3656 ·
1311 3626 1408 3680 καὶ
1449 3625 1603 3680 ἄλλοι
1625 3622 1687 3678 τδ
1716 3623 1878 3695 σῶμα

276 3726 455 3795 ξίφεσι
497 3724 899 3793 διατέμνοντες
961 3717 1294 3788 θεραπεύειν
1347 3718 1551 3771 οἴονται
1591 3714 1670 3786 τῷ
1703 3716 1877 3788 ἀπορο

281 3819 457 3885 ῥέοντι
497 3817 736 3886 αἵματιο
789 3813 886 3867 καὶ
928 3811 984 3865 τί
1017 3811 1100 3865 δεῖ
1126 3809 1308 3879 λέγειν
1333 3809 1435 3872 τὰς
1475 3808 1747 3878 ἀμίκτους
1786 3807 1880 3861 καὶ

291 3909 690 3978 ὃιεσπασμένας
725 3902 966 3976 ἀριθμοῦ
996 3901 1266 3964 ιπλείονας
1307 3899 1461 3972 παρά
1500 3901 1668 3954 πᾶσιν
1698 3900 1790 3952 ὲπί
1818 3916 1878 3952 τε

304 3997 614 4066 θρησκείαις
647 3997 739 4050 καὶ
773 3997 896 4058 τοῖς
934 3992 1174 4064 θύμασιν
1208 3990 1480 4061 ἰδιότητάς
1522 4006 1583 4042 τε
1635 3989 1730 4043 καὶ
1759 3990 1876 4042 ὲτε-

312 4091 539 4161 ρότητας
567 4107 584 4154 ς

378 4179 474 4232 κδ’.
516 4197 536 4230 ι
573 4179 686 4232 Ἵνα
729 4178 781 4232 δὲ
820 4177 952 4240 τοὺς
993 4176 1094 4247 μὲν
1136 4173 1330 4238 ἄλλους
1378 4171 1646 4245 παρῶμεν
1692 4172 1872 4237 θεοὺς,

290 4275 408 4336 τοῖς
446 4272 501 4326 δὲ
539 4271 692 4344 παρὰ
751 4275 866 4336 τοῖς
907 4269 1181 4331 πλείστοις
1217 4284 1282 4336 γε
1322 4266 1478 4338 ὑμῶν
1526 4265 1879 4336 σεμνοτέροις

282 4364 684 4436 προσθώμεθα,
731 4359 840 4435 ἄρα
895 4360 1078 4424 καλῶς
1115 4361 1182 4415 ἂν
1221 4359 1435 4430 γένοιτο
1467 4357 1621 4412 θύειν
1669 4359 1878 4430 μοιχοῖς

279 4457 426 4522 θεοῖς
464 4459 562 4513 καὶ
589 4459 949 4526 συγγενικαῖς
982 4453 1136 4524 παρά
1175 4453 1238 4507 τὸ
1271 4450 1464 4506 δοκοῦν
1490 4455 1557 4524 τῇ
1591 4451 1752 4522 φύσει
1790 4451 1879 4522 μί-

1981 3285 2172 3325 musca
2224 3270 2558 3325 insectorum
2624 3269 2954 3324 vilissimum
2998 3277 3052 3322 et
3106 3265 3574 3321 inﬁrmissimum.

1979 3361 2108 3418 Item
2153 3362 2552 3419 sacriﬁciorum
2613 3361 2832 3417 diversa
2891 3361 3108 3414 ratione
3166 3358 3408 3414 utimini.
3471 3359 3578 3412 Alii

1979 3458 2124 3511 enim
2162 3457 2415 3512 homines
2452 3454 2760 3519 immolant,
2793 3453 2885 3508 alii
2927 3452 3212 3519 animalia,
3245 3451 3338 3506 alii
3367 3450 3583 3507 frutici-

1981 3548 2086 3604 bus
2137 3558 2280 3606 terra
2343 3549 2483 3605 ortis
2529 3562 2686 3604 sacra
2735 3563 2835 3603 sua
2885 3553 3174 3616 peragunt,
3235 3545 3328 3600 alii
3381 3560 3582 3600 manus

1982 3643 2358 3698 tantummodo
2423 3657 2564 3712 aqua
2619 3641 2872 3706 abluunt,
2897 3639 2989 3694 alii
3021 3654 3255 3708 corpora
3284 3638 3477 3709 gladiis
3499 3638 3583 3691 in-

1981 3735 2225 3790 cidentes
2251 3734 2452 3790 ﬂuente
2482 3731 2752 3804 sanguine
2771 3732 2980 3787 cultum
3005 3730 3266 3785 exhibere
3282 3745 3339 3785 se
3363 3739 3576 3799 putant.

1983 3827 2088 3882 Sed
2122 3828 2253 3897 quid
2287 3827 2469 3883 dicere
2493 3827 2715 3882 interest
2747 3832 2827 3879 tot
2849 3823 3209 3878 abhorrentes
3240 3823 3474 3877 invicem
3525 3833 3581 3878 et

1981 3920 2316 3974 dissidentes
2367 3927 2533 3988 atque
2583 3915 3016 3971 innumerabiles
3085 3930 3183 3984 per
3236 3915 3421 3969 orbcm
3449 3916 3581 3970 reli-

1982 4013 2204 4083 gionum
2255 4021 2309 4066 et
2351 4009 2750 4066 sacriﬁciorum
2805 4007 3014 4077 species
3066 4015 3122 4062 et
3151 4007 3580 4077 discrepantias?

2052 4146 2142 4200 24.
2192 4164 2210 4197 ι
2279 4145 2458 4217 Atque
2510 4157 2572 4202 ut
2626 4147 2764 4202 alios
2822 4146 3142 4201 omittamus
3188 4144 3342 4212 deos,
3375 4155 3427 4200 et
3457 4146 3580 4202 illos

1983 4246 2196 4292 tantum
2247 4239 2340 4308 qui
2387 4240 2530 4310 apud
2565 4238 2860 4308 plerosque
2887 4247 3130 4292 vestrum
3154 4237 3580 4293 venerabiliores

1982 4341 2109 4386 sunt
2169 4347 2684 4396 commemoremus,
2735 4346 2866 4385 num
2917 4338 3064 4385 recte
3131 4330 3576 4387 sacrilicabimus

1982 4425 2247 4482 adulteris
2275 4425 2405 4491 diis,
2451 4434 2509 4481 et
2539 4426 2634 4496 qui
2671 4422 2897 4479 incestis
2928 4432 3127 4492 praeter
3160 4433 3371 4478 natura:
3405 4423 3577 4494 legem

285 4519 417 4616 ξεσι-
458 4519 741 4623 χαίρουσί,
792 4519 1112 4621 θηλυδρίαίς
1149 4562 1211 4598 τε
1267 4546 1365 4599 καὶ
1411 4519 1734 4616 ἡμιάνδροις
1780 4519 1876 4599 παὶ

1983 4521 2194 4592 copulis
2267 4522 2509 4592 gaudent
2562 4520 2819 4593 pathicis,
2858 4519 3154 4585 semiviris,
3179 4527 3236 4574 et
3281 4519 3334 4574 in
3361 4521 3578 4590 gravis-

289 4647 417 4716 πρὸς
446 4645 792 4716 ἀνηκέστους
834 4641 1121 4712 συμφορὰς
1153 4637 1599 4703 ἀποπίπτουσιν;
1638 4637 1876 4700 καὶπῶς

285 4734 350 4786 ἂν
385 4735 498 4804 ἔχοι
539 4733 707 4801 λόγον
755 4730 914 4783 τοῦτό
953 4747 1018 4798 γε
1066 4727 1221 4801 παρά
1267 4729 1382 4791 τοῖς
1411 4726 1778 4797 ἀρτίφροσιν;
1813 4727 1878 4780 Εἰ

291 4827 393 4895 γὰρ
425 4826 527 4878 καὶ
553 4826 744 4895 ἡμεῖς,
777 4824 877 4876 οὐκ
912 4821 1138 4892 οἴδαμεν
1173 4816 1292 4874 ἀνθ’
1328 4820 1476 4881 ὅτου,
1503 4817 1678 4873 ταῦτα
1709 4835 1880 4891 προσ-

281 4921 580 4973 τάσσουσιν
623 4919 756 4988 ὑμῖν
796 4914 1340 4984 ὲξακολουθήσομεν,
1386 4912 1502 4964 ἀλλ’
1555 4911 1875 4982 ἐπαναστή-

268 5030 461 5067 σονται
489 5013 716 5082 ταχέως
747 5011 879 5080 ἡμῖν
901 5009 950 5062 οἱ
978 5007 1157 5078 νόμοι,
1187 5005 1282 5058 καὶ
1299 5002 1753 5073 ἀντιφθέγξονται
1777 5021 1877 5074 με-

255 5105 630 5176 γαλοφώνοις
686 5104 858 5174 βοαῖς,
908 5103 983 5166 ὠς
1039 5101 1088 5153 oi
1130 5099 1218 5152 ἐπ’
1255 5098 1505 5169 αἰσχροῖς
1529 5097 1878 5167 ἐγκλήμασιν

256 5197 650 5266 ἁλισκόμενοι
683 5193 966 5247 κολαστέοι
989 5193 1121 5263 ἡμῖν
1149 5190 1286 5243 εῑσιν
1305 5205 1318 5218 ·
1367 5189 1528 5258 ἡμεῖς
1552 5187 1611 5241 δὲ
1639 5188 1698 5240 τὸ
1721 5187 1878 5240 Θεῖον

258 5287 584 5360 μιμεῖσθαι
631 5285 932 5355 βουλόμεθα
969 5282 1030 5335 τὸ
1074 5281 1295 5353 πρῶτον
1338 5280 1513 5332 αῖτιον
1542 5277 1650 5331 τῶν
1673 5278 1876 5340 καλῶν,

255 5386 433 5454 εἰπερ
483 5379 808 5448 φιλοσοφίας
835 5378 960 5447 ὅρος
1003 5374 1148 5429 κατά
1175 5373 1266 5426 τὸν
1293 5373 1560 5443 ὑμέτερον
1591 5371 1875 5436 Πλάτωνα,

253 5475 552 5545 ὁμοίωσις
581 5469 705 5540 Θεῷ
733 5469 875 5522 κατὰ
899 5468 960 5520 τὸ
988 5467 1211 5520 δυνατὸν
1242 5461 1518 5534 ἀνθρώπῳ
1544 5479 1556 5492 ·
1586 5462 1709 5517 ὃθεν
1735 5464 1880 5534 ἀμή-

259 5584 444 5636 χανον
507 5562 691 5631 ψῆφον
747 5560 1020 5632 αἱρεῖσθαι
1059 5557 1159 5628 τὴν
1201 5554 1513 5619 σώζουσαν·
1565 5555 1877 5625 Ὀποτέρως

257 5661 387 5730 γὰρ
428 5655 730 5726 νεύσομεν,
775 5653 911 5722 πρὸς
953 5651 1182 5705 θάνατον
1223 5646 1659 5718 άποκλινοῦμεν·
1689 5646 1739 5700 εί
1770 5647 1878 5718 γὰρ

259 5755 397 5814 tot;
442 5749 638 5818 νόμοις
669 5745 1002 5816 πεισθῶμεν,
1035 5743 1180 5806 θεοῖς
1204 5741 1265 5795 ού
1297 5739 1754 5812 καλλιερήσομεν,
1782 5739 1878 5803 οὓς

266 5845 410 5899 οὐδὲ
433 5842 597 5906 θεοὺς
634 5838 951 5912 ἡγησόμεθα
977 5852 990 5866 '
1039 5838 1086 5890 εί
1128 5836 1184 5890 δὲ
1221 5835 1356 5907 πρὸς
1390 5834 1512 5897 τοὺς
1553 5834 1705 5898 θεοὺς
1741 5834 1874 5887 ἀπο-

1982 4615 2154 4671 simas
2196 4614 2537 4671 calamitates
2559 4613 2858 4670 deciduis?
2908 4611 3037 4679 Qui,
3099 4611 3348 4682 inquam,
3377 4613 3481 4669 hoc
3507 4615 3580 4667 sit

1981 4709 2246 4765 rationale
2289 4711 2432 4779 apud
2493 4708 2748 4765 homines
2814 4716 2999 4761 mente
3046 4705 3253 4777 integra
3279 4707 3580 4777 praeditos?

1979 4800 2253 4869 Profecto,
2281 4803 2328 4858 si
2351 4818 2454 4858 nos
2497 4801 2693 4873 quavis
2722 4816 2788 4856 ex
2813 4815 3003 4863 causa,
3029 4800 3156 4853 talia
3179 4799 3578 4869 imperantibus

1980 4895 2138 4950 vobis
2191 4911 2401 4951 morem
2459 4910 2799 4966 gereremus,
2850 4893 3038 4948 statim
3091 4903 3484 4965 consurgerent
3511 4911 3577 4950 ex

1980 4987 2214 5044 adverso
2277 4988 2454 5060 leges,
2516 4996 2572 5042 et
2600 4987 2820 5057 magnis
2849 4985 3190 5042 clamoribus
3228 4988 3578 5043 contradice-

1983 5092 2126 5148 rent,
2163 5082 2294 5152 quia
2350 5081 2615 5136 nimirum
2653 5080 2708 5134 hi
2732 5081 2827 5151 qui
2864 5081 2918 5135 in
2957 5081 3213 5150 turpibus
3241 5081 3460 5151 ﬂagitiis
3491 5083 3579 5138 de-

1984 5178 2238 5246 prehensi
2271 5176 2517 5239 fuerunt,
2552 5177 2732 5246 poenis
2766 5176 3053 5232 coercendi
3080 5176 3210 5232 sint.
3252 5173 3365 5231 Nos
3392 5186 3576 5232 autem

1980 5270 2150 5326 Deum
2211 5272 2414 5326 imitari
2471 5272 2748 5336 volumus,
2805 5270 2899 5340 qui
2950 5279 3034 5324 est
3095 5271 3273 5341 prima
3355 5270 3574 5328 honesti

1980 5380 2190 5430 causa;
2259 5363 2530 5433 siquidem
2601 5363 2967 5434 philosolihia:
3039 5371 3372 5433 praeceptum
3452 5375 3572 5428 est,

1975 5457 2133 5526 juxta
2185 5465 2428 5512 vestrum
2482 5455 2790 5523 Platonem,
2822 5465 2882 5510 ut
2907 5455 2979 5511 sit
3025 5456 3256 5522 homini,
3309 5466 3571 5526 quantum

1980 5552 2127 5616 licet,
2171 5551 2478 5605 similitudo
2527 5565 2652 5606 cum
2688 5550 2819 5605 Deo.
2860 5549 3033 5604 Porro
3070 5550 3124 5604 in
3160 5552 3265 5611 hac
3295 5552 3571 5622 ambigui-

1979 5653 2088 5698 tate
2156 5644 2268 5699 ﬁeri
2325 5644 2536 5716 nequit,
2595 5654 2656 5698 ut
2712 5645 3010 5701 salutarem
3036 5645 3206 5700 ullam
3241 5649 3570 5704 sententiam

1978 5737 2303 5810 deligamus.
2368 5736 2506 5793 Nam
2544 5737 2592 5793 si
2632 5737 2844 5807 legibus
2883 5737 3316 5807 obediverimus,
3348 5741 3456 5799 diis
3475 5759 3572 5798 ne.

1979 5847 2253 5904 quaquam
2281 5831 2738 5899 sacriticabimus,
2758 5846 2899 5903 quos
2930 5847 2997 5889 nc
3020 5831 3152 5892 deos
3183 5837 3403 5909 quidem
3427 5837 3571 5910 judi-
