3994 6502
533 345 632 406 511

1658 346 2163 407 CONSTANTINI
2199 347 2510 410 DIACONI
2539 345 2675 413 'CP.

3652 363 3736 427 512

534 457 706 511 nostri
736 462 1008 521 versatur,
1041 456 1151 511 imo
1203 472 1258 511 In
1315 455 1434 511 acie
1475 468 1701 526 pugnat.
1746 459 1987 514 Phalanx
2019 473 2119 512 va-

2234 460 2478 515 Βιάνοιαν·
2513 464 2759 533 ὑπομονῇ
2787 461 2884 533 τὴν
2905 461 3194 516 ἀντίπαλον
3219 463 3458 519 ἔνστασιν
3479 468 3736 542 atumem.

536 546 644 602 lida
667 562 859 603 sumus
887 556 1148 618 tanquam
1170 563 1356 603 murus
1383 548 1854 618 inexpugnabilis;
1881 566 1948 604 ne
1971 559 2116 604 metu

536 639 722 710 aliquo
773 638 1082 694 confertum
1142 649 1423 695 scutorum
1454 640 1674 710 globum
1725 640 2113 697 dissolvamus.

539 729 708 786 Nemo
741 733 946 786 crimen
990 733 1220 786 deserta!
1271 732 1477 786 militia:
1510 734 1774 788 incurrat.
1829 734 2112 804 Spectato-

540 823 692 879 ribus
716 824 943 894 angelis,
981 823 1199 879 Christo
1251 835 1439 879 autem
1496 827 1688 893 agouis
1727 827 1956 896 prteside
2002 827 2118 896 pri-

541 931 740 985 moque
776 927 1010 986 martyre
1033 916 1232 970 luctam
1267 917 1407 970 hanc
1424 917 1791 972 decertamus.
1826 916 1902 972 Ne
1924 919 2120 988 quovis

541 1007 812 1062 incidente
849 1007 1150 1062 infortunio
1212 1009 1651 1078 despondeamus
1697 1012 1964 1078 animum,
2017 1011 2123 1066 scit

540 1100 687 1154 enim
716 1100 987 1163 Christus,
1015 1100 1085 1154 ob
1126 1115 1188 1154 ea
1224 1117 1346 1170 qua:
1373 1101 1490 1169 ipse
1521 1118 1715 1171 passus
1743 1111 1848 1169 est,
1881 1103 1990 1156 vim
2022 1119 2121 1172 pa-

541 1193 802 1246 tientibus
826 1193 1101 1247 auxiliari.
1126 1192 1242 1247 Una
1271 1193 1434 1247 veluti
1459 1195 1640 1248 anima
1678 1196 1837 1250 nobis
1866 1196 2122 1252 omnibus

540 1283 933 1350 conformetur,
976 1285 1078 1340 etsi
1133 1285 1374 1340 externis
1403 1287 1680 1342 coloribus
1711 1287 2119 1358 discrepamus;

542 1392 667 1430 nam
700 1385 754 1430 et
786 1376 838 1430 in
873 1392 980 1430 uno
1014 1376 1218 1446 Spiritu
1249 1392 1438 1432 omnes
1473 1394 1574 1433 nos
1615 1379 1769 1448 quasi
1801 1395 1968 1434 unum
2001 1395 2124 1435 cor-

550 1484 653 1537 pus
685 1468 944 1538 baptizati
1004 1468 1207 1524 fuimus
1244 1487 1256 1522 :
1292 1481 1690 1525 commutemus
1748 1471 1978 1525 invicetn
2024 1487 2126 1526 na-

545 1569 747 1625 turam,
796 1561 1155 1630 proprietates
1190 1560 1312 1616 licet
1345 1563 1579 1632 quisque
1635 1579 1766 1617 suas
1803 1563 2124 1630 retinentes,

546 1663 606 1709 ut
631 1669 817 1724 parem
847 1656 1052 1724 praemii
1084 1656 1498 1711 retributionem
1527 1672 1934 1728 consequamur
1967 1677 1978 1712 :
2007 1674 2128 1714 mas

2221 569 2340 621 μεν·
2380 555 2454 624 μὴ
2483 554 2770 626 προδῷμεν
2817 554 2909 607 τὸν
2954 555 3200 626 ἡγεμόνα
3231 555 3360 608 Θεὸν
3415 560 3566 626 μέσον
3611 566 3734 633 ἡμῶν

2218 645 2546 715 ταττόμενόν
2601 664 2661 700 τε
2718 645 2814 700 καὶ
2870 645 3305 716 προμαχόμενον.
3357 648 3562 716 eam
3606 654 3734 724 ἐσμὲν

2221 737 2466 806 καρτερά
2505 737 2756 808 καθάπερ
2793 739 2970 808 τεῖχος
3013 737 3302 791 ἀνάλωτον·
3351 739 3424 808 μὴ
3473 739 3624 812 δειλίᾳ
3667 748 3731 799 τὸν

2221 829 2563 900 συναπισμδν
2591 829 2954 900 διαλύσωμεν·
2991 828 3178 900 μηδεὶς
3202 829 3536 895 λειποταξίου
3567 840 3723 908 γραφὴν

2221 920 2614 992 ἀπενέγκηται·
2671 921 2777 974 ὑπὸ
2824 921 3044 984 θεαταῖς
3089 921 3338 990 ἀγγέλοις
3392 922 3484 974 καὶ
3529 924 3711 1000 ἀθλοθέτῃ

2222 1014 2443 1086 Χριστῷ
2490 1014 2568 1084 τῷ
2602 1013 2805 1086 πρώτῳ
2849 1015 3086 1085 μάρτυρι
3126 1015 3216 1067 τὸν
3251 1014 3554 1084 τηλικοῦτον
3595 1018 3716 1085 ἀγῶνι

2225 1107 2547 1178 ποιούμεθα.
2582 1107 2677 1176 Μὴ
2699 1105 3013 1176 έκλυθῶμεν
3049 1105 3186 1175 πρὸς
3205 1106 3276 1158 τά
3305 1107 3589 1176 πράγματα
3613 1127 3723 1179 προσ

2225 1198 2513 1261 πίπτοντα,
2553 1197 2649 1251 καὶ
2675 1197 2784 1268 γὰρ
2811 1193 2950 1250 οἶδεν
2983 1191 3066 1259 οἷς
3106 1197 3376 1250 πέπονθεν
3403 1200 3510 1260 τοῖς
3535 1203 3729 1272 πειραζο-

2228 1290 2409 1361 μένοις
2431 1292 2763 1360 ὲπικουρεῖν·
2795 1289 2892 1361 μία
2923 1288 3068 1359 ψυχὴ
3107 1287 3422 1358 μορφωθείη
3457 1291 3604 1342 πᾶσιν
3624 1293 3732 1361 ὑμῖν,

2225 1385 2275 1436 εί
2316 1383 2410 1436 καὶ
2448 1384 2560 1444 τοῖς
2586 1380 2787 1444 ἔξωθεν
2808 1380 3061 1451 χρώμασι
3083 1379 3453 1450 διαιρούμεθα·
3491 1381 3574 1433 καὶ
3591 1383 3676 1453 γὰρ
3696 1386 3736 1436 ὲν

2227 1473 2307 1526 ἑνὶ
2339 1471 2619 1542 Πνεύματι
2662 1473 2824 1542 ἡμεῖς
2853 1473 3054 1534 πάντες
3086 1471 3165 1534 είς
3197 1471 3255 1522 ἓν
3293 1471 3446 1540 σῶμα
3474 1471 3737 1543 ἐϐαπτίσθη

2229 1583 2350 1637 μεν·
2385 1565 2706 1635 ἀμείψωμεν
2736 1564 2984 1634 ἀλλήλοις
3013 1564 3111 1636 τὴν
3145 1563 3329 1634 φύσιν,
3354 1567 3408 1617 ὲν
3441 1567 3542 1628 τοῖς
3573 1567 3739 1630 οἰκείοις

2232 1657 2483 1728 μένοντες
2513 1656 2819 1728 ἰδιώμασιν,
2843 1657 2910 1710 ἵν’
2932 1657 3212 1727 ὁμοτίμως
3241 1657 3370 1727 ἡμῖν
3393 1657 3588 1728 ὑπάρξῃ
3605 1662 3740 1728 τυχεῖν

546 1747 764 1816 quidem
815 1749 885 1804 sit
924 1748 1098 1804 instar
1126 1747 1363 1813 feminae,
1415 1750 1562 1819 quod
1595 1752 1788 1806 attinet
1830 1751 1895 1806 ad
1946 1751 2127 1806 since-

2234 1749 2329 1814 τῆς
2357 1748 2465 1802 τῶν
2495 1747 2711 1817 ἀγαθῶν
2738 1748 3076 1812 ἀντιδόσεως·
3107 1747 3251 1800 ἔστω
3275 1747 3335 1800 τὸ
3363 1748 3520 1819 ἀρῤεν
3544 1752 3623 1802 καί
3645 1751 3742 1821 θῆλυ

547 1856 663 1895 ram
697 1841 895 1896 divinae
925 1841 1205 1911 religionis
1247 1843 1552 1910 culturam;
1588 1843 1790 1899 femina
1825 1853 2006 1899 autem
2028 1859 2129 1900 ceu

547 1933 723 1986 virum
757 1949 816 1988 se
839 1943 988 2004 gerat
1021 1936 1330 1990 constantia
1370 1951 1434 1990 ac
1463 1937 1789 1992 strenuitate
1839 1937 2131 1992 adversum

551 2041 639 2080 res
675 2041 897 2094 asperas
923 2025 1168 2096 :juvenis
1202 2029 1436 2084 senioris
1459 2041 1673 2084 maturo
1696 2046 1860 2085 sensu
1906 2045 1966 2086 se
2011 2046 2134 2084 mu-

550 2119 686 2180 niat,
719 2118 902 2172 senior
923 2120 1108 2190 vigore
1142 2121 1410 2190 propositi
1436 2122 1780 2192 juvenescat.
1822 2123 1978 2178 Alius
2027 2123 2134 2177 alio

549 2211 714 2265 vilior
741 2226 901 2266 nemo
931 2213 1198 2268 videatur.
1234 2215 1348 2270 Etsi
1400 2215 1547 2269 enim
1601 2215 1700 2270 luti
1747 2215 1966 2271 fluentis
1993 2215 2135 2270 alius

551 2307 623 2357 ab
657 2304 764 2357 alio
794 2303 1118 2371 differimus,
1152 2307 1349 2376 opibus
1382 2307 1667 2372 nimirum,
1715 2309 2000 2363 nobilitate
2047 2323 2138 2379 ge-

553 2396 719 2460 neris,
748 2404 801 2450 et
830 2396 1110 2466 dignitatis
1149 2399 1508 2462 ornamentis,
1540 2401 1702 2456 sicuti
1733 2402 1876 2456 inter
1921 2416 1980 2456 se
2029 2399 2136 2454 dif-

554 2487 737 2543 ferunt
795 2506 1010 2558 aurum,
1057 2499 1366 2562 argentum,
1403 2492 1592 2562 pelles,
1623 2492 1798 2546 cilicia
1825 2502 1880 2546 et
1910 2501 2135 2562 tapetes,

554 2592 790 2636 attamen
815 2599 1007 2639 omnes
1033 2599 1134 2639 nos
1164 2585 1218 2636 in
1246 2599 1416 2637 unum
1445 2599 1664 2639 sacrum
1693 2585 1982 2638 donarium
2011 2599 2139 2639 coa-

553 2675 778 2741 luimus,
819 2684 1402 2744 omnesquetanquam
1449 2690 1618 2730 unum
1648 2675 2141 2731 electionistaber—

557 2766 836 2828 naculum,
893 2767 976 2822 vel
1035 2782 1158 2821 arca
1207 2767 1540 2833 securitatis,
1595 2767 1849 2846 fabricati
1907 2767 2138 2833 fuimus,

557 2875 755 2914 nomen
789 2862 933 2928 quod
955 2867 1039 2914 est
1061 2875 1225 2929 super
1251 2875 1414 2916 omne
1447 2875 1648 2916 nomen
1686 2875 1867 2916 coram
1892 2861 2142 2933 gentibus

559 2961 725 3022 atque
756 2953 975 3022 regibus
1007 2961 1226 3023 portare
1264 2951 1558 3022 dignanter
1586 2953 1785 3009 sortiti.

628 3045 716 3100 29.
765 3065 783 3096 ‹
811 3044 1055 3102 Gemitus
1091 3061 1155 3101 ac
1200 3059 1466 3101 maerores
1513 3045 1845 3118 voluptatem
1889 3045 2144 3117 progeni-

2230 1843 2296 1911 τῇ
2345 1841 2774 1910 ἀπανουργεύτῳ
2827 1841 2964 1912 πρὸς
3007 1839 3067 1892 τὸ
3123 1839 3268 1892 θεῖον
3317 1839 3470 1902 σέϐας
3519 1841 3742 1911 ἁπλότητι,

2232 1933 2327 1986 καὶ
2374 1932 2436 1986 τὸ
2477 1932 2613 2003 θῆλυ
2653 1932 2952 2004 ἀνδρωθείη
2983 1935 3049 2004 τῇ
3081 1932 3222 2003 πρὸς
3254 1931 3324 1986 τά
3353 1933 3494 1986 δεινά
3538 1936 3746 2004 καρτερία

2233 2024 2329 2077 καὶ
2355 2024 2713 2095 γενναιότητι·
2751 2027 2780 2078 6
2808 2025 2950 2089 νέος,
2978 2027 3237 2096 φρόνημα
3269 2024 3607 2095 πρεσϐυτικὸν
3635 2042 3748 2094 περι-

2235 2114 2521 2180 ζωσάσθω,
2555 2119 2648 2170 καὶ
2677 2117 2707 2168 6
2740 2117 2970 2187 γηραιὸς
3024 2114 3328 2184 ἀκμαζέτω
3370 2118 3434 2185 τῇ
3471 2117 3744 2186 προαιρέσει·

2236 2209 2329 2262 καὶ
2361 2209 2550 2280 μηδεὶς
2587 2209 2774 2278 ἕτερος
2810 2208 3041 2278 θατέρου
3076 2207 3627 2278 σμικροπρεπέστερον
3662 2209 3747 2259 ὲπι-

2235 2299 2493 2372 δείξηται·
2527 2301 2589 2354 Εἰ
2617 2301 2724 2372 γάρ
2748 2303 2857 2364 τοῖς
2887 2300 2978 2354 τοῦ
3019 2299 3196 2373 πηλοῦ
3234 2301 3492 2371 ῥεύμασιν
3530 2299 3660 2361 ἄλλος
3681 2299 3746 2353 ἄλ-

2237 2393 2332 2446 λου
2371 2394 2779 2464 διενηνόχαμεν,
2841 2393 3058 2464 πλούτῳ
3111 2394 3209 2447 καὶ
3263 2393 3406 2462 γένει
3451 2394 3538 2446 καὶ
3561 2395 3651 2454 τοῖς
3673 2391 3753 2444 τῶν

2239 2486 2422 2557 ἀρχῶν
2457 2487 2784 2558 ἀξιώμασιν,
2825 2486 3014 2558 ῶσπερ
3051 2487 3256 2558 χρυσὸς
3297 2485 3389 2540 καὶ
3431 2485 3656 2557 ἄργυρος,
3683 2486 3746 2536 καὶ

2239 2578 2476 2650 δέρῥεις,
2509 2580 2606 2634 καὶ
2651 2579 2858 2651 τρίχες,
2892 2579 2988 2632 καὶ⁹
3027 2577 3279 2649 ὕφασμα,
3330 2579 3441 2632 ἀλλ’
3482 2573 3564 2630 οὖν
3601 2577 3744 2638 πάντες

2239 2670 2403 2739 ἡμεῖς
2427 2669 2506 2732 είς
2533 2669 2678 2739 ίερδν
2703 2669 2957 2740 ἀνάθημα
2991 2668 3470 2740 συνηρμόσθημεν,
3497 2667 3580 2720 καὶ
3604 2667 3746 2724 πάντες

2242 2762 2317 2825 ὡς
2344 2762 2574 2832 ἐκλογῆς
2619 2763 2717 2832 μία
2750 2764 2922 2835 σκηνὴ
2959 2765 3054 2817 καὶ
3084 2763 3317 2825 κιϐωτὸς
3350 2761 3531 2824 ἄσυλος
3569 2761 3746 2828 69:10:5-

2243 2853 2544 2925 χνήθημεν,
2573 2853 2635 2907 τὸ
2675 2855 2845 2925 ὄνομα
2881 2855 2942 2908 τὸ
2981 2855 3121 2926 ὑπὲρ
3165 2855 3273 2908 πᾶν
3320 2853 3484 2924 δνομα
3529 2852 3745 2923 βαστάζειν

2244 2942 2571 3009 ἀξιωθέντες
2591 2943 2822 2997 ἐνώπιον
2853 2944 3022 2998 ὲθνῶν
3054 2962 3114 2998 τε
3151 2944 3247 2999 καὶ
3281 2944 3548 3015 βασιλέων.

2317 3037 2420 3091 κθ’.
2453 3057 2471 3090 ι
2500 3039 2804 3110 Στεναγμοὶ
2833 3040 2928 3093 καὶ
2960 3039 3134 3094 λύπαι
3173 3041 3274 3109 τὴν
3303 3040 3359 3092 ὲν
3385 3036 3657 3108 παραδείσῳ
3674 3033 3742 3086 τῶν

559 3147 742 3193 torum
775 3137 828 3192 in
875 3138 1130 3208 paradiso
1161 3139 1438 3194 subsecuti
1474 3147 1603 3195 sunt
1634 3159 1646 3194 :
1674 3139 1921 3194 ordinem
1945 3139 2143 3193 immu-

2250 3130 2532 3200 προγόνων
2565 3131 2758 3202 ἡδονὴν
2789 3130 3109 3198 διεδέξαντο·
3145 3131 3248 3202 τὴν
3272 3129 3422 3195 τάξιν
3450 3127 3736 3199 μεταποιήσο-

562 3239 758 3294 temus,
786 3230 1008 3285 delicias
1041 3229 1320 3287 laboribus
1358 3230 1731 3300 acquiramus,
1771 3245 1886 3284 rem
1923 3245 2143 3284 mansu-

2252 3239 2372 3292 μεν,
2404 3222 2617 3293 τρυφὴν
2652 3227 2766 3286 τοῖς
2791 3223 2972 3286 πόνοις
3000 3223 3344 3294 κτησόμεθα,
3370 3227 3478 3284 τοῖς
3513 3217 3728 3285 ὀλλυμένας

561 3336 677 3374 ram
713 3334 770 3374 re
821 3320 1080 3389 peritura.
1131 3319 1304 3376 Nemo
1345 3330 1702 3392 cognatorum
1757 3335 1998 3375 amorem
2051 3318 2146 3374 Dei

562 3411 738 3465 amori
776 3411 1079 3465 anteferat:
1107 3427 1176 3466 ne
1215 3411 1430 3467 animos
1456 3410 1809 3467 demittanlus
1843 3409 1986 3465 circa
2044 3411 2148 3464 hu-

565 3503 720 3556 miles
766 3511 1122 3571 terrenasque
1163 3502 1374 3572 species
1411 3519 1423 3555 :
1465 3501 1995 3572 consanguineorum
2035 3501 2148 3554 olli-

565 3591 650 3644 cia
700 3592 929 3646 invicem
983 3592 1392 3662 impertiamur;
1429 3592 1573 3647 illius
1613 3593 1684 3647 sit
1735 3593 1857 3648 loco
1909 3594 2150 3664 parentis

565 3685 793 3753 genitori
851 3699 972 3748 suo,
1023 3692 1176 3753 pater
1210 3693 1390 3739 autem
1436 3695 1588 3756 gerat
1617 3700 1674 3739 se
1706 3692 1965 3754 tanquam
2011 3686 2152 3742 ﬁlius

565 3791 692 3845 erga
735 3783 919 3829 natum
950 3791 1146 3843 suum;
1184 3777 1276 3831 ille
1319 3777 1540 3847 quidem
1589 3777 1758 3831 animi
1793 3777 2010 3845 affectu,
2064 3779 2153 3834 hic

567 3875 748 3919 autem
793 3865 846 3919 in
882 3882 945 3920 eo
992 3867 1140 3936 quod
1187 3868 1411 3938 prodest
1459 3866 1765 3924 obedientia
1796 3887 1809 3923 :
1844 3871 2152 3926 communis

568 3955 640 4010 sit
673 3954 754 4008 lex
783 3955 1158 4025 suhjectionis,
1191 3965 1245 4010 et
1279 3958 1660 4027 unusquisque
1693 3967 1940 4014 nostrum
1969 3960 2154 4028 pretii-

568 4063 659 4103 mo
695 4063 796 4103 suo
829 4049 1039 4118 placeat
1070 4049 1123 4103 in
1175 4051 1320 4106 bono
1346 4051 1412 4106 ad
1448 4051 1865 4107 mdiﬁcationem
1896 4071 1909 4107 :
1935 4061 1987 4107 et
2013 4053 2154 4108 alius

568 4140 788 4210 quidem
816 4132 992 4195 verbis
1017 4152 1236 4197 moneat
1256 4143 1510 4212 viamque
1524 4145 1876 4209 demonstret,
1896 4144 2034 4200 alius
2056 4161 2154 4200 au-

571 4241 677 4286 tem
700 4246 862 4301 opere
879 4231 1080 4286 bonum
1102 4234 1341 4302 praebeat
1356 4235 1662 4305 exemplum
1683 4255 1696 4290 :
1717 4235 2003 4305 cunctique
2021 4237 2157 4290 invi-

571 4339 689 4379 cem
725 4325 957 4393 spiritali
1005 4341 1220 4380 morum
1265 4326 1453 4381 habitu
1491 4328 1830 4398 corporalem
1866 4327 2152 4382 utilitatem

569 4415 838 4486 proximis
886 4417 1316 4486 suppeditemus.
1366 4417 1568 4474 Christi
1623 4418 1830 4475 retibus
1878 4420 1931 4474 in
1969 4434 2157 4474 amaro

573 4510 701 4564 vitae
736 4509 898 4578 hujus
931 4509 1122 4579 pelago
1174 4511 1317 4580 capti
1355 4509 1604 4578 fuimus;
1660 4528 1730 4567 ne
1769 4511 2055 4582 ejiciamur
2099 4517 2162 4564 ut

573 4602 798 4656 inutiles
831 4610 885 4655 et
931 4602 1064 4656 viles
1087 4617 1116 4656 e
1145 4603 1356 4673 laqueis
1385 4604 1712 4674 palpitantes
1742 4621 1806 4660 ac
1833 4604 2157 4668 dilabentes,

577 4705 738 4761 atque
761 4693 827 4747 ad
903 4694 1274 4750 turbulentam
1341 4704 1396 4750 et
1428 4697 1629 4751 salsam
1694 4697 1895 4767 prioris
1945 4696 2164 4751 lascivae

576 4783 1015 4839 conversationis
1037 4785 1203 4839 vitam
1238 4784 1420 4841 denuo
1455 4787 1839 4854 revolvamur;
1882 4801 2070 4841 verum
2108 4785 2163 4839 in

575 4890 638 4928 ea
667 4891 772 4944 qua
809 4875 951 4944 capti
983 4890 1176 4932 sumus
1207 4892 1408 4947 sagena
1433 4879 1752 4944 moriamur,
1785 4887 1848 4934 ut
1874 4879 1928 4932 in
1957 4877 2155 4932 divinis
2190 4906 2233 4961 ο

576 4970 748 5032 vasis,
776 4975 939 5036 prout
967 4968 1166 5024 dicitur
1195 4971 1248 5024 in
1279 4969 1592 5041 Evangelio,
1615 4970 1970 5027 conservandi
1996 4985 2159 5040 repo-

578 5074 798 5113 namur.
836 5057 954 5114 Jam
992 5069 1348 5131 tyrannorum
1395 5069 1667 5117 tormenta
1699 5061 1833 5116 nihil
1865 5063 2009 5117 aliud
2041 5077 2163 5118 esse

577 5162 832 5223 putemus
855 5168 1019 5222 quam
1056 5153 1418 5208 instrumenta
1470 5153 1541 5209 ad
1589 5153 1909 5208 morborum
1947 5163 2161 5209 nostro—

578 5251 700 5288 rum
752 5235 1137 5291 curationem:
1179 5236 1405 5291 verbera
1456 5245 1724 5291 tumorem
1781 5236 2163 5292 lnobedientia:

577 5326 912 5395 deprimunt,
945 5335 1000 5382 et
1028 5328 1334 5397 putredinis
1368 5341 1596 5385 cruores
1624 5328 1985 5399 abstergunt:
2017 5328 2161 5399 ignis

579 5425 821 5472 arentem
862 5419 1400 5475 malitias-materiem
1447 5419 1721 5486 absumit,
1754 5435 2070 5490 corpusque
2104 5419 2161 5474 in

580 5507 858 5575 pulverem
893 5508 1087 5579 redigit
1108 5508 1365 5565 diviniori
1394 5525 1518 5566 mox
1547 5511 1929 5566 instaurationi
1957 5511 2166 5582 glorias-

581 5613 689 5667 que
711 5599 1008 5668 aptandum
1042 5619 1056 5656 :
1089 5601 1303 5672 gladius
1345 5603 1703 5673 cupiditatum
1737 5603 2011 5658 luxuriam
2041 5618 2164 5657 am-

584 5697 756 5758 putet,
804 5697 858 5745 et
906 5693 1176 5762 superbiae
1214 5694 1632 5751 redundantiam
1683 5705 1948 5754 evacuet:
1983 5713 2162 5767 ungu-

597 5780 772 5835 larum
803 5783 1080 5853 acumina,
1113 5795 1371 5856 tanquam
1397 5788 1452 5844 iu
1506 5804 1657 5847 amco
1690 5790 1846 5858 signo
1910 5805 2163 5859 aspersas

2248 3311 2346 3383 τὴν
2375 3312 2664 3382 μένουσαν.
2700 3313 2907 3384 Μηδεὶς
2961 3313 3189 3384 φίλτρον
3240 3311 3512 3382 συγγενῶν
3543 3307 3613 3364 τοῦ
3635 3304 3723 3358 θείου

2250 3404 2598 3477 προκρίνειεν
2631 3404 2851 3476 ἔρωτος·
2885 3404 2960 3476 μὴ
2989 3405 3417 3476 μαλακισθῶμεν
3445 3402 3562 3474 περὶ
3585 3397 3651 3459 τὰς
3670 3393 3731 3447 κά-

2247 3515 2326 3551 τω
2360 3497 2573 3567 σχέσεις
2602 3497 2697 3550 καὶ
2719 3496 2996 3558 ταπεινάς·
3022 3495 3092 3550 τά
3119 3495 3223 3566 τῆς
3247 3493 3548 3566 ἀγχιστείας
3570 3485 3736 3556 ἀλλήλοις

2251 3589 2766 3662 ἀντιπαράσχωμεν,
2799 3589 2892 3642 καὶ
2933 3588 3048 3649 υἱὸς
3089 3589 3278 3660 πατὴρ
3315 3586 3541 3657 γενέσθω
3577 3581 3646 3635 τοῦ
3675 3575 3736 3644 οὐ·

2255 3698 2467 3746 σαντος,
2502 3682 2595 3735 καὶ
2623 3683 2651 3735 6
2677 3679 2850 3736 τεκὼν
2879 3681 2957 3752 τῷ
2999 3681 3153 3735 παιδὶ
3197 3681 3505 3751 τεκνωθείη·
3533 3679 3558 3730 6
3601 3673 3669 3746 μὶν
3695 3670 3735 3736 τῇ

2251 3774 2508 3839 διαθέσει,
2545 3776 2574 3827 6
2605 3773 2661 3827 δὲ
2693 3776 2759 3845 τῇ
2796 3773 2934 3846 πρὸς
2964 3774 3027 3827 τὸ
3051 3774 3333 3838 λυσιτελὲς
3357 3760 3732 3856 εὐπειθείᾳ-βινεξ

2252 3864 2351 3932 τῆς
2389 3863 2668 3932 ὑποταγῆς
2695 3863 2860 3932 νόμος
2892 3861 3032 3916 ἔστω
3062 3863 3262 3928 κοινός·
3302 3864 3520 3921 ἕκαστος
3550 3854 3670 3926 ἡμῶν
3695 3854 3741 3913 ii?

2254 3951 2484 4023 πλησίον
2509 3953 2789 4023 ἀρεσκέτω
2814 3954 2891 4015 είς
2922 3951 2983 4005 τὸ
3002 3951 3211 4020 ἀγαθὸν
3243 3953 3378 4025 πρὸς
3404 3946 3666 4017 οἰκοδομήν·
3688 3937 3746 3992 καὶ

2253 4043 2283 4095 6
2315 4042 2412 4114 μὲν
2443 4043 2760 4096 νουθετείτω
2806 4044 2948 4115 λόγῳ
2978 4045 3073 4098 καὶ
3103 4045 3388 4117 ὁδηγείτω,
3428 4043 3454 4094 ὁ
3480 4041 3531 4095 δὲ
3555 4037 3618 4108 τῷ
3653 4033 3749 4102 ἔργῳ

2257 4135 2420 4188 καλὸν
2463 4135 2773 4206 προκείσθω
2813 4135 3142 4206 ὑπόδειγμα·
3177 4137 3270 4191 καὶ
3305 4136 3497 4197 πάντες
3535 4124 3750 4200 ἀμοιϐαδὸν

2255 4227 2320 4295 τῇ
2367 4227 2709 4296 πνευματικῇ
2767 4227 3100 4280 καταστάσει
3141 4227 3244 4298 τὴν
3272 4222 3569 4296 σωματικὴν
3596 4212 3750 4285 ὀφειλὴν

2255 4317 2368 4379 τοῖς
2396 4315 2569 4379 πέλας
2589 4315 2998 4388 ἀνταποδῶμεν.
3026 4317 3266 4388 Χριστοῦ
3291 4315 3516 4378 δικτύοις
3535 4302 3752 4376 ὲσαγηνεύ·

2257 4408 2432 4479 θημεν
2475 4410 2533 4462 ὲν
2577 4411 2644 4480 τῇ
2677 4411 2848 4482 πικρᾷ
2876 4408 2968 4463 τοῦ
3005 4409 3121 4481 βίου
3159 4410 3417 4481 θαλάσσῃ,
3444 4407 3512 4478 μὴ
3551 4393 3752 4467 ἐκϐληθῶ-

2259 4515 2358 4570 μεν
2387 4499 2463 4562 ὡς
2499 4499 2762 4570 ἄχρηστοί
2787 4517 2849 4554 τε
2883 4499 2978 4554 καὶ
3010 4500 3250 4565 εὐτελεῖς
3277 4502 3340 4553 ὲκ
3368 4498 3460 4568 τῆς
3480 4495 3631 4563 ἄγρας
3659 4487 3751 4538 ἀπο·

2259 4589 2576 4660 σκαίροντες
2611 4590 2704 4644 καὶ
2733 4589 3207 4657 διολισθαίνοντες,
3242 4590 3336 4644 καὶ
3362 4587 3490 4658 πρὸς
3521 4583 3604 4653 τὴν
3631 4576 3754 4642 illi“

2260 4683 2358 4756 ράν
2383 4683 2477 4738 καὶ
2506 4683 2705 4738 ἄποτον
2736 4683 2900 4738 πάλιν
2926 4684 3027 4755 τῆς
3056 4683 3296 4746 παλαιᾶς
3327 4699 3384 4734 τε
3413 4679 3499 4732 καὶ
3524 4668 3757 4743 κεχυμὲνης

2259 4775 2484 4846 ἀγωγῆς
2516 4775 2660 4846 ζωὴν
2689 4775 3104 4847 κατα-πέσωμεν.
3152 4775 3268 4829 ἀλλ’
3313 4771 3415 4826 ὑπὸ
3453 4769 3548 4855 τὴν
3579 4759 3755 4855 σαγή-(ην

2261 4865 2360 4934 τὴν
2392 4863 2744 4936 ἀγρεύσασαν
2774 4863 3157 4933 ἀποθάνωμεν,
3191 4863 3258 4915 ἵν’
3290 4863 3345 4914 ὲν
3383 4861 3490 4921 τοῖς
3533 4851 3668 4944 θείοις
3691 4851 3758 4944 ἀγ·

2261 4954 2428 5024 γείοις
2447 4953 2818 5024 εύαγγελικῶς
2846 4954 3199 5025 ἀποτεθῶμεν
3233 4955 3311 5017 είς
3341 4953 3569 5021 τήρησιν.
3597 4940 3661 4994 Τὰ
3683 4940 3758 4987 τῶν

2257 5048 2538 5118 τυράννων
2580 5047 2976 5119 βασανιστήρια
3004 5048 3101 5117 μὴ,
3130 5047 3258 5102 ἄλλο
3285 5063 3335 5099 τι
3376 5031 3662 5112 οἰηθῶμενῆ
3691 5026 3755 5094 59‘

2258 5157 2400 5211 γανα
2423 5140 2534 5193 τῶν
2563 5139 2847 5211 ἡμετέρων
2869 5139 3200 5232 ἀρρωστιῶν
3221 5135 3532 5232 ἀμυντήρια·
3555 5129 3598 5180 αἱ

2259 5250 2355 5302 γες
2382 5232 2482 5303 τὴν
2503 5232 2814 5303 φλεγμονὴν
2842 5233 2942 5302 τῆς
2971 5231 3253 5302 παρακοῆς
3279 5224 3670 5313 ὲκλεπτύνουσιν,
3692 5224 3757 5313 κεσι

2259 5325 2386 5386 τοὺς
2437 5322 2640 5394 ἰχῶρας
2683 5322 2783 5393 τῆς
2828 5321 3035 5395 φθορᾶς
3077 5321 3458 5391 ἀποιῖκήχουσιν·
3486 5312 3540 5366 τὸ
3577 5306 3756 5403 “If-79.751"

2262 5413 2594 5485 φρυγανώδη
2626 5414 2726 5484 τῆς
2755 5415 2955 5480 κακίας
2981 5413 3112 5485 ῦλην
3138 5411 3427 5480 ὲκδαπανᾷ,
3460 5405 3543 5459 καὶ
3567 5399 3616 5451 τὸ
3641 5399 3755 5456 ad)?“

2262 5506 2389 5579 χοῦν
2417 5505 2789 5577 ἀπεργάζεται
2815 5507 2950 5578 πρὸς
2975 5504 3367 5575 θεοειδεστέραν
3394 5485 3753 5579 ἀναστοιχείξνπθ

2263 5574 2544 5665 καὶδόξαν
2570 5574 3043 5672 εὐτρεπιζόμενον·
3072 5599 3133 5653 τὸ
3183 5596 3332 5666 ξίφος
3384 5582 3615 5683 τμητικδΪ

2262 5694 2358 5748 τοῦ
2384 5693 2493 5747 τῶν
2521 5693 2710 5748 παθῶν
2741 5693 3174 5766 περιττώματος,
3205 5689 3296 5743 καὶ
3317 5687 3409 5757 τὴν
3445 5683 3503 5734 ἐκ
3528 5692 3606 5729 του
3629 5666 3751 5766 κάρξυ

2275 5785 2567 5860 πληθώραν
2597 5751 2967 5844 ἀποκενούτω·
2986 5751 3055 5843 ἀἱ
3213 5751 3409 5852 ὀνύχων
3434 5845 3446 5852 ⁹
3464 5773 3613 5840 ἀκμαι
3650 5751 3745 5812 καθ·
