3994 6432
243 376 314 443 513
1251 376 1635 438 LAUDATIO
1685 381 2000 442 OMNIUM
2051 388 2480 451 MARTYRUM
2490 438 2502 448 .

3409 394 3514 460 5M

245 495 360 557 ἀπιρ
381 485 712 556 ἀνδριάντος
773 486 977 558 χαλκοῦ
1027 488 1120 544 τὸν
1171 491 1538 561 προστεθέντα
1599 493 1686 547 διὰ
1731 495 1821 565 τῆς

1934 513 1962 551 a
1989 511 2214 568 peccato
2255 504 2447 560 sordes
2482 503 2641 559 nobis
2691 503 3036 571 abradentia,
3088 507 3514 579 splendidiorem

248 579 482 649 ἁμαρτίας
520 575 710 646 ῥύπον
744 579 878 648 ἡμῖν
925 579 1276 646 ἀποξέουσαι,
1305 580 1698 653 διαυγεστέραν
1727 583 1824 636 καὶ

239 671 521 743 χρτιπφανῆ
557 668 678 742 τὴν
702 670 896 724 εἰκόνα
921 673 1444 727 κατασκευάσουσιν.

280 763 328 815 λ’.
362 780 384 814 ι
411 760 532 814 Καὶ
559 762 621 814 τί
646 761 735 814 δεῖ
773 762 952 817 πάντα
977 763 1197 833 λέγειν;
1241 765 1388 837 πόνῳ
1432 765 1592 819 πόνον
1621 766 1824 820 ἀνέλω-

223 868 314 922 μεν,
345 851 428 920 τῷ
459 850 713 921 παρόντι
746 851 839 904 τὸν
878 851 1162 922 μέλλοντω
1198 853 1294 907 καὶ
1323 853 1471 925 ζωὴν
1505 852 1653 924 ζωῆς
1691 871 1827 926 προ-

216 943 552 1011 τιμήσωμεν·
586 941 697 1013 τῆς
727 944 1072 1014 προσκαίρου
1101 944 1200 1016 τὴν
1224 943 1602 1016 ἀτελεύτητον,
1637 946 1704 1018 ἢν
1725 946 1824 1000 οὐκ

214 1036 266 1088 ἂν
288 1051 372 1097 τις
415 1035 644 1104 ἑτέρως
690 1033 1016 1106 ἀλλάξηται,
1069 1035 1144 1107 μὴ
1179 1037 1278 1108 τὴν
1332 1037 1432 1108 μὲν
1474 1038 1822 1110 προϊέμενος,

219 1128 299 1196 τῆς
331 1126 389 1179 δὲ
414 1125 747 1194 ἐφιέμενος
779 1126 832 1178 τί
862 1128 937 1197 μὴ
972 1125 1192 1181 πάντων
1221 1120 1296 1181 ὧν
1331 1127 1528 1200 ἔχομεν
1553 1129 1644 1182 τὸν
1668 1129 1827 1183 πολύ-

227 1238 363 1291 τιμον
391 1219 763 1291 μαργαρίτην
793 1218 1122 1290 ώνούμεθα;
1169 1219 1236 1272 Τί
1266 1219 1324 1273 δὲ
1363 1215 1440 1274 ὧν
1484 1220 1682 1291 ἔχομεν
1726 1220 1823 1274 τοῦ

234 1321 455 1387 σώματος
485 1317 725 1370 κάλλιόν
751 1333 812 1368 τε
841 1317 938 1370 καὶ
972 1317 1442 1389 τιμαλφέστερονς
1487 1317 1658 1372 Τοῦτο
1687 1319 1823 1390 πρὸς

232 1415 323 1474 τοῖς
378 1410 562 1474 ἀλλοις
621 1410 734 1463 ἐπὶ
782 1410 883 1482 τὴν
929 1409 1099 1482 τιμὴν
1144 1408 1531 1481 καταθώμεθα⁶
1577 1411 1673 1466 καὶ
1713 1411 1823 1483 γὰρ

234 1503 323 1556 οὐδ’
355 1503 524 1566 οὓτως
556 1502 646 1573 τῷ
677 1503 930 1574 κτήματι
954 1502 1016 1555 τὺ
1048 1505 1174 1556 κατ’
1197 1501 1355 1567 ἀξίαν
1398 1502 1826 1572 συνεισενέγκοι-

235 1614 339 1666 μεν.
370 1595 549 1657 Amo;
577 1595 608 1646 δ
642 1592 820 1663 ἁγὼν,
854 1593 1098 1664 ἀδελφοὶ,
1124 1593 1294 1648 διττοὶ
1322 1594 1377 1647 δὲ
1408 1595 1503 1648 κα)⁵
1529 1595 1710 1666 ἡμεῖς,
1730 1595 1824 1649 καὶ

229 1689 349 1760 πρὸς
396 1687 671 1756 συζυγίαν
723 1686 986 1758 ἐχθίστην
1033 1686 1530 1758 παραταττόμεθα·
1557 1689 1591 1758 ἧ
1626 1705 1685 1742 τε
1715 1689 1824 1761 γὰρ

221 1781 352 1850 μάχη
405 1782 557 1834 κατὰ
614 1779 746 1832 νοῦν
805 1796 867 1832 τε
927 1779 1024 1832 καὶ
1067 1777 1342 1849 αἴσθησιν·
1398 1779 1492 1832 καὶ
1543 1779 1705 1850 ἡμεῖς
1761 1780 1825 1834 ὲκ

215 1843 528 1944 πνεῦματος
558 1873 659 1924 καὶ
687 1871 913 1943 σαρκόςο
946 1871 1042 1924 καὶ
1071 1871 1122 1924 οί
1153 1843 1518 1940 πολεμοῦντες
1634 1872 1735 1942 μὲν
1766 1872 1825 1939 ἐξ
1857 1843 1900 1903 Β

224 1964 391 2034 ὕψους
424 1965 682 2035 ἀοράτως
721 1965 778 2016 ἐν
806 1963 1120 2035 σκοτομήνῃ
1151 1962 1630 2029 κατατοξεύουσιν·
1675 1964 1725 2016 οἱ
1767 1963 1826 2017 δὲ

241 2057 598 2110 συνίστανται
645 2055 758 2110 κατ’
795 2054 1108 2125 ὀφθαλμοὺς
1153 2053 1593 2124 συμπλεκόμενοί
1628 2070 1689 2106 τε
1731 2055 1827 2108 καὶ

242 2149 554 2219 βάλλοντες,
595 2147 692 2217 τὴν
732 2145 880 2214 φύσιν
919 2147 1054 2216 ἡμῖν
1084 2145 1380 2217 ὀμόκληροι
1420 2147 1516 2200 καὶ
1548 2145 1822 2216 ὁμότιμοι.

239 2241 508 2295 Πάντοθεν
555 2234 650 2291 οὖν
696 2236 1138 2309 περισκοπῶμεν,
1173 2239 1249 2309 μή
1290 2254 1394 2291 που
1450 2237 1579 2308 περί
1612 2255 1665 2290 τι
1716 2237 1825 2291 τῶν

221 2331 409 2403 μερῶν
438 2332 523 2393 είς
563 2329 792 2383 οάνανον
821 2328 1245 2400 ἁφυπνώσωμεν
1279 2329 1372 2382 ἐπὶ
1402 2329 1824 2400 πολυπροσώπῳ

213 2427 304 2478 καὶ
331 2423 701 2494 ἀγχιστρόφῳ
734 2425 801 2492 τῇ
828 2421 998 2494 πάλῃ,
1026 2421 1120 2475 καὶ
1145 2424 1258 2486 τοῖς
1279 2421 1619 2493 ἑκατέρωθεν
1644 2422 1824 2492 βέλεσί

209 2531 266 2566 τε
301 2516 397 2566 καὶ
430 2514 828 2584 μηχανήμασι,
863 2513 938 2583 μή
963 2512 1092 2565 ποτέ
1120 2529 1206 2576 τις
1237 2511 1367 2584 εἴπῃ
1392 2512 1501 2566 τῶν
1526 2512 1818 2584 πολεμίων

215 2608 442 2676 Ἶσχυσα
471 2606 615 2676 πρὸς
647 2603 869 2667 αὐτούς’
901 2604 997 2658 καὶ
1027 2603 1136 2676 γὰρ
1166 2605 1218 2656 οἱ
1254 2604 1528 2673 θλίϐοντες
1553 2607 1584 2677 ἡ
1596 2607 1701 2675 μᾶς
1728 2604 1823 2658 ἐὰν

220 2697 588 2766 σαλευθῶμεν,
642 2696 1092 2764 ἀγαλλιάσονταιο
1153 2695 1296 2749 ὥστε
1353 2697 1450 2750 καὶ
1507 2697 1568 2750 τὸ
1623 2697 1821 2768 μικρὸν

221 2789 599 2862 παρεγκλίναι,
636 2788 733 2842 τοῦ
772 2789 975 2852 παντός
1001 2789 1152 2841 ἐστιν
1189 2789 1466 2855 ἐκπεσεῖν,
1499 2789 1595 2844 καὶ
1633 2789 1823 2861 προδο-

219 2881 316 2934 σία
346 2879 493 2932 τοῦτο
513 2880 616 2950 τῆς
648 2879 833 2948 νίκης.
876 2877 1095 2950 Ἐπειδὴ
1131 2872 1226 2930 οὖν
1257 2879 1546 2947 φυλάττειν
1574 2879 1822 2949 φυλακὰς

213 2975 643 3044 ἐπιστεύθημεν,
677 2972 764 3026 ἔτι
809 2971 1006 3043 μικρὸν
1033 2972 1498 3042 ἀγρυπνήσωμεν’
1532 2973 1822 3044 ἐπιστήσε-

215 3087 306 3122 ται
341 3072 442 3139 γὰρ
480 3068 510 3120 δ
559 3065 808 3135 νυμιρίος
839 3064 996 3134 ἡμῖν,
1029 3066 1126 3117 καὶ
1160 3061 1260 3134 τὴν
1299 3061 1513 3116 εὔνοιαν
1543 3063 1818 3135 καθορῶν,

210 3162 301 3214 καὶ
335 3160 422 3211 τὸν
446 3158 625 3210 κόπον
661 3152 1000 3224 ἐπιμετρῶν,
1025 3153 1153 3216 τοὺς
1185 3152 1413 3223 μισθοὺς
1441 3153 1818 3225 καταϐάληται

195 3251 439 3320 δαψιλῶς
465 3267 528 3302 τε
558 3249 665 3301 καὶ
693 3246 1016 3315 φιλοτίμωςο
1048 3245 1125 3309 ὡς
1149 3245 1405 3315 ἀπαρχὰς
1436 3246 1582 3316 ἡμᾶς
1615 3245 1819 3311 ἅλωνος

193 3346 224 3395 ὁ
255 3343 465 3411 κόσμος
505 3337 805 3409 προσοίσει
839 3335 918 3406 τῷ
951 3336 1237 3406 Λυτρωτῇ.
1273 3335 1520 3390 Γνωστὸν
1542 3336 1650 3410 γὰρ
1680 3337 1821 3391 ἔστω

204 3435 368 3488 ταῦτα
396 3436 553 3504 ἡμῖν,
598 3431 680 3493 ὡς
710 3428 806 3482 διὰ
836 3429 936 3496 τῆς
969 3427 1080 3480 τῶν
1110 3428 1379 3498 σωμάτων
1409 3429 1567 3499 ἡμῶν
1598 3431 1820 3484 καὶτῶν

206 3527 458 3596 αἱμάτων
481 3520 930 3590 ἅποκαθάρσεως
963 3518 1112 3589 ζύμη
1149 3518 1247 3573 νέα
1290 3520 1387 3573 καὶ
1417 3521 1553 3585 ἃλας
1576 3521 1819 3593 ἐσόμεθα

208 3619 310 3672 τοῦ
339 3619 458 3672 ὅλου
498 3615 650 3669 κατὰ
677 3614 741 3666 τὸ
775 3613 933 3681 γένος
965 3611 1311 3682 φυράματοςο
1344 3613 1440 3665 καὶ
1474 3615 1542 3684 τῇ
1591 3614 1690 3683 μὲν
1722 3613 1818 3678 ζυ-

207 3709 551 3780 μωθήσεται,
584 3704 670 3774 τῷ
708 3703 770 3756 δὲ
800 3699 1178 3772 ἀλισθήσεται’
1218 3700 1315 3754 καὶ
1353 3699 1527 3764 οὕτως
1567 3698 1646 3770 τῷ
1689 3699 1820 3771 θείῳ

205 3802 365 3873 πυρὶ,
389 3799 471 3869 τῷ
502 3797 820 3866 Πνεῦματι,
851 3793 989 3864 πρὸς
1032 3792 1222 3864 ἐντελῆ
1257 3791 1404 3864 ζωὴν
1450 3793 1818 3865 ἀρτοποιηοή-

227 3911 394 3956 σεται,
423 3892 523 3960 τῆς
546 3890 694 3944 κατὰ
717 3887 818 3960 τὴν
846 3886 1046 3940 κακίαν
1070 3885 1164 3939 καὶ
1191 3885 1450 3956 πονηρίαν
1473 3885 1708 3949 παλαιᾶς
1727 3887 1820 3940 καὶ

237 3985 478 4040 ἀπέπτου
510 3982 686 4050 ζῦμης
723 3977 1201 4050 ἀλλοτριούμενον.
1250 3976 1576 4048 Δοξάσωμεν
1605 3972 1697 4032 οὖν
1726 3977 1820 4031 τὸν

237 4075 371 4128 Θεὸν
408 4076 468 4126 ἐν
499 4073 580 4142 τῷ
615 4071 814 4142 σώματι
839 4070 1002 4143 ἡμῶν
1035 4069 1130 4123 καὶ
1148 4069 1207 4122 ὲν
1229 4067 1307 4140 τῷ
1336 4069 1607 4140 πνεύματι
1638 4069 1816 4141 ήμῶν,

239 4167 396 4220 Ξιτινὰ
429 4168 585 4218 ἐστιν
619 4163 707 4215 τοῦ
733 4163 884 4217 Θεοῦ.
912 4183 932 4216 ι

291 4262 393 4314 λα’.
406 4258 637 4322 Τούτοις
658 4260 763 4321 τοῖς
791 4257 1230 4328 παρορμητικοῖς
1253 4271 1313 4308 τε
1336 4254 1431 4308 καὶ
1460 4253 1818 4322 ὑπαλείφουσι

219 4357 393 4424 λόγοις
421 4352 694 4422 ἀλλήλους
717 4349 1118 4420 στομώσαντες,
1142 4349 1218 4413 ώς
1242 4350 1381 4421 μετὰ
1411 4347 1522 4418 πῦρ
1553 4347 1632 4420 τῷ
1663 4347 1817 4402 ὕδατι

225 4450 456 4518 σίδηρος,
500 4445 552 4496 οἱ
573 4442 948 4510 γενναιότατοι
984 4441 1078 4494 καὶ
1120 4439 1511 4511 στομωθέντες,
1540 4438 1615 4502 ώς
1643 4437 1704 4491 τὺ
1738 4440 1818 4492 εί-

1925 600 1981 645 et
2018 607 2274 650 aurosam
2310 596 2522 652 iconem
2548 596 2802 655 efﬁcient.

1997 763 2084 818 50.
2120 784 2139 818 ι
2164 765 2276 822 Cur
2303 783 2432 824 vero
2462 785 2602 840 opus
2623 780 2707 826 est
2730 771 2945 844 singula
2983 775 3282 845 persequi?
3306 774 3515 830 Labore

1923 857 2178 925 praesenti
2212 858 2447 915 vitemus
2489 861 2736 917 futurum
2771 881 2785 918 :
2822 867 3177 936 temporalem
3209 869 3377 932 vitam
3397 867 3512 920 ’ἰω-

1925 947 2144 1000 mortali
2171 948 2558 1016 anteferamus,
2596 969 2763 1023 quam
2799 966 2947 1010 certe
2987 972 3148 1011 nemo
3179 956 3336 1011 aliter
3367 973 3514 1013 ruer-

1925 1036 2161 1103 cabitur,
2198 1037 2306 1094 nisi
2353 1040 2506 1096 illam
2541 1044 2764 1114 quidem
2814 1046 3142 1110 omittendo,
3175 1047 3318 1103 hanc
3350 1063 3516 1118 appe-

1926 1125 2110 1181 tendo.
2143 1127 2255 1183 Cur
2290 1129 2376 1185 bis
2404 1132 2660 1188 omnibus
2679 1149 2802 1203 qua:
2841 1136 3186 1205 possidemus
3213 1138 3513 1206 pretiosum

1926 1220 2286 1288 margaritum
2328 1237 2440 1278 non
2461 1225 2736 1280 emimus?
2763 1224 2907 1292 Quid
2941 1237 3122 1281 autem
3163 1243 3228 1282 ex
3259 1227 3366 1292 his,
3390 1243 3515 1298 quae

1927 1313 2294 1382 possidemus,
2329 1330 2556 1386 corpore
2608 1317 2896 1388 pulchrius
2938 1327 2992 1373 et
3022 1320 3316 1389 pretiosius
3342 1321 3512 1376 habe-

1927 1406 2094 1462 mus?
2119 1405 2186 1460 Et
2219 1407 2343 1474 hoc,
2387 1407 2635 1479 inquam,
2692 1409 2908 1480 reliquo
2963 1410 3137 1478 pretio
3178 1411 3516 1482 superadda-

1927 1512 2070 1552 mus.
2111 1498 2326 1553 Etenim
2353 1514 2420 1554 ne
2447 1499 2527 1555 sic
2557 1500 2778 1570 quidem
2796 1500 3004 1570 justam
3039 1502 3240 1556 mercis
3268 1504 3515 1558 aestima-

1927 1591 2126 1646 tionem
2156 1591 2441 1647 faciemus.
2469 1591 2679 1663 Duplex
2725 1592 2885 1648 nobis
2934 1601 3235 1660 certamen,
3277 1593 3512 1661 fratres;

1925 1680 2171 1750 duplices
2205 1696 2307 1736 nos
2336 1695 2559 1751 quoque
2588 1696 2815 1749 sumus;
2854 1690 2910 1737 et
2939 1693 3131 1738 contra
3155 1699 3253 1754 par
3281 1683 3516 1754 iniquis-

1928 1773 2128 1828 simum
2179 1773 2235 1828 in
2295 1775 2470 1829 aciem
2522 1775 2859 1844 prodimus:
2897 1785 2982 1831 est
3034 1777 3180 1832 enim
3237 1793 3417 1848 pugna
3462 1789 3516 1832 et

1929 1866 2131 1921 mentis
2169 1865 2336 1921 simul
2376 1873 2431 1921 et
2466 1880 2697 1932 sensus;
2729 1881 2831 1922 nos
2872 1877 3057 1922 autem
3109 1884 3176 1924 ex
3234 1870 3430 1940 spiritu
3459 1878 3517 1924 et

1927 1972 2092 2013 carne
2121 1975 2136 2011 :
2162 1966 2217 2012 et
2245 1958 2435 2014 hostes
2460 1957 2681 2028 quidem
2704 1959 2902 2029 partim
2931 1975 2997 2014 ex
3029 1959 3140 2014 alto
3165 1960 3515 2017 invisibiliter

1927 2047 1983 2102 in
2012 2047 2256 2103 tenebris
2283 2048 2628 2119 jaculantur,
2672 2049 2871 2119 partim
2914 2065 3046 2105 vero
3081 2053 3259 2122 palam
3290 2068 3391 2107 nos
3418 2067 3516 2122 ag-

1927 2140 2233 2210 gredientes
2267 2155 2332 2196 ac
2354 2139 2634 2207 ferientes,
2655 2151 2853 2196 natura
2892 2143 3100 2198 scilicet
3125 2143 3284 2199 nobis
3306 2143 3516 2200 similes

1925 2238 1980 2284 et
2006 2237 2309 2286 consortes.
2356 2229 2614 2301 Undique
2665 2232 2832 2302 igitur
2862 2233 3398 2304 circumspiciamus,
3445 2251 3516 2290 ne

1926 2321 1982 2376 in
2019 2330 2174 2392 parte
2219 2322 2400 2392 aliqua
2449 2323 2686 2378 letaliter
2741 2324 3179 2393 obdormiamus,
3225 2341 3348 2382 cum
3393 2337 3503 2381 tam

1924 2415 2075 2468 varia
2109 2422 2164 2469 et
2194 2414 2460 2470 insidiosa
2491 2415 2636 2472 lucta
2673 2417 2765 2484 sit,
2800 2426 2991 2488 totque
3030 2419 3293 2490 utrinque
3319 2419 3422 2474 tela
3460 2430 3518 2474 et

1916 2505 2219 2571 machinae,
2243 2521 2312 2562 ne
2333 2507 2456 2576 quis
2474 2507 2716 2563 hostium
2745 2509 2892 2565 dicat
2916 2529 2929 2565 :
2957 2509 3223 2566 Praevalui
3245 2511 3514 2566 adversus

1924 2614 2038 2655 eos.
2065 2599 2277 2654 Etenim
2331 2601 2426 2670 qui
2465 2615 2567 2656 nos
2598 2612 2816 2670 vexant,
2849 2603 2897 2659 si
2926 2602 3067 2658 forte
3105 2613 3384 2669 nutemus,
3424 2605 3512 2659 lae-

1925 2693 2223 2760 tabuntur;
2257 2707 2495 2764 namque
2541 2701 2596 2749 et
2645 2694 2838 2750 leviter
2877 2695 3150 2760 inclinari,
3195 2696 3516 2750 omnimoda

1925 2783 2216 2839 subversio
2255 2793 2339 2839 est
2381 2793 2436 2839 et
2479 2785 2724 2840 victoriae
2757 2786 2998 2855 jactura.
3054 2785 3327 2853 Quoniam
3385 2803 3519 2858 ergo

1924 2876 2187 2933 custodiae
2216 2875 2378 2932 nobis
2439 2878 2771 2934 concreditae
2819 2889 2967 2946 sunt,
3009 2895 3304 2952 parumper
3337 2881 3519 2935 adhuc

1925 2969 2248 3040 vigilemus;
2287 2969 2637 3039 superveniet
2679 2971 2828 3025 enim
2865 2972 3024 3027 nobis
3065 2971 3338 3041 Sponsus,
3391 2972 3512 3043 qui,

1924 3074 2166 3114 amorem
2201 3059 2579 3128 contemplans
2619 3066 2675 3113 et
2701 3059 2922 3116 labores
2965 3059 3115 3129 justa
3169 3063 3324 3118 lance
3374 3079 3515 3133 pon-

1926 3153 2144 3217 derans,
2204 3151 2410 3222 largam
2475 3152 2954 3223 abundantemque
2997 3155 3306 3209 mercedem
3360 3155 3518 3210 retri—
3559 3202 3574 3212 .

1930 3244 2078 3298 buet.
2107 3233 2305 3313 Utique
2334 3243 2574 3297 mundus
2608 3258 2709 3298 nos
2745 3244 2912 3299 veluti
2944 3259 3084 3300 arere
3112 3247 3378 3315 primitias
3408 3245 3517 3303 Re-

1929 3336 2199 3407 demptori
2240 3335 2451 3392 offeret.
2513 3335 2759 3405 Namque
2806 3337 3146 3406 exploratum
3208 3339 3370 3394 nobis
3407 3348 3515 3403 est,

1928 3430 2074 3496 quod
2097 3442 2192 3498 per
2221 3442 2512 3499 corporum
2548 3437 2864 3484 nostrorum
2903 3438 2960 3485 et
2991 3429 3277 3498 sanguinis
3316 3446 3519 3502 purga-

1929 3522 2156 3588 tionem,
2190 3522 2520 3577 fermentum
2561 3537 2764 3576 novum
2813 3522 3002 3590 salque
3039 3522 3337 3578 elliciemur
3389 3526 3516 3578 uni-

1926 3628 2100 3669 versaa
2147 3613 2364 3686 generis
2419 3628 2634 3677 massae,
2666 3628 2789 3683 quae
2841 3628 2946 3667 una
3007 3612 3423 3671 fermentabitur
3452 3633 3519 3673 ac

1927 3708 2157 3762 salietur
2182 3723 2197 3773 ;
2239 3716 2403 3776 atque
2437 3706 2511 3760 ita
2537 3705 2724 3760 divino
2750 3705 2896 3775 igne,
2920 3705 2976 3760 id
2998 3716 3082 3760 est
3108 3705 3334 3776 Spiritu,
3357 3709 3518 3778 panis

1927 3801 2020 3855 fiet
2052 3799 2303 3870 perfecta:
2336 3799 2464 3854 vitae
2491 3798 2748 3864 idoneus,
2777 3798 2927 3852 omni
2961 3799 3184 3854 malitiae
3215 3809 3269 3856 et
3305 3801 3514 3871 impro-

1926 3892 2114 3948 bitatis
2144 3902 2326 3947 vetere
2349 3902 2404 3948 et
2430 3891 2600 3945 crudo
2640 3889 2910 3947 fermento
2960 3906 3176 3946 carens.
3207 3891 3376 3946 Deum
3405 3893 3514 3948 ita-

1927 3999 2035 4055 que
2061 3991 2172 4038 tam
2203 3997 2432 4053 corpore
2465 3996 2628 4052 quam
2660 3981 2855 4051 spiritu
2910 3990 3100 4036 nostro
3151 3981 3512 4049 honoremus,

1925 4091 2162 4147 quorum
2203 4083 2498 4144 utrumque
2526 4088 2558 4128 a
2584 4074 2693 4128 Deo
2724 4072 3014 4128 habemus.
3046 4092 3065 4126 ι

1996 4255 2089 4310 51.
2141 4253 2240 4310 His
2300 4253 2688 4309 adhortatoriis
2768 4251 3048 4323 roburque
3127 4253 3515 4325 adjicientibus

1924 4348 2108 4403 verbis
2136 4347 2370 4402 invicem
2402 4346 2817 4408 conﬁrmantes,
2848 4354 2910 4399 ut
2932 4355 3058 4416 post
3090 4347 3272 4417 ignem
3303 4347 3512 4406 ferrum

1925 4455 2066 4511 aqua
2093 4439 2444 4508 temperando
2473 4438 2725 4506 duratur,
2753 4437 3080 4494 nobilissimi
3115 4438 3515 4512 fortissimique

223 4541 325 4601 ιδς,
360 4540 566 4607 ἔμενον
599 4533 756 4588 οὐδὲν
799 4530 964 4606 ἦττον
1013 4532 1255 4586 ἄσειστοί
1309 4547 1369 4584 τε
1417 4531 1510 4584 καὶ
1554 4531 1818 4602 ἀρραγεῖς

1928 4543 2215 4603 martyres,
2284 4538 2344 4586 ut
2401 4545 2499 4600 par
2547 4539 2663 4598 est,
2721 4528 3093 4600 perdurabaut
3153 4531 3514 4590 nihilominus

223 4632 352 4702 πρὲις
404 4631 509 4692 τὰς
560 4626 804 4696 πληγὰς,
832 4624 914 4695 τῷ
945 4623 1226 4694 ἀντιτύπῳ
1255 4622 1352 4693 τῆς
1385 4621 1564 4693 ψυχῆς
1592 4621 1690 4692 οὐχ
1724 4623 1820 4675 ὑπ-

221 4723 478 4784 είκοντες·
525 4718 622 4782 οὓς
657 4719 708 4771 οἱ
749 4716 1002 4788 τύραννοι
1046 4715 1376 4784 θεασάμενοι
1429 4712 1820 4784 διαλυομένους

221 4815 322 4886 μὲν
355 4816 478 4875 ταῖς
511 4811 730 4882 σαρξὶν,
781 4807 1254 4879 καταρρεομένους
1294 4805 1352 4859 δέ
1386 4822 1450 4874 γε
1497 4804 1573 4876 τῷ
1602 4805 1816 4877 αἵματι,

208 4907 674 4978 διαχλευάζοντες
724 4902 930 4971 ἔλεγον⁹
971 4920 988 4952 ι
1011 4900 1138 4962 Πῶς
1175 4898 1307 4969 ὑμῖν
1345 4900 1380 4968 ἡ
1416 4896 1606 4970 πρώτη
1649 4900 1816 4970 πεῖρα

196 5002 484 5068 κατέστη,
514 4996 1010 5069 μακαριώτατοι;ι
1046 4993 1112 5048 Οἱ
1141 4991 1200 5044 δέ
1245 4989 1383 5062 πρὸς
1411 4989 1630 5054 αὐτούς’
1668 5008 1688 5042 ι
1728 4989 1819 5053 Ὦς

175 5093 576 5162 καταλλήλως
605 5092 767 5160 ἡμῖν,
799 5088 1026 5158 ἔφησαν,
1062 5086 1132 5140 τὰ
1169 5085 1290 5138 κατ’
1318 5083 1508 5137 ἐλπίδα
1539 5082 1820 5154 συμϐέϐη-

179 5209 250 5244 κε
278 5209 295 5251 ;
347 5188 472 5242 Καὶ
515 5183 743 5237 πάντων
769 5181 1027 5251 ὑπεράνω
1072 5176 1184 5233 τῶν
1217 5175 1466 5248 φοϐερῶν
1505 5176 1633 5246 ὑμῖν
1665 5192 1820 5246 νομι-

179 5284 462 5353 ζομένων
497 5277 810 5347 γενόμενοι,
846 5273 984 5346 πρὸς
1031 5272 1090 5326 ἓν
1135 5268 1556 5338 ἀποδειλιῶμεν,
1592 5265 1636 5321 ὧ
1662 5267 1819 5321 δικα-

184 5377 354 5436 σταὶ,
399 5373 481 5442 μή
520 5385 653 5422 ποτε
683 5367 783 5439 τὴν
806 5365 1033 5436 γνώμην
1070 5366 1223 5434 παρὰ
1254 5362 1316 5416 τὸ
1346 5359 1598 5432 σύνηθες,
1642 5360 1733 5413 ἐπὶ
1759 5359 1822 5413 τὸ

178 5463 578 5539 ἡμερώτερον
633 5457 1046 5532 μεταϐάλοισθε,
1095 5457 1190 5509 καὶ
1239 5455 1376 5526 πρὸς
1414 5454 1515 5517 τὰς
1554 5453 1820 5523 βασάνους

177 5560 393 5631 φειδοῖ
462 5555 579 5608 τῶν
643 5553 928 5624 ἡμετέρων
1007 5549 1276 5618 σωμάτων
1361 5546 1816 5616 ἀποναρκησοιτε.

163 5652 482 5718 Δεξξομεν
526 5647 656 5717 ὑμῖν
714 5641 892 5705 αὖθις.
950 5642 999 5694 οί
1065 5639 1321 5711 τύραννοι
1369 5636 1602 5708 ἔφησαν,
1669 5635 1819 5698 ὅπως

165 5739 695 5814 μεταποιούμεθα.
742 5736 875 5789 Τότε
909 5735 1092 5788 τοίνυν
1121 5730 1220 5803 τὴν
1266 5730 1395 5800 ὅλην
1420 5727 1632 5782 ἐαυτῶν
1664 5728 1820 5799 κινή-

158 5849 413 5896 σαντες
440 5831 698 5901 δύναμιν,
726 5825 1160 5899 στρατηγοῦντος
1187 5821 1373 5886 αὐτοῖς
1400 5820 1495 5876 τοῦ
1526 5818 1698 5891 Θυμοῦ
1725 5819 1816 5874 καὶ

1926 4625 2140 4680 immoti
2185 4632 2240 4679 et
2294 4620 2633 4685 inconcussi,
2697 4620 2917 4676 inflictis
2969 4622 3145 4693 plagis
3202 4626 3514 4682 constantia

1924 4715 2092 4770 animi
2143 4729 2372 4784 prorsus
2435 4728 2543 4768 non
2593 4713 2849 4769 cedentes
2883 4731 2896 4768 :
2930 4728 3072 4784 quos
3131 4717 3346 4785 tyranni
3383 4734 3510 4773 cum

1924 4807 2120 4864 laceris
2142 4806 2402 4862 carnibus
2447 4815 2502 4861 et
2565 4805 2832 4876 sanguine
2877 4805 3188 4862 difﬂuentes
3238 4808 3511 4876 viderent,

1923 4911 2049 4952 cum
2102 4895 2377 4951 derisione
2433 4895 2514 4951 sic
2570 4894 2877 4950 affabantur
2909 4913 2922 4948 :
2959 4915 2977 4947 ι
3011 4895 3302 4963 Quomodo
3359 4901 3512 4956 vobis

1923 4988 2161 5058 primum
2196 4987 2299 5042 hoc
2327 4987 2762 5058 experimentum
2792 4989 3058 5058 procedit,
3103 5005 3137 5045 ο
3176 4992 3512 5048 beatissimi?

1925 5079 2348 5150 Responderunt
2380 5086 2653 5148 martyres
2683 5098 2696 5133 :
2739 5096 2757 5129 ι
2787 5078 3072 5144 Quomodo
3110 5080 3350 5136 vicissim
3383 5099 3510 5152 spes

1923 5184 2105 5229 vestra
2143 5172 2299 5227 vobis
2360 5171 2666 5227 successit?
2700 5170 2811 5226 Nos
2861 5173 3079 5242 quidem
3127 5174 3384 5229 omnibus
3417 5191 3514 5230 suo

1924 5265 2127 5336 peratis
2162 5279 2284 5335 quae
2313 5279 2410 5318 vos
2461 5263 2727 5319 terribilia
2762 5263 3128 5329 arbitramini,
3165 5264 3269 5320 hoc
3313 5281 3507 5328 unum,

1924 5371 1958 5411 ο
1984 5355 2221 5426 judices,
2250 5354 2659 5410 extimescimus
2682 5369 2750 5408 ne
2791 5352 2928 5409 forte
2956 5355 3284 5410 sententiam
3314 5365 3510 5426 praeter

1925 5446 2147 5502 solitum
2198 5452 2499 5511 mutantes,
2542 5444 2790 5499 mitiores
2847 5444 3009 5508 tiatis,
3067 5455 3230 5515 atque
3269 5445 3337 5502 ad
3368 5444 3510 5499 infli-

1924 5539 2131 5612 gendos
2187 5537 2464 5593 cruciatus
2512 5536 2895 5593 misericordia
2945 5546 3256 5592 nostrorum
3312 5551 3511 5607 corpo-

1924 5647 2049 5686 rum
2080 5630 2438 5700 obtorpeatis.
2461 5645 2480 5680 ›
2534 5646 2552 5679 ι
2577 5627 3082 5683 Demonstrabimus
3113 5626 3268 5682 vobis
3289 5627 3470 5682 denuo
3488 5665 3505 5691 ,

1923 5723 2183 5777 dixerunt
2247 5719 2486 5792 tyranni,
2553 5719 3012 5789 quemadmodum
3077 5718 3506 5776 immutemuru

1925 5813 2081 5872 Tunc
2103 5828 2234 5885 ergo
2255 5813 2383 5871 totis
2412 5811 2529 5870 suis
2557 5811 2851 5869 commotis
2872 5811 3102 5883 viribus,
3131 5812 3270 5870 duce
3299 5812 3507 5877 furore.
