3994 6440
471 340 579 403 515

1601 337 2107 398 CONSTANTINI
2144 339 2454 399 DlACONl
2505 341 2613 398 (ΖΡ.

3635 349 3751 410 516

457 447 682 508 vesania
731 447 880 504 latus
921 446 1176 518 stipante,
1243 452 1436 503 contra
1497 445 1732 501 invictos
1779 457 2039 519 martyres

2148 447 2250 517 τῆς
2283 448 2469 512 ἀνοίας
2493 446 2932 518 ὑπασπιζούσης,
2969 447 3236 522 ὥρμησαν
3271 453 3361 508 ἐπὶ
3384 452 3511 517 τοὺς
3538 455 3754 527 ἀηττή-

460 543 758 608 irruerunt,
807 540 1202 608 lictoribusque
1256 537 1593 606 imperarunt
1628 547 1688 590 ιιι
1733 553 1896 592 omne
1930 555 2048 609 pa:-

459 649 652 690 narum
672 649 846 704 genus
878 633 930 686 in
977 647 1079 686 eos
1121 639 1524 698 expromerent.
1569 629 1780 684 Cuncta
1812 631 1958 684 illico
1990 633 2042 685 in

460 733 710 793 promptu
763 735 938 784 erant,
981 735 1104 790 quae
1160 727 1289 773 sunt
1346 728 1568 789 aspectu
1633 720 1936 784 horribilia,
1995 731 2049 774 et

456 814 603 868 dictu
660 811 975 872 ineffabilia,
1031 809 1195 878 ignis,
1252 809 1465 872 bestiae,
1517 809 1750 881 gladius,
1802 812 2048 881 nihilque

457 907 682 959 omnino
746 903 1057 972 hujusmodi
1119 902 1327 966 deerat,
1387 901 1653 972 ﬂagrante
1701 905 2046 969 crudelitate,

470 996 781 1050 idolo'atria
807 995 876 1048 ob
905 1009 966 1047 ca
991 1008 1112 1062 qua:
1144 993 1344 1048 ﬁebant
1370 996 1692 1051 cachinnum
1727 997 1964 1052 tollente.

526 1088 616 1141 59..
649 1085 802 1140 Tunc
827 1089 1109 1142 enimvero
1145 1104 1369 1143 cernere
1395 1099 1508 1144 erat
1542 1100 1811 1160 martyres
1853 1090 2047 1145 miser-

458 1179 596 1232 rima
644 1179 933 1247 patientes,
977 1188 1032 1233 et
1089 1180 1390 1236 fortissime
1438 1181 1755 1247 tolerantes,
1796 1181 2048 1236 carnium

454 1270 836 1334 lacerationes,
868 1271 1075 1326 ossium
1101 1271 1345 1337 trituras,
1381 1288 1673 1328 nervorum
1722 1273 2045 1340 incisiones,

455 1363 826 1417 membrorum
856 1363 1252 1430 mutilationes,
1299 1365 1556 1419 ﬁbrarum
1611 1381 1886 1434 spasmos,
1909 1366 2048 1419 arti-

451 1455 702 1509 culorum
736 1464 998 1516 torturas,
1032 1470 1324 1525 corporum
1374 1457 1798 1523 excoriationes,
1836 1457 2050 1513 medul-

453 1547 631 1601 larum
663 1548 1063 1611 emunctiones,
1110 1550 1382 1613 viscerum
1443 1549 1858 1622 discerptioues,
1915 1567 2049 1607 ocu-

452 1637 631 1693 lorum
686 1639 1005 1708 ejectiones,
1063 1655 1288 1694 crurum
1351 1641 1642 1707 fracturas,
1684 1643 2042 1714 liquationem

453 1731 619 1785 veluti
672 1732 842 1785 totius
907 1733 1163 1802 corporis
1208 1741 1264 1786 et
1307 1732 1743 1789 distractionem.
1789 1733 2048 1802 Quaenam

2148 557 2273 603 τους
2296 542 2622 609 ἀγωνιστάς,
2651 543 2745 595 καὶ
2781 543 2893 606 τοῖς
2916 544 3218 614 ὑπηρέταις
3241 545 3419 600 πᾶσαν
3442 546 3625 602 είδέαν
3656 568 3742 604 κο-

2149 634 2358 687 λάσεων
2420 635 2717 705 προσάγειν
2762 636 2974 699 τούτοις
3019 637 3512 708 παρεκελεύσαντο.
3561 642 3753 697 Πάντα

2148 725 2327 778 τοίνυν
2358 728 2541 798 παρῆν
2568 726 2636 780 τά
2667 729 2762 780 xui
2792 727 2909 798 ὄψει
2941 730 3149 800 φρικτὰ
3193 720 3462 802 καὶ’λόγῳ
3491 733 3597 785 οὑκ
3631 737 3750 803 ἐφι-

2149 817 2274 880 κτὰ,
2308 819 2370 872 τὸ
2413 820 2546 888 πῦρ,
2575 819 2626 871 οἱ
2663 818 2848 891 θῆρες,
2887 821 2920 891 ἡ
2959 822 3228 891 μάχαιρα,
3267 823 3362 876 xui
3405 824 3563 876 οὐδὲν
3600 826 3743 897 ἀπῆν

2147 909 2256 962 τῶν
2293 909 2480 964 δεινῶν
2507 911 2606 981 τῆς
2666 913 2862 982 μανίας
2897 912 3168 983 ὀργώσης.
3215 915 3310 968 xui
3343 915 3443 985 τῆς
3489 915 3731 981 ἀσεϐείας

2148 1003 2264 1064 τοῖς
2289 1001 2588 1074 δρωμένοις
2610 1003 2976 1072 ἐπιγελώσης.

2219 1093 2318 1163 λβ’.
2352 1095 2670 1165 Τηνικαῦτα
2715 1092 2808 1151 οὖν
2840 1093 2908 1169 ἦν
2947 1100 3079 1170 όρᾷν
3115 1097 3244 1162 τοὺς
3293 1099 3608 1168 ἀγωνιστὰς
3643 1102 3742 1154 πά-

2151 1200 2378 1254 σχοντας
2422 1185 2494 1240 τὰ
2537 1187 2875 1242 ἐλεεινότατα
2923 1191 3018 1244 καὶ
3057 1191 3322 1262 φέροντας
3352 1193 3744 1263 ἀνδρειώτατα,

2153 1278 2374 1350 σαρκῶν
2407 1296 2465 1332 τε
2492 1279 2803 1352 θλάσματα,
2838 1283 2934 1336 xui
2959 1283 3163 1337 ὀστέων
3191 1285 3600 1356 συντρίμματα,
3620 1304 3746 1340 νευ-

2153 1367 2263 1440 ρῶν
2321 1385 2381 1421 τε
2442 1371 2706 1438 ἐκκοπάς,
2774 1372 2868 1425 xui
2928 1373 3108 1443 μελῶν
3167 1373 3426 1444 ἐκτομάς,
3492 1377 3619 1429 ἰνῶν
3689 1395 3749 1431 τε

2153 1460 2463 1528 σπασμοὺς,
2510 1460 2605 1513 xui
2655 1459 3018 1532 στρεϐλώσεις
3053 1461 3295 1534 ἄρθρων,
3342 1465 3434 1518 xui
3470 1465 3744 1535 σωμάτων

2149 1549 2441 1621 ἀωδοράς,
2466 1551 2799 1622 ἐκμυξήσεις
2820 1571 2878 1606 τε
2912 1553 3146 1623 μυελῶν,
3179 1555 3274 1608 xui
3305 1555 3633 1626 σπλάγχνων
3661 1559 3752 1628 pq-

2153 1638 2284 1707 ξεις,
2322 1642 2415 1694 xui
2451 1641 2745 1712 ὀφθαλμῶν
2774 1643 3027 1709 ἐκϐολάς,
3061 1646 3156 1698 xui
3197 1645 3404 1699 σκελῶν
3438 1647 3751 1715 κατεάξεις,

2155 1731 2250 1784 καὶ
2279 1732 2435 1802 τῆξιν
2463 1731 2557 1786 τοῦ
2585 1733 2784 1798 παντὸς
2806 1735 3038 1808 ὀργάνου
3061 1735 3156 1789 xui
3179 1738 3562 1808 σπαραγμούς.
3593 1742 3754 1804 ﬂcio;

453 1823 616 1877 verba
655 1823 953 1878 terribilem
990 1823 1140 1877 illam
1170 1824 1495 1895 variamque
1527 1840 1746 1880 scenam
1779 1833 2039 1896 tanquam

2158 1825 2278 1878 κατ’
2303 1825 2459 1892 ἀξίαν
2487 1826 2588 1898 τὴν
2619 1827 2874 1898 ποικίλην
2901 1827 2968 1881 ἂν
3006 1828 3223 1899 ἐκείνην
3253 1830 3363 1882 τῶν
3403 1831 3753 1902 σκυθρωπῶν

453 1911 506 1965 in
542 1913 760 1981 pictura
785 1913 1118 1978 describent,
1145 1921 1240 1968 aut
1271 1915 1518 1968 omnium
1548 1915 1824 1970 mentibus
1852 1932 2050 1986 reprae-

451 2003 788 2058 sentabunt?
857 2006 1023 2060 llecte
1083 2004 1284 2076 aliquis
1332 2005 1538 2061 diceret
1595 2007 1881 2076 passiones
1929 2008 2051 2064 illas

453 2105 828 2164 tempestatem
876 2094 1046 2152 fuisse
1103 2097 1424 2167 quamdam,
1489 2097 1748 2167 procellis
1801 2095 2049 2152 fulmini-

451 2187 662 2259 busque
714 2188 1066 2252 immanibus,
1102 2189 1153 2243 id
1203 2197 1308 2254 est,
1351 2189 1707 2254 cruciatibus,
1745 2190 2044 2259 agitatam:

450 2287 545 2334 aut
576 2279 938 2334 infernalibus
977 2281 1176 2350 poenis,
1214 2295 1334 2350 qua:
1366 2281 1564 2351 impios
1598 2292 1840 2347 manent,
1872 2283 2044 2336 nihilo

450 2370 708 2425 inferiora
739 2379 832 2424 aut
865 2372 1086 2426 mitiora
1144 2373 1259 2428 haec
1311 2371 1485 2428 fuisse
1525 2373 1814 2443 supplicio.
1870 2371 2046 2428 Etiam

450 2463 556 2518 hoc
584 2477 806 2518 cernere
828 2472 966 2528 erat,
995 2463 1281 2521 carniﬁces
1308 2481 1523 2536 nempe,
1562 2475 1823 2537 tanquam
1852 2467 2045 2532 furias,

449 2556 1090 2626 martyresinvadeutes,
1149 2573 1263 2612 suae
1298 2558 1490 2613 validae
1530 2559 1898 2629 improbitatis
1933 2563 2044 2616 vim

447 2657 854 2717 expromentes,
880 2647 1114 2718 ingeniis
1144 2648 1412 2707 maleﬁcis
1439 2651 1769 2717 territantes,
1797 2654 2046 2724 dirisque

449 2735 687 2792 inventis
748 2741 1150 2794 excruciantes.
1193 2740 1348 2795 Alius
1394 2742 1542 2796 enim
1589 2743 1756 2796 alium
1812 2745 2045 2801 inventis

449 2826 566 2882 suis
625 2838 976 2898 praeverteris,
1027 2830 1234 2899 primas
1303 2830 1446 2886 ferre
1497 2834 1761 2901 certabat,
1797 2851 1904 2891 uno
1935 2837 2043 2891 sibi

449 2929 617 2987 scopo
655 2919 938 2988 proposito
979 2930 1282 2989 martyrum
1333 2920 1551 2974 excidii.
1601 2921 1706 2976 Sed
1759 2925 2041 2994 praemium

449 3008 667 3062 tandem
698 3008 829 3077 ipsis
859 3008 1091 3079 contigit
1139 3010 1314 3079 pudor
1350 3021 1406 3064 et
1451 3011 1700 3077 infamia,
1732 3014 1863 3068 dum
1914 3030 2036 3070 sce-

446 3097 587 3155 lesto
621 3108 676 3154 et
721 3100 924 3155 imbelli
969 3089 1351 3173 obtemperant
1392 3104 1518 3160 duci
1575 3106 1824 3162 draconi.
1851 3105 2040 3178 Pugna

446 3190 591 3246 enim
649 3192 927 3262 insperato
985 3194 1259 3251 miraculo
1335 3207 1672 3252 commutata
1723 3210 1808 3254 est
1852 3219 1865 3254 :
1917 3217 2044 3256 nam

447 3284 804 3340 carniﬁcibus
825 3287 1060 3343 defectio
1079 3288 1301 3354 virium,
1333 3298 1605 3360 torpores,
1644 3293 2047 3347 membrorum-

451 3389 560 3443 que
585 3376 856 3447 paralysis
889 3380 1228 3444 acciderunt,
1287 3396 1498 3435 necnon
1544 3391 1833 3448 tremores,
1881 3386 2046 3439 verti-

449 3466 623 3536 gines,
667 3471 864 3524 anima:
894 3470 1154 3542 deliquia,
1218 3471 1532 3542 defatigatis
1570 3474 1755 3530 labore
1787 3476 1959 3530 multo
1991 3485 2046 3532 et

448 3573 590 3614 vana
622 3561 966 3616 cruciatuum
1001 3562 1425 3633 excogitatione.

514 3826 604 3882 55.
640 3825 708 3882 At
740 3841 872 3883 vero
901 3827 1022 3884 lldei
1053 3828 1379 3886 defensores
1429 3829 1711 3886 doloribus
1743 3831 1924 3902 potius
1954 3847 2042 3887 ro-

447 3918 815 3987 borabantur,
849 3929 905 3976 et
932 3937 961 3976 a
996 3921 1278 3977 laboribus
1307 3922 1416 3977 vim
1448 3922 1824 3994 accipiebant,
1853 3933 2042 3995 totque

449 4011 706 4080 periculis
737 4022 792 4068 et
830 4013 1177 4068 cruciatuum
1205 4014 1553 4070 multitudine
1581 4015 1833 4071 obdurati
1855 4060 1870 4084 ,
1907 4017 2040 4073 solis

445 4101 624 4158 instar
654 4103 942 4172 lucebant,
990 4115 1155 4176 atque
1196 4113 1258 4160 ut
1309 4107 1404 4162 nix
1446 4108 1836 4176 albescebant;
1876 4120 2041 4181 atque

444 4192 518 4248 ita
549 4209 674 4249 cum
707 4195 877 4250 nobili
906 4195 1234 4252 confidentia
1269 4198 1599 4254 adversariis
1629 4199 2034 4256 inclamabant:

452 4301 471 4333 ι
498 4281 781 4339 Undenam
828 4286 987 4340 vobis
1023 4295 1174 4341 tanta
1212 4289 1416 4344 erroris
1455 4291 1674 4345 caecitas
1711 4291 1767 4346 in
1804 4293 2038 4364 pupillas

445 4375 645 4430 mentis
669 4376 939 4431 incurrit?
967 4376 1104 4445 Quis
1134 4387 1347 4435 vestros
1372 4382 1590 4437 animos
1610 4397 1638 4436 a
1672 4393 1823 4439 recto
1859 4385 2036 4442 ofﬁcio

2155 1916 2253 1970 xui
2281 1916 2649 1989 πολυμόρφων
2679 1919 3126 1990 δραματουργίαν
3152 1921 3230 1986 ώς
3258 1923 3316 1976 ἐν
3343 1923 3511 1978 εἰκόνι
3537 1924 3752 1996 ζωγρα-

2155 2008 2384 2080 φήσειεν
2405 2009 2584 2079 λόγος,
2615 2011 2710 2064 xui
2747 2015 2869 2076 ταῖς
2896 2012 3161 2078 διανοίαις
3203 2017 3422 2070 πάντων
3452 2017 3750 2070 ἀποτυπώ-

2155 2117 2350 2170 σηται;
2389 2104 2616 2173 Φήσειεν
2651 2106 2717 2162 ἄν
2759 2125 2844 2172 τις
2885 2108 3160 2181 εὐκαίρως
3195 2110 3370 2188 εἰπὼν
3394 2111 3646 2182 χειμῶνα
3680 2114 3752 2166 τὰ

2153 2190 2275 2244 τότε
2301 2191 2448 2266 πάθη
2484 2196 2578 2248 καὶ
2603 2198 2884 2267 καταιγίσι
2913 2201 3009 2253 καὶ
3039 2201 3305 2271 σκηπτοῖς
3331 2203 3593 2274 ἀμέτροις
3624 2208 3752 2268 ταῖς

2153 2281 2404 2352 βασάνοις
2425 2287 2901 2358 περικλυζόμενον·
2926 2290 2959 2361 ἢ
2983 2290 3147 2362 μηδὲν
3169 2290 3278 2344 τῶν
3294 2292 3415 2346 καθ’
3436 2293 3560 2364 ᾅδου
3579 2312 3757 2363 τιμω-

2151 2374 2304 2444 ριῶν,
2338 2375 2394 2429 αἳ
2422 2381 2530 2441 τοῖς
2559 2379 2781 2448 ἀνόμοις
2812 2380 3141 2450 όφείλονται,
3172 2383 3343 2437 ταῦτα
3377 2384 3555 2438 δοκεῖν
3583 2387 3744 2441 ἐλάτ-

2148 2463 2281 2517 τονά
2314 2483 2374 2518 τε
2405 2469 2500 2520 xui
2542 2469 2919 2543 εὐτελέστερα.
2951 2467 3061 2526 Ἦν
3093 2473 3151 2526 δέ
3182 2477 3275 2528 xui
3312 2475 3472 2529 τοῦτο
3515 2477 3644 2530 ἰδεῖν
3672 2479 3749 2543 ὡς

2148 2557 2403 2628 ἐριννύας
2425 2560 2551 2625 τοὺς
2580 2561 2859 2632 ὑπηρέτας
2892 2565 3292 2636 ἐφαλλομένους
3313 2569 3424 2632 τοῖς
3461 2569 3746 2640 ἀθληταῖς,

2148 2650 2398 2722 καὶπρὸς
2423 2653 2640 2706 εὐτόνου
2665 2656 2868 2720 κακίας
2888 2657 3146 2722 ἐπίδειξιν
3171 2662 3522 2730 σπεύδοντας,
3543 2665 3639 2717 καὶ
3662 2664 3753 2717 δε-

2147 2741 2495 2811 διττομένους
2519 2748 2643 2810 ταῖς
2668 2749 2953 2814 ἐπινοίαις,
2980 2751 3072 2804 xui
3111 2750 3394 2817 θλίϐοντας
3433 2759 3547 2820 τοῖς
3578 2759 3742 2827 χαλε⁹

2150 2835 2272 2896 ποῖς
2305 2836 2679 2907 ἐφευρήμασιο
2711 2839 2871 2904 ἄλλος
2904 2843 3014 2914 γὰρ
3047 2843 3205 2898 ἄλλον
3229 2849 3343 2910 τοῖς
3365 2848 3742 2920 ἐφευρήμασι-

2148 2925 2466 2996 φθάνοντες,
2498 2929 2560 2983 τὸ
2591 2937 2857 3002 πρωτεῖον
2889 2935 3035 3006 ἔχειν
3079 2938 3450 3008 ἐφιλονείκουν
3483 2943 3624 3014 πρὸς
3657 2945 3751 3000 τὸν

2149 3019 2352 3075 σκοπὸν
2401 3022 2711 3093 συμφώνως
2760 3025 3188 3099 εὑθυποροῦντες
3230 3033 3323 3086 τοῦ
3355 3034 3723 3108 ὀλισθήματος

2149 3109 2258 3163 Καὶ
2285 3110 2440 3175 τέλος
2460 3113 2646 3176 αὑτοῖς
2668 3114 2920 3187 βραϐεῖον
2942 3119 3170 3191 αἰσχύνη
3202 3123 3299 3174 καὶ
3323 3122 3527 3189 ὀνειδος
3557 3129 3740 3198 ἐγενή-

2150 3199 2216 3272 θη
2259 3202 2485 3275 πονηρῷ
2517 3203 2595 3274 τῷ
2624 3205 2746 3274 ὄφει
2776 3209 2872 3262 xui
2901 3209 3165 3284 ἀπολέμῳ
3196 3213 3548 3285 πειθομένοις
3577 3235 3730 3288 στρα-

2147 3293 2476 3368 τοπεδάρχῃ’
2535 3297 2940 3370 ἁντέστραπται
2993 3305 3101 3375 γὰρ
3151 3307 3218 3360 τὰ
3268 3308 3369 3378 τῆς
3411 3310 3604 3375 τάξεως
3648 3314 3722 3372 εἰς

2149 3384 2451 3455 παράδοξον
2497 3386 2700 3460 θαῦμω
2750 3393 2865 3455 τοῖς
2921 3394 3021 3463 μὲν
3081 3397 3188 3467 γάρ
3235 3398 3583 3468 βασανισταῇ
3609 3401 3733 3454 ἀτο-

2146 3481 2255 3535 νίαι
2288 3482 2384 3537 xui
2417 3483 2618 3556 νάρκαι
2672 3487 2974 3558 καὶ-μελῶν
3004 3494 3263 3564 παρέσεις
3306 3497 3627 3562 συνέπεσον,
3659 3497 3738 3550 ἔτι

2143 3571 2202 3626 δὲ
2257 3575 2352 3627 καὶ
2407 3576 2600 3648 τρόμοι
2653 3579 2748 3632 καὶ
2781 3580 3016 3652 εἴλιγγοι
3059 3586 3155 3639 xui
3197 3589 3385 3642 πτοιαὶ
3423 3589 3604 3661 ψυχῆς
3635 3593 3740 3645 ἀπ-

2144 3667 2510 3733 αγορεύσασιν
2536 3671 2594 3724 ἐν
2617 3671 2799 3743 πολλῷ
2837 3677 3069 3748 καμάτῳ
3117 3679 3210 3734 xui
3240 3681 3512 3750 διακένοις
3545 3687 3735 3756 τεχνά-

2146 3771 2366 3824 σμασιν.

2214 3843 2315 3913 λγθ.
2365 3848 2428 3900 Οἱ
2467 3848 2525 3902 δὲ
2570 3850 2670 3920 τῆς
2719 3850 2958 3918 πίστεως
3007 3857 3281 3929 πρόμαχοι
3322 3864 3440 3926 ταῖς
3475 3863 3735 3936 ἀλγηδόσι

2146 3937 2347 4008 μᾶλλον
2373 3939 2752 4013 ἐρῤώσθησαν,
2796 3946 2890 3999 xui
2917 3949 3030 4011 τοῖς
3070 3950 3251 4015 πόνοις
3286 3954 3386 4024 τὴν
3419 3957 3573 4025 ἰσχὺν
3610 3975 3740 4010 συν-

2142 4029 2416 4096 ελέξαντο,
2462 4033 2558 4087 xui
2591 4037 2702 4100 τοῖς
2742 4037 2960 4103 πολλοῖς
2992 4041 3258 4106 κινδύνοις
3313 4049 3734 4116 στερεωθέντες,

2140 4121 2218 4192 τῷ
2250 4123 2446 4196 πλήθει
2489 4128 2598 4179 τῶν
2638 4131 2936 4203 αἰκισμῶν,
2981 4135 3130 4205 ἡλίου
3169 4137 3327 4209 δίκην
3368 4142 3734 4211 ἀπέστιλψαν,

2141 4214 2234 4268 xui
2261 4214 2338 4281 ὡς
2371 4215 2504 4288 χιὼν
2547 4218 2969 4295 ἐλευκάνθησαν·
3007 4227 3150 4282 οὕτω
3187 4247 3247 4284 τε
3297 4233 3436 4302 μετά
3479 4235 3730 4302 γενναίου

2141 4306 2493 4376 φρονήματος
2525 4307 2842 4373 ἐπεφώνουν
2870 4316 2984 4379 τοῖς
3017 4316 3301 4383 ἐναντίοιςο
3339 4341 3357 4372 ι
3385 4323 3561 4377 Πόθεν
3600 4327 3730 4394 ὑμῖν

2140 4396 2173 4465 ὴ
2203 4396 2442 4467 τοσαύτη
2488 4399 2587 4470 τῆς
2618 4401 2837 4474 ἀπάτης
2871 4404 3206 4476 ἀμϐλυωπία
3251 4415 3372 4476 ταῖς
3407 4414 3600 4485 κόραις
3632 4418 3730 4488 τῆς

451 4465 706 4519 deﬂexit?
736 4465 927 4522 Nonne
957 4469 1247 4526 manifeste
1273 4473 1520 4539 cernitis,
1554 4489 1651 4530 vos
1675 4476 1759 4531 vel
1789 4477 1908 4531 sine
1937 4476 2035 4531 fla-

2146 4489 2378 4555 διανοίας
2405 4465 2741 4564 ἐνέσκηπται
2763 4465 2966 4561 ίς’ὀ
2988 4497 3079 4552 τὸν
3110 4500 3234 4554 νοῦν
3275 4465 3609 4559 ἀποπλάνῶν
3631 4465 3725 4560 rei“:

457 4555 612 4627 gellis
637 4568 819 4613 tamen
863 4561 1020 4630 pejus
1051 4561 1283 4618 addictis
1318 4563 1633 4623 hominibus
1667 4569 1886 4638 puniri?
1921 4569 2034 4627 Nos

450 4655 634 4701 autem
669 4649 754 4702 his
781 4651 1122 4706 cruciatibus
1145 4693 1160 4717 ,
1211 4662 1471 4724 tanquam
1509 4658 1736 4715 ludicris
1776 4659 1830 4714 in
1867 4663 2031 4732 palm-

451 4747 564 4793 stra
596 4751 687 4794 aut
713 4742 1004 4811 gymnasio
1031 4744 1478 4803 meditationibus
1509 4751 1842 4817 exerceri,ut
1868 4752 2033 4822 spiri—

443 4830 522 4885 tui
570 4833 834 4901 majorem
875 4834 1166 4891 sanitatem
1211 4837 1791 4910 pulchritudinemque
1839 4847 2030 4915 acqui-

441 4923 666 4978 ramus?
705 4922 936 4979 Ubinam
964 4927 1133 4993 ,vobis
1164 4945 1447 4988 sermones
1479 4934 1778 4992 artiﬁciose
1803 4954 2030 5010 compo-

436 5015 529 5082 _siti
557 5055 571 5077 ,
630 5017 858 5085 poetica:
906 5016 1144 5086 fabula,
1193 5022 1568 5080 doctrinarum
1596 5029 1796 5099 capia?
1836 5030 2029 5088 Nonne

439 5107 622 5162 omnia
670 5124 858 5164 coram
910 5111 1144 5182 simplici
1196 5115 1444 5172 veritatis
1490 5119 1739 5176 oratione
1780 5121 1941 5177 silent
1962 5131 2029 5178 et.

440 5199 822 5256 sull'ocantur?
868 5201 926 5257 Si
964 5218 1096 5275 ergo
1143 5220 1322 5276 neque
1363 5223 1545 5264 sermo
1576 5211 1732 5267 vobis
1769 5223 1852 5269 est
1889 5229 2025 5270 con-

439 5301 593 5346 stans
639 5306 704 5347 ac
746 5300 900 5348 tutus
921 5335 938 5359 ,
970 5303 1027 5349 et
1055 5307 1251 5352 vestra:
1281 5300 1586 5369 tyrannidis
1618 5315 1781 5372 opera
1816 5320 2024 5375 propu-

439 5384 672 5450 gnaculo
711 5385 834 5440 ﬁdei
859 5385 1105 5444 diffracta
1137 5390 1447 5457 solvuntur,
1479 5406 1543 5447 ac
1571 5392 1681 5462 jam
1709 5405 1855 5466 terga
1883 5399 2024 5454 datis

442 5475 633 5530 faciem
669 5477 898 5546 pudoris
929 5495 1095 5535 causa
1127 5482 1406 5547 velantes,
1457 5498 1558 5538 cur
1599 5485 1758 5541 nobis
1781 5489 1871 5557 qui
1905 5505 2024 5558 per-

439 5567 773 5623 secutionem
813 5570 1054 5638 patimur
1086 5587 1182 5627 vos
1221 5571 1434 5644 fugitivi
1469 5589 1580 5628 non
1623 5576 2020 5649 adjungimini,

440 5658 647 5713 utvicti
681 5661 852 5730 magis
883 5677 1046 5731 quam
1095 5670 1421 5732 potestatem
1473 5675 1718 5722 tenentes
1742 5708 1756 5733 ,
1794 5669 2019 5740 gloriam

441 5749 890 5816 consequamiui?
940 5753 1076 5808 Nam
1127 5755 1288 5811 nobis
1341 5755 1562 5826 quidem
1617 5757 1744 5814 hinc
1791 5763 2017 5819 victoria

2138 4582 2504 4654 καθήκοντος;
2531 4587 2641 4658 Οὑχ
2663 4591 2826 4659 ὁρᾶτε
2855 4589 3126 4660 διαφανῶς
3147 4595 3223 4657 ώς
3251 4596 3408 4665 ὑμεῖς
3441 4599 3542 4668 μὲν
3563 4602 3729 4656 κολάο

2137 4672 2296 4738 ζεσθε
2325 4679 2605 4748 μαστίγων
2626 4679 2752 4751 δίχα
2775 4684 3120 4754 κατακρίτων
3139 4687 3349 4759 ἀνδρῶν
3370 4690 3724 4764 ἀθλιώτερον,

2136 4768 2298 4836 ἡμεῖς
2335 4767 2391 4821 δέ
2421 4771 2542 4834 ταῖς
2594 4769 2850 4840 βασάνοις
2905 4775 2981 4838 ὡς
3018 4777 3075 4829 ἐν
3110 4778 3424 4853 παλαίστρᾳ
3469 4784 3726 4856 μελέταις

2133 4860 2244 4913 τισὶ
2280 4860 2376 4914 xui
2426 4864 2747 4934 γυμνασίοις
2773 4867 3115 4940 ἀσκούμεθα,
3148 4871 3284 4944 πρὸς
3307 4874 3518 4941 εὐεξίαν
3551 4881 3726 4934 ἐπιδι-

2131 4950 2311 5042 δόντες
2339 4953 2436 5042 xui
2465 4954 2775 5026 ὡραιότητα
2805 4958 2903 5030 τὴν
2927 4963 2984 5013 ἐν
3019 4952 3337 5034 Πνεύματι;
3366 4967 3476 5021 Ποῦ
3503 4969 3562 5023 δὲ
3589 4973 3724 5042 ὑμῖν

2131 5037 2188 5092 αἱ
2223 5040 2332 5095 τῶν
2367 5040 2541 5110 λόγων
2575 5042 2874 5100 πλεκτάναι
2907 5049 3004 5102 xui
3041 5051 3088 5103 οἱ
3118 5055 3398 5125 ποιητικοί
3429 5055 3590 5126 μύθοι
3624 5037 3724 5114 καὶ

2128 5132 2190 5186 τὸ
2215 5132 2422 5205 πλῆθος
2451 5134 2558 5189 τῶν
2585 5136 2960 5210 μαθημάτων;
3011 5143 3146 5215 Οὑχὶ
3207 5147 3386 5201 πάντα
3431 5149 3511 5220 τῷ
3562 5153 3724 5224 ἀπλῷ

2127 5227 2228 5295 τῆς
2265 5225 2524 5296 ἀληθείας
2560 5228 2704 5301 λόγῳ
2742 5235 2924 5305 σιωπᾷ
2974 5236 3071 5290 xui
3105 5238 3458 5309 πεφίμωται;
3513 5244 3576 5297 Εἰ
3627 5241 3722 5299 οὖν

2131 5319 2270 5388 μήτε
2299 5321 2327 5372 ὀ
2356 5317 2513 5388 λόγος
2564 5321 2694 5393 ὑμῖν
2728 5323 2946 5394 βέϐαιός
2972 5344 3032 5381 τε
3062 5329 3156 5382 xui
3199 5331 3470 5404 ἀσφαλὴς,
3519 5337 3615 5390 xui
3657 5337 3719 5390 τὸ

2124 5409 2286 5477 ἔργον
2314 5410 2413 5482 τῆς
2445 5410 2566 5465 καθ’
2592 5416 2626 5485 ἡ
2636 5414 2753 5484 μῶν
2774 5418 3088 5488 τυραννίδος
3126 5422 3231 5476 ὑπὸ
3258 5425 3506 5497 προϐόλῳ
3530 5429 3596 5499 τῇ
3627 5429 3720 5483 πί-

2128 5519 2240 5556 στει
2271 5503 2571 5576 διαῤῥαγέν
2596 5509 2978 5579 καταλέλυται,
3010 5516 3104 5568 xui
3127 5517 3273 5572 νῶτα
3304 5519 3574 5576 δεδώκατε
3612 5541 3713 5577 κα-

2124 5593 2416 5663 λυφθέντες
2443 5597 2499 5650 τὸ
2524 5601 2814 5671 πρόσωπον
2841 5607 3100 5679 ἐντροπῇ,
3123 5610 3174 5662 τί
3209 5609 3284 5681 μὴ
3303 5615 3424 5678 -τοῖς
3450 5614 3714 5686 διωκομέ-

2123 5705 2233 5751 νοις
2260 5689 2390 5760 ἡμῖν
2413 5692 2650 5760 φυγάδες
2679 5695 2832 5761 ὄντες
2871 5700 3277 5768 συντάσσοισθε,
3319 5707 3413 5760 xui
3440 5707 3542 5776 τῆς
3564 5710 3711 5776 ἐξου-

2125 5778 2243 5843 σίας
2275 5781 2597 5861 ποιῆσοελτὸ
2637 5785 2736 5858 τῆς
2763 5788 2933 5860 ἦττης
2977 5793 3178 5865 κράτος
3227 5799 3705 5871 περιφανέστερον,
