3994 6430
266 300 372 365 517

1324 301 1713 363 LAUDA‘TIO
1749 302 2065 367 OMNIUM
2110 305 2562 369 MARTYRUM.

3483 309 3592 376 518

279 414 354 474 ὡς
375 411 442 465 ἂν
476 409 621 480 ὑμῖν
645 408 900 464 ἐντεῦθεν
924 410 984 464 τδ
999 411 1158 483 νικᾷν
1182 410 1536 485 περιγένηται
1557 431 1571 480 ;
1603 414 1887 485 Κρείσσων

1997 415 2295 487 consurgit.
2338 415 2533 470 Melior
2561 423 2648 471 est
2677 414 2820 472 enim
2859 415 3085 472 illustris
3119 417 3388 484 tenuitas,
3423 433 3590 487 quam

291 504 402 573 γαρ
457 500 620 572 δόξης
685 496 905 572 ἀτίμου’
948 502 1197 556 εὐτέλεια
1246 503 1497 575 εὐκλεὴς,
1552 506 1648 558 καῖ¹
1699 523 1893 576 μικρο-

296 591 531 663 πρεποῦς
574 591 764 662 ἀρχῆς
830 591 1184 664 μεγαλοφυὴς
1227 593 1539 666 μετριότης,
1587 597 1684 650 καὶ
1726 595 1893 666 ὕψους

290 684 631 755 ἐπισφαλοῦς
662 686 993 756 ταπεινότης
1021 685 1320 750 ἀκίνδυνος’
1343 690 1457 750 τοῖς
1479 687 1768 760 ἡμετέροις
1783 706 1892 742 τοι-

283 776 487 848 γαροῦν
514 779 730 848 ἴχνεσιν
752 778 1252 849 ὲπακολουθήσατε,
1275 779 1370 832 καὶ
1394 780 1521 844 τοὺς
1545 781 1644 851 τῆς
1669 780 1892 849 ἀγνοίας

271 869 651 940 χαρακτῆρας
680 869 1215 940 προαπαλείψαντες,
1236 871 1328 924 τὸν
1350 869 1494 924 θεῖον
1518 873 1617 941 τῆς
1637 871 1893 940 γνώσεως

266 966 442 1034 νόμον
485 966 546 1016 ὲν
587 963 841 1033 πτυκτίῳ
870 963 969 1032 τῆς
1000 963 1229 1034 καρδίας
1267 963 1420 1035 ὑμῶν
1450 964 1674 1034 γραφίδι
1725 962 1890 1016 πνεύ-

270 1074 455 1128 ματος
506 1059 680 1128 ἡμεῖς
731 1055 1214 1126 μετεγγράψυμεν·
1262 1055 1320 1109 ὃν
1355 1056 1586 1126 ἐγγύθεν
1619 1057 1889 1125 ἀναγινώ-

270 1167 533 1213 σκοντες,
573 1147 897 1220 μαθήσεσθε
945 1148 1127 1213 καλῶς
1162 1152 1356 1212 ποιεῖν,
1393 1149 1454 1202 τὸ
1490 1137 1659 1203 κακὸν
1702 1149 1890 1202 ἀποδι-

272 1242 635 1312 δασκόμενοι·
666 1241 908 1309 γενέσθω
940 1241 1068 1311 ὑμῖν
1103 1241 1473 1296 διδασκαλεῖον
1500 1242 1562 1295 τὸ
1594 1241 1889 1312 προκείμε-

281 1356 370 1391 νον
397 1336 782 1407 δικαστήριον
807 1334 886 1405 τῷ
911 1334 1270 1404 ὑποδείγματι
1294 1334 1721 1406 σωφρονίσθητε.
1754 1333 1889 1387 Τίνα

286 1430 393 1483 τῶν
423 1429 649 1482 πάντων
684 1426 843 1497 ὑμῶν
878 1425 1050 1490 οὕτως
1081 1427 1224 1497 ζωῆς
1258 1426 1418 1496 ἔρως,
1455 1427 1532 1491 ὡς
1554 1427 1702 1498 ἡμᾶς
1727 1424 1889 1480 θανά-

288 1541 382 1576 του
428 1521 650 1590 κατέχει
687 1518 777 1572 διὰ
809 1519 1077 1589 Χριστόν;
1119 1518 1194 1571 Τὸ
1231 1518 1343 1588 πῦρ
1369 1521 1499 1589 ἡμῖν
1529 1519 1707 1589 χιόνος
1735 1519 1887 1573 οὐδὲν

288 1615 612 1683 διενήνοχεν·
647 1613 676 1664 ὁ
712 1610 937 1682 σίδηρος
965 1610 1068 1662 ὑπὸ
1099 1607 1210 1662 τῶν
1250 1611 1537 1681 ἡμετέρων
1578 1609 1887 1664 ἐκδαπανᾶ-

281 1722 371 1758 ται
395 1705 602 1776 μελῶν,
635 1703 830 1775 ὥσπερ
856 1703 1124 1773 ἀδάμαντι
1149 1705 1263 1766 τοῖς
1294 1701 1512 1773 σώμασι
1536 1701 1881 1774 προσπεσών’

2006 506 2177 573 gloria
2211 505 2471 574 infamis;
2508 506 2703 561 melior
2726 507 2993 563 modestia
3019 507 3388 579 magnanima,
3423 524 3594 579 quam

2005 609 2131 649 cum
2185 607 2418 666 angusto
2466 598 2653 652 animo
2705 599 3049 665 dominatio;
3105 599 3301 655 melior
3357 599 3594 671 denique

2001 697 2196 738 secura
2240 683 2546 756 humilitas,
2579 705 2743 758 quam
2777 689 2988 744 lubrica
3024 690 3337 744 excelsitas.
3393 688 3591 744 Nostra

2001 775 2164 847 igitur
2197 779 2422 850 vestigia
2460 782 2792 852 sequimini,
2826 792 2911 846 et,
2945 783 3140 838 deletis
3182 782 3416 838 inscitiae
3461 782 3594 836 cha-

1998 856 2304 923 racteribus
2327 909 2344 932 ,
2381 870 2580 926 divina:
2624 874 2884 927 doctrina:
2917 873 3089 943 legem
3126 872 3181 926 in
3215 872 3398 929 cordis
3425 871 3593 927 vestri

1998 958 2362 1028 pugillaribus
2396 963 2623 1031 spiritus
2660 965 2870 1018 calamo
2904 978 3004 1019 nos
3039 963 3344 1018 scribemus
3373 981 3387 1017 :
3424 978 3591 1033 quam

2000 1048 2254 1104 coruinus
2307 1051 2654 1117 lectitantes,
2704 1054 2841 1107 bene
2890 1068 3051 1124 agere
3102 1055 3455 1109 condiscetis.
3509 1052 3594 1108 Sit

1997 1141 2154 1197 vobis
2184 1144 2387 1200 scholae
2417 1146 2590 1202 instar
2624 1163 2865 1217 praesens
2898 1149 3172 1213 tribunal,
3206 1147 3310 1202 hoc
3342 1147 3592 1216 exemplo

1997 1233 2355 1306 corrigimini.
2400 1237 2702 1304 Quemnam
2745 1254 2810 1294 ex
2867 1240 3123 1294 universo
3149 1248 3330 1294 vestro
3361 1252 3594 1293 numero

1997 1333 2182 1380 tantus
2210 1329 2340 1383 vitae
2374 1344 2530 1383 amor
2557 1338 2723 1395 tenet,
2757 1339 2994 1398 quantus
3025 1345 3122 1384 nos
3154 1331 3345 1385 mortis
3370 1338 3594 1400 propter

1995 1412 2272 1472 Christum
2312 1419 2633 1473 obeundae?
2683 1419 2832 1488 Ignis
2881 1420 3043 1475 nobis
3097 1419 3322 1489 perinde
3375 1427 3436 1472 ut
3489 1419 3586 1473 uix

1994 1521 2119 1568 est:
2163 1509 2367 1566 ferrum
2405 1525 2435 1563 a
2468 1509 2731 1564 membris
2764 1511 2968 1564 nostris
2993 1510 3358 1575 consumitur,
3395 1525 3594 1579 nempe

1997 1607 2050 1660 in
2085 1617 2318 1673 corpora
2359 1610 2622 1671 tanquam
2665 1601 2718 1655 in
2765 1601 3109 1655 adamantem
3141 1601 3388 1656 incidens
3418 1616 3432 1652 :
3469 1615 3594 1654 car-

1996 1697 2186 1751 nifices
2215 1694 2478 1749 debilitati
2517 1709 2653 1763 pene
2687 1694 3074 1748 exanimantur
3096 1734 3110 1759 ,
3147 1693 3253 1747 nisi
3281 1707 3349 1747 ex
3393 1699 3593 1747 nostrae

271 1802 322 1853 οξ
355 1799 639 1870 ὑπηρέται
672 1796 872 1868 μικροῦ
907 1796 1162 1850 τεθνᾶσιν
1207 1797 1300 1849 ὑπ’
1337 1796 1578 1859 ἀτονίας,
1614 1798 1663 1848 εί
1699 1797 1773 1868 μή
1805 1811 1887 1860 τις

1997 1787 2323 1842 constantia:
2377 1793 2681 1855 conspectu
2740 1783 3142 1855 aliquantulum
3201 1784 3334 1854 ipsis
3389 1783 3590 1837 virium

267 1895 465 1954 αὐτοῖς
502 1892 736 1962 βραχεῖα
773 1889 863 1942 διὰ
895 1890 996 1958 τὴν
1033 1892 1132 1960 τῆς
1183 1887 1339 1959 ἡμῶν
1392 1889 1690 1960 καρτερίας
1723 1887 1888 1957 φανέ-

283 2004 490 2057 ρωσιν,
532 1983 739 2038 ἀνωθεν
779 1983 930 2054 ἰσχῦς
961 1982 1310 2050 ὲπιψεκάσοι.
1340 1983 1512 2054 Νόμῳ
1542 1981 1671 2054 θείῳ
1705 1981 1890 2036 πειθό-

294 2095 484 2148 μενοι,
517 2078 620 2130 καὶ
651 2075 784 2146 ὑπὲρ
822 2074 971 2144 ὑμῶν
1003 2074 1113 2129 τῶν
1139 2074 1558 2146 ἐπηρεαζόντων
1590 2073 1885 2146 εὐχόμεθα,

290 2168 605 2230 κοινωνοὺς
651 2167 784 2235 ὑμᾶς
818 2165 957 2236 ἔχειν
990 2165 1100 2218 τῶν
1137 2165 1228 2219 τοῦ
1276 2165 1516 2237 Χριστοῦ
1545 2166 1888 2237 δωρημάτων

283 2260 642 2330 βουλόμενοι·
674 2259 800 2312 διότι
843 2260 940 2313 καὶ
973 2259 1114 2332 ὑπὲρ
1147 2259 1300 2331 ὑμῶν
1335 2259 1398 2313 τὸ
1436 2260 1577 2314 θεῖον
1607 2261 1763 2331 ἐδόθη
1796 2261 1888 2314 λύ-

270 2370 408 2420 τρον
441 2351 583 2421 πρὸς
610 2351 708 2421 τὴν
746 2352 808 2403 ἐκ
830 2351 931 2421 τῆς
968 2351 1350 2421 αἰχμαλωσίας
1380 2351 1703 2423 ἀνάρρυσιν.
1742 2352 1887 2416 Ἕως

265 2446 376 2516 μὲν
400 2445 505 2498 ἐπὶ
529 2444 659 2513 γῆς,
678 2443 778 2506 τὰς
797 2443 902 2497 ὑπὸ
923 2444 1025 2514 γῆν
1049 2443 1239 2508 ποινάς
1265 2443 1888 2515 μεθοδεύσωμενὍύδεὶς

263 2537 364 2590 τοῦ
399 2536 714 2606 συνδέσμου
753 2535 1140 2606 διαιρεθέντος,
1173 2535 1230 2587 ὲν
1258 2534 1360 2607 ᾄδῃ
1381 2534 1523 2606 μετά
1551 2534 1649 2606 τὴν
1670 2534 1888 2600 διάζευ-

272 2630 353 2696 ξιν
375 2627 879 2700 ἐξομολογήσηται.
905 2626 1090 2680 Δοῦλοι
1118 2626 1334 2682 δέδεσθε
1361 2626 1704 2698 χειροπέδαις
1726 2629 1888 2698 ὑμεῖς

277 2725 394 2784 ταῖς
430 2721 645 2784 ἀδίκοις
677 2719 790 2773 τῶν
820 2719 1021 2791 χειρῶν
1055 2718 1212 2790 ὑμῶν
1251 2718 1506 2790 πράξεσι·
1543 2719 1632 2772 διά
1668 2720 1777 2774 τῶν
1801 2719 1889 2772 δε-

283 2817 457 2886 σμίων
492 2813 678 2884 ἡμῶν,
712 2815 766 2866 εί
789 2829 855 2881 γε
885 2810 1255 2885 προαιρεῖσθε,
1284 2810 1604 2884 λυθήσεσθε.
1635 2810 1727 2884 Μὴ
1761 2811 1889 2883 μέλ-

277 2906 403 2959 λετε
431 2905 542 2968 οὖν,
577 2904 722 2975 μηδὲ
747 2901 1068 2956 ἀναλύεσθεο
1100 2903 1390 2974 πρόχειρος
1415 2903 1528 2974 γάρ
1549 2903 1696 2956 ἐστιν
1721 2905 1754 2974 ἡ
1782 2921 1889 2956 σω-

274 2999 442 3071 τηρία
473 2998 570 3052 καὶ
603 2996 829 3058 ἄπονος
861 2994 1150 3061 λούσασθε,
1179 2993 1409 3064 καθαροὶ
1451 2994 1694 3063 γένεσθε·
1730 2994 1888 3050 τοῦτο

275 3093 386 3145 τῶν
417 3089 605 3143 καλῶν
638 3088 700 3142 τὸ
728 3087 1048 3157 κεφάλαιον,
1073 3085 1150 3158 τῷ
1175 3085 1399 3158 ἐλαφρῷ
1426 3085 1518 3140 τοῦ
1548 3087 1884 3156 Εὐαγγελίου
1912 3122 1957 3183 C

268 3180 420 3250 ζυγῷ
464 3181 564 3232 τόν
605 3177 817 3249 αὐχένα
873 3175 1130 3248 χρηστῶς
1180 3175 1589 3244 ὑποκλίναντες,
1632 3177 1695 3230 τὸ
1741 3177 1882 3251 βαρὺ

261 3275 494 3346 φορτίον
534 3272 652 3324 τῶν
686 3269 1056 3341 πταισμάτων
1091 3267 1150 3334 ἐξ
1180 3267 1390 3322 ἑαυτῶν
1419 3269 1783 3342 ἀπορρίψατε.
1819 3273 1882 3324 Ei

265 3366 458 3436 φιλίας
496 3362 862 3433 προσχήματι
918 3357 1108 3412 τούσδε
1157 3359 1284 3422 τοὺς
1319 3358 1512 3428 λόγους
1559 3361 1761 3425 δειλίας
1791 3362 1884 3415 καὶ

275 3457 602 3527 ἀνανδρείας
631 3451 1076 3523 ὑπολαμϐάνετε,
1105 3451 1166 3504 τὸ
1191 3449 1340 3520 ξίφος
1367 3453 1496 3523 ὑμῖν
1520 3452 1790 3524 τεθήχθω,
1823 3454 1884 3508 τὸ

277 3549 394 3620 πῦρ
429 3545 784 3602 ἀνακαιέσθω
815 3544 1196 3616 σφοδρότερον,
1224 3545 1477 3615 ἀκμήτας
1503 3545 1629 3608 τοὺς
1659 3545 1886 3615 βασανι.

277 3641 414 3702 στὰς
449 3637 813 3708 ἐπιστήσατε.
840 3633 1112 3689 Τοσοῦτον
1135 3635 1268 3706 ἡμῖν
1298 3634 1546 3704 περίεστι
1570 3635 1632 3689 τδ
1657 3637 1756 3709 τῆς
1782 3637 1886 3708 ψυ-

273 3732 382 3803 χῆς
417 3728 762 3801 μεγαλόνουν
793 3726 1070 3798 ἀνδρικόν.
1098 3745 1118 3780 ι

346 3824 449 3876 λδν.
495 3821 655 3875 Ἐπεὶ
677 3821 736 3874 δὲ
770 3819 948 3874 ταῦτα
990 3815 1146 3874 εῐπον
1187 3823 1236 3876 οί
1267 3823 1564 3894 μάρτυρες,
1601 3823 1695 3878 καὶ
1720 3824 1750 3877 ό
1780 3841 1869 3878 σω-

289 3917 486 3984 τήριος
527 3913 685 3980 λόγος
721 3915 834 3977 τοῖς
863 3911 974 3965 τῶν
1013 3913 1322 3968 ἀκουόντων
1368 3915 1502 3970 ὠσὶν
1542 3916 1676 3970 ὡσεὶ
1716 3915 1885 3971 ἀσπί-

295 4006 393 4067 δος
426 4004 620 4074 κωφῆς
656 4002 867 4072 βὺουσιν
895 4001 1136 4074 ἐντυχὼν
1177 4002 1545 4069 διεσκέδαστο,
1579 4005 1888 4076 τηνικαῦτα

291 4098 362 4149 τὸ
393 4096 707 4148 τελευταῖον
730 4094 869 4163 βέλος
907 4095 1211 4163 ἐπαφέντες
1233 4097 1282 4149 οἱ
1311 4095 1585 4167 τύραννοι,
1617 4098 1755 4169 πρὸς
1783 4098 1889 4151 πᾶ-

291 4208 402 4244 σαν
426 4188 529 4259 ἤδη
555 4187 799 4259 μηχανὴν
822 4191 1090 4261 πονηρίας
1119 4191 1504 4262 ἀπειρηκότες,
1538 4190 1638 4261 τὴν
1667 4191 1760 4245 ἐπὶ
1789 4191 1888 4245 θα-

277 4285 436 4352 νάτῳ
459 4281 591 4344 τοὺς
610 4282 884 4346 γενναίους
917 4282 1236 4356 ἀπαχθῆναι
1268 4282 1691 4349 καταδικάζονσι
1724 4284 1889 4339 πολυ-

271 4374 516 4445 τρόποις
534 4371 737 4432 είδέαις
754 4371 1106 4442 διατάξαντες
1125 4375 1224 4446 τὴν
1247 4376 1545 4447 ἀναίρεσιν·
1565 4377 1614 4430 oi
1637 4376 1695 4430 δὲ
1719 4376 1888 4442 ὅντως

1993 1880 2336 1935 infundatur.
2373 1877 2450 1930 En
2501 1893 2602 1933 nos
2631 1877 2826 1932 divina:
2874 1877 2975 1948 legi
3021 1887 3276 1947 parentes
3307 1890 3406 1946 pro
3433 1876 3590 1931 vobis

1992 1988 2215 2044 quoque
2241 1986 2428 2026 errore
2470 1969 2713 2039 abreptis
2745 1984 2970 2024 oramus
2991 2007 3006 2034 ,
3034 1968 3456 2039 comparticipes
3486 1981 3588 2023 vos

1990 2070 2260 2124 donorum
2289 2063 2494 2119 Christi
2535 2063 2736 2118 habere
2778 2063 3063 2128 volentes,
3109 2063 3239 2133 quia
3286 2077 3385 2132 pro
3434 2062 3590 2117 vobis

1990 2173 2208 2228 quoque
2231 2158 2463 2227 pretium
2497 2156 2804 2226 impensum
2838 2153 2943 2209 fuit
2977 2165 3038 2209 ut
3083 2155 3398 2225 captivitate
3425 2170 3592 2226 expe-

1990 2248 2237 2302 diamini.
2267 2244 2522 2312 Quandiu
2574 2246 2629 2298 in
2673 2255 2815 2298 terra
2856 2245 3187 2308 versamini,
3233 2259 3429 2315 pwnas
3460 2258 3585 2314 quae

1990 2341 2094 2396 sub
2138 2349 2282 2394 terra
2324 2354 2422 2392 vos
2470 2347 2721 2403 manent,
2767 2336 3034 2390 redimere
3077 2336 3371 2391 conemini.
3416 2335 3589 2391 Nemo

1991 2443 2116 2504 post
2139 2432 2448 2502 disruptum
2478 2432 2637 2486 vitale
2659 2431 2964 2494 vinculum,
2992 2430 3044 2484 in
3071 2427 3264 2484 inferis
3289 2427 3398 2498 iam
3423 2443 3586 2498 sepa-

1992 2533 2142 2578 ratus
2165 2522 2535 2577 confitebitur.
2565 2519 2676 2576 V’os
2705 2522 2924 2590 quidem
2959 2535 3055 2574 ceu
3085 2520 3379 2574 servilibus
3409 2519 3588 2574 mani-

1991 2616 2092 2680 cis,
2124 2613 2347 2684 injustis
2371 2629 2635 2668 manuum
2658 2625 2967 2668 vestrarum
2989 2612 3200 2666 actibus
3227 2610 3584 2673 dctinemini;

1991 2708 2084 2766 sed
2115 2723 2147 2763 a
2179 2707 2337 2763 nobis
2365 2705 2616 2776 captivis,
2646 2706 2691 2760 si
2723 2712 2873 2761 certe
2902 2703 3091 2768 vultis,
3131 2703 3417 2758 solvemini
3445 2720 3460 2757 :
3497 2717 3587 2768 ne,

1989 2815 2325 2872 quaesumus,
2353 2813 2506 2854 mora
2535 2798 2627 2862 sit,
2650 2812 2826 2868 neque
2855 2796 2986 2852 hinc
3013 2795 3223 2850 abeatis
3264 2813 3277 2850 :
3314 2795 3367 2849 in
3399 2810 3587 2866 prom-

1989 2905 2085 2965 ptu
2117 2902 2201 2950 est
2246 2893 2398 2948 salus
2433 2906 2500 2946 ac
2540 2890 2762 2957 facilis;
2803 2890 3188 2960 baptizamini,
3227 2887 3584 2944 lustramini:

1993 2987 2110 3041 lucc
2141 2998 2227 3040 eat
2261 2984 2533 3038 bonorum
2568 2997 2807 3048 summa,
2851 2990 2933 3046 ut,
2986 2980 3089 3036 levi
3130 2979 3406 3052 Evangelii
3445 2981 3584 3051 jugo

1989 3076 2257 3133 cervicem
2305 3074 2544 3145 benigne
2592 3073 2979 3144 subjicientes,
3023 3088 3186 3144 grave
3232 3083 3582 3143 peccatorum

1993 3171 2207 3243 pondus
2239 3170 2432 3242 procul
2464 3169 2622 3224 vobis
2653 3167 2951 3238 abjiciatis.
2984 3164 3143 3232 Quod
3197 3166 3244 3222 si
3289 3165 3429 3221 forte
3479 3165 3583 3220 bos

1993 3279 2276 3321 sermones
2301 3264 2404 3320 sub
2445 3261 2826 3319 benivolentiae
2857 3262 3078 3331 quidem
3113 3261 3330 3332 specie,
3372 3259 3468 3317 sed
3502 3276 3590 3315 re-

1991 3373 2120 3415 vera
2163 3365 2344 3412 metus
2376 3370 2442 3411 ac
2476 3355 2708 3426 ignaviae
2735 3370 2904 3410 causa
2939 3369 2971 3408 a
3003 3353 3162 3408 nobis
3189 3353 3435 3424 prolatos
3470 3353 3589 3408 exi-

2007 3449 2268 3516 stimatis,
2299 3448 2404 3514 eia,
2430 3448 2638 3518 gladios
2655 3448 2851 3512 acuite,
2883 3447 3061 3518 ignem
3083 3447 3399 3502 succendite
3425 3447 3590 3502 vehe-

1991 3543 2339 3608 mentiorem,
2361 3539 2840 3606 recentesviribus
2862 3546 3098 3595 tortores
3121 3540 3396 3608 apponite.
3413 3535 3590 3594 Tanta

1995 3634 2154 3690 nobis
2185 3633 2329 3689 inest
2357 3631 2784 3700 magnanimitas
2811 3641 2863 3686 et
2896 3630 3158 3686 fortitudo
3185 3632 3198 3685 !
3227 3649 3248 3684 ι

2064 3815 2156 3870 ⁸54.
2189 3815 2488 3886 Postquam
2515 3815 2630 3870 haec
2651 3824 2919 3888 martyres
2943 3828 3354 3886 peroraverant,
3379 3835 3588 3876 sermo-

1994 3922 2103 3977 que
2144 3908 2401 3963 salutaris
2455 3909 2508 3962 in
2542 3907 2880 3964 audientium
2904 3925 3065 3966 aures
3091 3919 3350 3982 tanquam
3383 3914 3592 3984 aspidis

1995 3999 2176 4054 surda:
2203 3999 2489 4055 obturatas
2535 3998 2818 4052 immissus
2856 3999 3075 4053 evanuit
3100 4039 3115 4063 ,
3145 4007 3276 4055 tunc
3298 4000 3462 4055 telum
3491 4017 3588 4056 sn-

1997 4104 2246 4160 premum
2285 4089 2501 4158 tyranni
2529 4088 2868 4158 jaeulautes,
2906 4091 3056 4143 omni
3090 4091 3203 4161 jam
3233 4093 3440 4148 omisso
3474 4109 3588 4164 quo

1998 4199 2058 4240 se
2096 4181 2529 4253 defatigaverant
2569 4181 2790 4236 malitiae
2833 4182 3089 4248 artificio,
3137 4183 3206 4238 ad
3255 4186 3587 4255 supplicium

1996 4275 2125 4332 duci
2153 4288 2449 4348 generosos
2477 4274 2598 4330 illos
2624 4275 2917 4344 imperant,
2949 4290 3073 4331 cum
3108 4277 3368 4333 mandato
3403 4289 3464 4336 ut
3491 4297 3588 4336 va-

2000 4373 2084 4430 rio
2129 4373 2280 4429 necis
2309 4386 2509 4444 genere
2546 4372 2990 4442 exstinguantnr.
3027 4370 3203 4428 Porro
3240 4374 3294 4429 lii
3335 4391 3462 4432 vere
3497 4377 3586 4432 in-

274 4464 718 4534 ἀκαταμάχητοι
745 4468 844 4535 τῆς
872 4466 1132 4537 ἀληθείας
1168 4467 1487 4535 ἀγωνισταὶ,
1523 4467 1661 4538 πρὸς
1689 4467 1756 4522 τὰ
1789 4467 1887 4538 τῆς

1999 4468 2126 4523 victi
2160 4467 2284 4523 ﬁdei
2323 4463 2543 4522 athletm
2568 4507 2583 4533 ,
2625 4462 2694 4522 ad
2733 4465 2976 4520 victoriae
3020 4467 3244 4536 praemia
3269 4509 3286 4535 ,
3325 4477 3488 4539 atque
3518 4471 3588 4526 ad

279 4555 446 4624 νίκης
479 4554 723 4620 ἔπαθλα,
754 4557 850 4609 καὶ
877 4557 975 4630 τὴν
1003 4560 1058 4611 ὲν
1091 4557 1316 4630 Χριστῷ
1347 4559 1607 4613 ἀνάλυσιν
1635 4559 1892 4614 σπεύδον-

287 4662 407 4708 τες,
431 4646 624 4717 ἐπειδὴ
645 4647 794 4718 πρὸς
816 4650 944 4713 τοὺς
966 4651 1362 4721 ἀφορισθέντας
1388 4652 1585 4716 τόπους
1610 4653 1889 4721 γεγόνασι,

290 4738 436 4808 πρὸς
462 4737 638 4808 βραχὺ
676 4743 1153 4814 παραιτησάμενοι
1180 4745 1306 4808 τοὺς
1335 4745 1670 4814 ἀπάγοντας,
1702 4746 1797 4800 καὶ
1823 4750 1891 4818 τῇ

295 4831 402 4900 μὲν
434 4834 504 4901 τῇ
539 4832 608 4883 τά
645 4831 875 4902 σώματα
907 4834 1246 4906 κάμψαντες,
1275 4836 1412 4907 πρὸς
1454 4838 1684 4910 οὐρανὸν
1709 4839 1768 4893 δὲ
1798 4841 1891 4894 τὸν

289 4923 425 4976 νοῦν
467 4925 872 4991 ἀνατείναντες,
915 4928 1172 4992 τοιαύτας
1213 4931 1664 5002 εὐχαριστηρίους
1706 4935 1891 5004 φωνὰς

274 5019 507 5088 δεήσεις
535 5035 598 5072 τε
631 5019 726 5072 καὶ
759 5021 1042 5092 ἱκετηρίας
1076 5025 1212 5096 πρὸς
1237 5024 1329 5077 τὸν
1357 5025 1659 5096 δυνάμενον
1695 5027 1890 5093 σώζειν

271 5112 490 5172 αὐτοὺς
532 5109 648 5163 ἀπὺ
676 5112 909 5167 θανάτου
944 5115 1082 5184 μετά
1116 5117 1366 5188 κραυγῆς
1403 5119 1632 5190 ίσχυρᾶς
1673 5120 1768 5172 καὶ
1793 5122 1890 5173 δα-

275 5201 481 5270 κρύων
509 5204 898 5274 προσήνεγκαν
927 5195 1040 5276 (ιό)
1067 5225 1080 5238 ·

358 5296 459 5348 λε’.
511 5315 530 5346 ι
558 5296 1009 5370 Εὐχαριστοῦμέν
1037 5317 1142 5364 σοι,
1177 5301 1423 5358 Δέσποτα
1452 5304 1554 5359 Θεὲ
1577 5307 1762 5382 Σῶτερ
1793 5311 1889 5364 καὶ

1990 4561 2378 4618 resolutionem
2413 4559 2466 4613 in
2495 4559 2717 4616 Christo
2750 4566 3113 4630 properantes
3136 4599 3152 4623 ,
3185 4560 3278 4615 ubi
3309 4560 3378 4615 ad
3410 4561 3588 4617 desti-

1991 4662 2150 4708 natos
2183 4654 2333 4708 locos
2366 4662 2768 4722 pervenerunt,
2813 4652 2964 4708 brevi
2997 4664 3153 4709 mora
3188 4665 3220 4705 a
3259 4653 3589 4711 ducentibus

1991 4745 2300 4815 impetrata,
2342 4744 2668 4813 corporibus
2695 4745 2850 4799 humi
2878 4744 3054 4811 flexis,
3088 4745 3140 4800 in
3174 4742 3377 4802 caelum
3402 4757 3588 4801 autem

1989 4843 2227 4892 mentem
2258 4835 2636 4902 intendentes,
2670 4833 2769 4891 has
2800 4839 3106 4908 gratiarum
3137 4840 3388 4896 actiones
3413 4881 3428 4907 ,
3462 4851 3591 4913 ιιι-ε-
3665 4873 3667 4875 ι

1990 4941 2082 4982 ces
2125 4941 2190 4981 ac
2232 4925 2664 4996 supplicationes
2691 4927 2778 4993 ei,
2821 4928 2919 4998 qui
2965 4939 3178 4999 poterat
3204 4947 3301 4989 eos
3332 4949 3364 4988 a
3410 4946 3590 4994 morte

1991 5035 2250 5084 servare,
2299 5035 2426 5076 cum
2477 5021 2720 5078 clamore
2765 5023 2946 5079 valido
2995 5023 3365 5097 lacrymisque
3423 5029 3590 5084 obtu-

1989 5111 2100 5167 lere
2145 5131 2158 5166 :

2060 5317 2150 5372 33.
2209 5334 2227 5366 ι
2249 5315 2467 5372 Gratias
2495 5316 2592 5374 tibi
2623 5321 2858 5390 agimus,
2892 5320 3122 5376 Domine
3155 5321 3293 5378 Deus
3321 5320 3585 5380 S:-rvator

283 5385 506 5484 Ῑῖοιητά
531 5385 628 5438 τοῦ
659 5387 882 5452 παντὸς,
932 5388 962 5441 ό
1005 5391 1240 5462 ποιήσας
1269 5391 1338 5445 τὰ
1366 5393 1655 5466 ἀμφότερα
1685 5397 1766 5464 ἓν,
1797 5401 1887 5456 καὶ

1997 5417 2046 5462 et
2092 5407 2333 5463 universi
2372 5409 2619 5475 Creator,
2657 5385 2753 5482 qui
2800 5413 2973 5468 fecisti
3016 5422 3245 5484 utraque
3288 5431 3490 5483 unum,
3529 5427 3584 5474 et

283 5475 351 5528 τὸ
385 5478 711 5548 μεσότοιχον
741 5478 836 5532 τοῦ
869 5480 1129 5551 φραγμοῦ
1163 5482 1332 5548 λύσας
1372 5485 1471 5556 τὴν
1501 5485 1702 5560 ἔχθραν
1733 5489 1790 5543 ἐν
1823 5494 1888 5563 τῇ

283 5569 461 5639 σαρκί
505 5585 600 5623 σου
622 5587 637 5602 ο
689 5571 784 5625 καὶ
817 5573 944 5636 τοὺς
973 5572 1069 5626 δύο
1112 5574 1305 5640 κτίσας
1337 5576 1396 5630 ἑν
1427 5578 1627 5648 ἑαυτῷ,
1671 5582 1750 5646 εἰς
1793 5583 1888 5638 ἕνα

1992 5495 2232 5552 medium
2268 5499 2522 5554 maceriae
2549 5501 2812 5572 parietem
2837 5544 2852 5571 ,
2885 5503 3022 5558 iram
3058 5506 3288 5572 scilicet,
3317 5505 3372 5560 in
3415 5523 3583 5564 carne

1995 5597 2089 5644 tua
2120 5588 2334 5646 solvisti
2361 5629 2377 5658 ,
2403 5599 2459 5647 et
2485 5592 2597 5648 duo
2627 5595 2679 5649 in
2707 5603 2757 5651 te
2788 5588 3113 5666 condidisti,
3149 5599 3204 5653 in
3231 5612 3401 5654 unum
3430 5600 3574 5656 vide-

280 5794 338 5845 Ρ.
550 5704 751 5761 Confer
814 5706 871 5762 S.
903 5705 1049 5765 Petri
1096 5711 1450 5770 Alexandrini
1504 5717 1761 5788 martyris
1804 5722 2110 5782 orationem
2140 5742 2304 5797 quam
2346 5731 2646 5789 moriturus
2676 5732 2803 5789 dicit
2830 5734 2971 5803 apud
3012 5751 3111 5793 nos
3139 5737 3392 5812 Spicileg.
3417 5746 3459 5795 ι.
3485 5735 3575 5808 ΙΙΙ,
