3994 6482
420 344 524 410 519

1545 339 2058 405 CONSTANTINI
2102 340 2418 404 DIACONI
2467 341 2575 403 ΟΡ.

3599 334 3711 398 520

417 457 546 517 licet
568 467 771 514 novum
795 455 1100 523 hominem,
1126 455 1255 528 quia
1299 454 1616 527 paradisum
1644 455 1807 512 nobis
1845 456 2002 512 testi-

2131 456 2292 510 ιαινδν
2325 455 2612 528 ἄνθρωπον
2638 473 2649 484 ·
2699 455 2780 508 ὅτι
2821 425 3146 524 παράδεισον
3173 452 3303 522 ἡμῖν
3326 449 3388 504 et.
3415 450 3516 519 τῆς
3557 466 3704 521 μαρ-

418 551 590 607 monii
619 549 928 614 ostendisti,
961 548 1371 620 progenitorum
1398 546 1718 602 delectabile
1737 547 2004 610 stadium,

419 641 646 696 delicias
673 641 792 710 ejus
823 641 982 696 nobis
1010 639 1268 710 largiens.
1319 637 1535 692 Maturo
1568 638 1714 693 enim
1745 638 2010 694 virtutum

422 731 601 786 fructu
651 746 746 799 per
783 731 1101 785 discrimina
1153 728 1360 783 aﬂ'atim
1416 728 1783 794 sanctiﬁcati,
1831 729 2008 798 ipsum

423 823 672 890 insuper,
705 819 852 889 quod
887 828 1108 888 tangere
1141 818 1352 872 Adamo
1385 831 1492 871 non
1531 816 1634 872 fuit
1662 831 2009 882 concessum,

420 912 628 982 lignum
678 911 805 964 vitae
856 909 1194 978 gustavimus
1241 923 1257 961 :
1304 922 1369 962 ac
1417 907 1674 964 novimus
1721 907 2012 963 Dominum

421 1016 543 1056 esse
571 1000 872 1063 Christum,
907 1007 960 1054 et
979 998 1232 1068 pelliceas
1265 999 1482 1054 tunicas
1510 1013 1613 1053 nos
1645 997 1868 1053 exuisse
1898 997 2013 1066 gla-

423 1094 515 1146 dio
555 1091 888 1160 ﬂagellisque
922 1089 1206 1144 discissas.
1251 1087 1316 1144 Et
1357 1103 1425 1144 en
1469 1089 1566 1142 tibi
1607 1097 1819 1155 vetere,
1854 1087 2014 1158 cujus

422 1185 625 1239 nudere
649 1183 949 1248 nescimus,
977 1181 1242 1236 nuditatis
1273 1180 1684 1251 pulchritudine
1710 1179 2012 1246 induimur,

421 1277 600 1333 nullas
620 1276 719 1330 luti
742 1275 825 1329 vel
855 1273 1226 1343 corruptionis
1249 1273 1513 1342 reliquias
1544 1273 1823 1327 trahentes
1841 1310 1857 1336 ,
1885 1271 2014 1342 quia

429 1373 725 1425 draconem
749 1367 897 1423 haud
930 1375 1076 1431 astu,
1105 1365 1201 1422 sed
1237 1365 1482 1436 legitima
1521 1379 1703 1435 pugna
1743 1365 2014 1430 vicimus,

420 1471 475 1517 et
519 1462 702 1532 priora
741 1460 831 1514 illa
873 1457 1272 1528 posterioribus
1313 1465 1442 1511 sunt
1479 1454 1787 1510 emendata.
1827 1453 1895 1509 Et
1927 1454 2018 1511 ille

421 1555 643 1624 quidem
696 1551 990 1622 impeditus
1020 1559 1105 1605 est
1143 1558 1198 1605 et
1226 1549 1459 1613 cecidit,
1489 1563 1592 1604 nos
1614 1561 1745 1603 vero
1772 1547 2016 1604 surrexi-

422 1665 548 1703 mus
578 1656 632 1702 et
659 1645 827 1702 erecti
859 1658 1052 1701 sumus
1077 1643 1143 1698 ad
1180 1651 1358 1697 tutum
1391 1641 1618 1696 humani
1649 1641 1865 1712 generis
1894 1656 2021 1712 pro-

425 1740 808 1810 pugnaculum.
850 1737 897 1792 A
940 1748 991 1792 te
1021 1736 1201 1803 enim,
1230 1735 1324 1806 qui
1347 1735 1530 1806 exigui
1561 1749 1793 1790 numero
1825 1748 2019 1790 sumus

422 1843 480 1887 et
501 1833 722 1894 inﬁrmi,
748 1831 944 1885 virtute
966 1829 1244 1900 praecincti
1274 1843 1500 1884 sumus:
1534 1843 1711 1896 neque
1741 1841 1808 1883 ex
1837 1826 2023 1881 multi-

425 1923 613 1977 tudine
643 1922 882 1992 potentia
917 1931 1033 1984 tua,
1067 1934 1245 1989 neque
1276 1933 1343 1974 ex
1372 1917 1608 1973 fortibus
1638 1918 1723 1974 vis
1747 1928 1839 1973 tua
1868 1917 2018 1973 exsi-

425 2016 543 2078 stit,
579 2013 692 2068 sed
724 2012 1014 2066 humilium
1050 2027 1110 2066 es
1138 2011 1313 2070 Deus.
1351 2016 1408 2064 et
1428 2008 1686 2063 debilium
1709 2008 2020 2063 auxiliator.

425 2105 792 2171 Quamobrem
843 2119 1006 2174 supra
1055 2112 1108 2158 te
1150 2100 1486 2156 immobilem
1533 2108 1744 2170 petram
1773 2139 1787 2165 ,
1826 2100 2024 2154 anime

426 2213 618 2266 nempe
661 2196 952 2251 aedilicium
1003 2195 1378 2260 aediﬁcantes,
1431 2192 1658 2248 idolicas
1714 2190 2022 2261 procellas,

424 2300 479 2345 ct
499 2289 786 2359 apostasia:
803 2289 999 2344 ﬂuctus
1029 2287 1268 2342 ﬂuminis
1297 2286 1469 2342 instar
1495 2292 1740 2344 ruentes.
1767 2290 1821 2338 et
1853 2283 2026 2338 malo-

426 2399 544 2436 rum
569 2382 862 2452 spirituum
895 2382 1132 2452 impetus
1157 2380 1566 2451 propulsamus.
1599 2376 1806 2432 Deinde
1833 2375 2023 2445 spino-

426 2488 541 2527 sam
581 2486 802 2542 quoque
831 2471 1016 2525 carnis
1047 2478 1250 2525 nostra:
1281 2469 1538 2525 tellurem
1574 2466 1852 2522 laboriosa
1883 2479 2024 2534 prae.-

425 2571 707 2632 ceptorum
748 2573 968 2615 tuorum
1001 2559 1354 2615 exsecutione
1392 2567 1683 2622 novantes,
1716 2563 1771 2611 et
1799 2555 2024 2625 sangui-

426 2653 514 2708 nis
546 2653 679 2707 rivis
707 2665 895 2707 semen
941 2649 1056 2704 illic
1083 2649 1384 2704 laborando
1415 2649 1675 2719 injectum
1708 2647 2022 2718 irrigantes,

428 2743 754 2798 tribulbrum
785 2742 906 2797 loco
936 2740 1262 2812 praeclarum
1288 2741 1571 2795 vulnerum
1598 2739 1837 2796 fructum
1874 2737 2020 2794 refe-

428 2835 606 2889 rimus
632 2875 647 2900 ,
689 2833 784 2904 qui
829 2833 882 2886 in
933 2832 1295 2902 multiplicem
1341 2831 1540 2886 messis
1569 2831 1854 2886 cumulum
1891 2845 2027 2885 con-

429 2927 641 2997 surgit:
685 2921 960 2998 quemque
998 2940 1100 2980 nec
1141 2924 1341 2980 veteris
1384 2924 1560 2995 culpae
1596 2932 1763 2979 aestus
1803 2923 2028 2990 adurit,

430 3035 606 3091 neque
631 3019 820 3090 aligeri
860 3018 1089 3090 spiritus
1115 3025 1312 3073 vorant
1332 3057 1348 3084 ,
1373 3031 1548 3087 neque
1577 3032 1831 3072 curarum
1857 3016 2028 3088 spinae

2116 546 2310 616 τυρίας
2333 545 2608 612 ἀνέδειξας
2637 545 2847 598 στάδιον
2875 541 3413 613 ἁπολαυστικώτερον
3443 541 3556 595 τῶν
3579 557 3715 610 προσ

2117 639 2290 708 γόνων
2320 639 2418 710 τὴν
2455 640 2513 690 ἐν
2547 637 2696 708 αὐτῷ
2743 636 2954 708 τρυφὴν
3003 635 3404 707 χαρισάμενος·
3466 633 3549 703 τῷ
3598 632 3715 703 γὰρ

2117 730 2312 802 ὼρίμῳ
2363 729 2559 800 καρπῷ
2586 729 2694 782 τῶν
2722 727 2937 799 ἀρετῶν
2982 726 3074 780 διὰ
3107 725 3218 779 τῶν
3247 724 3510 779 κινδύνων
3545 724 3714 777 πλου-

2120 823 2251 884 σίως
2296 821 2664 890 ἀγιασθέντες,
2712 821 2790 874 ἐτι
2835 821 2929 875 καὶ
2975 812 3036 874 οὗ
3075 819 3148 890 μὴ
3187 818 3365 887 θίγειν
3410 816 3490 886 τῷ
3537 816 3706 887 Ἀδὰμ

2121 912 2528 982 συγκεχώρητο,
2557 911 2651 964 τοῦ
2685 909 2842 975 ξύλου
2871 909 2968 980 τῆς
2997 909 3147 978 ζωῆς
3175 907 3527 978 ἐγευσάμεθα
3549 924 3564 938 ο
3607 910 3692 960 καὶ

2120 1002 2331 1071 είδομεν
2372 1002 2454 1055 ὅτι
2484 1002 2719 1073 Χριστὸς
2747 1004 2774 1054 ὁ
2805 1000 3032 1071 Κύριος,
3071 1000 3152 1053 ὅτι
3193 999 3320 1062 τοὺς
3347 997 3696 1069 δερματίνους

2119 1092 2352 1162 χιτῶνας
2398 1092 2769 1162 ἐξεδυσάμεθα
2813 1091 3208 1164 διαῤῥαγέντας
3263 1089 3409 1160 ξίφει
3452 1092 3555 1143 καὶ
3605 1091 3705 1160 μά-

2124 1184 2318 1252 στιξιν.
2355 1187 2469 1240 Kal.
2521 1184 2632 1238 ίδού
2666 1202 2748 1238 σοι
2777 1185 2836 1238 τὸ
2870 1185 3096 1256 ἀρχαῖον
3130 1185 3231 1255 τῆς
3274 1183 3710 1254 ἀνεπαισχύντου

2122 1277 2456 1347 γυμνώσεως
2499 1277 2696 1340 κάλλος
2737 1276 3157 1348 ἀμφιεσώμεθα,
3206 1275 3373 1345 μηδὲν
3407 1275 3501 1329 τοῦ
3535 1272 3714 1347 πηλοῦ

2124 1369 2219 1423 καὶ
2244 1371 2343 1438 τῆς
2374 1367 2581 1438 φθορᾶς
2608 1367 2996 1438 ἐπισυρόμενοι
3039 1365 3312 1436 λείψανον,
3344 1367 3426 1420 ὅτι
3465 1365 3560 1419 τὸν
3587 1366 3714 1435 ὅφιν

2123 1459 2186 1514 οὐ
2219 1454 2472 1530 δολερῶς,
2503 1457 2639 1512 ἀλλά
2666 1457 2816 1529 νόμῳ
2846 1456 3166 1527 συμπλοκῆς
3196 1457 3588 1528 νενικήκαμεν,
3617 1457 3716 1510 καὶ

2124 1551 2194 1606 τά
2220 1550 2415 1622 πρῶτα
2443 1551 2556 1613 τοῖς
2587 1548 2864 1621 δευτέροις
2910 1547 3290 1621 κατώρθωται.
3351 1549 3411 1602 '0
3453 1549 3558 1620 μὲν
3602 1549 3716 1620 γὰρ

2127 1649 2482 1722 συνεποδίσθη
2515 1651 2609 1704 καὶ
2639 1651 2953 1717 πέπτωκεν,
2980 1650 3143 1720 ἡμεῖς
3168 1648 3225 1702 δὲ
3266 1647 3574 1718 ἀνέστημεν
3619 1645 3718 1699 καὶ

2125 1743 2535 1816 ἀνωρθώθημεν
2567 1745 2648 1807 είς
2695 1742 2938 1812 ἀσφαλὲς
2968 1742 3064 1795 τοῦ
3099 1741 3292 1810 γένους
3330 1739 3676 1810 προπύργιον
3699 1756 3713 1768 ·

2122 1834 2210 1888 διὰ
2241 1834 2336 1888 σοῦ
2367 1834 2478 1906 γὰρ
2515 1835 2565 1887 οῑ
2609 1834 2826 1906 ἀριθμῷ
2859 1833 3084 1906 βραχεῖς
3115 1832 3212 1885 καὶ
3257 1829 3504 1894 ἀσθενεῖς
3548 1831 3716 1900 ἡμεῖς

2124 1927 2584 2001 περιεζωσάμεθα
2612 1926 2844 1996 δύναμιν
2869 1939 2883 1953 ⁸
2931 1925 2994 1977 οὐ
3023 1925 3131 1994 γὰρ
3165 1923 3223 1976 ἐν
3257 1921 3454 1992 πλήθει
3486 1919 3548 1973 τὸ
3575 1920 3718 1990 κρά-

2123 2036 2216 2084 τος
2259 2037 2376 2083 σου,
2413 2018 2535 2072 οὐδὲ
2583 2021 2616 2088 ἡ
2655 2016 2941 2071 δυναστεία
2991 2033 3083 2068 σου
3135 2016 3195 2068 ἐν
3240 2015 3514 2086 ἰσχυροῖς·
3576 2010 3719 2065 ἀλλά

2124 2110 2399 2166 ταπεινῶν
2445 2105 2498 2164 εἴ
2527 2109 2679 2173 Θεὸς,
2727 2109 2823 2162 καὶ
2861 2107 3161 2160 ἐλαττόνων
3201 2103 3433 2177 βοηθός·
3485 2102 3602 2157 ἀνθ’
3639 2095 3721 2155 ῶν

2125 2204 2221 2258 ἐπὶ
2258 2205 2319 2258 σέ
2351 2205 2451 2276 τὴν
2499 2204 2750 2258 ἄσειστον
2787 2202 2990 2272 πέτραν
3017 2201 3114 2270 τῆς
3137 2197 3316 2268 ψυχῆς
3347 2195 3526 2249 οἰκίαν
3553 2194 3721 2265 θεμε-

2125 2296 2443 2359 λιώσαντες,
2475 2296 2575 2358 τὰς
2607 2293 2893 2356 εἰδωλικάς
2930 2289 3256 2362 ἐπομϐρίας,
3303 2288 3400 2342 καὶ
3440 2288 3510 2341 τὰ
3547 2303 3722 2341 ποτα-

2130 2389 2298 2460 μηδδν
2332 2386 2679 2460 συρῤἡξαντα
2706 2387 2805 2458 τῆς
2831 2383 3182 2446 ἀποστάσεως
3216 2381 3461 2452 κύματα,
3491 2379 3588 2434 καὶ
3618 2379 3719 2442 τάς

2129 2480 2421 2544 ἐπιϐουλὰς
2449 2479 2556 2532 τῶν
2577 2479 2674 2549 τῆς
2697 2476 2966 2549 πονηρίας
3007 2474 3330 2548 πνευμάτων
3363 2473 3718 2544 ἀπεκρουσά-

2131 2573 2295 2645 μεθα.
2335 2567 2468 2625 Εἶτα
2499 2570 2596 2625 καὶ
2623 2570 2723 2641 τὴν
2755 2567 3138 2639 ἀκανθοφόρον
3168 2568 3268 2639 τῆς
3311 2567 3515 2638 σαρκὸς
3557 2565 3719 2637 ἡμῶν

2128 2666 2234 2738 γῆν
2276 2667 2342 2736 τῇ
2383 2663 2493 2717 τῶν
2536 2661 2766 2716 ἐντολῶν
2815 2661 3052 2734 ἐργασίᾳ
3083 2659 3420 2726 νέώσαντες,
3469 2660 3566 2712 καὶ
3595 2661 3723 2724 ταῖς

2129 2761 2350 2832 ἐκροαῖς
2379 2757 2487 2818 τῶν
2511 2757 2759 2827 αἱμάτων
2782 2754 2874 2808 τὸν
2903 2758 2966 2809 ἐκ
2987 2756 3096 2808 τῶν
3121 2755 3302 2808 πόνων
3321 2756 3379 2808 ἐν
3399 2753 3538 2824 αὐτῇ
3558 2771 3726 2807 κατα-

2129 2854 2396 2926 ϐληθέντα
2429 2850 2629 2922 σπόρον
2659 2848 3040 2922 ἀρδεύσαντες,
3079 2848 3202 2904 ἀντὶ
3229 2847 3493 2920 τριϐόλων
3521 2847 3724 2918 εὐγενῆ

2134 2945 2423 3020 μωλώπων
2455 2941 2669 3014 καρπὸν
2717 2942 3076 3012 ἀνετείλαμεν
3108 2942 3188 3004 είς
3216 2940 3483 3010 πολύχουν
3529 2939 3726 3011 θέρους

2133 3040 2397 3110 συλλογὴν
2427 3037 2794 3102 πλεονάζοντα
2821 3051 2838 3068 ο
2881 3035 2940 3088 ὃν
2968 3033 3092 3088 οὗτε
3121 3033 3342 3088 καύσων
3371 3032 3603 3104 ξηρανεῖ
3629 3032 3723 3085 τοῦ

430 3111 718 3168 suﬂ'ocant.
764 3111 830 3166 Et
884 3125 1225 3182 nequaquam
1278 3119 1567 3180 parentum
1593 3109 1884 3164 vocatione
1923 3125 2016 3165 sa-

2131 3130 2358 3188 παλαιοῦ
2393 3129 2863 3202 παραπτώματος,
2895 3128 2955 3181 ού
2982 3127 3204 3181 πετεινά
3237 3125 3530 3197 πνεύματα
3554 3143 3723 3180 κατα-

429 3205 637 3260 criﬁcio
665 3203 1007 3269 addicimur,
1036 3203 1130 3259 sed
1183 3213 1379 3272 sponte
1409 3202 1544 3257 caedi
1582 3217 1681 3256 nos
1705 3201 2020 3273 objicimus,

431 3297 619 3352 arietis
657 3297 834 3351 instar
876 3305 1127 3350 nostrum
1172 3310 1374 3364 corpus
1419 3295 1746 3351 sacrificium
1787 3294 2022 3350 oﬂ‘eren-

432 3399 514 3444 tes
538 3429 552 3453 ,
584 3388 731 3458 quod
781 3387 940 3458 adipe
970 3387 1423 3443 holocaustorum
1454 3389 1714 3459 pinguius
1753 3387 2025 3443 videbitur

431 3493 487 3537 et
533 3480 849 3552 perfectius.
900 3479 1259 3550 Excipiamur
1313 3481 1500 3551 itaque
1551 3481 1714 3536 hodie
1766 3489 2023 3552 tanquam

434 3575 674 3629 maxima
703 3572 910 3627 oblatio
931 3613 945 3638 ,
972 3571 1076 3627 etsi
1118 3572 1344 3628 minime
1373 3572 1523 3643 digni
1557 3589 1747 3628 sumus
1774 3591 1787 3627 :
1820 3572 2024 3644 qumvis

432 3666 581 3720 enim
633 3666 813 3719 hostia
863 3663 1044 3718 tenuis
1096 3672 1182 3718 est
1228 3663 1295 3718 ad
1343 3663 1691 3718 elliciendum
1736 3664 2026 3722 suavitatis

433 3759 691 3822 odorem,
724 3764 778 3810 et
805 3756 1068 3810 minimus
1094 3763 1178 3811 est
1209 3756 1590 3824 quantuslibet
1617 3756 1788 3827 adeps
1824 3757 1892 3812 ad
1932 3771 2025 3812 sa-

434 3849 623 3904 criﬁcii
657 3851 788 3903 tanti
814 3848 1385 3914 consummationem;
1419 3846 1514 3903 sed
1546 3856 1727 3902 tamen
1757 3849 1849 3920 qui
1870 3848 2027 3906 timet

437 3942 752 4004 Dominum,
785 3955 1238 4011 quaquaversum
1280 3954 1514 4011 magnus
1540 3939 1736 3996 evadit.
1810 3945 1813 3950 ’

504 4205 594 4260 36.
662 4224 681 4258 ι
703 4203 932 4260 Sacrum
967 4220 1070 4261 nos
1103 4204 1254 4261 efﬁce
1288 4205 1571 4276 templum,
1617 4204 1765 4259 intus
1792 4203 2027 4259 ferentes

437 4296 774 4350 thuribulum
796 4305 851 4350 et
869 4296 1281 4364 candelabrum,
1301 4311 1574 4362 mensam,
1596 4303 1650 4351 et
1668 4311 1795 4351 vasa
1818 4295 2028 4352 sancti-

439 4389 711 4443 ﬁcationis
729 4406 744 4455 ;
764 4389 1002 4457 primum
1021 4390 1264 4459 quidem,
1281 4398 1341 4446 ut
1357 4390 1626 4461 dirigatur
1641 4391 1818 4446 oratio
1840 4400 2028 4448 nostra

2131 3228 2386 3296 φάγεται,
2435 3223 2559 3278 οὔτε
2603 3223 2708 3294 μὴν
2746 3222 2979 3276 ἄκανθαι
3017 3219 3408 3292 συμπνίξουσιν
3456 3217 3716 3290 περιπά-

2132 3338 2290 3374 σεων.
2315 3319 2427 3372 Kal.
2450 3317 2548 3371 νῦν
2571 3318 2630 3370 ού
2655 3317 2844 3387 κλήσει
2869 3315 2978 3369 τῶν
2999 3315 3266 3370 τεκόντων
3287 3314 3380 3366 ἐπὶ
3407 3312 3514 3384 τὴν
3535 3311 3709 3366 θυσίαν

2133 3409 2530 3484 παρήχθημεν,
2586 3407 2701 3462 ἀλλ’
2762 3405 3087 3477 αὐτόκλητοι
3145 3404 3284 3476 πρὸς
3348 3405 3450 3476 τὴν
3512 3402 3720 3475 σφαγὴν

2131 3515 2549 3585 ἀπηντήκαμεν,
2596 3511 2850 3582 καθάπερ
2897 3510 3050 3582 κριὸν
3078 3507 3141 3562 τὸ
3184 3508 3342 3580 σῶμα
3377 3506 3531 3578 θύμα
3558 3521 3728 3575 προσ-

2133 3617 2378 3685 άγοντες,
2413 3613 2441 3668 ὃ
2472 3611 2919 3685 μεμυαλωμένων
2948 3609 3417 3680 ὁλοκαυτωμάτων
3446 3606 3727 3678 λογισθείη

2135 3715 2387 3786 πιότερόν
2430 3731 2488 3767 τε
2519 3713 2615 3768 καλ⁴
2645 3712 3024 3782 ἐντελέστερον
3053 3727 3068 3745 ο
3123 3710 3216 3765 καὶ
3258 3710 3726 3784 προσδεχθείημεν

2135 3817 2374 3888 σήμερον
2424 3814 2655 3886 μεγίστη
2703 3831 2788 3878 τις
2833 3812 3232 3884 ὁλοκάρπωσις,
3268 3812 3374 3867 κᾶν
3424 3813 3527 3884 τῆς
3573 3812 3724 3876 ἀξίας

2133 3915 2602 3988 ἀπολιμπάνηται.
2639 3915 2828 3986 Μικρά
2871 3914 2981 3985 γὰρ
3017 3916 3167 3969 πᾶσα
3217 3913 3379 3968 θυσία
3425 3915 3508 3978 είς
3551 3915 3730 3984 ὀσμὴν

2133 4008 2383 4072 εὐωδίας,
2416 4008 2509 4061 καὶ⁷
2539 4007 2825 4077 ἐλάχιστον
2861 4009 2970 4061 πᾶν
3001 4007 3167 4077 στέαρ
3207 4008 3287 4071 είς
3313 4006 3690 4063 ὁλοκαύτωσιν
3714 4022 3726 4036 ·

2133 4103 2162 4154 ὁ
2185 4101 2242 4154 δέ
2273 4099 2604 4170 φοϐούμενος
2637 4098 2729 4151 τὸν
2757 4097 2981 4170 Κύριον,
3019 4099 3192 4169 μέγας
3218 4099 3535 4164 διαπαντός.

2205 4193 2315 4257 λς’.
2344 4211 2363 4246 ι
2400 4191 2566 4262 Ἱερὸν
2601 4193 2746 4262 ἡμᾶς
2763 4192 2890 4246 ναὸν
2910 4191 3344 4258 κατασκεύασον,
3364 4193 3513 4246 ἔνδον
3534 4193 3732 4264 φέρον-

2136 4303 2235 4350 τας
2282 4285 2677 4358 θυμιατήριον,
2730 4285 2826 4339 καὶ
2875 4285 3117 4356 λυχνίαν,
3170 4285 3262 4339 καὶ
3306 4285 3611 4356 τράπεζαν,
3662 4285 3726 4340 τὰ

2139 4378 2306 4450 σκεύη
2358 4377 2452 4432 τοῦ
2512 4373 2894 4448 ἀγιάσματος’·
2945 4379 3033 4433 ἵνα
3081 4378 3144 4432 τὸ
3193 4379 3294 4449 μὲν
3341 4378 3728 4432 κατευθύνοιτο

439 4481 582 4535 sicut
612 4481 897 4534 incensum
929 4481 985 4535 in
1019 4493 1318 4553 conspectu
1359 4492 1488 4551 tuo;
1535 4484 1801 4551 alterum,
1837 4495 1896 4539 ut
1931 4484 2024 4538 lux

2137 4472 2369 4527 ἐνώπιόν
2406 4487 2499 4525 σου
2535 4471 2570 4542 ἡ
2613 4469 2892 4542 προσευχὴ
2922 4468 3080 4540 ἡμῶν
3117 4470 3194 4535 ὡς
3223 4469 3477 4541 θυμίαμα
3502 4486 3519 4501 ο
3567 4473 3639 4542 τῇ
3669 4470 3728 4524 δὲ

440 4587 668 4642 operum
696 4573 1007 4627 nostrorum
1044 4573 1360 4630 hominibus
1391 4574 1591 4630 luceat.
1630 4574 1878 4644 Denique
1906 4582 2032 4629 tan-

440 4678 605 4731 quam
639 4663 819 4718 hostia
845 4673 902 4718 et
931 4663 1136 4719 oblatio
1175 4664 1406 4720 ﬁdeliter
1438 4665 1811 4722 esurientibus
1855 4667 1910 4722 in
1950 4666 2033 4722 ira

440 4755 818 4832 incendamur.
841 4753 1214 4812 Tenebrosam
1248 4764 1433 4813 autem
1468 4767 1724 4813 naturam
1753 4768 1920 4830 atque
1948 4760 2035 4814 in-

440 4845 646 4913 vidam,
663 4847 960 4918 principem
981 4849 1354 4919 tenebrarum,
1369 4859 1634 4906 rectorem
1657 4851 1822 4922 hujus
1843 4851 2034 4908 mundi

442 4935 744 5003 diabolum,
768 4939 866 5008 qui
887 4939 955 4994 de
975 4942 1307 5011 corporibus
1331 4943 1542 4999 nostris
1571 4951 1786 4999 certare
1809 4942 2029 5014 satagit,

443 5037 631 5084 custos
669 5038 858 5084 noster
884 5032 1114 5102 angelus
1147 5033 1414 5104 increpet,
1445 5044 1508 5090 ut
1539 5050 1607 5091 ex
1631 5047 1918 5090 aereorum
1951 5035 2038 5090 in-

446 5121 770 5178 sidiatorum
804 5132 985 5180 turma
1014 5126 1262 5182 inviolati
1286 5129 1600 5195 evadentes,
1625 5138 1681 5184 et
1702 5128 1889 5186 divino
1916 5129 2040 5201 igne

448 5215 684 5284 probati,
737 5231 933 5271 aurum
980 5226 1037 5272 et
1085 5229 1374 5288 argentum
1422 5220 1758 5290 pretiosique
1796 5219 2037 5292 lapides,

455 5323 816 5378 permansura
856 5324 1022 5379 opera
1062 5324 1243 5379 neque
1264 5310 1632 5366 comburenda
1659 5311 2036 5368 inveniamur:

451 5409 633 5469 atque,
657 5400 733 5456 ita
766 5401 1277 5472 irreprehensibiles
1294 5403 1610 5472 conspectui
1653 5413 1748 5458 tuo
1773 5403 2002 5458 exhibiti
2021 5445 2037 5470 ,

454 5491 760 5548 mercedem
803 5493 1138 5562 promissam
1167 5493 1436 5550 cmlorum
1468 5507 1696 5563 regnum
1732 5508 2041 5562 consequa-

452 5596 598 5648 mur,
628 5593 684 5638 et
735 5584 790 5637 in
840 5586 1049 5640 sanctis
1099 5585 1237 5642 locis
1283 5583 1677 5649 haereditatem,
1724 5592 1779 5638 et
1815 5581 2044 5653 iustitiae

449 5687 738 5737 coronam,
779 5685 943 5745 atque
981 5677 1206 5732 omnino
1249 5674 1435 5747 gloriae
1467 5684 1571 5729 tuae
1613 5675 2039 5744 possessionem.

452 5763 699 5819 Primum
732 5775 916 5822 autem
944 5769 1016 5824 sit
1049 5769 1210 5824 nobis
1250 5767 1534 5846 praemium
1572 5765 1799 5822 humani
1831 5764 2044 5836 generis

2133 4563 2194 4618 τὸ
2225 4563 2340 4632 φῶς
2364 4562 2474 4617 τῶν
2500 4560 2674 4632 ἐργων
2697 4561 2852 4631 ἡμῶν
2881 4563 2996 4624 τοῖς
3019 4561 3326 4632 ἀνθρώποις
3353 4560 3585 4632 λάμψειε
3611 4577 3628 4591 ·
3661 4565 3730 4632 τῇ

2135 4655 2193 4710 δέ
2228 4654 2392 4726 θυσίᾳ
2438 4654 2535 4709 καὶ
2578 4653 2868 4724 προσφορᾷ
2899 4655 3011 4718 τοῖς
3042 4652 3304 4706 πεινῶσιν
3339 4652 3547 4716 πιστῶς
3591 4670 3734 4724 προς-

2135 4746 2406 4819 καιόμεθα
2430 4763 2446 4779 ·
2493 4750 2562 4818 τῇ
2604 4744 2868 4816 γνοφώδει
2898 4745 3056 4813 φύσει
3102 4745 3199 4800 καὶ
3224 4745 3490 4817 φθονηρᾷ,
3525 4744 3606 4815 τῷ
3630 4742 3732 4800 τοῦ

2138 4840 2366 4901 σκάτους
2390 4839 2613 4910 ἄρχοντι
2639 4839 2734 4892 καὶ
2765 4836 3170 4908 κοσμοκράτορι
3205 4836 3437 4908 διαϐόλῳ
3461 4838 3594 4909 περὶ
3619 4837 3736 4891 τῶν

2133 4933 2422 5006 ἡμετέρων
2448 4931 2716 5002 σωμάτων
2742 4929 3116 5001 διακρίνεσθαι
3146 4930 3455 4996 σπεύδοντι,
3497 4932 3526 4983 ὁ
3555 4947 3737 5002 φρου-

2143 5026 2234 5099 ρὸς
2275 5023 2434 5096 ἡμῶν
2475 5026 2850 5095 ἐπιτιμήσειεν
2894 5023 3166 5092 ἀγγελος,·
3192 5022 3268 5087 ὡς
3314 5023 3382 5076 ἂν
3419 5021 3512 5075 τὸν
3555 5024 3616 5075 ἐν
3655 5023 3740 5094 τῷ

2138 5115 2262 5187 ἀέρι
2319 5113 2496 5186 χῶρον
2549 5114 2608 5181 ἐξ
2661 5113 2885 5184 ἐνέδρας
2943 5111 3054 5166 τῶν
3112 5112 3416 5168 ἐπιϐούλων
3469 5113 3741 5184 καθαρῶς

2139 5207 2505 5278 διερχόμενοι,
2540 5208 2634 5261 καὶ
2680 5206 2759 5278 τῷ
2805 5207 2941 5280 πυρὶ
2990 5205 3068 5277 τῷ
3115 5206 3245 5278 θείῳ
3285 5206 3736 5277 δοκιμαζόμενοι,

2142 5302 2338 5374 χρυσὸς
2361 5303 2454 5356 καὶ
2474 5303 2712 5374 ἄργυρος
2739 5304 2833 5356 καὶ
2859 5301 2997 5356 λίθοι
3018 5302 3190 5373 τίμιοι
3215 5303 3300 5356 διὰ
3323 5303 3434 5356 τῶν
3457 5303 3738 5374 μενόντων

2143 5396 2324 5465 ἐργων
2387 5396 2483 5449 καὶ
2533 5396 2609 5467 μὴ
2655 5397 3112 5468 κατακαιομένων
3161 5395 3526 5468 εὑρεθείημεν
3556 5411 3571 5426 ⁸
3643 5397 3737 5450 καὶ

2141 5487 2312 5550 οὕτως
2341 5486 2647 5558 ἀμέμπτως
2665 5487 2742 5560 τῷ
2769 5488 2848 5560 σῷ
2869 5490 3147 5561 προσώπῳ
3171 5489 3619 5561 ἐμφανιζόμενοι,
3645 5489 3738 5542 τὸν

2146 5579 2336 5652 μισθὸν
2367 5581 2509 5634 κατά
2551 5581 2648 5652 τὴν
2679 5582 3016 5652 ἐπαγγελίαν
3046 5583 3421 5653 ἀπολάϐοιμεν
3451 5583 3736 5656 βασιλείαν

2143 5672 2410 5745 οὐρανῶν,
2457 5673 2554 5728 καὶ
2598 5673 2796 5747 κλῆρον
2842 5677 2897 5728 ἐν
2924 5677 3036 5739 τοῖς
3072 5675 3451 5747 ἡγιασμένοις,
3487 5675 3584 5728 καὶ
3636 5674 3736 5744 τῆς

2145 5765 2496 5839 δικαιοσύνης
2537 5766 2628 5822 τὸν
2661 5766 2946 5838 στέφανον,
2995 5769 3089 5824 καὶ
3120 5769 3182 5822 τὸ
3226 5767 3458 5822 πάντοτε
3491 5768 3732 5822 συνεῖναι
