3994 6438
427 374 529 437 523
1568 374 1982 436 CONSTANTI

2100 374 2407 434 DIACONI
2432 374 2541 435 CP.
3584 378 3694 442 524

425 482 693 539 acuebant
728 481 961 540 invicem
995 482 1063 538 ad
1097 481 1408 539 demandati
1454 483 1707 553 supplicii
1744 497 1982 537 consumi

2111 483 2159 535 οί
2194 482 2381 551 δήμιοι
2413 479 2725 553 παρέθηγον
2768 480 3028 552 ἀλλήλους
3064 481 3199 554 πρὸς
3242 484 3341 554 τὴν
3377 484 3486 537 τῶν
3530 486 3695 554 ἐγκε-

423 575 745 640 mationem,
775 576 1118 645 victoresque
1137 575 1334 630 heroas
1356 574 1739 645 perurgebant,
1761 574 1853 644 qui
1875 588 1982 628 sani

2109 571 2443 626 λευσθέντων
2494 571 2805 637 τελείωσιν,
2858 574 2953 626 καὶ
3000 575 3127 637 τοὺς
3171 574 3502 646 νικηφόρους
3556 595 3690 631 κατ·

424 666 677 721 alacriter
715 666 997 722 caedendos
1040 680 1100 721 se
1149 664 1505 719 obtulerunt:
1542 674 1703 736 atque
1748 664 1839 718 alii
1885 665 1982 734 igni

2109 664 2334 734 ήπειγον
2365 679 2377 691 ·
2431 664 2481 717 oi
2527 662 2584 716 δὲ
2633 663 2771 735 πρὸς
2818 663 2918 735 τὴν
2963 665 3180 735 σφαγὴν
3228 666 3527 741 προθύμως
3577 670 3685 722 ὑπ-

421 758 733 827 consumpti
779 767 927 823 sunt,
977 756 1068 811 alii
1122 755 1317 825 laqueo
1364 765 1590 811 mortem
1631 757 2002 826 pertulerunt,

421 850 559 904 alios
600 849 809 920 gladius
834 848 1121 919 jugulavit,
1154 849 1290 904 alios
1312 850 1480 903 maris
1517 851 1750 920 abyssus
1772 848 2003 919 excepit,

421 940 512 994 alii
548 939 783 994 ferarum
817 938 1071 993 dentibus
1100 940 1319 994 contriti
1364 949 1510 1005 sunt,
1544 940 1679 994 alios
1711 940 1883 995 fames
1908 955 2004 993 ex-

421 1030 701 1093 animavit,
747 1024 835 1083 alii
868 1029 1033 1084 scrris
1076 1029 1515 1097 dissecabantur,
1547 1030 1636 1084 alii
1676 1030 2003 1086 molendinis

376 1118 803 1172 Aelidcbantttr:
846 1120 1027 1173 cuncti
1087 1119 1322 1191 denique
1378 1130 1608 1176 mortem
1660 1123 1714 1176 in
1772 1121 2002 1177 Domino

416 1219 781 1279 praeoptantes
820 1211 1170 1280 quieverunt.

484 1405 572 1460 '59.
617 1403 662 1458 0
703 1414 906 1461 sanctae
952 1406 1180 1462 animm!
1212 1406 1255 1461 Ο
1288 1423 1443 1463 saera
1482 1412 1741 1480 corpora!
1791 1410 1835 1465 Ο
1878 1427 2001 1482 pre-

382 1498 618 1551 tiosum
654 1512 719 1552 ac
751 1498 996 1553 divinum
1016 1499 1307 1554 donarium
1344 1516 1478 1557 auro
1507 1518 1569 1556 ac
1606 1505 1817 1572 topazio
1854 1505 2002 1559 testi-

411 1587 702 1643 tnabilius!
747 1587 1023 1644 OCht'isti
1072 1590 1329 1661 hospitia,
1384 1592 1623 1662 Spiritus
1667 1595 1994 1659 habitacula,

410 1681 676 1734 virtutum
699 1695 827 1736 vasa
851 1682 865 1736 ί
893 1679 938 1736 Ο
964 1682 1054 1736 illa
1084 1682 1372 1751 elementa,
1400 1700 1462 1739 ex
1486 1686 1686 1753 quibus
1711 1687 1994 1741 materiam

411 1770 663 1839 corporis
693 1770 746 1824 in
795 1771 1080 1827 nativitate
1109 1773 1402 1840 habuistis,
1444 1784 1590 1830 certe
1625 1776 1806 1831 denuo
1839 1776 1996 1847 quid-

2111 755 2318 825 ἔκυψαν
2349 756 2459 826 (Η)
2488 774 2501 788 ο
2521 757 2614 809 καὶ
2640 757 2687 809 oi
2718 756 2817 829 μὲν
2845 757 2977 829 πυρὶ
3002 758 3287 828 ἀνθράκων
3301 760 3691 833 κατηναλώθη-

2108 865 2228 909 σαν,
2261 850 2311 901 οἱ
2333 848 2388 900 δὲ
2418 847 2596 920 βρόχῳ
2622 849 2711 903 τὸν
2744 849 2901 919 φόνον
2931 850 3230 920 ὑπέμειναν
3256 869 3267 881 ’
3315 854 3559 917 καὶτοὺς
3584 857 3684 926 μὲν

2104 941 2165 993 τὸ
2199 940 2349 1010 ξίφος
2387 941 2766 1012 διεχειρίσατο,
2807 943 2934 1005 τοὺς
2976 942 3032 995 δὲ
3069 942 3229 1013 βυθὸς
3261 943 3537 1017 θαλάσσης
3573 947 3678 1000 ἐδέ-

2106 1030 2233 1094 ξατο
2257 1048 2270 1062 ·
2322 1032 2413 1085 καὶ
2443 1036 2490 1086 οί
2523 1033 2621 1102 μὲν
2655 1033 2838 1105 θηρῶν
2866 1034 3078 1088 ὀδοῦσιν
3116 1036 3444 1106 ἡλέσθησαν,
3476 1038 3601 1102 τοὺς
3626 1040 3679 1093 δὲ

2102 1123 2257 1193 λιμὸς
2287 1124 2453 1187 πολὺς
2498 1126 2880 1198 ἀπηγχόνησεν
2906 1143 2919 1159 ·
2966 1127 3060 1181 καὶ
3103 1131 3150 1181 oi
3182 1129 3283 1199 μὲν
3326 1130 3681 1202 ἐπρίσθησαν,

2101 1220 2149 1271 ot
2187 1217 2244 1270 δὲ
2274 1218 2715 1290 κατελεύσθησαν
2741 1234 2755 1249 ’
2809 1220 2902 1273 καὶ
2936 1219 3137 1283 πάντες
3163 1220 3262 1291 τὴν
3290 1220 3436 1293 ζωὴν
3468 1221 3687 1288 ἐκλεξά-

2104 1327 2254 1380 μενοι
2284 1309 2374 1363 τὺν
2404 1310 2462 1361 ἐν
2497 1311 2689 1381 Κυρίῳ
2715 1312 2943 1363 θάνατον
2981 1312 3378 1367 ἀνεπαύσαντο.

2169 1402 2266 1454 λθ’.
2322 1402 2386 1454 Ὢ
2418 1401 2608 1472 ψυχῶν
2659 1401 2853 1474 ίερῶνί
2902 1404 2967 1456 Ὢ
3003 1404 3271 1474 σωμάτων
3318 1405 3565 1474 ἐναγῶνί
3620 1407 3685 1460 Ὠ

2100 1491 2392 1555 πολυτελὲς
2432 1495 2527 1547 καὶ
2562 1495 2705 1546 θεῖον
2735 1494 2991 1565 ἀνάθημα
3031 1494 3263 1566 τιμηθὲν
3293 1495 3434 1566 ὑπὲρ
3464 1498 3685 1567 χρυσίον

2098 1601 2156 1636 τε
2185 1586 2280 1638 καὶ
2311 1583 2569 1648 τοπάζιον
2593 1587 2606 1639 !
2652 1587 2716 1638 Ὠ
2740 1585 2978 1657 Χριστοῦ
3006 1586 3347 1656 καταγώγια,
3380 1589 3476 1641 καὶ
3501 1605 3687 1642 κατοι-

2098 1675 2336 1747 κητήρια
2383 1677 2724 1747 Πνεύματος,
2776 1680 2872 1732 καὶ
2934 1679 3115 1749 δοχεῖα
3171 1680 3279 1732 τῶν
3326 1679 3567 1749 ἀρετῶνί
3620 1683 3686 1735 Ὢ

2100 1767 2379 1838 στοιχείων
2408 1768 2631 1823 ἐκείνων
2664 1769 2724 1834 ἐξ
2764 1766 2839 1824 ὧν
2875 1758 3218 1844 συνεπάγητε
3249 1771 3372 1825 καθ’
3404 1770 3463 1824 ὃν
3493 1773 3687 1844 καιρὸν

410 1837 543 1931 quid
565 1872 809 1917 vestrum
837 1872 920 1919 est
945 1866 1358 1935 recuperabitis,
1380 1877 1500 1937 post
1521 1868 1683 1938 hujus
1705 1870 1982 1939 compositi

2099 1837 2428 1929 ἐγεννήθητε
2470 1859 2564 1930 τὴν
2609 1857 2743 1931 ὕλην
2784 1859 2878 1913 τοῦ
2914 1837 3187 1932 σώματος,
3224 1850 3317 1915 καὶ
3351 1858 3509 1927 αὖθις
3542 1837 3686 1918 ἀντι-

408 1954 841 2020 discretionem,
894 1956 1233 2013 sanctiﬁcata
1277 1974 1374 2028 per
1416 1961 1682 2017 mercedis
1728 1962 1993 2031 receptio-

408 2061 532 2099 nem
560 2047 572 2099 !
608 2045 653 2100 Ο
682 2045 837 2102 beata
869 2047 1182 2115 multitudo,
1220 2059 1273 2104 et
1298 2051 1552 2118 splendor
1579 2051 1856 2122 multiplex
1885 2068 1991 2107 una

408 2137 558 2191 velut
586 2136 643 2191 in
687 2138 871 2193 anima
908 2139 1155 2210 fulgens!
1210 2141 1419 2207 Quibus
1453 2158 1571 2209 vos,
1611 2158 1643 2195 o
1687 2159 1851 2213 supra
1896 2158 1993 2197 na-

408 2237 546 2283 turae
573 2229 721 2284 vires
752 2230 1011 2295 victores,
1048 2231 1472 2302 triumphalibus
1511 2235 1804 2304 praeconiis
1847 2234 1990 2289 cele-

404 2318 730 2374 brabimus?
765 2319 974 2385 Quibus
1018 2323 1299 2378 memoriae
1340 2337 1555 2380 teter-nm
1600 2326 1856 2396 tropaeis,
1905 2312 1990 2380 vel

403 2412 607 2481 quibus
630 2412 1014 2468 immortaliter
1043 2413 1346 2470 virentibus
1378 2432 1445 2471 ex
1475 2418 1721 2486 psalmis,
1749 2418 1987 2489 hymnis,

404 2501 747 2572 canticisque
815 2502 1188 2571 spiritalibus,
1274 2506 1563 2575 magniﬁce
1623 2522 1720 2562 vos
1773 2506 1989 2562 coronis

399 2592 838 2663 precingemus?
883 2591 991 2649 Vos
1032 2593 1297 2650 honorem
1343 2599 1662 2667 parentibus
1706 2615 1773 2655 ex
1807 2601 1987 2655 Evan-

400 2684 529 2753 gelii
574 2699 771 2738 norma
806 2683 1121 2741 reddidistis
1153 2706 1167 2740 :
1200 2690 1399 2743 vestris
1449 2691 1595 2746 enim
1641 2694 1987 2762 passionibus

399 2776 814 2846 progenitorum
868 2778 1261 2847 turpitudinem
1316 2783 1665 2851 obtegcntes,
1726 2787 1988 2841 dedecore

398 2875 586 2935 patres
617 2866 971 2934 liberavistis,
1004 2878 1058 2923 et
1090 2870 1346 2937 gaudium
1383 2873 1503 2927 loco
1530 2874 1708 2928 luctus
1736 2875 1987 2929 humana:

398 2965 609 3011 naturae
647 2956 1004 3012 conciliastis.
1050 2956 1158 3013 Vos
1202 2968 1399 3013 terram
1447 2961 1500 3014 in
1529 2961 1727 3017 caelum
1752 2977 1983 3017 conver-

399 3050 586 3116 tistis,
632 3049 726 3120 qui
775 3051 911 3105 e5tis
968 3058 1226 3121 tanquam
1277 3053 1459 3106 oriens
1507 3068 1771 3116 serenus,
1826 3069 1985 3108 mane

367 3140 642 3211 ‘justitim,
672 3141 843 3196 stella:
875 3142 927 3196 in
965 3142 1112 3196 omni
1150 3140 1271 3207 loco
1301 3144 1564 3209 lucentes,
1599 3145 1693 3215 qui
1721 3144 1980 3200 nimirum
2012 3184 2052 3240 Ο

396 3248 621 3303 gressus
663 3242 878 3288 vestros
924 3235 979 3289 in
1016 3245 1163 3291 recta
1214 3244 1602 3307 praeceptorum
1635 3238 1827 3293 semita
1861 3254 1979 3293 mo—

394 3326 558 3379 vetis.
608 3322 729 3379 Non
778 3334 933 3395 pater
982 3322 1319 3393 lamentans,
1371 3344 1479 3383 non
1537 3337 1711 3385 mater
1756 3331 1981 3401 capillos

395 3414 625 3479 vellens,
655 3430 762 3469 non
796 3415 954 3469 liberi
987 3402 1275 3486 ejulanteso,
1301 3433 1407 3473 non
1440 3420 1653 3489 cognati
1681 3406 1977 3490 plorantes,

374 3519 514 3558 non
562 3505 724 3558 amici
777 3515 1057 3575 gementes
1108 3512 1469 3563 constantiam
1515 3506 1749 3566 vestram
1786 3515 1981 3580 .molli-

395 3606 612 3650 verunt.
640 3594 758 3650 Non
783 3597 959 3651 solum
984 3599 1127 3653 enim
1156 3615 1280 3654 cum
1307 3604 1767 3670 persecutoribus,
1794 3621 1978 3660 verum

372 3689 560 3741 etiam
594 3703 719 3741 cum
775 3689 891 3758 ipsa
936 3684 1129 3745 natura
1174 3693 1492 3761 pugnastis,
1533 3693 1850 3765 vicistisque
1896 3696 1980 3750 in-

399 3781 598 3834 victam
638 3780 808 3848 illam,
841 3797 964 3851 quae
996 3793 1049 3837 et
1079 3782 1224 3837 feras
1252 3790 1305 3839 et
1335 3795 1722 3840 venenatorum
1755 3784 1979 3857 serpen-

398 3873 534 3925 tium
570 3871 834 3927 saevitiam
867 3871 937 3927 ad
974 3872 1411 3929 misericordiam
1446 3876 1613 3930 ﬂectit
1647 3895 1659 3930 :
1704 3885 1976 3945 naturam,

393 3964 642 4034 inquam,
663 3978 786 4034 quae
808 3964 1092 4036 tyrannice
1111 3965 1163 4019 in
1185 3966 1553 4022 animantibus
1568 3969 1791 4033 eminet,
1816 3969 1977 4025 insita

391 4054 446 4107 vi
479 4054 722 4123 pollens,
766 4070 932 4125 quam
963 4070 1180 4125 semper
1227 4065 1281 4111 et
1321 4057 1525 4127 ubique
1558 4058 1864 4114 necessario
1894 4075 1980 4115 re-

393 4143 550 4198 tinet.
585 4144 841 4198 Attamen
876 4157 974 4200 vos
1001 4146 1384 4214 cognationem
1426 4146 1567 4199 inter
1597 4161 1694 4202 vos
1729 4161 1975 4203 mutuam

381 4232 652 4289 .eﬂ‘ecistis
689 4236 969 4289 communi
1017 4238 1338 4305 passionum
1380 4236 1602 4291 vinculo
1630 4239 1974 4308 colligatatn;

390 4326 701 4395 miramque
739 4322 1145 4383 concretionem
1186 4326 1394 4383 fecistis
1418 4367 1431 4394 ,
1478 4329 1797 4396 sanguinem
1842 4348 1973 4386 sane

391 4416 540 4485 guini
561 4417 854 4473 miscentes
875 4419 1215 4473 cruciatuum
1234 4419 1637 4473 communione.
1652 4419 1767 4475 Non
1784 4434 1969 4491 opum,

2097 1948 2372 2004 λαϐόντων
2400 1949 2465 2004 τὰ
2495 1952 2671 2004 οἰκεῖα
2705 1952 2845 2021 μετά
2891 1952 2991 2023 τὴν
3028 1953 3135 2007 τῶν
3167 1955 3530 2023 συντεθέντων
3568 1955 3684 2010 διά-

2060 2060 2302 2113 ,κρισιν,
2345 2043 2438 2096 καὶ
2475 2043 2844 2112 ἀγιασθέντων
2883 2047 2948 2115 τῇ
3001 2045 3303 2116 μεταλήψει
3336 2044 3436 2116 τῆς
3477 2047 3685 2104 ἀντιδί-

2096 2136 2265 2197 σεωςί
2309 2124 2380 2185 Ὠ
2413 2134 2659 2204 μακαρία
2695 2134 2903 2203 πληθὺς
2933 2134 3028 2188 καὶ
3063 2134 3381 2206 πολύφωτος
3410 2137 3551 2209 αὐγὴ
3582 2140 3686 2212 μιᾷ

2091 2222 2235 2294 ψυχῇ
2266 2224 2760 2294 καταστράπτουσα
2782 2226 2794 2277 l
2828 2223 3007 2287 Ποίοις
3029 2225 3195 2296 ὑμᾶς,
3218 2225 3459 2298 νικηταὶ,
3484 2226 3682 2298 θριάμ-

2093 2314 2208 2379 ϐοις
2278 2315 2419 2387 ὑπὲρ
2484 2315 2645 2383 φύσιν
2700 2315 3131 2387 ἀνδρισαμένους
3205 2316 3678 2389 ἀνακηρύξομεν;

2092 2404 2275 2469 Ποίοις
2317 2406 2603 2475 τροπαίοις
2656 2405 3041 2477 ἀνεπιλήστοις
3074 2409 3187 2471 τοῖς
3231 2407 3571 2478 ἀμαράντοις
3614 2411 3682 2462 ὲκ

2089 2493 2320 2566 ψαλμῶν
2368 2494 2465 2547 καὶ
2522 2493 2709 2565 ὓμνων
2757 2496 2851 2549 καὶ
2908 2494 3063 2567 ᾠδῶν
3112 2486 3501 2568 πνευματικῶν
3555 2516 3681 2552 στε-

2092 2586 2283 2655 φάγοις
2326 2586 2472 2655 ὑμᾶς
2512 2584 2818 2650 πολυτελῶς
2858 2585 3237 2659 ἀναδήσομεν;
3296 2589 3486 2660 Ὑμεῖς
3510 2589 3681 2662 τιμὴν

2088 2679 2202 2739 τοῖς
2250 2676 2498 2744 γονεῦσιν
2545 2676 2915 2746 εύαγγελικῶς
2969 2679 3303 2749 ἀπενείματε
3340 2697 3354 2710 θ
3406 2683 3522 2745 τοῖς
3567 2682 3682 2753 γάρ

2090 2768 2319 2821 πάθεσιν
2350 2769 2503 2835 ὑμῶν
2535 2768 2632 2839 τὴν
2664 2771 3078 2842 προπατορικὴν
3115 2771 3379 2843 αἰσχύνην
3411 2772 3681 2827 ἐπικαλύ-

2088 2859 2312 2927 ψαντες,
2335 2858 2431 2912 τοῦ
2451 2860 2688 2924 ὀνείδους
2700 2863 2827 2923 τοὺς
2848 2862 3106 2925 τεκόντας
3122 2858 3555 2934 ἠλευθερώσατε,
3582 2866 3678 2921 καὶ

2088 2953 2261 3022 χαρᾶς
2285 2953 2405 3005 ἀντί
2420 2951 2597 3022 λύπης
2610 2953 2676 3023 τῇ
2697 2950 3169 3025 φύσεικατέστητε
3195 2952 3467 3025 πρόξενοι.
3485 2955 3677 3027 Ὑμεῖς

2086 3043 2184 3114 τὴν
2199 3043 2302 3113 γῆν
2319 3045 2377 3096 ού
2388 3043 2687 3113 ρανὼσατε,
2708 3044 2965 3112 φανέντες
2982 3045 3216 3117 ἀνατολὴ
3232 3063 3313 3109 τις
3332 3046 3673 3115 ἀσκότιστος,

2087 3134 2178 3185 καὶ
2197 3132 2391 3204 ὄρθρος
2409 3133 2776 3203 δικαιοσύνης,
2796 3134 2887 3187 καὶ
2902 3134 3131 3207 ἀστέρες
3152 3134 3295 3189 κατά
3314 3135 3492 3191 πάντα
3508 3137 3676 3191 τόπον

2087 3218 2480 3289 ὲκλάμποντες,
2508 3222 2847 3293 στηριγμοὺς
2872 3223 2964 3275 ἐπὶ
2992 3225 3091 3294 τῆς
3111 3223 3385 3289 ἀπλανοῦς
3410 3226 3519 3280 τῶν
3537 3230 3677 3283 two-

2086 3310 2192 3364 λῶν
2208 3312 2305 3381 τῆς
2325 3313 2547 3383 πορείας
2561 3314 2889 3384 ποιούμενοι.
2916 3316 2989 3368 Ού
3015 3317 3198 3388 πατὴρ
3223 3318 3471 3383 κωκύων,
3486 3321 3547 3374 ού
3567 3324 3676 3394 μή-

2085 3417 2192 3470 τηρ
2211 3402 2384 3471 κόμας
2402 3403 2807 3474 σπαράττουσα,
2823 3405 2914 3457 καὶ
2931 3406 3119 3470 παῖδες
3154 3406 3670 3481 κλαυμυριζόμενοι,

2085 3494 2179 3546 καὶ
2219 3496 2497 3563 συγγενεῖς
2528 3494 2874 3566 θρηνοῦντες,
2930 3496 3026 3550 καὶ
3089 3497 3233 3567 φίλοι
3286 3499 3665 3565 στενάζοντες,

2084 3583 2362 3655 ὲμάλαξαν
2391 3585 2546 3656 ὑμῶν
2570 3586 2669 3657 τὴν
2700 3587 3036 3659 στερρότητα
3063 3604 3077 3620 ·
3106 3589 3242 3659 πρὸς
3274 3588 3383 3662 γὰρ
3409 3593 3520 3655 τοῖς
3546 3590 3674 3646 διώ-

2083 3692 2262 3741 κταις,
2292 3674 2371 3729 ἔτι
2398 3677 2494 3730 καὶ
2529 3677 2665 3748 πρὸς
2696 3677 2857 3749 φύσιν
2887 3676 3287 3751 ἐπολεμήσατε,
3323 3679 3419 3734 καὶ
3451 3683 3668 3754 νενική-
3696 3688 3703 3693 ’

2082 3784 2215 3823 κατε
2242 3768 2342 3839 τὴν
2372 3770 2663 3840 ἀήττητον,
2692 3771 2725 3841 ἥ
2756 3770 2848 3825 καὶ
2879 3769 3054 3842 θῆρας
3087 3768 3334 3842 ἔκαμψεν
3365 3772 3501 3849 πρὸς
3532 3789 3669 3844 συμ-

2082 3859 2331 3927 πάθειαν,
2366 3862 2460 3915 καὶ
2509 3862 2728 3918 ἰοϐόλων
2768 3865 3015 3934 ἑρπετῶν
3048 3865 3351 3937 ἀγριότητα
3376 3880 3393 3898 ο
3449 3864 3665 3919 πάντων
3712 3932 3723 3938 θ

2081 3953 2190 4024 γὰρ
2245 3952 2399 4017 ζώων
2447 3955 2786 4025 τυραννικῶς
2839 3956 3221 4029 ὑπερίσταται,
3272 3955 3350 4028 τῷ
3394 3955 3664 4010 ἑντεθέντι

2079 4045 2230 4114 νόμῳ
2261 4046 2557 4118 κρατοῦσα,
2604 4047 2701 4100 καὶ
2726 4046 2914 4101 τοῦτον
2954 4047 3271 4117 ἀναγκαίως
3315 4045 3663 4117 φυλάττουσα

2082 4137 2244 4208 μέχρι
2293 4138 2490 4202 παντὸς
2525 4140 2896 4211 ἀπαράϐατον.
2942 4139 3084 4194 Ἀλλ’
3125 4140 3281 4211 ὑμεῖς
3310 4138 3466 4209 γένος
3500 4138 3661 4211 ἀλλή-

2078 4231 2190 4295 λοις
2215 4231 2515 4300 κατέστητε
2542 4231 2618 4303 τῷ
2645 4216 2806 4302 κοινῷ
2833 4235 2939 4286 τῶν
2966 4234 3304 4302 παθημάτων
3329 4232 3534 4305 δεσμῷ,
3565 4234 3658 4286 καὶ

2078 4319 2379 4391 παράδοξον
2399 4321 2772 4394 ε[ί]ργάσασθε
2798 4324 3096 4395 σύγκρασιν
3125 4319 3263 4395 αἷμα
3287 4323 3540 4395 μίξαντες
3572 4323 3657 4377 αἴ-

2081 4429 2213 4481 ματι
2263 4417 2329 4485 τῇ
2384 4414 2670 4484 ἀγχιστεία
2720 4414 2829 4467 τῶν
2878 4414 3175 4483 αἰκισμῶν.
3238 4415 3314 4470 Οὐ
3361 4414 3656 4486 χρημάτων

389 4523 499 4565 non
551 4507 832 4564 felicitatis
872 4525 1029 4565 amor
1060 4521 1299 4566 vestrum
1337 4526 1463 4581 erga
1511 4510 1678 4567 Deum
1722 4528 1968 4567 amorem

2088 4498 2254 4575 ὗμῶν,
2288 4506 2388 4558 οὐκ
2417 4506 2762 4576 εὐδαιμονίας
2800 4506 2962 4571 πόθος
2993 4507 3095 4578 τὴν
3121 4507 3257 4578 πρὸς
3280 4507 3415 4560 Θεὸν
3441 4506 3657 4577 ἀγάπην

387 4601 692 4657 debilitavit
720 4622 733 4657 :
768 4619 867 4673 pro
903 4620 1041 4681 auro
1070 4596 1227 4661 vobis
1256 4607 1359 4662 fuit
1393 4607 1517 4662 ﬁdei
1556 4608 1841 4678 probitas;
1872 4624 1972 4679 pro

386 4691 544 4761 copia
570 4708 758 4764 opum,
794 4696 1027 4764 spiritus
1057 4686 1381 4751 humilitatis
1411 4716 1424 4751 ε
1456 4707 1507 4753 et
1538 4698 1738 4752 Christi
1771 4711 1971 4767 Oppre—

387 4781 566 4836 brium
602 4783 814 4855 majore
836 4786 892 4839 in
922 4787 1101 4856 pretio
1134 4782 1429 4854 habuistis,
1472 4798 1637 4858 quam
1664 4788 1970 4842 mundanos

368 4875 679 4931 thesauros
704 4898 720 4933 :
758 4892 996 4949 namque
1025 4870 1091 4934 a‘d
1115 4870 1420 4936 mercedem
1446 4872 1785 4950 respexistis,
1815 4880 1968 4949 gnari

386 4968 594 5023 scilicet
623 4985 722 5025 vos
761 4973 1042 5028 meliorem
1082 4974 1284 5029 habere
1306 4984 1358 5028 et
1394 4989 1691 5045 perennem
1728 4974 1784 5029 in
1812 4973 1966 5028 euelis

386 5059 750 5115 substantiam
788 5080 801 5115 :
833 5062 991 5117 vobis
1037 5063 1223 5132 gloriae
1273 5062 1529 5132 jactatio,
1583 5060 1821 5117 dedecus
1868 5076 1967 5131 pro

383 5149 602 5205 Christo
635 5170 647 5205 :
681 5153 959 5221 alacritas,
985 5155 1168 5211 cordis
1197 5155 1458 5209 contritio
1486 5170 1500 5208 ε
1535 5146 1852 5209 deliciarum
1878 5168 1968 5208 sa-

385 5242 618 5309 turitas,
673 5246 1009 5301 continentia
1058 5245 1159 5301 fuit
1193 5264 1207 5302 :
1246 5236 1617 5317 pulchritudo.
1643 5245 1890 5316 carperis
1935 5261 1964 5299 a

382 5332 538 5386 vobis
573 5333 848 5400 creditur,
915 5335 1275 5405 cupiditatum
1328 5331 1673 5389 tuortiticatio
1711 5349 1724 5385 :
1762 5332 1962 5385 virium

362 5423 573 5485 instar,
604 5423 930 5479 cbaritas'in
967 5426 1280 5480 inﬁrmitate
1309 5434 1363 5478 et
1396 5423 1820 5479 consummatio.

449 5510 539 5566 40.
571 5510 680 5568 Vos
714 5514 861 5569 brevi
929 5516 1061 5569 hora
1106 5513 1366 5581 majorem
1391 5557 1404 5579 ,
1466 5527 1629 5582 quam
1678 5511 1855 5568 vocati
1886 5511 1963 5565 illi

378 5603 722 5672 patriarchae,
760 5607 1003 5660 laborem
1040 5607 1092 5659 in
1128 5605 1284 5658 vinea
1314 5602 1614 5673 pertulistis
1647 5620 1661 5655 ι
1708 5618 1834 5656 nam
1873 5618 1958 5658 vc-

2071 4597 2404 4670 ὴμαύρωσεν
2430 4614 2442 4627 ·
2488 4599 2689 4670 χρυσὸς
2716 4598 2826 4671 γὰρ
2859 4600 2987 4669 ύμῖν
3041 4602 3140 4671 τῆς
3166 4599 3403 4664 πίστεως
3429 4599 3491 4652 τὸ
3520 4599 3659 4652 δοκί-

2072 4707 2194 4760 μιον
2216 4708 2230 4721 ο
2285 4689 2515 4743 πλούτου
2560 4691 2869 4762 περιουσία,
2913 4691 2975 4745 τὸ
3006 4691 3224 4763 πνεῦμα
3251 4692 3351 4763 τῆς
3386 4689 3656 4745 ταπεινώ-

2069 4794 2244 4840 σεωςο
2298 4779 2525 4849 μείζονά
2576 4796 2636 4832 τε
2686 4779 2917 4833 πλοῦτον
2964 4781 3185 4853 ἡγεῖσθε
3221 4781 3330 4836 τῶν
3377 4780 3659 4850 κοσμικῶν

2068 4870 2397 4941 θησαυρῶν,
2456 4871 2549 4925 τὸν
2599 4871 2907 4943 ὁνειδισμδν
2959 4874 3054 4929 τοῦ
3100 4874 3381 4946 Χριστοῦο
3434 4876 3515 4937 είς
3559 4873 3657 4944 τὴν

2070 4962 2494 5033 μισθαποδοσίαν
2547 4963 2657 5036 γὰρ
2699 4964 3070 5032 ἀπεϐλέπετε,
3111 4966 3475 5035 γινώσκοντες
3513 4966 3658 5037 ἔχειν

2066 5054 2290 5118 ἑαυτοὺς
2310 5054 2603 5125 κρείσσονα
2621 5048 2856 5127 ὓπαρξιν
2878 5059 2936 5110 ὲν
2956 5058 3206 5129 οὐρανοῖς
3229 5059 3324 5112 καὶ
3352 5057 3621 5128 μένουσαν
3640 5073 3654 5089 ·

2069 5145 2352 5216 γαυρίαμα
2375 5143 2533 5217 δόξης
2564 5147 2715 5217 ὑμῖν,
2766 5146 2958 5219 ἀτιμία
2986 5142 3077 5202 διὰ
3119 5148 3355 5219 Χριστόν
3379 5165 3395 5180 ο
3450 5132 3655 5213 εύεξὶα,

2066 5237 2266 5310 καρδία
2316 5241 2755 5311 συντετριμμένη
2783 5258 2798 5273 ·
2850 5241 3032 5313 τρυφὴ
3062 5234 3200 5313 πρὸς
3234 5233 3415 5312 κόρον,
3450 5238 3655 5310 ἐγκρά-

2063 5324 2182 5381 τεια
2206 5343 2221 5357 ⁸
2281 5326 2476 5393 κάλλος
2524 5326 2809 5400 σώματος,
2865 5333 2899 5403 ἡ
2950 5330 3216 5403 νέκρωσις
3263 5331 3373 5385 τῶν
3424 5327 3612 5385 παθῶν
3638 5343 3655 5358 ο

2075 5421 2249 5491 ἰσχὺς.
2278 5418 2311 5492 ἡ
2342 5423 2399 5476 ὲν
2423 5421 2678 5494 ἀσθενείᾳ
2705 5423 2863 5494 χάρις
2893 5423 2987 5476 καὶ
3011 5423 3313 5487 τελείωσις.

2145 5519 2219 5582 μ’.
2272 5513 2462 5581 Ὑμεῖς
2486 5512 2594 5567 τῶν
2620 5515 2698 5577 εἰς
2732 5514 2825 5567 τὸν
2852 5504 3151 5584 ἀμπελῶνα
3174 5506 3487 5584 κληθέντων
3517 5523 3654 5578 προσ

2069 5605 2244 5672 γόνων
2266 5606 2324 5657 ἐν
2347 5604 2540 5675 βραχεῖ
2567 5604 2745 5677 καιρῷ
2776 5606 2996 5677 μείζονα
3020 5605 3110 5659 τὸν
3137 5605 3381 5676 κάματον
3408 5600 3657 5673 τισψέγ-

448 5741 563 5812 μί)
593 5738 755 5797 Coei.
789 5741 1065 5812 specimen
1086 5741 1319 5797 ethnicae
1345 5742 1399 5796 in
1436 5741 1741 5813 inﬂigendis
1769 5741 2054 5811 suppliciis
2088 5744 2429 5801 crudelitatis
2463 5744 2605 5816 apud
2636 5745 2891 5801 Latinum
2922 5760 3117 5816 poema
3156 5745 3264 5803 vol.
3291 5743 3335 5801 ll
3355 5739 3651 5799 Herculan.
