3994 6432
297 419 412 484 525

1322 420 1705 482 LAUDATIO
1741 418 2053 481 OMNIUM
2100 422 2549 483 MARTYRUM.

3458 424 3562 503 525

294 543 436 580 κατε
464 543 479 558 ο
532 525 626 579 καὶ
657 524 766 596 γάρ
794 525 934 597 ὑπὲρ
964 525 1058 579 τὴν
1086 525 1405 597 προπάτορα
1447 529 1534 582 διὰ
1571 531 1680 583 τῶν
1707 529 1876 601 ἔργων

1986 537 2161 597 strum
2198 530 2434 599 primum
2473 529 2875 601 progenitorem
2934 531 3189 602 operibus
3224 538 3561 616 superastis;

291 619 584 688 ἑδείχθητε
610 634 623 648 ·
653 618 891 687 Χριστοῦ
919 618 1029 688 γάρ
1046 619 1144 679 τὰς
1169 618 1388 701 ἐντολάς
1414 621 1737 690 ἐτηρήσατε.
1770 620 1883 689 Τῆς

292 709 472 764 Ἅϐελ
502 708 689 771 θυσίας
732 709 905 779 δῶρον
942 709 1234 781 ἱερώτατον
1278 710 1637 780 ἁνηνὲγκατε,
1684 712 1746 763 τὸ
1775 711 1882 763 τῶν

286 798 490 869 ψυχῶν
510 800 874 870 ὁλοκαύτωμα
897 817 912 831 ⁸
944 800 1233 854 κάντεῦθεν
1255 801 1390 872 πρὸς
1411 801 1717 871 ἀφθαρσίαν
1743 802 1883 871 ὑπὲρ

288 894 391 946 τὸν
422 890 597 963 ’Ἑνὼχ
626 894 953 965 μετετέθητε
978 909 993 923 ⁸
1025 894 1254 948 κιϐωτὸν
1284 896 1509 958 ἑαυτοὺς
1536 894 1595 958 ἐξ
1624 896 1884 963 ἀσήπτων

289 983 474 1057 ξύλων
499 985 607 1037 τῶν
635 984 844 1054 ἀρετῶν
867 989 1262 1058 κραταιοτέραν
1286 987 1384 1055 τῆς
1408 986 1531 1040 Νῶε
1556 986 1885 1041 κατεσκευά-

290 1092 451 1141 σατε,
488 1076 555 1129 δι’
586 1072 657 1148 ἧς
686 1075 781 1128 τοῦ
823 1075 934 1128 τῶν
975 1074 1210 1131 εἰδώλων
1257 1076 1496 1146 πνιγμοῦ
1543 1075 1836 1146 διεσώθητε
1869 1092 1883 1149 ί

305 1167 566 1238 ’Δΰραάμ
593 1170 653 1219 ἐν
685 1165 839 1235 τύπῳ
869 1166 962 1219 καὶ
994 1167 1124 1237 σκιᾷ
1172 1166 1234 1220 τὸ
1277 1168 1375 1236 τῆς
1420 1167 1647 1237 Τριάδος
1680 1168 1883 1235 μυστή-

290 1278 413 1333 ριον
464 1260 817 1331 κατενόησεν,
870 1260 1027 1328 ὑμεῖς
1076 1259 1134 1310 δὲ
1184 1260 1310 1323 τοὺς
1341 1260 1481 1329 ὑπὲρ
1528 1260 1628 1329 τῆς
1658 1260 1882 1329 Τριάδος

286 1354 516 1424 ἀγῶνας
556 1352 946 1421 ἀναδεξάμενοι
979 1352 1484 1422 μεγαλοφωνότατοι
1513 1354 1750 1421 κήρυκες
1783 1350 1882 1417 τῆς

286 1445 559 1515 ἀληθείας
581 1444 843 1511 γεγόνατε
867 1457 882 1473 ο
916 1442 1056 1513 ὑπὲρ
1085 1443 1179 1495 τὸν
1218 1442 1408 1495 Ἰσαάκ
1435 1439 1878 1511 ἐκαλλιερήθητε,

283 1540 355 1606 τῇ
390 1535 611 1589 ἑαυτῶν
640 1537 821 1604 σφαγῇ
848 1533 948 1603 τὴν
976 1533 1167 1587 θυσίαν
1198 1533 1517 1596 τελέσαντες
1540 1548 1552 1560 ·
1587 1533 1685 1602 τὴν
1710 1531 1882 1586 ἄπλα-

288 1646 419 1681 στον
482 1628 835 1699 ἀναστροφὴν
900 1624 1094 1678 Ἰακὼϐ
1154 1624 1232 1695 τῷ
1292 1624 1722 1696 ἀπανουργεύτῳ
1783 1625 1882 1692 τῆς

285 1718 676 1788 προαιρέσεως
735 1713 1179 1786 παραλλάξαντες
1206 1732 1219 1744 ·
1281 1714 1357 1784 τῷ
1409 1714 1506 1784 τῆς
1551 1716 1882 1786 περιστερᾶς

287 1810 537 1881 άκεραίῳ
571 1808 671 1879 τὴν
704 1807 833 1878 περὶ
862 1806 923 1859 τὸ
954 1806 1123 1859 καλὸν
1147 1805 1302 1876 ὑμῶν
1347 1806 1460 1871 ἕξιν
1489 1806 1632 1859 κατὰ
1659 1806 1755 1875 τὴν
1791 1808 1879 1858 ἐν-

1983 620 2185 676 tihristi
2223 622 2367 675 enim
2398 624 2652 678 mandata
2706 624 3059 681 observastis.
3106 625 3274 681 Multo
3319 628 3562 691 sanctius

1984 728 2149 780 quam
2178 713 2311 767 Abel
2347 715 2598 768 sacriﬁcii
2653 717 2857 771 donum
2909 718 3183 774 obtulistis
3205 761 3221 785 ,
3254 720 3563 787 animarum

1987 819 2182 873 nempe
2206 814 2508 860 vestrarum
2531 808 2909 869 holocaustum
2938 829 2952 865 :
2989 813 3219 882 ideoque
3241 813 3307 867 ad
3339 814 3564 868 immor-

1988 894 2249 949 talitatem
2296 898 2556 963 potiorem
2608 914 2771 968 quam
2830 901 3053 957 Henoch
3095 904 3345 959 translati
3405 902 3560 969 estis,

1985 1001 2112 1040 arca
2127 988 2280 1042 vobis
2301 1005 2363 1043 ex
2390 990 2813 1059 imputribilihus
2825 995 3088 1049 virtutum
3104 997 3266 1067 lignis
3278 996 3559 1068 validiore,

1984 1095 2148 1147 quam
2180 1081 2267 1134 illa
2295 1078 2498 1137 Noachi
2518 1124 2533 1148 ,
2566 1082 2856 1151 fabricata,
2901 1101 3008 1155 qua
3042 1088 3179 1141 vecti
3203 1089 3270 1142 ab
3294 1089 3562 1145 idolorum

1986 1169 2342 1225 suffocatione
2388 1174 2658 1229 evasistis.
2715 1175 2991 1230 Abraham
3022 1178 3074 1231 in
3127 1188 3252 1249 typo
3293 1189 3347 1233 et
3368 1180 3564 1237 umbra

1986 1265 2305 1332 mysterium
2356 1264 2643 1320 Trinitatis
2696 1267 2942 1336 agnovit;
2982 1284 3076 1323 vos
3102 1280 3282 1325 autem
3305 1272 3433 1325 dum’
3463 1284 3563 1340 pro

1987 1353 2252 1409 Trinitate
2278 1357 2573 1412 certamina
2610 1358 2952 1428 suscepistis,
2995 1360 3377 1415 clamosissimi
3424 1362 3565 1415 veri-

1985 1447 2110 1500 tatis
2135 1461 2413 1515 prtecones
2444 1447 2573 1502 facti
2602 1450 2753 1504 estis.
2784 1449 2980 1504 Melius
3010 1460 3172 1521 quam
3202 1452 3352 1507 Isaac
3389 1453 3562 1510 sacri—

1986 1536 2167 1591 ﬁcium
2194 1538 2490 1605 obtulistis,
2532 1540 2623 1608 qui
2685 1548 2865 1595 vestra
2910 1542 3056 1595 caede
3091 1554 3205 1596 rem
3231 1556 3445 1597 sacram
3481 1541 3561 1598 fe-

1985 1629 2159 1683 cistis.
2207 1629 2520 1700 Simplicem
2563 1630 2759 1706 Jacobi
2788 1634 2975 1698 vitam,
3010 1633 3325 1688 sinceritate
3355 1647 3559 1703 propo-

1985 1719 2076 1779 siti
2124 1723 2445 1791 superastis.
2477 1722 2868 1778 Columbarum
2897 1724 3225 1781 innocentia:
3256 1765 3272 1791 ,
3324 1735 3581 1778 vestram

1983 1814 2109 1867 vita:
2138 1815 2357 1885 Optima:
2377 1816 2747 1870 conditionem
2774 1816 2930 1885 juxta
2957 1827 3310 1886 praeceptum,
3341 1817 3563 1873 assimi—

287 1900 453 1969 τολὴν
464 1898 805 1969 ὠμοιώσατε·
830 1899 922 1951 καὶ
934 1901 1110 1952 οἰκίαν
1136 1899 1406 1968 περιφανῆ
1428 1899 1528 1966 τὴν
1554 1898 1876 1967 Ἐκκλησίαν

1993 1904 2188 1973 lastis;
2221 1907 2555 1976 domumque
2586 1909 2851 1964 illustrem
2876 1911 3159 1965 ecclesiam
3210 1909 3561 1982 aediﬁcantes,

296 1992 668 2053 ἀνοικίσαντες
697 2030 712 2054 ,
748 1989 1016 2061 βρώματα
1044 1989 1119 2060 τῷ
1150 1990 1327 2060 Harp}.
1351 1988 1469 2057 Θεῷ
1500 1990 1878 2058 προσηγάγετε

300 2085 373 2137 τά
396 2084 622 2154 ὑμέτερα
648 2082 959 2154 τραύματα,
991 2082 1245 2150 καθάπερ
1276 2080 1461 2149 ἔριφον
1493 2080 1793 2147 σφάξαντες
1819 2081 1879 2133 τὸ

301 2177 469 2245 σῶμα
502 2175 593 2243 τῆς
620 2173 1026 2241 ταπεινώσεως,
1066 2174 1198 2242 παρ’
1225 2166 1286 2226 οῦ
1328 2173 1425 2224 καὶ
1469 2171 1567 2240 τὴν
1605 2171 1874 2237 εὐλογίαν,

290 2265 444 2335 ζωὴν
482 2265 582 2328 ἕως
630 2265 726 2322 τοῦ
776 2264 1004 2327 αἰῶνος,
1056 2264 1354 2333 εἰλήφατε·
1417 2263 1761 2333 σωφροσύνην
1789 2263 1878 2315 τὸν

298 2354 502 2426 Ἰωσὴφ
542 2354 923 2425 παρήλασατε,
953 2354 1056 2426 τὴν
1085 2354 1385 2409 ἀκόλαστον
1409 2354 1468 2404 ἐν
1498 2353 1787 2423 πράγμασί
1819 2369 1876 2405 τε

284 2448 383 2499 καὶ
414 2449 659 2518 σχήμασι
686 2446 793 2499 τῶν
823 2444 1195 2515 ψευδωνύμων
1224 2443 1363 2497 θεῶν
1391 2444 1553 2510 δόξαν
1579 2444 1876 2498 ἀποσεισά-

285 2554 466 2608 μενοι,
518 2537 733 2593 καὶτὸν
763 2536 1148 2608 περικείμενον
1198 2534 1401 2611 χιτῶνα
1450 2535 1510 2588 τὸ
1551 2534 1711 2605 σῶμα
1766 2540 1878 2600 τοῖς

286 2630 573 2698 πορνικοῖς
613 2627 702 2680 τὸν
730 2626 856 2680 νοῦν
889 2626 1171 2698 τυράννοις
1225 2624 1663 2693 ἀπεκδυσάμενοι
1686 2641 1699 2654 υ
1753 2627 1879 2689 τοὺς

284 2721 635 2790 πειρασμούς
670 2717 790 2771 ’1ὼό
821 2718 1201 2787 διηντλήσατε,
1231 2717 1327 2770 καὶ
1369 2716 1430 2768 τὸ
1467 2715 1650 2786 μεῖζον
1692 2717 1725 2786 ἣ
1757 2719 1877 2768 κατ’

284 2814 498 2864 ἐκεῖνον
530 2811 693 2882 μέχρι
724 2810 954 2864 θανάτου
977 2810 1114 2881 πρὸς
1137 2808 1207 2863 τὰ
1225 2808 1373 2861 δεινά
1405 2810 1840 2880 καρτερήσαντες
1860 2827 1875 2842 ο

285 2903 431 2976 ὑπὲρ
476 2904 540 2955 τὸ
577 2902 857 2965 Μωῦσέως
904 2901 1227 2971 ἐδοξάσθητε
1274 2902 1585 2972 πρόσωπον,
1636 2900 1727 2952 τὸν
1777 2900 1878 2968 τῆς

284 2997 511 3067 χάριτος
541 2995 636 3049 καὶ
658 2993 916 3069 ἀληθείας
949 2993 1110 3064 νόμον
1144 2993 1238 3046 καὶ
1264 2992 1550 3062 δεξάμενοι
1580 2992 1673 3044 καὶ
1706 2990 1876 3060 φυλά-

286 3090 504 3155 ξαντες,
536 3086 630 3142 καὶ
667 3070 765 3159 τὴν
799 3084 1009 3155 φονώδη
1053 3086 1147 3139 καὶ
1188 3082 1427 3155 ἐρυθρὰν
1457 3083 1556 3152 τῆς
1589 3081 1876 3155 ἐτεροθρη-

285 3179 480 3241 σκείας
525 3176 783 3247 ἀῦρόχοις
820 3175 949 3228 ποσὶ
981 3169 1413 3249 διαπεράσαντες
1445 3171 1737 3234 θάλασσαν,
1774 3171 1874 3242 τὴν

284 3271 388 3340 γῆν
435 3268 539 3338 τῆς
591 3267 928 3339 ἐπαγγελίας
978 3265 1076 3336 τὴν
1130 3261 1454 3339 ἐπουράνιον
1516 3259 1872 3333 Ἰερουσαλὴμ,
1898 3259 1905 3307 ηἷ

283 3362 617 3419 κατελάϐετε
641 3376 655 3389 ·
689 3360 955 3431 πρότερον
994 3356 1208 3419 πολλοῖς
1239 3354 1485 3427 σημείοις
1517 3354 1609 3407 καὶ
1644 3353 1871 3425 τέρασιν

282 3457 341 3507 ἐν
374 3452 459 3523 τῷ
490 3454 688 3523 ἐρήμῳ
731 3450 831 3521 βίῳ
868 3449 973 3531 τῆς
1010 3447 1314 3511 εὐσεϐείας,
1353 3448 1451 3517 τὴν
1480 3445 1687 3499 ἑαυτῶν
1720 3445 1873 3516 ἰσχὺν

278 3549 396 3610 τοῖς
444 3545 711 3607 ἐναντίοις
740 3543 1132 3613 γνωρίσαντες,
1177 3540 1271 3593 καὶ
1314 3537 1376 3592 τὺ
1421 3537 1534 3590 τῶν
1570 3537 1874 3593 δακνόντων

279 3639 464 3708 ὄφεων
494 3639 588 3704 καὶ
610 3636 710 3707 τὴν
734 3636 972 3704 πτέρναν
995 3632 1306 3705 τηρούντων
1337 3630 1558 3701 θράσος,
1582 3628 1677 3682 διὰ
1709 3628 1873 3687 θανά-

277 3751 377 3788 του
426 3730 914 3800 καταπατήσαντες
969 3726 1065 3781 καὶ
1115 3724 1490 3795 νεκρώσαντες
1515 3740 1528 3752 ·
1596 3723 1717 3776 ἀντὶ
1775 3722 1876 3791 τῆς

293 3823 513 3894 ’Δαρὼν
547 3822 927 3894 χειροποιήτου
959 3817 1176 3889 στολῆς,
1219 3818 1318 3888 τὴν
1365 3812 1712 3884 δικαιοσύνην
1743 3815 1877 3893 Χρι-

289 3917 422 3971 στοῦ
443 3913 779 3986 ἱεροπρεπῶς
801 3910 1126 3968 ἐνεδύσασθε
1142 3926 1156 3941 ’
1177 3910 1271 3963 καὶ
1289 3909 1389 3976 οὐκ
1413 3909 1601 3979 ἀμνῶν
1624 3908 1871 3977 αἴμασιν,

288 4006 414 4060 ἀλλ’
462 4006 674 4069 οἰκείοις
715 4006 809 4059 τὸν
855 4004 983 4059 λαὸν
1039 4003 1348 4073 ἐκαθήρατε
1376 4017 1389 4031 ·
1443 4002 1513 4054 τὰ
1561 4002 1716 4073 τείχη
1766 3999 1875 4053 τῶν

290 4096 517 4151 ἀσεϐῶν
548 4097 638 4149 καὶ
662 4096 749 4149 τοῦ
790 4095 993 4167 ἐχθροῦ
1009 4095 1109 4157 τὰς
1131 4092 1336 4157 πόλεις,
1366 4091 1464 4154 τάς
1489 4090 1679 4151 λάλους
1707 4088 1877 4158 γλώσ-

287 4204 394 4251 σας
428 4188 521 4240 καὶ
549 4187 872 4253 ἀντιθέτους,
915 4185 1011 4240 καὶ
1040 4185 1139 4255 τὴν
1173 4180 1625 4255 καταργουμένην
1660 4176 1872 4248 σοφίαν,

277 4283 346 4351 τῇ
382 4280 649 4349 σάλπιγγι
671 4278 778 4332 τῶν
800 4277 1085 4350 ὑμετέρων
1112 4273 1396 4346 δογμάτων
1426 4272 1707 4326 καθείλετε
1733 4287 1747 4303 ’
1774 4271 1876 4340 τῆς

290 4369 473 4441 Ἰησοῦ
530 4367 863 4440 στρατηγίας
915 4365 1334 4437 ἐπιφανέστεροι
1385 4362 1664 4434 ἐδείχθητε
1701 4378 1714 4391 ·
1778 4362 1875 4415 καὶ

232 4454 237 4457 ⁷
274 4459 541 4530 Σαμουὴλ
570 4442 875 4533 ἱερώτεροι,
901 4458 996 4510 καὶ
1016 4456 1136 4510 λίαν
1163 4453 1483 4525 θεοπρεπῶς
1510 4469 1522 4481 ·
1556 4454 1616 4506 οὐ
1638 4453 1745 4524 γὰρ
1767 4452 1874 4507 ὑπὸ

1983 1999 2290 2052 convivium
2344 1995 2491 2053 Patri
2544 1999 2653 2053 Deo
2698 2000 3030 2055 exhibuistis
3062 2040 3077 2064 ,
3109 2009 3288 2056 vestra
3342 2001 3555 2055 scilicet

1982 2090 2203 2143 vulnera
2232 2131 2246 2153 ,
2298 2090 2512 2147 bardum
2552 2092 2956 2161 quodammodo
3000 2091 3322 2146 humilitatis
3369 2100 3565 2148 vestra)

1981 2195 2181 2250 corpus
2247 2191 2587 2237 mactantes:
2616 2184 2970 2253 quamobrem
2996 2193 3051 2239 et
3107 2199 3138 2239 a
3176 2184 3288 2239 Deo
3345 2185 3565 2238 benedi-

1981 2271 2237 2339 ctionem,
2288 2274 2339 2327 id
2393 2285 2475 2329 est
2494 2275 2660 2329 vitam
2696 2282 2976 2341 aeternam,
3033 2275 3335 2344 recepistis.
3370 2275 3562 2331 Comi-

1982 2365 2164 2418 nentia
2185 2349 2482 2434 Josephum
2519 2367 2748 2432 vicistis,
2793 2368 2888 2437 qui
2920 2379 3229 2437 protervam
3268 2369 3482 2423 actibus
3507 2381 3563 2441 et

1981 2454 2168 2524 ﬁguris
2220 2456 2480 2513 falsorum
2546 2459 2773 2513 deorum
2828 2459 3130 2514 doctrinam
3175 2460 3472 2528 repulistis,
3506 2469 3565 2530 et

1981 2548 2389 2617 circumiectam
2413 2550 2585 2619 ipsam
2627 2560 2854 2615 vestem,
2884 2562 3083 2622 corpus
3133 2551 3359 2612 scilicet,
3395 2551 3565 2625 forni:

1981 2638 2145 2692 cariis
2202 2647 2474 2709 corrupta
2526 2642 2722 2695 mentis
2759 2643 3003 2711 tyrannis
3044 2642 3354 2697 remisistis.
3390 2638 3562 2706 Porro

1980 2736 2034 2782 et
2057 2727 2178 2783 Jobi
2231 2731 2556 2790 tentationes
2607 2732 2903 2798 tolerastis,
2950 2732 3210 2801 quodque
3237 2731 3330 2785 illo
3383 2733 3563 2803 majus

1980 2829 2085 2883 est,
2110 2820 2176 2873 ad
2212 2835 2398 2875 necem
2447 2836 2623 2890 usque
2661 2823 2924 2877 adversus
2965 2825 3239 2878 cruciatus
3280 2822 3561 2878 durantes.

1980 2910 2188 2981 Maiore
2220 2927 2385 2985 quam
2409 2910 2623 2983 Moyses
2652 2914 2861 2969 honore
2889 2913 3067 2971 affecti
3088 2913 3290 2978 fuistis,
3316 2917 3410 2984 qui
3436 2926 3566 2989 grai--

1981 3003 2068 3067 tite
2104 3003 2456 3074 veritatisque
2518 3005 2691 3075 legem
2747 3008 3035 3076 accepistis
3088 3017 3253 3075 atque
3307 3008 3565 3069 observa:

1980 3094 2100 3160 stis,
2125 3103 2177 3150 et
2204 3095 2432 3150 rubrum
2455 3096 2723 3166 sanguine
2752 3096 3078 3152 idololatria:
3102 3113 3251 3152 mare
3281 3099 3443 3153 siccis
3465 3114 3560 3167 pes

1980 3185 2140 3240 dibus
2159 3196 2520 3255 permeantes,
2551 3188 2618 3242 ad
2655 3189 3037 3258 promissionis
3067 3190 3364 3259 regionem,
3387 3192 3555 3248 cales

1977 3286 2114 3334 stem
2131 3275 2452 3345 Jerusalem,
2470 3281 2823 3349 pervenistis:
2846 3291 3003 3335 antea
3025 3289 3205 3335 tamen
3218 3282 3392 3351 signis
3409 3282 3554 3336 mul-

1977 3370 2046 3425 tis
2074 3379 2236 3440 atque
2292 3370 2575 3427 miraculis
2626 3372 2681 3425 in
2730 3388 2933 3437 eremo;
2971 3372 3027 3427 id
3075 3381 3177 3439 est,
3208 3372 3262 3426 in
3292 3374 3546 3442 religiosa

1974 3461 2104 3527 vita,
2147 3464 2294 3518 vires
2337 3472 2551 3519 vestras
2577 3465 2829 3520 hostibus
2856 3466 3296 3534 comprobantes,
3343 3476 3399 3521 et
3427 3482 3547 3522 ser-

1973 3558 2220 3628 pentium
2271 3560 2481 3614 morsui
2516 3559 2848 3613 intentorum
2880 3560 3247 3634 calcaneoque
3286 3560 3553 3620 insidians

1978 3649 2114 3704 tium
2159 3650 2465 3718 audaciam,
2512 3663 2703 3707 morte
2736 3661 2914 3707 vestra
2968 3652 3223 3709 calcastis
3254 3664 3307 3708 et
3345 3646 3574 3724 exstine'

1975 3742 2154 3798 xistis.
2188 3741 2297 3798 Pro
2327 3744 2642 3799 manufacta
2667 3744 2903 3802 Aaronis
2925 3749 3111 3811 -stola,
3144 3732 3346 3801 Christi
3384 3746 3549 3815 justi-

1978 3836 2106 3888 tiam
2159 3843 2220 3889 ut
2259 3843 2481 3897 sanctos
2536 3835 2691 3905 decet
2730 3835 3020 3907 induistis;
3053 3850 3231 3904 neque
3275 3836 3551 3903 sanguine

1976 3942 2262 3999 agnorum,
2298 3928 2392 3983 sed
2425 3928 2645 3998 proprio
2680 3928 2940 3998 populum
2957 3927 3314 4006 emundastis.
3344 3925 3548 3996 lmpio-

1976 4036 2099 4076 rum
2116 4021 2340 4087 moenia,
2365 4029 2420 4075 et
2441 4019 2614 4076 hostis
2637 4020 2823 4087 urbes,
2846 4020 3093 4087 garrulas
3120 4034 3313 4088 nempe
3333 4019 3550 4090 linguas

1979 4121 2148 4182 atque
2170 4113 2533 4177 adversariae,
2551 4120 2606 4167 et
2619 4126 2814 4173 vanam
2837 4111 3159 4181 sapientiam
3188 4110 3316 4164 tuba
3346 4119 3559 4166 vestro-

1976 4221 2098 4259 rum
2121 4205 2439 4275 dogmatum
2501 4204 2805 4268 excidistis,
2831 4212 2887 4258 et
2934 4204 3072 4257 duce
3100 4201 3269 4268 Josue
3297 4203 3560 4267 clariores

1970 4298 2246 4362 .evasistis.
2294 4298 2433 4353 Tum
2475 4297 2639 4353 etiam
2682 4296 2937 4359 Samuele
2986 4296 3329 4361 sanctiores,
3374 4294 3557 4351 etDei

1976 4391 2284 4445 ministerio
2303 4390 2587 4460 aptiores:
2627 4403 2739 4445 non
2779 4388 2927 4443 enim
2971 4394 3145 4460 mater
3182 4387 3280 4443 sed
3314 4394 3553 4443 vosmet-

1977 4481 2081 4550 ipsi
2115 4480 2227 4536 Deo
2251 4479 2546 4545 obtulistis,
2589 4478 2733 4534 baud
2761 4478 2829 4534 ad
2858 4479 3048 4542 vitam,
3083 4478 3175 4534 sed
3213 4478 3281 4532 ad
3310 4488 3546 4535 mortem

274 4551 514 4625 μητρὸς,
538 4549 654 4603 ἀλλ’
684 4551 772 4620 ὑφ’
794 4547 1000 4620 ἐαυτῶν
1026 4544 1147 4617 Θεῷ
1175 4543 1603 4616 προσηνέχθητε,
1630 4543 1874 4612 δοθέντες

1980 4543 2183 4643 traditi,
2209 4582 2268 4627 ut
2287 4573 2340 4626 in
2362 4543 2564 4628 aeterna
2593 4571 2701 4627 vita
2722 4570 2938 4642 vivatis.
2968 4568 3394 4626 lnteliectualem
3451 4569 3557 4625 Go-

273 4642 337 4696 οὐ
365 4641 507 4711 πρὸς
558 4641 706 4715 ζωὴν
724 4639 874 4717 ἀλλά
910 4638 1159 4711 θάνατον,
1198 4637 1285 4689 ἵνα
1331 4636 1535 4706 (flagra
1582 4635 1727 4708 ζωὴν
1774 4636 1873 4708 τὴν

274 4734 550 4798 ἀθάνατον
569 4750 583 4765 ο
614 4734 705 4787 τὸν
729 4732 922 4803 νοητὸν
942 4732 982 4785 Γ
986 4731 1159 4798 ολιὰτ,
1183 4731 1280 4800 οὐχ
1299 4730 1374 4793 ὡς
1400 4730 1563 4785 Δαὸὶδ
1591 4729 1871 4805 σφενδόνῃ,

278 4823 359 4892 τῷ
385 4823 443 4879 δὲ
464 4825 620 4896 παρά
644 4823 950 4894 ἀνθρώπων
979 4820 1473 4892 ἀποδοκιμασθέντι
1499 4820 1630 4889 λίθῳ
1654 4820 1874 4892 Χριστῷ

284 4915 616 4970 κατεδάλετε
641 4933 654 4945 ’
716 4918 815 4971 καὶ
854 4920 967 4981 τοίς
1016 4915 1282 4993 κινδύνοις
1333 4918 1432 4987 τὴν
1484 4916 1728 4986 κεφαλὴν
1775 4916 1871 4969 τοῦ

279 5004 544 5071 δυνάστου
595 5007 996 5071 συνθλάσαντες
1042 5007 1370 5079 δράκοντος,
1428 5004 1571 5061 οὕτω
1620 5004 1873 5077 καθάπερ

275 5108 425 5172 τινὲς
475 5109 764 5180 νικηφόροι
826 5108 1193 5181 θριαμὸευτα).
1244 5107 1503 5181 μεγάλοις
1549 5108 1872 5178 στεφθέντες

275 5207 793 5279 ἀνδραγαθήμασιν,
844 5210 988 5276 ὑπὲρ
1033 5211 1125 5262 τὸν
1167 5208 1350 5262 Ἠλίου
1395 5208 1595 5279 δρόμον
1636 5210 1729 5263 καὶ
1773 5209 1871 5282 τὴν

275 5314 362 5381 ἐφ’
409 5313 660 5384 ἅρματος
690 5317 770 5377 είς
817 5314 953 5384 ὕψος
997 5313 1284 5383 ἀνάληψιν,
1330 5312 1439 5366 τῶν
1480 5314 1721 5383 οὐρανῶν
1770 5315 1870 5380 τὰς

275 5404 451 5470 πόλας
475 5406 847 5477 διεληλύθατε,
866 5406 1195 5479 κουφότερόν
1215 5422 1275 5458 τε
1297 5407 1393 5459 καὶ
1418 5398 1860 5479 εὐσταλέστερον,

273 5497 575 5569 ἐπιδίφριοι
608 5499 726 5557 ταῖς
760 5498 981 5567 ἀρεταῖς
1014 5495 1363 5565 ἀναγόμενοι,
1431 5496 1662 5559 καὶτοῖς
1687 5496 1858 5569 ἀθλη-

1974 4665 2103 4721 Iiath
2139 4680 2249 4720 non
2285 4673 2346 4719 ut
2391 4660 2564 4719 David
2614 4662 2806 4728 funda,
2839 4663 3255 4735 sed‘reprobato
3280 4662 3349 4716 ab
3379 4648 3558 4717 homi-

1972 4758 2135 4814 nibus
2165 4758 2343 4830 lapide
2375 4757 2601 4813 Christo
2622 4757 2964 4828 prostrastis.
2994 4756 3312 4825 Vestrisque
3337 4756 3557 4825 pericu-

1973 4852 2060 4917 lis,
2092 4850 2607 4922 caputdommantis
2657 4849 2911 4921 draconis
2959 4856 3322 4911 contexentes,
3354 4847 3437 4903 sic
3458 4848 3556 4902 de—

1974 4960 2126 5000 mum
2166 4943 2525 4999 utvictoriosi
2579 4932 3005 5013 triumphatorcs
3044 4940 3258 5011 magnis
3297 4938 3557 4994 facinori-

1972 5037 2076 5093 bus
2116 5034 2392 5101 coronati,
2444 5034 2764 5091 sublimiore
2809 5050 2972 5106 quam
3009 5035 3378 5098 Eliascursu,
3402 5032 3550 5100 ejus-

1971 5144 2079 5198 que
2110 5128 2163 5183 in
2194 5143 2356 5181 curru
2396 5127 2633 5182 sedentis
2673 5116 3014 5193 ascensione,
3057 5126 3323 5182 caelorum
3349 5122 3551 5192 januas

1969 5223 2218 5275 intrastis
2254 5218 2467 5274 facilius
2504 5200 2667 5287 atque
2688 5214 2961 5284 stabilius,
2995 5219 3253 5273 virtutum
3294 5214 3549 5270 curribus

1971 5314 2109 5377 nixi,
2137 5312 2408 5383 factisque
2428 5310 2661 5366 fortibus
2692 5312 2832 5365 vecti
2866 5329 2880 5377 ;
2913 5317 2968 5365 et
2999 5324 3146 5366 nunc
3167 5309 3387 5364 demum
3420 5308 3546 5361 cum

1974 5408 2269 5463 innumero
2339 5406 2670 5475 angelorum
2697 5407 2905 5471 choro,
2952 5412 3008 5459 et
3058 5400 3547 5474 primogenitorum

1974 5510 2123 5560 metu
2152 5507 2279 5553 ante
2302 5512 2490 5552 verum
2519 5498 2936 5553 tabernaculum
2966 5496 3197 5551 choreas
3215 5493 3436 5549 ducitis.

273 5594 450 5655 τικοῖς
498 5591 859 5662 ἐποχούμενοι
919 5589 1310 5661 κατορθώμασι
1336 5607 1348 5619 ·
1401 5593 1492 5644 καὶ
1536 5592 1632 5646 νῦν
1700 5601 1959 5670 μυριάσιν
2015 5596 2262 5667 ἀγγέλων
2326 5594 2632 5665 πανηγύρει
2712 5593 2806 5647 κιιιλ⁵
2848 5592 3116 5664 ἐκκλησίᾳ
3177 5587 3546 5665 πρωτοτόκων

274 5687 384 5757 πρὸ
415 5687 518 5757 τῆς
546 5687 807 5759 ἀληθινῆς
834 5687 1043 5761 σκηνῆς
1082 5685 1439 5757 συγχορεῦετε
1471 5688 1606 5761 (12).

345 5872 462 5947 (ἢῖ)
493 5873 638 5947 Ergo
666 5873 848 5947 sancti
882 5870 1337 5947 hominesgloria
1365 5873 1597 5947 _coelesti
1624 5873 1886 5931 fruuntur
1923 5872 2108 5937 statim
2144 5878 2271 5940 post
2331 5864 2566 5935 obitum,
2601 5880 2713 5922 non
2741 5870 3077 5947 exspectato,
3109 5870 3167 5920 ut
3186 5874 3332 5919 nunc
3358 5858 3545 5940 volunt

270 5940 622 6016 mitiﬁmatiéi
644 5944 841 6016 Graci,
874 5940 1191 6003 universali
1205 5940 1435 6021 judicio.

3198 6084 3231 6095 ..ο
