4062 6422
486 374 600 438 .53"!

1129 377 1635 442 CONSTANTINI
1693 380 2002 442 DIACONI
2050 384 2158 445 CP.
2197 383 2578 445 LAUDATIO
2615 382 2806 446 OMM.
2848 387 3180 447 MARTYB.

3673 389 3780 452 528

567 508 657 564 41.
712 506 1097 577 Hincaccidit,
1159 523 1221 568 ut
1267 515 1534 572 fratribus
1607 532 1832 588 quoque
1884 518 2074 574 vestris

2259 528 2368 591 μα’.
2411 521 2503 575 Διὸ
2547 525 2642 577 καὶ
2685 525 2798 588 τοῖς
2830 526 3150 596 ὁμογενέσιν
3191 525 3319 595 ὑμῖν
3361 524 3642 594 ἐξεγένετο
3677 527 3779 597 τῆς

497 599 808 668 splendoris
831 603 1003 658 vestri
1023 615 1228 669 partem
1259 607 1674 676 impertiamini.
1705 624 1868 679 quem
1890 625 1956 666 ex
1997 611 2086 666 in-

495 692 794 748 tellectuali
825 694 949 750 luce
1005 697 1262 753 hauritis.
1292 698 1506 754 Etenim
1553 700 1815 756 universo
1849 703 2086 758 humano

495 788 680 854 generi
709 789 984 859 praepositi
1006 791 1159 856 estis,
1209 799 1472 862 tanquam
1511 795 1820 849 animarum
1853 804 2081 863 tutores,

495 893 789 949 corporum
834 881 1050 946 medici,
1115 882 1240 939 ﬁdei
1279 885 1557 952 columna,
1614 888 1906 943 sacerdotii
1947 904 2083 943 con-

496 972 813 1036 summatio,
854 983 1205 1042 peccatorum
1242 976 1494 1032 remissio
1518 1018 1533 1040 ,
1564 978 1932 1034 Ecclesiarum
1962 978 2084 1035 fun-

494 1062 810 1118 damentum
842 1074 898 1119 et
922 1065 1190 1131 fulcrum,
1240 1069 1560 1124 morborum
1589 1072 1912 1138 remedium,
1962 1073 2081 1128 via-

494 1161 676 1209 torum
730 1157 988 1227 requies,
1042 1161 1418 1231 navigantium
1452 1163 1905 1233 gubernaculum,
1937 1166 2080 1221 indi-

493 1247 736 1316 gentium
767 1252 1055 1321 suppetiae,
1115 1255 1480 1324 pugnantium
1515 1256 1843 1324 subsidium,
1878 1259 2081 1315 caden-

490 1339 628 1396 tium
660 1343 888 1411 erectio,
919 1343 1222 1400 dolentium
1242 1347 1526 1414 recreatio,
1553 1351 1852 1404 errantium
1879 1351 2069 1417 duces,

493 1444 639 1489 recte
669 1434 1036 1490 incedentium
1075 1438 1413 1506 praesidium,
1439 1449 1763 1496 maestorum
1793 1442 2074 1508 solatium,

482 1526 742 1580 omnium
772 1524 967 1597 potens
997 1529 1265 1585 auxilium
1313 1540 1368 1587 et
1391 1531 1562 1586 ﬁrmae
1591 1534 1706 1604 spei
1737 1542 2002 1590 tutamen.

562 1708 654 1761 42.
692 1707 800 1764 Nos
829 1725 980 1775 vero,
1013 1726 1048 1768 ο
1077 1727 1296 1768 sacrum
1357 1715 1696 1771 audientium
1727 1717 1887 1782 ovile,
1921 1717 1965 1772 si
1993 1717 2076 1771 di-

485 1814 599 1868 gne
638 1812 906 1871 martyres
927 1802 1208 1878 honorare
1221 1805 1585 1874 decrevimus,
1611 1809 1759 1876 paria
1796 1809 1880 1864 his
1902 1818 2075 1863 certa-

2190 613 2401 667 ἑαυτῶν
2437 615 2772 685 μεταδιδόναι
2803 616 3206 688 λαμπρότητος,
3237 616 3443 670 σπῶσιν
3469 619 3533 671 ὲκ
3558 616 3652 670 τοῦ
3675 619 3777 687 τῆς

2188 704 2386 775 νοητῆς
2433 707 2617 778 πηγῆς
2666 696 3102 779 άπαυγάσματος
3130 725 3145 739 ·
3195 709 3288 761 καὶ
3333 708 3442 780 γὰρ
3494 712 3650 779 κοινῇ
3695 710 3774 780 τῷ

2185 796 2334 862 γένει
2365 798 2664 868 κατέστητε
2707 799 2893 869 ψυχῶν
2928 801 3258 871 ἐπιμεληταὶ
3299 800 3445 870 (15),
3504 802 3771 870 σωμάτων

2185 888 2542 959 θεραπευταὶ,
2587 892 2824 956 πίστεως
2863 894 3092 964 κρηπὶς,
3132 894 3432 965 ἱερωσύνης
3473 893 3760 960 τελείωσις,

2183 981 2473 1052 ἁμαρτιῶν
2519 983 2922 1056 ἀπολύτρωσις,
2962 985 3270 1057 ὲκκλησιῶν
3307 985 3559 1056 θεμέλιός
3591 1002 3648 1038 τε
3671 989 3759 1041 καὶ

2185 1076 2486 1146 στήριγμα.
2517 1077 2624 1130 τῶν
2652 1079 2824 1131 νόσων
2855 1079 3154 1150 κάθαρσις,
3185 1079 3609 1150 ὁδοιπορούντων
3637 1079 3761 1134 ἀνά-

2184 1183 2408 1230 παυσις,
2443 1168 2716 1222 πλεόντων
2762 1171 3112 1241 κυϐέρνησις,
3165 1172 3454 1243 ἐπικουρία
3499 1171 3608 1224 τῶν
3653 1171 3764 1224 δεο-

2185 1258 2382 1326 μένων,
2414 1260 2732 1328 ἀγωνιστῶν
2767 1263 3075 1334 συμμαχία,
3107 1264 3415 1317 πιπτόντων
3449 1263 3766 1335 ἀνόρθωσις,

2180 1347 2534 1418 όδυνωμένων
2559 1351 2882 1423 ἀνάκτησις,
2906 1354 3098 1422 όδηγία
3124 1354 3581 1426 πεπλανημένων,
3612 1354 3768 1408 εὐθυο

2180 1439 2491 1510 πορούντων
2532 1440 2797 1513 ἔρεισμα,
2856 1442 2962 1499 τῶν
3010 1445 3362 1515 λυπουμένων
3405 1446 3764 1518 παράκλησις,

2180 1530 2636 1604 πάντωνβοήθεια
2680 1535 2924 1606 καρτερά
2967 1537 3057 1590 καὶ
3074 1535 3298 1607 βεϐαίας
3339 1537 3551 1602 ἐλπίδος
3592 1537 3768 1606 ἀσφά-

2179 1622 2316 1676 λεια.

2251 1715 2360 1785 μβθ.
2415 1715 2616 1788 Ἡμεῖς
2644 1718 2724 1782 δὲ,
2756 1712 2802 1774 ὧ
2832 1722 3083 1792 ποίμνιον
3123 1723 3288 1794 ἱερὸν,
3332 1725 3381 1776 εί
3413 1725 3576 1795 τιμᾷν
3602 1723 3767 1788 ἀξίως

2181 1806 2308 1869 τούς
2342 1807 2583 1878 ἀθλητὰς
2624 1811 3023 1884 διεγνώκαμεν,
3063 1817 3314 1870 κοινωνοὶ
3355 1817 3466 1870 τῶν
3497 1834 3767 1888 μαρτυρι-

493 1885 644 1941 mina
683 1890 1079 1960 suscipiamus,
1125 1892 1486 1962 cupiditatum
1531 1895 1798 1952 illecebris
1860 1897 2074 1952 resista-

2186 1895 2298 1949 κῶν
2329 1897 2556 1965 ἀγώνων
2590 1883 2911 1970 γενώμεθα,
2948 1905 3213 1975 παθητοῖς
3237 1906 3465 1961 πάθεσιν
3499 1883 3767 1977 ἀντιστή-

496 1993 642 2044 mus,
684 1979 1058 2050 lacrymarum
1105 1985 1388 2039 scatebras
1421 2001 1522 2040 ceu
1568 1989 1851 2056 sanguinis
1876 1989 2082 2044 rivulos

425 2047 442 2059 ”
479 2065 858 2124 .eﬂ‘undamus.
915 2069 1192 2139 Jejunium
1231 2089 1431 2144 corpus
1487 2084 1674 2140 vexet,
1719 2087 1773 2131 et
1837 2079 2081 2133 materia:

495 2158 801 2212 crassitiem
839 2161 1128 2228 exprimat.
1186 2161 1453 2217 Vitiorum
1490 2164 1706 2220 ﬂamma
1740 2165 2080 2235 opprimatur

492 2247 890 2318 inextinguibili
918 2251 1182 2306 bonorum
1215 2261 1434 2308 actuum
1469 2254 1739 2326 lampade.
1776 2257 2080 2326 lmpietatis

482 2351 554 2390 ac
575 2340 780 2406 peccati
811 2341 1150 2410 tyrannidem
1178 2345 1408 2413 ancipiti
1433 2356 1592 2400 rectae
1615 2347 1877 2403 doctrina:
1901 2347 2080 2419 gladio

487 2445 739 2500 verasque
767 2431 888 2486 ﬁdei
911 2433 1077 2488 armis
1117 2435 1487 2501 suecidantus,
1519 2453 1698 2507 neque
1731 2439 1872 2494 labia
1892 2447 2080 2494 nostra

479 2538 518 2577 .a
549 2524 895 2592 praedicanda
955 2524 1050 2581 Dei
1075 2526 1224 2595 iusta
1257 2529 1376 2598 lege
1423 2531 1852 2600 prohibeamus;
1907 2533 1982 2586 ita
2019 2541 2081 2588 ut

487 2616 640 2669 omni
673 2623 920 2686 tempore
948 2619 1259 2676 certamina
1316 2630 1615 2694 martyrum
1649 2623 1944 2692 imitantes,
1981 2640 2078 2696 pa-

479 2709 569 2762 .ria
598 2709 824 2778 praemia
860 2724 1288 2782 consequamur.

559 2910 650 2964 45.
671 2910 800 2968 Haec
816 2913 992 2983 vobis,
1013 2925 1276 2987 tanquam
1294 2933 1359 2974 ex
1388 2919 1731 2976 inﬁrmorum
1762 2931 2074 2978 nostrorum

475 3000 681 3058 rubeto
734 3004 974 3074 quodam
1011 3023 1326 3065 sermonum
1360 3020 1520 3066 enata
1552 3013 1695 3068 dona
1750 3016 2073 3085 o‘btulimus,

479 3111 520 3147 υ
548 3095 934 3156 intellectualis
994 3101 1176 3158 cultus
1213 3104 1548 3173 sacerdotes,
1574 3106 1774 3162 Christi
1806 3110 2072 3175 haeredes,

2188 2003 2393 2055 σωμεν,
2429 1988 2684 2060 δακρύων
2716 1995 2977 2063 κρουνοὺς
3005 1995 3081 2059 ώς
3111 1997 3360 2067 αἱμάτων
3391 1998 3609 2070 ὀχετοὺς
3635 2001 3769 2052 ἁπο-

2186 2075 2488 2148 στάξωμεν.
2535 2082 2780 2152 Νηστεία
2826 2084 3159 2154 βασανιζέτω
3193 2089 3254 2142 τὸ
3299 2090 3478 2160 σῶμα,
3529 2091 3622 2144 καὶ
3668 2093 3770 2163 τὴν

2182 2168 2280 2239 τῆς
2329 2170 2462 2242 ὕλης
2491 2173 2706 2243 τηξάτω
2735 2177 3042 2248 παχύτητα.
3087 2181 3151 2233 Ἠ
3187 2180 3295 2233 τῶν
3340 2182 3526 2235 παθῶν
3568 2183 3767 2237 ἀποτε-

2183 2261 2426 2334 φρωθείη
2457 2263 2589 2333 φλὸξ
2612 2269 2731 2330 ταῖς
2759 2268 3046 2335 ἀσϐέστοις
3077 2271 3174 2342 τῆς
3207 2273 3454 2337 εὐποιίας
3495 2275 3762 2346 λαμπᾶσι.

2181 2354 2294 2424 Τὴν
2328 2357 2617 2423 τυραννίδα
2648 2359 2746 2429 τῆς
2778 2361 3034 2426 ἀσεϐείας
3079 2365 3174 2417 καὶ
3208 2367 3482 2438 ἁμαρτίας
3521 2369 3769 2439 ἐκκόψω-

2185 2463 2284 2516 μεν
2314 2450 2379 2518 τῇ
2409 2441 2651 2520 διδτόμῳ
2680 2452 2774 2505 τοῦ
2806 2454 2969 2526 ὀρθοὖ
3015 2455 3173 2524 λόγου
3208 2459 3471 2530 μαχαίρᾳ,
3517 2461 3611 2514 καὶ
3651 2465 3768 2525 τοῖς

2178 2538 2363 2603 ὅπλοις
2389 2541 2490 2610 τῆς
2535 2543 2837 2610 εὐσεϐείας,
2869 2547 2940 2600 τὰ
2977 2548 3130 2619 χείλη
3175 2550 3327 2620 ὐμῶν
3359 2552 3432 2624 μὴ
3466 2553 3769 2616 κωλύοντες

2177 2631 2274 2684 τοῦ
2306 2632 2404 2702 τὴν
2434 2632 2584 2688 Θείαν
2617 2635 2964 2709 δικαιοσύνην
2988 2640 3467 2709 εὐαγγελίζεσθαι·
3496 2644 3571 2708 ὡς
3609 2645 3675 2699 ἃν
3705 2647 3773 2699 ὲν

2179 2722 2355 2793 χρόνῳ
2391 2725 2554 2777 παντὶ
2579 2726 2704 2790 τούς
2733 2727 2842 2779 τῶν
2870 2730 3165 2802 μαρτύρων
3191 2721 3383 2799 ἄθλους
3414 2736 3765 2807 μιμούμενοι,

2175 2812 2287 2867 τῶν
2329 2815 2459 2867 ίσων
2497 2815 2676 2886 γερῶν
2711 2818 3076 2888 ἐπιτύχωμεν.

2252 2918 2364 2980 μγν.
2391 2912 2579 2966 Ταῦτα
2594 2914 2722 2984 ὑμῖν
2745 2915 2821 2978 ὡς
2845 2917 2903 2982 ὲξ
2927 2918 3178 2972 ἀκανθῶν
3205 2919 3316 2973 τῶν
3343 2921 3586 2978 ἀσθενῶν
3607 2926 3770 2996 ἡμῶν

2176 2999 2349 3068 λόγων
2396 2997 2485 3056 οἷά
2515 3021 2637 3057 τινα
2679 3006 3039 3076 προκύψαντα
3083 3009 3232 3082 δῶρα
3262 3015 3767 3087 προσενηνόχαμεν,

2175 3086 2221 3146 ὧ
2254 3095 2456 3163 μύσται
2492 3097 2588 3166 τῆς
2615 3098 2812 3168 νοητῆς
2839 3099 3118 3170 λατρείας,
3155 3104 3249 3156 καὶ
3279 3105 3605 3178 κληρονόμοι
3632 3109 3772 3178 Χρι-

484 3182 668 3238 divina
709 3185 1026 3255 luminaria,
1068 3192 1268 3261 popule
1298 3193 1517 3260 eximie,
1555 3195 1739 3267 inclyti
1782 3207 2072 3270 martyres.

2179 3184 2326 3248 στοῦ,
2360 3187 2454 3239 καὶ
2487 3187 2640 3257 φῶτα
2670 3189 2807 3258 θεῖα,
2838 3192 2934 3245 καὶ
2959 3193 3086 3257 λαὸς
3117 3195 3448 3265 περιούσιος,
3496 3201 3590 3253 καὶ
3625 3201 3774 3272 μάρ-

489 3274 588 3331 His
638 3277 848 3334 utinam
908 3283 1164 3350 precibus
1218 3287 1497 3346 annuatis,
1543 3287 1817 3358 vilemque
1871 3290 2074 3346 laboris

2178 3287 2341 3341 τυρες
2364 3273 2626 3338 εὐκλεεῖς·
2653 3277 2864 3341 τούτοις
2889 3275 2923 3351 ἦ
2955 3281 3053 3350 μὲν
3077 3282 3378 3339 ἐπινεύοιτε
3408 3288 3502 3340 καὶ
3522 3288 3774 3359 δέχοισθε

490 3367 663 3423 nostri
692 3367 928 3425 fructum
957 3374 1231 3442 recipiatis
1261 3377 1273 3429 !
1308 3375 1449 3430 haud
1475 3393 1538 3431 ex
1571 3378 1835 3442 dignitate
1869 3391 2070 3447 vestra,

487 3459 581 3514 sed
639 3475 706 3516 ex
758 3466 960 3520 nostris
1005 3466 1217 3522 viribus
1255 3469 1487 3536 opellam
1541 3472 1682 3526 hanc
1715 3473 2071 3543 mstimantes,

487 3567 650 3621 quam
677 3569 786 3608 non
825 3555 946 3611 sine
985 3559 1168 3614 vultus
1209 3561 1410 3616 sudore
1448 3563 1604 3618 vobis
1639 3567 2072 3635 composuimus.

486 3645 676 3717 Neque
704 3648 850 3703 enim
882 3651 1016 3706 satis
1046 3652 1191 3708 docti
1224 3669 1436 3722 sumus,
1472 3672 1645 3727 neque
1672 3666 1822 3713 tanto
1854 3660 2074 3731 ingenio

489 3741 730 3808 praediti,
783 3752 992 3812 quanto
1024 3758 1163 3814 opus
1216 3757 1300 3802 est
1352 3750 1419 3802 ad
1465 3751 1590 3804 talia
1627 3751 1769 3806 facta
1804 3753 1890 3807 vel
1928 3755 2073 3809 dicta

490 3835 853 3900 praedicanda.
881 3836 1099 3906 Alioqui
1131 3847 1184 3893 et
1213 3839 1392 3910 ignavi
1423 3856 1636 3908 sumus,
1667 3851 1720 3899 et
1745 3846 1812 3900 ad
1853 3847 2070 3902 utiliora

486 3941 718 3996 quaeque
744 3935 1020 3998 torpentes
1040 3945 1258 4001 semper
1278 3943 1332 3987 et
1356 3935 1736 3992 somniculosi.
1766 3937 1868 3992 Sed
1890 3949 2071 3996 tamen

483 4020 749 4074 voluntati
782 4021 1025 4076 laborem
1053 4024 1404 4092 sociavimus,
1437 4029 1574 4084 artis
1621 4040 1887 4086 accuratae
1920 4033 2072 4089 defe-

482 4120 632 4167 ctum
679 4114 922 4185 diligenti
972 4117 1154 4171 studio
1187 4119 1522 4188 supplentes.
1558 4121 1671 4176 Vos
1722 4133 2069 4195 peccatorum

471 4207 678 4260 iimum
710 4208 865 4262 nobis
892 4208 1206 4278 abstergite,
1239 4221 1294 4265 et
1321 4213 1440 4267 illas
1457 4213 1730 4269 faeculenti
1763 4218 1929 4272 veluti
1959 4220 2066 4274 vini

480 4299 661 4353 malas
682 4299 946 4369 reliquias
973 4309 1026 4355 et
1055 4303 1366 4368 colluviem,
1392 4321 1558 4376 quam
1597 4308 1942 4365 immundum
1967 4313 2072 4368 hoc

485 4401 540 4447 et
569 4407 816 4447 amarum
839 4395 1100 4450 saeculum
1124 4413 1310 4453 secum
1340 4399 1443 4455 fert
1470 4402 1693 4470 situque
1721 4401 1886 4457 fovet.
1911 4404 2070 4469 Quod

484 4493 666 4540 autem
715 4487 838 4541 vita:
865 4487 1024 4543 nobis
1051 4500 1320 4560 superest,
1351 4509 1446 4563 per
1472 4495 1696 4549 dextera
1744 4507 1908 4566 atque
1938 4499 2072 4553 sini-

488 4587 600 4632 stra
641 4578 870 4649 justitiae
908 4596 1060 4636 arma
1091 4582 1230 4638 bene
1261 4595 1501 4655 regatur,
1531 4587 1887 4659 quietumque
1911 4592 2068 4661 nobis

483 4683 537 4725 ct
571 4687 738 4726 suave
764 4683 1032 4750 servetur.
1077 4673 1217 4731 Cum
1246 4689 1430 4733 autem
1472 4680 1601 4735 hinc
1632 4680 1999 4750 digrediemur
2014 4695 2067 4740 et

485 4761 574 4816 his
608 4745 933 4819 tumultibus
965 4767 1278 4832 evademus,
1316 4783 1346 4822 a
1394 4771 1673 4825 communi
1693 4745 1878 4841 iudice
1925 4773 2066 4830 inter

485 4850 667 4908 salvos
716 4867 1208 4924 connumeremur,
1245 4867 1410 4930 atque
1461 4861 1603 4917 hanc
1652 4862 1876 4921 humilis
1936 4869 2062 4925 doni

487 4953 660 5009 nostri
685 4957 1177 5013 remunerationem
1195 4974 1620 5031 consequamur,
1641 4964 1694 5018 in
1712 4965 1832 5036 ipso
1854 4967 2072 5028 Christo

484 5050 721 5110 Domino
755 5064 980 5122 nostro,
1043 5061 1131 5115 cui
1180 5061 1357 5118 honor
1389 5077 1515 5117 cum
1557 5064 1732 5123 Patre
1784 5077 1840 5122 et
1877 5081 2070 5126 sancto

488 5150 719 5222 Spiritu,
757 5170 903 5211 nunc
937 5168 990 5212 et
1027 5173 1244 5230 semper
1269 5169 1323 5238 et
1357 5176 1455 5231 per
1486 5165 1683 5220 saecula
1714 5169 2063 5227 saeculorum.

486 5251 682 5308 Amen.

561 5410 674 5490 (l5)
693 5410 818 5496 Haec
850 5421 1042 5496 contra
1071 5415 1358 5496 haereticos
1382 5431 1694 5496 nostrorum
1724 5434 2057 5496 temporum,

485 5483 580 5550 qui
641 5492 954 5538 sanctorum
1015 5484 1416 5544 invocationem
1479 5493 1781 5552 Catholicis
1838 5483 2060 5551 crimini

2175 3360 2268 3414 τὸν
2294 3363 2491 3428 εὐτελῆ
2533 3365 2635 3434 τῆς
2677 3368 2957 3440 ἡμετέρας
3003 3373 3272 3443 γηπονίας
3310 3377 3543 3447 καρπὸν,
3579 3379 3654 3449 μὴ
3685 3380 3773 3450 τῷ

2177 3452 2298 3504 κατ’
2333 3450 2492 3518 ἀξίαν
2535 3458 2600 3526 τῇ
2631 3456 2687 3509 δὲ
2713 3457 2943 3530 δυνάμει
2989 3463 3319 3534 μετροῦντες
3349 3467 3504 3538 ἡμῶν
3538 3467 3637 3540 τὴν
3671 3472 3775 3538 ὲγ-

2172 3542 2445 3616 χείρησιν,
2488 3546 2549 3600 ὃν
2581 3549 2769 3621 ἱδρῶσι
2825 3552 2924 3622 μὲν
2966 3555 3258 3625 προσώπου
3304 3561 3770 3630 συνεκομίσαμεν.

2175 3636 2251 3688 Οὐ
2296 3637 2404 3708 γὰρ
2453 3637 2702 3710 ἀκριϐεῖς
2743 3643 2906 3712 ἡμεῖς
2957 3645 3352 3718 ἐπιστήμονες,
3405 3650 3514 3703 οὐδ’
3549 3653 3774 3720 εὐφυῶς

2174 3727 2390 3800 ἔχοντες
2428 3733 2564 3804 πρὸς
2593 3735 2692 3805 τὴν
2720 3735 2830 3789 τῶν
2859 3737 3120 3792 τοιούτων
3149 3740 3326 3810 ἔργων
3355 3743 3386 3813 ἢ
3431 3743 3603 3812 λόγων
3639 3745 3770 3799 ἐπί-

2173 3817 2359 3882 δειξινο
2395 3821 2604 3886 ἄλλως,
2657 3825 2751 3878 καὶ
2795 3825 3018 3898 ὀκνηροί
3060 3847 3205 3891 τινες
3241 3831 3431 3896 ὄντες,
3477 3837 3571 3888 καὶ
3624 3837 3771 3908 πρὸς

2173 3909 2316 3963 αὐτά
2342 3927 2406 3979 γε
2428 3913 2494 3966 τὰ
2517 3914 2638 3968 λίαν
2661 3916 2912 3986 ὠφέλιμα
2936 3919 3311 3990 ῥᾳθυμοῦντες
3336 3924 3425 3977 ἀεὶ
3451 3927 3545 3980 καὶ
3565 3926 3771 3980 καθεύ-

2172 4001 2374 4065 δοντες.
2414 4005 2571 4077 Πόθῳ
2597 4007 2655 4059 δὲ
2689 4009 2847 4062 πόνον
2875 4013 3320 4084 συνεκεράσαμεν
3347 4032 3359 4044 ·
3392 4016 3471 4087 τῷ
3501 4019 3635 4089 πρὸς
3658 4020 3768 4092 τὴν

2173 4091 2419 4174 ἔντεχνον
2448 4097 2769 4167 ἐπιμέλειαν
2809 4100 3088 4166 σκάζοντι,
3132 4105 3193 4156 τὸ
3232 4107 3363 4176 περὶ
3392 4107 3490 4178 τὴν
3524 4091 3767 4180 σπουδῆν

2171 4167 2636 4258 ὐποστηρίξαντες
2662 4191 2964 4263 πρόθυμον.
2997 4194 3107 4246 Καὶ
3135 4194 3244 4248 τῶν
3277 4167 3376 4267 μὲν
3399 4167 3765 4270 πταισμάτῶν

2170 4275 2270 4348 τὴν
2305 4277 2418 4332 ἰλὺν
2452 4281 2587 4350 ἡμῖν
2614 4281 2974 4354 ἐκκαθάροιτε
3020 4284 3099 4355 τῷ
3127 4286 3386 4358 ἀκενώτῳ
3415 4293 3612 4362 τρυγίᾳ
3651 4293 3764 4348 τῶν

2171 4367 2358 4424 κακῶν
2379 4370 2800 4440 πλεονάζουσαν,
2826 4375 2891 4444 ἢν
2913 4375 3186 4448 ὐπὲστησέ
3205 4395 3263 4430 τε
3291 4380 3382 4454 καὶ
3405 4381 3643 4436 ὐπεστάθ
3653 4402 3763 4454 μη-

2175 4474 2234 4509 σε
2265 4457 2380 4528 βίος
2411 4458 2629 4532 θολερός
2662 4479 2721 4514 τε
2755 4465 2848 4516 καὶ
2877 4465 3098 4528 ἄποτος.
3155 4467 3228 4520 Τὸ
3255 4452 3312 4521 δέ
3341 4470 3594 4542 λείψανον
3626 4452 3762 4545 ἡμίν

2102 4562 2147 4618 υ
2174 4549 2273 4617 τῆς
2299 4546 2446 4618 ζωῆς
2469 4550 2558 4602 διὰ
2587 4549 2694 4604 τῶν
2726 4552 2906 4606 ὃπλων
2934 4555 3034 4624 τῆς
3065 4555 3410 4628 δικαιοσύνης
3439 4560 3548 4614 τῶν
3569 4563 3762 4626 δεξιῶν

2174 4637 2270 4688 καὶ
2289 4637 2593 4708 ἀριστερῶν
2637 4639 2924 4713 εὐοδωθείη
2972 4645 3067 4696 καὶ
3115 4645 3380 4718 τηρηθείη
3420 4649 3595 4717 φίλιον
3627 4653 3764 4723 ἡμῖν

2175 4726 2269 4778 καὶ⁹
2314 4728 2637 4798 εὐάρεστον»
2678 4731 2790 4784 Καὶ
2837 4732 2978 4802 μετὰ
3023 4733 3124 4804 τὴν
3164 4737 3414 4791 ἐντεῦθεν
3449 4741 3762 4814 ἀποδημίαν

2172 4817 2268 4872 καὶ⁸
2313 4819 2412 4892 τὴν
2457 4821 2568 4874 τῶν
2616 4821 2862 4892 θορύϐων
2889 4825 3235 4898 ἀπαλλαγὴν,
3282 4826 3389 4883 ὐπδ
3431 4832 3526 4886 τοῦ
3574 4835 3760 4889 κοινοῦ

2171 4910 2359 4980 κριτού
2403 4913 2516 4967 τοῖς
2553 4911 2882 4984 σωζομένοις
2914 4915 3377 4990 ἀριθμηθείημεν,
3425 4923 3523 4976 καὶ
3551 4923 3761 4995 ταύτην

2170 5000 2430 5072 λάϐοιμεν
2463 5003 2563 5073 τῆς
2599 5003 2694 5058 τοῦ
2734 5007 2960 5079 μετρίου
2997 5006 3154 5064 τοῦδε
3181 5010 3357 5082 δώρου
3384 5017 3759 5087 προσαγωγῆς

2167 5089 2265 5159 τὴν
2301 5091 2570 5146 ἀντίδοσιν
2592 5111 2605 5125 ο
2658 5097 2717 5148 ἐν
2747 5095 2898 5166 αὐτῷ
2925 5096 3148 5170 Χριστῷ
3173 5099 3252 5171 τῷ
3283 5103 3473 5174 Κυρίῳ
3503 5105 3682 5176 ἡμῶν,

2167 5180 2200 5248 ή
2234 5179 2362 5242 δόξα
2410 5180 2509 5233 σὺν
2533 5181 2614 5252 τῷ
2646 5185 2825 5256 Πατρὶ
2872 5187 2968 5240 καὶ
3003 5187 3083 5256 τῷ
3129 5189 3272 5259 ἁγίῳ
3303 5192 3608 5263 Πνεύματι,
3661 5193 3758 5248 νῦν

2165 5276 2260 5323 καὶ
2285 5270 2373 5324 ἀεὶ⁸
2406 5273 2503 5327 καὶ
2535 5277 2616 5338 εἰς
2643 5277 2772 5340 τοὺς
2806 5277 3010 5342 αἰῶνας
3039 5279 3146 5334 τῶν
3178 5281 3410 5339 αἰώνων.
3457 5285 3648 5358 Ἀμήν.

2167 5427 2298 5514 dant
2316 5446 2342 5514 ς.
2369 5429 2818 5514 intercessionem
2857 5436 3102 5514 ipsorum
3131 5440 3277 5509 apud
3297 5441 3486 5514 Deum,
3512 5447 3751 5504 etbene-

2174 5495 2292 5552 ﬁcia
2328 5498 2644 5559 hominibus
2679 5522 2821 5579 saepe
2855 5495 3050 5561 c'ollata
3083 5495 3308 5580 negant.
