4062 6436
263 369 3529 427 M

1516 547 1689 592 ANNO
1734 547 1954 593 DOMINI
1987 551 2111 594 CDX
2121 553 2276 596 XVII.

1443 731 2370 871 AIAAEKTOI

483 997 1061 1085 ΦΩΤΕΙΝΟΥ
1132 998 1768 1088 ΜΑΝΙΧΑΙΟΥ
1823 1005 2019 1091 ΚΑΙ
2072 1004 2546 1094 ΗΑΥΛΟΥ
2614 1001 3320 1098 ΧΡΙΣΤΙΑΝΟΥ.

1859 1241 1930 1256 ρ-

1162 1357 1167 1361 ’
1289 1413 2561 1548 DISPUTATIONES

493 1691 1008 1784 PHOTINI
1080 1695 1724 1788 MANICHIEI
1783 1699 2024 1790 CUM
2105 1701 2500 1795 PAULO
2544 1703 3332 1798 CHRISTIANO.

1342 1915 1479 1982 (MAI,
1504 1914 1800 1970 Bibliotheca
1823 1931 1947 1971 nova
1972 1921 2200 1981 Patrum,
2227 1919 2310 1978 IV,
2331 1933 2381 1969 ιι.
2405 1919 2508 1981 79.)

1729 2303 2106 2365 MONITUM.

346 2507 585 2564 Subtiles
621 2510 826 2581 aliquot
866 2501 1066 2565 contra
1089 2510 1409 2570 Maniclneos
1446 2517 1859 2586 disputationes,
1896 2533 1929 2570 a
1955 2534 2034 2572 me
2063 2519 2117 2572 in
2149 2518 2321 2587 prisco
2355 2516 2683 2571 bibliotheca
2711 2513 2988 2569 Vaticana:
3026 2510 3203 2564 codice
3231 2517 3566 2578 compertas,

261 2601 516 2664 exhibeo,
547 2617 679 2671 quas
715 2602 878 2654 etiam
907 2599 1204 2658 Latinitate
1229 2605 1442 2662 donavi.
1487 2605 1754 2672 Quoniam
1773 2623 1892 2662 vero
1919 2608 1972 2661 hi
2001 2609 2202 2677 dialogi
2231 2609 2485 2662 dicuntur
2510 2611 2565 2662 in
2599 2605 2757 2661 titulo
2783 2603 2951 2657 habiti
3002 2601 3313 2671 jubentibus
3338 2598 3582 2654 Justino'

261 2700 325 2748 et
360 2691 984 2766 JustinianoAugustis,
1030 2714 1226 2750 annum
1271 2716 1472 2770 quoque
1505 2703 1832 2756 adamussim
1867 2711 2098 2757 tenemus
2133 2713 2395 2757 tractatus
2422 2703 2602 2773 hujus,
2631 2717 2814 2770 nempe
2871 2697 3073 2754 Christi
3121 2695 3420 2752 DXXVII.
3458 2693 3559 2748 Et-

269 2787 430 2838 enim
486 2786 586 2839 hoc
621 2803 782 2853 anno,
831 2803 1004 2841 mense
1055 2787 1248 2858 Aprili,
1289 2789 1537 2847 Justinus
1567 2793 1741 2846 senior
1777 2793 2074 2863 Augustum
2104 2795 2300 2848 creavit
2345 2793 2737 2857 Iustinianum,
2769 2791 2860 2861 qui
2894 2791 3138 2859 proximo
3170 2805 3342 2844 mense
3375 2788 3557 2843 sextili

261 2878 423 2933 solus
456 2881 740 2947 imperium
774 2887 928 2948 coepit
977 2890 1169 2946 tenere,
1202 2891 1410 2935 mortuo
1432 2882 1670 2939 Iustino.
1707 2885 1891 2940 Tantae
1923 2887 2100 2956 itaque
2127 2887 2468 2956 antiquitatis
2502 2886 2698 2955 scripto
2728 2883 2877 2938 nolui
2919 2883 3123 2938 diutius
3161 2880 3374 2938 Graecas
3413 2882 3558 2936 littev-
3590 2913 3593 2915 »

264 2986 369 3022 ras
399 2978 450 3023 et
488 2970 841 3026 orthodoxam
875 2973 1178 3044 religionem
1221 2974 1497 3044 fraudare.

745 3152 1136 3206 ΔΙΑΛΕΚΤΟΣ
1163 3153 1421 3208 ΠΡΩἹῊ.

644 3267 788 3335 Περὶ
828 3268 1082 3333 κτίσεως
1125 3268 1244 3322 τῶν
1281 3267 1518 3338 ψυχῶν.

357 3379 633 3432 Κελεύσει
673 3377 784 3432 τῶν
815 3378 909 3432 δύο
955 3379 1232 3433 δεσποτῶν
1259 3380 1494 3434 Φλαϐίου
1539 3382 1834 3436 Ἰουστίνου
1858 3423 1874 3449 ,

274 3472 378 3525 καὶ
415 3469 821 3536 Ἰουστινιανοῦ,
851 3469 960 3523 τῶν
985 3469 1222 3526 αἰωνίων
1253 3470 1571 3540 αὐγούστων
1596 3511 1611 3536 ,
1648 3473 1872 3544 ἐκινήθη

273 3564 312 3633 ή
343 3561 629 3626 διάλεκτος
679 3561 952 3615 Φωτεινοῦ
988 3560 1301 3631 Μανιχαίου
1368 3561 1466 3616 καὶ
1520 3562 1740 3617 Παύλου
1779 3564 1873 3617 τοῦ

275 3654 504 3725 Πέρσου
536 3651 631 3705 τοῦ
668 3651 1020 3724 Χριπιανοῦ,
1045 3653 1138 3707 ἐπὶ
1157 3652 1254 3706 τοῦ
1286 3653 1631 3720 ὲνδοξοτάτου
1666 3655 1878 3709 Θεοδώ-

282 3763 381 3817 ρου
421 3744 520 3798 τοῦ
576 3745 841 3815 ἐπάρχου.
873 3745 1166 3808 autem;
1211 3744 1429 3810 ἐγένετο
1455 3745 1581 3815 περ)⁵
1606 3747 1878 3816 Μανιχαῖ-

278 3837 390 3907 κῆς
415 3853 476 3889 τε
511 3837 605 3889 καὶ
626 3838 1022 3908 Χριπιανικῆς
1048 3836 1228 3907 δόξης·
1260 3830 1336 3892 ὧν
1356 3837 1424 3908 δὴ
1445 3836 1473 3888 ὁ
1501 3837 1602 3908 μὲν
1625 3839 1725 3909 τῆς
1755 3839 1880 3893 Μα-

288 3930 551 3999 νιχαῖκῆς
578 3928 732 4001 δόξης
763 3931 1165 4002 προϊστάμενος
1187 3930 1288 4000 ἀνή
1298 3947 1329 4001 ρ
1349 3945 1433 3992 τις
1453 3930 1554 4002 τῆς
1577 3929 1876 4002 θρησκείας

293 4022 521 4090 ἐκείνης
554 4022 860 4085 διδάσκαλος
880 4065 892 4085 ,
931 4022 1034 4092 τῆς
1068 4021 1126 4074 δὲ
1159 4023 1561 4094 Χριστιανικῆς
1603 4023 1876 4097 ἓτεροςσή

291 4111 357 4164 δὲ
378 4110 658 4174 διάλεκτος
687 4111 830 4166 οὕτω
862 4129 978 4174 πως
1005 4111 1256 4182 ἐκινήθη.

365 4203 770 4258 ΜΑΝΙΧΑΙΟΣ.
815 4202 1037 4274 Ἐπειδὴ
1058 4204 1180 4274 ἐμοὶ
1236 4205 1332 4258 καὶ
1385 4206 1471 4259 col.
1524 4205 1878 4276 ὡμολόγηται

283 4293 434 4350 εἶναι
497 4294 673 4366 ψυχὰς
726 4295 934 4358 ταύτας
985 4295 1209 4364 λογικάς
1249 4313 1310 4350 τε
1344 4298 1440 4352 καὶ
1470 4299 1687 4370 νοερὰς,
1715 4299 1880 4353 πόθεν

288 4391 400 4462 ἂρα
437 4390 539 4462 τὴν
592 4388 828 4461 ὓπαρξιν
875 4384 1036 4444 αὗται
1083 4391 1340 4462 exorto-tv;
1392 4395 1456 4446 ἐκ
1480 4392 1580 4462 τῆς
1615 4391 1765 4456 θείας
1791 4392 1881 4446 οὐ-

1903 3165 1952 3221 Α

2427 3157 2839 3214 DISPUTATIO
2880 3158 3116 3214 PRIMA.

2422 3267 2502 3323 De
2533 3269 2832 3322 animarum
2849 3271 3133 3325 creatione.

2046 3382 2211 3439 Jussu
2245 3383 2480 3438 duorum
2504 3383 2850 3438 dominorum
2883 3382 3056 3438 Flavii
3090 3380 3293 3436 Justini
3317 3389 3371 3436 et
3397 3380 3567 3436 Justi-

1980 3476 2151 3541 niani,
2183 3491 2398 3546 semper
2423 3485 2804 3546 augustorum,
2837 3482 3113 3530 commota
3148 3482 3232 3529 est
3263 3473 3566 3543 disputatio

1979 3567 2161 3622 Photii
2194 3567 2479 3623 Manichaei
2521 3583 2644 3622 cum
2667 3569 2839 3623 Paulo
2871 3567 3037 3624 Persa
3080 3565 3420 3629 Christiano,
3463 3567 3568 3622 sub

1980 3659 2353 3715 illustrissimo
2378 3644 2610 3728 praeside
2652 3655 2963 3712 Theodoro.
2998 3655 3306 3725 Disputatio
3351 3665 3567 3710 versata

1979 3764 2063 3810 est
2130 3756 2278 3810 circa
2338 3753 2736 3808 Manicbaicum
2800 3762 2855 3807 et
2915 3751 3290 3808 Christianum
3326 3752 3565 3822 dogma:

1979 3853 2098 3902 erat
2119 3854 2302 3901 autem
2335 3843 2660 3898 Manichaici
2716 3842 2988 3914 dogmatis
3038 3850 3301 3910 patronus
3332 3841 3415 3896 vir
3443 3845 3565 3911 qui-

1980 3938 2105 3993 dam
2141 3937 2262 4007 ejus
2301 3943 2465 3992 sectae
2499 3936 2792 4006 magister;
2863 3935 3160 3990 Christiani
3195 3943 3380 3989 autem
3429 3935 3566 3990 alter

1981 4044 2012 4085 e
2043 4028 2362 4084 nominatis.
2390 4026 2533 4097 Ergo
2561 4027 2862 4098 disputatio
2895 4027 2971 4083 ita
3005 4036 3280 4084 commota
3309 4025 3412 4081 fuit
3443 4046 3457 4081 :

2051 4203 2503 4260 MANICHA‘ZUS.
2535 4203 2986 4273 Quandoquidem
3039 4203 3176 4258 mihi
3218 4215 3397 4260 tecum
3433 4220 3567 4260 con-

1980 4299 2148 4365 venit,
2185 4298 2398 4352 animas
2423 4312 2546 4353 esse
2562 4296 2858 4351 rationales
2879 4303 2934 4350 et
2963 4295 3377 4361 intellectuales,
3399 4296 3572 4352 unde-

1981 4404 2110 4444 nam
2145 4389 2276 4459 ipsa:
2302 4398 2552 4443 naturam
2582 4404 2738 4444 suam
2765 4388 3117 4442 sortiuntur?
3148 4403 3214 4442 ex
3237 4388 3572 4444 substantia-

290 4483 436 4548 σίας,
469 4482 594 4535 ἐπεὶ
625 4483 722 4536 καὶ
755 4481 895 4553 αὕτη
934 4483 1066 4554 παρ’
1095 4483 1253 4553 ήμῶν
1280 4483 1629 4554 ὡμολόγηται
1654 4484 1727 4556 ,ἢ
1759 4484 1879 4538 ἑτέ-

1986 4498 2058 4538 ne
2089 4481 2295 4549 divina,
2329 4481 2590 4552 quoniam
2625 4491 2676 4536 et
2713 4481 2856 4536 hanc
2907 4495 3010 4535 nos
3056 4495 3177 4536 esse
3222 4480 3572 4545 conﬁtemur,

292 4573 470 4645 ρωθέν
500 4575 698 4641 ποθεν;
729 4575 1166 4630 ΧΡΙΣΤΙΑΝΟΣ.
1192 4577 1351 4630 Κατὰ
1376 4576 1477 4648 τὴν
1495 4577 1605 4631 τῶν
1629 4578 1883 4648 Χριστια-

288 4663 401 4717 νῶν
425 4663 589 4728 δόξαν
617 4665 828 4736 ἐρωτᾷς
855 4663 954 4718 νῦν
984 4665 1150 4718 πόθεν
1179 4667 1236 4719 αί
1267 4667 1439 4738 ψυχαὶ
1476 4667 1659 4738 ἔχουσι
1685 4669 1786 4738 τὴν
1809 4669 1887 4720 0i-

291 4754 454 4808 κείαν
493 4753 749 4826 ὓπαρξιν,
779 4755 812 4826 ἢ
847 4756 1051 4826 ἑτέρως
1086 4775 1242 4823 πως;
1276 4760 1352 4812 Μ.
1397 4759 1589 4824 Ὅπως
1629 4755 1722 4813 οὖν
1759 4759 1887 4829 βού-

288 4847 374 4901 λει
395 4865 410 4880 ·
451 4847 580 4916 λέγε
608 4847 772 4902 πόθεν
804 4848 942 4902 είσὶν
975 4849 1030 4901 αἱ
1066 4849 1256 4920 ψυχαί.
1285 4851 1353 4906 Χ.
1390 4850 1464 4903 Τὸ
1493 4852 1682 4908 πόθεν
1710 4851 1806 4905 καὶ
1826 4850 1888 4904 τὸ

290 4940 361 4993 ἐκ
391 4939 597 5005 τίνος,
630 4937 947 5008 πλεοναχῶς
990 4938 1242 5008 νενόηται
1283 4938 1415 5010 παρ’
1445 4939 1571 5009 ἐμοί
1600 4954 1616 4969 ο
1653 4939 1749 4992 καὶ
1779 4939 1888 5010 γὰρ

291 5035 371 5097 ὡς
409 5033 473 5099 ἐξ
515 5034 912 5105 ὑποκειμένου,
944 5033 1038 5088 καὶ⁵
1073 5032 1148 5096 ὡς
1179 5031 1286 5084 ὑπὸ
1329 5029 1423 5084 τοῦ
1459 5029 1763 5096 ποιοῦντος,
1795 5031 1890 5086 καὶ

294 5127 476 5190 ἆλλως
533 5126 936 5197 ἐκλαμϐάνει-ται
967 5140 985 5157 ο
1029 5124 1099 5180 τὰ
1145 5123 1204 5177 δὲ
1244 5123 1531 5194 πολλαχῶς
1587 5125 1886 5196 λεγόμενα,

296 5219 406 5290 γρὴ
471 5217 791 5290 σαφηνίζειν
823 5234 836 5248 ·
899 5216 1024 5270 εῑπὲ
1079 5215 1258 5270 τοίνυν
1329 5216 1604 5286 σημασίαν
1660 5216 1721 5269 τὺ
1779 5219 1888 5270 πό-

295 5311 432 5375 θεν,
465 5309 558 5362 καὶ
605 5309 667 5361 τὸ
721 5308 815 5374 ἐκ,
863 5307 930 5359 ὲκ
971 5307 1072 5379 τῆς
1119 5306 1274 5371 θείας
1329 5307 1516 5369 οὐσίας
1573 5305 1891 5378 ὲξείληπταί

297 5414 421 5463 σοι;
454 5399 529 5452 M.
567 5398 656 5460 Ὦς
696 5397 757 5462 ἐξ
781 5397 1174 5467 ὑποκειμένου.
1197 5397 1267 5449 Χ.
1299 5395 1387 5460 Ὠς
1421 5395 1482 5461 ἐξ
1523 5397 1888 5468 ὑποκειμένου

299 5489 584 5560 αίψυχαὶ,
632 5488 758 5542 οὔτε
798 5491 863 5542 ὲκ
914 5489 1014 5560 τῆς
1053 5487 1207 5553 θείας
1260 5488 1446 5552 οὐσίας
1495 5488 1616 5543 οὕτε
1665 5489 1888 5544 ἄλλοθέν

299 5583 468 5637 ποθέν
487 5583 644 5636 εἰσιν.
663 5583 733 5636 Μ.
768 5582 908 5635 Ἀλλ’
930 5580 1026 5655 [εἰ]
1043 5582 1118 5647 ὡς
1130 5583 1195 5638 ἐκ
1206 5601 1372 5648 τινος,
1405 5585 1469 5636 ἐκ
1484 5583 1578 5638 τοῦ
1599 5584 1734 5642 Θεοῦ
1752 5588 1891 5640 εἰσιν

300 5679 354 5732 αἱ
384 5676 602 5747 ψυχαίς
636 5677 706 5731 Χ.
772 5676 862 5739 Ὦς
916 5679 980 5730 ὲκ
1023 5675 1120 5731 τοῦ
1171 5679 1700 5750 δημιουργήσαντος,
1743 5697 1891 5733 τουτ-

301 5767 452 5822 έστιν
487 5765 594 5820 ὑπὸ
641 5765 735 5820 τοῦ
782 5765 1290 5839 δημιουργήσαντος
1321 5783 1333 5798 ·
1385 5767 1538 5822 ἔσται
1572 5769 1680 5840 γὰρ
1713 5787 1880 5824 κατα-

1988 4588 2055 4629 an
2072 4571 2326 4629 aliunde?
2350 4570 2836 4626 CHRISTIANUS.
2857 4572 3053 4627 Utrum
3081 4571 3381 4627 secundum
3413 4571 3574 4626 Chri-

1987 4668 2293 4723 stianorum
2319 4665 2644 4721 sententiam
2671 4679 2818 4719 nunc
2846 4679 3007 4733 rogas
3029 4664 3171 4718 unde
3197 4664 3394 4718 animae
3415 4679 3574 4718 suam
3603 4697 3606 4700 -

1989 4760 2224 4815 habeant
2265 4757 2650 4820 substantiam,
2706 4772 2775 4810 an
2829 4755 2938 4810 alio
2979 4755 3188 4811 sensu?
3252 4753 3326 4810 M.
3360 4753 3579 4812 Utrum-

1987 4851 2138 4906 libet.
2229 4849 2326 4905 Dic
2377 4863 2508 4920 ergo
2561 4849 2709 4903 unde
2768 4847 2878 4902 sint
2944 4848 3161 4902 animm.
3239 4847 3339 4902 Ch.
3401 4845 3580 4902 Voca-

1989 4945 2116 5000 bula
2149 4943 2294 4998 unde
2313 4950 2367 4997 et
2385 4957 2452 4996 ex
2471 4955 2602 5012 quo,
2638 4938 2993 4994 multifariam
3015 4955 3044 4993 a
3074 4939 3574 5010 meintelliguntur.

1990 5037 2090 5093 Vel
2117 5035 2262 5092 enim
2289 5047 2545 5105 tanquam
2584 5049 2650 5089 ex
2706 5032 2970 5102 subjecto,
3003 5033 3084 5088 vel
3111 5043 3370 5103 tauquam
3401 5046 3469 5086 ex
3511 5047 3580 5086 eo

1990 5127 2084 5197 qui
2115 5126 2267 5191 facit,
2301 5125 2384 5179 vel
2413 5123 2576 5178 etiam
2623 5123 2780 5177 aliter
2809 5139 2839 5177 a
2866 5138 2954 5178 me
2993 5123 3110 5177 haec
3133 5121 3398 5176 vocabula
3429 5121 3577 5176 acci-

1990 5215 2233 5285 piuntur.
2289 5210 2422 5278 Quae
2456 5219 2639 5266 autem
2686 5211 2900 5266 varium
2944 5211 3149 5266 habent
3183 5208 3577 5281 signiﬁcatum,

1991 5324 2055 5363 ea
2089 5305 2416 5362 declaranda
2473 5314 2622 5358 sunt.
2683 5304 2782 5358 Dio,
2822 5319 2951 5376 ergo
2981 5304 3346 5372 signiﬁcatum
3379 5317 3576 5357 vocum

1993 5399 2132 5452 unde
2181 5406 2236 5453 et
2269 5413 2333 5451 ea:
2362 5411 2431 5450 an
2466 5401 2534 5451 de
2593 5395 2781 5450 divina
2813 5395 3124 5450 substantia
3161 5393 3475 5464 intelligas?
3503 5392 3578 5448 Μ.

1993 5487 2074 5543 Ex
2103 5488 2348 5559 subjecto
2381 5485 2640 5555 intelligo.
2697 5484 2798 5540 Ch.
2829 5483 3039 5539 Animas
3069 5494 3328 5554 tanquam
3354 5498 3421 5538 ex
3449 5482 3580 5538 sub»

1991 5581 2138 5652 jecto
2193 5594 2372 5650 neque
2429 5595 2497 5634 ex
2529 5577 2715 5634 divina
2748 5575 3082 5641 substantia,
3127 5588 3303 5646 neque
3353 5573 3577 5629 aliunde

1995 5685 2144 5730 sunt.
2178 5671 2250 5728 bl.
2278 5670 2480 5728 Verum
2511 5670 2556 5726 si
2586 5680 2846 5740 tanquam
2876 5682 2941 5723 ex
2974 5667 3180 5738 aliquo,
3208 5682 3339 5721 num
3370 5681 3437 5722 ex
3469 5665 3582 5721 Deo
3613 5703 3620 5709 ς

1996 5775 2124 5825 sunt
2150 5765 2393 5822 animm?
2434 5764 2532 5821 Cb.
2562 5763 2766 5833 Nempe
2799 5771 3057 5832 tanquam
3106 5775 3170 5816 ex
3219 5760 3496 5825 Creatorc,
3529 5759 3580 5812 id
3609 5793 3612 5796 -
