4062 6422
513 296 615 379 831

1779 294 2010 404 PAULI
2061 321 2508 386 CHRIS’I‘IANI

3674 308 3786 391 532

516 433 602 480 est
627 439 657 479 a
682 421 966 482 Creatore.
1002 425 1123 482 Erit
1149 424 1298 482 enim
1327 426 1553 484 abusive
1590 429 1857 498 particula
1877 447 1941 485 ea:
1973 432 2094 486 loco

2206 435 2651 506 χρηστικώτερων
2691 436 2723 504 ἡ
2759 434 2827 487 ἐκ
2859 434 3115 503 πρόθεσις
3142 434 3263 488 ἀντὶ
3297 433 3390 487 τοῦ
3419 435 3561 488 ὑπό.
3585 436 3663 488 Μ.
3690 437 3787 500 Ὠς

516 531 570 568 a.
601 513 675 569 Μ.
728 512 946 571 Videris
978 515 1136 583 mihi,
1185 530 1254 571 ex
1284 532 1395 572 non
1442 519 1783 576 exstantibus
1812 522 2025 576 animas
2069 538 2100 576 a

518 604 632 660 Deo
661 603 833 660 factas
864 605 1063 661 dicere.
1095 605 1200 661 Ch.
1239 606 1407 665 Recte
1437 609 1775 674 intellexisti,
1802 614 1946 682 quod
1970 629 2103 667 non-

515 694 646 749 dum
687 694 955 761 dixeram,
995 695 1094 751 sed
1139 701 1679 767 tamen-proﬁtebar.
1733 700 1802 756 Μ.
1843 702 1954 759 Nec
1982 705 2101 756 vul-

513 785 662 856 garis
700 786 1068 851 consuetudo,
1103 801 1205 842 nec
1227 798 1377 845 recta
1407 792 1548 845 ratio
1578 791 1720 847 fassa
1749 802 1833 849 est
1858 809 2099 864 unquam

516 876 600 932 vel
655 877 936 942 fatebitur,
987 879 1290 949 quidquam
1322 880 1443 936 ﬁeri
1492 898 1559 938 ex
1592 885 1761 939 nihilo
1790 900 1966 954 posse.
1994 885 2099 941 Ch.

512 961 779 1025 Humana:
830 968 1028 1025 mentis
1082 971 1245 1037 ratio,
1296 980 1348 1026 et
1378 974 1690 1033 communis
1740 977 2096 1041 consuetudo,

513 1068 581 1113 ex
609 1059 676 1114 iis
704 1074 826 1128 quae
864 1056 1007 1130 apud
1048 1076 1152 1117 nos
1198 1064 1475 1131 accidunt,
1504 1069 1748 1135 regulam
1796 1067 1961 1136 capit.
1993 1068 2098 1121 Te-

522 1157 636 1205 met
661 1149 846 1220 itaque
875 1151 1173 1224 interroga,
1204 1170 1499 1224 quamnam
1541 1157 1609 1211 de
1635 1156 1743 1212 Deo
1773 1157 2097 1213 sententiam

518 1246 728 1305 teneas,
763 1244 947 1299 utrum
974 1246 1020 1301 is
1041 1248 1160 1315 pari
1190 1249 1360 1317 gradu
1383 1249 1453 1304 sit
1496 1265 1621 1303 cum
1649 1250 1981 1316 hominibus,
2029 1266 2099 1305 an

512 1328 744 1399 impari,
791 1346 862 1387 an
920 1334 1086 1389 etiam
1142 1336 1453 1392 inferiore?
1504 1337 1573 1392 Μ.
1610 1338 1793 1409 Neque
1836 1341 2097 1410 aequalem

514 1422 835 1479 hominibus
890 1424 1063 1480 Deum
1112 1427 1256 1492 dico,
1299 1444 1400 1483 nec
1442 1429 1785 1495 deteriorem,
1817 1432 1929 1485 imo
1970 1418 2099 1486 vero

514 1522 742 1582 prorsus
790 1517 1077 1586 majorem.
1128 1518 1229 1573 Ch.
1289 1521 1431 1586 Quid
1477 1530 1529 1577 te
1595 1522 1759 1591 igitur
1791 1534 1991 1589 movet,
2040 1535 2098 1579 ut

514 1619 685 1676 neges
723 1607 841 1661 ﬁeri
885 1609 1091 1679 aliquid
1137 1626 1297 1680 posse
1330 1629 1395 1667 ex
1422 1616 1636 1669 nihilo?
1662 1613 1734 1670 Μ.
1774 1616 1909 1681 Quia
1966 1616 2100 1672 nihil

518 1695 622 1776 hac
650 1697 862 1767 ratione
882 1698 1132 1769 eﬂ‘ectum
1157 1703 1421 1759 cernitur.
1450 1705 1552 1762 Ch.
1588 1705 1741 1776 Apud
1774 1722 1934 1776 quos,
1966 1708 2101 1763 oro?

517 1774 593 1839 Μ.
626 1785 780 1856 Apud
823 1761 924 1844 nos
964 1766 1234 1845 homines.
1283 1794 1384 1848 Ch.
1422 1795 1582 1865 Atqui
1608 1761 1730 1850 ch
1773 1761 1878 1850 non
1916 1761 2100 1851 existi-
2133 1761 2176 1820 Β

520 1888 637 1930 mes
671 1875 838 1932 Deum
871 1893 992 1933 esse
1008 1881 1124 1949 pari
1149 1882 1316 1949 gradu
1349 1898 1413 1937 ac
1445 1884 1710 1950 homines,
1752 1901 1851 1939 cur
1878 1885 1973 1951 Dei
2010 1903 2100 1941 res

522 1970 742 2025 conaris
787 1987 947 2041 pares
990 1973 1247 2029 humanis
1292 1976 1713 2031 demonstrare?
1756 1978 1826 2031 Μ.
1866 1978 1930 2033 Et
1977 1981 2099 2033 ubi-

523 2057 649 2115 ham
700 2076 801 2132 ego
834 2062 886 2115 id
909 2064 991 2132 egi
1021 2063 1045 2116 ?
1070 2063 1170 2119 Ch.
1207 2064 1263 2118 ln
1296 2080 1361 2119 eo
1384 2068 1530 2135 quod
1558 2067 1716 2134 dicis,
1755 2070 1958 2123 nullam
1985 2085 2098 2124 rem

523 2148 642 2206 fieri
681 2167 844 2220 posse
873 2168 940 2207 ex
984 2154 1155 2209 nihilo
1185 2170 1216 2209 a
1266 2155 1398 2222 Deo,
1438 2158 1601 2213 sicuti
1652 2175 1719 2214 ne
1750 2161 1819 2214 ab
1858 2161 2097 2215 homini-

521 2242 625 2296 bus
661 2242 903 2310 quidem.

588 2332 660 2387 Μ.
682 2332 880 2389 Nescio
904 2350 1011 2405 qua
1041 2336 1250 2392 malitia
1281 2352 1562 2394 sermones
1585 2339 1800 2408 eﬂutis;
1849 2357 1950 2413 ego
1969 2360 2100 2401 vero

518 2426 670 2492 scio,
700 2426 845 2496 quOd
890 2428 1057 2493 etiam
1092 2444 1122 2482 a
1170 2430 1474 2498 majoribus
1520 2433 1724 2488 nostris
1776 2436 1996 2505 accepi,
2046 2446 2101 2492 et

522 2528 838 2575 constanter
865 2520 1096 2587 retineo,
1125 2522 1263 2576 nihil
1294 2508 1503 2579 scilicet
1529 2534 1596 2579 ex
1620 2540 1727 2581 non
1757 2528 2099 2585 exstantibus

517 2610 639 2666 ﬁeri
672 2627 914 2682 unquam
946 2614 1208 2683 potuisse.
1244 2612 1382 2670 Nam
1420 2617 1465 2672 si
1496 2618 1625 2686 quid
1660 2620 1753 2672 liat
1776 2634 1841 2673 ex
1865 2635 1974 2673 non
2001 2636 2099 2675 ex-

516 2704 815 2772 stantibus,
842 2705 983 2761 idem
1003 2706 1058 2760 in
1084 2707 1315 2762 nihilum
1335 2710 1540 2778 pariter
1559 2710 1905 2766 dissolvetur.
1928 2710 2102 2778 Quid-

516 2798 651 2867 quid
683 2799 832 2852 enim
861 2814 926 2853 ex
952 2801 1137 2869 aliquo
1164 2800 1245 2868 ﬁt,
1268 2800 1323 2854 in
1348 2802 1399 2854 id
1432 2802 1576 2857 unde
1604 2803 2103 2872 prodiit'resolven-

518 2892 648 2945 dum
675 2902 777 2947 est.
801 2891 904 2947 Cb.
928 2891 1071 2961 Ergo
1092 2909 1201 2948 non
1225 2894 1350 2964 quia
1375 2910 1440 2949 ex
1469 2911 1576 2950 non
1599 2897 1943 2952 exstantibus
1967 2896 2100 2950 nihil

518 2968 635 3037 ileri
677 2983 879 3052 possit,
914 2984 1023 3037 vim
1066 2986 1214 3055 capit
1265 2987 1535 3040 sententia
1567 2997 1678 3042 tua.
1729 2987 1881 3054 Quod
1915 3000 2098 3047 autem

2201 527 2378 581 εοικεν
2411 531 2477 581 ὲκ
2509 527 2583 598 μὴ
2608 527 2777 580 ὄντων
2802 526 2901 590 τὰς
2930 525 3113 596 ψυχὰς
3140 526 3244 578 ὑπὸ
3276 524 3370 578 τοῦ
3395 524 3530 578 Θεοῦ
3553 526 3784 593 γεγονέ-

2201 635 2288 672 ναι
2318 618 2519 685 λέγεις.
2556 620 2625 672 Χ.
2661 617 2857 679 Καλῶς
2898 617 3162 685 νενόηκας
3184 615 3247 667 τὸ
3288 616 3453 684 μήπω
3478 615 3608 683 παρ’
3642 615 3783 683 ἐμοῦ

2201 709 2411 779 λεχθὲν,
2443 709 2872 779 ὁμολογούμενον
2897 708 2973 763 δέ.
2994 709 3071 762 Μ.
3094 707 3228 761 Οὐδὲ
3251 708 3285 777 ἡ
3307 707 3460 776 κοινὴ
3485 705 3778 774 συνήθεια,

2201 800 2323 853 οὐδὲ
2351 803 2380 853 ὁ
2417 800 2576 871 ὀρθδς
2609 800 2767 868 λόγος
2820 798 3235 869 ὡμολόγησενῆ
3277 797 3605 868 ὁμολογήσει
3647 798 3778 851 ποτὲ

2202 892 2262 945 τὸ
2286 891 2545 945 δύνασθαί
2571 909 2624 944 τι
2658 894 2722 944 ἐκ
2753 893 2826 960 μὴ
2857 889 3025 945 ὄντων
3054 888 3321 957 γίνεσθαι.
3356 890 3425 941 Χ.
3480 889 3539 941 Ὀ
3560 889 3768 960 ἀνθρώ-

2201 999 2353 1044 πινος
2401 981 2525 1046 νοῦς
2569 982 2661 1036 καὶ
2699 982 2731 1050 ἡ
2764 981 2918 1050 κοινὴ
2961 961 3221 1051 συνήθεια
3241 980 3305 1041 ἐκ
3342 978 3451 1033 τῶν
3483 979 3617 1049 παρ’
3638 980 3762 1049 ἡμῖν

2202 1071 2562 1135 κανονίζεται.
2620 1072 3028 1142 Ἐπερωτήθητι
3083 1069 3237 1137 γοῦν,
3282 1070 3332 1121 εἰ
3376 1069 3576 1137 βούλει,
3620 1069 3773 1123 ποίαν

2202 1164 2408 1218 ἔννοιαν
2435 1164 2627 1227 σώζεις
2649 1163 2741 1215 ἐπὶ
2771 1161 2864 1215 τοῦ
2882 1161 3040 1227 Θεοῦ,
3072 1162 3147 1225 ὡς
3176 1160 3270 1214 ἐπὶ
3290 1161 3384 1214 τοῦ
3422 1162 3538 1214 ἴσου
3563 1161 3776 1230 ἀνθρώ-

2203 1271 2344 1320 ποις,
2380 1254 2413 1323 ἢ
2449 1253 2525 1315 ὡς
2555 1253 2649 1306 ἐπὶ
2677 1251 2773 1304 τοῦ
2808 1250 3016 1313 ἀνίσου,
3054 1252 3145 1302 καὶ
3183 1250 3276 1303 τοῦ
3313 1249 3436 1303 καθ’
3460 1249 3770 1320 ὑπερὸολὴν

2204 1345 2238 1414 ἢ
2288 1344 2409 1397 κατ’
2444 1342 2676 1413 ἔλλειψιν
2704 1359 2719 1407 ;
2761 1343 2837 1396 Μ.
2871 1339 3009 1394 Οΰτε
3047 1343 3159 1395 ῐσον
3192 1339 3501 1411 ἀνθρώποις
3523 1340 3614 1393 τὸν
3640 1340 3774 1396 Θεόν

2204 1450 2366 1504 φημι,
2407 1432 2530 1486 οὔτε
2554 1433 2797 1503 χείρονα,
2828 1431 3052 1502 μείζονα
3085 1431 3143 1485 δὲ
3164 1431 3401 1493 πάντως.
3426 1431 3496 1485 Χ.
3524 1430 3697 1483 Πόθεν
3720 1430 3777 1484 δὲ

2201 1518 2524 1595 ὁρμώμενος
2564 1524 2743 1591 λέγεις
2801 1521 2875 1593 μὴ
2915 1520 3176 1575 δύνασθαί
3214 1538 3266 1573 τι
3309 1520 3563 1588 γενέσθαι
3601 1522 3668 1573 ὲκ
3702 1521 3777 1591 μὴ

2202 1617 2392 1683 δντος;
2428 1616 2501 1671 Μ.
2545 1617 2639 1669 Ἐκ
2661 1616 2755 1668 τοῦ
2789 1616 2864 1684 μὴ
2893 1615 3025 1685 ὁρᾷν
3076 1630 3204 1666 ποτε
3254 1611 3411 1667 τοῦτο
3462 1614 3775 1683 γενόμενον.

2203 1709 2271 1762 Χ.
2296 1708 2454 1779 Παρὰ
2507 1706 2648 1761 τίσιν
2675 1722 2691 1770 ;
2721 1707 2795 1759 M.
2827 1702 2969 1773 Παρ’
3001 1706 3133 1775 ἡμῖν
3178 1705 3291 1766 τοῖς
3342 1701 3671 1772 ἀνθρώποις.
3701 1706 3773 1758 Xa

2204 1800 2328 1863 Πῶς
2359 1794 2452 1853 οὖν
2492 1800 2605 1852 ἴσον
2638 1798 2712 1868 μὴ
2742 1796 2880 1867 ἔχων
2909 1796 3000 1849 τὸν
3029 1796 3161 1848 Θεὸν
3187 1796 3300 1856 τοῖς
3328 1793 3661 1864 ἀνθρώποις,
3684 1796 3775 1848 ἴσα

2201 1892 2268 1945 τά
2294 1891 2387 1945 τοῦ
2428 1889 2565 1943 Θεοῦ
2610 1888 2781 1955 δεῖξαι
2818 1890 2928 1950 τοῖς
2957 1886 3250 1957 ἡμετέροις
3278 1887 3475 1957 πειρᾷς
3503 1902 3519 1951 ;
3550 1887 3627 1939 Μ.
3663 1886 3776 1940 Ποῦ

2200 1981 2357 2033 τοῦτο
2406 1981 2714 2050 πεποίηκα;
2755 1980 2823 2032 Χ.
2868 1980 2953 2031 Ἐν
2986 1977 3063 2048 τῷ
3091 1976 3291 2044 λέγειν,
3324 1976 3398 2046 μὴ
3432 1976 3691 2030 δύνασθαί
3718 1995 3775 2031 τι

2201 2076 2265 2126 ὲκ
2306 2072 2381 2142 μὴ
2424 2071 2577 2134 ὄντος
2620 2069 2867 2138 γίνεσθαι
2901 2069 3005 2121 ὑπὸ
3048 2066 3142 2120 τοῦ
3183 2066 3342 2132 Θεοῦ,
3371 2066 3623 2138 καθάπερ
3652 2067 3776 2121 οὐδὲ

2202 2166 2351 2236 παρὰ
2369 2165 2478 2218 τῶν
2507 2162 2832 2237 ἀνθρώπων.

2270 2341 2342 2395 Μ.
2385 2342 2499 2393 Οὐκ
2527 2336 2622 2393 οἷδ’
2652 2338 2802 2400 ὅπως
2820 2382 2833 2393 ,
2857 2335 3182 2405 πανούργως
3210 2334 3509 2403 προφέρεις
3535 2336 3660 2397 τοὺς
3684 2332 3777 2386 λό-

2201 2444 2363 2496 γους·
2399 2427 2511 2495 ὲγὼ
2540 2426 2597 2479 δὲ
2632 2422 2990 2494 ἐπίσταμαιὸ
3040 2422 3136 2475 καὶ
3182 2420 3286 2473 ὑπὸ
3335 2421 3443 2474 τῶν
3494 2422 3778 2492 ἡμετέρων

2203 2518 2483 2588 προγόνων
2525 2516 2874 2586 παρείληφα,
2926 2513 3023 2567 καὶ
3076 2512 3249 2564 εἰσαεὶ
3294 2511 3639 2580 διαφυλάττω
3670 2528 3683 2541 '
3715 2511 3781 2563 τὸ

2206 2609 2372 2680 μηδὲν
2421 2606 2682 2661 δύνασθαί
2718 2622 2773 2658 τι
2815 2608 2879 2657 ὲκ
2924 2602 3000 2675 μὴ
3026 2603 3194 2656 ὄντων
3223 2601 3505 2671 γίγνεσθαι
3535 2616 3549 2630 '
3585 2602 3633 2654 εί
3667 2600 3779 2671 γὰρ

2203 2699 2494 2770 γενήσεταί
2538 2716 2590 2751 τι
2620 2699 2685 2749 ὲκ
2723 2695 2796 2767 μὴ
2829 2696 3033 2757 ὄντων,
3064 2692 3463 2763 ἁναλυθήσεται
3500 2693 3579 2754 εἰς
3607 2688 3668 2741 τὸ
3701 2689 3782 2761 μὴ

2202 2797 2261 2849 ὃν
2286 2813 2299 2827 ⁸
2336 2796 2445 2849 πὰν
2474 2794 2583 2865 γὰρ
2611 2793 2672 2846 τὸ
2704 2791 2766 2844 ἐκ
2795 2807 2945 2852 τινος
2971 2790 3255 2857 γινόμενον
3274 2828 3288 2851 ,
3321 2786 3581 2840 ἀνάλυσιν
3609 2786 3689 2847 είς
3714 2783 3781 2837 τὸ

2202 2887 2264 2952 ἐξ
2291 2879 2352 2939 οῦ
2380 2887 2673 2956 γεγένηται
2701 2883 2835 2953 ἔχει.
2870 2882 2938 2933 Χ.
2969 2879 3179 2934 Οὐκοῦν
3205 2881 3265 2932 οὐ
3311 2878 3400 2932 διὰ
3427 2877 3487 2930 τὸ
3516 2877 3590 2948 μὴ
3618 2876 3783 2930 δύναά

2205 2980 2329 3033 σθαι
2361 2981 2423 3031 ἐκ
2455 2979 2530 3048 μὴ
2556 2977 2725 3030 ὄντων
2782 2992 2835 3027 τι
2875 2972 3140 3042 γίνεσθαι,
3173 2969 3479 3041 διισχυρίζῃ
3514 2968 3671 3022 τοῦτο
3696 2969 3787 3021 δολ-

519 3085 585 3130 ex
618 3076 789 3131 nihilo
815 3085 1018 3142 ortum,
1072 3092 1181 3131 non
1222 3079 1601 3134 resolvendum
1637 3081 1708 3135 sit
1746 3083 1800 3135 in
1843 3083 2094 3154 nihilum,

2206 3070 2500 3140 γματὶζειν
2537 3085 2552 3100 ο
2585 3068 2733 3130 ὅπως
2793 3066 2849 3119 δὲ
2906 3064 2981 3134 μὴ
3017 3063 3258 3133 ἀναλυθῇ
3315 3062 3376 3114 τὸ
3402 3064 3467 3114 ὲκ
3497 3062 3570 3131 μὴ
3604 3060 3783 3170 όντων

518 3166 632 3222 bon
663 3169 901 3224 absurde
926 3169 1170 3226 timetur.
1202 3168 1336 3224 Nam
1366 3171 1411 3225 si
1447 3186 1515 3226 ex
1555 3172 1671 3241 ipsa
1714 3175 1871 3229 nihili
1901 3185 2098 3233 natura

519 3255 655 3312 nihil
683 3275 909 3328 prorsus
936 3258 1210 3330 gignitur;
1234 3276 1423 3317 verum
1448 3263 1501 3317 id
1524 3264 1755 3319 ellicitur
1776 3282 1804 3319 a
1825 3266 2100 3325 Creatoris

519 3348 783 3418 potentia,
808 3362 930 3419 quae
952 3358 1005 3403 et
1029 3350 1330 3421 producere
1359 3353 1519 3423 valet,
1549 3361 1604 3408 et
1628 3360 2099 3425 perseverantiam

520 3452 740 3523 quoque
754 3443 1030 3511 producto
1052 3442 1270 3527 largiri;
1299 3446 1544 3514 sequitur
1563 3456 1624 3509 ut
1638 3449 2101 3519 quemadmodum

520 3516 834 3605 produt-tio,
871 3548 976 3587 non
1003 3516 1195 3605 suapte
1224 3543 1417 3599 natura
1452 3538 1545 3592 sed
1578 3516 1856 3607 voluntate
1897 3544 2102 3611 produ-

522 3620 699 3676 ‘ccntis
725 3618 972 3693 contigit,
1002 3622 1075 3691 ita
1112 3638 1294 3703 rerum
1339 3622 1610 3693 factamm
1659 3631 2064 3699 perseverantia
2085 3672 2101 3697 ,

518 3726 634 3785 non
665 3723 861 3769 natura
885 3714 977 3769 sed
1009 3714 1198 3789 eadem
1224 3714 1482 3787 facientis
1514 3718 1789 3775 voluntate
1812 3736 2106 3777 conserve-

522 3804 631 3861 ‘tur.
668 3805 889 3877 Alioqui
921 3821 1046 3875 vero
1075 3806 1219 3887 unde
1258 3805 1521 3873 didicisti,
1566 3810 1616 3865 id
1642 3812 1788 3885 quod
1822 3828 1884 3867 ex
1932 3813 2104 3869 nihilo

518 3899 852 3970 provenerit,
888 3896 1085 3975 reso‘JIVi
1118 3897 1172 3952 iu
1200 3898 1440 3973 nihilum
1464 3901 1682 3967 debere,
1706 3918 1829 3957 cum
1858 3906 2014 3969 nihil,
2042 3915 2101 3960 ut

524 3986 584 4045 tu
616 3989 883 4063 opinaris,
916 3978 984 4044 ex
1021 3987 1194 4065 nihilo
1216 4006 1464 4063 unquam
1492 3992 1565 4048 sit
1596 4004 1802 4063 ortum,
1836 4012 2013 4067 neque
2051 3998 2103 4050 in

521 4083 751 4137 nihilum
787 4078 1131 4138 resolutum?
1173 4082 1242 4137 Μ.
1273 4082 1445 4139 Didici
1482 4086 1585 4141 hoc
1614 4103 1680 4141 ex
1714 4103 1778 4142 ea
1807 4091 1954 4158 quod
1985 4106 2107 4159 quae

521 4189 591 4255 ex
612 4173 856 4247 subjecto
884 4176 1042 4237 liunt,
1075 4175 1129 4255 in
1166 4176 1307 4232 idem
1351 4178 1550 4253 resolvi
1579 4179 1775 4234 solent.
1806 4180 1908 4235 (λιι.
1939 4181 1997 4234 Si
2033 4184 2106 4238 ita

514 4250 786 4341 ~loqueris,
808 4267 948 4322 idem
975 4274 1060 4323 est
1082 4250 1148 4323 ex
1169 4250 1440 4325 sententia
1465 4282 1557 4343 tua
1588 4271 1919 4341 subjectum,
1944 4284 2107 4342 atque

506 4350 657 4439 illud
687 4356 830 4435 quod
860 4371 966 4408 non
996 4362 1079 4410 cst
1104 4357 1429 4426 subjectum.
1456 4356 1671 4437 M.iCur
1696 4357 1816 4413 ita?
1840 4357 1943 4429 .Ch.
1972 4357 2109 4429 Sph-

2206 3160 2431 3231 γεγονδς
2492 3160 2571 3220 είς
2617 3157 2685 3209 τὰ
2736 3156 2811 3226 μὴ
2838 3155 2986 3215 ὄντα,
3016 3151 3129 3206 ἀλλ’
3151 3152 3251 3206 οὐκ
3294 3151 3485 3219 ἄλογος
3517 3152 3546 3204 ὁ
3572 3149 3733 3219 (ρόὸος
3762 3165 3782 3178 ⁶

2206 3256 2254 3307 εἰ
2291 3252 2398 3327 γὰρ
2432 3253 2497 3303 ὲκ
2523 3248 2598 3319 μὴ
2626 3248 2796 3301 ὄντων
2825 3245 2983 3315 φύσει
3019 3244 3225 3311 γίνεται
3254 3242 3526 3311 οὐδαμῶς,
3549 3241 3671 3294 οὐδὲ
3698 3241 3781 3306 τὶ,

2205 3343 2326 3396 οὐδὲ
2349 3341 2474 3395 τινά
2496 3357 2510 3371 ο
2553 3342 2698 3393 ποιεῖ
2717 3338 2773 3392 δὲ
2796 3340 2829 3407 ἡ
2855 3337 2948 3390 τοῦ
2987 3336 3263 3397 ποιοῦντος
3287 3332 3535 3404 δύναμις,
3574 3336 3607 3404 ἡ
3632 3348 3786 3404 παρ-

2206 3437 2359 3505 άγειν
2400 3432 2693 3503 δυναμένη,
2740 3432 2835 3483 καὶ
2877 3428 3138 3499 διαμονὴν
3188 3425 3265 3496 τῷ
3307 3426 3552 3495 γεγονότι
3604 3425 3787 3496 ἰσχύει

2210 3525 2560 3599 χαρίσασθαι.
2598 3519 2763 3577 Ὥστε
2794 3520 3096 3591 καθάπερ-ὴ
3132 3516 3438 3589 παραγωγὴ
3470 3518 3537 3575 ἐκ
3560 3517 3668 3571 τῶν
3702 3519 3787 3589 μή

2207 3622 2378 3675 ὄντων
2422 3616 2724 3686 γεγονότων
2752 3656 2765 3679 ,
2798 3614 2858 3666 οὐ
2901 3611 3103 3678 φύσει,
3135 3609 3272 3664 ἀλλὰ
3318 3608 3635 3678 προαιρέσει
3685 3609 3788 3663 τοῦ

2209 3713 2540 3783 ποιήσαντος
2592 3692 2813 3776 ἐγένετο
2845 3722 2860 3737 ο
2899 3704 3044 3757 οὓτω
3086 3704 3179 3758 καὶ
3212 3704 3245 3773 ἡ
3283 3701 3511 3771 διαμονὴ
3550 3702 3658 3755 τῶν
3688 3718 3790 3770 γε-

2207 3803 2464 3873 γονάτων,
2484 3799 2550 3867 ¹οὐ
2598 3797 2792 3865 φύσει,
2846 3794 2985 3848 ἀλλὰ
3050 3796 3115 3864 τῇ
3178 3793 3314 3862 αὐτῇ
3377 3791 3636 3862 προθέσει
3684 3792 3788 3846 τοῦ

2211 3897 2536 3964 ποιήσαντος
2567 3890 2933 3960 φυλάττεται·
2971 3887 3146 3951 ἄλλως
3193 3902 3253 3939 τε
3307 3885 3366 3939 δὲ
3413 3884 3578 3939 πόθεν
3606 3886 3793 3956 μεμά-

2210 3987 2385 4059 θηκας
2404 3984 2479 4047 ὡς
2495 3983 2602 4036 πᾶν
2615 3981 2676 4033 τὸ
2693 3982 2758 4049 ἐκ
2780 3979 2855 4050 μὴ
2868 3978 3021 4041 ὄντος
3037 3977 3320 4047 γινόμενον
3339 4016 3352 4037 ,
3388 3976 3648 4030 ἀνάλυσιν
3698 3978 3791 4040 εἰς

2209 4078 2269 4131 τὸ
2289 4076 2363 4147 μὴ
2382 4074 2442 4127 ὃν
2464 4074 2600 4144 ἔχει,
2623 4071 2848 4142 μηδενὸς
2871 4072 2936 4123 ὲκ
2957 4071 3030 4139 μὴ
3054 4066 3204 4132 ὄντος
3224 4069 3362 4121 κατὰ
3388 4067 3448 4120 σέ
3476 4085 3608 4131 ποτε
3628 4084 3794 4135 γενο-

2213 4169 2398 4241 μένου,
2431 4164 2565 4236 μηδὲ
2591 4165 2671 4226 εἰς
2693 4163 2756 4215 τὸ
2775 4161 2849 4232 μὴ
2870 4160 2930 4229 ὂν
2958 4159 3315 4221 ἀναλυθέντος
3334 4177 3346 4225 ;
3368 4160 3443 4218 Μ.
3475 4160 3570 4212 Ἐκ
3598 4158 3690 4211 τοῦ
3703 4161 3796 4245 ,τὰ

2202 4259 2271 4335 ιἐξ
2289 4257 2648 4328 ὑποκείμενου
2679 4255 2947 4325 γενόμενα
2963 4250 3219 4307 ἀνάλυσιν
3242 4250 3321 4313 εἰς
3341 4249 3401 4302 τὸ
3427 4248 3616 4303 ὑποκεί
3625 4264 3793 4318 μενον

2211 4352 2373 4427 ἔχειν.
2391 4351 2459 4404 Χ.
2487 4346 2674 4419 Τούτῳ
2692 4346 2770 4419 τῷ
2799 4346 2943 4416 λόγῳ
2963 4345 3023 4398 τὸ
3046 4344 3178 4398 αὑτό
3192 4344 3312 4409 ,ἐστι
3331 4339 3474 4395 κατὰ
3506 4341 3564 4394 σὲ
3582 4339 3639 4393 ὃν
3653 4341 3795 4392 ὑπο-

520 4431 778 4516 ξιιοοηιηο
829 4463 937 4501 non
986 4447 1257 4502 exstantia
1302 4448 1388 4515 his
1429 4431 1555 4517 quae
1587 4464 1650 4502 ex
1707 4464 1815 4525 non
1855 4458 2103 4522 exstante

2206 4434 2457 4512 κείμενον
2468 4438 2563 4492 καὶ
2575 4438 2649 4509 μὴ
2667 4437 2725 4490 ὃν
2751 4434 3125 4509 ὑποκείμενον.
3148 4431 3394 4501 Μ.,Πῶς;
3420 4433 3487 4487 Χ.
3506 4431 3796 4484 ’Υπόκειν-

527 4538 669 4593 facta
693 4548 841 4603 sunt,
866 4538 1029 4594 sicuti
1050 4549 1273 4599 exstaus
1295 4540 1541 4610 subjacet
1567 4540 1653 4594 his
1674 4540 1771 4609 qui
1793 4556 1857 4593 ex
1881 4549 2103 4611 exstan—

525 4622 674 4685 tibus
699 4638 829 4683 sunt
854 4628 1015 4697 facta,
1063 4647 1131 4686 an
1160 4615 1346 4702 potius
1377 4631 1536 4697 aliter
1561 4629 1736 4707 dicis?
1779 4627 1849 4682 M.
1886 4629 1943 4697 Si
1972 4632 2105 4703 quid

527 4722 594 4771 ex
627 4733 732 4771 non
762 4717 1108 4772 exstantibus
1136 4718 1213 4783 ﬁt,
1241 4732 1351 4771 non
1374 4716 1646 4771 exstantia
1670 4716 1717 4769 ei
1740 4715 1886 4796 quod
1910 4732 1976 4796 ex
1999 4717 2106 4777 illis

530 4815 613 4860 est
641 4805 846 4861 factum
878 4806 1194 4873 subiacent,
1237 4806 1399 4861 sicuti
1432 4805 1729 4887 exstantia,
1764 4792 1867 4887 his
1894 4792 2016 4887 quge
2041 4824 2107 4860 ex

532 4897 637 4952 illis
668 4896 810 4954 facta
838 4897 1080 4967 fuerunt.
1129 4898 1230 4953 Ch.
1266 4897 1412 4967 Ergo
1454 4898 1509 4950 in
1564 4899 1834 4967 sententia
1879 4908 2004 4963 tua,
2045 4914 2107 4952 ea
2140 4904 2145 4919 '

530 5005 651 5059 qua:
695 4999 804 5043 non
830 4998 961 5063 sunt
990 5029 1004 5053 ,
1058 5004 1248 5061 reapse
1282 4996 1411 5041 nunt
1444 5005 1456 5040 :
1490 5000 1601 5056 quo
1637 4987 1694 5040 ﬁt
1739 4997 1797 5040 ut
1841 4989 1979 5042 inter
2009 5002 2109 5041 nos

531 5079 845 5135 diﬂ‘eramus
876 5094 986 5151 non
1020 5094 1080 5133 re
1106 5078 1198 5133 sed
1212 5076 1518 5153 vocabulis.
1542 5072 1611 5131 Μ.
1630 5076 1741 5131 lmo
1768 5094 1895 5131 vero
1926 5093 2107 5131 rerum

532 5172 836 5241 differentia
863 5180 967 5245 est.
1004 5168 1108 5226 Sed
1140 5170 1267 5239 quia
1297 5170 1440 5239 quod
1471 5168 1810 5238 impossibile
1830 5158 1940 5232 est,
1967 5168 2110 5223 afﬁr-

533 5280 649 5335 mas
677 5263 958 5341 possibile,
989 5264 1120 5318 dum
1153 5263 1235 5318 ais
1272 5262 1387 5315 lieri
1421 5261 1625 5331 aliquid
1653 5276 1718 5329 ex
1752 5278 1856 5315 non
1889 5274 2111 5327 exstan-

534 5357 698 5431 tibus,
730 5372 895 5429 cogar
921 5356 1133 5428 aliquid
1164 5355 1345 5423 dicere
1372 5354 1520 5438 quod
1545 5364 1737 5422 praeter
1772 5370 1953 5408 meum
1984 5370 2111 5424 pro—

537 5450 772 5521 positum
826 5458 928 5521 est.
980 5448 1090 5519 ‘Ch.
1135 5447 1194 5501 Si
1244 5446 1450 5500 locutio
1488 5461 1556 5499 ex
1611 5461 1721 5521 non
1767 5446 2111 5521 exstantibus

529 5524 631 5596 tibi
663 5520 889 5613 molesta
925 5550 1028 5605 est,
1058 5555 1166 5593 non
1196 5526 1430 5611 Iutarqhis
1451 5537 1630 5613 verbis
1661 5520 1895 5606 amplius
1926 5538 1977 5589 in
2012 5538 2113 5590 hac

531 5628 715 5697 tecum
747 5608 1139 5705 disputatione,
1165 5608 1258 5707 sed
1290 5608 1621 5683 transferens
1653 5630 1925 5707 praedictae
1955 5627 2112 5707 locu-

532 5705 703 5793 Nonis
728 5702 961 5791 sensum
998 5719 1053 5772 in
1087 5704 1233 5787 aliud
1272 5718 1618 5784 Vocabulum;
1671 5702 1956 5787 perspicue
1987 5702 2113 5774 scu-

2204 4552 2296 4601 ται
2312 4535 2380 4587 τὰ
2403 4533 2476 4603 μὴ
2498 4532 2626 4585 ὄντα
2654 4532 2764 4594 τοῖς
2781 4531 2844 4583 ἐκ
2875 4527 2949 4598 μὴ
2960 4526 3127 4580 ὄντων
3143 4525 3508 4605 γιγνομένοις,
3524 4523 3783 4593 καθάπερ

2208 4625 2268 4679 τὸ
2286 4625 2344 4678 ὃν
2359 4626 2644 4677 ὑπόκειται
2661 4620 3023 4694 τοῖςὲξρντων
3045 4616 3407 4687 γιγνομένοις,
3424 4615 3457 4684 ἦ
3474 4615 3647 4679 ἄλλως
3667 4631 3788 4678 πως

2208 4716 2416 4786 λέγεις;
2438 4716 2514 4781 Μ.
2535 4716 2595 4767 Εἰ
2617 4710 2860 4781 γίγνεταί
2880 4729 2931 4764 τι
3051 4708 3127 4778 μὴ
3142 4706 3329 4775 ὄντων,
3347 4707 3417 4773 τᾲ
3446 4707 3523 4776 μὴ
3547 4706 3674 4759 ὄντα
3700 4704 3787 4774 τῷ

2210 4781 2513 4877 γιγνομένῳ
2532 4806 2590 4870 ἐξ
2604 4803 2778 4881 αὐτῶν
2796 4781 3097 4856 ὑπόκειταν
3114 4799 3362 4869 καθάπερ
3375 4797 3587 4881 τριόντα
3598 4797 3709 4858 τοῖς
3730 4781 3815 4860 ἐξι

2210 4895 2841 4966 αὐτῶνγιγνομένοις.Χ.
2865 4892 3027 4965 ’ᾮστε
3040 4889 3180 4961 καττὰ
3202 4890 3263 4955 σὲ
3289 4887 3358 4959 τά
3384 4887 3644 4959 μὲνβντα,
3659 4886 3797 4938 ὄντα.

2206 4968 2326 5045 ἐστί
2352 5006 2365 5018 ο
2394 4989 2487 5043 κοιλ⁸
2512 4987 2627 5055 ἐστι
2647 4990 2680 5058 ἡ
2705 4982 2905 5059 μεταξὺ
2935 4982 3090 5055 ἡμῶν
3125 4981 3411 5059 διαφωνία,
3432 4981 3493 5051 οὺ
3523 4975 3797 5047 πραγμά-

2201 5058 2338 5142 των,
2365 5078 2475 5132 ἀλλ’
2513 5058 3297 5151 ὀνομάτων.Μ.ηΠραγματικὴ
3330 5070 3428 5141 μὲν
3501 5064 3792 5135 διαφωνίαν

2212 5169 2326 5222 ἀλλ’
2359 5166 2544 5238 ἐπειδὴ
2565 5162 2625 5219 τὸ
2648 5164 2909 5223 ἀδύνατον
2932 5163 3035 5241 καὶ
3060 5160 3287 5239 δυνατὸν
3320 5160 3619 5230 προφέρεις
3643 5195 3656 5218 ,
3685 5154 3798 5224 φά-

2215 5276 2359 5313 σκων
2383 5256 2626 5326 γίνεσθαί
2642 5274 2693 5308 τι
2722 5258 2786 5309 ὲκ
2817 5255 2891 5327 μὴ
2916 5254 3113 5331 όντων,
3136 5249 3520 5320 ἀναγκάζομαι
3548 5246 3617 5301 τὰ
3638 5244 3798 5315 παρὰ

2215 5352 2314 5419 τὴν
2364 5348 2572 5401 οἰκείαν
2605 5347 2861 5421 πρόθεσιν
2888 5346 3088 5419 λέγειν.
3119 5344 3188 5401 Χ.
3214 5342 3284 5395 Εἰ
3316 5340 3425 5393 τῶν
3459 5338 3532 5411 μὴ
3558 5339 3723 5390 ὄντων
3751 5337 3789 5403 ἠ

2214 5440 2556 5511 προσηγορία
2591 5457 2650 5492 σε
2686 5436 3047 5519 σκανδαλίζει,
3088 5436 3149 5490 οὐ
3182 5424 3463 5509 κέχρημαι
3500 5432 3566 5500 τῇ
3618 5443 3795 5519 προσέ

2215 5532 2409 5603 ηγορίᾳ
2456 5529 2630 5600 ταύτῃ
2690 5513 2821 5583 ποτὲ
2880 5513 3027 5599 ἐντῇ
3056 5526 3192 5599 πρὸς
3225 5526 3286 5578 σὲ
3326 5524 3609 5593 διαλέκτῳ,
3653 5517 3798 5572 ἀλλὰ

2220 5621 2569 5693 μεταϐάλλων
2618 5623 2714 5689 τῆς
2746 5618 3131 5691 ,προκειμένης
3191 5615 3389 5683 λέξεως
3426 5615 3529 5685 τὴν
3582 5611 3795 5665 ἔννοιαν

2219 5713 2303 5768 ἐπ’
2339 5714 2501 5783 ἄλλην
2528 5712 2694 5779 λέξιν,
2725 5713 2911 5781 σαφῶς
2936 5710 3036 5782 τὴν
3059 5709 3199 5781 ἐμὴν
3225 5709 3481 5773 διάνοιαν,
3515 5706 3582 5777 ἢν
3604 5700 3785 5772 ἒκτῆς
