  <div class='ocr_page' id='page_1' title='image "/cluster/home/n/w/nwhite01/storage/ocr_20150623/88/coo.31924054869924/288.png"; bbox 0 0 4062 6424; ppageno 0'>
   <div class='ocr_carea' id='block_1_1' title="bbox 303 345 420 415">
    <p class='ocr_par' dir='ltr' id='par_1_1' title="bbox 303 345 420 415">
     <span class='ocr_line' id='line_1_1' title="bbox 303 345 420 415; baseline 0 0"><span class='ocrx_word' id='word_1_1' title='bbox 303 345 420 415; x_wconf 77' lang='lat'><strong>533</strong></span> 
     </span>
    </p>
   </div>
   <div class='ocr_carea' id='block_1_2' title="bbox 1187 333 2698 409">
    <p class='ocr_par' dir='ltr' id='par_1_2' title="bbox 1187 333 2698 409">
     <span class='ocr_line' id='line_1_2' title="bbox 1187 333 2698 409; baseline -0.011 0"><span class='ocrx_word' id='word_1_2' title='bbox 1187 345 1641 409; x_wconf 81' lang='lat' dir='ltr'><strong>DISPUTATIO</strong></span> <span class='ocrx_word' id='word_1_3' title='bbox 1687 342 1847 407; x_wconf 85' lang='lat' dir='ltr'><strong>CUM</strong></span> <span class='ocrx_word' id='word_1_4' title='bbox 1880 338 2216 403; x_wconf 86' lang='lat' dir='ltr'><strong>PHOTINO</strong></span> <span class='ocrx_word' id='word_1_5' title='bbox 2264 333 2698 396; x_wconf 67' lang='lat' dir='ltr'><strong>MANICIL‘EO.</strong></span> 
     </span>
    </p>
   </div>
   <div class='ocr_carea' id='block_1_3' title="bbox 3471 323 3573 386">
    <p class='ocr_par' dir='ltr' id='par_1_3' title="bbox 3471 323 3573 386">
     <span class='ocr_line' id='line_1_3' title="bbox 3471 323 3573 386; baseline -0.039 -2"><span class='ocrx_word' id='word_1_6' title='bbox 3471 323 3573 386; x_wconf 55' lang='grc' dir='ltr'><strong>εει</strong></span> 
     </span>
    </p>
   </div>
   <div class='ocr_carea' id='block_1_4' title="bbox 301 436 1891 531">
    <p class='ocr_par' dir='ltr' id='par_1_4' title="bbox 301 455 1886 531">
     <span class='ocr_line' id='line_1_4' title="bbox 301 455 1886 531; baseline -0.004 -18"><span class='ocrx_word' id='word_1_7' title='bbox 301 455 689 531; x_wconf 76' lang='grc' dir='ltr'><strong>προσηγορίας</strong></span> <span class='ocrx_word' id='word_1_8' title='bbox 713 456 813 528; x_wconf 84' lang='grc' dir='ltr'><strong>τῆς</strong></span> <span class='ocrx_word' id='word_1_9' title='bbox 840 456 970 530; x_wconf 77' lang='grc' dir='ltr'><strong>περὶ</strong></span> <span class='ocrx_word' id='word_1_10' title='bbox 999 456 1076 528; x_wconf 81' lang='grc' dir='ltr'><strong>μὴ</strong></span> <span class='ocrx_word' id='word_1_11' title='bbox 1099 455 1271 510; x_wconf 76' lang='grc' dir='ltr'><strong>ὅντων</strong></span> <span class='ocrx_word' id='word_1_12' title='bbox 1312 456 1490 523; x_wconf 76' lang='grc' dir='ltr'><strong>σώζω,</strong></span> <span class='ocrx_word' id='word_1_13' title='bbox 1526 456 1886 526; x_wconf 81' lang='grc' dir='ltr'><strong>παραστήσω.</strong></span> 
     </span>
    </p>
   </div>
   <div class='ocr_carea' id='block_1_5' title="bbox 1996 436 3571 531">
    <p class='ocr_par' dir='ltr' id='par_1_5' title="bbox 1996 436 3571 516">
     <span class='ocr_line' id='line_1_5' title="bbox 1996 436 3571 516; baseline -0.011 -13"><span class='ocrx_word' id='word_1_14' title='bbox 1996 451 2216 506; x_wconf 81' lang='lat' dir='ltr'><strong>tentiam</strong></span> <span class='ocrx_word' id='word_1_15' title='bbox 2240 463 2441 512; x_wconf 78' lang='lat' dir='ltr'><strong>meam,</strong></span> <span class='ocrx_word' id='word_1_16' title='bbox 2471 461 2636 516; x_wconf 84' lang='lat' dir='ltr'><strong>quam</strong></span> <span class='ocrx_word' id='word_1_17' title='bbox 2668 443 2771 499; x_wconf 87' lang='lat' dir='ltr'><strong>sub</strong></span> <span class='ocrx_word' id='word_1_18' title='bbox 2793 440 3068 497; x_wconf 86' lang='lat' dir='ltr'><strong>locutione</strong></span> <span class='ocrx_word' id='word_1_19' title='bbox 3102 452 3209 492; x_wconf 89' lang='lat' dir='ltr'><strong>non</strong></span> <span class='ocrx_word' id='word_1_20' title='bbox 3242 436 3571 492; x_wconf 63' lang='lat' dir='ltr'><strong>exstantium</strong></span> 
     </span>
    </p>
   </div>
   <div class='ocr_carea' id='block_1_6' title="bbox 298 551 1891 623">
    <p class='ocr_par' dir='ltr' id='par_1_6' title="bbox 298 551 1891 623">
     <span class='ocr_line' id='line_1_6' title="bbox 298 551 1891 623; baseline -0.001 -16"><span class='ocrx_word' id='word_1_21' title='bbox 298 554 387 608; x_wconf 79' lang='grc' dir='ltr'><strong>Μ.</strong></span> <span class='ocrx_word' id='word_1_22' title='bbox 449 552 560 622; x_wconf 76' lang='grc' dir='ltr'><strong>οἴῳ</strong></span> <span class='ocrx_word' id='word_1_23' title='bbox 618 551 799 622; x_wconf 79' lang='grc' dir='ltr'><strong>βούλει</strong></span> <span class='ocrx_word' id='word_1_24' title='bbox 877 551 1024 623; x_wconf 84' lang='grc' dir='ltr'><strong>λόγῳ</strong></span> <span class='ocrx_word' id='word_1_25' title='bbox 1097 553 1391 622; x_wconf 80' lang='grc' dir='ltr'><strong>σαφήνισον</strong></span> <span class='ocrx_word' id='word_1_26' title='bbox 1473 552 1574 623; x_wconf 79' lang='grc' dir='ltr'><strong>τὴν</strong></span> <span class='ocrx_word' id='word_1_27' title='bbox 1661 551 1891 608; x_wconf 76' lang='grc' dir='ltr'><strong>ἔννοιαν.</strong></span> 
     </span>
    </p>
   </div>
   <div class='ocr_carea' id='block_1_7' title="bbox 294 640 1892 715">
    <p class='ocr_par' dir='ltr' id='par_1_7' title="bbox 294 640 1892 715">
     <span class='ocr_line' id='line_1_7' title="bbox 294 640 1892 715; baseline -0.002 -17"><span class='ocrx_word' id='word_1_28' title='bbox 294 645 385 698; x_wconf 78' lang='grc' dir='ltr'><strong>Μ.</strong></span> <span class='ocrx_word' id='word_1_29' title='bbox 420 643 603 715; x_wconf 86' lang='grc' dir='ltr'><strong>Χωρίς</strong></span> <span class='ocrx_word' id='word_1_30' title='bbox 630 661 777 706; x_wconf 86' lang='grc' dir='ltr'><strong>τινος</strong></span> <span class='ocrx_word' id='word_1_31' title='bbox 805 643 1166 715; x_wconf 73' lang='grc' dir='ltr'><strong>ὑποκειμένου</strong></span> <span class='ocrx_word' id='word_1_32' title='bbox 1221 644 1325 697; x_wconf 78' lang='grc' dir='ltr'><strong>ὑπὸ</strong></span> <span class='ocrx_word' id='word_1_33' title='bbox 1380 644 1476 697; x_wconf 82' lang='grc' dir='ltr'><strong>τοῦ</strong></span> <span class='ocrx_word' id='word_1_34' title='bbox 1545 640 1892 715; x_wconf 85' lang='grc' dir='ltr'><strong>Δημιουργοῦ</strong></span> 
     </span>
    </p>
   </div>
   <div class='ocr_carea' id='block_1_8' title="bbox 295 735 1895 808">
    <p class='ocr_par' dir='ltr' id='par_1_8' title="bbox 295 735 1895 808">
     <span class='ocr_line' id='line_1_8' title="bbox 295 735 1895 808; baseline 0.001 -20"><span class='ocrx_word' id='word_1_35' title='bbox 295 736 606 805; x_wconf 82' lang='grc' dir='ltr'><strong>γεγόνασιν</strong></span> <span class='ocrx_word' id='word_1_36' title='bbox 655 738 712 790; x_wconf 79' lang='grc' dir='ltr'><strong>αἱ</strong></span> <span class='ocrx_word' id='word_1_37' title='bbox 745 735 915 806; x_wconf 76' lang='grc' dir='ltr'><strong>ψυχαί</strong></span> <span class='ocrx_word' id='word_1_38' title='bbox 948 750 962 765; x_wconf 86' lang='grc'>⁶</span> <span class='ocrx_word' id='word_1_39' title='bbox 995 736 1139 791; x_wconf 86' lang='grc' dir='ltr'><strong>κατὰ</strong></span> <span class='ocrx_word' id='word_1_40' title='bbox 1184 736 1293 807; x_wconf 85' lang='grc' dir='ltr'><strong>γὰρ</strong></span> <span class='ocrx_word' id='word_1_41' title='bbox 1317 737 1417 808; x_wconf 82' lang='grc' dir='ltr'><strong>τὴν</strong></span> <span class='ocrx_word' id='word_1_42' title='bbox 1445 737 1655 791; x_wconf 79' lang='grc' dir='ltr'><strong>ἔννοιαν</strong></span> <span class='ocrx_word' id='word_1_43' title='bbox 1696 736 1790 790; x_wconf 81' lang='grc' dir='ltr'><strong>τοῦ</strong></span> <span class='ocrx_word' id='word_1_44' title='bbox 1821 735 1895 806; x_wconf 82' lang='grc' dir='ltr'><strong>μὴ</strong></span> 
     </span>
    </p>
   </div>
   <div class='ocr_carea' id='block_1_9' title="bbox 296 819 1896 900">
    <p class='ocr_par' dir='ltr' id='par_1_9' title="bbox 296 819 1896 900">
     <span class='ocr_line' id='line_1_9' title="bbox 296 819 1896 900; baseline 0.001 -21"><span class='ocrx_word' id='word_1_45' title='bbox 296 825 638 880; x_wconf 75' lang='grc' dir='ltr'><strong>ὑποκεῖσθαι</strong></span> <span class='ocrx_word' id='word_1_46' title='bbox 667 844 720 879; x_wconf 92' lang='grc' dir='ltr'><strong>τι</strong></span> <span class='ocrx_word' id='word_1_47' title='bbox 739 827 800 892; x_wconf 74' lang='grc' dir='ltr'><strong>ἐξ</strong></span> <span class='ocrx_word' id='word_1_48' title='bbox 816 819 881 880; x_wconf 71' lang='grc' dir='ltr'><strong>οὗ</strong></span> <span class='ocrx_word' id='word_1_49' title='bbox 895 827 1217 899; x_wconf 81' lang='grc' dir='ltr'><strong>γεγένηνται</strong></span> <span class='ocrx_word' id='word_1_50' title='bbox 1239 831 1293 882; x_wconf 79' lang='grc' dir='ltr'><strong>αἱ</strong></span> <span class='ocrx_word' id='word_1_51' title='bbox 1309 829 1501 899; x_wconf 70' lang='grc' dir='ltr'><strong>ψυχαὶ,</strong></span> <span class='ocrx_word' id='word_1_52' title='bbox 1522 830 1616 883; x_wconf 69' lang='grc' dir='ltr'><strong>καὶ</strong></span> <span class='ocrx_word' id='word_1_53' title='bbox 1635 831 1667 900; x_wconf 79' lang='grc' dir='ltr'>ἡ</span> <span class='ocrx_word' id='word_1_54' title='bbox 1689 829 1797 882; x_wconf 82' lang='grc' dir='ltr'><strong>τῶν</strong></span> <span class='ocrx_word' id='word_1_55' title='bbox 1821 829 1896 900; x_wconf 81' lang='grc' dir='ltr'><strong>μὴ</strong></span> 
     </span>
    </p>
   </div>
   <div class='ocr_carea' id='block_1_10' title="bbox 294 917 1895 993">
    <p class='ocr_par' dir='ltr' id='par_1_10' title="bbox 294 917 1895 993">
     <span class='ocr_line' id='line_1_10' title="bbox 294 917 1895 993; baseline 0.002 -22"><span class='ocrx_word' id='word_1_56' title='bbox 294 917 485 972; x_wconf 64' lang='grc' dir='ltr'><strong>ὄντων</strong></span> <span class='ocrx_word' id='word_1_57' title='bbox 517 920 867 991; x_wconf 79' lang='grc' dir='ltr'><strong>προσηγορία</strong></span> <span class='ocrx_word' id='word_1_58' title='bbox 897 920 1114 991; x_wconf 74' lang='grc' dir='ltr'><strong>εἴρηται</strong></span> <span class='ocrx_word' id='word_1_59' title='bbox 1146 921 1274 993; x_wconf 86' lang='grc' dir='ltr'><strong>παρ’</strong></span> <span class='ocrx_word' id='word_1_60' title='bbox 1326 920 1462 993; x_wconf 69' lang='grc' dir='ltr'><strong>ἐμοῦ</strong></span> <span class='ocrx_word' id='word_1_61' title='bbox 1484 938 1499 953; x_wconf 75' lang='grc' dir='ltr'><strong>ο</strong></span> <span class='ocrx_word' id='word_1_62' title='bbox 1531 922 1612 976; x_wconf 81' lang='grc' dir='ltr'><strong>διὸ</strong></span> <span class='ocrx_word' id='word_1_63' title='bbox 1638 922 1735 992; x_wconf 84' lang='grc' dir='ltr'><strong>οὐχ</strong></span> <span class='ocrx_word' id='word_1_64' title='bbox 1762 921 1895 975; x_wconf 83' lang='grc' dir='ltr'><strong>ὑπό-</strong></span> 
     </span>
    </p>
   </div>
   <div class='ocr_carea' id='block_1_11' title="bbox 295 1012 1897 1086">
    <p class='ocr_par' dir='ltr' id='par_1_11' title="bbox 295 1012 1897 1086">
     <span class='ocr_line' id='line_1_11' title="bbox 295 1012 1897 1086; baseline 0.001 -23"><span class='ocrx_word' id='word_1_65' title='bbox 295 1026 485 1063; x_wconf 77' lang='grc' dir='ltr'><strong>κειται</strong></span> <span class='ocrx_word' id='word_1_66' title='bbox 545 1012 662 1075; x_wconf 85' lang='grc' dir='ltr'><strong>τοῖς</strong></span> <span class='ocrx_word' id='word_1_67' title='bbox 717 1012 782 1065; x_wconf 85' lang='grc' dir='ltr'><strong>ὲκ</strong></span> <span class='ocrx_word' id='word_1_68' title='bbox 815 1012 890 1083; x_wconf 82' lang='grc' dir='ltr'><strong>μὴ</strong></span> <span class='ocrx_word' id='word_1_69' title='bbox 932 1013 1102 1067; x_wconf 68' lang='grc' dir='ltr'><strong>ὄντων</strong></span> <span class='ocrx_word' id='word_1_70' title='bbox 1149 1014 1398 1083; x_wconf 84' lang='grc' dir='ltr'><strong>γεγονόσι</strong></span> <span class='ocrx_word' id='word_1_71' title='bbox 1425 1015 1496 1069; x_wconf 77' lang='grc' dir='ltr'><strong>τὰ</strong></span> <span class='ocrx_word' id='word_1_72' title='bbox 1536 1014 1611 1086; x_wconf 82' lang='grc' dir='ltr'><strong>μὴ</strong></span> <span class='ocrx_word' id='word_1_73' title='bbox 1639 1014 1791 1079; x_wconf 74' lang='grc' dir='ltr'><strong>ὄντα,</strong></span> <span class='ocrx_word' id='word_1_74' title='bbox 1820 1012 1897 1076; x_wconf 85' lang='grc' dir='ltr'><strong>ὡς</strong></span> 
     </span>
    </p>
   </div>
   <div class='ocr_carea' id='block_1_12' title="bbox 294 1101 1895 1179">
    <p class='ocr_par' dir='ltr' id='par_1_12' title="bbox 294 1101 1895 1179">
     <span class='ocr_line' id='line_1_12' title="bbox 294 1101 1895 1179; baseline 0.002 -25"><span class='ocrx_word' id='word_1_75' title='bbox 294 1104 426 1165; x_wconf 77' lang='grc' dir='ltr'><strong>τοῖς</strong></span> <span class='ocrx_word' id='word_1_76' title='bbox 454 1101 520 1167; x_wconf 82' lang='grc' dir='ltr'><strong>ἐξ</strong></span> <span class='ocrx_word' id='word_1_77' title='bbox 546 1102 719 1157; x_wconf 75' lang='grc' dir='ltr'><strong>ὄντων</strong></span> <span class='ocrx_word' id='word_1_78' title='bbox 747 1104 818 1157; x_wconf 80' lang='grc' dir='ltr'><strong>τὰ</strong></span> <span class='ocrx_word' id='word_1_79' title='bbox 838 1103 968 1159; x_wconf 79' lang='grc' dir='ltr'><strong>ὄντα</strong></span> <span class='ocrx_word' id='word_1_80' title='bbox 991 1120 1007 1136; x_wconf 75' lang='grc'><strong><em>⁸</em></strong></span> <span class='ocrx_word' id='word_1_81' title='bbox 1046 1105 1169 1160; x_wconf 77' lang='grc' dir='ltr'><strong>οὐδὲ</strong></span> <span class='ocrx_word' id='word_1_82' title='bbox 1195 1108 1275 1171; x_wconf 81' lang='grc' dir='ltr'><strong>είς</strong></span> <span class='ocrx_word' id='word_1_83' title='bbox 1302 1107 1370 1161; x_wconf 75' lang='grc' dir='ltr'><strong>τὰ</strong></span> <span class='ocrx_word' id='word_1_84' title='bbox 1413 1105 1487 1179; x_wconf 76' lang='grc' dir='ltr'><strong>μὴ</strong></span> <span class='ocrx_word' id='word_1_85' title='bbox 1533 1106 1662 1160; x_wconf 76' lang='grc' dir='ltr'><strong>ὅντα</strong></span> <span class='ocrx_word' id='word_1_86' title='bbox 1693 1104 1895 1161; x_wconf 82' lang='grc' dir='ltr'><strong>ἀναλυ-</strong></span> 
     </span>
    </p>
   </div>
   <div class='ocr_carea' id='block_1_13' title="bbox 294 1192 1897 1272">
    <p class='ocr_par' dir='ltr' id='par_1_13' title="bbox 294 1192 1897 1272">
     <span class='ocr_line' id='line_1_13' title="bbox 294 1192 1897 1272; baseline 0.003 -26"><span class='ocrx_word' id='word_1_87' title='bbox 294 1192 545 1263; x_wconf 71' lang='grc' dir='ltr'><strong>θῇσεται</strong></span> <span class='ocrx_word' id='word_1_88' title='bbox 595 1195 674 1260; x_wconf 86' lang='grc' dir='ltr'><strong>ὡς</strong></span> <span class='ocrx_word' id='word_1_89' title='bbox 707 1197 778 1250; x_wconf 85' lang='grc' dir='ltr'><strong>τὰ</strong></span> <span class='ocrx_word' id='word_1_90' title='bbox 812 1196 873 1262; x_wconf 76' lang='grc' dir='ltr'><strong>ἐξ</strong></span> <span class='ocrx_word' id='word_1_91' title='bbox 891 1197 1061 1252; x_wconf 75' lang='grc' dir='ltr'><strong>ὄντων</strong></span> <span class='ocrx_word' id='word_1_92' title='bbox 1094 1200 1176 1263; x_wconf 77' lang='grc' dir='ltr'><strong>είς</strong></span> <span class='ocrx_word' id='word_1_93' title='bbox 1209 1199 1277 1255; x_wconf 86' lang='grc' dir='ltr'><strong>τὰ</strong></span> <span class='ocrx_word' id='word_1_94' title='bbox 1309 1199 1439 1254; x_wconf 75' lang='grc' dir='ltr'><strong>ὅντα</strong></span> <span class='ocrx_word' id='word_1_95' title='bbox 1463 1216 1479 1233; x_wconf 77' lang='grc' dir='ltr'><strong>ο</strong></span> <span class='ocrx_word' id='word_1_96' title='bbox 1517 1201 1897 1272; x_wconf 77' lang='grc' dir='ltr'><strong>συγκροτεῖται</strong></span> 
     </span>
    </p>
   </div>
   <div class='ocr_carea' id='block_1_14' title="bbox 294 1285 1237 1361">
    <p class='ocr_par' dir='ltr' id='par_1_14' title="bbox 294 1285 1237 1361">
     <span class='ocr_line' id='line_1_14' title="bbox 294 1285 1237 1361; baseline 0.01 -22"><span class='ocrx_word' id='word_1_97' title='bbox 294 1285 431 1358; x_wconf 73' lang='grc' dir='ltr'><strong>γὰρ’</strong></span> <span class='ocrx_word' id='word_1_98' title='bbox 448 1287 575 1358; x_wconf 78' lang='grc' dir='ltr'><strong>θείᾳ</strong></span> <span class='ocrx_word' id='word_1_99' title='bbox 611 1288 864 1357; x_wconf 78' lang='grc' dir='ltr'><strong>δυνάμει,</strong></span> <span class='ocrx_word' id='word_1_100' title='bbox 889 1290 970 1355; x_wconf 83' lang='grc' dir='ltr'><strong>ὡς</strong></span> <span class='ocrx_word' id='word_1_101' title='bbox 1000 1291 1237 1361; x_wconf 66' lang='grc' dir='ltr'><strong>εἴρηται.</strong></span> 
     </span>
    </p>
   </div>
   <div class='ocr_carea' id='block_1_15' title="bbox 380 1462 1899 1541">
    <p class='ocr_par' dir='ltr' id='par_1_15' title="bbox 380 1462 1899 1541">
     <span class='ocr_line' id='line_1_15' title="bbox 380 1462 1899 1541; baseline 0.005 -26"><span class='ocrx_word' id='word_1_102' title='bbox 380 1462 460 1517; x_wconf 77' lang='grc' dir='ltr'><strong>Μ.</strong></span> <span class='ocrx_word' id='word_1_103' title='bbox 516 1463 738 1537; x_wconf 80' lang='grc' dir='ltr'><strong>Ἐπειδὴ</strong></span> <span class='ocrx_word' id='word_1_104' title='bbox 768 1468 959 1521; x_wconf 77' lang='grc' dir='ltr'><strong>καὶτὰ</strong></span> <span class='ocrx_word' id='word_1_105' title='bbox 1005 1469 1072 1523; x_wconf 79' lang='grc' dir='ltr'><strong>ὲκ</strong></span> <span class='ocrx_word' id='word_1_106' title='bbox 1117 1470 1218 1541; x_wconf 80' lang='grc' dir='ltr'><strong>τῆς</strong></span> <span class='ocrx_word' id='word_1_107' title='bbox 1255 1470 1447 1540; x_wconf 80' lang='grc' dir='ltr'><strong>κοινῆς</strong></span> <span class='ocrx_word' id='word_1_108' title='bbox 1479 1470 1755 1531; x_wconf 83' lang='grc' dir='ltr'><strong>συνέσεως</strong></span> <span class='ocrx_word' id='word_1_109' title='bbox 1806 1468 1899 1521; x_wconf 76' lang='grc' dir='ltr'><strong>καὶ</strong></span> 
     </span>
    </p>
   </div>
   <div class='ocr_carea' id='block_1_16' title="bbox 294 1552 1897 1633">
    <p class='ocr_par' dir='ltr' id='par_1_16' title="bbox 294 1552 1897 1633">
     <span class='ocr_line' id='line_1_16' title="bbox 294 1552 1897 1633; baseline 0.004 -28"><span class='ocrx_word' id='word_1_110' title='bbox 294 1552 403 1606; x_wconf 78' lang='grc' dir='ltr'><strong>τοῦ</strong></span> <span class='ocrx_word' id='word_1_111' title='bbox 431 1552 602 1624; x_wconf 75' lang='grc' dir='ltr'><strong>ὀρθοῦ</strong></span> <span class='ocrx_word' id='word_1_112' title='bbox 628 1555 790 1625; x_wconf 80' lang='grc' dir='ltr'><strong>λόγου</strong></span> <span class='ocrx_word' id='word_1_113' title='bbox 811 1557 1171 1623; x_wconf 84' lang='grc' dir='ltr'><strong>διαλεκτικῶς</strong></span> <span class='ocrx_word' id='word_1_114' title='bbox 1191 1562 1522 1633; x_wconf 77' lang='grc' dir='ltr'><strong>ἀνατρέπειν</strong></span> <span class='ocrx_word' id='word_1_115' title='bbox 1540 1560 1897 1627; x_wconf 79' lang='grc' dir='ltr'><strong>πεπείρασαι,</strong></span> 
     </span>
    </p>
   </div>
   <div class='ocr_carea' id='block_1_17' title="bbox 292 1645 1898 1725">
    <p class='ocr_par' dir='ltr' id='par_1_17' title="bbox 292 1645 1898 1725">
     <span class='ocr_line' id='line_1_17' title="bbox 292 1645 1898 1725; baseline -0.002 -18"><span class='ocrx_word' id='word_1_116' title='bbox 292 1645 383 1707; x_wconf 80' lang='grc' dir='ltr'><strong>ὡς</strong></span> <span class='ocrx_word' id='word_1_117' title='bbox 406 1645 794 1713; x_wconf 78' lang='grc' dir='ltr'><strong>ἀποδεικτικδς</strong></span> <span class='ocrx_word' id='word_1_118' title='bbox 812 1650 913 1720; x_wconf 81' lang='grc' dir='ltr'><strong>ἀνὴ</strong></span> <span class='ocrx_word' id='word_1_119' title='bbox 923 1666 974 1721; x_wconf 89' lang='grc' dir='ltr'><strong>ρ,</strong></span> <span class='ocrx_word' id='word_1_120' title='bbox 997 1652 1074 1722; x_wconf 80' lang='grc' dir='ltr'><strong>μὴ</strong></span> <span class='ocrx_word' id='word_1_121' title='bbox 1104 1650 1163 1718; x_wconf 72' lang='grc' dir='ltr'><strong>ἐξ</strong></span> <span class='ocrx_word' id='word_1_122' title='bbox 1179 1654 1426 1720; x_wconf 68' lang='grc' dir='ltr'><strong>ἐνδόξων,</strong></span> <span class='ocrx_word' id='word_1_123' title='bbox 1449 1653 1587 1708; x_wconf 82' lang='grc' dir='ltr'><strong>ἀλλὰ</strong></span> <span class='ocrx_word' id='word_1_124' title='bbox 1616 1652 1898 1725; x_wconf 82' lang='grc' dir='ltr'><strong>προσέχων</strong></span> 
     </span>
    </p>
   </div>
   <div class='ocr_carea' id='block_1_18' title="bbox 293 1736 1898 1815">
    <p class='ocr_par' dir='ltr' id='par_1_18' title="bbox 293 1736 1898 1815">
     <span class='ocr_line' id='line_1_18' title="bbox 293 1736 1898 1815; baseline 0.004 -25"><span class='ocrx_word' id='word_1_125' title='bbox 293 1739 369 1807; x_wconf 77' lang='grc' dir='ltr'><strong>τῇ</strong></span> <span class='ocrx_word' id='word_1_126' title='bbox 403 1736 521 1793; x_wconf 79' lang='grc' dir='ltr'><strong>τῶν</strong></span> <span class='ocrx_word' id='word_1_127' title='bbox 554 1741 898 1811; x_wconf 80' lang='grc' dir='ltr'><strong>πραγμάτων</strong></span> <span class='ocrx_word' id='word_1_128' title='bbox 938 1742 1194 1814; x_wconf 77' lang='grc' dir='ltr'><strong>ὑπάρξειο</strong></span> <span class='ocrx_word' id='word_1_129' title='bbox 1243 1743 1436 1811; x_wconf 79' lang='grc' dir='ltr'><strong>δεῖξον,</strong></span> <span class='ocrx_word' id='word_1_130' title='bbox 1467 1747 1516 1799; x_wconf 73' lang='grc' dir='ltr'><strong>εἰ</strong></span> <span class='ocrx_word' id='word_1_131' title='bbox 1550 1747 1606 1798; x_wconf 77' lang='grc' dir='ltr'><strong>αἱ</strong></span> <span class='ocrx_word' id='word_1_132' title='bbox 1638 1745 1810 1815; x_wconf 74' lang='grc' dir='ltr'><strong>ψυχαὶ</strong></span> <span class='ocrx_word' id='word_1_133' title='bbox 1832 1745 1898 1798; x_wconf 78' lang='grc' dir='ltr'><strong>ἐκ</strong></span> 
     </span>
    </p>
   </div>
   <div class='ocr_carea' id='block_1_19' title="bbox 298 1816 1971 1910">
    <p class='ocr_par' dir='ltr' id='par_1_19' title="bbox 298 1816 1971 1910">
     <span class='ocr_line' id='line_1_19' title="bbox 298 1816 1971 1910; baseline 0.004 -25"><span class='ocrx_word' id='word_1_134' title='bbox 298 1832 383 1901; x_wconf 73' lang='grc' dir='ltr'><strong>μὴ</strong></span> <span class='ocrx_word' id='word_1_135' title='bbox 419 1833 599 1887; x_wconf 78' lang='grc' dir='ltr'><strong>ὄντων</strong></span> <span class='ocrx_word' id='word_1_136' title='bbox 627 1834 908 1902; x_wconf 85' lang='grc' dir='ltr'><strong>γεγόνασι.</strong></span> <span class='ocrx_word' id='word_1_137' title='bbox 935 1837 1003 1891; x_wconf 90' lang='grc' dir='ltr'><strong>Χ.</strong></span> <span class='ocrx_word' id='word_1_138' title='bbox 1036 1836 1341 1909; x_wconf 84' lang='grc' dir='ltr'><strong>Προθύμως</strong></span> <span class='ocrx_word' id='word_1_139' title='bbox 1378 1839 1444 1893; x_wconf 79' lang='grc' dir='ltr'><strong>’τὸ</strong></span> <span class='ocrx_word' id='word_1_140' title='bbox 1492 1840 1716 1910; x_wconf 76' lang='grc' dir='ltr'><strong>αἰτηθὲν</strong></span> <span class='ocrx_word' id='word_1_141' title='bbox 1749 1840 1896 1892; x_wconf 80' lang='grc' dir='ltr'><strong>ἐντε-</strong></span> <span class='ocrx_word' id='word_1_142' title='bbox 1927 1816 1971 1872; x_wconf 66' lang='grc' dir='ltr'><strong><em>Β</em></strong></span> 
     </span>
    </p>
   </div>
   <div class='ocr_carea' id='block_1_20' title="bbox 297 1921 1897 2001">
    <p class='ocr_par' dir='ltr' id='par_1_20' title="bbox 297 1921 1897 2001">
     <span class='ocr_line' id='line_1_20' title="bbox 297 1921 1897 2001; baseline 0.01 -28"><span class='ocrx_word' id='word_1_143' title='bbox 297 1921 469 1985; x_wconf 76' lang='grc' dir='ltr'><strong>λέσω,</strong></span> <span class='ocrx_word' id='word_1_144' title='bbox 494 1925 546 1977; x_wconf 83' lang='grc' dir='ltr'><strong>εί</strong></span> <span class='ocrx_word' id='word_1_145' title='bbox 576 1923 752 1994; x_wconf 82' lang='grc' dir='ltr'><strong>βραχύ</strong></span> <span class='ocrx_word' id='word_1_146' title='bbox 778 1944 830 1979; x_wconf 89' lang='grc' dir='ltr'><strong>τι</strong></span> <span class='ocrx_word' id='word_1_147' title='bbox 854 1927 1175 1999; x_wconf 76' lang='grc' dir='ltr'><strong>ἀποκρίνοιο</strong></span> <span class='ocrx_word' id='word_1_148' title='bbox 1199 1928 1582 2001; x_wconf 73' lang='grc' dir='ltr'><strong>ἐρωτώμενος.</strong></span> <span class='ocrx_word' id='word_1_149' title='bbox 1613 1932 1691 1984; x_wconf 76' lang='grc' dir='ltr'><strong>Μ.</strong></span> <span class='ocrx_word' id='word_1_150' title='bbox 1729 1929 1897 2000; x_wconf 80' lang='grc' dir='ltr'><strong>Ἐρώ-</strong></span> 
     </span>
    </p>
   </div>
   <div class='ocr_carea' id='block_1_21' title="bbox 307 2017 1888 2097">
    <p class='ocr_par' dir='ltr' id='par_1_21' title="bbox 307 2017 1888 2097">
     <span class='ocr_line' id='line_1_21' title="bbox 307 2017 1888 2097; baseline 0.007 -30"><span class='ocrx_word' id='word_1_151' title='bbox 307 2031 474 2084; x_wconf 81' lang='grc' dir='ltr'><strong>τησαι</strong></span> <span class='ocrx_word' id='word_1_152' title='bbox 501 2017 529 2069; x_wconf 77' lang='grc' dir='ltr'><strong>ὃ</strong></span> <span class='ocrx_word' id='word_1_153' title='bbox 552 2034 607 2070; x_wconf 90' lang='grc' dir='ltr'><strong>τι</strong></span> <span class='ocrx_word' id='word_1_154' title='bbox 642 2019 738 2071; x_wconf 74' lang='grc' dir='ltr'><strong>καὶ</strong></span> <span class='ocrx_word' id='word_1_155' title='bbox 770 2018 971 2089; x_wconf 80' lang='grc' dir='ltr'><strong>βούλει.</strong></span> <span class='ocrx_word' id='word_1_156' title='bbox 1005 2021 1072 2075; x_wconf 87' lang='grc' dir='ltr'><strong>Χ.</strong></span> <span class='ocrx_word' id='word_1_157' title='bbox 1136 2023 1383 2097; x_wconf 80' lang='grc' dir='ltr'><strong>Ἰσχύειή</strong></span> <span class='ocrx_word' id='word_1_158' title='bbox 1419 2025 1724 2097; x_wconf 82' lang='grc' dir='ltr'><strong>διαιρετικὴ</strong></span> <span class='ocrx_word' id='word_1_159' title='bbox 1758 2024 1888 2095; x_wconf 75' lang='grc' dir='ltr'><strong>μέθο</strong></span> 
     </span>
    </p>
   </div>
   <div class='ocr_carea' id='block_1_22' title="bbox 312 2107 1887 2189">
    <p class='ocr_par' dir='ltr' id='par_1_22' title="bbox 312 2107 1887 2189">
     <span class='ocr_line' id='line_1_22' title="bbox 312 2107 1887 2189; baseline 0.006 -29"><span class='ocrx_word' id='word_1_160' title='bbox 312 2107 436 2170; x_wconf 86' lang='grc' dir='ltr'><strong>οδος</strong></span> <span class='ocrx_word' id='word_1_161' title='bbox 481 2110 553 2171; x_wconf 78' lang='grc' dir='ltr'><strong>είς</strong></span> <span class='ocrx_word' id='word_1_162' title='bbox 578 2110 680 2179; x_wconf 81' lang='grc' dir='ltr'><strong>τὴν</strong></span> <span class='ocrx_word' id='word_1_163' title='bbox 705 2111 819 2165; x_wconf 86' lang='grc' dir='ltr'><strong>τῶν</strong></span> <span class='ocrx_word' id='word_1_164' title='bbox 856 2115 1200 2185; x_wconf 80' lang='grc' dir='ltr'><strong>πραγμάτων</strong></span> <span class='ocrx_word' id='word_1_165' title='bbox 1225 2117 1440 2188; x_wconf 80' lang='grc' dir='ltr'><strong>αἵρεσίν</strong></span> <span class='ocrx_word' id='word_1_166' title='bbox 1467 2135 1530 2172; x_wconf 89' lang='grc' dir='ltr'><strong>τε</strong></span> <span class='ocrx_word' id='word_1_167' title='bbox 1554 2118 1648 2172; x_wconf 67' lang='grc' dir='ltr'><strong>καὶ</strong></span> <span class='ocrx_word' id='word_1_168' title='bbox 1673 2118 1887 2189; x_wconf 81' lang='grc' dir='ltr'><strong>διάκρι-</strong></span> 
     </span>
    </p>
   </div>
   <div class='ocr_carea' id='block_1_23' title="bbox 310 2198 1876 2282">
    <p class='ocr_par' dir='ltr' id='par_1_23' title="bbox 310 2198 1876 2282">
     <span class='ocr_line' id='line_1_23' title="bbox 310 2198 1876 2282; baseline 0.004 -28"><span class='ocrx_word' id='word_1_169' title='bbox 310 2214 417 2265; x_wconf 83' lang='grc' dir='ltr'><strong>σιν,</strong></span> <span class='ocrx_word' id='word_1_170' title='bbox 452 2198 591 2267; x_wconf 56' lang='grc' dir='ltr'><strong>ηοω</strong></span> <span class='ocrx_word' id='word_1_171' title='bbox 618 2201 698 2256; x_wconf 73' lang='grc' dir='ltr'><strong>Μ.</strong></span> <span class='ocrx_word' id='word_1_172' title='bbox 733 2205 846 2258; x_wconf 80' lang='grc' dir='ltr'><strong>Καὶ</strong></span> <span class='ocrx_word' id='word_1_173' title='bbox 875 2206 1040 2260; x_wconf 88' lang='grc' dir='ltr'><strong>πάνυ.</strong></span> <span class='ocrx_word' id='word_1_174' title='bbox 1073 2208 1142 2262; x_wconf 89' lang='grc' dir='ltr'><strong>Χ.</strong></span> <span class='ocrx_word' id='word_1_175' title='bbox 1170 2211 1485 2282; x_wconf 81' lang='grc' dir='ltr'><strong>Διαιρετικῇ</strong></span> <span class='ocrx_word' id='word_1_176' title='bbox 1520 2211 1701 2263; x_wconf 74' lang='grc' dir='ltr'><strong>τοίνυν</strong></span> <span class='ocrx_word' id='word_1_177' title='bbox 1744 2210 1876 2280; x_wconf 85' lang='grc' dir='ltr'><strong>μεθ-</strong></span> 
     </span>
    </p>
   </div>
   <div class='ocr_carea' id='block_1_24' title="bbox 299 2288 1891 2373">
    <p class='ocr_par' dir='ltr' id='par_1_24' title="bbox 299 2288 1891 2373">
     <span class='ocr_line' id='line_1_24' title="bbox 299 2288 1891 2373; baseline 0.011 -33"><span class='ocrx_word' id='word_1_178' title='bbox 299 2288 410 2358; x_wconf 81' lang='grc' dir='ltr'><strong>όδῳ</strong></span> <span class='ocrx_word' id='word_1_179' title='bbox 437 2289 725 2360; x_wconf 83' lang='grc' dir='ltr'><strong>χρώμενος</strong></span> <span class='ocrx_word' id='word_1_180' title='bbox 761 2296 827 2366; x_wconf 75' lang='grc' dir='ltr'><strong>τῇ</strong></span> <span class='ocrx_word' id='word_1_181' title='bbox 861 2294 997 2367; x_wconf 83' lang='grc' dir='ltr'><strong>παρ’</strong></span> <span class='ocrx_word' id='word_1_182' title='bbox 1035 2297 1172 2369; x_wconf 75' lang='grc' dir='ltr'><strong>ἐμοῦ</strong></span> <span class='ocrx_word' id='word_1_183' title='bbox 1212 2300 1310 2355; x_wconf 76' lang='grc' dir='ltr'><strong>καὶ</strong></span> <span class='ocrx_word' id='word_1_184' title='bbox 1343 2299 1437 2355; x_wconf 81' lang='grc' dir='ltr'><strong>σοῦ</strong></span> <span class='ocrx_word' id='word_1_185' title='bbox 1468 2300 1891 2373; x_wconf 84' lang='grc' dir='ltr'><strong>ὁμολογηθείσῃ.</strong></span> 
     </span>
    </p>
   </div>
   <div class='ocr_carea' id='block_1_25' title="bbox 292 2379 1889 2464">
    <p class='ocr_par' dir='ltr' id='par_1_25' title="bbox 292 2379 1889 2464">
     <span class='ocr_line' id='line_1_25' title="bbox 292 2379 1889 2464; baseline 0.018 -35"><span class='ocrx_word' id='word_1_186' title='bbox 292 2379 376 2443; x_wconf 77' lang='grc' dir='ltr'><strong>ὡς</strong></span> <span class='ocrx_word' id='word_1_187' title='bbox 408 2380 571 2451; x_wconf 81' lang='grc' dir='ltr'><strong>ῖκανῇ</strong></span> <span class='ocrx_word' id='word_1_188' title='bbox 597 2383 678 2447; x_wconf 79' lang='grc' dir='ltr'><strong>εὶς</strong></span> <span class='ocrx_word' id='word_1_189' title='bbox 706 2384 926 2455; x_wconf 80' lang='grc' dir='ltr'><strong>αἵρεσίν</strong></span> <span class='ocrx_word' id='word_1_190' title='bbox 950 2404 1010 2441; x_wconf 85' lang='grc' dir='ltr'><strong>τε</strong></span> <span class='ocrx_word' id='word_1_191' title='bbox 1047 2391 1143 2443; x_wconf 80' lang='grc' dir='ltr'><strong>καὶ</strong></span> <span class='ocrx_word' id='word_1_192' title='bbox 1190 2391 1464 2464; x_wconf 81' lang='grc' dir='ltr'><strong>διάκρισιν</strong></span> <span class='ocrx_word' id='word_1_193' title='bbox 1506 2393 1852 2463; x_wconf 84' lang='grc' dir='ltr'><strong>πραγμάτων</strong></span> <span class='ocrx_word' id='word_1_194' title='bbox 1874 2434 1889 2458; x_wconf 64' lang='grc' dir='ltr'>ν</span> 
     </span>
    </p>
   </div>
   <div class='ocr_carea' id='block_1_26' title="bbox 294 2468 1891 2554">
    <p class='ocr_par' dir='ltr' id='par_1_26' title="bbox 294 2468 1891 2554">
     <span class='ocr_line' id='line_1_26' title="bbox 294 2468 1891 2554; baseline 0.009 -34"><span class='ocrx_word' id='word_1_195' title='bbox 294 2468 672 2541; x_wconf 73' lang='grc' dir='ltr'><strong>ἀποδείκνυμι</strong></span> <span class='ocrx_word' id='word_1_196' title='bbox 718 2474 781 2527; x_wconf 87' lang='grc' dir='ltr'><strong>τὸ</strong></span> <span class='ocrx_word' id='word_1_197' title='bbox 807 2478 1203 2548; x_wconf 62' lang='grc' dir='ltr'><strong>προκείμενον.»</strong></span> <span class='ocrx_word' id='word_1_198' title='bbox 1222 2482 1297 2535; x_wconf 85' lang='grc' dir='ltr'><strong>Μ.</strong></span> <span class='ocrx_word' id='word_1_199' title='bbox 1331 2482 1652 2537; x_wconf 81' lang='grc' dir='ltr'><strong>Ἐκτὲλεσον</strong></span> <span class='ocrx_word' id='word_1_200' title='bbox 1682 2484 1783 2554; x_wconf 84' lang='grc' dir='ltr'><strong>τὴν</strong></span> <span class='ocrx_word' id='word_1_201' title='bbox 1811 2485 1891 2535; x_wconf 82' lang='grc' dir='ltr'><strong>οὶ-</strong></span> 
     </span>
    </p>
   </div>
   <div class='ocr_carea' id='block_1_27' title="bbox 297 2558 1895 2643">
    <p class='ocr_par' dir='ltr' id='par_1_27' title="bbox 297 2558 1895 2643">
     <span class='ocr_line' id='line_1_27' title="bbox 297 2558 1895 2643; baseline 0.009 -33"><span class='ocrx_word' id='word_1_202' title='bbox 297 2558 466 2611; x_wconf 82' lang='grc' dir='ltr'><strong>κείαν</strong></span> <span class='ocrx_word' id='word_1_203' title='bbox 517 2560 841 2633; x_wconf 79' lang='grc' dir='ltr'><strong>ὑπόσχεσιν.</strong></span> <span class='ocrx_word' id='word_1_204' title='bbox 865 2567 933 2619; x_wconf 90' lang='grc' dir='ltr'><strong>Χ.</strong></span> <span class='ocrx_word' id='word_1_205' title='bbox 987 2568 1050 2621; x_wconf 85' lang='grc' dir='ltr'><strong>Ἦ</strong></span> <span class='ocrx_word' id='word_1_206' title='bbox 1080 2568 1231 2643; x_wconf 80' lang='grc' dir='ltr'><strong>ψυχὴ</strong></span> <span class='ocrx_word' id='word_1_207' title='bbox 1264 2570 1399 2626; x_wconf 86' lang='grc' dir='ltr'><strong>οὖσα</strong></span> <span class='ocrx_word' id='word_1_208' title='bbox 1458 2571 1756 2643; x_wconf 80' lang='grc' dir='ltr'><strong>ἀσώματος</strong></span> <span class='ocrx_word' id='word_1_209' title='bbox 1800 2572 1895 2627; x_wconf 69' lang='grc' dir='ltr'><strong>καὶ</strong></span> 
     </span>
    </p>
   </div>
   <div class='ocr_carea' id='block_1_28' title="bbox 297 2643 1893 2730">
    <p class='ocr_par' dir='ltr' id='par_1_28' title="bbox 297 2643 1893 2730">
     <span class='ocr_line' id='line_1_28' title="bbox 297 2643 1893 2730; baseline 0.01 -32"><span class='ocrx_word' id='word_1_210' title='bbox 297 2643 499 2718; x_wconf 70' lang='grc' dir='ltr'><strong>λογικὴ</strong></span> <span class='ocrx_word' id='word_1_211' title='bbox 556 2649 652 2701; x_wconf 71' lang='grc' dir='ltr'><strong>καὶ</strong></span> <span class='ocrx_word' id='word_1_212' title='bbox 689 2651 856 2721; x_wconf 84' lang='grc' dir='ltr'><strong>νοερὰ</strong></span> <span class='ocrx_word' id='word_1_213' title='bbox 883 2652 1081 2725; x_wconf 79' lang='grc' dir='ltr'><strong>(τοῦτο</strong></span> <span class='ocrx_word' id='word_1_214' title='bbox 1114 2657 1225 2729; x_wconf 85' lang='grc' dir='ltr'><strong>γὰρ</strong></span> <span class='ocrx_word' id='word_1_215' title='bbox 1251 2660 1384 2730; x_wconf 86' lang='grc' dir='ltr'><strong>παρ’</strong></span> <span class='ocrx_word' id='word_1_216' title='bbox 1415 2660 1541 2730; x_wconf 75' lang='grc' dir='ltr'><strong>ἐμοὶ</strong></span> <span class='ocrx_word' id='word_1_217' title='bbox 1571 2660 1667 2712; x_wconf 78' lang='grc' dir='ltr'><strong>καὶ</strong></span> <span class='ocrx_word' id='word_1_218' title='bbox 1709 2660 1792 2712; x_wconf 80' lang='grc' dir='ltr'><strong>σοί</strong></span> <span class='ocrx_word' id='word_1_219' title='bbox 1830 2677 1893 2728; x_wconf 87' lang='grc' dir='ltr'><strong>γε</strong></span> 
     </span>
    </p>
   </div>
   <div class='ocr_carea' id='block_1_29' title="bbox 293 2736 1892 2821">
    <p class='ocr_par' dir='ltr' id='par_1_29' title="bbox 293 2736 1892 2821">
     <span class='ocr_line' id='line_1_29' title="bbox 293 2736 1892 2821; baseline 0.011 -33"><span class='ocrx_word' id='word_1_220' title='bbox 293 2736 703 2810; x_wconf 73' lang='grc' dir='ltr'><strong>ὡμολόγηται),</strong></span> <span class='ocrx_word' id='word_1_221' title='bbox 730 2742 764 2813; x_wconf 80' lang='grc' dir='ltr'>ἢ</span> <span class='ocrx_word' id='word_1_222' title='bbox 797 2743 864 2798; x_wconf 80' lang='grc' dir='ltr'><strong>ἐκ</strong></span> <span class='ocrx_word' id='word_1_223' title='bbox 891 2747 992 2815; x_wconf 81' lang='grc' dir='ltr'><strong>τῆς</strong></span> <span class='ocrx_word' id='word_1_224' title='bbox 1031 2747 1184 2812; x_wconf 79' lang='grc' dir='ltr'><strong>θείας</strong></span> <span class='ocrx_word' id='word_1_225' title='bbox 1206 2749 1396 2813; x_wconf 79' lang='grc' dir='ltr'><strong>οὐσίας</strong></span> <span class='ocrx_word' id='word_1_226' title='bbox 1438 2750 1706 2821; x_wconf 85' lang='grc' dir='ltr'><strong>ὑπάρχει.</strong></span> <span class='ocrx_word' id='word_1_227' title='bbox 1742 2752 1774 2820; x_wconf 80' lang='grc' dir='ltr'>ἢ</span> <span class='ocrx_word' id='word_1_228' title='bbox 1829 2751 1892 2804; x_wconf 74' lang='grc' dir='ltr'><strong>ἐκ</strong></span> 
     </span>
    </p>
   </div>
   <div class='ocr_carea' id='block_1_30' title="bbox 299 2830 1893 2914">
    <p class='ocr_par' dir='ltr' id='par_1_30' title="bbox 299 2830 1893 2914">
     <span class='ocr_line' id='line_1_30' title="bbox 299 2830 1893 2914; baseline 0.009 -34"><span class='ocrx_word' id='word_1_229' title='bbox 299 2844 448 2893; x_wconf 82' lang='grc' dir='ltr'><strong>τινος</strong></span> <span class='ocrx_word' id='word_1_230' title='bbox 498 2830 691 2901; x_wconf 81' lang='grc' dir='ltr'><strong>ἐτέρου</strong></span> <span class='ocrx_word' id='word_1_231' title='bbox 738 2832 1101 2906; x_wconf 73' lang='grc' dir='ltr'><strong>ὑποκειμένου</strong></span> <span class='ocrx_word' id='word_1_232' title='bbox 1132 2878 1148 2903; x_wconf 92' lang='grc'><strong>,</strong></span> <span class='ocrx_word' id='word_1_233' title='bbox 1186 2840 1311 2911; x_wconf 78' lang='grc' dir='ltr'><strong>ῆὲκ</strong></span> <span class='ocrx_word' id='word_1_234' title='bbox 1355 2841 1430 2912; x_wconf 79' lang='grc' dir='ltr'><strong>μὴ</strong></span> <span class='ocrx_word' id='word_1_235' title='bbox 1484 2841 1677 2908; x_wconf 71' lang='grc' dir='ltr'><strong>ὄντων,</strong></span> <span class='ocrx_word' id='word_1_236' title='bbox 1710 2843 1741 2914; x_wconf 77' lang='grc' dir='ltr'>ἢ</span> <span class='ocrx_word' id='word_1_237' title='bbox 1773 2842 1893 2897; x_wconf 84' lang='grc' dir='ltr'><strong>καθ’</strong></span> 
     </span>
    </p>
   </div>
   <div class='ocr_carea' id='block_1_31' title="bbox 297 2919 1884 3007">
    <p class='ocr_par' dir='ltr' id='par_1_31' title="bbox 297 2919 1884 3007">
     <span class='ocr_line' id='line_1_31' title="bbox 297 2919 1884 3007; baseline 0.009 -33"><span class='ocrx_word' id='word_1_238' title='bbox 297 2919 504 2992; x_wconf 69' lang='grc' dir='ltr'><strong>ἑαυτὴν</strong></span> <span class='ocrx_word' id='word_1_239' title='bbox 531 2922 705 2987; x_wconf 61' lang='lat' dir='ltr'><strong>atate;</strong></span> <span class='ocrx_word' id='word_1_240' title='bbox 748 2927 898 2980; x_wconf 79' lang='grc' dir='ltr'><strong>ἐστιν</strong></span> <span class='ocrx_word' id='word_1_241' title='bbox 921 2945 936 2958; x_wconf 70' lang='grc'><strong><em>⁸</em></strong></span> <span class='ocrx_word' id='word_1_242' title='bbox 973 2929 1151 2997; x_wconf 81' lang='grc' dir='ltr'><strong>ἄλλως</strong></span> <span class='ocrx_word' id='word_1_243' title='bbox 1185 2932 1295 3005; x_wconf 83' lang='grc' dir='ltr'><strong>γάρ</strong></span> <span class='ocrx_word' id='word_1_244' title='bbox 1330 2950 1445 2998; x_wconf 79' lang='grc' dir='ltr'><strong>πως</strong></span> <span class='ocrx_word' id='word_1_245' title='bbox 1471 2935 1572 2988; x_wconf 80' lang='grc' dir='ltr'><strong>οὐκ</strong></span> <span class='ocrx_word' id='word_1_246' title='bbox 1601 2936 1884 3007; x_wconf 76' lang='grc' dir='ltr'><strong>ἐνδέχεται</strong></span> 
     </span>
    </p>
   </div>
   <div class='ocr_carea' id='block_1_32' title="bbox 300 3012 1893 3098">
    <p class='ocr_par' dir='ltr' id='par_1_32' title="bbox 300 3012 1893 3098">
     <span class='ocr_line' id='line_1_32' title="bbox 300 3012 1893 3098; baseline 0.011 -33"><span class='ocrx_word' id='word_1_247' title='bbox 300 3012 634 3084; x_wconf 86' lang='grc' dir='ltr'><strong>διαιρεῖσθαι</strong></span> <span class='ocrx_word' id='word_1_248' title='bbox 648 3016 742 3071; x_wconf 83' lang='grc' dir='ltr'><strong>τὸν</strong></span> <span class='ocrx_word' id='word_1_249' title='bbox 763 3021 1122 3092; x_wconf 80' lang='grc' dir='ltr'><strong>προκείμενον</strong></span> <span class='ocrx_word' id='word_1_250' title='bbox 1140 3025 1296 3095; x_wconf 83' lang='grc' dir='ltr'><strong>λόγον</strong></span> <span class='ocrx_word' id='word_1_251' title='bbox 1315 3043 1327 3055; x_wconf 84' lang='lat'>&#39;</span> <span class='ocrx_word' id='word_1_252' title='bbox 1354 3028 1387 3098; x_wconf 80' lang='grc' dir='ltr'>ἢ</span> <span class='ocrx_word' id='word_1_253' title='bbox 1409 3028 1586 3092; x_wconf 79' lang='grc' dir='ltr'><strong>ἄλλως</strong></span> <span class='ocrx_word' id='word_1_254' title='bbox 1616 3046 1736 3091; x_wconf 88' lang='grc' dir='ltr'><strong>πως</strong></span> <span class='ocrx_word' id='word_1_255' title='bbox 1761 3030 1893 3083; x_wconf 83' lang='grc' dir='ltr'><strong>αὐτὸ</strong></span> 
     </span>
    </p>
   </div>
   <div class='ocr_carea' id='block_1_33' title="bbox 298 3105 1895 3193">
    <p class='ocr_par' dir='ltr' id='par_1_33' title="bbox 298 3105 1895 3193">
     <span class='ocr_line' id='line_1_33' title="bbox 298 3105 1895 3193; baseline 0.01 -35"><span class='ocrx_word' id='word_1_256' title='bbox 298 3105 512 3173; x_wconf 55' lang='grc' dir='ltr'><strong>λέγεις</strong></span> <span class='ocrx_word' id='word_1_257' title='bbox 535 3108 614 3162; x_wconf 87' lang='grc' dir='ltr'><strong>Μ.</strong></span> <span class='ocrx_word' id='word_1_258' title='bbox 656 3108 1023 3182; x_wconf 83' lang='grc' dir='ltr'><strong>Ἀληθέστατα</strong></span> <span class='ocrx_word' id='word_1_259' title='bbox 1053 3116 1157 3187; x_wconf 85' lang='grc' dir='ltr'><strong>τῆς</strong></span> <span class='ocrx_word' id='word_1_260' title='bbox 1180 3118 1499 3190; x_wconf 82' lang='grc' dir='ltr'><strong>διαιρέσεως</strong></span> <span class='ocrx_word' id='word_1_261' title='bbox 1521 3119 1589 3173; x_wconf 80' lang='grc' dir='ltr'><strong>τὰ</strong></span> <span class='ocrx_word' id='word_1_262' title='bbox 1613 3121 1777 3193; x_wconf 79' lang='grc' dir='ltr'><strong>μέρη,</strong></span> <span class='ocrx_word' id='word_1_263' title='bbox 1801 3122 1895 3174; x_wconf 74' lang='grc' dir='ltr'><strong>καὶ</strong></span> 
     </span>
    </p>
   </div>
   <div class='ocr_carea' id='block_1_34' title="bbox 299 3198 1895 3282">
    <p class='ocr_par' dir='ltr' id='par_1_34' title="bbox 299 3198 1895 3282">
     <span class='ocr_line' id='line_1_34' title="bbox 299 3198 1895 3282; baseline 0.007 -29"><span class='ocrx_word' id='word_1_264' title='bbox 299 3198 566 3254; x_wconf 76' lang='grc' dir='ltr'><strong>ἀδύνατον</strong></span> <span class='ocrx_word' id='word_1_265' title='bbox 588 3198 718 3259; x_wconf 71' lang='grc' dir='ltr'><strong>ἄλλο</strong></span> <span class='ocrx_word' id='word_1_266' title='bbox 744 3206 1102 3274; x_wconf 85' lang='grc' dir='ltr'><strong>προσκεῖσθαι</strong></span> <span class='ocrx_word' id='word_1_267' title='bbox 1131 3211 1196 3281; x_wconf 77' lang='grc' dir='ltr'><strong>τῇ</strong></span> <span class='ocrx_word' id='word_1_268' title='bbox 1221 3209 1485 3282; x_wconf 80' lang='grc' dir='ltr'><strong>διαιρέσει</strong></span> <span class='ocrx_word' id='word_1_269' title='bbox 1519 3211 1702 3282; x_wconf 84' lang='grc' dir='ltr'><strong>μέρος.</strong></span> <span class='ocrx_word' id='word_1_270' title='bbox 1728 3213 1797 3266; x_wconf 89' lang='grc' dir='ltr'><strong>Χ.</strong></span> <span class='ocrx_word' id='word_1_271' title='bbox 1831 3212 1895 3265; x_wconf 84' lang='grc' dir='ltr'><strong>Τί</strong></span> 
     </span>
    </p>
   </div>
   <div class='ocr_carea' id='block_1_35' title="bbox 297 3288 1884 3375">
    <p class='ocr_par' dir='ltr' id='par_1_35' title="bbox 297 3288 1884 3375">
     <span class='ocr_line' id='line_1_35' title="bbox 297 3288 1884 3375; baseline 0.008 -29"><span class='ocrx_word' id='word_1_272' title='bbox 297 3288 428 3358; x_wconf 83' lang='grc' dir='ltr'><strong>οὖν;</strong></span> <span class='ocrx_word' id='word_1_273' title='bbox 466 3294 517 3347; x_wconf 80' lang='grc' dir='ltr'><strong>ει</strong></span> <span class='ocrx_word' id='word_1_274' title='bbox 558 3293 800 3366; x_wconf 84' lang='grc' dir='ltr'><strong>δειχθείη</strong></span> <span class='ocrx_word' id='word_1_275' title='bbox 830 3298 969 3369; x_wconf 85' lang='grc' dir='ltr'><strong>μήτε</strong></span> <span class='ocrx_word' id='word_1_276' title='bbox 993 3301 1057 3353; x_wconf 82' lang='grc' dir='ltr'><strong>ὲκ</strong></span> <span class='ocrx_word' id='word_1_277' title='bbox 1085 3300 1182 3354; x_wconf 80' lang='grc' dir='ltr'><strong>τοῦ</strong></span> <span class='ocrx_word' id='word_1_278' title='bbox 1220 3300 1356 3357; x_wconf 76' lang='grc' dir='ltr'><strong>Θεοῦ</strong></span> <span class='ocrx_word' id='word_1_279' title='bbox 1388 3292 1535 3356; x_wconf 57' lang='grc' dir='ltr'><strong>εἶναι’</strong></span> <span class='ocrx_word' id='word_1_280' title='bbox 1561 3301 1659 3366; x_wconf 85' lang='grc' dir='ltr'><strong>τὰς</strong></span> <span class='ocrx_word' id='word_1_281' title='bbox 1685 3303 1884 3375; x_wconf 78' lang='grc' dir='ltr'><strong>ψυχὰς,</strong></span> 
     </span>
    </p>
   </div>
   <div class='ocr_carea' id='block_1_36' title="bbox 300 3385 1895 3464">
    <p class='ocr_par' dir='ltr' id='par_1_36' title="bbox 300 3385 1895 3464">
     <span class='ocr_line' id='line_1_36' title="bbox 300 3385 1895 3464; baseline 0.006 -25"><span class='ocrx_word' id='word_1_282' title='bbox 300 3387 447 3456; x_wconf 81' lang='grc' dir='ltr'><strong>μήτε</strong></span> <span class='ocrx_word' id='word_1_283' title='bbox 471 3385 538 3441; x_wconf 78' lang='grc' dir='ltr'><strong>ἐκ</strong></span> <span class='ocrx_word' id='word_1_284' title='bbox 555 3404 704 3452; x_wconf 89' lang='grc' dir='ltr'><strong>τινος</strong></span> <span class='ocrx_word' id='word_1_285' title='bbox 724 3389 1111 3461; x_wconf 83' lang='grc' dir='ltr'><strong>ὑποκειμένου,</strong></span> <span class='ocrx_word' id='word_1_286' title='bbox 1145 3394 1284 3464; x_wconf 83' lang='grc' dir='ltr'><strong>μήτε</strong></span> <span class='ocrx_word' id='word_1_287' title='bbox 1305 3393 1483 3458; x_wconf 82' lang='grc' dir='ltr'><strong>άῖδῖας</strong></span> <span class='ocrx_word' id='word_1_288' title='bbox 1505 3393 1601 3449; x_wconf 77' lang='grc' dir='ltr'><strong>καὶ</strong></span> <span class='ocrx_word' id='word_1_289' title='bbox 1625 3395 1744 3450; x_wconf 86' lang='grc' dir='ltr'><strong>καθ’</strong></span> <span class='ocrx_word' id='word_1_290' title='bbox 1766 3397 1895 3449; x_wconf 77' lang='grc' dir='ltr'><strong>ἑαυ-</strong></span> 
     </span>
    </p>
   </div>
   <div class='ocr_carea' id='block_1_37' title="bbox 297 3476 1892 3559">
    <p class='ocr_par' dir='ltr' id='par_1_37' title="bbox 297 3476 1892 3559">
     <span class='ocr_line' id='line_1_37' title="bbox 297 3476 1892 3559; baseline 0.006 -29"><span class='ocrx_word' id='word_1_291' title='bbox 297 3476 420 3543; x_wconf 78' lang='grc' dir='ltr'><strong>τὰς,</strong></span> <span class='ocrx_word' id='word_1_292' title='bbox 447 3478 817 3548; x_wconf 81' lang='grc' dir='ltr'><strong>συνάγεταιὲξ</strong></span> <span class='ocrx_word' id='word_1_293' title='bbox 838 3481 1084 3555; x_wconf 78' lang='grc' dir='ltr'><strong>ἀνάγκης</strong></span> <span class='ocrx_word' id='word_1_294' title='bbox 1105 3484 1188 3537; x_wconf 79' lang='grc' dir='ltr'><strong>ὅτι</strong></span> <span class='ocrx_word' id='word_1_295' title='bbox 1206 3484 1497 3553; x_wconf 87' lang='grc' dir='ltr'><strong>γεγόνασιν</strong></span> <span class='ocrx_word' id='word_1_296' title='bbox 1518 3488 1584 3542; x_wconf 75' lang='grc' dir='ltr'><strong>ἐκ</strong></span> <span class='ocrx_word' id='word_1_297' title='bbox 1609 3486 1683 3559; x_wconf 75' lang='grc' dir='ltr'><strong>μὴ</strong></span> <span class='ocrx_word' id='word_1_298' title='bbox 1703 3486 1892 3541; x_wconf 78' lang='grc' dir='ltr'><strong>ὄντων.</strong></span> 
     </span>
    </p>
   </div>
   <div class='ocr_carea' id='block_1_38' title="bbox 301 3569 1892 3650">
    <p class='ocr_par' dir='ltr' id='par_1_38' title="bbox 301 3569 1892 3650">
     <span class='ocr_line' id='line_1_38' title="bbox 301 3569 1892 3650; baseline 0.008 -28"><span class='ocrx_word' id='word_1_299' title='bbox 301 3569 381 3623; x_wconf 80' lang='grc' dir='ltr'><strong>Μ.</strong></span> <span class='ocrx_word' id='word_1_300' title='bbox 409 3569 539 3625; x_wconf 79' lang='grc' dir='ltr'><strong>Κᾶν</strong></span> <span class='ocrx_word' id='word_1_301' title='bbox 564 3570 642 3641; x_wconf 85' lang='grc' dir='ltr'><strong>μὴ</strong></span> <span class='ocrx_word' id='word_1_302' title='bbox 674 3569 892 3642; x_wconf 77' lang='grc' dir='ltr'><strong>θελήσει</strong></span> <span class='ocrx_word' id='word_1_303' title='bbox 922 3591 1025 3639; x_wconf 85' lang='grc' dir='ltr'><strong>τις,</strong></span> <span class='ocrx_word' id='word_1_304' title='bbox 1058 3575 1107 3629; x_wconf 78' lang='grc' dir='ltr'><strong>εί</strong></span> <span class='ocrx_word' id='word_1_305' title='bbox 1136 3575 1311 3630; x_wconf 77' lang='grc' dir='ltr'><strong>ταῦτα</strong></span> <span class='ocrx_word' id='word_1_306' title='bbox 1346 3576 1614 3650; x_wconf 80' lang='grc' dir='ltr'><strong>δειχθείη,</strong></span> <span class='ocrx_word' id='word_1_307' title='bbox 1642 3580 1703 3633; x_wconf 84' lang='grc' dir='ltr'><strong>τὸ</strong></span> <span class='ocrx_word' id='word_1_308' title='bbox 1732 3581 1797 3633; x_wconf 81' lang='grc' dir='ltr'><strong>ὲκ</strong></span> <span class='ocrx_word' id='word_1_309' title='bbox 1816 3580 1892 3650; x_wconf 77' lang='grc' dir='ltr'><strong>μὴ</strong></span> 
     </span>
    </p>
   </div>
   <div class='ocr_carea' id='block_1_39' title="bbox 294 3655 1894 3738">
    <p class='ocr_par' dir='ltr' id='par_1_39' title="bbox 294 3655 1894 3738">
     <span class='ocr_line' id='line_1_39' title="bbox 294 3655 1894 3738; baseline 0.006 -23"><span class='ocrx_word' id='word_1_310' title='bbox 294 3659 479 3715; x_wconf 69' lang='grc' dir='ltr'><strong>ὅντων</strong></span> <span class='ocrx_word' id='word_1_311' title='bbox 529 3655 673 3715; x_wconf 80' lang='grc' dir='ltr'><strong>εἶναι</strong></span> <span class='ocrx_word' id='word_1_312' title='bbox 706 3663 816 3727; x_wconf 68' lang='grc' dir='ltr'><strong>,τὰς</strong></span> <span class='ocrx_word' id='word_1_313' title='bbox 862 3663 1040 3736; x_wconf 78' lang='grc' dir='ltr'><strong>ψυχὰς</strong></span> <span class='ocrx_word' id='word_1_314' title='bbox 1085 3668 1429 3738; x_wconf 83' lang='grc' dir='ltr'><strong>ὁμολογήσει.</strong></span> <span class='ocrx_word' id='word_1_315' title='bbox 1467 3670 1535 3725; x_wconf 87' lang='grc' dir='ltr'><strong>Χ.</strong></span> <span class='ocrx_word' id='word_1_316' title='bbox 1577 3670 1767 3725; x_wconf 83' lang='grc' dir='ltr'><strong>Βούλει</strong></span> <span class='ocrx_word' id='word_1_317' title='bbox 1800 3667 1894 3724; x_wconf 79' lang='grc' dir='ltr'><strong>οὖν</strong></span> 
     </span>
    </p>
   </div>
   <div class='ocr_carea' id='block_1_40' title="bbox 295 3752 1892 3829">
    <p class='ocr_par' dir='ltr' id='par_1_40' title="bbox 295 3752 1892 3829">
     <span class='ocr_line' id='line_1_40' title="bbox 295 3752 1892 3829; baseline 0.009 -25"><span class='ocrx_word' id='word_1_318' title='bbox 295 3752 522 3825; x_wconf 85' lang='grc' dir='ltr'><strong>πρῶτον</strong></span> <span class='ocrx_word' id='word_1_319' title='bbox 552 3753 819 3825; x_wconf 81' lang='grc' dir='ltr'><strong>δείξωμεν</strong></span> <span class='ocrx_word' id='word_1_320' title='bbox 847 3757 930 3811; x_wconf 85' lang='grc' dir='ltr'><strong>ὅτι</strong></span> <span class='ocrx_word' id='word_1_321' title='bbox 963 3758 1027 3812; x_wconf 82' lang='grc' dir='ltr'><strong>ὲκ</strong></span> <span class='ocrx_word' id='word_1_322' title='bbox 1047 3759 1145 3829; x_wconf 75' lang='grc' dir='ltr'><strong>τῆς</strong></span> <span class='ocrx_word' id='word_1_323' title='bbox 1166 3759 1317 3825; x_wconf 86' lang='grc' dir='ltr'><strong>θείας</strong></span> <span class='ocrx_word' id='word_1_324' title='bbox 1345 3761 1530 3826; x_wconf 80' lang='grc' dir='ltr'><strong>οὐσίας</strong></span> <span class='ocrx_word' id='word_1_325' title='bbox 1554 3764 1656 3817; x_wconf 80' lang='grc' dir='ltr'><strong>οὐκ</strong></span> <span class='ocrx_word' id='word_1_326' title='bbox 1680 3764 1817 3817; x_wconf 79' lang='grc' dir='ltr'><strong>εἰσὶν</strong></span> <span class='ocrx_word' id='word_1_327' title='bbox 1838 3766 1892 3818; x_wconf 77' lang='grc' dir='ltr'><strong>αἱ</strong></span> 
     </span>
    </p>
   </div>
   <div class='ocr_carea' id='block_1_41' title="bbox 292 3844 1892 3926">
    <p class='ocr_par' dir='ltr' id='par_1_41' title="bbox 292 3844 1892 3926">
     <span class='ocr_line' id='line_1_41' title="bbox 292 3844 1892 3926; baseline 0.008 -30"><span class='ocrx_word' id='word_1_328' title='bbox 292 3844 510 3915; x_wconf 68' lang='grc' dir='ltr'><strong>ψυχαί;</strong></span> <span class='ocrx_word' id='word_1_329' title='bbox 539 3846 617 3900; x_wconf 83' lang='lat' dir='ltr'><strong>M.</strong></span> <span class='ocrx_word' id='word_1_330' title='bbox 662 3846 849 3912; x_wconf 82' lang='grc' dir='ltr'><strong>Δεῖξον</strong></span> <span class='ocrx_word' id='word_1_331' title='bbox 883 3849 1168 3921; x_wconf 84' lang='grc' dir='ltr'><strong>πρότερον.</strong></span> <span class='ocrx_word' id='word_1_332' title='bbox 1200 3849 1269 3906; x_wconf 90' lang='grc' dir='ltr'><strong>Χ.</strong></span> <span class='ocrx_word' id='word_1_333' title='bbox 1294 3852 1465 3907; x_wconf 87' lang='grc' dir='ltr'><strong>Πόθεν</strong></span> <span class='ocrx_word' id='word_1_334' title='bbox 1510 3856 1542 3924; x_wconf 85' lang='grc' dir='ltr'><strong>ἡ</strong></span> <span class='ocrx_word' id='word_1_335' title='bbox 1595 3855 1726 3926; x_wconf 73' lang='grc' dir='ltr'><strong>περὶ</strong></span> <span class='ocrx_word' id='word_1_336' title='bbox 1780 3855 1892 3908; x_wconf 84' lang='grc' dir='ltr'><strong>τῶν</strong></span> 
     </span>
    </p>
   </div>
   <div class='ocr_carea' id='block_1_42' title="bbox 306 3937 1884 4017">
    <p class='ocr_par' dir='ltr' id='par_1_42' title="bbox 306 3937 1884 4017">
     <span class='ocr_line' id='line_1_42' title="bbox 306 3937 1884 4017; baseline 0.008 -29"><span class='ocrx_word' id='word_1_337' title='bbox 306 3937 651 4004; x_wconf 76' lang='grc' dir='ltr'><strong>πραγμάτων</strong></span> <span class='ocrx_word' id='word_1_338' title='bbox 705 3938 983 4005; x_wconf 81' lang='grc' dir='ltr'><strong>ἀπόδειξις</strong></span> <span class='ocrx_word' id='word_1_339' title='bbox 1034 3941 1405 4013; x_wconf 81' lang='grc' dir='ltr'><strong>λαμϐάνεται;</strong></span> <span class='ocrx_word' id='word_1_340' title='bbox 1448 3943 1508 4012; x_wconf 80' lang='grc' dir='ltr'>ἐξ</span> <span class='ocrx_word' id='word_1_341' title='bbox 1564 3947 1734 4017; x_wconf 76' lang='grc' dir='ltr'><strong>αὐτῆς</strong></span> <span class='ocrx_word' id='word_1_342' title='bbox 1774 3946 1884 4000; x_wconf 84' lang='grc' dir='ltr'><strong>τῶν</strong></span> 
     </span>
    </p>
   </div>
   <div class='ocr_carea' id='block_1_43' title="bbox 308 4028 1893 4106">
    <p class='ocr_par' dir='ltr' id='par_1_43' title="bbox 308 4028 1893 4106">
     <span class='ocr_line' id='line_1_43' title="bbox 308 4028 1893 4106; baseline 0.008 -28"><span class='ocrx_word' id='word_1_343' title='bbox 308 4028 651 4097; x_wconf 69' lang='grc' dir='ltr'><strong>πραγμὰηων</strong></span> <span class='ocrx_word' id='word_1_344' title='bbox 689 4030 996 4102; x_wconf 80' lang='grc' dir='ltr'><strong>ὑπάρξεως,</strong></span> <span class='ocrx_word' id='word_1_345' title='bbox 1053 4035 1085 4106; x_wconf 84' lang='grc' dir='ltr'>ἢ</span> <span class='ocrx_word' id='word_1_346' title='bbox 1143 4034 1366 4090; x_wconf 79' lang='grc' dir='ltr'><strong>ἄλλοθέν</strong></span> <span class='ocrx_word' id='word_1_347' title='bbox 1428 4037 1593 4091; x_wconf 84' lang='grc' dir='ltr'><strong>ποθεν</strong></span> <span class='ocrx_word' id='word_1_348' title='bbox 1625 4056 1641 4103; x_wconf 89' lang='lat'><strong>;</strong></span> <span class='ocrx_word' id='word_1_349' title='bbox 1675 4039 1752 4094; x_wconf 85' lang='lat' dir='ltr'><strong>M.</strong></span> <span class='ocrx_word' id='word_1_350' title='bbox 1779 4039 1893 4091; x_wconf 83' lang='grc' dir='ltr'><strong>Οὐκ</strong></span> 
     </span>
    </p>
   </div>
   <div class='ocr_carea' id='block_1_44' title="bbox 310 4117 1892 4197">
    <p class='ocr_par' dir='ltr' id='par_1_44' title="bbox 310 4117 1892 4197">
     <span class='ocr_line' id='line_1_44' title="bbox 310 4117 1892 4197; baseline 0.008 -28"><span class='ocrx_word' id='word_1_351' title='bbox 310 4117 542 4172; x_wconf 69' lang='grc' dir='ltr'><strong>ἄλλοθέν</strong></span> <span class='ocrx_word' id='word_1_352' title='bbox 570 4120 726 4175; x_wconf 85' lang='grc' dir='ltr'><strong>ποθεν</strong></span> <span class='ocrx_word' id='word_1_353' title='bbox 757 4124 789 4193; x_wconf 85' lang='grc' dir='ltr'>ἦ</span> <span class='ocrx_word' id='word_1_354' title='bbox 823 4125 889 4177; x_wconf 78' lang='grc' dir='ltr'><strong>ἐκ</strong></span> <span class='ocrx_word' id='word_1_355' title='bbox 938 4125 1039 4194; x_wconf 77' lang='grc' dir='ltr'><strong>τῆς</strong></span> <span class='ocrx_word' id='word_1_356' title='bbox 1072 4125 1361 4197; x_wconf 79' lang='grc' dir='ltr'><strong>ὑπάρξεως</strong></span> <span class='ocrx_word' id='word_1_357' title='bbox 1390 4128 1592 4183; x_wconf 76' lang='grc' dir='ltr'><strong>αὐτῶν.</strong></span> <span class='ocrx_word' id='word_1_358' title='bbox 1619 4128 1688 4185; x_wconf 83' lang='grc' dir='ltr'><strong>Χ.</strong></span> <span class='ocrx_word' id='word_1_359' title='bbox 1723 4129 1892 4196; x_wconf 78' lang='grc' dir='ltr'><strong>Λέγο-</strong></span> 
     </span>
    </p>
   </div>
   <div class='ocr_carea' id='block_1_45' title="bbox 297 4208 1890 4291">
    <p class='ocr_par' dir='ltr' id='par_1_45' title="bbox 297 4208 1890 4291">
     <span class='ocr_line' id='line_1_45' title="bbox 297 4208 1890 4291; baseline 0.008 -30"><span class='ocrx_word' id='word_1_360' title='bbox 297 4225 412 4279; x_wconf 80' lang='grc' dir='ltr'><strong>μεν</strong></span> <span class='ocrx_word' id='word_1_361' title='bbox 433 4208 530 4263; x_wconf 86' lang='grc' dir='ltr'><strong>οὖν</strong></span> <span class='ocrx_word' id='word_1_362' title='bbox 578 4212 647 4265; x_wconf 74' lang='grc' dir='ltr'><strong>τὰ</strong></span> <span class='ocrx_word' id='word_1_363' title='bbox 696 4215 968 4284; x_wconf 83' lang='grc' dir='ltr'><strong>προσόντα</strong></span> <span class='ocrx_word' id='word_1_364' title='bbox 1005 4214 1084 4286; x_wconf 83' lang='grc' dir='ltr'><strong>τῷ</strong></span> <span class='ocrx_word' id='word_1_365' title='bbox 1119 4217 1239 4287; x_wconf 85' lang='grc' dir='ltr'><strong>Θεῷ</strong></span> <span class='ocrx_word' id='word_1_366' title='bbox 1281 4220 1376 4272; x_wconf 76' lang='grc' dir='ltr'><strong>καὶ</strong></span> <span class='ocrx_word' id='word_1_367' title='bbox 1405 4218 1473 4272; x_wconf 83' lang='grc' dir='ltr'><strong>τὰ</strong></span> <span class='ocrx_word' id='word_1_368' title='bbox 1501 4221 1567 4290; x_wconf 84' lang='grc' dir='ltr'><strong>τῇ</strong></span> <span class='ocrx_word' id='word_1_369' title='bbox 1594 4218 1739 4290; x_wconf 68' lang='grc' dir='ltr'><strong>ψυχῇ</strong></span> <span class='ocrx_word' id='word_1_370' title='bbox 1773 4220 1890 4291; x_wconf 74' lang='grc' dir='ltr'><strong>εἴδη</strong></span> 
     </span>
    </p>
   </div>
   <div class='ocr_carea' id='block_1_46' title="bbox 298 4299 1889 4380">
    <p class='ocr_par' dir='ltr' id='par_1_46' title="bbox 298 4299 1889 4380">
     <span class='ocr_line' id='line_1_46' title="bbox 298 4299 1889 4380; baseline 0.004 -24"><span class='ocrx_word' id='word_1_371' title='bbox 298 4299 443 4356; x_wconf 77' lang='grc' dir='ltr'><strong>ἄλλα</strong></span> <span class='ocrx_word' id='word_1_372' title='bbox 460 4302 554 4356; x_wconf 76' lang='grc' dir='ltr'><strong>καὶ</strong></span> <span class='ocrx_word' id='word_1_373' title='bbox 570 4302 708 4358; x_wconf 78' lang='grc' dir='ltr'><strong>ἄλλα</strong></span> <span class='ocrx_word' id='word_1_374' title='bbox 736 4305 810 4375; x_wconf 84' lang='grc' dir='ltr'><strong>μὴ</strong></span> <span class='ocrx_word' id='word_1_375' title='bbox 840 4302 981 4367; x_wconf 80' lang='grc' dir='ltr'><strong>εἶναι</strong></span> <span class='ocrx_word' id='word_1_376' title='bbox 1006 4325 1020 4372; x_wconf 90' lang='grc'>;</span> <span class='ocrx_word' id='word_1_377' title='bbox 1047 4308 1123 4363; x_wconf 84' lang='grc' dir='ltr'><strong>Μ.</strong></span> <span class='ocrx_word' id='word_1_378' title='bbox 1165 4309 1635 4380; x_wconf 82' lang='grc' dir='ltr'><strong>Ἐπιστημονικῶς</strong></span> <span class='ocrx_word' id='word_1_379' title='bbox 1652 4310 1719 4379; x_wconf 78' lang='grc' dir='ltr'><strong>τὰ</strong></span> <span class='ocrx_word' id='word_1_380' title='bbox 1735 4310 1889 4378; x_wconf 87' lang='grc' dir='ltr'><strong>λεγό-</strong></span> 
     </span>
    </p>
   </div>
   <div class='ocr_carea' id='block_1_47' title="bbox 299 4394 1890 4475">
    <p class='ocr_par' dir='ltr' id='par_1_47' title="bbox 299 4394 1890 4475">
     <span class='ocr_line' id='line_1_47' title="bbox 299 4394 1890 4475; baseline 0.008 -29"><span class='ocrx_word' id='word_1_381' title='bbox 299 4410 471 4463; x_wconf 87' lang='grc' dir='ltr'><strong>μενα,</strong></span> <span class='ocrx_word' id='word_1_382' title='bbox 521 4395 616 4448; x_wconf 60' lang='grc' dir='ltr'><strong>καὶ⁵</strong></span> <span class='ocrx_word' id='word_1_383' title='bbox 654 4394 744 4453; x_wconf 76' lang='grc' dir='ltr'><strong>διὰ</strong></span> <span class='ocrx_word' id='word_1_384' title='bbox 796 4396 956 4451; x_wconf 81' lang='grc' dir='ltr'><strong>τοῦτο</strong></span> <span class='ocrx_word' id='word_1_385' title='bbox 976 4399 1176 4469; x_wconf 81' lang='grc' dir='ltr'><strong>ἥδομαι</strong></span> <span class='ocrx_word' id='word_1_386' title='bbox 1219 4402 1422 4466; x_wconf 79' lang='grc' dir='ltr'><strong>αὐτοῖς.</strong></span> <span class='ocrx_word' id='word_1_387' title='bbox 1451 4404 1519 4456; x_wconf 88' lang='grc' dir='ltr'><strong>Χ.</strong></span> <span class='ocrx_word' id='word_1_388' title='bbox 1550 4403 1721 4459; x_wconf 77' lang='grc' dir='ltr'><strong>Παντὶ</strong></span> <span class='ocrx_word' id='word_1_389' title='bbox 1744 4403 1890 4475; x_wconf 84' lang='grc' dir='ltr'><strong>λόγῳ</strong></span> 
     </span>
    </p>
   </div>
   <div class='ocr_carea' id='block_1_48' title="bbox 1997 518 3574 609">
    <p class='ocr_par' dir='ltr' id='par_1_48' title="bbox 1997 518 3574 609">
     <span class='ocr_line' id='line_1_48' title="bbox 1997 518 3574 609; baseline -0.014 -11"><span class='ocrx_word' id='word_1_390' title='bbox 1997 541 2172 605; x_wconf 85' lang='lat' dir='ltr'><strong>foveo,</strong></span> <span class='ocrx_word' id='word_1_391' title='bbox 2210 554 2506 609; x_wconf 86' lang='lat' dir='ltr'><strong>exponam.</strong></span> <span class='ocrx_word' id='word_1_392' title='bbox 2542 518 2854 603; x_wconf 28' lang='lat' dir='ltr'><strong>MIQuovis</strong></span> <span class='ocrx_word' id='word_1_393' title='bbox 2884 532 3155 588; x_wconf 83' lang='lat' dir='ltr'><strong>sermonis</strong></span> <span class='ocrx_word' id='word_1_394' title='bbox 3194 542 3392 601; x_wconf 83' lang='lat' dir='ltr'><strong>genere</strong></span> <span class='ocrx_word' id='word_1_395' title='bbox 3419 542 3574 579; x_wconf 85' lang='lat' dir='ltr'><strong>men-</strong></span> 
     </span>
    </p>
   </div>
   <div class='ocr_carea' id='block_1_49' title="bbox 1999 616 3577 699">
    <p class='ocr_par' dir='ltr' id='par_1_49' title="bbox 1999 616 3577 699">
     <span class='ocr_line' id='line_1_49' title="bbox 1999 616 3577 699; baseline -0.015 -11"><span class='ocrx_word' id='word_1_396' title='bbox 1999 641 2104 691; x_wconf 97' lang='lat' dir='ltr'><strong>tem</strong></span> <span class='ocrx_word' id='word_1_397' title='bbox 2135 639 2283 686; x_wconf 87' lang='lat' dir='ltr'><strong>tuam</strong></span> <span class='ocrx_word' id='word_1_398' title='bbox 2306 628 2540 699; x_wconf 77' lang='lat' dir='ltr'><strong>explica.</strong></span> <span class='ocrx_word' id='word_1_399' title='bbox 2564 627 2667 681; x_wconf 83' lang='lat' dir='ltr'><strong>Cb.</strong></span> <span class='ocrx_word' id='word_1_400' title='bbox 2689 625 2820 680; x_wconf 83' lang='lat' dir='ltr'><strong>Sine</strong></span> <span class='ocrx_word' id='word_1_401' title='bbox 2850 623 2962 678; x_wconf 92' lang='lat' dir='ltr'><strong>ullo</strong></span> <span class='ocrx_word' id='word_1_402' title='bbox 2986 620 3237 690; x_wconf 77' lang='lat' dir='ltr'><strong>subjecto</strong></span> <span class='ocrx_word' id='word_1_403' title='bbox 3262 634 3292 697; x_wconf 84' lang='lat' dir='ltr'><strong>a</strong></span> <span class='ocrx_word' id='word_1_404' title='bbox 3315 616 3577 671; x_wconf 81' lang='lat' dir='ltr'><strong>Creatore</strong></span> 
     </span>
    </p>
   </div>
   <div class='ocr_carea' id='block_1_50' title="bbox 1997 707 3578 789">
    <p class='ocr_par' dir='ltr' id='par_1_50' title="bbox 1997 707 3578 789">
     <span class='ocr_line' id='line_1_50' title="bbox 1997 707 3578 789; baseline -0.014 -10"><span class='ocrx_word' id='word_1_405' title='bbox 1997 724 2153 781; x_wconf 74' lang='lat' dir='ltr'><strong>factae</strong></span> <span class='ocrx_word' id='word_1_406' title='bbox 2184 732 2314 780; x_wconf 90' lang='lat' dir='ltr'><strong>sunt</strong></span> <span class='ocrx_word' id='word_1_407' title='bbox 2345 723 2560 777; x_wconf 66' lang='lat' dir='ltr'><strong>animae.</strong></span> <span class='ocrx_word' id='word_1_408' title='bbox 2596 718 2840 789; x_wconf 71' lang='lat' dir='ltr'><strong>Namque</strong></span> <span class='ocrx_word' id='word_1_409' title='bbox 2883 732 2950 773; x_wconf 90' lang='lat' dir='ltr'><strong>eo</strong></span> <span class='ocrx_word' id='word_1_410' title='bbox 2992 730 3183 779; x_wconf 89' lang='lat' dir='ltr'><strong>sensu,</strong></span> <span class='ocrx_word' id='word_1_411' title='bbox 3219 726 3328 781; x_wconf 91' lang='lat' dir='ltr'><strong>quo</strong></span> <span class='ocrx_word' id='word_1_412' title='bbox 3368 707 3578 764; x_wconf 89' lang='lat' dir='ltr'><strong>nullum</strong></span> 
     </span>
    </p>
   </div>
   <div class='ocr_carea' id='block_1_51' title="bbox 1998 802 3582 884">
    <p class='ocr_par' dir='ltr' id='par_1_51' title="bbox 1998 802 3582 884">
     <span class='ocr_line' id='line_1_51' title="bbox 1998 802 3582 884; baseline -0.013 -14"><span class='ocrx_word' id='word_1_413' title='bbox 1998 824 2082 870; x_wconf 82' lang='lat' dir='ltr'><strong>cst</strong></span> <span class='ocrx_word' id='word_1_414' title='bbox 2116 813 2423 884; x_wconf 76' lang='lat' dir='ltr'><strong>subjentum</strong></span> <span class='ocrx_word' id='word_1_415' title='bbox 2455 813 2603 867; x_wconf 87' lang='lat' dir='ltr'><strong>unde</strong></span> <span class='ocrx_word' id='word_1_416' title='bbox 2638 810 2793 867; x_wconf 77' lang='lat' dir='ltr'><strong>facta:</strong></span> <span class='ocrx_word' id='word_1_417' title='bbox 2832 811 2942 866; x_wconf 88' lang='lat' dir='ltr'><strong>sint</strong></span> <span class='ocrx_word' id='word_1_418' title='bbox 2967 807 3182 869; x_wconf 81' lang='lat' dir='ltr'><strong>animae,</strong></span> <span class='ocrx_word' id='word_1_419' title='bbox 3216 802 3422 859; x_wconf 90' lang='lat' dir='ltr'><strong>locutio</strong></span> <span class='ocrx_word' id='word_1_420' title='bbox 3443 812 3582 869; x_wconf 84' lang='lat' dir='ltr'><strong>quo-</strong></span> 
     </span>
    </p>
   </div>
   <div class='ocr_carea' id='block_1_52' title="bbox 1998 896 3580 976">
    <p class='ocr_par' dir='ltr' id='par_1_52' title="bbox 1998 896 3580 976">
     <span class='ocr_line' id='line_1_52' title="bbox 1998 896 3580 976; baseline -0.013 -13"><span class='ocrx_word' id='word_1_421' title='bbox 1998 922 2105 976; x_wconf 91' lang='lat' dir='ltr'><strong>que</strong></span> <span class='ocrx_word' id='word_1_422' title='bbox 2143 920 2254 962; x_wconf 84' lang='lat' dir='ltr'><strong>non</strong></span> <span class='ocrx_word' id='word_1_423' title='bbox 2290 905 2629 961; x_wconf 73' lang='lat' dir='ltr'><strong>exstantium</strong></span> <span class='ocrx_word' id='word_1_424' title='bbox 2685 921 2713 957; x_wconf 87' lang='lat' dir='ltr'><strong>a</strong></span> <span class='ocrx_word' id='word_1_425' title='bbox 2758 918 2843 957; x_wconf 88' lang='lat' dir='ltr'><strong>tne</strong></span> <span class='ocrx_word' id='word_1_426' title='bbox 2894 902 3038 957; x_wconf 87' lang='lat' dir='ltr'><strong>dicta</strong></span> <span class='ocrx_word' id='word_1_427' title='bbox 3080 898 3203 954; x_wconf 80' lang='lat' dir='ltr'><strong>fuit.</strong></span> <span class='ocrx_word' id='word_1_428' title='bbox 3247 896 3431 962; x_wconf 84' lang='lat' dir='ltr'><strong>Quare</strong></span> <span class='ocrx_word' id='word_1_429' title='bbox 3471 906 3580 945; x_wconf 88' lang='lat' dir='ltr'><strong>non</strong></span> 
     </span>
    </p>
   </div>
   <div class='ocr_carea' id='block_1_53' title="bbox 1998 982 3577 1069">
    <p class='ocr_par' dir='ltr' id='par_1_53' title="bbox 1998 982 3577 1069">
     <span class='ocr_line' id='line_1_53' title="bbox 1998 982 3577 1069; baseline -0.013 -14"><span class='ocrx_word' id='word_1_430' title='bbox 1998 1001 2289 1069; x_wconf 69' lang='lat' dir='ltr'><strong>subiacent</strong></span> <span class='ocrx_word' id='word_1_431' title='bbox 2319 997 2389 1051; x_wconf 90' lang='lat' dir='ltr'><strong>iis</strong></span> <span class='ocrx_word' id='word_1_432' title='bbox 2431 1012 2552 1065; x_wconf 68' lang='lat' dir='ltr'><strong>qua:</strong></span> <span class='ocrx_word' id='word_1_433' title='bbox 2596 1011 2662 1049; x_wconf 87' lang='lat' dir='ltr'><strong>ex</strong></span> <span class='ocrx_word' id='word_1_434' title='bbox 2698 1010 2806 1050; x_wconf 93' lang='lat' dir='ltr'><strong>non</strong></span> <span class='ocrx_word' id='word_1_435' title='bbox 2839 992 3183 1050; x_wconf 86' lang='lat' dir='ltr'><strong>exstantibus</strong></span> <span class='ocrx_word' id='word_1_436' title='bbox 3231 993 3361 1042; x_wconf 86' lang='lat' dir='ltr'><strong>sunt</strong></span> <span class='ocrx_word' id='word_1_437' title='bbox 3403 982 3577 1046; x_wconf 80' lang='lat' dir='ltr'><strong>facta,</strong></span> 
     </span>
    </p>
   </div>
   <div class='ocr_carea' id='block_1_54' title="bbox 1997 1100 3581 1180">
    <p class='ocr_par' dir='ltr' id='par_1_54' title="bbox 1997 1100 3581 1180">
     <span class='ocr_line' id='line_1_54' title="bbox 1997 1100 3581 1180; baseline -0.013 -15"><span class='ocrx_word' id='word_1_438' title='bbox 1997 1126 2059 1165; x_wconf 88' lang='lat' dir='ltr'><strong>ea</strong></span> <span class='ocrx_word' id='word_1_439' title='bbox 2085 1125 2207 1180; x_wconf 68' lang='lat' dir='ltr'><strong>quae</strong></span> <span class='ocrx_word' id='word_1_440' title='bbox 2241 1123 2350 1163; x_wconf 90' lang='lat' dir='ltr'><strong>non</strong></span> <span class='ocrx_word' id='word_1_441' title='bbox 2384 1113 2636 1170; x_wconf 78' lang='lat' dir='ltr'><strong>exstant,</strong></span> <span class='ocrx_word' id='word_1_442' title='bbox 2685 1105 2845 1160; x_wconf 86' lang='lat' dir='ltr'><strong>sicuti</strong></span> <span class='ocrx_word' id='word_1_443' title='bbox 2892 1102 3162 1159; x_wconf 75' lang='lat' dir='ltr'><strong>exstantia</strong></span> <span class='ocrx_word' id='word_1_444' title='bbox 3194 1100 3261 1155; x_wconf 90' lang='lat' dir='ltr'><strong>iis</strong></span> <span class='ocrx_word' id='word_1_445' title='bbox 3291 1111 3417 1166; x_wconf 79' lang='lat' dir='ltr'><strong>quae</strong></span> <span class='ocrx_word' id='word_1_446' title='bbox 3451 1101 3581 1150; x_wconf 90' lang='lat' dir='ltr'><strong>sunt</strong></span> 
     </span>
    </p>
   </div>
   <div class='ocr_carea' id='block_1_55' title="bbox 1998 1187 3580 1268">
    <p class='ocr_par' dir='ltr' id='par_1_55' title="bbox 1998 1187 3580 1268">
     <span class='ocr_line' id='line_1_55' title="bbox 1998 1187 3580 1268; baseline -0.012 -10"><span class='ocrx_word' id='word_1_447' title='bbox 1998 1218 2064 1258; x_wconf 85' lang='lat' dir='ltr'><strong>ex</strong></span> <span class='ocrx_word' id='word_1_448' title='bbox 2097 1200 2444 1257; x_wconf 79' lang='lat' dir='ltr'><strong>exstantibus</strong></span> <span class='ocrx_word' id='word_1_449' title='bbox 2481 1217 2494 1254; x_wconf 89' lang='lat'><strong>:</strong></span> <span class='ocrx_word' id='word_1_450' title='bbox 2534 1212 2715 1268; x_wconf 85' lang='lat' dir='ltr'><strong>neque</strong></span> <span class='ocrx_word' id='word_1_451' title='bbox 2750 1199 2805 1251; x_wconf 92' lang='lat' dir='ltr'><strong>in</strong></span> <span class='ocrx_word' id='word_1_452' title='bbox 2839 1211 2945 1251; x_wconf 90' lang='lat' dir='ltr'><strong>non</strong></span> <span class='ocrx_word' id='word_1_453' title='bbox 2990 1193 3259 1249; x_wconf 81' lang='lat' dir='ltr'><strong>exstantia</strong></span> <span class='ocrx_word' id='word_1_454' title='bbox 3299 1187 3580 1244; x_wconf 86' lang='lat' dir='ltr'><strong>resolven—</strong></span> 
     </span>
    </p>
   </div>
   <div class='ocr_carea' id='block_1_56' title="bbox 2001 1280 3576 1360">
    <p class='ocr_par' dir='ltr' id='par_1_56' title="bbox 2001 1280 3576 1360">
     <span class='ocr_line' id='line_1_56' title="bbox 2001 1280 3576 1360; baseline -0.013 -12"><span class='ocrx_word' id='word_1_455' title='bbox 2001 1303 2110 1355; x_wconf 82' lang='lat' dir='ltr'><strong>tur,</strong></span> <span class='ocrx_word' id='word_1_456' title='bbox 2133 1292 2278 1347; x_wconf 87' lang='lat' dir='ltr'><strong>sicut</strong></span> <span class='ocrx_word' id='word_1_457' title='bbox 2304 1305 2390 1352; x_wconf 84' lang='lat' dir='ltr'><strong>ea,</strong></span> <span class='ocrx_word' id='word_1_458' title='bbox 2417 1305 2540 1360; x_wconf 59' lang='lat' dir='ltr'><strong>quae</strong></span> <span class='ocrx_word' id='word_1_459' title='bbox 2556 1289 2688 1344; x_wconf 79' lang='lat' dir='ltr'><strong>sunt</strong></span> <span class='ocrx_word' id='word_1_460' title='bbox 2709 1302 2770 1341; x_wconf 86' lang='lat' dir='ltr'><strong>ex</strong></span> <span class='ocrx_word' id='word_1_461' title='bbox 2796 1284 3161 1350; x_wconf 80' lang='lat' dir='ltr'><strong>exstantibus,</strong></span> <span class='ocrx_word' id='word_1_462' title='bbox 3193 1283 3245 1336; x_wconf 91' lang='lat' dir='ltr'><strong>in</strong></span> <span class='ocrx_word' id='word_1_463' title='bbox 3267 1280 3576 1335; x_wconf 79' lang='lat' dir='ltr'><strong>exstantia:</strong></span> 
     </span>
    </p>
   </div>
   <div class='ocr_carea' id='block_1_57' title="bbox 1996 1369 3579 1448">
    <p class='ocr_par' dir='ltr' id='par_1_57' title="bbox 1996 1369 3579 1448">
     <span class='ocr_line' id='line_1_57' title="bbox 1996 1369 3579 1448; baseline -0.012 -8"><span class='ocrx_word' id='word_1_464' title='bbox 1996 1392 2402 1440; x_wconf 78' lang='lat' dir='ltr'><strong>conservantur</strong></span> <span class='ocrx_word' id='word_1_465' title='bbox 2423 1382 2570 1436; x_wconf 89' lang='lat' dir='ltr'><strong>enim</strong></span> <span class='ocrx_word' id='word_1_466' title='bbox 2591 1396 2622 1436; x_wconf 91' lang='lat' dir='ltr'><strong>a</strong></span> <span class='ocrx_word' id='word_1_467' title='bbox 2652 1380 2836 1436; x_wconf 89' lang='lat' dir='ltr'><strong>divina</strong></span> <span class='ocrx_word' id='word_1_468' title='bbox 2857 1376 3120 1448; x_wconf 87' lang='lat' dir='ltr'><strong>potentia,</strong></span> <span class='ocrx_word' id='word_1_469' title='bbox 3147 1382 3206 1428; x_wconf 91' lang='lat' dir='ltr'><strong>ut</strong></span> <span class='ocrx_word' id='word_1_470' title='bbox 3225 1375 3431 1431; x_wconf 90' lang='lat' dir='ltr'><strong>dictum</strong></span> <span class='ocrx_word' id='word_1_471' title='bbox 3457 1369 3579 1424; x_wconf 77' lang='lat' dir='ltr'><strong>fuit.</strong></span> 
     </span>
    </p>
   </div>
   <div class='ocr_carea' id='block_1_58' title="bbox 2070 1468 3584 1543">
    <p class='ocr_par' dir='ltr' id='par_1_58' title="bbox 2070 1468 3584 1543">
     <span class='ocr_line' id='line_1_58' title="bbox 2070 1468 3584 1543; baseline -0.009 -13"><span class='ocrx_word' id='word_1_472' title='bbox 2070 1475 2140 1530; x_wconf 86' lang='grc' dir='ltr'><strong>Μ.</strong></span> <span class='ocrx_word' id='word_1_473' title='bbox 2190 1474 2462 1543; x_wconf 85' lang='lat' dir='ltr'><strong>Quoniam</strong></span> <span class='ocrx_word' id='word_1_474' title='bbox 2512 1488 2575 1527; x_wconf 84' lang='lat' dir='ltr'><strong>ea</strong></span> <span class='ocrx_word' id='word_1_475' title='bbox 2620 1486 2743 1541; x_wconf 69' lang='lat' dir='ltr'><strong>qua:</strong></span> <span class='ocrx_word' id='word_1_476' title='bbox 2790 1468 3071 1525; x_wconf 86' lang='lat' dir='ltr'><strong>communi</strong></span> <span class='ocrx_word' id='word_1_477' title='bbox 3109 1481 3276 1521; x_wconf 87' lang='lat' dir='ltr'><strong>sensu</strong></span> <span class='ocrx_word' id='word_1_478' title='bbox 3325 1470 3584 1530; x_wconf 86' lang='lat' dir='ltr'><strong>rectoque</strong></span> 
     </span>
    </p>
   </div>
   <div class='ocr_carea' id='block_1_59' title="bbox 2001 1560 3580 1629">
    <p class='ocr_par' dir='ltr' id='par_1_59' title="bbox 2001 1560 3580 1629">
     <span class='ocr_line' id='line_1_59' title="bbox 2001 1560 3580 1629; baseline -0.01 -7"><span class='ocrx_word' id='word_1_479' title='bbox 2001 1581 2256 1622; x_wconf 83' lang='lat' dir='ltr'><strong>sermone</strong></span> <span class='ocrx_word' id='word_1_480' title='bbox 2308 1565 2580 1629; x_wconf 86' lang='lat' dir='ltr'><strong>nituntur,</strong></span> <span class='ocrx_word' id='word_1_481' title='bbox 2629 1560 2915 1617; x_wconf 85' lang='lat' dir='ltr'><strong>dialectica</strong></span> <span class='ocrx_word' id='word_1_482' title='bbox 2945 1560 2995 1613; x_wconf 94' lang='lat' dir='ltr'><strong>vi</strong></span> <span class='ocrx_word' id='word_1_483' title='bbox 3032 1560 3349 1614; x_wconf 83' lang='lat' dir='ltr'><strong>subvertere</strong></span> <span class='ocrx_word' id='word_1_484' title='bbox 3382 1563 3580 1617; x_wconf 83' lang='lat' dir='ltr'><strong>tentas,</strong></span> 
     </span>
    </p>
   </div>
   <div class='ocr_carea' id='block_1_60' title="bbox 2002 1646 3585 1727">
    <p class='ocr_par' dir='ltr' id='par_1_60' title="bbox 2002 1646 3585 1727">
     <span class='ocr_line' id='line_1_60' title="bbox 2002 1646 3585 1727; baseline -0.01 -14"><span class='ocrx_word' id='word_1_485' title='bbox 2002 1669 2260 1727; x_wconf 82' lang='lat' dir='ltr'><strong>tanquam</strong></span> <span class='ocrx_word' id='word_1_486' title='bbox 2308 1656 2398 1724; x_wconf 81' lang='lat' dir='ltr'><strong>vir</strong></span> <span class='ocrx_word' id='word_1_487' title='bbox 2426 1654 2915 1715; x_wconf 87' lang='lat' dir='ltr'><strong>demonstrativus,</strong></span> <span class='ocrx_word' id='word_1_488' title='bbox 2947 1665 3073 1704; x_wconf 67' lang='lat' dir='ltr'><strong>non.</strong></span> <span class='ocrx_word' id='word_1_489' title='bbox 3101 1647 3440 1719; x_wconf 77' lang='lat' dir='ltr'><strong>argumentis</strong></span> <span class='ocrx_word' id='word_1_490' title='bbox 3468 1646 3585 1714; x_wconf 86' lang='lat' dir='ltr'><strong>Opi-</strong></span> 
     </span>
    </p>
   </div>
   <div class='ocr_carea' id='block_1_61' title="bbox 2002 1738 3585 1813">
    <p class='ocr_par' dir='ltr' id='par_1_61' title="bbox 2002 1738 3585 1813">
     <span class='ocr_line' id='line_1_61' title="bbox 2002 1738 3585 1813; baseline -0.008 -11"><span class='ocrx_word' id='word_1_491' title='bbox 2002 1749 2277 1804; x_wconf 88' lang='lat' dir='ltr'><strong>nabilibus</strong></span> <span class='ocrx_word' id='word_1_492' title='bbox 2302 1789 2317 1813; x_wconf 92' lang='lat'><strong>,</strong></span> <span class='ocrx_word' id='word_1_493' title='bbox 2371 1747 2466 1802; x_wconf 86' lang='lat' dir='ltr'><strong>sed</strong></span> <span class='ocrx_word' id='word_1_494' title='bbox 2498 1762 2564 1801; x_wconf 86' lang='lat' dir='ltr'><strong>ex</strong></span> <span class='ocrx_word' id='word_1_495' title='bbox 2604 1761 2736 1802; x_wconf 87' lang='lat' dir='ltr'><strong>vera</strong></span> <span class='ocrx_word' id='word_1_496' title='bbox 2775 1759 2961 1800; x_wconf 87' lang='lat' dir='ltr'><strong>rerum</strong></span> <span class='ocrx_word' id='word_1_497' title='bbox 3005 1750 3222 1807; x_wconf 82' lang='lat' dir='ltr'><strong>natura,</strong></span> <span class='ocrx_word' id='word_1_498' title='bbox 3268 1738 3585 1794; x_wconf 84' lang='lat' dir='ltr'><strong>demonstra</strong></span> 
     </span>
    </p>
   </div>
   <div class='ocr_carea' id='block_1_62' title="bbox 2000 1828 3587 1896">
    <p class='ocr_par' dir='ltr' id='par_1_62' title="bbox 2000 1828 3587 1896">
     <span class='ocr_line' id='line_1_62' title="bbox 2000 1828 3587 1896; baseline -0.009 0"><span class='ocrx_word' id='word_1_499' title='bbox 2000 1850 2182 1896; x_wconf 91' lang='lat' dir='ltr'><strong>utrum</strong></span> <span class='ocrx_word' id='word_1_500' title='bbox 2202 1840 2400 1895; x_wconf 58' lang='lat' dir='ltr'><strong>animae</strong></span> <span class='ocrx_word' id='word_1_501' title='bbox 2433 1854 2500 1893; x_wconf 89' lang='lat' dir='ltr'><strong>ex</strong></span> <span class='ocrx_word' id='word_1_502' title='bbox 2530 1854 2641 1892; x_wconf 90' lang='lat' dir='ltr'><strong>non</strong></span> <span class='ocrx_word' id='word_1_503' title='bbox 2670 1835 3015 1893; x_wconf 82' lang='lat' dir='ltr'><strong>exstantibus</strong></span> <span class='ocrx_word' id='word_1_504' title='bbox 3037 1833 3192 1887; x_wconf 60' lang='lat' dir='ltr'><strong>factae</strong></span> <span class='ocrx_word' id='word_1_505' title='bbox 3212 1832 3341 1886; x_wconf 91' lang='lat' dir='ltr'><strong>sint.</strong></span> <span class='ocrx_word' id='word_1_506' title='bbox 3367 1830 3469 1884; x_wconf 74' lang='lat' dir='ltr'><strong>Cb.</strong></span> <span class='ocrx_word' id='word_1_507' title='bbox 3496 1828 3587 1882; x_wconf 88' lang='lat' dir='ltr'><strong>Li-</strong></span> 
     </span>
    </p>
   </div>
   <div class='ocr_carea' id='block_1_63' title="bbox 1998 1918 3584 2001">
    <p class='ocr_par' dir='ltr' id='par_1_63' title="bbox 1998 1918 3584 2001">
     <span class='ocr_line' id='line_1_63' title="bbox 1998 1918 3584 2001; baseline -0.009 -13"><span class='ocrx_word' id='word_1_508' title='bbox 1998 1933 2190 1988; x_wconf 87' lang='lat' dir='ltr'><strong>benter</strong></span> <span class='ocrx_word' id='word_1_509' title='bbox 2226 1932 2374 2001; x_wconf 88' lang='lat' dir='ltr'><strong>quod</strong></span> <span class='ocrx_word' id='word_1_510' title='bbox 2420 1918 2789 2000; x_wconf 48' lang='lat' dir='ltr'><strong>petis&#39;agam,</strong></span> <span class='ocrx_word' id='word_1_511' title='bbox 2836 1928 2885 1982; x_wconf 89' lang='lat' dir='ltr'><strong>si</strong></span> <span class='ocrx_word' id='word_1_512' title='bbox 2930 1934 3113 1981; x_wconf 85' lang='lat' dir='ltr'><strong>tamen</strong></span> <span class='ocrx_word' id='word_1_513' title='bbox 3169 1924 3333 1979; x_wconf 85' lang='lat' dir='ltr'><strong>breve</strong></span> <span class='ocrx_word' id='word_1_514' title='bbox 3377 1922 3584 1991; x_wconf 87' lang='lat' dir='ltr'><strong>aliquid</strong></span> 
     </span>
    </p>
   </div>
   <div class='ocr_carea' id='block_1_64' title="bbox 1998 2011 3586 2093">
    <p class='ocr_par' dir='ltr' id='par_1_64' title="bbox 1998 2011 3586 2093">
     <span class='ocr_line' id='line_1_64' title="bbox 1998 2011 3586 2093; baseline -0.01 -15"><span class='ocrx_word' id='word_1_515' title='bbox 1998 2024 2134 2078; x_wconf 88' lang='lat' dir='ltr'><strong>mihi</strong></span> <span class='ocrx_word' id='word_1_516' title='bbox 2164 2023 2379 2093; x_wconf 76' lang='lat' dir='ltr'><strong>roganti</strong></span> <span class='ocrx_word' id='word_1_517' title='bbox 2414 2021 2787 2092; x_wconf 81' lang='lat' dir='ltr'><strong>responderis.</strong></span> <span class='ocrx_word' id='word_1_518' title='bbox 2833 2016 2906 2072; x_wconf 87' lang='grc' dir='ltr'><strong>Μ.</strong></span> <span class='ocrx_word' id='word_1_519' title='bbox 2954 2012 3229 2084; x_wconf 85' lang='lat' dir='ltr'><strong>Quidquid</strong></span> <span class='ocrx_word' id='word_1_520' title='bbox 3269 2011 3349 2067; x_wconf 81' lang='lat' dir='ltr'><strong>vis</strong></span> <span class='ocrx_word' id='word_1_521' title='bbox 3394 2012 3586 2066; x_wconf 82' lang='lat' dir='ltr'><strong>scisci—</strong></span> 
     </span>
    </p>
   </div>
   <div class='ocr_carea' id='block_1_65' title="bbox 2000 2104 3583 2180">
    <p class='ocr_par' dir='ltr' id='par_1_65' title="bbox 2000 2104 3583 2180">
     <span class='ocr_line' id='line_1_65' title="bbox 2000 2104 3583 2180; baseline -0.008 -11"><span class='ocrx_word' id='word_1_522' title='bbox 2000 2125 2135 2170; x_wconf 88' lang='lat' dir='ltr'><strong>tare.</strong></span> <span class='ocrx_word' id='word_1_523' title='bbox 2184 2116 2286 2171; x_wconf 85' lang='lat' dir='ltr'><strong>Ch.</strong></span> <span class='ocrx_word' id='word_1_524' title='bbox 2341 2114 2587 2180; x_wconf 66' lang='lat' dir='ltr'><strong>Valetue}</strong></span> <span class='ocrx_word' id='word_1_525' title='bbox 2625 2114 2682 2167; x_wconf 90' lang='lat' dir='ltr'><strong>in</strong></span> <span class='ocrx_word' id='word_1_526' title='bbox 2730 2124 2983 2166; x_wconf 85' lang='lat' dir='ltr'><strong>sermone</strong></span> <span class='ocrx_word' id='word_1_527' title='bbox 3037 2106 3315 2161; x_wconf 65' lang='lat' dir='ltr'><strong>diaeretica</strong></span> <span class='ocrx_word' id='word_1_528' title='bbox 3372 2104 3583 2159; x_wconf 88' lang='lat' dir='ltr'><strong>metho—</strong></span> 
     </span>
    </p>
   </div>
   <div class='ocr_carea' id='block_1_66' title="bbox 1996 2194 3587 2269">
    <p class='ocr_par' dir='ltr' id='par_1_66' title="bbox 1996 2194 3587 2269">
     <span class='ocr_line' id='line_1_66' title="bbox 1996 2194 3587 2269; baseline -0.007 -10"><span class='ocrx_word' id='word_1_529' title='bbox 1996 2206 2100 2261; x_wconf 84' lang='lat' dir='ltr'><strong>dus</strong></span> <span class='ocrx_word' id='word_1_530' title='bbox 2123 2206 2189 2259; x_wconf 87' lang='lat' dir='ltr'><strong>ad</strong></span> <span class='ocrx_word' id='word_1_531' title='bbox 2209 2219 2393 2260; x_wconf 89' lang='lat' dir='ltr'><strong>rerum</strong></span> <span class='ocrx_word' id='word_1_532' title='bbox 2415 2203 2796 2259; x_wconf 87' lang='lat' dir='ltr'><strong>discretionem</strong></span> <span class='ocrx_word' id='word_1_533' title='bbox 2824 2210 2989 2269; x_wconf 88' lang='lat' dir='ltr'><strong>atque</strong></span> <span class='ocrx_word' id='word_1_534' title='bbox 3018 2196 3321 2267; x_wconf 79' lang='lat' dir='ltr'><strong>optionem,</strong></span> <span class='ocrx_word' id='word_1_535' title='bbox 3372 2194 3587 2250; x_wconf 78' lang='lat' dir='ltr'><strong>necne?</strong></span> 
     </span>
    </p>
   </div>
   <div class='ocr_carea' id='block_1_67' title="bbox 1996 2286 3585 2365">
    <p class='ocr_par' dir='ltr' id='par_1_67' title="bbox 1996 2286 3585 2365">
     <span class='ocr_line' id='line_1_67' title="bbox 1996 2286 3585 2365; baseline -0.004 -17"><span class='ocrx_word' id='word_1_536' title='bbox 1996 2294 2069 2349; x_wconf 84' lang='lat' dir='ltr'><strong>M.</strong></span> <span class='ocrx_word' id='word_1_537' title='bbox 2089 2294 2258 2351; x_wconf 79' lang='lat' dir='ltr'><strong>Valde</strong></span> <span class='ocrx_word' id='word_1_538' title='bbox 2285 2295 2527 2365; x_wconf 82' lang='lat' dir='ltr'><strong>quidem.</strong></span> <span class='ocrx_word' id='word_1_539' title='bbox 2551 2293 2651 2348; x_wconf 85' lang='lat' dir='ltr'><strong>Ch.</strong></span> <span class='ocrx_word' id='word_1_540' title='bbox 2672 2292 2818 2362; x_wconf 87' lang='lat' dir='ltr'><strong>Ergo</strong></span> <span class='ocrx_word' id='word_1_541' title='bbox 2834 2290 3107 2347; x_wconf 66' lang='lat' dir='ltr'><strong>diasretica</strong></span> <span class='ocrx_word' id='word_1_542' title='bbox 3125 2286 3382 2343; x_wconf 81' lang='lat' dir='ltr'><strong>methodo</strong></span> <span class='ocrx_word' id='word_1_543' title='bbox 3402 2294 3585 2349; x_wconf 84' lang='lat' dir='ltr'><strong>utens,</strong></span> 
     </span>
    </p>
   </div>
   <div class='ocr_carea' id='block_1_68' title="bbox 1993 2376 3587 2454">
    <p class='ocr_par' dir='ltr' id='par_1_68' title="bbox 1993 2376 3587 2454">
     <span class='ocr_line' id='line_1_68' title="bbox 1993 2376 3587 2454; baseline -0.006 -15"><span class='ocrx_word' id='word_1_544' title='bbox 1993 2400 2159 2452; x_wconf 83' lang='lat' dir='ltr'><strong>quam</strong></span> <span class='ocrx_word' id='word_1_545' title='bbox 2195 2384 2357 2439; x_wconf 89' lang='lat' dir='ltr'><strong>ambo</strong></span> <span class='ocrx_word' id='word_1_546' title='bbox 2379 2382 2700 2454; x_wconf 75' lang='lat' dir='ltr'><strong>profitemur</strong></span> <span class='ocrx_word' id='word_1_547' title='bbox 2721 2395 2905 2437; x_wconf 87' lang='lat' dir='ltr'><strong>rerum</strong></span> <span class='ocrx_word' id='word_1_548' title='bbox 2929 2378 3138 2449; x_wconf 89' lang='lat' dir='ltr'><strong>optioni</strong></span> <span class='ocrx_word' id='word_1_549' title='bbox 3153 2376 3587 2445; x_wconf 83' lang='lat' dir='ltr'><strong>discretionique</strong></span> 
     </span>
    </p>
   </div>
   <div class='ocr_carea' id='block_1_69' title="bbox 1998 2476 3584 2563">
    <p class='ocr_par' dir='ltr' id='par_1_69' title="bbox 1998 2476 3584 2563">
     <span class='ocr_line' id='line_1_69' title="bbox 1998 2476 3584 2563; baseline -0.003 -17"><span class='ocrx_word' id='word_1_550' title='bbox 1998 2493 2273 2558; x_wconf 84' lang='lat' dir='ltr'><strong>idoneam,</strong></span> <span class='ocrx_word' id='word_1_551' title='bbox 2292 2476 2635 2563; x_wconf 80' lang='lat' dir='ltr'><strong>propositum</strong></span> <span class='ocrx_word' id='word_1_552' title='bbox 2656 2506 2836 2547; x_wconf 87' lang='lat' dir='ltr'><strong>meum</strong></span> <span class='ocrx_word' id='word_1_553' title='bbox 2856 2491 2966 2560; x_wconf 88' lang='lat' dir='ltr'><strong>jam</strong></span> <span class='ocrx_word' id='word_1_554' title='bbox 2991 2492 3331 2547; x_wconf 90' lang='lat' dir='ltr'><strong>demonstro.</strong></span> <span class='ocrx_word' id='word_1_555' title='bbox 3356 2489 3426 2543; x_wconf 84' lang='lat' dir='ltr'><strong>M.</strong></span> <span class='ocrx_word' id='word_1_556' title='bbox 3452 2486 3584 2542; x_wconf 87' lang='lat' dir='ltr'><strong>Pro-</strong></span> 
     </span>
    </p>
   </div>
   <div class='ocr_carea' id='block_1_70' title="bbox 1998 2568 3578 2652">
    <p class='ocr_par' dir='ltr' id='par_1_70' title="bbox 1998 2568 3578 2652">
     <span class='ocr_line' id='line_1_70' title="bbox 1998 2568 3578 2652; baseline -0.003 -14"><span class='ocrx_word' id='word_1_557' title='bbox 1998 2586 2161 2641; x_wconf 88' lang='lat' dir='ltr'><strong>missa</strong></span> <span class='ocrx_word' id='word_1_558' title='bbox 2191 2593 2281 2639; x_wconf 83' lang='lat' dir='ltr'><strong>tua</strong></span> <span class='ocrx_word' id='word_1_559' title='bbox 2320 2584 2427 2640; x_wconf 84' lang='lat' dir='ltr'><strong>fac.</strong></span> <span class='ocrx_word' id='word_1_560' title='bbox 2470 2584 2572 2639; x_wconf 86' lang='lat' dir='ltr'><strong>Ch.</strong></span> <span class='ocrx_word' id='word_1_561' title='bbox 2620 2584 2814 2639; x_wconf 83' lang='lat' dir='ltr'><strong>Anima</strong></span> <span class='ocrx_word' id='word_1_562' title='bbox 2850 2596 2972 2639; x_wconf 88' lang='lat' dir='ltr'><strong>cum</strong></span> <span class='ocrx_word' id='word_1_563' title='bbox 3007 2568 3451 2652; x_wconf 56' lang='lat' dir='ltr'><strong>sit‘incorpore’a,</strong></span> <span class='ocrx_word' id='word_1_564' title='bbox 3484 2595 3578 2634; x_wconf 82' lang='lat' dir='ltr'><strong>ra-</strong></span> 
     </span>
    </p>
   </div>
   <div class='ocr_carea' id='block_1_71' title="bbox 1997 2662 3625 2739">
    <p class='ocr_par' dir='ltr' id='par_1_71' title="bbox 1997 2662 3625 2739">
     <span class='ocr_line' id='line_1_71' title="bbox 1997 2662 3625 2739; baseline -0.002 -11"><span class='ocrx_word' id='word_1_565' title='bbox 1997 2675 2238 2738; x_wconf 80' lang='lat' dir='ltr'><strong>tionalis,</strong></span> <span class='ocrx_word' id='word_1_566' title='bbox 2276 2674 2677 2739; x_wconf 83' lang='lat' dir='ltr'><strong>intellectualis,</strong></span> <span class='ocrx_word' id='word_1_567' title='bbox 2726 2676 2829 2731; x_wconf 81' lang='lat' dir='ltr'><strong>huc</strong></span> <span class='ocrx_word' id='word_1_568' title='bbox 2865 2662 3010 2729; x_wconf 88' lang='lat' dir='ltr'><strong>enim</strong></span> <span class='ocrx_word' id='word_1_569' title='bbox 3047 2688 3258 2729; x_wconf 88' lang='lat' dir='ltr'><strong>mecum</strong></span> <span class='ocrx_word' id='word_1_570' title='bbox 3311 2672 3406 2727; x_wconf 90' lang='lat' dir='ltr'><strong>tibi</strong></span> <span class='ocrx_word' id='word_1_571' title='bbox 3450 2686 3584 2727; x_wconf 82' lang='lat' dir='ltr'><strong>cou-</strong></span> <span class='ocrx_word' id='word_1_572' title='bbox 3617 2700 3625 2703; x_wconf 88' lang='lat'><strong><em>-</em></strong></span> 
     </span>
    </p>
   </div>
   <div class='ocr_carea' id='block_1_72' title="bbox 2000 2763 3585 2833">
    <p class='ocr_par' dir='ltr' id='par_1_72' title="bbox 2000 2763 3585 2833">
     <span class='ocr_line' id='line_1_72' title="bbox 2000 2763 3585 2833; baseline 0.001 -18"><span class='ocrx_word' id='word_1_573' title='bbox 2000 2766 2166 2831; x_wconf 78' lang='lat' dir='ltr'><strong>venit,</strong></span> <span class='ocrx_word' id='word_1_574' title='bbox 2196 2766 2277 2820; x_wconf 89' lang='lat' dir='ltr'><strong>vel</strong></span> <span class='ocrx_word' id='word_1_575' title='bbox 2309 2781 2376 2819; x_wconf 82' lang='lat' dir='ltr'><strong>ex</strong></span> <span class='ocrx_word' id='word_1_576' title='bbox 2408 2766 2591 2820; x_wconf 88' lang='lat' dir='ltr'><strong>divina</strong></span> <span class='ocrx_word' id='word_1_577' title='bbox 2617 2766 2926 2822; x_wconf 79' lang='lat' dir='ltr'><strong>substantia</strong></span> <span class='ocrx_word' id='word_1_578' title='bbox 2947 2774 3051 2831; x_wconf 90' lang='lat' dir='ltr'><strong>est,</strong></span> <span class='ocrx_word' id='word_1_579' title='bbox 3080 2769 3163 2819; x_wconf 85' lang='lat' dir='ltr'><strong>vel</strong></span> <span class='ocrx_word' id='word_1_580' title='bbox 3186 2780 3251 2819; x_wconf 83' lang='lat' dir='ltr'><strong>ex</strong></span> <span class='ocrx_word' id='word_1_581' title='bbox 3275 2763 3457 2833; x_wconf 86' lang='lat' dir='ltr'><strong>aliquo</strong></span> <span class='ocrx_word' id='word_1_582' title='bbox 3477 2764 3585 2817; x_wconf 85' lang='lat' dir='ltr'><strong>alio</strong></span> 
     </span>
    </p>
   </div>
   <div class='ocr_carea' id='block_1_73' title="bbox 1999 2857 3586 2927">
    <p class='ocr_par' dir='ltr' id='par_1_73' title="bbox 1999 2857 3586 2927">
     <span class='ocr_line' id='line_1_73' title="bbox 1999 2857 3586 2927; baseline -0.001 -15"><span class='ocrx_word' id='word_1_583' title='bbox 1999 2858 2268 2927; x_wconf 78' lang='lat' dir='ltr'><strong>subjecto,</strong></span> <span class='ocrx_word' id='word_1_584' title='bbox 2302 2859 2384 2913; x_wconf 87' lang='lat' dir='ltr'><strong>vel</strong></span> <span class='ocrx_word' id='word_1_585' title='bbox 2411 2873 2477 2913; x_wconf 80' lang='lat' dir='ltr'><strong>ex</strong></span> <span class='ocrx_word' id='word_1_586' title='bbox 2512 2874 2620 2913; x_wconf 91' lang='lat' dir='ltr'><strong>non</strong></span> <span class='ocrx_word' id='word_1_587' title='bbox 2650 2858 3016 2925; x_wconf 77' lang='lat' dir='ltr'><strong>exstantibus,</strong></span> <span class='ocrx_word' id='word_1_588' title='bbox 3050 2859 3133 2913; x_wconf 85' lang='lat' dir='ltr'><strong>vel</strong></span> <span class='ocrx_word' id='word_1_589' title='bbox 3172 2858 3286 2927; x_wconf 86' lang='lat' dir='ltr'><strong>ipsa</strong></span> <span class='ocrx_word' id='word_1_590' title='bbox 3317 2872 3415 2927; x_wconf 89' lang='lat' dir='ltr'><strong>per</strong></span> <span class='ocrx_word' id='word_1_591' title='bbox 3442 2872 3500 2911; x_wconf 88' lang='lat' dir='ltr'><strong>se</strong></span> <span class='ocrx_word' id='word_1_592' title='bbox 3517 2857 3586 2910; x_wconf 86' lang='lat' dir='ltr'><strong>ah</strong></span> 
     </span>
    </p>
   </div>
   <div class='ocr_carea' id='block_1_74' title="bbox 1996 2948 3587 3019">
    <p class='ocr_par' dir='ltr' id='par_1_74' title="bbox 1996 2948 3587 3019">
     <span class='ocr_line' id='line_1_74' title="bbox 1996 2948 3587 3019; baseline 0 -16"><span class='ocrx_word' id='word_1_593' title='bbox 1996 2955 2203 3003; x_wconf 62' lang='grc' dir='ltr'><strong>πίει-[ιο</strong></span> <span class='ocrx_word' id='word_1_594' title='bbox 2219 2957 2319 3003; x_wconf 90' lang='lat' dir='ltr'><strong>est.</strong></span> <span class='ocrx_word' id='word_1_595' title='bbox 2348 2949 2519 3003; x_wconf 75' lang='lat' dir='ltr'><strong>Aliter</strong></span> <span class='ocrx_word' id='word_1_596' title='bbox 2546 2951 2692 3003; x_wconf 90' lang='lat' dir='ltr'><strong>enim</strong></span> <span class='ocrx_word' id='word_1_597' title='bbox 2716 2948 2831 3003; x_wconf 78' lang='lat' dir='ltr'><strong>ﬁeri</strong></span> <span class='ocrx_word' id='word_1_598' title='bbox 2859 2963 2968 3004; x_wconf 89' lang='lat' dir='ltr'><strong>non</strong></span> <span class='ocrx_word' id='word_1_599' title='bbox 2990 2958 3165 3019; x_wconf 87' lang='lat' dir='ltr'><strong>potest</strong></span> <span class='ocrx_word' id='word_1_600' title='bbox 3193 2958 3252 3003; x_wconf 91' lang='lat' dir='ltr'><strong>ut</strong></span> <span class='ocrx_word' id='word_1_601' title='bbox 3273 2949 3587 3019; x_wconf 84' lang='lat' dir='ltr'><strong>propositus</strong></span> 
     </span>
    </p>
   </div>
   <div class='ocr_carea' id='block_1_75' title="bbox 2001 3028 3583 3096">
    <p class='ocr_par' dir='ltr' id='par_1_75' title="bbox 2001 3028 3583 3096">
     <span class='ocr_line' id='line_1_75' title="bbox 2001 3028 3583 3096; baseline -0.001 0"><span class='ocrx_word' id='word_1_602' title='bbox 2001 3055 2182 3096; x_wconf 88' lang='lat' dir='ltr'><strong>sermo</strong></span> <span class='ocrx_word' id='word_1_603' title='bbox 2214 3040 2513 3095; x_wconf 75' lang='lat' dir='ltr'><strong>dividatur.</strong></span> <span class='ocrx_word' id='word_1_604' title='bbox 2550 3028 2666 3094; x_wconf 80' lang='lat' dir='ltr'><strong>Nisi</strong></span> <span class='ocrx_word' id='word_1_605' title='bbox 2691 3050 2748 3095; x_wconf 92' lang='lat' dir='ltr'><strong>tu</strong></span> <span class='ocrx_word' id='word_1_606' title='bbox 2783 3040 2920 3096; x_wconf 78' lang='lat' dir='ltr'><strong>forte</strong></span> <span class='ocrx_word' id='word_1_607' title='bbox 2944 3042 3105 3095; x_wconf 89' lang='lat' dir='ltr'><strong>aliter</strong></span> <span class='ocrx_word' id='word_1_608' title='bbox 3133 3056 3347 3096; x_wconf 85' lang='lat' dir='ltr'><strong>censes.</strong></span> <span class='ocrx_word' id='word_1_609' title='bbox 3386 3040 3456 3094; x_wconf 85' lang='grc' dir='ltr'><strong>Μ.</strong></span> <span class='ocrx_word' id='word_1_610' title='bbox 3489 3055 3583 3094; x_wconf 88' lang='lat' dir='ltr'><strong>ve-</strong></span> 
     </span>
    </p>
   </div>
   <div class='ocr_carea' id='block_1_76' title="bbox 1924 3130 3584 3230">
    <p class='ocr_par' dir='ltr' id='par_1_76' title="bbox 1924 3130 3584 3230">
     <span class='ocr_line' id='line_1_76' title="bbox 1924 3130 3584 3230; baseline 0.002 -46"><span class='ocrx_word' id='word_1_611' title='bbox 1924 3169 1970 3230; x_wconf 76' lang='lat' dir='ltr'>c</span> <span class='ocrx_word' id='word_1_612' title='bbox 2005 3132 2238 3186; x_wconf 68' lang='lat' dir='ltr'><strong>rissimat</strong></span> <span class='ocrx_word' id='word_1_613' title='bbox 2276 3140 2406 3185; x_wconf 88' lang='lat' dir='ltr'><strong>sunt</strong></span> <span class='ocrx_word' id='word_1_614' title='bbox 2447 3130 2736 3187; x_wconf 85' lang='lat' dir='ltr'><strong>divisionis</strong></span> <span class='ocrx_word' id='word_1_615' title='bbox 2782 3131 2949 3202; x_wconf 86' lang='lat' dir='ltr'><strong>hujus</strong></span> <span class='ocrx_word' id='word_1_616' title='bbox 2984 3141 3203 3202; x_wconf 86' lang='lat' dir='ltr'><strong>partes,</strong></span> <span class='ocrx_word' id='word_1_617' title='bbox 3255 3147 3433 3203; x_wconf 86' lang='lat' dir='ltr'><strong>neque</strong></span> <span class='ocrx_word' id='word_1_618' title='bbox 3467 3132 3584 3187; x_wconf 80' lang='lat' dir='ltr'><strong>ﬁeri</strong></span> 
     </span>
    </p>
   </div>
   <div class='ocr_carea' id='block_1_77' title="bbox 2006 3219 3584 3290">
    <p class='ocr_par' dir='ltr' id='par_1_77' title="bbox 2006 3219 3584 3290">
     <span class='ocr_line' id='line_1_77' title="bbox 2006 3219 3584 3290; baseline 0.001 -16"><span class='ocrx_word' id='word_1_619' title='bbox 2006 3228 2180 3290; x_wconf 87' lang='lat' dir='ltr'><strong>potest</strong></span> <span class='ocrx_word' id='word_1_620' title='bbox 2211 3229 2271 3274; x_wconf 90' lang='lat' dir='ltr'><strong>ut</strong></span> <span class='ocrx_word' id='word_1_621' title='bbox 2301 3219 2428 3274; x_wconf 89' lang='lat' dir='ltr'><strong>huic</strong></span> <span class='ocrx_word' id='word_1_622' title='bbox 2474 3220 2732 3275; x_wconf 88' lang='lat' dir='ltr'><strong>divisioni</strong></span> <span class='ocrx_word' id='word_1_623' title='bbox 2773 3221 3268 3290; x_wconf 79' lang='lat' dir='ltr'><strong>aliquid‘addatur;</strong></span> <span class='ocrx_word' id='word_1_624' title='bbox 3310 3221 3410 3276; x_wconf 90' lang='lat' dir='ltr'><strong>Ch.</strong></span> <span class='ocrx_word' id='word_1_625' title='bbox 3445 3222 3584 3289; x_wconf 85' lang='lat' dir='ltr'><strong>Quid</strong></span> 
     </span>
    </p>
   </div>
   <div class='ocr_carea' id='block_1_78' title="bbox 2002 3310 3585 3382">
    <p class='ocr_par' dir='ltr' id='par_1_78' title="bbox 2002 3310 3585 3382">
     <span class='ocr_line' id='line_1_78' title="bbox 2002 3310 3585 3382; baseline -0.001 -17"><span class='ocrx_word' id='word_1_626' title='bbox 2002 3312 2177 3377; x_wconf 79' lang='lat' dir='ltr'><strong>ergo?</strong></span> <span class='ocrx_word' id='word_1_627' title='bbox 2210 3311 2269 3365; x_wconf 88' lang='lat' dir='ltr'><strong>Si</strong></span> <span class='ocrx_word' id='word_1_628' title='bbox 2314 3311 2717 3365; x_wconf 85' lang='lat' dir='ltr'><strong>demontratum</strong></span> <span class='ocrx_word' id='word_1_629' title='bbox 2766 3310 2931 3365; x_wconf 79' lang='lat' dir='ltr'><strong>fuerit</strong></span> <span class='ocrx_word' id='word_1_630' title='bbox 2975 3322 3151 3382; x_wconf 86' lang='lat' dir='ltr'><strong>neque</strong></span> <span class='ocrx_word' id='word_1_631' title='bbox 3198 3327 3260 3367; x_wconf 80' lang='lat' dir='ltr'><strong>ex</strong></span> <span class='ocrx_word' id='word_1_632' title='bbox 3312 3311 3424 3368; x_wconf 85' lang='lat' dir='ltr'><strong>Deo</strong></span> <span class='ocrx_word' id='word_1_633' title='bbox 3464 3329 3585 3368; x_wconf 67' lang='lat' dir='ltr'><strong>esse</strong></span> 
     </span>
    </p>
   </div>
   <div class='ocr_carea' id='block_1_79' title="bbox 2004 3402 3585 3475">
    <p class='ocr_par' dir='ltr' id='par_1_79' title="bbox 2004 3402 3585 3475">
     <span class='ocr_line' id='line_1_79' title="bbox 2004 3402 3585 3475; baseline 0.004 -19"><span class='ocrx_word' id='word_1_634' title='bbox 2004 3402 2239 3465; x_wconf 87' lang='lat' dir='ltr'><strong>animas,</strong></span> <span class='ocrx_word' id='word_1_635' title='bbox 2271 3415 2447 3471; x_wconf 87' lang='lat' dir='ltr'><strong>neque</strong></span> <span class='ocrx_word' id='word_1_636' title='bbox 2474 3418 2544 3457; x_wconf 86' lang='lat' dir='ltr'><strong>ex</strong></span> <span class='ocrx_word' id='word_1_637' title='bbox 2570 3403 2769 3472; x_wconf 90' lang='lat' dir='ltr'><strong>quovis</strong></span> <span class='ocrx_word' id='word_1_638' title='bbox 2799 3403 3069 3473; x_wconf 89' lang='lat' dir='ltr'><strong>subjecto,</strong></span> <span class='ocrx_word' id='word_1_639' title='bbox 3100 3422 3279 3475; x_wconf 84' lang='lat' dir='ltr'><strong>neque</strong></span> <span class='ocrx_word' id='word_1_640' title='bbox 3296 3406 3363 3461; x_wconf 86' lang='lat' dir='ltr'><strong>ab</strong></span> <span class='ocrx_word' id='word_1_641' title='bbox 3384 3416 3585 3462; x_wconf 72' lang='lat' dir='ltr'><strong>telerno</strong></span> 
     </span>
    </p>
   </div>
   <div class='ocr_carea' id='block_1_80' title="bbox 1998 3496 3585 3567">
    <p class='ocr_par' dir='ltr' id='par_1_80' title="bbox 1998 3496 3585 3567">
     <span class='ocr_line' id='line_1_80' title="bbox 1998 3496 3585 3567; baseline 0.001 -15"><span class='ocrx_word' id='word_1_642' title='bbox 1998 3506 2055 3552; x_wconf 84' lang='lat' dir='ltr'><strong>et</strong></span> <span class='ocrx_word' id='word_1_643' title='bbox 2091 3511 2187 3567; x_wconf 87' lang='lat' dir='ltr'><strong>per</strong></span> <span class='ocrx_word' id='word_1_644' title='bbox 2216 3511 2276 3553; x_wconf 86' lang='lat' dir='ltr'><strong>se</strong></span> <span class='ocrx_word' id='word_1_645' title='bbox 2308 3497 2476 3567; x_wconf 88' lang='lat' dir='ltr'><strong>ipsas,</strong></span> <span class='ocrx_word' id='word_1_646' title='bbox 2526 3496 2818 3551; x_wconf 78' lang='lat' dir='ltr'><strong>coniicitur</strong></span> <span class='ocrx_word' id='word_1_647' title='bbox 2852 3497 3204 3561; x_wconf 89' lang='lat' dir='ltr'><strong>necessario,</strong></span> <span class='ocrx_word' id='word_1_648' title='bbox 3242 3514 3336 3554; x_wconf 88' lang='lat' dir='ltr'><strong>eas</strong></span> <span class='ocrx_word' id='word_1_649' title='bbox 3364 3514 3432 3554; x_wconf 86' lang='lat' dir='ltr'><strong>ex</strong></span> <span class='ocrx_word' id='word_1_650' title='bbox 3474 3515 3585 3555; x_wconf 71' lang='lat' dir='ltr'><strong>non</strong></span> 
     </span>
    </p>
   </div>
   <div class='ocr_carea' id='block_1_81' title="bbox 2001 3584 3585 3659">
    <p class='ocr_par' dir='ltr' id='par_1_81' title="bbox 2001 3584 3585 3659">
     <span class='ocr_line' id='line_1_81' title="bbox 2001 3584 3585 3659; baseline 0.001 -17"><span class='ocrx_word' id='word_1_651' title='bbox 2001 3587 2352 3643; x_wconf 82' lang='lat' dir='ltr'><strong>exstantibus</strong></span> <span class='ocrx_word' id='word_1_652' title='bbox 2385 3587 2672 3643; x_wconf 88' lang='lat' dir='ltr'><strong>exsistere.</strong></span> <span class='ocrx_word' id='word_1_653' title='bbox 2723 3585 2795 3639; x_wconf 87' lang='grc' dir='ltr'><strong>Μ.</strong></span> <span class='ocrx_word' id='word_1_654' title='bbox 2840 3584 3044 3657; x_wconf 82' lang='lat' dir='ltr'><strong>Utique</strong></span> <span class='ocrx_word' id='word_1_655' title='bbox 3089 3587 3173 3642; x_wconf 83' lang='lat' dir='ltr'><strong>vel</strong></span> <span class='ocrx_word' id='word_1_656' title='bbox 3209 3588 3399 3643; x_wconf 79' lang='lat' dir='ltr'><strong>nolens</strong></span> <span class='ocrx_word' id='word_1_657' title='bbox 3431 3591 3585 3659; x_wconf 86' lang='lat' dir='ltr'><strong>quis-</strong></span> 
     </span>
    </p>
   </div>
   <div class='ocr_carea' id='block_1_82' title="bbox 2002 3672 3582 3753">
    <p class='ocr_par' dir='ltr' id='par_1_82' title="bbox 2002 3672 3582 3753">
     <span class='ocr_line' id='line_1_82' title="bbox 2002 3672 3582 3753; baseline 0.001 -18"><span class='ocrx_word' id='word_1_658' title='bbox 2002 3683 2171 3753; x_wconf 86' lang='lat' dir='ltr'><strong>piam,</strong></span> <span class='ocrx_word' id='word_1_659' title='bbox 2214 3680 2261 3737; x_wconf 88' lang='lat' dir='ltr'><strong>si</strong></span> <span class='ocrx_word' id='word_1_660' title='bbox 2302 3682 2420 3736; x_wconf 76' lang='lat' dir='ltr'><strong>htec</strong></span> <span class='ocrx_word' id='word_1_661' title='bbox 2453 3680 2827 3736; x_wconf 86' lang='lat' dir='ltr'><strong>demonstrata</strong></span> <span class='ocrx_word' id='word_1_662' title='bbox 2869 3679 3093 3747; x_wconf 79' lang='lat' dir='ltr'><strong>fuerint,</strong></span> <span class='ocrx_word' id='word_1_663' title='bbox 3136 3682 3350 3737; x_wconf 87' lang='lat' dir='ltr'><strong>animas</strong></span> <span class='ocrx_word' id='word_1_664' title='bbox 3374 3698 3441 3736; x_wconf 84' lang='lat' dir='ltr'><strong>ex</strong></span> <span class='ocrx_word' id='word_1_665' title='bbox 3476 3672 3582 3739; x_wconf 85' lang='lat' dir='ltr'><strong>non</strong></span> 
     </span>
    </p>
   </div>
   <div class='ocr_carea' id='block_1_83' title="bbox 2000 3772 3585 3846">
    <p class='ocr_par' dir='ltr' id='par_1_83' title="bbox 2000 3772 3585 3846">
     <span class='ocr_line' id='line_1_83' title="bbox 2000 3772 3585 3846; baseline 0.001 -18"><span class='ocrx_word' id='word_1_666' title='bbox 2000 3773 2348 3829; x_wconf 86' lang='lat' dir='ltr'><strong>exstantibus</strong></span> <span class='ocrx_word' id='word_1_667' title='bbox 2392 3773 2657 3829; x_wconf 84' lang='lat' dir='ltr'><strong>exsistere</strong></span> <span class='ocrx_word' id='word_1_668' title='bbox 2701 3772 3072 3827; x_wconf 85' lang='lat' dir='ltr'><strong>conﬁtebitur.</strong></span> <span class='ocrx_word' id='word_1_669' title='bbox 3129 3773 3231 3827; x_wconf 90' lang='lat' dir='ltr'><strong>Cb.</strong></span> <span class='ocrx_word' id='word_1_670' title='bbox 3289 3775 3408 3829; x_wconf 83' lang='lat' dir='ltr'><strong>Vin’</strong></span> <span class='ocrx_word' id='word_1_671' title='bbox 3456 3793 3585 3846; x_wconf 76' lang='lat' dir='ltr'><strong>ergo</strong></span> 
     </span>
    </p>
   </div>
   <div class='ocr_carea' id='block_1_84' title="bbox 1998 3850 3583 3935">
    <p class='ocr_par' dir='ltr' id='par_1_84' title="bbox 1998 3850 3583 3935">
     <span class='ocr_line' id='line_1_84' title="bbox 1998 3850 3583 3935; baseline 0.001 -16"><span class='ocrx_word' id='word_1_672' title='bbox 1998 3866 2237 3935; x_wconf 89' lang='lat' dir='ltr'><strong>primum</strong></span> <span class='ocrx_word' id='word_1_673' title='bbox 2287 3850 2762 3926; x_wconf 57' lang='lat' dir='ltr'><strong>demonstremus,</strong></span> <span class='ocrx_word' id='word_1_674' title='bbox 2791 3879 2854 3918; x_wconf 90' lang='lat' dir='ltr'><strong>ex</strong></span> <span class='ocrx_word' id='word_1_675' title='bbox 2901 3854 3086 3920; x_wconf 82' lang='lat' dir='ltr'><strong>divina</strong></span> <span class='ocrx_word' id='word_1_676' title='bbox 3130 3866 3438 3921; x_wconf 83' lang='lat' dir='ltr'><strong>substantia</strong></span> <span class='ocrx_word' id='word_1_677' title='bbox 3475 3884 3583 3922; x_wconf 90' lang='lat' dir='ltr'><strong>non</strong></span> 
     </span>
    </p>
   </div>
   <div class='ocr_carea' id='block_1_85' title="bbox 1999 3954 3585 4025">
    <p class='ocr_par' dir='ltr' id='par_1_85' title="bbox 1999 3954 3585 4025">
     <span class='ocr_line' id='line_1_85' title="bbox 1999 3954 3585 4025; baseline -0.001 -12"><span class='ocrx_word' id='word_1_678' title='bbox 1999 3972 2120 4013; x_wconf 89' lang='lat' dir='ltr'><strong>esse</strong></span> <span class='ocrx_word' id='word_1_679' title='bbox 2150 3955 2400 4011; x_wconf 86' lang='lat' dir='ltr'><strong>animas?</strong></span> <span class='ocrx_word' id='word_1_680' title='bbox 2429 3955 2497 4010; x_wconf 82' lang='grc' dir='ltr'><strong>Μ.</strong></span> <span class='ocrx_word' id='word_1_681' title='bbox 2557 3955 2886 4010; x_wconf 88' lang='lat' dir='ltr'><strong>Demonstra</strong></span> <span class='ocrx_word' id='word_1_682' title='bbox 2916 3955 3311 4025; x_wconf 79' lang='lat' dir='ltr'><strong>hoc&#39;prim&#39;um.</strong></span> <span class='ocrx_word' id='word_1_683' title='bbox 3339 3957 3441 4011; x_wconf 86' lang='lat' dir='ltr'><strong>Ch.</strong></span> <span class='ocrx_word' id='word_1_684' title='bbox 3473 3954 3585 4011; x_wconf 79' lang='lat' dir='ltr'><strong>Un-</strong></span> 
     </span>
    </p>
   </div>
   <div class='ocr_carea' id='block_1_86' title="bbox 1999 4045 3584 4117">
    <p class='ocr_par' dir='ltr' id='par_1_86' title="bbox 1999 4045 3584 4117">
     <span class='ocr_line' id='line_1_86' title="bbox 1999 4045 3584 4117; baseline 0 -15"><span class='ocrx_word' id='word_1_685' title='bbox 1999 4048 2196 4103; x_wconf 84' lang='lat' dir='ltr'><strong>denam</strong></span> <span class='ocrx_word' id='word_1_686' title='bbox 2231 4062 2414 4102; x_wconf 87' lang='lat' dir='ltr'><strong>rerum</strong></span> <span class='ocrx_word' id='word_1_687' title='bbox 2456 4045 2853 4101; x_wconf 85' lang='lat' dir='ltr'><strong>demonstratio</strong></span> <span class='ocrx_word' id='word_1_688' title='bbox 2900 4046 3158 4110; x_wconf 87' lang='lat' dir='ltr'><strong>sumitur,</strong></span> <span class='ocrx_word' id='word_1_689' title='bbox 3189 4062 3255 4101; x_wconf 84' lang='lat' dir='ltr'><strong>ex</strong></span> <span class='ocrx_word' id='word_1_690' title='bbox 3286 4048 3473 4117; x_wconf 85' lang='lat' dir='ltr'><strong>ipsane</strong></span> <span class='ocrx_word' id='word_1_691' title='bbox 3498 4063 3584 4103; x_wconf 90' lang='lat' dir='ltr'><strong>re-</strong></span> 
     </span>
    </p>
   </div>
   <div class='ocr_carea' id='block_1_87' title="bbox 2001 4130 3582 4204">
    <p class='ocr_par' dir='ltr' id='par_1_87' title="bbox 2001 4130 3582 4204">
     <span class='ocr_line' id='line_1_87' title="bbox 2001 4130 3582 4204; baseline 0.002 -12"><span class='ocrx_word' id='word_1_692' title='bbox 2001 4154 2121 4193; x_wconf 83' lang='lat' dir='ltr'><strong>rum</strong></span> <span class='ocrx_word' id='word_1_693' title='bbox 2157 4138 2485 4204; x_wconf 90' lang='lat' dir='ltr'><strong>substantia,</strong></span> <span class='ocrx_word' id='word_1_694' title='bbox 2524 4130 2591 4192; x_wconf 84' lang='lat' dir='ltr'><strong>an</strong></span> <span class='ocrx_word' id='word_1_695' title='bbox 2630 4132 2888 4192; x_wconf 80' lang='lat' dir='ltr'><strong>aliunde?</strong></span> <span class='ocrx_word' id='word_1_696' title='bbox 2917 4136 3182 4194; x_wconf 78' lang='lat' dir='ltr'><strong>M.‘Haud</strong></span> <span class='ocrx_word' id='word_1_697' title='bbox 3217 4141 3434 4195; x_wconf 85' lang='lat' dir='ltr'><strong>aliunde</strong></span> <span class='ocrx_word' id='word_1_698' title='bbox 3460 4157 3582 4195; x_wconf 83' lang='lat' dir='ltr'><strong>om-</strong></span> 
     </span>
    </p>
   </div>
   <div class='ocr_carea' id='block_1_88' title="bbox 1999 4230 3625 4300">
    <p class='ocr_par' dir='ltr' id='par_1_88' title="bbox 1999 4230 3625 4300">
     <span class='ocr_line' id='line_1_88' title="bbox 1999 4230 3625 4300; baseline 0.003 -16"><span class='ocrx_word' id='word_1_699' title='bbox 1999 4232 2129 4285; x_wconf 85' lang='lat' dir='ltr'><strong>nino</strong></span> <span class='ocrx_word' id='word_1_700' title='bbox 2171 4244 2335 4300; x_wconf 88' lang='lat' dir='ltr'><strong>quam</strong></span> <span class='ocrx_word' id='word_1_701' title='bbox 2367 4232 2432 4285; x_wconf 83' lang='lat' dir='ltr'><strong>ex</strong></span> <span class='ocrx_word' id='word_1_702' title='bbox 2468 4232 2585 4300; x_wconf 88' lang='lat' dir='ltr'><strong>ipsa</strong></span> <span class='ocrx_word' id='word_1_703' title='bbox 2622 4246 2804 4285; x_wconf 85' lang='lat' dir='ltr'><strong>rerum</strong></span> <span class='ocrx_word' id='word_1_704' title='bbox 2843 4231 3169 4288; x_wconf 81' lang='lat' dir='ltr'><strong>substantia.</strong></span> <span class='ocrx_word' id='word_1_705' title='bbox 3211 4230 3583 4289; x_wconf 81' lang='lat' dir='ltr'><strong>Ch.Dicimus</strong></span> <span class='ocrx_word' id='word_1_706' title='bbox 3618 4270 3625 4271; x_wconf 46' lang='grc' dir='ltr'><em>κ</em></span> 
     </span>
    </p>
   </div>
   <div class='ocr_carea' id='block_1_89' title="bbox 1998 4320 3579 4398">
    <p class='ocr_par' dir='ltr' id='par_1_89' title="bbox 1998 4320 3579 4398">
     <span class='ocr_line' id='line_1_89' title="bbox 1998 4320 3579 4398; baseline 0 -20"><span class='ocrx_word' id='word_1_707' title='bbox 1998 4339 2128 4395; x_wconf 86' lang='lat' dir='ltr'><strong>ergo</strong></span> <span class='ocrx_word' id='word_1_708' title='bbox 2149 4326 2244 4379; x_wconf 80' lang='lat' dir='ltr'><strong>eas</strong></span> <span class='ocrx_word' id='word_1_709' title='bbox 2264 4340 2386 4394; x_wconf 86' lang='lat' dir='ltr'><strong>quae</strong></span> <span class='ocrx_word' id='word_1_710' title='bbox 2418 4325 2528 4380; x_wconf 72' lang='lat' dir='ltr'><strong>Deo</strong></span> <span class='ocrx_word' id='word_1_711' title='bbox 2558 4327 2864 4397; x_wconf 83' lang='lat' dir='ltr'><strong>animaeque</strong></span> <span class='ocrx_word' id='word_1_712' title='bbox 2892 4320 3079 4383; x_wconf 82' lang='lat' dir='ltr'><strong>insunt</strong></span> <span class='ocrx_word' id='word_1_713' title='bbox 3114 4327 3405 4398; x_wconf 87' lang='lat' dir='ltr'><strong>qualitates</strong></span> <span class='ocrx_word' id='word_1_714' title='bbox 3437 4329 3579 4380; x_wconf 81' lang='lat' dir='ltr'><strong>haud</strong></span> 
     </span>
    </p>
   </div>
   <div class='ocr_carea' id='block_1_90' title="bbox 1996 4416 3578 4490">
    <p class='ocr_par' dir='ltr' id='par_1_90' title="bbox 1996 4416 3578 4490">
     <span class='ocr_line' id='line_1_90' title="bbox 1996 4416 3578 4490; baseline 0 -18"><span class='ocrx_word' id='word_1_715' title='bbox 1996 4430 2121 4472; x_wconf 81' lang='lat' dir='ltr'><strong>esse</strong></span> <span class='ocrx_word' id='word_1_716' title='bbox 2141 4418 2388 4473; x_wconf 84' lang='lat' dir='ltr'><strong>diversas</strong></span> <span class='ocrx_word' id='word_1_717' title='bbox 2416 4417 2557 4472; x_wconf 91' lang='lat' dir='ltr'><strong>inter</strong></span> <span class='ocrx_word' id='word_1_718' title='bbox 2580 4434 2659 4474; x_wconf 89' lang='lat' dir='ltr'><strong>se.</strong></span> <span class='ocrx_word' id='word_1_719' title='bbox 2690 4418 2763 4474; x_wconf 84' lang='lat' dir='ltr'><strong>M.</strong></span> <span class='ocrx_word' id='word_1_720' title='bbox 2801 4416 3091 4490; x_wconf 79' lang='lat' dir='ltr'><strong>Sapienter</strong></span> <span class='ocrx_word' id='word_1_721' title='bbox 3122 4421 3237 4474; x_wconf 68' lang='lat' dir='ltr'><strong>haec</strong></span> <span class='ocrx_word' id='word_1_722' title='bbox 3262 4420 3406 4473; x_wconf 87' lang='lat' dir='ltr'><strong>dicta</strong></span> <span class='ocrx_word' id='word_1_723' title='bbox 3431 4428 3578 4481; x_wconf 88' lang='lat' dir='ltr'><strong>sunt,</strong></span> 
     </span>
    </p>
   </div>
   <div class='ocr_carea' id='block_1_91' title="bbox 290 4482 1891 4587">
    <p class='ocr_par' dir='ltr' id='par_1_91' title="bbox 290 4482 1887 4563">
     <span class='ocr_line' id='line_1_91' title="bbox 290 4482 1887 4563; baseline 0.009 -29"><span class='ocrx_word' id='word_1_724' title='bbox 290 4482 688 4555; x_wconf 72' lang='grc' dir='ltr'><strong>ἀναμάρτητος</strong></span> <span class='ocrx_word' id='word_1_725' title='bbox 718 4486 747 4537; x_wconf 88' lang='grc' dir='ltr'><em>ὁ</em></span> <span class='ocrx_word' id='word_1_726' title='bbox 799 4486 951 4550; x_wconf 84' lang='grc' dir='ltr'><strong>Θεὸς,</strong></span> <span class='ocrx_word' id='word_1_727' title='bbox 982 4486 1017 4558; x_wconf 81' lang='grc' dir='ltr'><strong>ἦ</strong></span> <span class='ocrx_word' id='word_1_728' title='bbox 1051 4489 1147 4544; x_wconf 78' lang='grc' dir='ltr'><strong>καί</strong></span> <span class='ocrx_word' id='word_1_729' title='bbox 1198 4506 1304 4544; x_wconf 89' lang='grc' dir='ltr'><strong>τινι</strong></span> <span class='ocrx_word' id='word_1_730' title='bbox 1361 4491 1502 4563; x_wconf 85' lang='grc' dir='ltr'><strong>λόγῳ</strong></span> <span class='ocrx_word' id='word_1_731' title='bbox 1535 4493 1843 4563; x_wconf 78' lang='grc' dir='ltr'><strong>ἁμαρτάνει</strong></span> <span class='ocrx_word' id='word_1_732' title='bbox 1873 4512 1887 4561; x_wconf 87' lang='lat'><strong>;</strong></span> 
     </span>
    </p>
   </div>
   <div class='ocr_carea' id='block_1_92' title="bbox 1996 4482 3581 4587">
    <p class='ocr_par' dir='ltr' id='par_1_92' title="bbox 2001 4509 3581 4579">
     <span class='ocr_line' id='line_1_92' title="bbox 2001 4509 3581 4579; baseline 0.001 -16"><span class='ocrx_word' id='word_1_733' title='bbox 2001 4509 2233 4579; x_wconf 86' lang='lat' dir='ltr'><strong>ideoque</strong></span> <span class='ocrx_word' id='word_1_734' title='bbox 2268 4509 2352 4564; x_wconf 89' lang='lat' dir='ltr'><strong>bis</strong></span> <span class='ocrx_word' id='word_1_735' title='bbox 2384 4510 2644 4565; x_wconf 84' lang='lat' dir='ltr'><strong>delector.</strong></span> <span class='ocrx_word' id='word_1_736' title='bbox 2683 4512 2786 4567; x_wconf 85' lang='lat' dir='ltr'><strong>Ch.</strong></span> <span class='ocrx_word' id='word_1_737' title='bbox 2824 4511 2966 4567; x_wconf 82' lang='lat' dir='ltr'><strong>Num</strong></span> <span class='ocrx_word' id='word_1_738' title='bbox 3017 4512 3162 4569; x_wconf 86' lang='lat' dir='ltr'><strong>Dens</strong></span> <span class='ocrx_word' id='word_1_739' title='bbox 3206 4513 3435 4567; x_wconf 87' lang='lat' dir='ltr'><strong>omnino</strong></span> <span class='ocrx_word' id='word_1_740' title='bbox 3478 4513 3581 4566; x_wconf 87' lang='lat' dir='ltr'><strong>im-</strong></span> 
     </span>
    </p>
   </div>
   <div class='ocr_carea' id='block_1_93' title="bbox 297 4574 1891 4673">
    <p class='ocr_par' dir='ltr' id='par_1_93' title="bbox 297 4574 1891 4659">
     <span class='ocr_line' id='line_1_93' title="bbox 297 4574 1891 4659; baseline 0.009 -33"><span class='ocrx_word' id='word_1_741' title='bbox 297 4574 377 4627; x_wconf 74' lang='grc' dir='ltr'><strong>Μ.</strong></span> <span class='ocrx_word' id='word_1_742' title='bbox 420 4574 829 4647; x_wconf 77' lang='grc' dir='ltr'><strong>’Δναμάρτητος</strong></span> <span class='ocrx_word' id='word_1_743' title='bbox 862 4579 1036 4650; x_wconf 85' lang='grc' dir='ltr'><strong>πάντη</strong></span> <span class='ocrx_word' id='word_1_744' title='bbox 1061 4581 1089 4633; x_wconf 89' lang='grc' dir='ltr'>ὁ</span> <span class='ocrx_word' id='word_1_745' title='bbox 1113 4579 1264 4647; x_wconf 86' lang='grc' dir='ltr'><strong>Θεός.</strong></span> <span class='ocrx_word' id='word_1_746' title='bbox 1303 4583 1378 4635; x_wconf 88' lang='grc' dir='ltr'><strong>Χ.</strong></span> <span class='ocrx_word' id='word_1_747' title='bbox 1405 4584 1512 4637; x_wconf 82' lang='grc' dir='ltr'><strong>Καὶ</strong></span> <span class='ocrx_word' id='word_1_748' title='bbox 1539 4585 1738 4657; x_wconf 77' lang='grc' dir='ltr'><strong>ἡψυχὴ</strong></span> <span class='ocrx_word' id='word_1_749' title='bbox 1781 4586 1891 4659; x_wconf 80' lang='grc' dir='ltr'><strong>ἄρα</strong></span> 
     </span>
    </p>
   </div>
   <div class='ocr_carea' id='block_1_94' title="bbox 1996 4574 3581 4673">
    <p class='ocr_par' dir='ltr' id='par_1_94' title="bbox 1998 4574 3581 4673">
     <span class='ocr_line' id='line_1_94' title="bbox 1998 4574 3581 4673; baseline 0.001 -19"><span class='ocrx_word' id='word_1_750' title='bbox 1998 4574 2299 4670; x_wconf 77' lang='lat' dir='ltr'><strong>peccabilis</strong></span> <span class='ocrx_word' id='word_1_751' title='bbox 2328 4608 2433 4664; x_wconf 87' lang='lat' dir='ltr'><strong>est,</strong></span> <span class='ocrx_word' id='word_1_752' title='bbox 2466 4615 2537 4655; x_wconf 87' lang='lat' dir='ltr'><strong>an</strong></span> <span class='ocrx_word' id='word_1_753' title='bbox 2573 4601 2760 4669; x_wconf 87' lang='lat' dir='ltr'><strong>aliquo</strong></span> <span class='ocrx_word' id='word_1_754' title='bbox 2800 4604 2960 4658; x_wconf 89' lang='lat' dir='ltr'><strong>modo</strong></span> <span class='ocrx_word' id='word_1_755' title='bbox 2992 4603 3327 4673; x_wconf 74' lang='lat' dir='ltr'><strong>peccamus?</strong></span> <span class='ocrx_word' id='word_1_756' title='bbox 3366 4603 3434 4656; x_wconf 83' lang='lat' dir='ltr'><strong>M.</strong></span> <span class='ocrx_word' id='word_1_757' title='bbox 3475 4603 3581 4657; x_wconf 81' lang='lat' dir='ltr'><strong>tm-</strong></span> 
     </span>
    </p>
   </div>
   <div class='ocr_carea' id='block_1_95' title="bbox 290 4666 1324 4753">
    <p class='ocr_par' dir='ltr' id='par_1_95' title="bbox 290 4666 1324 4753">
     <span class='ocr_line' id='line_1_95' title="bbox 290 4666 1324 4753; baseline 0.007 -34"><span class='ocrx_word' id='word_1_758' title='bbox 290 4666 528 4736; x_wconf 70' lang='grc' dir='ltr'><strong>ὁμοίως,</strong></span> <span class='ocrx_word' id='word_1_759' title='bbox 558 4667 592 4738; x_wconf 75' lang='grc' dir='ltr'>ἢ</span> <span class='ocrx_word' id='word_1_760' title='bbox 618 4669 922 4753; x_wconf 82' lang='grc' dir='ltr'><strong>ἁμαρτάνει</strong></span> <span class='ocrx_word' id='word_1_761' title='bbox 960 4674 1071 4728; x_wconf 76' lang='grc' dir='ltr'><strong>τινὶ</strong></span> <span class='ocrx_word' id='word_1_762' title='bbox 1100 4673 1324 4744; x_wconf 81' lang='grc' dir='ltr'><strong>τρόπῳς</strong></span> 
     </span>
    </p>
   </div>
   <div class='ocr_carea' id='block_1_96' title="bbox 374 4867 1887 4943">
    <p class='ocr_par' dir='ltr' id='par_1_96' title="bbox 374 4867 1887 4943">
     <span class='ocr_line' id='line_1_96' title="bbox 374 4867 1887 4943; baseline 0.007 -25"><span class='ocrx_word' id='word_1_763' title='bbox 374 4867 690 4937; x_wconf 79' lang='grc' dir='ltr'><strong>Μανιχαῖος</strong></span> <span class='ocrx_word' id='word_1_764' title='bbox 746 4869 901 4923; x_wconf 82' lang='grc' dir='ltr'><strong>οὐδὲν</strong></span> <span class='ocrx_word' id='word_1_765' title='bbox 960 4871 1298 4941; x_wconf 80' lang='grc' dir='ltr'><strong>ἀπεκρίνατο</strong></span> <span class='ocrx_word' id='word_1_766' title='bbox 1363 4872 1499 4943; x_wconf 82' lang='grc' dir='ltr'><strong>πρὸς</strong></span> <span class='ocrx_word' id='word_1_767' title='bbox 1524 4872 1718 4926; x_wconf 83' lang='grc' dir='ltr'><strong>τοῦτο·</strong></span> <span class='ocrx_word' id='word_1_768' title='bbox 1755 4876 1785 4928; x_wconf 83' lang='grc' dir='ltr'><strong>ὁ</strong></span> <span class='ocrx_word' id='word_1_769' title='bbox 1829 4875 1887 4928; x_wconf 82' lang='grc' dir='ltr'><strong>δὲ</strong></span> 
     </span>
    </p>
   </div>
   <div class='ocr_carea' id='block_1_97' title="bbox 294 4958 1887 5037">
    <p class='ocr_par' dir='ltr' id='par_1_97' title="bbox 294 4958 1887 5037">
     <span class='ocr_line' id='line_1_97' title="bbox 294 4958 1887 5037; baseline 0.013 -26"><span class='ocrx_word' id='word_1_770' title='bbox 294 4958 632 5026; x_wconf 75' lang='grc' dir='ltr'><strong>Χριστιανὸς</strong></span> <span class='ocrx_word' id='word_1_771' title='bbox 670 4960 808 5031; x_wconf 81' lang='grc' dir='ltr'><strong>μετὰ</strong></span> <span class='ocrx_word' id='word_1_772' title='bbox 837 4961 937 5032; x_wconf 79' lang='grc' dir='ltr'><strong>τὴν</strong></span> <span class='ocrx_word' id='word_1_773' title='bbox 980 4962 1191 5034; x_wconf 80' lang='grc' dir='ltr'><strong>σιωπὴν</strong></span> <span class='ocrx_word' id='word_1_774' title='bbox 1223 4963 1327 5036; x_wconf 71' lang='grc' dir='ltr'><strong>ἔφη</strong></span> <span class='ocrx_word' id='word_1_775' title='bbox 1357 4980 1369 4993; x_wconf 90' lang='grc'>·</span> <span class='ocrx_word' id='word_1_776' title='bbox 1399 4964 1517 5019; x_wconf 81' lang='grc' dir='ltr'>Κᾶν</span> <span class='ocrx_word' id='word_1_777' title='bbox 1553 4968 1764 5037; x_wconf 76' lang='grc' dir='ltr'><strong>σιωπᾷς</strong></span> <span class='ocrx_word' id='word_1_778' title='bbox 1792 4968 1887 5035; x_wconf 74' lang='grc' dir='ltr'><strong>ὑφ’</strong></span> 
     </span>
    </p>
   </div>
   <div class='ocr_carea' id='block_1_98' title="bbox 297 5048 1879 5128">
    <p class='ocr_par' dir='ltr' id='par_1_98' title="bbox 297 5048 1879 5128">
     <span class='ocr_line' id='line_1_98' title="bbox 297 5048 1879 5128; baseline 0.006 -26"><span class='ocrx_word' id='word_1_779' title='bbox 297 5048 581 5119; x_wconf 85' lang='grc' dir='ltr'><strong>ορὼμενος</strong></span> <span class='ocrx_word' id='word_1_780' title='bbox 610 5050 673 5103; x_wconf 81' lang='grc' dir='ltr'><strong>τὸ</strong></span> <span class='ocrx_word' id='word_1_781' title='bbox 695 5051 940 5122; x_wconf 79' lang='grc' dir='ltr'><strong>σύμπαν,</strong></span> <span class='ocrx_word' id='word_1_782' title='bbox 974 5052 1036 5117; x_wconf 78' lang='grc' dir='ltr'>ἐξ</span> <span class='ocrx_word' id='word_1_783' title='bbox 1068 5054 1316 5125; x_wconf 81' lang='grc' dir='ltr'><strong>ἀνάγκης</strong></span> <span class='ocrx_word' id='word_1_784' title='bbox 1340 5057 1368 5109; x_wconf 86' lang='grc' dir='ltr'>ὁ</span> <span class='ocrx_word' id='word_1_785' title='bbox 1396 5056 1526 5121; x_wconf 77' lang='grc' dir='ltr'><strong>Θεὸς</strong></span> <span class='ocrx_word' id='word_1_786' title='bbox 1558 5058 1720 5110; x_wconf 81' lang='grc' dir='ltr'><strong>παντὶ</strong></span> <span class='ocrx_word' id='word_1_787' title='bbox 1752 5059 1879 5128; x_wconf 89' lang='grc' dir='ltr'><strong>τρό-</strong></span> 
     </span>
    </p>
   </div>
   <div class='ocr_carea' id='block_1_99' title="bbox 300 5141 1889 5219">
    <p class='ocr_par' dir='ltr' id='par_1_99' title="bbox 300 5141 1889 5219">
     <span class='ocr_line' id='line_1_99' title="bbox 300 5141 1889 5219; baseline 0.007 -28"><span class='ocrx_word' id='word_1_788' title='bbox 300 5152 391 5210; x_wconf 76' lang='grc' dir='ltr'><strong>πῳ</strong></span> <span class='ocrx_word' id='word_1_789' title='bbox 453 5141 874 5212; x_wconf 76' lang='grc' dir='ltr'><strong>ἀναμάρτητοςο</strong></span> <span class='ocrx_word' id='word_1_790' title='bbox 921 5144 955 5212; x_wconf 83' lang='grc' dir='ltr'>ἡ</span> <span class='ocrx_word' id='word_1_791' title='bbox 1004 5142 1148 5216; x_wconf 78' lang='grc' dir='ltr'><strong>ψυχὴ</strong></span> <span class='ocrx_word' id='word_1_792' title='bbox 1191 5147 1252 5199; x_wconf 86' lang='grc' dir='ltr'><strong>οὐ</strong></span> <span class='ocrx_word' id='word_1_793' title='bbox 1305 5148 1467 5200; x_wconf 74' lang='grc' dir='ltr'><strong>παντὶ</strong></span> <span class='ocrx_word' id='word_1_794' title='bbox 1510 5148 1699 5219; x_wconf 79' lang='grc' dir='ltr'><strong>τρόπῳ</strong></span> <span class='ocrx_word' id='word_1_795' title='bbox 1758 5150 1889 5202; x_wconf 83' lang='grc' dir='ltr'><strong>ἀνα-</strong></span> 
     </span>
    </p>
   </div>
   <div class='ocr_carea' id='block_1_100' title="bbox 304 5231 1879 5310">
    <p class='ocr_par' dir='ltr' id='par_1_100' title="bbox 304 5231 1879 5310">
     <span class='ocr_line' id='line_1_100' title="bbox 304 5231 1879 5310; baseline 0.006 -25"><span class='ocrx_word' id='word_1_796' title='bbox 304 5231 584 5304; x_wconf 83' lang='grc' dir='ltr'><strong>μάρτητος</strong></span> <span class='ocrx_word' id='word_1_797' title='bbox 614 5251 629 5264; x_wconf 89' lang='grc'><strong>·</strong></span> <span class='ocrx_word' id='word_1_798' title='bbox 664 5238 698 5305; x_wconf 83' lang='grc' dir='ltr'>ἡ</span> <span class='ocrx_word' id='word_1_799' title='bbox 728 5235 875 5305; x_wconf 80' lang='grc' dir='ltr'><strong>ψυχὴ</strong></span> <span class='ocrx_word' id='word_1_800' title='bbox 916 5236 1005 5307; x_wconf 82' lang='grc' dir='ltr'><strong>ἄρ’</strong></span> <span class='ocrx_word' id='word_1_801' title='bbox 1040 5238 1140 5290; x_wconf 73' lang='grc' dir='ltr'><strong>οὐκ</strong></span> <span class='ocrx_word' id='word_1_802' title='bbox 1172 5237 1291 5293; x_wconf 83' lang='grc' dir='ltr'><strong>ἔστι</strong></span> <span class='ocrx_word' id='word_1_803' title='bbox 1329 5240 1429 5310; x_wconf 75' lang='grc' dir='ltr'><strong>τῆς</strong></span> <span class='ocrx_word' id='word_1_804' title='bbox 1469 5240 1619 5304; x_wconf 82' lang='grc' dir='ltr'><strong>θείας</strong></span> <span class='ocrx_word' id='word_1_805' title='bbox 1665 5242 1879 5305; x_wconf 78' lang='grc' dir='ltr'><strong>οὐσίας.</strong></span> 
     </span>
    </p>
   </div>
   <div class='ocr_carea' id='block_1_101' title="bbox 296 5311 1867 5403">
    <p class='ocr_par' dir='ltr' id='par_1_101' title="bbox 296 5311 1867 5403">
     <span class='ocr_line' id='line_1_101' title="bbox 296 5311 1867 5403; baseline 0.006 -26"><span class='ocrx_word' id='word_1_806' title='bbox 296 5325 377 5378; x_wconf 82' lang='grc' dir='ltr'><strong>Μ.</strong></span> <span class='ocrx_word' id='word_1_807' title='bbox 414 5325 490 5377; x_wconf 82' lang='grc' dir='ltr'><strong>Οὐ</strong></span> <span class='ocrx_word' id='word_1_808' title='bbox 514 5326 753 5398; x_wconf 79' lang='grc' dir='ltr'><strong>συνήχθη</strong></span> <span class='ocrx_word' id='word_1_809' title='bbox 773 5311 1084 5393; x_wconf 80' lang='grc' dir='ltr'><strong>ἀκολούθως</strong></span> <span class='ocrx_word' id='word_1_810' title='bbox 1109 5332 1223 5394; x_wconf 89' lang='grc' dir='ltr'><strong>τοῖς</strong></span> <span class='ocrx_word' id='word_1_811' title='bbox 1257 5330 1510 5401; x_wconf 87' lang='grc' dir='ltr'><strong>λήμμασι</strong></span> <span class='ocrx_word' id='word_1_812' title='bbox 1541 5332 1600 5384; x_wconf 79' lang='grc' dir='ltr'><strong>τὸ</strong></span> <span class='ocrx_word' id='word_1_813' title='bbox 1625 5331 1867 5403; x_wconf 66' lang='grc' dir='ltr'><strong>σύμπαν.</strong></span> 
     </span>
    </p>
   </div>
   <div class='ocr_carea' id='block_1_102' title="bbox 297 5415 1887 5494">
    <p class='ocr_par' dir='ltr' id='par_1_102' title="bbox 297 5415 1887 5494">
     <span class='ocr_line' id='line_1_102' title="bbox 297 5415 1887 5494; baseline 0.005 -24"><span class='ocrx_word' id='word_1_814' title='bbox 297 5415 369 5471; x_wconf 87' lang='grc' dir='ltr'><strong>Χ.</strong></span> <span class='ocrx_word' id='word_1_815' title='bbox 403 5416 664 5486; x_wconf 80' lang='grc' dir='ltr'><strong>Ἔλεγξον</strong></span> <span class='ocrx_word' id='word_1_816' title='bbox 696 5419 745 5472; x_wconf 83' lang='grc' dir='ltr'><strong>εί</strong></span> <span class='ocrx_word' id='word_1_817' title='bbox 776 5417 953 5483; x_wconf 76' lang='grc' dir='ltr'><strong>οὕτως</strong></span> <span class='ocrx_word' id='word_1_818' title='bbox 979 5419 1093 5490; x_wconf 75' lang='grc' dir='ltr'><strong>ἔχει</strong></span> <span class='ocrx_word' id='word_1_819' title='bbox 1129 5421 1205 5484; x_wconf 86' lang='grc' dir='ltr'><strong>ὡς</strong></span> <span class='ocrx_word' id='word_1_820' title='bbox 1244 5420 1401 5491; x_wconf 64' lang='grc' dir='ltr'><strong>ἔφης.</strong></span> <span class='ocrx_word' id='word_1_821' title='bbox 1432 5423 1508 5476; x_wconf 86' lang='grc' dir='ltr'><strong>Μ.</strong></span> <span class='ocrx_word' id='word_1_822' title='bbox 1554 5423 1786 5494; x_wconf 84' lang='grc' dir='ltr'><strong>Δέδεμαι</strong></span> <span class='ocrx_word' id='word_1_823' title='bbox 1829 5427 1887 5479; x_wconf 82' lang='grc' dir='ltr'><strong>ἐν</strong></span> 
     </span>
    </p>
   </div>
   <div class='ocr_carea' id='block_1_103' title="bbox 292 5506 1881 5587">
    <p class='ocr_par' dir='ltr' id='par_1_103' title="bbox 292 5506 1881 5587">
     <span class='ocr_line' id='line_1_103' title="bbox 292 5506 1881 5587; baseline 0.006 -27"><span class='ocrx_word' id='word_1_824' title='bbox 292 5506 524 5578; x_wconf 80' lang='grc' dir='ltr'><strong>δεσμοῖς</strong></span> <span class='ocrx_word' id='word_1_825' title='bbox 561 5509 656 5562; x_wconf 77' lang='grc' dir='ltr'><strong>καὶ</strong></span> <span class='ocrx_word' id='word_1_826' title='bbox 684 5510 743 5563; x_wconf 82' lang='grc' dir='ltr'><strong>οὐ</strong></span> <span class='ocrx_word' id='word_1_827' title='bbox 773 5509 1028 5580; x_wconf 77' lang='grc' dir='ltr'><strong>δύναμαι.</strong></span> <span class='ocrx_word' id='word_1_828' title='bbox 1057 5512 1125 5565; x_wconf 84' lang='grc' dir='ltr'><strong>Χ.</strong></span> <span class='ocrx_word' id='word_1_829' title='bbox 1158 5513 1221 5565; x_wconf 77' lang='lat' dir='ltr'><strong>Et</strong></span> <span class='ocrx_word' id='word_1_830' title='bbox 1257 5512 1354 5567; x_wconf 80' lang='grc' dir='ltr'><strong>καὶ</strong></span> <span class='ocrx_word' id='word_1_831' title='bbox 1380 5512 1590 5569; x_wconf 79' lang='grc' dir='ltr'><strong>δέδεται</strong></span> <span class='ocrx_word' id='word_1_832' title='bbox 1613 5515 1672 5567; x_wconf 79' lang='grc' dir='ltr'><strong>τὸ</strong></span> <span class='ocrx_word' id='word_1_833' title='bbox 1702 5515 1881 5587; x_wconf 80' lang='grc' dir='ltr'><strong>σῶμα,</strong></span> 
     </span>
    </p>
   </div>
   <div class='ocr_carea' id='block_1_104' title="bbox 1998 4684 3582 4760">
    <p class='ocr_par' dir='ltr' id='par_1_104' title="bbox 1998 4684 3582 4760">
     <span class='ocr_line' id='line_1_104' title="bbox 1998 4684 3582 4760; baseline 0.004 -18"><span class='ocrx_word' id='word_1_834' title='bbox 1998 4686 2290 4758; x_wconf 79' lang='lat' dir='ltr'><strong>peccahilis</strong></span> <span class='ocrx_word' id='word_1_835' title='bbox 2335 4702 2565 4760; x_wconf 85' lang='lat' dir='ltr'><strong>prorsus</strong></span> <span class='ocrx_word' id='word_1_836' title='bbox 2608 4689 2771 4746; x_wconf 88' lang='lat' dir='ltr'><strong>Deus.</strong></span> <span class='ocrx_word' id='word_1_837' title='bbox 2821 4684 3169 4748; x_wconf 42' lang='lat' dir='ltr'><strong>ChﬁAnima</strong></span> <span class='ocrx_word' id='word_1_838' title='bbox 3210 4700 3392 4748; x_wconf 88' lang='lat' dir='ltr'><strong>autem</strong></span> <span class='ocrx_word' id='word_1_839' title='bbox 3436 4694 3582 4748; x_wconf 83' lang='lat' dir='ltr'><strong>itane</strong></span> 
     </span>
    </p>
   </div>
   <div class='ocr_carea' id='block_1_105' title="bbox 1995 4776 3367 4855">
    <p class='ocr_par' dir='ltr' id='par_1_105' title="bbox 1995 4776 3367 4855">
     <span class='ocr_line' id='line_1_105' title="bbox 1995 4776 3367 4855; baseline 0.001 -20"><span class='ocrx_word' id='word_1_840' title='bbox 1995 4797 2055 4836; x_wconf 91' lang='lat' dir='ltr'><strong>se</strong></span> <span class='ocrx_word' id='word_1_841' title='bbox 2086 4782 2271 4846; x_wconf 84' lang='lat' dir='ltr'><strong>habet,</strong></span> <span class='ocrx_word' id='word_1_842' title='bbox 2311 4778 2380 4836; x_wconf 88' lang='lat' dir='ltr'><strong>an</strong></span> <span class='ocrx_word' id='word_1_843' title='bbox 2410 4783 2598 4853; x_wconf 92' lang='lat' dir='ltr'><strong>aliquo</strong></span> <span class='ocrx_word' id='word_1_844' title='bbox 2625 4784 2791 4838; x_wconf 91' lang='lat' dir='ltr'><strong>modo</strong></span> <span class='ocrx_word' id='word_1_845' title='bbox 2816 4785 3048 4855; x_wconf 84' lang='lat' dir='ltr'><strong>peccat?</strong></span> <span class='ocrx_word' id='word_1_846' title='bbox 3144 4792 3149 4797; x_wconf 84' lang='lat'><em>&#39;</em></span> <span class='ocrx_word' id='word_1_847' title='bbox 3364 4776 3367 4781; x_wconf 80' lang='grc'><em>’</em></span> 
     </span>
    </p>
   </div>
   <div class='ocr_carea' id='block_1_106' title="bbox 2065 4869 3580 4945">
    <p class='ocr_par' dir='ltr' id='par_1_106' title="bbox 2065 4869 3580 4945">
     <span class='ocr_line' id='line_1_106' title="bbox 2065 4869 3580 4945; baseline 0.003 -20"><span class='ocrx_word' id='word_1_848' title='bbox 2065 4869 2400 4927; x_wconf 73' lang='lat' dir='ltr'><strong>Manichacus</strong></span> <span class='ocrx_word' id='word_1_849' title='bbox 2444 4872 2579 4927; x_wconf 89' lang='lat' dir='ltr'><strong>nihil</strong></span> <span class='ocrx_word' id='word_1_850' title='bbox 2621 4874 2688 4929; x_wconf 88' lang='lat' dir='ltr'><strong>ad</strong></span> <span class='ocrx_word' id='word_1_851' title='bbox 2722 4875 3185 4944; x_wconf 56' lang='lat' dir='ltr'><strong>hoc‘respondit;</strong></span> <span class='ocrx_word' id='word_1_852' title='bbox 3232 4890 3343 4945; x_wconf 86' lang='lat' dir='ltr'><strong>quo</strong></span> <span class='ocrx_word' id='word_1_853' title='bbox 3387 4877 3580 4930; x_wconf 76' lang='lat' dir='ltr'><strong>silente</strong></span> 
     </span>
    </p>
   </div>
   <div class='ocr_carea' id='block_1_107' title="bbox 1992 4961 3580 5034">
    <p class='ocr_par' dir='ltr' id='par_1_107' title="bbox 1992 4961 3580 5034">
     <span class='ocr_line' id='line_1_107' title="bbox 1992 4961 3580 5034; baseline 0.001 -17"><span class='ocrx_word' id='word_1_854' title='bbox 1992 4961 2340 5018; x_wconf 84' lang='lat' dir='ltr'><strong>Christianus</strong></span> <span class='ocrx_word' id='word_1_855' title='bbox 2383 4964 2521 5018; x_wconf 84' lang='lat' dir='ltr'><strong>dixit</strong></span> <span class='ocrx_word' id='word_1_856' title='bbox 2562 4981 2574 5017; x_wconf 93' lang='lat'><strong>:</strong></span> <span class='ocrx_word' id='word_1_857' title='bbox 2622 4963 2947 5034; x_wconf 81' lang='lat' dir='ltr'><strong>Quanquam</strong></span> <span class='ocrx_word' id='word_1_858' title='bbox 2986 4973 3042 5019; x_wconf 91' lang='lat' dir='ltr'><strong>tu</strong></span> <span class='ocrx_word' id='word_1_859' title='bbox 3076 4966 3226 5029; x_wconf 85' lang='lat' dir='ltr'><strong>siles,</strong></span> <span class='ocrx_word' id='word_1_860' title='bbox 3262 4966 3331 5021; x_wconf 87' lang='lat' dir='ltr'><strong>de</strong></span> <span class='ocrx_word' id='word_1_861' title='bbox 3370 4980 3429 5019; x_wconf 89' lang='lat' dir='ltr'><strong>re</strong></span> <span class='ocrx_word' id='word_1_862' title='bbox 3470 4975 3580 5019; x_wconf 85' lang='lat' dir='ltr'><strong>tota</strong></span> 
     </span>
    </p>
   </div>
   <div class='ocr_carea' id='block_1_108' title="bbox 1994 5057 3579 5129">
    <p class='ocr_par' dir='ltr' id='par_1_108' title="bbox 1994 5057 3579 5129">
     <span class='ocr_line' id='line_1_108' title="bbox 1994 5057 3579 5129; baseline 0 -20"><span class='ocrx_word' id='word_1_863' title='bbox 1994 5065 2265 5122; x_wconf 87' lang='lat' dir='ltr'><strong>metuens,</strong></span> <span class='ocrx_word' id='word_1_864' title='bbox 2300 5058 2639 5126; x_wconf 62' lang='lat' dir='ltr'><strong>{necessario</strong></span> <span class='ocrx_word' id='word_1_865' title='bbox 2682 5067 2862 5113; x_wconf 83' lang='lat' dir='ltr'><strong>tamen</strong></span> <span class='ocrx_word' id='word_1_866' title='bbox 2900 5057 3044 5113; x_wconf 85' lang='lat' dir='ltr'><strong>Deus</strong></span> <span class='ocrx_word' id='word_1_867' title='bbox 3083 5072 3311 5129; x_wconf 88' lang='lat' dir='ltr'><strong>prorsus</strong></span> <span class='ocrx_word' id='word_1_868' title='bbox 3343 5064 3429 5112; x_wconf 91' lang='lat' dir='ltr'><strong>est</strong></span> <span class='ocrx_word' id='word_1_869' title='bbox 3472 5057 3579 5110; x_wconf 70' lang='lat' dir='ltr'><strong>im~</strong></span> 
     </span>
    </p>
   </div>
   <div class='ocr_carea' id='block_1_109' title="bbox 1993 5148 3579 5219">
    <p class='ocr_par' dir='ltr' id='par_1_109' title="bbox 1993 5148 3579 5219">
     <span class='ocr_line' id='line_1_109' title="bbox 1993 5148 3579 5219; baseline -0.001 -15"><span class='ocrx_word' id='word_1_870' title='bbox 1993 5148 2312 5218; x_wconf 88' lang='lat' dir='ltr'><strong>peccabilis;</strong></span> <span class='ocrx_word' id='word_1_871' title='bbox 2335 5150 2587 5219; x_wconf 90' lang='lat' dir='ltr'><strong>sequitur</strong></span> <span class='ocrx_word' id='word_1_872' title='bbox 2609 5166 2739 5219; x_wconf 84' lang='lat' dir='ltr'><strong>ergo</strong></span> <span class='ocrx_word' id='word_1_873' title='bbox 2760 5161 2819 5207; x_wconf 89' lang='lat' dir='ltr'><strong>ut</strong></span> <span class='ocrx_word' id='word_1_874' title='bbox 2836 5152 3017 5206; x_wconf 84' lang='lat' dir='ltr'><strong>anima</strong></span> <span class='ocrx_word' id='word_1_875' title='bbox 3034 5152 3217 5205; x_wconf 88' lang='lat' dir='ltr'><strong>divina</strong></span> <span class='ocrx_word' id='word_1_876' title='bbox 3237 5163 3344 5204; x_wconf 84' lang='lat' dir='ltr'><strong>non</strong></span> <span class='ocrx_word' id='word_1_877' title='bbox 3364 5159 3579 5204; x_wconf 76' lang='lat' dir='ltr'><strong>constet</strong></span> 
     </span>
    </p>
   </div>
   <div class='ocr_carea' id='block_1_110' title="bbox 1993 5241 3575 5314">
    <p class='ocr_par' dir='ltr' id='par_1_110' title="bbox 1993 5241 3575 5314">
     <span class='ocr_line' id='line_1_110' title="bbox 1993 5241 3575 5314; baseline 0 -19"><span class='ocrx_word' id='word_1_878' title='bbox 1993 5242 2324 5296; x_wconf 86' lang='lat' dir='ltr'><strong>substantia.</strong></span> <span class='ocrx_word' id='word_1_879' title='bbox 2357 5241 2425 5296; x_wconf 87' lang='grc' dir='ltr'><strong>Μ.</strong></span> <span class='ocrx_word' id='word_1_880' title='bbox 2459 5242 2537 5296; x_wconf 77' lang='lat' dir='ltr'><strong>Ex</strong></span> <span class='ocrx_word' id='word_1_881' title='bbox 2578 5244 2663 5299; x_wconf 89' lang='lat' dir='ltr'><strong>his</strong></span> <span class='ocrx_word' id='word_1_882' title='bbox 2695 5244 3046 5299; x_wconf 87' lang='lat' dir='ltr'><strong>letumatibus</strong></span> <span class='ocrx_word' id='word_1_883' title='bbox 3085 5242 3353 5314; x_wconf 75' lang='lat' dir='ltr'><strong>generalis</strong></span> <span class='ocrx_word' id='word_1_884' title='bbox 3379 5256 3575 5297; x_wconf 88' lang='lat' dir='ltr'><strong>conse-</strong></span> 
     </span>
    </p>
   </div>
   <div class='ocr_carea' id='block_1_111' title="bbox 1992 5330 3576 5408">
    <p class='ocr_par' dir='ltr' id='par_1_111' title="bbox 1992 5330 3576 5408">
     <span class='ocr_line' id='line_1_111' title="bbox 1992 5330 3576 5408; baseline 0 -19"><span class='ocrx_word' id='word_1_885' title='bbox 1992 5335 2215 5405; x_wconf 87' lang='lat' dir='ltr'><strong>quentia</strong></span> <span class='ocrx_word' id='word_1_886' title='bbox 2263 5351 2369 5389; x_wconf 91' lang='lat' dir='ltr'><strong>non</strong></span> <span class='ocrx_word' id='word_1_887' title='bbox 2415 5336 2707 5407; x_wconf 75' lang='lat' dir='ltr'><strong>colligitur.</strong></span> <span class='ocrx_word' id='word_1_888' title='bbox 2754 5330 2857 5392; x_wconf 87' lang='lat' dir='ltr'><strong>Ch.</strong></span> <span class='ocrx_word' id='word_1_889' title='bbox 2896 5338 3162 5408; x_wconf 83' lang='lat' dir='ltr'><strong>Coargue,</strong></span> <span class='ocrx_word' id='word_1_890' title='bbox 3196 5337 3242 5390; x_wconf 87' lang='lat' dir='ltr'><strong>si</strong></span> <span class='ocrx_word' id='word_1_891' title='bbox 3284 5349 3371 5390; x_wconf 88' lang='lat' dir='ltr'><strong>res</strong></span> <span class='ocrx_word' id='word_1_892' title='bbox 3407 5334 3482 5388; x_wconf 88' lang='lat' dir='ltr'><strong>ita</strong></span> <span class='ocrx_word' id='word_1_893' title='bbox 3518 5353 3576 5389; x_wconf 88' lang='lat' dir='ltr'><strong>se</strong></span> 
     </span>
    </p>
   </div>
   <div class='ocr_carea' id='block_1_112' title="bbox 1994 5426 3611 5509">
    <p class='ocr_par' dir='ltr' id='par_1_112' title="bbox 1994 5426 3611 5509">
     <span class='ocr_line' id='line_1_112' title="bbox 1994 5426 3611 5509; baseline -0.001 -28"><span class='ocrx_word' id='word_1_894' title='bbox 1994 5426 2178 5491; x_wconf 87' lang='lat' dir='ltr'><strong>habet,</strong></span> <span class='ocrx_word' id='word_1_895' title='bbox 2213 5436 2272 5481; x_wconf 91' lang='lat' dir='ltr'><strong>ut</strong></span> <span class='ocrx_word' id='word_1_896' title='bbox 2319 5427 2477 5483; x_wconf 89' lang='lat' dir='ltr'><strong>dicis.</strong></span> <span class='ocrx_word' id='word_1_897' title='bbox 2523 5427 2594 5483; x_wconf 86' lang='grc' dir='ltr'><strong>Μ.</strong></span> <span class='ocrx_word' id='word_1_898' title='bbox 2640 5428 2888 5484; x_wconf 80' lang='lat' dir='ltr'><strong>Vinculis</strong></span> <span class='ocrx_word' id='word_1_899' title='bbox 2937 5429 3152 5499; x_wconf 82' lang='lat' dir='ltr'><strong>alligor,</strong></span> <span class='ocrx_word' id='word_1_900' title='bbox 3194 5427 3426 5497; x_wconf 87' lang='lat' dir='ltr'><strong>ideoque</strong></span> <span class='ocrx_word' id='word_1_901' title='bbox 3464 5442 3611 5509; x_wconf 20' lang='lat' dir='ltr'><strong>non,</strong></span> 
     </span>
    </p>
   </div>
   <div class='ocr_carea' id='block_1_113' title="bbox 1989 5517 3570 5592">
    <p class='ocr_par' dir='ltr' id='par_1_113' title="bbox 1989 5517 3570 5592">
     <span class='ocr_line' id='line_1_113' title="bbox 1989 5517 3570 5592; baseline 0 -21"><span class='ocrx_word' id='word_1_902' title='bbox 1989 5518 2165 5573; x_wconf 87' lang='lat' dir='ltr'><strong>valeo.</strong></span> <span class='ocrx_word' id='word_1_903' title='bbox 2190 5517 2293 5572; x_wconf 88' lang='lat' dir='ltr'><strong>Ch.</strong></span> <span class='ocrx_word' id='word_1_904' title='bbox 2320 5518 2549 5576; x_wconf 86' lang='lat' dir='ltr'><strong>Etiamsi</strong></span> <span class='ocrx_word' id='word_1_905' title='bbox 2573 5535 2774 5591; x_wconf 87' lang='lat' dir='ltr'><strong>corpus</strong></span> <span class='ocrx_word' id='word_1_906' title='bbox 2794 5521 3070 5592; x_wconf 84' lang='lat' dir='ltr'><strong>alligatur,</strong></span> <span class='ocrx_word' id='word_1_907' title='bbox 3106 5521 3287 5575; x_wconf 81' lang='lat' dir='ltr'><strong>anima</strong></span> <span class='ocrx_word' id='word_1_908' title='bbox 3315 5528 3495 5573; x_wconf 88' lang='lat' dir='ltr'><strong>tamen</strong></span> <span class='ocrx_word' id='word_1_909' title='bbox 3520 5518 3570 5571; x_wconf 88' lang='lat' dir='ltr'><strong>iu</strong></span> 
     </span>
    </p>
   </div>
   <div class='ocr_carea' id='block_1_114' title="bbox 286 5598 1891 5680">
    <p class='ocr_par' dir='ltr' id='par_1_114' title="bbox 286 5598 1885 5680">
     <span class='ocr_line' id='line_1_114' title="bbox 286 5598 1885 5680; baseline 0.008 -29"><span class='ocrx_word' id='word_1_910' title='bbox 286 5598 418 5651; x_wconf 66' lang='grc' dir='ltr'><strong>ἀλλ’</strong></span> <span class='ocrx_word' id='word_1_911' title='bbox 449 5599 551 5670; x_wconf 83' lang='grc' dir='ltr'><strong>οὐχ</strong></span> <span class='ocrx_word' id='word_1_912' title='bbox 592 5601 627 5671; x_wconf 81' lang='grc' dir='ltr'><strong>ή</strong></span> <span class='ocrx_word' id='word_1_913' title='bbox 653 5600 800 5674; x_wconf 76' lang='grc' dir='ltr'><strong>ψυχὴ</strong></span> <span class='ocrx_word' id='word_1_914' title='bbox 823 5601 1191 5674; x_wconf 75' lang='grc' dir='ltr'><strong>προϐέϐληται</strong></span> <span class='ocrx_word' id='word_1_915' title='bbox 1224 5605 1282 5658; x_wconf 82' lang='grc' dir='ltr'><strong>ἐν</strong></span> <span class='ocrx_word' id='word_1_916' title='bbox 1301 5604 1519 5677; x_wconf 88' lang='grc' dir='ltr'><strong>δεσμοῖς</strong></span> <span class='ocrx_word' id='word_1_917' title='bbox 1546 5624 1561 5639; x_wconf 87' lang='grc'><strong>·</strong></span> <span class='ocrx_word' id='word_1_918' title='bbox 1593 5608 1712 5662; x_wconf 88' lang='grc' dir='ltr'><strong>καθ’</strong></span> <span class='ocrx_word' id='word_1_919' title='bbox 1738 5611 1885 5680; x_wconf 81' lang='grc' dir='ltr'><strong>ὑμᾶς</strong></span> 
     </span>
    </p>
   </div>
   <div class='ocr_carea' id='block_1_115' title="bbox 1996 5598 3568 5680">
    <p class='ocr_par' dir='ltr' id='par_1_115' title="bbox 1996 5609 3568 5680">
     <span class='ocr_line' id='line_1_115' title="bbox 1996 5609 3568 5680; baseline 0.001 -17"><span class='ocrx_word' id='word_1_920' title='bbox 1996 5610 2206 5664; x_wconf 86' lang='lat' dir='ltr'><strong>vincula</strong></span> <span class='ocrx_word' id='word_1_921' title='bbox 2229 5625 2334 5663; x_wconf 87' lang='lat' dir='ltr'><strong>non</strong></span> <span class='ocrx_word' id='word_1_922' title='bbox 2358 5619 2443 5665; x_wconf 88' lang='lat' dir='ltr'><strong>est</strong></span> <span class='ocrx_word' id='word_1_923' title='bbox 2471 5611 2716 5680; x_wconf 83' lang='lat' dir='ltr'><strong>conjecta</strong></span> <span class='ocrx_word' id='word_1_924' title='bbox 2747 5626 2760 5666; x_wconf 88' lang='lat'><strong>:</strong></span> <span class='ocrx_word' id='word_1_925' title='bbox 2790 5613 2843 5666; x_wconf 91' lang='lat' dir='ltr'><strong>in</strong></span> <span class='ocrx_word' id='word_1_926' title='bbox 2869 5621 3047 5668; x_wconf 88' lang='lat' dir='ltr'><strong>vestra</strong></span> <span class='ocrx_word' id='word_1_927' title='bbox 3074 5620 3256 5667; x_wconf 88' lang='lat' dir='ltr'><strong>autem</strong></span> <span class='ocrx_word' id='word_1_928' title='bbox 3280 5609 3568 5675; x_wconf 85' lang='lat' dir='ltr'><strong>sententia,</strong></span> 
     </span>
    </p>
   </div>
   <div class='ocr_carea' id='block_1_116' title="bbox 288 5686 1886 5773">
    <p class='ocr_par' dir='ltr' id='par_1_116' title="bbox 288 5686 1886 5773">
     <span class='ocr_line' id='line_1_116' title="bbox 288 5686 1886 5773; baseline 0.008 -28"><span class='ocrx_word' id='word_1_929' title='bbox 288 5686 358 5745; x_wconf 76' lang='grc' dir='ltr'><strong>δὲ</strong></span> <span class='ocrx_word' id='word_1_930' title='bbox 379 5692 448 5762; x_wconf 78' lang='grc' dir='ltr'><strong>τῇ</strong></span> <span class='ocrx_word' id='word_1_931' title='bbox 479 5691 575 5746; x_wconf 80' lang='grc' dir='ltr'><strong>τοῦ</strong></span> <span class='ocrx_word' id='word_1_932' title='bbox 616 5692 867 5764; x_wconf 87' lang='grc' dir='ltr'><strong>σώματος</strong></span> <span class='ocrx_word' id='word_1_933' title='bbox 904 5695 1081 5749; x_wconf 78' lang='grc' dir='ltr'><strong>κακοῦ</strong></span> <span class='ocrx_word' id='word_1_934' title='bbox 1118 5700 1182 5768; x_wconf 82' lang='grc' dir='ltr'><strong>τῇ</strong></span> <span class='ocrx_word' id='word_1_935' title='bbox 1218 5696 1375 5766; x_wconf 80' lang='grc' dir='ltr'><strong>φύσει</strong></span> <span class='ocrx_word' id='word_1_936' title='bbox 1421 5699 1757 5773; x_wconf 83' lang='grc' dir='ltr'><strong>ὑπάρχοντος</strong></span> <span class='ocrx_word' id='word_1_937' title='bbox 1789 5721 1886 5758; x_wconf 86' lang='grc' dir='ltr'><strong>τα-</strong></span> 
     </span>
    </p>
   </div>
   <div class='ocr_carea' id='block_1_117' title="bbox 298 5778 1877 5864">
    <p class='ocr_par' dir='ltr' id='par_1_117' title="bbox 298 5778 1877 5864">
     <span class='ocr_line' id='line_1_117' title="bbox 298 5778 1877 5864; baseline 0.007 -30"><span class='ocrx_word' id='word_1_938' title='bbox 298 5778 563 5835; x_wconf 69' lang='grc' dir='ltr'><strong>πεινώσει</strong></span> <span class='ocrx_word' id='word_1_939' title='bbox 618 5800 675 5837; x_wconf 91' lang='grc' dir='ltr'><strong>τε</strong></span> <span class='ocrx_word' id='word_1_940' title='bbox 718 5785 812 5838; x_wconf 78' lang='grc' dir='ltr'><strong>καὶ</strong></span> <span class='ocrx_word' id='word_1_941' title='bbox 859 5784 1055 5857; x_wconf 68' lang='grc' dir='ltr'><strong>θλίψει,</strong></span> <span class='ocrx_word' id='word_1_942' title='bbox 1091 5786 1317 5856; x_wconf 70' lang='grc' dir='ltr'><strong>ὑψοῦται</strong></span> <span class='ocrx_word' id='word_1_943' title='bbox 1365 5789 1564 5859; x_wconf 83' lang='grc' dir='ltr'><strong>μᾶλλον</strong></span> <span class='ocrx_word' id='word_1_944' title='bbox 1609 5793 1643 5862; x_wconf 76' lang='grc' dir='ltr'><strong>ἡ</strong></span> <span class='ocrx_word' id='word_1_945' title='bbox 1675 5792 1818 5864; x_wconf 57' lang='grc' dir='ltr'><strong>ψυχή</strong></span> <span class='ocrx_word' id='word_1_946' title='bbox 1867 5812 1877 5823; x_wconf 73' lang='grc'><em>’</em></span> 
     </span>
    </p>
   </div>
   <div class='ocr_carea' id='block_1_118' title="bbox 1989 5702 3569 5776">
    <p class='ocr_par' dir='ltr' id='par_1_118' title="bbox 1989 5702 3569 5776">
     <span class='ocr_line' id='line_1_118' title="bbox 1989 5702 3569 5776; baseline -0.001 -18"><span class='ocrx_word' id='word_1_947' title='bbox 1989 5702 2241 5771; x_wconf 86' lang='lat' dir='ltr'><strong>corporis</strong></span> <span class='ocrx_word' id='word_1_948' title='bbox 2270 5705 2416 5773; x_wconf 86' lang='lat' dir='ltr'><strong>quod</strong></span> <span class='ocrx_word' id='word_1_949' title='bbox 2450 5715 2640 5776; x_wconf 88' lang='lat' dir='ltr'><strong>suapte</strong></span> <span class='ocrx_word' id='word_1_950' title='bbox 2670 5715 2868 5761; x_wconf 86' lang='lat' dir='ltr'><strong>natura</strong></span> <span class='ocrx_word' id='word_1_951' title='bbox 2911 5705 3115 5761; x_wconf 84' lang='lat' dir='ltr'><strong>malum</strong></span> <span class='ocrx_word' id='word_1_952' title='bbox 3158 5714 3240 5761; x_wconf 86' lang='lat' dir='ltr'><strong>est</strong></span> <span class='ocrx_word' id='word_1_953' title='bbox 3264 5704 3569 5775; x_wconf 79' lang='lat' dir='ltr'><strong>dejectione</strong></span> 
     </span>
    </p>
   </div>
   <div class='ocr_carea' id='block_1_119' title="bbox 1986 5797 3579 5873">
    <p class='ocr_par' dir='ltr' id='par_1_119' title="bbox 1986 5797 3579 5873">
     <span class='ocr_line' id='line_1_119' title="bbox 1986 5797 3579 5873; baseline -0.001 -21"><span class='ocrx_word' id='word_1_954' title='bbox 1986 5805 2039 5852; x_wconf 92' lang='lat' dir='ltr'><strong>ct</strong></span> <span class='ocrx_word' id='word_1_955' title='bbox 2061 5811 2345 5866; x_wconf 80' lang='lat' dir='ltr'><strong>pressura,</strong></span> <span class='ocrx_word' id='word_1_956' title='bbox 2371 5797 2554 5853; x_wconf 82' lang='lat' dir='ltr'><strong>anima</strong></span> <span class='ocrx_word' id='word_1_957' title='bbox 2594 5798 2766 5867; x_wconf 76' lang='lat' dir='ltr'><strong>magis</strong></span> <span class='ocrx_word' id='word_1_958' title='bbox 2807 5798 3108 5856; x_wconf 87' lang='lat' dir='ltr'><strong>extollitur.</strong></span> <span class='ocrx_word' id='word_1_959' title='bbox 3144 5798 3372 5873; x_wconf 85' lang='lat' dir='ltr'><strong>Disputa</strong></span> <span class='ocrx_word' id='word_1_960' title='bbox 3405 5797 3579 5868; x_wconf 70' lang='lat' dir='ltr'><strong>igitur</strong></span> 
     </span>
    </p>
   </div>
  </div>
