4062 6434
355 353 462 416 535

1621 343 1849 407 PAULI
1872 343 2318 409 CHRISTIANI

3500 347 3610 411 536

353 466 412 521 in
433 462 670 520 vinculis
695 461 878 532 potius
898 460 1249 526 constitutus,
1278 473 1443 530 quam
1461 459 1578 514 sine
1602 459 1719 525 his;
1743 473 1919 529 quan-

2048 459 2338 531 ἷιαλέχθητι
2361 452 2452 513 οῦν
2486 457 2683 530 μᾶλλον
2707 457 2765 510 ἐν
2792 457 3008 528 δεσμοῖς
3031 455 3108 511 ὣν
3127 457 3162 528 ἦ
3190 457 3396 511 τούτων
3411 446 3610 527 χωρὶς,

354 557 645 626 doquidem
665 555 734 609 ab
757 555 843 610 his
868 568 1067 625 corpus
1087 546 1429 622 deprimitur,
1450 551 1632 606 anima
1653 565 1785 605 vero
1801 549 1928 606 hinc

2048 551 2126 605 τοῦ
2159 551 2406 622 σώματος
2467 549 2555 605 διὰ
2599 549 2807 604 τούτων
2865 549 3326 619 ταπεινουμένου,
3367 551 3464 604 καὶ
3504 550 3612 618 τῆς

357 648 656 704 extollitur.
685 647 756 702 M.
777 645 890 716 Ego
914 646 961 701 si
986 661 1016 699 a
1045 642 1370 714 praesidibus
1396 642 1644 711 adjuvor,
1669 643 1924 713 disputo:

355 757 480 796 cum
516 751 697 796 autem
730 741 877 795 nulla
914 739 1112 792 horum
1155 751 1256 806 ope
1298 745 1608 801 sustentor,
1654 735 1928 791 silentium

355 831 528 885 debeo
553 840 755 886 tenere.
784 829 884 883 Ch.
911 827 1067 882 Tune
1086 825 1511 882 Manichaeorum
1551 829 1813 898 magister
1832 843 1892 883 es
1906 830 1931 880 τ

357 920 428 975 Μ.
457 920 655 975 Fateor
684 920 958 974 enimvero
986 934 1071 975 me
1103 933 1242 974 esse.
1287 918 1389 973 Ch.
1425 917 1533 973 Pro
1581 920 1806 975 veritate
1837 934 1933 989 pa-

359 1012 574 1066 tiuntur
625 1009 1055 1066 Manichaeorum
1102 1009 1390 1080 magistri,
1444 1011 1648 1064 necne?
1708 1011 1779 1066 M.
1826 1009 1933 1066 Pro

358 1103 588 1156 veritate
619 1115 772 1166 sane,
797 1111 856 1154 ut
877 1117 978 1172 ego
1006 1102 1262 1156 arbitror.
1291 1100 1393 1162 Ch.
1420 1099 1707 1157 Habuitne
1742 1103 1932 1158 beatus

358 1193 655 1262 Apostolus
683 1193 946 1246 auxilium
973 1208 1004 1247 a
1027 1192 1350 1262 praesidibus
1379 1206 1505 1247 cum
1533 1193 1766 1248 vinculis
1789 1205 1931 1250 esset

356 1283 726 1339 constrictus?
755 1298 825 1338 an
859 1283 990 1353 quia
1037 1284 1089 1338 id
1125 1299 1233 1338 non
1271 1285 1496 1350 habuit,
1547 1287 1781 1356 neglexit
1816 1303 1934 1342 ma-

356 1373 642 1443 gisterium
670 1390 830 1430 suum
865 1375 993 1429 dum
1027 1383 1173 1431 esset
1205 1379 1261 1431 in
1295 1377 1571 1432 vinculis?
1602 1377 1934 1433 Manichacus

355 1464 447 1518 hic
494 1479 717 1535 quoque
761 1465 960 1531 silens,
999 1467 1135 1521 nihil
1175 1468 1480 1538 respondit.
1520 1470 1621 1524 Ch.
1659 1469 1717 1524 Si
1751 1479 1930 1537 taces,

354 1555 653 1625 interloqui
683 1557 896 1621 nolens,
928 1573 1154 1613 causam
1195 1575 1304 1613 non
1332 1559 1527 1628 video;
1577 1563 1935 1620 nihilominus

358 1645 602 1714 reliquas
649 1645 1144 1702 demonstrationes
1183 1662 1294 1701 non
1336 1649 1582 1704 omittam
1633 1669 1645 1703 :
1691 1652 1934 1706 nondum

359 1736 504 1790 enim
529 1745 852 1806 argumenta
888 1739 1096 1805 omnia,
1135 1740 1333 1809 quibus
1378 1740 1786 1798 demonstratur
1815 1744 1935 1796 ani-

359 1843 482 1884 mas
501 1803 618 1883 non
633 1843 756 1885 esse
787 1844 850 1884 ex
885 1831 980 1885 Dei
1011 1803 1339 1896 substantia,
1377 1833 1627 1902 exposui.
1652 1833 1722 1889 M.
1753 1835 1940 1899 Quan-
1969 1803 2012 1858 Β

361 1932 477 1975 tum
510 1923 592 1975 vis
625 1922 875 1993 loquere,
909 1923 1073 1979 audio
1103 1925 1249 1978 enim
1281 1925 1532 1991 libenter,
1566 1927 1868 1996 praesertim
1892 1928 1936 1981 si

363 2011 428 2065 ad
472 2011 952 2082 interloquendum
1001 2030 1109 2068 non
1160 2031 1370 2085 cogor:
1401 2018 1603 2070 etenim
1651 2018 1940 2072 inﬁrmitas

362 2103 614 2164 quaedam
649 2104 783 2159 mihi
814 2105 1026 2160 incidit.
1059 2104 1161 2160 Ch.
1187 2103 1386 2161 Divina
1413 2108 1718 2163 substantia
1747 2107 1940 2162 indivi-

347 2195 540 2250 'sibilis
568 2205 653 2251 est
684 2214 699 2251 :
729 2196 927 2250 animae
963 2206 1144 2254 autem
1185 2208 1370 2268 partes
1413 2207 1542 2254 sunt
1571 2200 1772 2255 divinae
1806 2198 1938 2257 sub-

362 2286 596 2352 stantiae,
641 2294 702 2339 ut
732 2300 831 2340 vos
861 2284 1063 2340 dicitis.
1094 2286 1204 2340 Aut
1232 2286 1401 2356 igitur
1429 2287 1778 2344 indivisibilis
1805 2291 1939 2346 sub-

362 2377 562 2431 stantia
591 2377 883 2443 dividetur,
935 2377 1080 2446 quod
1117 2386 1202 2433 est
1233 2378 1572 2446 absurdum;
1607 2389 1702 2435 aut
1741 2382 1941 2438 anima:

360 2483 434 2522 ex
459 2468 643 2523 divina
684 2471 993 2526 substantia
1031 2486 1140 2525 non
1174 2480 1323 2525 sunt.
1369 2470 1440 2524 M.
1471 2470 1650 2528 Veluti
1691 2485 1940 2531 ramenta

361 2577 426 2614 ex
457 2576 612 2627 auro,
643 2572 698 2618 et
730 2563 870 2618 radii
904 2579 972 2618 ex
1009 2564 1126 2618 sole
1147 2604 1162 2629 ,
1205 2564 1286 2619 sic
1313 2564 1511 2618 animae
1547 2580 1615 2619 ex
1651 2563 1763 2621 Deo
1793 2577 1936 2622 sunt.

360 2654 462 2708 Ch.
482 2651 679 2710 Nescio
695 2657 969 2726 quomodo
984 2655 1148 2710 etiam
1170 2670 1279 2710 non
1297 2667 1516 2711 coactus
1535 2657 1937 2728 interloqueris,

363 2747 527 2802 modo
558 2749 930 2803 inﬁrmitatem
957 2763 1247 2812 excusans,
1279 2749 1441 2802 modo
1477 2758 1536 2803 ut
1565 2749 1699 2804 alter
1728 2749 1943 2806 Momus

362 2837 430 2890 ad
481 2837 871 2907 diSputandum
923 2852 1293 2907 procurrens:
1330 2845 1568 2893 attamen
1616 2837 1762 2907 quod
1815 2855 1844 2892 a
1895 2848 1945 2892 te

344 2928 567 2982 .dictum
599 2937 701 2991 est,
735 2929 848 2990 jam
892 2927 1218 2999 disquiram.
1271 2929 1526 2985 Sectione
1571 2945 1636 2986 ac
1679 2932 1947 2987 divisione

363 3031 611 3077 ramenta
637 3037 703 3076 ex
720 3037 857 3076 auro
887 3032 1035 3087 sunt,
1066 3023 1277 3077 necne?
1323 3021 1392 3076 Μ.
1427 3023 1560 3077 Auri
1591 3034 1716 3082 sunt
1741 3034 1941 3094 partes.

2030 643 2204 714 ψυχῆς
2247 641 2486 697 ἐνταῦθα
2533 641 3071 713 μεγαλοφρονούσης,
3133 642 3209 695 Μ.
3257 642 3614 711 Ἐπικουρίαν

2031 735 2170 804 ἔχων
2195 737 2472 807 ἀρχόντων
2505 734 2757 801 διαλέγω.
2810 730 2951 800 Ἐγὼ
2979 732 3036 784 δὲ
3073 730 3147 802 μὴ
3181 731 3320 801 έχων
3355 732 3613 802 μηδαμό-

2035 826 2126 880 θεν
2149 827 2249 898 τὴν
2274 827 2616 898 ἐπικουρίαν,
2652 825 2864 895 σιωπὴν
2892 825 3044 892 ἄγειν
3077 823 3298 890 ὀφείλω.
3335 823 3404 876 Χ.
3431 824 3609 876 Μανι-

2034 917 2206 985 χαίων
2235 918 2503 988 ὑπάρχεις
2529 916 2848 979 διδάσκαλος
2870 932 2885 981 ;
2912 916 2989 970 Μ.
3024 915 3136 968 Kal
3162 914 3280 984 εἱμί
3293 913 3388 967 καὶ
3419 913 3605 982 ὁμολο-

2034 1008 2136 1077 γῶ.
2164 1011 2231 1062 Χ.
2277 1008 2752 1079 ’Υπέρ.ἀληθείας
2783 1010 2840 1062 δέ
2873 1008 3172 1076 πάσχουσιν
3217 1006 3267 1058 οί
3296 1004 3405 1058 τῶν
3442 1006 3606 1058 Μανι-

2036 1103 2205 1171 χαίων
2235 1101 2565 1167 διδάσκαλοι,
2601 1101 2634 1170 ἢ
2684 1100 2860 1163 ἄλλως
2905 1116 3023 1162 πως
3053 1099 3231 1167 λέγεις
3262 1115 3278 1163 ;
3309 1099 3386 1152 Μ.
3439 1098 3610 1168 Ὑπὲρ

2035 1194 2287 1262 ἀληθείας
2340 1195 2416 1257 ὼς
2461 1193 2646 1264 ἔμοιγε
2698 1193 3024 1260 λελόγισται.
3071 1193 3138 1246 Χ.
3171 1184 3332 1260 Εἰχεν
3366 1193 3395 1244 6
3431 1191 3614 1262 μακά-

2039 1304 2150 1356 ριος
2179 1285 2392 1350 Παῦλος
2419 1289 2447 1339 6
2481 1284 2778 1347 ἀπόστολος
2810 1283 3129 1352 ἐπικουρίαν
3175 1284 3452 1354 ἀρχόντων
3484 1285 3614 1338 ὅταν

2035 1381 2250 1449 δεσμοῖς
2266 1378 2672 1449 περιεϐέϐλητο,
2691 1375 2892 1447 ἢδιάτδ
2920 1377 2992 1445 μὴ
3011 1375 3155 1445 ἔχειν
3176 1373 3383 1446 ταύτην
3405 1374 3617 1444 ἠμέλη-

2051 1487 2108 1523 σε
2147 1470 2248 1539 τῆς
2276 1469 2485 1532 οἰκείας
2525 1467 2870 1529 διδασκαλίας
2908 1467 2966 1520 ἐν
2999 1465 3216 1534 δεσμοῖς
3245 1463 3322 1518 ὥν
3355 1482 3369 1528 ;
3409 1466 3470 1518 '0
3503 1467 3618 1520 Μα-

2038 1564 2242 1632 νιχαῖος
2273 1560 2329 1614 δέ
2360 1559 2636 1613 κάνταῦθα
2665 1559 2968 1627 σιωπήσας.
3019 1559 3118 1610 οὐκ
3155 1557 3506 1628 ἀπεκρίνατο.
3541 1558 3612 1610 Χ.

2037 1656 2100 1709 Εἰ
2133 1656 2190 1707 δέ
2214 1654 2446 1721 σιωπᾷς,
2476 1649 2817 1722 διαλέγεσθαι
2849 1651 2924 1722 μὴ
2961 1650 3302 1720 βουλόμενος,
3325 1651 3426 1702 οὐκ
3454 1645 3618 1704 οἶσθα.

2038 1747 2126 1800 διὰ
2158 1747 2210 1799 τί
2232 1762 2246 1777 ·
2270 1717 2384 1798 ἀλλί
2415 1744 2563 1814 ὅμως
2581 1717 2650 1795 τά
2683 1717 2949 1794 ὑπόλοιπα
2962 1717 3082 1794 ’τῶν
3109 1717 3260 1811 ἐμῶν
3284 1740 3618 1806 ἀποδείξεων

2038 1839 2138 1892 οὐκ
2171 1839 2320 1891 ἐάσω
2347 1854 2360 1868 ·
2398 1834 2550 1888 οὔπω
2580 1833 2689 1904 γὰρ
2723 1833 2932 1895 πάντας
2957 1833 3085 1895 τοὺς
3107 1831 3301 1898 λόγους
3327 1833 3456 1895 τοὺς
3481 1833 3620 1885 ἀπο-

2037 1928 2378 1991 δεικνύντας,
2423 1927 2497 1996 μὴ
2526 1921 2664 1978 εἶναι
2690 1924 2788 1986 τάς
2819 1921 2998 1992 ψυχὰς
3024 1923 3089 1975 ἐκ
3115 1924 3214 1992 τῆς
3242 1921 3339 1974 τοῦ
3363 1920 3500 1974 Θεοῦ
3526 1922 3622 1973 οὐ·

2042 2023 2184 2085 σίας,
2219 2018 2528 2089 παρέθηκα.
2565 2019 2640 2072 Μ.
2667 2015 2806 2084 Λέγε
2861 2017 2890 2068 ὃ
2931 2033 2985 2068 τι
3031 2015 3126 2068 καὶ
3171 2013 3350 2082 βούλει
3383 2028 3400 2042 ⁸
3445 2012 3623 2082 ἡδέως

2040 2113 2150 2185 γὰρ
2199 2113 2403 2182 ἐπομαι
2448 2113 2564 2173 τοῖς
2620 2108 2953 2178 λεγομένοις,
2984 2108 3031 2161 εί
3079 2107 3180 2160 οὐκ
3228 2103 3621 2174 ἀναγκάζομαι

2039 2202 2413 2272 διαλέγεσθαι·
2444 2201 2698 2254 ἀσθένεια
2723 2201 2834 2269 γάρ
2857 2199 2940 2262 τίς
2977 2216 3067 2268 μοι
3107 2197 3423 2250 συνέπεσεν.
3451 2197 3526 2249 Μ.
3555 2195 3625 2247 Ἦ

2043 2298 2165 2352 θεία
2187 2297 2346 2349 οὐσία
2385 2294 2681 2364 ἀμέριστός
2709 2294 2859 2345 ἐστιν
2887 2307 2903 2323 ⁸
2944 2292 3002 2346 αἱ
3042 2291 3100 2344 δέ
3142 2289 3318 2360 ψυχαὶ
3352 2289 3492 2359 μέρη
3522 2287 3624 2356 τῆς

2048 2387 2202 2450 θείας
2223 2386 2410 2447 οὐσίας
2441 2383 2546 2437 εἰσί
2580 2382 2702 2436 καθ’
2745 2382 2890 2450 ὑμᾶς
2920 2397 2934 2410 ”
2966 2380 3001 2450 ἢ
3036 2379 3272 2450 τοίνυνή
3327 2378 3625 2448 ἀμέριστος

2040 2477 2198 2530 οὐσία
2253 2475 2661 2548 μερισθὴσεται,
2685 2475 2821 2543 ὅπερ
2869 2471 3095 2534 ἄτοπον,
3128 2471 3162 2540 ἢ
3225 2470 3327 2522 οὐκ
3379 2469 3489 2521 εἰσί
3523 2467 3624 2537 τῆς

2043 2569 2195 2631 Θείας
2253 2568 2444 2631 οὐσίας
2473 2568 2528 2620 αἰ
2557 2564 2748 2636 ψυχαί.
2779 2565 2855 2618 Μ.
2892 2563 3164 2630 Καθάπερ
3215 2562 3484 2632 ψήγματα
3520 2559 3626 2612 ὑπὸ

2041 2661 2138 2714 τοῦ
2165 2659 2389 2732 χρυσοῦ,
2414 2660 2514 2712 καὶ
2539 2658 2757 2720 ἀκτῖνες
2789 2655 2894 2709 ὑπὸ
2925 2654 3020 2708 τοῦ
3061 2653 3212 2725 ήλίου
3234 2695 3248 2720 ,
3273 2652 3416 2706 οὕτω
3449 2653 3544 2704 καὶ
3568 2653 3625 2703 αἱ

2041 2753 2210 2824 ψυχαὶ
2234 2754 2298 2805 ἐκ
2324 2751 2419 2805 τοῦ
2447 2751 2602 2804 Θεοῦ.
2632 2751 2699 2803 Χ.
2727 2749 2817 2818 Μὴ
2837 2747 3205 2816 ἀναγκασθεὶς
3235 2744 3484 2816 διαλέγῃ,
3518 2744 3621 2796 οὐκ

2044 2846 2138 2902 οἷδ’
2169 2849 2316 2912 ὅπως
2344 2865 2360 2878 ο
2395 2848 2473 2916 πῆ
2533 2846 2631 2916 μὲν
2681 2843 2965 2897 ἀσθένειαν
3009 2838 3503 2913 προφασιζόμενοῖν
3549 2837 3628 2906 πῆ

2045 2944 2102 2996 δὲ
2130 2944 2223 2996 ἰὼν
2248 2942 2324 3004 ὡς
2363 2940 2568 3011 Μῶμος
2621 2939 2714 2992 ἐπὶ
2751 2938 2850 3007 τὴν
2894 2936 3173 2990 διάλεκτον
3211 2951 3224 2964 ⁸
3259 2934 3319 2987 τὺ
3356 2931 3546 3003 λεχθὲν
3572 2931 3631 2984 δὲ

2048 3038 2196 3107 ὅμως
2226 3034 2376 3104 παρά
2405 3032 2499 3086 σοῦ
2534 3032 2636 3102 ’ήδη
2671 3030 3077 3099 ἐπισκέπτομαε
3100 3041 3113 3054 ·
3148 3027 3352 3097 τμήσει
3399 3025 3493 3077 καί
3530 3040 3629 3092 με-

363 3114 463 3169 Ch.
503 3113 646 3169 ldem
700 3115 885 3184 itaque
922 3113 989 3168 de
1029 3114 1142 3168 Deo
1188 3129 1408 3184 quoque
1442 3114 1618 3170 dicis?
1664 3114 1733 3170 Μ.
1779 3116 1941 3171 Idem.

2056 3125 2236 3198 ρισμῷ
2255 3125 2323 3178 τά
2346 3123 2614 3195 ψήγματα
2636 3124 2699 3174 ἐκ
2721 3118 2814 3172 τοῦ
2843 3119 3045 3190 χρυσοῦ
3073 3119 3234 3181 εἰσιν,
3255 3115 3287 3187 ἢ
3308 3114 3401 3180 ob;
3427 3115 3502 3167 Μ.
3522 3112 3631 3165 Τοῦ

363 3204 468 3259 Ch.
498 3204 788 3271 Quomodo
813 3219 944 3276 ergo
985 3204 1338 3260 indivisibilis
1366 3213 1450 3260 est
1479 3204 1664 3259 divina
1690 3206 1946 3261 substan-

365 3299 466 3365 tia,
500 3299 548 3354 si
579 3299 633 3351 in
666 3299 852 3367 plures
879 3305 1061 3367 partes
1089 3296 1266 3353 divisa
1293 3306 1400 3364 est,
1442 3298 1587 3354 sicut
1609 3299 1663 3352 in
1698 3308 1946 3354 ramenta

367 3390 602 3459 aurum}
637 3389 710 3443 Μ.
739 3388 974 3444 Ratione
1016 3389 1238 3458 quidem
1294 3390 1653 3455 substantiae,
1695 3391 1948 3446 indivisi-

365 3481 494 3538 bilis
518 3483 704 3537 divina
730 3482 1072 3544 substantia,
1117 3481 1330 3536 ratione
1367 3491 1545 3536 tamen
1577 3483 1724 3537 modi
1760 3484 1948 3553 cujus-

366 3574 492 3629 dam
517 3573 810 3640 divisibilis
826 3581 929 3628 est.
948 3572 1048 3627 Ch.
1074 3571 1322 3638 Quanam
1341 3572 1508 3642 igitur
1532 3574 1743 3632 ratione
1765 3575 1948 3629 divina

365 3665 674 3722 substantia
697 3665 874 3721 divisa
896 3674 1000 3730 est,
1033 3680 1158 3722 cum
1188 3665 1258 3718 sit
1291 3664 1684 3720 indivisibilis?

437 3849 772 3905 Manichacus
806 3848 1008 3914 tacuit,
1051 3849 1189 3903 nihil
1221 3850 1579 3918 respondens.
1627 3850 1758 3906 Post
1785 3851 1950 3906 breve

368 3951 548 3999 autem
579 3941 860 3999 silentium
887 3940 1235 3998 Christianus
1267 3943 1344 3997 ait
1372 3959 1386 3998 :
1417 3942 1642 3997 Etiamsi
1682 3952 1741 3998 tu
1775 3951 1946 4008 taces,

359 4028 732 4090 nihilominus
784 4035 1110 4104 praeclarum
1165 4033 1314 4089 hunc
1369 4050 1401 4088 a
1464 4035 1621 4089 vobis
1676 4044 1949 4091 assertum

368 4129 617 4194 modum,
669 4141 779 4198 quo
833 4127 977 4182 Deus
1020 4142 1119 4196 per
1152 4141 1211 4181 se
1264 4125 1616 4182 indivisibilis
1668 4127 1948 4192 dividitur,

367 4220 734 4292 praesentibus
765 4219 1115 4291 patefaciam.
1153 4218 1224 4274 M.
1258 4217 1438 4274 Tuum
1481 4227 1565 4275 est
1601 4228 1697 4274 aut
1739 4219 1949 4286 dicere,

369 4319 464 4366 aut
498 4327 682 4366 secus.
711 4310 813 4365 Ch.
851 4311 1026 4366 Penes
1058 4309 1388 4366 Manichazos
1427 4326 1596 4366 unum
1629 4319 1715 4365 est
1747 4311 1952 4380 princi-

366 4403 518 4472 pium
547 4403 777 4464 bonum,
821 4403 1051 4457 alterum
1081 4402 1307 4465 malum,
1343 4411 1639 4470 utrumque
1663 4409 1946 4456 aeternum.

2052 3217 2257 3291 χρυσοῦ
2297 3219 2404 3270 εἰσι
2437 3215 2597 3286 μέρη.
2625 3214 2692 3266 Χ.
2737 3211 2972 3283 Ὁμοίως
3001 3208 3094 3264 οῦν
3119 3210 3217 3263 καὶ
3243 3209 3335 3261 ἐπὶ
3375 3207 3471 3259 τοῦ
3495 3204 3632 3258 Θεοῦ

2050 3311 2227 3379 λέγεις
2247 3326 2261 3373 ;
2279 3310 2353 3362 Μ.
2373 3305 2698 3376 Ὀμοίως.Χ.
2712 3303 2833 3366 Πῶς
2847 3299 2940 3357 οὖν
2959 3303 3252 3373 ἀμέριστος
3271 3301 3301 3370 ή
3318 3298 3439 3352 θεία
3453 3296 3633 3362 οὐσία,

2053 3401 2370 3474 μερισθεῖσα
2417 3401 2474 3452 ἐν
2503 3397 2710 3450 πλείοσι
2746 3395 2936 3466 μέρεσι
2964 3436 2978 3459 ,
3007 3393 3258 3464 καθάπερ
3285 3391 3313 3442 6
3340 3389 3542 3461 χρυσὸς
3574 3389 3636 3441 ἐν

2051 3497 2164 3558 τοῖς
2215 3492 2468 3562 ψήγμασι
2498 3507 2512 3554 ;
2541 3490 2616 3543 M.
2651 3488 2743 3558 Τῷ
2772 3488 2872 3558 τῆς
2906 3485 3096 3549 οὐσίας
3149 3484 3296 3555 λόγῳ
3334 3480 3637 3553 ἀμέριστός

2052 3588 2200 3637 ἐστιν
2229 3585 2264 3655 ή
2294 3582 2414 3636 θεία
2442 3582 2622 3644 οὐσία,
2658 3579 2738 3649 τῷ
2766 3580 2823 3632 δέ
2845 3579 2945 3648 τῆς
2965 3576 3283 3646 οἰκονομίας
3306 3575 3452 3645 λόγῳ
3477 3589 3636 3644 μερι-

2054 3678 2177 3747 στή.
2212 3676 2282 3728 Χ.
2321 3675 2441 3728 Τίνι
2469 3669 2562 3726 οὖν
2586 3672 2729 3741 λόγῳ
2760 3672 2793 3742 ὴ
2820 3670 2939 3724 θεία
2971 3670 3128 3722 οὐσία
3159 3666 3428 3740 ἐμερίσθη
3451 3707 3466 3730 ,
3495 3667 3635 3736 ἀμέ-

2055 3787 2238 3843 ριστος
2267 3767 2586 3838 ὑπάρχουσα
2615 3782 2630 3832 ;

2122 3863 2419 3932 Μανιχαῖος
2452 3857 2746 3926 ἐσιώπησε,
2771 3855 2935 3926 μηδὲν
2968 3851 3204 3925 εἰρηκώς
3229 3868 3242 3880 ·
3275 3851 3414 3921 μετά
3449 3849 3506 3902 δὲ
3531 3849 3632 3918 τὴν

2056 3954 2285 4024 σιωπὴν,
2316 3955 2347 4005 6
2374 3949 2698 4022 Χριστιανὸς
2733 3946 2860 4017 ἔφη’
2903 3944 3015 3998 Καὶ
3076 3943 3170 3998 σοῦ
3234 3943 3631 4013 σιωπήσαντος,

2052 4047 2120 4100 τὰ
2159 4043 2331 4114 σεμνά
2379 4045 2478 4110 τῆς
2535 4041 2666 4112 παρ’
2707 4039 2852 4110 ὑμᾶς
2888 4035 3201 4106 οἰκονομίας
3234 4033 3299 4087 δι’
3334 4033 3400 4104 ἥν
3439 4035 3468 4086 6
3503 4031 3638 4093 Θεὸς

2053 4137 2349 4206 ἀμέριστος
2390 4132 2467 4187 ὢν
2517 4130 2806 4203 ἐμερίσθη,
2835 4131 2950 4192 τοῖς
3000 4126 3269 4198 παροῦσιν
3325 4122 3634 4193 ἀναγγελῶ.

2054 4231 2126 4283 Μ.
2183 4229 2272 4282 Ἐν
2304 4226 2386 4280 σοί
2425 4228 2542 4279 ἐστι
2594 4225 2688 4278 καὶ
2740 4223 2917 4290 λέγειν
2966 4220 3062 4274 καὶ
3102 4220 3198 4290 μή.
3238 4219 3307 4272 Χ.
3342 4216 3500 4287 Παρά
3523 4216 3637 4278 τοῖς

2055 4321 2378 4391 Μανιχαίοις
2400 4317 2496 4389 μία
2531 4317 2627 4389 μέν
2641 4316 2782 4387 ἀρχή
2805 4315 2953 4367 ἐστιν
2974 4311 3175 4381 ἀγαθὴ,
3209 4310 3371 4381 ἐτέρα
3390 4309 3446 4362 δέ
3470 4307 3632 4377 κακή·

2055 4412 2215 4467 ἀΐδιοι
2254 4429 2314 4464 τε
2353 4405 2689 4480 ἀμφότεραι·
2731 4408 2908 4476 χρόνῳ
2939 4403 2996 4456 δέ
3023 4403 3190 4474 μανία
3241 4419 3325 4462 τις
3360 4401 3454 4453 καὶ
3486 4397 3640 4452 πόλει

367 4493 659 4563 Temporis
687 4501 869 4547 autem
921 4494 1072 4563 lapsu
1125 4493 1205 4547 ira
1251 4493 1500 4563 quaedam
1548 4503 1601 4547 et
1644 4509 1824 4564 pugna
1864 4495 1945 4549 his

2061 4523 2160 4576 μος
2193 4503 2394 4576 μεταξύ
2425 4501 2632 4555 τούτων
2676 4498 2788 4552 τῶν
2815 4495 3002 4568 ἀρχῶν
3040 4495 3271 4564 συνέστη
3297 4510 3311 4523 ·
3354 4493 3416 4544 οὐ
3442 4493 3508 4562 τῇ
3529 4490 3638 4543 τῶν

365 4587 654 4657 principiis
681 4587 1010 4653 intervenit;
1049 4601 1156 4640 non
1184 4587 1502 4641 alterutrius
1533 4586 1827 4651 voluntate,
1857 4587 1952 4642 sed

371 4696 403 4733 ιι
431 4678 705 4748 principio
752 4679 918 4732 malo.
971 4677 1212 4732 Utenim
1247 4677 1351 4748 ipsi
1401 4687 1649 4741 narrant,
1696 4679 1953 4734 voluntas

369 4769 462 4824 illa
483 4769 697 4836 videns,
722 4785 752 4825 a
775 4769 1019 4825 veritatis
1042 4769 1250 4825 lumine
1271 4771 1388 4840 rapi
1413 4771 1695 4838 evertique
1724 4786 1950 4841 regnum

369 4877 569 4930 suum;
599 4863 775 4918 bonus
800 4864 1042 4918 vicissim
1071 4862 1215 4918 Deus
1238 4877 1466 4918 cernens
1493 4863 1694 4918 malum
1721 4863 1824 4918 sibi
1855 4864 1952 4917 ad-

375 4956 608 5020 versari,
639 4957 783 5025 quod
811 4957 856 5010 si
891 4955 1114 5010 minime
1140 4955 1510 5015 cohiberetur,
1541 4964 1595 5009 et
1629 4955 1794 5011 rebus
1837 4957 1955 5011 suis

378 5047 716 5112 consuleret,
766 5047 883 5102 fore
922 5061 1038 5102 uta
1081 5047 1361 5103 contrario
1397 5046 1624 5102 insidias
1653 5057 1952 5117 pateretur,

378 5139 452 5193 ita
478 5153 664 5194 secum
698 5140 1002 5194 rationibus
1037 5139 1347 5209 supputatis
1378 5138 1721 5204 deliberavit,
1763 5155 1956 5208 nempe

370 5242 434 5287 ut
468 5246 536 5286 ex
564 5247 624 5286 se
650 5233 926 5288 emitteret
952 5241 1136 5302 partes
1160 5233 1368 5303 aliquot
1394 5233 1712 5288 substantiae
1735 5249 1868 5296 suae,
1902 5245 1949 5287 et

364 5323 640 5378 adversus
689 5325 1029 5379 contrarium
1071 5325 1398 5394 principium
1437 5325 1762 5394 projiceret;
1810 5324 1956 5393 quod

366 5425 421 5466 ιιι
465 5429 659 5485 reapse
699 5414 846 5470 fecit.
895 5414 1010 5471 Hoc
1037 5425 1220 5471 autem
1254 5418 1525 5487 susceptis
1554 5415 1751 5470 divinis
1791 5416 1959 5485 parti-

375 5505 515 5560 culis
556 5505 704 5569 (sive
759 5508 859 5562 has
904 5506 1191 5562 Manichaii
1236 5516 1418 5577 partes
1471 5507 1779 5578 appellent,
1846 5507 1958 5562 sive

377 5614 547 5653 unum
575 5599 727 5669 quid,
757 5599 871 5654 sive
905 5609 1206 5669 segmenta,
1241 5599 1354 5654 sive
1395 5598 1551 5653 aliter
1589 5605 1710 5651 utut
1751 5597 1960 5652 malue-

381 5689 524 5760 rint)
562 5691 807 5746 constitit
843 5692 895 5745 in
945 5691 1168 5762 proprio
1197 5691 1429 5763 gurgite,
1463 5692 1517 5745 in
1555 5706 1614 5746 se
1641 5689 1848 5745 habens
1878 5691 1960 5746 di-

383 5782 538 5838 vinas
590 5784 904 5852 particulas.
963 5785 1087 5842 Haec
1127 5793 1211 5841 est
1257 5798 1422 5853 penes
1481 5783 1854 5840 adversarium
1901 5795 1954 5841 et

2057 4601 2334 4669 ἑκατέρων
2369 4594 2708 4667 προαιρέσει,
2760 4591 2898 4645 ἀλλά
2943 4593 3010 4661 τῇ
3059 4591 3158 4660 τῆς
3197 4589 3397 4651 κακίας
3452 4587 3595 4656 ἀρχῇ
3622 4600 3636 4614 ⁸

2057 4693 2178 4746 κατ’
2232 4690 2430 4752 αὐτοὺς
2459 4687 2569 4756 γὰρ
2607 4684 2790 4754 ἐκείνη
2843 4686 2876 4752 ἡ
2949 4683 3167 4753 θέλησις
3206 4679 3518 4750 θεασαμένη
3581 4678 3640 4729 τὸ

2057 4784 2149 4839 τοῦ
2226 4779 2430 4850 ἀγαθοῦ
2490 4777 2608 4846 φῶς
2651 4775 2893 4846 ἁρπάσαι
2946 4774 3041 4827 καὶ
3085 4771 3492 4843 παρασαλεύειν
3544 4769 3642 4837 τὴν

2059 4875 2268 4930 ἐκείνου
2305 4871 2607 4943 βασιλείαν·
2644 4868 2980 4937 θεασάμενος
3007 4869 3035 4920 6
3101 4867 3303 4935 ἀγαθὸς
3364 4863 3498 4926 Θεὸς
3552 4861 3642 4914 τὸν

2059 4967 2422 5037 ἐπικείμενον,
2451 4963 2545 5016 καί¹
2569 4963 2645 5025 ὠς
2674 4964 2722 5014 εἰ
2753 4960 2829 5032 μὴ
2857 4960 3126 5030 κινηθείη,
3159 4958 3409 5029 καὶπρὸς
3449 4953 3642 5010 ἐαυτὸν

2059 5062 2301 5130 γένηται,
2338 5053 2984 5125 ἐπιϐουλευθήσεταιὺπὸ
3017 5050 3111 5105 τοῦ
3160 5048 3426 5116 ἐναντίου,
3483 5046 3642 5102 ἐϐου-

2058 5151 2286 5204 λεύσατο
2317 5145 2574 5213 τοιαύτην
2610 5142 2802 5214 βουλὴν
2837 5141 2958 5196 καθ’
3020 5139 3212 5192 ἑαυτὸν
3269 5137 3345 5192 ῶν
3369 5154 3382 5167 ⁸
3442 5136 3520 5198 ὡς
3577 5135 3642 5188 ἂν

2061 5242 2307 5315 προϐάλῃ
2346 5238 2486 5310 μέρη
2558 5236 2682 5290 τινά
2748 5238 2811 5289 ἐκ
2871 5236 2970 5304 τῆς
3029 5234 3236 5297 οἰκείας
3283 5231 3494 5294 οὐσίας,
3549 5226 3644 5282 καὶ

2063 5334 2193 5405 ῥίψῃ
2247 5333 2315 5402 τῇ
2341 5329 2562 5401 ἐναντίᾳ
2599 5330 2773 5398 ἀρχῇ·
2822 5325 2850 5379 ὃ
2877 5326 2941 5396 δὴ
2973 5327 3067 5380 κα)⁵
3127 5324 3429 5393 πεποίηκεν
3451 5339 3464 5352 ο
3494 5324 3528 5392 ή
3586 5319 3642 5372 δέ

2060 5423 2299 5480 λαϐοῦσα
2331 5421 2430 5485 τὰς
2470 5419 2620 5482 θείας
2653 5419 2866 5490 μοίρας,
2912 5417 2988 5480 ὡς
3033 5415 3328 5488 Μανιχαῖοί
3351 5431 3415 5483 γε
3442 5410 3643 5482 ὀνομάο

2063 5515 2264 5580 ζουσιν,
2297 5513 2405 5566 εἴτε
2453 5511 2616 5582 μέρη,
2647 5509 2757 5563 εἴτε
2782 5508 2858 5571 ὼς
2879 5501 2979 5572 εἷς,
3010 5506 3119 5560 εἴτε
3175 5507 3461 5578 τμήματα,
3532 5501 3640 5554 εἴτε

2062 5607 2236 5670 ἄλλως
2279 5621 2397 5668 πως
2434 5602 2650 5655 θέλουσι
2685 5601 2885 5666 λέγειν,
2921 5599 3094 5670 εἰσῄει
3125 5600 3217 5652 ἐπὶ
3250 5597 3340 5650 τὸν
3373 5596 3506 5649 ἴδιον
3547 5592 3642 5662 βυ-

2066 5699 2155 5752 θὸν
2187 5697 2385 5767 ἔχουσα
2441 5697 2500 5749 ἐν
2531 5696 2695 5764 ἐαυτῇ
2743 5694 2812 5747 τὰ
2839 5691 2960 5746 θεῖα
2987 5691 3253 5761 τμήματα
3283 5705 3298 5719 ο
3361 5684 3502 5756 αῦτη
3543 5677 3638 5736 οῦν

2065 5791 2210 5847 ἐστιν
2246 5791 2278 5850 ἡ
2319 5788 2469 5851 παρά
2515 5785 2950 5857 τῷἀντιλέγοντι
3007 5784 3098 5838 καὶ
3139 5784 3249 5846 τοῖς
3318 5775 3644 5848 Μανιχαίοις
