4062 6420
444 315 553 407 53.9

1720 321 1951 381 PAULI
1985 320 2431 383 CHRISTIANI

3608 319 3723 385 5m

448 404 782 499 teconomia,
818 442 878 491 ut
903 434 981 489 ait
1013 433 1130 503 ipse
1166 433 1534 499 adversarius,
1559 434 1853 503 aliquando
1878 434 2034 490 facta:

2146 438 2230 490 καὶ
2278 437 2399 490 κατ’
2450 434 2613 488 αὐτὸν
2641 435 2731 488 τὸν
2753 432 3188 504 ἀντιλεγόμενον,
3226 428 3356 487 ποτὲ
3386 436 3679 503 γεγόνασιν
3702 456 3723 473 ο

446 535 577 581 sunt
617 545 629 580 :
674 525 816 579 baud
869 525 1031 595 igitur
1070 523 1213 580 sicut
1256 522 1392 577 radii
1420 538 1487 578 ex
1544 524 1697 589 sole,
1731 524 1806 578 ita
1862 527 2025 579 etiam

450 618 646 672 anima:
692 633 758 670 ex
800 617 933 671 Deo.
979 616 1206 685 Insuper
1245 615 1382 670 radii
1427 616 1522 685 qui
1566 632 1633 672 ex
1678 618 1829 673 disco
1866 626 2027 681 sunt,

450 723 732 777 nunquam
767 707 822 761 in
852 706 988 760 disci
1016 705 1376 760 substantiam
1409 708 1755 767 resolvuntur
1783 727 1796 763 :
1834 712 2032 765 anima:

450 808 631 852 autem
657 837 673 861 ,
720 799 1022 853 secundum
1068 799 1443 854 adversarium
1467 838 1482 863 ,
1517 801 1571 855 in
1607 802 1776 856 Deum
1798 843 1813 866 ,
1849 818 1882 858 a
1920 818 2031 873 quo

451 901 601 955 sunt,
635 892 927 962 aliquando
971 892 1335 946 resolventur.
1384 891 1504 948 Non
1540 910 1671 964 ergo
1711 896 1899 951 eadem
1939 912 2031 951 ra-

454 984 599 1038 tione
650 998 755 1051 qua
796 982 934 1036 radii
971 998 1001 1036 a
1048 984 1187 1049 sole,
1233 985 1537 1054 procedunt
1578 1002 1608 1040 a
1657 987 1767 1041 Deo
1812 988 2028 1043 animae.

458 1072 634 1140 Atque
662 1071 747 1128 bis
777 1073 998 1127 demum
1030 1076 1383 1131 sermonibus
1419 1077 1852 1134 demonstratum
1883 1095 1915 1133 a
1946 1096 2034 1135 me

451 1159 554 1215 fuit
590 1177 697 1214 non
733 1177 854 1229 esse
884 1164 1099 1219 animas
1129 1180 1196 1218 ex
1234 1165 1421 1221 divina
1460 1168 1771 1223 substantia
1803 1187 1818 1224 :
1856 1185 2033 1239 neque

453 1267 519 1306 ex
547 1252 734 1321 aliquo
776 1254 1025 1324 subjecto
1058 1257 1288 1310 scilicet.
1326 1256 1461 1312 Nam
1505 1263 1552 1313 si
1596 1260 1916 1330 incorporea
1951 1272 2036 1318 est

454 1344 639 1398 anitna
665 1360 729 1399 ac
758 1345 1044 1402 rationalis
1066 1386 1081 1412 ,
1130 1349 1269 1403 nihil
1308 1360 1488 1405 autem
1524 1352 1908 1423 incorporeum
1941 1364 2037 1410 aut

453 1436 723 1490 rationale
752 1454 818 1491 ex
849 1438 1035 1508 aliquo
1065 1440 1313 1511 subjecto
1346 1443 1426 1503 lit,
1459 1452 1675 1499 constat
1704 1459 1772 1499 ne
1796 1446 2033 1501 animam

453 1526 677 1595 quidem
710 1528 783 1582 ita
822 1530 961 1582 lieri.
1005 1528 1114 1584 Sed
1147 1546 1322 1601 neque
1346 1548 1441 1601 per
1465 1548 1524 1588 se
1552 1534 1668 1603 ipsa
1697 1545 1898 1590 aeterna
1917 1548 2035 1592 est:

454 1626 540 1673 est
566 1619 712 1671 enim
739 1622 986 1689 corporis
1017 1622 1211 1676 usibus
1236 1623 1512 1693 subjecta,
1550 1627 1665 1680 sive
1697 1627 1827 1680 dum
1862 1628 2033 1685 Deum

455 1708 749 1780 gloriﬁcat,
771 1709 885 1763 sitve
915 1710 1044 1765 dum
1064 1711 1267 1782 gratias
1291 1714 1421 1781 agit.
1445 1714 1608 1783 Atqui
1634 1714 1679 1770 si
1710 1731 1741 1768 a
1765 1715 1870 1770 Deo
1887 1715 2030 1770 facta

2130 530 2230 581 οὐκ
2259 528 2367 599 ἄρα
2399 526 2650 601 καθάπερ
2684 525 2787 579 ὑπὸ
2815 524 2911 578 τοῦ
2952 524 3104 594 ἡλίου
3162 525 3219 578 al
3284 525 3525 589 ἀκτῖνες,
3571 527 3724 582 οὕτω

2132 621 2227 673 καὶ
2274 620 2330 673 αἱ
2375 620 2545 697 ψυχαὶ
2569 622 2635 672 ὲκ
2664 617 2758 671 τοῦ
2788 616 2922 670 Θεοῦ
2954 633 2968 648 ο
3014 617 3094 671 ἔτι
3132 619 3190 670 αἱ
3217 618 3437 681 ἀκτῖνες
3465 618 3624 673 οὖσαι
3655 625 3724 676 ὲκ

2130 708 2225 763 τοῦ
2263 711 2470 773 δίσκου,
2516 708 2766 778 οὐδαμῶς
2794 708 3108 763 ἀναλύονται
3137 710 3217 771 είς
3244 710 3341 781 τὴν
3382 711 3476 763 τοῦ
3530 712 3722 766 δίσκου

2131 798 2318 852 οὐσίαν
2350 815 2365 831 ο
2409 802 2464 854 al
2497 800 2553 853 δὲ
2583 799 2753 869 ψυχαὶ
2784 800 2924 854 κατὰ
2965 801 3055 853 τὸν
3099 801 3623 871 άντιδιαλεγόμενον,
3654 807 3717 872 ἐξ

2131 886 2300 962 οὗπερ
2336 892 2590 960 γεγόνασι
2627 890 2764 945 Θεοῦ
2801 893 2880 954 είς
2905 891 3067 944 αὐτὸν
3097 892 3305 946 ἐκεῖνον
3350 892 3711 964 ἀναλυθὴσον-

2130 983 2219 1036 ταί
2250 1000 2380 1037 ποτε
2402 999 2415 1013 ·
2448 984 2549 1036 οὐκ
2578 983 2686 1054 ἄρα
2708 983 2960 1054 καθάπερ
2989 985 3044 1035 αί
3066 984 3282 1045 ἀκτῖνες
3308 982 3413 1035 ὑπὸ
3439 983 3532 1036 τοῦ
3566 984 3709 1052 ἡλίου

2131 1071 2275 1126 οὓτω
2305 1074 2399 1127 καὶ
2438 1074 2496 1126 αἱ
2521 1073 2694 1144 ψυχαὶ
2720 1074 2824 1127 ὑπὸ
2867 1072 2961 1126 τοῦ
3000 1072 3170 1126 Θεοῦ·
3229 1073 3324 1125 καὶ
3355 1072 3568 1137 τούτοις
3619 1072 3716 1144 μὲν
3776 1137 3785 1145 _

2130 1166 2245 1227 τοῖς
2275 1165 2453 1233 λόγοις
2487 1165 2753 1219 δέδεικται
2780 1182 2870 1235 μοι
2892 1163 2967 1229 ὡς
3007 1165 3109 1218 οὐκ
3133 1165 3273 1219 είσιν
3309 1166 3369 1219 αί
3391 1164 3562 1236 ψυχαὶ
3605 1170 3705 1237 τῆς

2134 1254 2286 1318 θείας
2332 1256 2520 1320 οὐσίας
2547 1272 2560 1286 ·
2589 1256 2673 1309 ὅτι
2720 1256 2779 1309 δὲ
2803 1255 2929 1310 οὗτε
2957 1255 3022 1310 ἐκ
3049 1273 3196 1320 τινος
3221 1255 3585 1326 ὑποκειμένου
3618 1259 3718 1327 δη-

2134 1346 2310 1401 λονότι
2330 1363 2342 1376 ⁸
2375 1348 2424 1401 εί
2458 1347 2567 1418 γὰρ
2589 1346 2881 1418 ἀσώματος
2900 1349 2934 1415 ἡ
2958 1346 3107 1418 ψυχὴ
3129 1348 3222 1401 καὶ
3252 1346 3467 1419 λογικὴ,
3490 1348 3645 1402 οὐδὲν
3659 1349 3722 1401 δὲ

2134 1439 2423 1512 ἀσώματον
2464 1440 2497 1511 ἢ
2530 1439 2745 1510 λογικὸν
2772 1440 2837 1493 ἐκ
2870 1457 3014 1504 τινος
3063 1440 3425 1511 ὑποκειμένου
3453 1442 3722 1511 γίγνεται,

2124 1533 2292 1605 ’δῆλον
2319 1534 2396 1596 ὡς
2441 1532 2561 1587 οὐδὲ
2593 1534 2628 1604 ἡ
2668 1532 2846 1604 ψυχή·
2893 1532 3032 1586 ἀλλὰ
3068 1532 3177 1604 μὴν
3225 1534 3348 1588 οὐδὲ
3382 1534 3502 1588 καθ’
3524 1534 3725 1604 ἑαυτὴν

2136 1625 2325 1690 ἀΐδιος,
2348 1624 2630 1678 ὑπόκειται
2659 1624 2768 1694 γὰρ
2797 1622 2877 1693 τῷ
2897 1620 3109 1692 σώματι
3141 1622 3281 1675 κατὰ
3304 1622 3489 1693 χρέος,
3512 1622 3616 1676 κάν
3636 1623 3717 1691 τῷ

2135 1712 2434 1782 δοξολογεῖν
2462 1714 2581 1768 κάν.
2596 1711 2675 1783 τῷ
2697 1713 3037 1782 εὐχαριστεῖν
3057 1725 3070 1739 ·
3085 1712 3136 1763 εί
3165 1711 3220 1764 δὲ
3232 1711 3333 1763 οὐκ
3358 1712 3598 1779 ἐγεγόνει
3617 1710 3728 1763 ὑπὸ

455 1814 564 1854 non
589 1809 758 1865 esset,
785 1801 918 1855 nihil
943 1802 993 1855 ei
1014 1803 1254 1857 deberet.
1285 1803 1452 1858 Debet
1474 1817 1656 1859 autem
1679 1822 1693 1868 ;
1726 1821 1854 1875 ergo
1877 1822 1904 1859 a
1924 1804 2035 1861 Deo

2146 1807 2231 1860 τοῦ
2248 1805 2402 1870 Θεοῦ,
2421 1805 2539 1858 οὐδὲ
2556 1806 2818 1876 χρεωστεῖ
2844 1802 3014 1873 αὐτῷ·
3043 1804 3309 1874 χρεωστεῖ
3327 1801 3410 1864 δὲ,
3433 1801 3725 1871 γεγένηται

455 1890 599 1945 facta
633 1900 735 1945 est.
776 1892 891 1945 Non
927 1894 1072 1947 enim
1108 1893 1253 1948 sicut
1289 1894 1346 1947 fit
1389 1894 1531 1949 inter
1568 1896 1840 1962 homines,
1879 1899 2039 1952 debet

455 1981 569 2038 Deo
598 1984 780 2037 anima
812 1985 1027 2040 laudem
1076 1994 1130 2040 et
1170 1987 1468 2058 gratiarum
1508 1990 1772 2055 actiones,
1822 1990 1914 2045 sed
1972 2005 2038 2045 eo

458 2074 682 2129 nomine
715 2074 877 2129 debet
900 2076 1045 2145 quod
1078 2076 1147 2131 ab
1186 2091 1252 2130 eo
1288 2076 1427 2132 facta
1460 2078 1551 2133 sit.
1590 2077 1649 2133 Si
1692 2094 1822 2149 ergo
1866 2095 2043 2150 neque

455 2179 525 2219 ex
553 2162 739 2220 diVEna
773 2167 1099 2233 substantia,
1147 2182 1325 2238 neque
1354 2183 1419 2223 ex
1449 2169 1696 2239 subjecto
1726 2172 1911 2241 aliquo
1937 2181 2040 2236 cst,

455 2271 635 2326 neque
666 2272 763 2326 per
793 2272 853 2313 se
882 2257 1001 2327 ipsa
1028 2267 1231 2314 aeterna
1267 2268 1372 2325 est,
1416 2269 1636 2315 constat
1689 2277 1809 2316 eam
1841 2280 1905 2318 ex
1934 2279 2040 2318 non

450 2349 799 2405 exstantibus
841 2364 994 2412 esse,
1043 2350 1097 2406 id
1139 2359 1223 2405 est
1267 2352 1477 2421 absque
1523 2352 1773 2423 subjecto
1804 2355 2022 2424 quovis,

454 2447 622 2509 atque
647 2455 678 2494 a
714 2442 821 2494 Deo
854 2447 1101 2496 creatore
1132 2440 1359 2496 factam.

842 2551 1263 2610 DISPUTATIO
1308 2553 1648 2612 SECUNDA.

704 2644 778 2698 Ds
798 2643 1002 2701 duobus
1039 2644 1463 2702 Manichaorum
1494 2647 1796 2717 principiis.

531 2752 738 2809 Deinde
758 2755 811 2808 in
837 2756 1075 2811 secunda
1109 2757 1498 2828 disputatione,
1556 2776 1667 2815 uno
1696 2762 1784 2816 die
1802 2760 2046 2833 interpo-

458 2848 568 2904 sito
591 2864 657 2902 ex
681 2851 967 2920 utriusque
999 2852 1169 2921 partis
1192 2853 1417 2923 placito,
1452 2854 1567 2909 hac
1582 2855 1782 2925 agitata
1806 2856 2042 2913 fuerunt.

457 2939 906 2997 MANlCH/EUS.
929 2941 1041 3014 Ego
1072 2945 1234 2999 hodie
1252 2944 1640 3015 interrogantis
1662 2956 1843 3016 partes
1861 2964 2041 3020 agam,

2134 1900 2241 1969 ἄρα
2259 1898 2349 1951 ὑπ’
2387 1897 2551 1950 αὑτοῦ
2572 1913 2584 1927 θ
2619 1896 2680 1950 οὗ
2714 1896 2822 1967 γὰρ
2855 1896 3041 1967 ὥσπερ
3059 1896 3188 1965 παρ’
3214 1895 3341 1964 ὑμῖν
3355 1897 3620 1966 χρεωστεῖ
3647 1894 3731 1963 τῷ

2138 1990 2259 2060 Θεῷ
2302 1993 2335 2060 ἡ
2362 1990 2507 2060 ψυχὴ
2535 1988 2847 2056 δοεολογίαν
2869 1988 2963 2041 καὶ
2988 1987 3338 2056 εὐχαριστίαν
3370 1984 3725 2054 προσφέρειν,

2139 2080 2253 2135 ἀλλ’
2283 2079 2357 2142 ὡς
2386 2080 2639 2148 γεγονυῖα
2667 2078 2759 2130 ὑπ’
2788 2074 2953 2129 αὑτοῦ
2976 2090 2992 2107 ο
3024 2076 3072 2127 εί
3100 2073 3157 2126 δὲ
3189 2072 3313 2125 οὔτε
3338 2072 3403 2124 ὲκ
3427 2070 3528 2140 τῆς
3574 2068 3725 2131 θείας

2141 2172 2350 2237 οὐσίας,
2378 2170 2501 2224 οὔτε
2526 2169 2583 2222 δὲ
2620 2168 2683 2222 Ex
2717 2185 2861 2232 τινος
2896 2164 3280 2235 ὑποκειμένου,
3302 2162 3426 2216 οὔτε
3453 2162 3575 2215 καθ’
3597 2162 3727 2214 ἑαυ-

2146 2263 2246 2334 τὴν
2276 2263 2466 2327 ἀΐδιος,
2490 2260 2646 2332 δῆλον
2678 2262 2761 2314 ὃτι
2788 2260 2853 2313 ὲκ
2889 2258 2965 2329 μὴ
3011 2256 3205 2321 ὅντων,
3253 2253 3531 2309 τουτέστιν
3594 2254 3730 2306 ὐπο-

2147 2355 2404 2424 κειμένου
2437 2354 2582 2417 τινὸς
2619 2353 2809 2423 χωρὶς,
2837 2351 2943 2405 ὑπὸ
2968 2349 3062 2402 τοῦ
3096 2346 3231 2401 Θεοῦ
3264 2348 3322 2402 δὲ
3355 2347 3432 2412 ὡς
3462 2347 3732 2418 δημιουρ·-

2142 2448 2412 2516 γήσαντος
2451 2444 2762 2515 γεγένηται.
2795 2444 2962 2507 Τέλος
2992 2444 3090 2497 σὺν
3115 2442 3255 2511 Θεῷ.

2551 2558 2613 2610 Δῐ
2621 2555 2940 2609 ΑΛΕΚΤΟΣ
2988 2546 3322 2608 ΔΕΥΤΕΡΔ.

2391 2650 2530 2717 Περὶ
2562 2648 2673 2702 δύο
2713 2646 2917 2716 ἀρχῶν
2964 2645 3083 2700 τῶν
3116 2646 3481 2715 Μανιχαίων.

2231 2764 2389 2834 Ἐξῆς
2445 2766 2512 2835 τῇ
2555 2760 2785 2833 δευτέρᾳ
2826 2760 3111 2831 διαλέκτῳ.
3148 2760 3276 2830 μιᾶς
3302 2759 3517 2830 ἡμέρας
3570 2772 3733 2829 μετα-

2153 2857 2213 2922 ξὺ
2244 2854 2564 2925 γενομένης,
2600 2853 2741 2907 κατὰ
2764 2852 2864 2923 τὴν
2896 2851 3159 2923 πρόθεσιν
3188 2852 3286 2922 τὴν
3315 2850 3546 2915 δόξασαν
3599 2850 3731 2903 ἑκα-

2149 2946 2294 3017 τέρῳ
2329 2945 2505 3017 μέρει,
2542 2943 2667 2997 τάδε
2694 2943 2942 3014 ἐκινήθη.
2976 2943 3386 2997 ΜΑΝῙΧΑΙΟΣ.
3454 2941 3596 3011 Ἐγὼ
3642 2940 3732 3011 γί-

451 3032 899 3103 quandoquidem
941 3036 997 3088 in
1028 3035 1211 3104 priore
1239 3036 1458 3106 dialogo
1507 3053 1593 3091 res
1627 3047 1830 3093 nostra:
1860 3039 2041 3093 venti-

2146 3053 2309 3107 νομαι
2338 3036 2578 3106 σήμερον
2603 3034 2710 3087 τῶν
2739 3035 3086 3105 ἐρωτώντων,
3121 3033 3306 3104 ἐπειδὴ
3329 3034 3468 3103 ὲντῇ
3494 3033 3734 3104 προτέρᾳ.

455 3127 581 3181 lata:
611 3126 852 3181 fuerunt.
882 3125 1365 3182 CHRISTIANUS.
1390 3126 1597 3202 Vestra;
1626 3129 1845 3199 quidem
1876 3145 1964 3184 res
1996 3131 2050 3185 in

456 3218 637 3287 priore
662 3217 880 3289 dialogo
902 3218 1178 3273 ventilata
1202 3227 1350 3283 sunt,
1404 3228 1463 3274 ut
1492 3219 1702 3287 dixisti,
1729 3236 1838 3275 non
1869 3230 2050 3275 tamen

452 3322 670 3365 omnes.
694 3310 864 3364 Antea
886 3323 1018 3365 vero
1038 3311 1321 3380 Oportebat
1346 3311 1530 3366 omnia
1561 3313 1911 3367 conveniente
1939 3314 2052 3367 dis-

454 3400 753 3471 quisitione
782 3409 1035 3467 tractare,
1079 3409 1135 3456 et
1157 3402 1501 3456 Iumdemum
1517 3410 1827 3458 nostrarum
1867 3418 2049 3458 rerum

460 3491 675 3547 initium
700 3491 898 3548 facere.
943 3492 1047 3548 Sed
1088 3494 1214 3563 quia
1251 3494 1347 3549 tibi
1387 3494 1566 3564 placet
1609 3505 1668 3549 ut
1698 3506 1823 3551 ante
1857 3506 2052 3551 vestrae

461 3585 731 3639 doctrina:
788 3599 1015 3639 examen
1072 3585 1351 3650 debitum,
1404 3594 1592 3641 nostra
1640 3588 2049 3655 expendantur,

464 3685 631 3748 prout
671 3677 753 3731 vis
786 3678 1082 3747 interroga.
1114 3675 1185 3730 M.
1228 3676 1445 3743 Quibus
1478 3677 1546 3731 de
1591 3677 1758 3733 rebus
1812 3686 2052 3733 tractan-

461 3771 592 3823 dum
630 3785 776 3825 nunc
810 3771 1041 3825 censes?
1068 3769 1167 3824 Ch.
1197 3768 1248 3825 ls
1275 3770 1436 3825 debet
1469 3770 1805 3842 interrogare
1833 3772 1929 3842 qui.
1971 3772 2054 3827 di-

461 3860 588 3923 scit,
636 3875 747 3914 non
790 3861 885 3930 qui
938 3860 1181 3916 disserit.
1213 3859 1284 3914 M.
1314 3859 1470 3917 Nunc
1498 3878 1628 3933 ergo
1660 3863 1871 3919 discere
1902 3867 2046 3918 malo

460 3966 629 4021 quam
658 3952 948 4007 disserere.
984 3952 1086 4007 Ch.
1149 3951 1282 4006 Mihi
1322 3968 1454 4024 ergo
1475 3955 1624 4010 cedis
1661 3953 1890 4009 docendi
1924 3970 2051 4026 par-

462 4044 584 4100 tes?
629 4042 701 4099 Μ.
749 4044 899 4099 Cedo
922 4044 1131 4115 utique.
1164 4043 1264 4099 Cb.
1321 4046 1476 4116 Apud
1532 4061 1634 4101 nos
1677 4045 2048 4115 Christianos,

459 4151 682 4193 necnon
738 4145 795 4191 et
831 4138 967 4192 alios
991 4138 1095 4192 hoc
1135 4146 1317 4193 exstat
1344 4140 1673 4209 lirmumque
1702 4140 1932 4194 habetur
1955 4155 2051 4195 ca-

458 4229 724 4300 :pitulum,
758 4244 957 4299 nempe
985 4244 1108 4284 esse
1129 4230 1310 4299 aliqua
1335 4232 1389 4285 in
1437 4231 1669 4287 arbitrio
1707 4242 1919 4287 nostro.
1972 4230 2050 4288 Te

454 4336 597 4391 ergo
648 4330 882 4390 oportet,
945 4324 1203 4392 quoniam
1253 4324 1508 4393 discipuli
1551 4334 1733 4395 partes
1787 4326 2050 4391 maluisti,

2151 3124 2416 3195 διαλέκτῳ
2442 3125 2511 3178 τὰ
2552 3124 2677 3178 καθ’
2710 3124 2860 3194 ἡμᾶς
2906 3123 3245 3195 ὲγυμνάσθη.
3299 3123 3731 3178 ΧΡΙΣΤΙΔΝΟΣ.

2153 3215 2235 3270 Τὰ
2279 3215 2399 3268 καθ’
2429 3215 2574 3284 ὑμᾶς
2605 3213 2704 3283 μὲν
2736 3212 3053 3283 ὲγυμνάοθη
3093 3214 3152 3265 ὲν
3180 3213 3425 3284 προτέρᾳ
3446 3212 3729 3282 διαλέκτῳ,

2151 3306 2227 3372 ώς
2272 3306 2519 3376 εἴρηκας,
2562 3304 2623 3358 οὐ
2674 3304 2781 3376 μὴν
2825 3304 2884 3358 δὲ
2914 3304 3143 3359 ’πάνταο
3206 3304 3374 3375 ἐχρῆν
3424 3300 3516 3358 οὖν
3559 3303 3735 3358 πάντα

2152 3400 2250 3470 τῆς
2275 3398 2592 3470 πρεπούσης
2648 3397 2952 3463 ἐξετάσεως
2998 3398 3204 3467 τυχεῖν,
3246 3391 3345 3450 εἷθ’
3402 3394 3574 3461 οὕτως
3626 3396 3734 3450 τῶν

2151 3491 2438 3563 ἡμετέρων
2476 3488 2853 3561 ἀπάρχεσθαι⁸
2889 3488 3005 3542 ἀλλ’
3039 3488 3228 3559 ὲπειδὴ
3261 3505 3342 3541 σοι
3375 3486 3531 3541 τοῦτο
3562 3487 3731 3556 φίλον,

2152 3584 2293 3638 ὥστε
2323 3583 2429 3654 πρὸ
2478 3585 2579 3654 τῆς
2605 3580 2833 3652 δεούσης
2877 3580 3180 3645 ἐξετάσεως
3202 3579 3310 3633 τῶν
3338 3579 3638 3650 ὑμετέρων,
3668 3580 3737 3632 τά

2153 3677 2397 3749 ἡμέτερα
2420 3674 2739 3747 γυμνάζειν,
2797 3673 3075 3745 ἐρώτησον
3111 3674 3140 3728 ὅ
3189 3690 3244 3726 τι
3292 3673 3390 3727 καὶ
3428 3672 3628 3743 βούλει.
3659 3673 3733 3726 Μ.

2153 3770 2290 3824 Τίνα
2313 3770 2462 3823 εστὶν
2507 3768 2591 3837 ἐφ’
2633 3767 2670 3822 ἃ
2753 3766 2930 3838 βούλει
2983 3768 3346 3837 μεταγαγεῖν;
3401 3767 3469 3820 Χ.
3517 3765 3738 3820 Μανθά-

2153 3878 2336 3927 νοντος
2371 3861 2467 3916 καὶ⁵
2505 3859 2890 3930 διαλεγομένου
2925 3861 3073 3913 ἐστὶν
3105 3861 3137 3931 ἡ
3172 3859 3460 3931 ἐρώτησις.
3495 3860 3571 3913 Μ.
3613 3857 3734 3910 Ἐπὶ

2153 3953 2248 4008 τοῦ
2282 3953 2551 4025 παρόντος
2587 3952 2647 4006 οὐ
2679 3948 3045 4022 διαλεχθῆναι,
3077 3951 3214 4006 ἀλλὰ
3245 3952 3439 4023 μαθεῖν
3494 3950 3737 4023 προῄρη-

2158 4063 2277 4119 μαι.
2321 4046 2390 4100 Χ.
2445 4046 2597 4116 Ἐμοὶ
2625 4040 2718 4100 οὖν
2747 4044 3145 4117 παρεχώρησας
3176 4044 3276 4110 τὴν
3300 4041 3393 4097 τοῦ
3455 4043 3734 4097 διδάσκον-

2152 4156 2245 4203 τος
2290 4138 2442 4204 τάξιν
2468 4155 2483 4203 ;
2512 4139 2587 4193 Μ.
2637 4138 2730 4192 Σοὶ
2774 4135 3239 4209 παρακεχώρηκα.
3304 4136 3373 4191 Χ.
3430 4136 3567 4207 Παρ*
3605 4137 3736 4205 ἡμῖν

2153 4233 2265 4295 τοῖς
2295 4232 2643 4302 Χριστιανοῖς
2690 4231 2787 4285 σὺν
2825 4233 2936 4293 τοῖς
2962 4230 3141 4293 ἄλλοις
3166 4230 3259 4283 κα.)¹
3288 4228 3530 4282 τοιοῦτόν
3558 4246 3611 4282 τι
3640 4245 3729 4282 κε-

2157 4321 2383 4392 φάλαιον
2423 4323 2737 4394 εὑρίσκεται
2764 4321 2859 4375 καὶ
2905 4319 3312 4391 δογματίζεται,
3344 4321 3427 4374 ὅτι
3455 4320 3572 4374 ἔστι
3617 4321 3736 4374 τινὰ

461 4416 575 4469 hoc
600 4415 653 4467 in
683 4415 876 4484 primis
929 4415 1234 4470 admittere.
1263 4415 1421 4481 Quod
1453 4418 1500 4473 si
1525 4393 1685 4473 dicta:
1716 4418 1795 4473 rei
1825 4419 2043 4473 demon-

2157 4416 2241 4485 ἐφ’
2274 4417 2407 4487 ἡμῖν
2430 4432 2444 4446 ·
2492 4393 2576 4469 δεῖ
2605 4410 2700 4469 οὖν
2732 4432 2791 4467 σε
2824 4414 3014 4486 μαθεῖν
3061 4413 3513 4485 προαιρούμενον,
3584 4414 3735 4468 τοῦτο

459 4507 786 4561 ·ειι·ιιιίοιιεηι
822 4521 1041 4576 quoque
1065 4506 1148 4561 vis
1176 4522 1527 4578 cognoscere,
1563 4511 1803 4566 conabor
1831 4511 2041 4566 dicere.

464 4600 603 4655 Post
636 4600 841 4653 dictum
873 4607 1057 4653 autem
1102 4600 1401 4669 capitulum
1438 4601 1666 4673 ejusque
1711 4603 2053 4659 demonStra-

472 4692 708 4755 tionem,
759 4690 970 4759 reliqua
1014 4690 1178 4744 etiam
1232 4691 1546 4761 dogmatum
1566 4702 1883 4750 nostrorum
1909 4693 2056 4764 capi-

470 4782 591 4836 tula
623 4782 853 4836 libenter
883 4779 1083 4835 volenti
1121 4781 1214 4835 tibi
1254 4797 1520 4852 exponam
1542 4799 1666 4839 cum
1694 4785 1931 4856 propriis
1954 4801 2054 4840 cu-

467 4874 669 4943 jusque
706 4871 1287 4928 demonstrationibus.
1350 4872 1422 4927 Μ.
1489 4871 1570 4928 Ex
1624 4875 1810 4931 medio
1868 4890 2049 4930 rerum

464 4980 663 5031 cursu,
694 4979 805 5018 non
844 4979 910 5018 ex
942 4964 1233 5035 principio,
1260 4966 1474 5021 initium
1506 4967 1735 5022 docendi
1763 4967 1916 5023 lacis.
1949 4968 2050 5024 Cb.

469 5056 835 5119 Discentisne,
865 5071 933 5111 an
962 5057 1210 5112 docentis
1238 5058 1322 5112 vel
1364 5059 1590 5113 alterius
1627 5060 1927 5129 cujuslibet
1971 5059 2055 5115 of-

472 5149 665 5201 ﬁcium
720 5163 803 5204 est
833 5149 1051 5214 dicere,
1084 5150 1363 5220 quodnam
1400 5150 1646 5206 futurum
1701 5153 1773 5207 sit
1825 5152 2055 5207 discenti

468 5240 606 5293 utile
636 5239 895 5295 doctrinae
920 5241 1137 5295 initium
1159 5241 1185 5295 ἲ
1207 5241 1280 5297 Μ.
1300 5241 1553 5297 Docentis
1597 5252 1702 5297 est.
1726 5243 1826 5296 Ch.
1877 5241 2056 5297 Meum

466 5339 558 5385 est
606 5330 806 5401 itaque,
859 5333 1005 5400 quod
1065 5333 1288 5388 voluero
1324 5334 1541 5387 initium
1581 5334 1808 5390 docendi
1854 5332 2052 5390 facere.

544 5421 616 5477 ll.
647 5422 915 5489 Quoniam
949 5440 1071 5479 esse
1101 5427 1349 5494 quaedam
1382 5428 1569 5483 aiebas
1616 5444 1779 5500 supra
1810 5443 1932 5495 nos,
1964 5429 2053 5485 dic

475 5514 719 5585 primum
748 5518 974 5586 quinam
1014 5531 1115 5572 nos
1154 5518 1367 5573 simus?
1414 5511 1680 5575 Ch.'Hac
1711 5521 2054 5586 disserentis,

474 5617 591 5659 non
619 5602 879 5665 discentis
908 5596 1116 5665 locutio
1160 5618 1263 5665 est.
1297 5610 1367 5665 Μ.
1410 5608 1529 5666 Non
1568 5612 1720 5669 disco
1767 5614 1930 5681 modo
1959 5613 2054 5669 sed

472 5694 843 5755 dissero.Ch.
903 5703 1107 5772 Repete
1156 5702 1660 5775 interrogationem.
1718 5706 1785 5761 M.
1819 5707 2051 5773 Quinam

2160 4508 2258 4578 μὲν
2290 4507 2628 4579 παραλαϐεῖν
2665 4506 2808 4561 κατὰ
2835 4505 3079 4579 πρώτας.
3141 4507 3204 4560 El
3236 4506 3293 4559 δὲ
3342 4507 3437 4560 καὶ⁸
3493 4506 3592 4578 τὴν
3644 4505 3735 4559 τοῦ

2156 4599 2437 4669 λεχθέντος
2455 4598 2727 4664 ἀπόδειξιν
2752 4597 2929 4668 βούλει
2955 4598 3167 4670 μαθεῖν,
3189 4598 3521 4669 πειράσομαι
3537 4598 3735 4665 λέγειν·

2160 4691 2298 4763 μετὰ
2316 4692 2375 4745 δὲ
2390 4692 2449 4746 τὸ
2471 4691 2660 4764 λεχθὲν
2687 4690 2981 4762 κεφάλαιον
3003 4693 3095 4745 καὶ
3123 4692 3220 4764 τὴν
3251 4692 3441 4745 τούτου
3466 4692 3736 4755 ἀπόδειξιν

2157 4784 2254 4839 καὶ
2284 4785 2353 4839 τὰ
2378 4784 2651 4839 ὑπόλοιπα
2677 4784 2787 4839 τῶν
2826 4785 3111 4856 ἡμετέρων
3131 4784 3417 4855 δογμάτων
3445 4785 3732 4855 κεφάλαια,

2157 4875 2453 4948 προθύμως
2476 4894 2557 4930 σοι
2583 4876 2895 4948 βουλομένῳ
2919 4876 3204 4945 ἀναγγελῶ
3235 4878 3334 4931 σὺν
3363 4879 3487 4941 ταῖς
3511 4876 3739 4939 οἰκείαις

2159 4968 2338 5021 αὐτῶν
2382 4967 2740 5033 ἀποδείξεσιν.
2764 4968 2839 5021 Μ.
2886 4968 2981 5021 Ἐκ
3013 4968 3178 5039 μέσου
3226 4965 3338 5021 τῶν
3374 4969 3733 5038 πραγμάτων,

2156 5061 2271 5115 ἀλλ’
2283 5061 2384 5114 οὐκ
2395 5060 2457 5126 ἐξ
2469 5062 2643 5133 ἀρχῆς
2655 5061 2753 5131 τὴν
2765 5062 2862 5133 τῆς
2876 5060 3220 5125 διδασκαλίας
3233 5060 3528 5133 πεποίησαι
3540 5059 3734 5131 ἀρχὴν.
3776 5120 3787 5143 1

2157 5153 2225 5205 Χ.
2259 5152 2636 5217 Μανθάνοντος
2660 5152 2693 5224 ἢ
2716 5152 3055 5215 διδάσκοντος
3092 5152 3126 5222 ἡ
3149 5150 3309 5206 ἄλλου
3338 5153 3483 5216 τινός
3538 5152 3653 5204 ἐστι
3677 5150 3735 5203 τὸ

2158 5245 2371 5313 λέγειν,
2421 5245 2583 5299 ὁποία
2630 5245 2940 5318 πρόσφορος
2969 5243 3046 5315 τῷ
3080 5243 3399 5314 μανθάνοντι
3445 5244 3543 5315 τῆς
3593 5241 3737 5296 διδα-

2160 5336 2391 5401 σκαλίας
2436 5336 2646 5406 γίνεται
2697 5339 2730 5408 ἡ
2759 5339 2934 5409 ἀρχῆς
2968 5338 3044 5392 M.
3069 5335 3439 5400 Διδάσκοντος.
3469 5337 3537 5390 Χ.
3585 5333 3744 5407 Ἑμοῦ

2157 5426 2251 5484 οὖν
2261 5429 2407 5483 ἔστιν
2422 5429 2684 5500 ἄρχεσθαι
2706 5433 2813 5500 τῆς
2831 5428 3178 5493 διδασκαλίας
3193 5428 3316 5484 ὅθεν
3345 5430 3438 5484 καὶ
3455 5428 3731 5499 βούλομαι.

2228 5523 2303 5576 Μ.
2366 5521 2582 5593 Ἐπειδὴ
2610 5521 2792 5591 ἔλεγες
2834 5517 2969 5574 εἶναι
2996 5538 3117 5574 τινα
3146 5521 3230 5591 ἐφ’
3259 5521 3409 5592 ἡμῖν,
3444 5520 3566 5574 εἰπὲ
3588 5518 3735 5591 πρῶ-

2157 5632 2250 5670 τον
2271 5609 2414 5680 τίνες
2442 5615 2610 5686 ἐσμὲν
2635 5617 2793 5686 ἡμεῖς
2821 5633 2835 5677 ς
2867 5616 2935 5670 Χ.
2970 5614 3385 5686 Διαλεγομένου,
3422 5615 3483 5668 οὐ
3526 5611 3730 5684 μανθά-

2159 5725 2339 5772 νοντος
2376 5708 2435 5761 τὸ
2471 5707 2659 5777 λεχθέν
2717 5707 2883 5762 ἐστιν.
2936 5708 3009 5761 Μ.
3045 5706 3120 5760 Οὐ
3151 5706 3426 5777 μανθάνω,
3461 5705 3597 5761 ἀλλὰ
3624 5704 3734 5760 δω-
