4062 6454
371 336 473 411 541

1258 339 1711 413 DISPUTATIO
1750 348 1909 413 CUM
1936 350 2272 413 PHO'I‘INO
2329 348 2764 411 MANICHJEO.

3541 340 3646 411 .542

368 458 608 529 λέγομαι
660 457 776 512 νῦν.
821 461 895 515 Χ.
956 461 1221 516 Ἀνάλαϐε
1248 463 1346 535 τὴν
1385 465 1597 519 πεῦσιν.
1650 465 1725 516 Μ.
1793 463 1947 526 Τίνες

2054 478 2154 518 nos
2190 463 2416 517 sumus?
2452 460 2554 514 (1h.
2607 458 2867 513 Homines
2919 462 3113 509 natura
3159 470 3259 509 nos
3298 469 3510 509 sumus.
3568 457 3640 510 Μ.

367 552 541 622 ἐσμὲν
573 553 767 622 iusst;
801 554 868 607 X.
899 554 1213 626 ’Ἄνθρωποι
1242 558 1340 628 τὴν
1391 557 1550 626 φύσιν
1569 559 1736 629 ἐσμὲν
1767 558 1949 627 ἡμεῖς.

362 644 449 698 Μ.
503 644 580 697 Οὐ
631 644 790 697 τοῦτο
842 645 1103 717 βούλομαι
1173 648 1386 717 μαθεῖν,
1461 650 1596 703 ἀλλὰ
1666 651 1747 702 ὅτι
1828 647 1953 701 σύν-

361 738 518 792 Bato!
575 741 741 808 ὲσμεν
799 741 833 810 ἢ
888 739 1087 805 ἁπλοῖς
1151 742 1217 794 Χ.
1258 741 1428 796 Τοῦτο
1456 744 1489 812 ή
1531 741 1769 813 προτέρα
1798 738 1956 810 ,ἐρώ-

357 847 534 900 τησις
554 831 655 884 οὐκ
675 825 823 900 εἶχεν
843 847 855 861 ·
885 831 1076 903 ἐπειδὴ
1098 835 1131 902 ἡ
1151 831 1386 905 δευτέρα
1403 832 1538 904 ἔχει,
1563 832 1707 901 λέγω
1729 829 1805 893 ὠς
1830 829 1953 883 καθ’

357 925 523 992 ἡμᾶς
568 922 815 977 σύνθετοί
857 925 1026 994 ἐσμεν
1054 940 1068 952 ⁸
1096 923 1218 977 καθ’
1258 926 1438 994 ὑμᾶς,
1480 925 1687 978 οὐκέτι.
1716 924 1790 977 Μ.
1828 922 1955 986 Πῶς

362 1015 493 1069 καθ’
525 1017 677 1087 ἡμᾶς
727 1015 829 1069 οὐκ
858 1015 999 1069 είσὶν
1027 1017 1078 1069 οἱ
1099 1015 1379 1087 ἄνθρωποι
1426 1016 1705 1082 σύνθετοι;
1746 1017 1814 1069 Χ.
1846 1015 1953 1068 Πό-

357 1107 460 1160 θεν
523 1106 811 1175 σύγκειται
859 1108 888 1160 ὁ
939 1106 1260 1178 ἄνθρωπος;
1297 1105 1357 1172 ἐξ
1404 1103 1749 1176 ὁμοιομερῶν
1807 1102 1838 1173 ἢ
1895 1102 1953 1169 ἐξ

357 1199 820 1270 ἀνομοιομερῶν;
873 1199 950 1253 M.
996 1197 1087 1263 Ἐξ
1155 1196 1586 1268 ἀνομοιομερῶν.
1631 1197 1700 1251 Χ.
1756 1194 1955 1264 Λίσθη-

355 1276 487 1346 τῶν
516 1291 772 1344 ἁπάντων
806 1290 995 1354 ὄντων,
1033 1288 1066 1361 ἢ
1101 1290 1194 1343 καὶ
1226 1290 1437 1360 νοητῶν
1471 1302 1676 1354 τινων;
1728 1288 1805 1340 Μ.
1841 1286 1953 1339 Καὶ

357 1383 600 1455 νοητῶν.
632 1384 702 1439 Χ.
735 1382 870 1436 Καθ’
896 1384 1039 1448 ὑμᾶς
1063 1381 1133 1434 τὰ
1164 1381 1332 1451 νοητὰ
1372 1381 1534 1452 μέρη,
1554 1381 1649 1434 ἅτε
1675 1380 1778 1448 τῆς
1803 1378 1955 1440 θείας

356 1476 558 1538 οὐσίας
586 1477 849 1544 τμήματα
881 1475 1220 1544 ὑπάρχοντα,
1248 1473 1328 1536 είς
1377 1470 1623 1525 σύνθεσιν
1648 1471 1757 1523 τῶν
1791 1471 1950 1522 ἐναν-

354 1568 497 1620 τίων
557 1565 808 1634 οὐδαμῶς
842 1564 1055 1636 ἔρχεται
1077 1581 1093 1597 ·
1138 1564 1225 1618 διὰ
1262 1565 1445 1633 μέσων
1473 1563 1582 1633 γὰρ
1612 1561 1645 1632 ἢ
1674 1562 1840 1631 μέσου
1883 1560 1952 1613 τὰ

355 1656 585 1709 ἐναντία
637 1655 774 1724 πρὸς
802 1655 871 1707 τὰ
904 1655 1122 1708 ἐναντία
1143 1655 1223 1718 είς
1251 1653 1502 1707 σύνθεσιν
1527 1653 1746 1722 ἔρχεται
1770 1668 1783 1681 ·
1815 1651 1952 1718 ἀγα·

354 1748 458 1801 θοῧ
511 1747 570 1799 δὲ
597 1746 693 1799 καὶ
733 1743 904 1799 κακοῦ
939 1745 1103 1815 μέσον
1132 1743 1254 1797 καθ’
1281 1745 1425 1815 ὑμᾶς
1454 1742 1625 1797 οὐδέν.
1680 1742 1793 1795 Οὐκ
1844 1742 1952 1811 ἄρα

2066 553 2220 610 Haud
2249 556 2351 610 hoc
2393 571 2492 624 ego
2520 554 2644 608 volo
2673 551 2903 616 discere,
2936 547 3032 605 sed
3065 562 3196 601 num
3229 547 3521 617 compositi
3567 549 3643 603 si-

2063 664 2205 711 mus,
2230 663 2296 700 an
2311 647 2584 715 simplices
2600 645 2623 697 ?
2638 643 2737 698 Ch.
2757 642 2873 697 Hoc
2892 640 3074 712 priore
3090 639 3517 708 interrogatione
3534 655 3641 694 non

2063 737 2471 803 continebatur;
2514 736 2608 791 sed
2645 734 2774 805 quia
2803 731 3045 788 secunda
3072 731 3423 797 continetur;
3459 729 3568 793 aio.
3589 731 3641 784 in

2061 840 2251 883 nostra
2268 829 2486 898 quidem
2527 828 2795 891 sententia
2825 842 2946 882 esse
2975 826 3330 895 compositos,
3365 823 3422 879 in
3460 833 3639 878 vestra

2022 986 2027 995 ι
2063 937 2239 977 secus.
2261 921 2332 975 Μ.
2359 922 2607 986 Quonam
2634 928 2791 989 pacto
2804 920 2944 986 apud
2964 933 3065 973 nos
3085 935 3192 972 non
3211 924 3339 972 sunt
3351 916 3638 986 compositi

2063 1014 2357 1067 homines?
2385 1012 2485 1067 Ch.
2539 1011 2821 1066 Undenam
2865 1011 3030 1065 homo
3066 1010 3437 1079 componitur,
3465 1024 3529 1063 ex
3565 1006 3643 1062 sid

2062 1105 2283 1159 milibus
2310 1104 2555 1173 partibus
2569 1118 2634 1156 an
2658 1102 3059 1158 dissimilibus?
3074 1102 3239 1166 M._Ex
3258 1100 3638 1157 dissimilibus.

2060 1194 2267 1251 Cb.Ex
2321 1195 2675 1250 sensibilibus
2722 1194 3013 1258 omnibus,
3083 1209 3153 1247 an
3202 1193 3369 1248 etiam
3422 1207 3489 1261 e;
3537 1190 3640 1244 ali-

2060 1299 2193 1357 quot
2220 1285 2717 1342 intellectualibus?
2776 1283 2846 1339 M.
2890 1286 2965 1339 Ex
3016 1286 3469 1341 intellectualibus
3503 1299 3643 1353 quo-

2059 1394 2185 1448 que.
2243 1378 2341 1432 Ch.
2376 1377 2531 1447 Apud
2563 1392 2676 1443 vos,
2705 1390 2887 1445 partes
2940 1375 3335 1430 intellectuales
3366 1391 3491 1429 cum
3527 1375 3641 1430 sint

2059 1471 2258 1526 divina:
2302 1470 2625 1524 substantia
2674 1477 2956 1538 segmenta
2986 1510 3001 1535 ,
3055 1468 3122 1521 ad
3176 1467 3631 1537 compositionem

2060 1575 2183 1614 cum
2261 1559 2553 1613 contrariis
2609 1556 2914 1613 faciendam
2971 1571 3300 1610 concurrere
3342 1562 3637 1623 nequeunt.

2060 1652 2195 1706 Nam
2235 1651 2675 1722 perintermedia
2712 1650 2965 1719 quaadam
2992 1648 3079 1703 vel
3107 1647 3491 1702 intermedium
3509 1662 3643 1701 con-3

2065 1744 2229 1798 traria
2277 1746 2343 1798 ad
2380 1742 2832 1812 compositionem
2864 1757 2987 1797 cum
3030 1740 3321 1795 contrariis
3358 1739 3638 1794 accedunt.

354 1841 437 1902 είς
464 1837 720 1891 σύνθεσιν
751 1835 847 1889 τοῦ
878 1834 1049 1888 κακοῦ
1079 1838 1141 1888 τὸ
1172 1835 1374 1902 ἀγαθὸν
1415 1834 1538 1888 καθ’
1595 1834 1739 1904 ὑμᾶς
1800 1833 1947 1886 ἐλεύ-

2054 1835 2199 1889 Nihil
2258 1850 2406 1899 vero,
2480 1835 2623 1889 inter
2682 1834 2888 1889 bonum
2939 1843 2997 1887 et
3033 1833 3237 1887 malum
3271 1846 3336 1885 ex
3375 1831 3643 1886 sententia

359 1946 541 1982 σεται.
575 1929 653 1981 M.
686 1927 799 1980 Οὐκ
821 1921 918 1979 οἷδ’
952 1928 1099 1989 ὅπως
1137 1925 1259 1979 καθ’
1287 1928 1439 1997 ἡμᾶς
1461 1926 1589 1989 τοὺς
1618 1925 1952 1995 Μανιχαέους

368 2020 696 2083 ἀσυνθέτους
741 2021 867 2082 τοὺς
900 2018 1221 2089 ἀνθρώπους
1274 2018 1453 2086 λέγεις
1478 2034 1491 2047 ’
1545 2017 1704 2071 τοῦτο
1752 2018 1810 2070 δέ
1860 2034 1949 2087 μοι

302 2134 309 2143 ο
372 2111 683 2181 ἀπόκριναι,
712 2110 762 2161 εί
804 2109 912 2179 ἄρα
943 2110 1068 2163 καθ’
1096 2110 1241 2179 ὑμᾶς
1277 2109 1523 2162 σύνθετοι
1561 2110 1611 2161 οί
1641 2108 1945 2179 ἄνθρωποι.

363 2204 435 2257 Χ.
485 2201 619 2256 Καθ’
644 2203 793 2272 ἡμᾶς
823 2201 1068 2255 σύνθετοι
1099 2202 1149 2255 οί
1183 2199 1460 2271 ἄνθρωποί
1485 2200 1642 2253 εἰσιν.
1697 2200 1774 2254 Μ.

355 2296 522 2347 τίνων
553 2293 839 2361 σύγκειται
867 2296 897 2346 ὁ
940 2292 1265 2363 ἄνθρωποςς
1296 2294 1364 2348 Χ.
1400 2290 1624 2362 Πρῶτον
1652 2291 1752 2361 μὲν
1773 2292 1839 2344 ὲκ
1853 2290 1951 2344 σώ-

354 2402 537 2454 ματος
566 2385 662 2439 καὶ
683 2385 898 2455 ψυχῆςο
930 2383 1187 2455 δεύτερον
1216 2384 1272 2437 δὲ
1304 2386 1361 2438 αί
1406 2384 1576 2454 ψυχαὶ
1606 2385 1672 2438 ἐκ
1720 2382 1829 2436 τῶν
1879 2385 1957 2436 οξ-

2050 1937 2228 1982 vestra
2262 1928 2503 1982 medium
2562 1934 2668 1981 est.
2713 1925 2858 1995 Ergo
2906 1925 2969 1978 ad
3013 1924 3471 1993 compositionem
3513 1937 3639 1977 cum

2047 2017 2214 2082 malo,
2277 2016 2505 2083 bonum,
2544 2024 2711 2086 prout
2760 2031 2859 2071 vos
2913 2015 3236 2084 opinamini,
3266 2030 3375 2069 non
3398 2014 3639 2068 accedet.

2045 2107 2116 2163 Μ.
2180 2107 2297 2162 Νοη
2342 2108 2602 2178 intelligo,
2660 2108 2938 2178 quomodo
2990 2121 3157 2179 penes
3185 2120 3286 2162 nos
3316 2106 3641 2160 Manichaeos

1853 2200 1948 2253 Ἐκ
2044 2201 2438 2270 incompositos
2490 2200 2739 2255 homines
2789 2198 3089 2255 credendos
3130 2214 3252 2255 esse
3281 2199 3450 2254 dicas.
3484 2197 3643 2252 Nunc

2059 2293 2192 2346 mihi
2224 2292 2512 2362 responde,
2561 2301 2745 2346 utrum
2788 2306 2957 2362 penes
2981 2306 3080 2347 vos
3142 2305 3337 2361 reapse
3384 2291 3640 2346 homines

2058 2384 2351 2438 credantur
2374 2385 2704 2454 compositi?
2733 2383 2834 2438 Ch.
2856 2382 3093 2439 Omnino
3143 2399 3209 2438 ex
3239 2383 3512 2438 sententia
3537 2398 3640 2437 no-

350 2476 523 2530 κείων
555 2476 761 2547 μερῶν,
789 2478 838 2528 εί
869 2477 950 2529 δεῖ
997 2475 1174 2543 λέγειν
1203 2476 1297 2528 ἐπὶ
1328 2474 1515 2544 ψυχῶν
1566 2472 1636 2526 τὰ
1670 2473 1837 2547 μέρησ
1895 2474 1947 2527 τὸ

2058 2486 2172 2531 stra
2196 2477 2443 2531 homines
2469 2486 2599 2531 sunt
2631 2477 2941 2547 compositi.
2986 2475 3058 2533 Μ.
3099 2475 3167 2532 Et
3196 2476 3338 2531 unde
3366 2486 3450 2531 est
3483 2491 3639 2531 com-

347 2567 411 2620 δὲ
446 2567 611 2638 σῶμα
673 2570 741 2620 ὲκ
786 2567 896 2621 τῶν
929 2568 970 2620 δί
999 2566 1279 2637 στοιχείων
1308 2565 1664 2638 καθέστηκεν.

1957 2566 1966 2581 ’
2059 2570 2271 2639 positus
2300 2569 2889 2625 homo?Ch.Primttm
2929 2570 3147 2639 quidem
3189 2585 3256 2624 ex
3304 2585 3533 2639 corpore
3583 2580 3643 2629 et

350 2660 585 2727 anima;
612 2659 807 2714 deinde
838 2661 967 2729 ipsae
994 2661 1191 2714 animm
1227 2674 1293 2713 ex
1322 2662 1439 2715 suis
1471 2660 1717 2730 partibus
1749 2668 2021 2726 constant,
2055 2663 2101 2718 si
2135 2672 2316 2733 partes
2336 2666 2618 2719 nominare
2638 2664 2765 2719 licet
2792 2665 2847 2718 in
2873 2664 3179 2718 animabus.
3215 2663 3429 2734 Corpus
3456 2670 3638 2737 autem

353 2769 420 2808 ex
441 2764 683 2824 quatuor
696 2754 979 2809 elementis
1001 2754 1309 2809 conﬁciturt

425 2849 502 2901 Μ.
553 2844 904 2916 Γενικωτάτη
927 2848 1043 2901 ἐστὶ
1075 2847 1186 2901 τῶν
1217 2846 1485 2915 σωμάτων
1510 2849 1544 2917 ή
1573 2847 1752 2912 οὐσία,
1783 2847 1897 2919 ἢοῦ
1925 2867 1940 2914 ;

2114 2850 2185 2905 Μ.
2214 2851 2497 2933 Generalis
2544 2864 2626 2933 est
2676 2869 2968 2923 corporum
3026 2852 3366 2915 substantia,
3412 2852 3627 2908 necne?

353 2938 424 2991 Χ.
460 2936 637 2990 Ποίων
667 2939 969 3023 σωμάτων;
996 2938 1074 2992 Μ.
1113 2937 1360 2993 Πάντων.
1396 2938 1463 2991 Χ.
1522 2937 1613 3008 Τῷ
1671 2937 1766 2991 τοῦ
1818 2939 1942 2992 καθ’

2051 2922 2147 2995 Ch.
2193 2926 2952 3041 Quorumnam.cquurum?
3006 2940 3078 3000 Μ.
3124 2943 3408 3000 Omnium.
3438 2945 3540 3001 Ch.
3575 2945 3631 3000 Si

350 3030 481 3082 ὅλου
510 3028 657 3099 λόγῳ
687 3016 1027 3099 γενικωτάτη
1054 3031 1175 3111 ἐστὶ
1215 3029 1325 3083 τῶν
1373 3029 1641 3099 σωμάτων
1671 3031 1704 3101 ἡ
1765 3031 1944 3089 οὐσία.

351 3113 432 3177 Μ.
460 3120 956 3190 remittatis-ntust
984 3123 1081 3174 καὶ
1114 3124 1148 3191 ή
1200 3122 1310 3203 τῶν
1365 3121 1588 3192 ψυχῶν;
1647 3123 1715 3174 Χ.
1773 3122 1949 3176 Ποίων

352 3208 523 3262 πάλιν
551 3208 734 3276 λέγεις
760 3225 776 3274 ;
804 3210 877 3262 Μ.
935 3209 1268 3280 Ἀνθρὼπων
1300 3210 1561 3280 δηλονότι.
1600 3212 1669 3266 Χ.
1701 3211 1793 3282 Τῷ
1839 3213 1935 3265 τοῦ

2048 3033 2155 3087 lata
2178 3034 2394 3091 ratione
2414 3030 2724 3105 spectetur,
2754 3039 3026 3113 generalis
3047 3047 3132 3113 est
3161 3053 3452 3107 corporum
3504 3030 3638 3092 sult-

2052 3131 2399 3185 stantia?An
2461 3133 2625 3187 etiam
2679 3112 2989 3188 animarum
3040 3112 3308 3203 generalis
3362 3143 3445 3186 cst
3500 3132 3632 3186 sub-

2051 3221 2250 3275 stantia
2274 3222 2298 3275 “!
2321 3220 2421 3276 Ch.
2459 3221 2726 3288 Quarum,
2772 3222 2997 3291 inquam
3044 3236 3259 3286 rursus,
3290 3219 3641 3274 animarum?

348 3301 481 3354 καθ’
540 3299 662 3353 ὅλου
699 3300 840 3370 λόγῳ
875 3301 973 3354 καὶ
1016 3301 1154 3374 αὑτὴ
1187 3303 1529 3374 γενικωτάτη
1572 3304 1826 3376 ὑπάρχει.
1872 3305 1947 3358 Μ.

2059 3311 2131 3366 Μ.
2163 3311 2458 3368 Hominum
2482 3314 2707 3369 scilicet.
2742 3313 2842 3369 Ch.
2876 3314 3007 3368 Lata
3040 3313 3254 3368 ratione
3282 3312 3397 3367 haec
3419 3327 3639 3380 quoque

348 3390 419 3445 Εί
460 3391 646 3444 τοίνυν
682 3394 1016 3463 γενικωτάτη
1067 3395 1221 3464 καὶὴ
1282 3395 1392 3449 τῶν
1445 3396 1714 3466 σωμάτων
1766 3396 1945 3466 οὐσία,

348 3483 701 3555 γενικωτάτη
718 3485 814 3538 καὶ
835 3484 992 3556 ἡτῶν
1021 3485 1208 3556 ψυχῶν
1230 3488 1416 3557 νοητὴ,
1439 3487 1533 3540 δύο
1559 3488 1666 3559 ἄρα
1692 3486 1754 3553 ἐξ
1774 3489 1947 3557 ἀνάγ-

348 3590 459 3644 κης
509 3573 835 3640 συνάγονται
884 3575 1112 3647 ἄναρχοι
1141 3579 1328 3648 ἀρχαί.
1362 3580 1429 3633 Χ.
1466 3580 1578 3649 Ούχ
1607 3579 1798 3633 ἕπεται
1838 3584 1948 3645 τοῖς

348 3664 738 3735 προκειμένοις
767 3665 1019 3736 λήμμασι
1042 3668 1101 3721 τὸ
1129 3669 1475 3740 ἐπικείμενον
1504 3668 1683 3723 αὐτῶν
1703 3670 1945 3739 σύμπαν.

347 3759 431 3813 Μ.
460 3757 625 3822 Πῶς;
658 3759 726 3815 Χ.
754 3759 1104 3831 Γενικωτάτη
1139 3763 1172 3831 ἡ
1194 3762 1304 3815 τῶν
1341 3764 1524 3831 φυτῶν
1552 3765 1710 3818 οὐσία
1733 3767 1849 3818 ἐστὶ
1870 3767 1948 3837 τῷ

349 3850 468 3903 τῶν
508 3852 693 3921 φυτῶν
719 3852 884 3924 λόγῳ,
922 3852 956 3924 ἥ
991 3854 1052 3908 οὗ
1084 3870 1098 3920 ;
1148 3854 1224 3909 Μ.
1254 3856 1617 3927 Γενικωτάτη.
1800 3858 1949 3912 Γενι-

361 3943 581 4014 κωτάτη
603 3944 660 3997 δὲ
682 3945 778 3999 καὶ
815 3946 980 4016 ἡτῶν
1038 3947 1317 4019 στοιχείων
1377 3947 1456 4018 τῷ
1501 3950 1612 4001 τῶν
1667 3951 1948 4022 στοιχείων

359 4035 538 4105 λόγῳς
576 4036 649 4090 M.
683 4037 1026 4109 Γενικωτάτη
1057 4042 1152 4093 καὶ
1181 4039 1318 4109 αὐτή
1350 4042 1518 4095 ἐστιν.
1559 4042 1628 4094 Χ.
1672 4041 1735 4094 El
1768 4042 1948 4095 τοίνυν

351 4122 448 4178 διὰ
474 4124 538 4178 τὸ
555 4119 696 4179 εἶναι
720 4127 1089 4196 γενικωτάτην
1116 4129 1216 4199 τὴν
1261 4129 1370 4181 τῶν
1427 4130 1696 4200 σωμάτων
1740 4130 1947 4197 οὐσίαν,

348 4216 455 4271 καὶ
486 4216 656 4289 ἄλλην
682 4220 783 4288 τὴν
829 4219 937 4273 τῶν
967 4219 1178 4290 ψυχῶν,
1215 4221 1306 4273 δύο
1338 4222 1501 4292 ἀρχαί
1523 4222 1689 4289 εἰσιν,
1746 4223 1833 4276 διὰ
1887 4224 1948 4276 τὸ

348 4305 499 4361 εἶναι
523 4309 619 4362 καὶ
648 4309 748 4380 τὴν
775 4308 889 4362 τῶν
943 4311 1128 4379 φυτῶν
1165 4312 1355 4366 οὐσίαν
1402 4311 1799 4384 γενικωτάτην,
1852 4317 1948 4366 καὶ

347 4399 522 4467 ἄλλην
551 4401 652 4469 τὴν
679 4401 789 4454 τῶν
812 4402 1115 4471 στοιχείων,
1140 4402 1300 4456 πλέον
1335 4422 1394 4457 σε
1414 4404 1507 4458 δύο
1526 4404 1700 4475 ἀρχὰς
1722 4406 1815 4458 καὶ
1857 4407 1948 4458 ἐπὶ

332 4491 565 4569 τούτων
589 4491 804 4561 λέγειν·
835 4493 1009 4556 ἄλλως
1030 4511 1089 4547 τε
1124 4495 1181 4547 δὲ
1227 4497 1331 4568 eli;
1361 4496 1519 4548 οὐσία
1549 4495 1623 4567 τῷ
1639 4493 1739 4567 τῆς
1758 4497 1947 4567 οὐσίας

348 4580 501 4653 λόγῳ
524 4582 587 4636 ού
611 4583 920 4655 διενήνοχεν
950 4584 1158 4650 οὐσίας,
1221 4582 1406 4658 ἀλλ’ἢ
1462 4589 1599 4658 αὐτή
1659 4589 1806 4642 ἐστιν
1857 4590 1946 4642 ού-

354 4676 452 4729 σία.
485 4676 724 4738 πάντων,
759 4676 855 4745 μία
886 4678 922 4746 ὴ
953 4660 1117 4747 ἀρχῆ,
1149 4679 1212 4729 ὲκ
1241 4676 1334 4730 τοῦ
1363 4680 1736 4751 γενικωτάτην
1795 4675 1935 4731 εἶναι

352 4765 716 4831 κανονίζεται.
745 4768 823 4821 Μ.
954 4768 1111 4839 αὐτὴ,
1140 4766 1216 4839 τῷ
1243 4764 1342 4841 τῆς
1374 4770 1562 4833 οὐσίας
1587 4762 1752 4841 λόγῳ,
1789 4773 1943 4824 πᾶσα

351 4860 517 4913 οὐσία
557 4859 981 4930 ἐπιλαμϐάνεται.
1017 4863 1087 4915 Χ.
1124 4863 1360 4932 Πότερον
1390 4864 1731 4934 γενικωτάτη
1784 4852 1942 4917 οὐσία

355 4950 543 5014 ὲστίνς
576 4951 704 5004 ὅταν
729 4950 807 5021 τῷ
839 4950 980 5023 λόγῳ
1007 4950 1116 5005 τῶν
1148 4948 1417 5025 σωμάτων
1445 4954 1540 5008 καὶ
1582 4954 1691 5007 τῶν
1751 4940 1941 5025 ψυχῶν

353 5041 787 5110 ἐκλαμϐάνεται,
822 5043 854 5113 ἢ
888 5043 1016 5097 ὅταν
1047 5043 1171 5096 καθ’
1193 5043 1221 5097 ὃ
1250 5042 1408 5115 οὐσία
1437 5046 1555 5097 ἐστὶ
1618 5043 1938 5116 θεωρεῖ-ταις

352 5131 434 5186 Μ.
464 5130 636 5186 Ὅταν
663 5132 745 5203 τῷ
776 5134 921 5206 λόγῳ
974 5137 1078 5205 τῆς
1098 5137 1286 5200 οὐσίας
1315 5135 1739 5205 ἐκλαμϐάνεται,
1779 5139 1811 5207 ή
1846 5139 1938 5190 οὐ·

358 5224 454 5276 σία
487 5222 833 5296 γενικωτάτή
863 5220 1032 5282 ἐστίν.
1060 5222 1130 5282 Χ.
1161 5224 1226 5280 Εἰ
1289 5220 1382 5279 οὖν
1410 5222 1474 5280 ὲδέ
1501 5226 1593 5279 τοῦ
1620 5222 1758 5280 εἶναι
1793 5245 1940 5295 γενι-

355 5310 615 5385 κωτὰτην
644 5315 745 5391 τῂν
763 5316 872 5370 τῶν
890 5311 1172 5391 σωμάτων
1200 5316 1389 5392 οὐσίαν
1417 5320 1509 5372 καὶ
1536 5318 1635 5388 τὴν
1678 5318 1786 5372 τῶν
1841 5318 1942 5389 ψυ-

353 5401 488 5473 χῶν,
512 5402 606 5457 δύο
638 5405 779 5459 είσὶν
805 5405 993 5478 ἀρχαί·
1018 5403 1207 5460 ἔχ’τοῦ
1230 5402 1372 5461 εἶναι
1395 5409 1773 5479 γενικωτᾲτην
1803 5409 1938 5483 μᾶλα

354 5493 448 5550 λον
471 5494 572 5572 τὶν
594 5494 784 5551 οὐσίαν
810 5498 885 5569 τῷ
917 5496 1060 5569 λόγῳ
1081 5498 1271 5569 αὐτῆς,
1304 5498 1401 5570 μία
1428 5495 1537 5574 ἄρα
1563 5500 1728 5572 ἀρχή.

2054 3404 2323 3473 generalis
2346 3415 2448 3460 est.
2484 3404 2556 3459 M.
2593 3402 2650 3460 Si
2681 3406 2865 3475 itaque
2918 3404 3191 3475 generalis
3230 3412 3315 3459 est
3343 3418 3635 3470 corporum

2053 3494 2381 3558 substantia,
2412 3495 2649 3565 itemque
2674 3495 2939 3565 generalis
2968 3503 3050 3550 est
3083 3495 3170 3548 illa
3202 3494 3509 3549 animarum
3552 3494 3639 3546 in-

2052 3584 2417 3663 tellectualis,
2471 3582 2581 3642 duo
2645 3588 2963 3642 necessario
3009 3585 3375 3642 conﬁciuntur
3435 3593 3638 3639 aeterna

2050 3659 2343 3747 principia.
2380 3677 2478 3731 Ch.
2507 3675 2624 3729 Non
2675 3677 3035 3745 consequitur
3081 3690 3148 3730 ex
3183 3674 3631 3730 antecedentibus

2052 3769 2520 3839 propositionibus
2578 3777 2687 3823 tota
2744 3770 2858 3822 haec
2907 3767 3213 3823 conclusio.
3255 3765 3327 3820 Μ.
3385 3764 3630 3832 Quidni?

2052 3862 2154 3915 Ch.
2188 3861 2473 3917 Generalis
2502 3869 2586 3917 est
2621 3861 2881 3916 arborum
2914 3859 3239 3925 substantia,
3266 3867 3539 3929 quatenus
3570 3858 3638 3913 ad

2052 3952 2312 4007 arborum
2360 3951 2627 4006 rationem
2659 3952 2907 4020 spectat?
2960 3949 3029 4004 Μ.
3071 3949 3375 4011 Generalis.
3405 3949 3506 4003 Ch.
3533 3947 3637 4002 Ge-

2053 4041 2254 4096 neralis
2276 4041 2437 4094 etiam
2491 4040 2885 4094 elementorum
2920 4037 3250 4101 substantia,
3315 4045 3479 4106 prout
3508 4046 3637 4091 sunt

2050 4132 2357 4188 elementa?
2408 4129 2480 4184 M.
2524 4129 2650 4183 Haec
2704 4144 2924 4199 quoque
2974 4127 3245 4198 generalis
3269 4135 3375 4181 est.
3432 4128 3533 4181 Ch.
3576 4124 3634 4181 Si

2048 4206 2191 4292 ergo
2211 4237 2277 4275 ex
2311 4235 2376 4274 eo
2399 4220 2544 4288 quod
2572 4218 2840 4288 generalis
2867 4225 2951 4271 est
2978 4231 3276 4284 corporum
3300 4215 3630 4277 substantia,

2051 4304 2157 4366 alia
2178 4327 2309 4367 vero
2352 4313 2685 4389 animarum,
2732 4310 2842 4365 duo
2872 4312 3146 4366 exsistunt
3194 4310 3494 4379 principia;
3545 4324 3635 4363 see

2049 4405 2257 4473 quitur,
2300 4413 2359 4459 ut
2385 4400 2514 4476 quia
2541 4405 2709 4459 etiam
2733 4403 2988 4459 arborum
3026 4403 3333 4457 substantia
3364 4402 3633 4473 generalis

2051 4505 2155 4563 est,
2187 4506 2241 4550 et
2273 4496 2380 4551 alia
2422 4497 2843 4560 elementorum,
2879 4494 3050 4548 multo
3100 4494 3274 4564 magis
3301 4502 3352 4547 te
3391 4503 3639 4563 oporteat

2054 4593 2160 4645 duo
2191 4589 2458 4659 principia
2485 4599 2541 4644 et
2583 4584 2638 4643 in
2676 4589 2761 4643 his
2805 4588 3009 4642 dicere.
3054 4586 3360 4657 Caeteroqui
3411 4602 3541 4640 vero
3589 4589 3634 4642 si

2046 4685 2374 4746 substantia.
2431 4696 2705 4757 quatenus
2763 4694 2851 4742 est
2901 4686 3286 4751 substantia,a
3329 4685 3636 4740 substantia

2044 4792 2150 4829 non
2174 4775 2373 4845 differt,
2399 4780 2493 4834 sed
2519 4766 2707 4849 eadem
2731 4787 2815 4834 est
2836 4778 3080 4833 omnium
3105 4776 3435 4842 substantia,
3456 4789 3634 4831 unum

2042 4868 2330 4923 conﬁcitur
2376 4870 2733 4940 principium,
2791 4871 2836 4926 si
2861 4880 3007 4924 certe
3062 4869 3396 4940 principium
3456 4882 3524 4921 ex
3568 4881 3635 4921 eo

2042 4961 2185 5029 quod
2220 4961 2311 5016 illa
2335 4971 2438 5025 est,
2464 4960 2741 5019 delinitur.
2774 4962 2847 5020 M.
2892 4963 3085 5019 Omnis
3117 4946 3449 5023 substantia,
3488 4977 3629 5029 quae

2042 5044 2204 5130 tenus
2253 5053 2560 5108 substantia
2614 5063 2737 5119 est,
2802 5054 2992 5109 eadem
3051 5068 3173 5111 esse
3222 5051 3486 5108 creditur.
3522 5042 3630 5106 'Ch.

2042 5139 2402 5205 Quandonam
2444 5144 2711 5212 generalis
2754 5144 3063 5198 substantia
3119 5143 3241 5197 est?
3293 5148 3476 5194 utrum
3504 5155 3630 5195 cum

2042 5226 2365 5311 intelligitur
2421 5228 2645 5289 relativo
2696 5235 2762 5289 ad
2790 5250 3019 5303 corpora
3052 5243 3107 5289 ct
3142 5234 3373 5293 animas,
3407 5246 3474 5284 an
3505 5245 3631 5284 cum

2041 5331 2312 5391 quatenus
2354 5324 2657 5380 substantia
2690 5336 2775 5389 est
2807 5324 3123 5395 spectatur?
3149 5322 3220 5380 Μ.
3252 5323 3390 5379 Cum
3426 5328 3628 5391 quates

2042 5428 2144 5467 nus
2169 5414 2471 5469 substantia
2501 5424 2589 5469 est
2621 5416 3021 5482 consideratur,
3052 5425 3179 5471 tunc
3199 5414 3465 5485 generalis
3496 5412 3633 5465 sub;

2049 5506 2251 5559 stantia
2275 5519 2378 5561 cst.
2410 5508 2513 5563 Ch.
2563 5506 2622 5563 Si
2671 5524 2801 5579 ergo
2844 5524 2910 5563 ex
2964 5526 3031 5564 eo
3056 5508 3211 5580 quod
3256 5508 3327 5561 sit
3359 5503 3629 5576 generalis

348 5584 1127 5681 corporum‘animarumque'
1158 5586 1487 5683 substantia,
1521 5586 1631 5649 duo
1684 5593 1826 5677 tiunt
1858 5597 2152 5664 principia,
2206 5600 2456 5668 sequitur
2499 5609 2576 5666 ut,
2620 5602 2748 5670 quia
2782 5602 2965 5681 potius
2994 5600 3261 5674 generalis
3289 5608 3374 5656 est
3414 5599 3627 5654 ratione

349 5680 579 5748 suimet,
613 5676 877 5739 unum‘sit
904 5678 1255 5754 principium.

427 5814 512 5881 tl)
540 5814 617 5872 De
629 5817 826 5873 animm
849 5816 1008 5875 dictis
1040 5817 1264 5875 abusive
1288 5818 1534 5889 partibus
1552 5817 1738 5875 confer
1755 5820 1968 5890 priscos
1991 5831 2243 5877 auctores
2279 5820 2333 5877 in
2362 5829 2551 5877 nostro
2588 5818 2917 5893 scriptorum
2954 5830 3056 5877 vet.
3086 5831 3124 5877 t.
3150 5822 3262 5893 VII,
3288 5842 3341 5898 p,
3364 5827 3431 5885 86
3453 5839 3505 5885 οι
3526 5833 3617 5888 90,
