4062 6434
463 321 568 386 543
1744 333 1974 395 PAULI
2028 334 2479 397 CHRISTIAN-I
3643 331 3769 396 5M

533 429 606 487 Μ.
651 434 746 490 Dic
781 436 894 506 jam
917 440 1279 507 enucleatius,
1318 459 1444 498 num
1465 443 1574 498 sint
1605 443 1782 513 aliqua
1812 444 1866 497 in
1901 445 2049 498 arbi-
2081 452 2126 504 Α

2226 446 2299 498 Μ.
2325 447 2466 513 Λέγε
2491 443 3016 516 διδασκαλικώτερον
3038 443 3088 498 εί
3138 444 3256 498 ῑστι
3288 442 3414 498 τινὰ
3441 443 3525 512 ἐφ’
3587 446 3767 514 ἡμῖν.

459 523 569 577 trio
598 529 930 585 nostro.Ch.
987 533 1141 602 Apud
1187 551 1286 590 nos
1334 536 1791 605 quidem'horum
1847 537 2044 592 divisio

2168 537 2214 587 ζ.
2241 537 2380 606 Παρ’
2411 539 2541 607 ἡμῖν
2575 539 2688 598 τοῖς
2736 537 3085 606 Χριστιανοῖς
3113 536 3222 590 τῶι
3253 536 3422 589 ὅντων
3454 537 3488 606 ἡ
3541 535 3772 606 διαίρε-

466 613 787 683 bujusmodi
822 631 908 676 est
940 640 951 674 :
986 633 1046 676 ut
1068 640 1262 692 nempe
1287 627 1470 697 aliqua
1501 629 1555 682 in
1580 629 1809 684 arbitrio
1839 639 2033 684 nostro

2162 639 2236 685 τις
2277 624 2426 678 οὕτω
2459 624 2575 689 πώς
2618 626 2771 678 ἐστιν
2795 641 2810 656 ·
2869 625 2946 688 ὼς
2975 625 3044 680 τὰ
3079 625 3180 695 μὲν
3219 625 3397 678 αὐτῶν
3453 625 3538 692 ἐφ’
3596 627 3766 694 ἡμῖν,

465 704 597 769 sint,
631 709 734 762 alia
763 727 792 763 a
826 729 1008 767 rerum
1058 727 1251 771 natura
1293 719 1584 788 pendeant.
1613 720 1677 774 Et
1705 737 1894 776 eorum
1921 722 2047 792 qui-

2164 714 2218 767 ιὰ
2249 715 2308 767 δὲ
2325 716 2416 768 ἐπὶ
2444 718 2508 787 τῇ
2528 717 2634 769 τῶν
2651 717 2996 787 πραγμάτων
3009 716 3170 785 φύσει
3191 734 3204 747 ·
3245 716 3342 770 καὶ
3388 715 3496 768 τῶν
3521 714 3621 784 μὲν
3669 717 3768 786 ἐφ’

465 794 588 848 dem
615 813 738 866 quae
763 811 894 855 sunt
916 803 967 856 in
995 805 1222 861 arbitrio
1257 818 1465 872 nostro,
1521 827 1622 866 nos
1643 821 1924 867 creatores
1951 829 2046 867 su-

2149 805 2302 874 ήμῖν,
2321 805 2385 867 δη
2396 805 2814 878 μιουργοὶήμεῖς
2831 809 2924 863 καὶ
2946 812 3110 864 αἴτιοι
3130 827 3144 842 ·
3157 809 3266 863 τῶν
3283 809 3340 862 δὲ
3359 808 3452 861 ἐπὶ
3476 811 3542 878 τῇ
3567 807 3753 876 φύσει,

467 901 592 941 mus
615 899 667 942 et
693 899 970 959 auctores;
1011 899 1344 952 naturalium
1381 916 1532 967 vero,
1586 917 1756 957 causa
1787 912 1840 957 et
1891 917 2071 997 crea-l

467 977 648 997 .--π
885 981 931 997 ..
991 982 1028 997 ι.
1347 990 1396 997 ..
1458 990 1489 997 ..
1697 994 1706 997 -

2151 895 2325 960 αἴτιος
2349 898 2445 951 καὶ
2477 898 2810 972 δημιουργὸς
2841 902 2869 954 ό
2891 901 3042 964 Θεὸς.
3075 903 3150 956 Μ.
3203 899 3435 997 Ποῖαὶτὰ
3465 899 3552 997 ὲφῖ
3578 901 3743 997 ’ήμίη

466 984 556 1030 tor
583 977 724 1033 Dens
749 993 851 1034 est.
882 981 952 1035 M.
987 982 1250 1049 Quaenam
1281 990 1491 1044 arbitrii
1532 994 1710 1046 nostri
1745 977 2065 1054 essedicis:

2157 990 2289 1041 ποῖα
2316 987 2374 1040 δὲ
2405 988 2471 1042 τὰ
2509 990 2602 1042 ἐπὶ
2628 994 2694 1061 τῇ
2753 991 2915 1059 φύσει
2966 991 3076 1045 τῶν
3133 990 3478 1061 πραγμάτων
3533 988 3749 1056 λέγεις;

465 1082 714 1136 quaenam
741 1072 865 1126 item
890 1076 954 1129 ad
979 1092 1162 1130 rerum
1193 1088 1444 1133 naturam
1474 1083 1748 1150 pertinere
1766 1083 1790 1135 ?
1807 1085 1905 1137 Ch.
1941 1085 2048 1138 No-

2154 1077 2221 1130 X.
2265 1075 2381 1145 Ἐφ’
2437 1080 2570 1149 ἡμῖν
2611 1081 2727 1132 ἐστι
2789 1081 2857 1134 τὰ
2909 1081 3054 1135 κατὰ
3119 1082 3287 1149 νόμον
3345 1080 3758 1152 διηγορευμένα

465 1159 564 1212 stri
595 1162 801 1217 arbitrii
837 1176 984 1232 sunt,
1011 1184 1132 1238 quae
1169 1171 1222 1224 in
1255 1174 1370 1242 lege
1389 1175 1680 1228 edicuntur
1701 1177 1843 1230 mala
1870 1187 1923 1232 et
1951 1177 2050 1232 bo-

2153 1169 2304 1222 κακὰ
2340 1172 2434 1224 καὶ
2462 1171 2623 1235 καλὰ,
2654 1166 2729 1227 ὧν
2767 1172 2997 1242 ὥρισται
3034 1172 3226 1242 μισθός
3248 1188 3261 1200 '
3297 1172 3446 1225 κακά
3481 1171 3600 1241 μὲν,
3632 1165 3751 1222 οἷον

464 1264 556 1313 na,
614 1253 813 1320 quibus
844 1258 1006 1312 etiam
1064 1264 1434 1318 remuneratio
1474 1265 1694 1320 definita
1751 1277 1878 1323 est:
1909 1269 2050 1322 mala

2153 1258 2378 1312 ἀσέϐεια
2403 1261 2646 1332 ἁμαρτία
2669 1278 2682 1291 ·
2716 1263 2856 1316 καλὰ
2888 1263 2967 1326 δὲ,
3001 1257 3112 1315 οἷον
3143 1261 3396 1315 εὐσέϐεια
3439 1261 3631 1331 ἀρετή.
3673 1262 3755 1316 Μ.

469 1341 712 1409 quidem,
731 1357 785 1399 ut
814 1347 1210 1420 irreligiositas,
1228 1366 1510 1423 peccatum
1535 1374 1547 1410 :
1573 1356 1736 1420 bona,
1763 1366 1821 1411 ut
1839 1359 2054 1428 religio-

2157 1349 2329 1404 Πόθεν
2347 1351 2415 1402 τὰ
2435 1354 2697 1419 κακά;Χ.
2726 1355 2820 1407 Ἐκ
2846 1355 2944 1424 τῆς
2964 1353 3358 1423 προαιρέσεως.
3383 1354 3457 1407 Μ.
3491 1353 3671 1406 Πόθεν
3712 1355 3754 1422 ἠ

463 1431 621 1496 sitas,
659 1435 851 1492 virtus.
895 1438 966 1493 M.
1012 1440 1293 1498 Undenam
1329 1445 1512 1498 mala?
1551 1446 1650 1500 Ch.
1682 1445 1759 1500 Ex
1790 1447 2054 1504 electione

2156 1443 2519 1514 προαίρεσις;
2555 1447 2623 1498 Χ.
2668 1447 2761 1498 Ἐκ
2789 1446 2888 1516 τῆς
2920 1446 3122 1516 ψυχῆς.
3163 1447 3240 1500 Μ.
3271 1445 3440 1498 Πόθεν
3480 1447 3514 1516 ἡ
3555 1445 3754 1516 eum;

462 1519 535 1575 Μ.
575 1521 856 1582 Undenam
905 1531 1128 1587 electio?
1164 1534 1261 1588 Ch.
1296 1536 1375 1590 Ex
1412 1538 1614 1591 anima.
1653 1536 1722 1590 Μ.
1771 1537 2050 1594 Undenam

2157 1534 2224 1586 X.
2261 1535 2421 1587 Κατὰ
2449 1536 2511 1587 σε
2539 1537 2603 1588 ὲκ
2636 1537 2735 1607 τῆς
2765 1535 2914 1599 θείας
2941 1537 3158 1599 οὐσίας’
3211 1536 3307 1589 καὶ
3353 1535 3422 1588 τὰ
3447 1537 3596 1590 κακὰ
3642 1537 3759 1607 ἄρα

465 1611 689 1667 anima?
719 1615 819 1670 Ch.
851 1617 905 1671 In
954 1629 1042 1674 tua
1068 1623 1356 1688 sententia,
1397 1639 1464 1678 ex
1503 1624 1684 1679 divina
1723 1625 2051 1679 substantia.

2156 1624 2222 1677 ὲκ
2261 1624 2359 1695 τῆς
2385 1624 2535 1690 θείας
2567 1628 2756 1691 οὐσίας
2788 1627 2930 1682 κατὰ
2948 1627 3007 1680 σέ
3033 1645 3048 1662 ο
3078 1627 3198 1682 κατ’
3229 1627 3329 1697 ἐμὲ
3375 1627 3429 1680 δὲ
3458 1629 3523 1680 ὲκ
3556 1626 3632 1698 μὴ
3659 1627 3757 1680 δν-

464 1699 532 1756 Ει
563 1706 780 1774 quidem
809 1710 974 1764 etiam
1013 1713 1154 1766 mala
1182 1728 1247 1770 ex
1274 1715 1458 1770 divina
1482 1717 1787 1772 substantia
1823 1726 1972 1779 sunt,
2001 1729 2052 1772 te

2153 1733 2262 1768 των
2323 1717 2356 1785 ἡ
2390 1717 2536 1788 ψυχή
2563 1735 2576 1749 ·
2651 1719 2743 1772 καὶ
2774 1719 2844 1771 τὰ
2866 1719 3013 1773 κακὰ
3040 1719 3148 1789 ἄρα
3177 1721 3241 1773 ὲκ
3285 1718 3359 1791 μὴ
3401 1719 3570 1773 ὄντων
3619 1719 3752 1772 είσί.

461 1797 668 1865 judice.
718 1803 774 1857 In
814 1820 932 1861 mea
973 1823 1104 1864 vero
1140 1812 1428 1878 sententia,
1477 1813 1660 1867 anima
1694 1827 1761 1869 ex
1797 1829 1907 1868 non
1951 1810 2293 1868 exstantibus
2354 1813 2623 1881 provenit,
2665 1823 2720 1868 et
2769 1814 2889 1884 ipsa
2935 1814 3078 1869 mala
3126 1828 3192 1869 ex
3245 1829 3355 1869 non
3403 1811 3754 1871 exstantibus

465 1903 641 1959 aeque.
3079 1962 3090 1972 .

536 1980 608 2034 Μ.
645 1983 802 2047 Quod
835 2002 864 2041 a
903 1997 956 2043 te
983 2001 1174 2046 contra
1206 2005 1449 2049 nostram
1480 1998 1805 2052 sententiam
1843 1997 2051 2052 dictum

2227 1991 2301 2045 M.
2333 1991 2476 2062 Πρὸς
2507 1993 2568 2046 τδ
2608 1993 2707 2064 μὲν
2750 1994 2891 2047 κατὰ
2923 1994 3022 2066 τὴν
3049 1995 3324 2066 ἡμετέραν
3353 1995 3513 2061 δόξαν
3557 1995 3763 2064 λεχθὲν-

462 2081 568 2139 εει,
609 2075 756 2128 nulla
805 2079 1018 2135 ratione
1041 2081 1254 2140 nititur.
1280 2085 1580 2154 Aggrediar
1610 2096 1794 2142 autem
1825 2088 2052 2142 demon-

2155 2081 2327 2146 οὐδείς
2358 2099 2439 2137 σοι
2469 2084 2626 2154 λόγος
2657 2086 2827 2139 ἐστίν’
2851 2088 3185 2158 πειράσομαι
3211 2087 3269 2140 δὲ
3299 2088 3491 2153 δεῖξαι,
3526 2089 3602 2152 ὡς
3621 2087 3753 2142 οὐτε

463 2176 657 2231 strare,
675 2183 745 2223 ne
759 2173 1058 2227 secundum
1079 2185 1320 2232 nostram
1334 2179 1552 2249 quidem
1571 2181 1896 2236 sententiam
1914 2181 2054 2236 mala

2155 2173 2278 2227 καθ’
2309 2176 2459 2245 ἡμᾶς
2485 2175 2552 2230 τὰ
2592 2177 2740 2231 κακὰ
2762 2179 2828 2232 ὲκ
2855 2180 2954 2250 τῆς
2986 2180 3132 2244 θείας
3159 2181 3350 2244 οὐσίας
3378 2182 3515 2234 εἰσίν
3544 2197 3558 2212 ο
3585 2181 3752 2249 ἀναγ-

459 2269 527 2308 ex
557 2255 738 2312 divina
764 2273 883 2314 esse
911 2263 1239 2320 substantia.
1273 2266 1408 2322 Nam
1436 2269 1566 2338 quia
1589 2270 1776 2324 anima
1807 2272 2050 2342 cogitur.

2160 2261 2463 2335 καζομένης
2511 2266 2621 2337 γὰρ
2656 2269 2755 2338 τῆς
2779 2268 2978 2338 ψυχῆς,
3023 2269 3158 2324 ἀλλὰ
3187 2272 3250 2323 οὐ
3279 2273 3764 2342 προαιρουμένης..

469 2360 582 2400 non
615 2347 785 2417 eligit,
812 2350 954 2404 mala
982 2367 1048 2406 ex
1077 2355 1262 2410 anima
1310 2371 1432 2412 esse
1459 2359 1736 2414 dicuntur.
1763 2360 1864 2414 Ch.
1899 2361 2054 2416 Unde

2158 2352 2227 2407 τὰ
2259 2355 2407 2408 κακὰ
2436 2357 2503 2409 ὲκ
2535 2360 2634 2428 τῆς
2670 2358 2847 2431 ψυχῆς
2877 2361 3050 2415 ἐστιν.
3079 2363 3147 2417 Χ.
3185 2362 3353 2418 Πόθεν
3403 2365 3436 2431 ἡ
3465 2365 3608 2435 ψυχή
3629 2383 3644 2429 ;
3668 2366 3748 2419 Μ.

460 2441 546 2488 εει
567 2437 781 2491 anima?
813 2438 883 2492 M.
911 2439 990 2496 Ex
1019 2444 1202 2500 divina
1233 2447 1562 2505 substantia.
1612 2453 1714 2506 Ch.
1753 2451 2054 2508 Fatemini-

2169 2443 2264 2497 Ἐκ
2298 2445 2398 2514 τῆς
2453 2445 2602 2510 θείας
2649 2449 2855 2511 οὐσίας.
2901 2451 2971 2503 Χ.
3025 2450 3268 2522 Φέρουσα
3309 2452 3366 2504 ὲν
3407 2453 3573 2522 ἑαυτῇ
3634 2453 3737 2520 τὴν

461 2540 532 2579 ne
566 2541 682 2594 vos,
717 2529 955 2585 animam
990 2548 1174 2589 secum
1207 2535 1351 2592 ferre
1383 2537 1625 2594 divinam
1653 2541 2055 2596 substantiam?

2162 2529 2308 2584 θείαν
2346 2531 2536 2586 οὐσίαν
2575 2536 2607 2604 ή
2655 2534 2800 2607 ψυχὴ
2837 2537 3183 2608 ὡμολόγηται
3214 2541 3345 2609 παρ’
3386 2539 3536 2609 ὑμῖν,
3573 2540 3694 2611 ἢού
3728 2559 3748 2608 ;

460 2612 534 2668 Μ.
589 2615 875 2703 Enimvero
926 2621 1050 2676 fert.
1083 2623 1186 2679 Ch.
1227 2624 1394 2682 Estne
1427 2628 1636 2698 aliquid
1687 2630 1866 2686 divina
1923 2634 2053 2688 sub-

2159 2622 2238 2676 M.
2271 2621 2540 2694 Φέρουσα.
2585 2626 2654 2680 Χ.
2695 2627 2854 2680 Ἐστι
2887 2629 2946 2682 δέ
2973 2647 3028 2683 τι
3077 2631 3178 2702 τῆς
3208 2630 3358 2695 Θείας
3398 2632 3752 2703 ἰσχυρότερον

460 2699 660 2753 stantia
692 2699 910 2764 fortius,
956 2706 1102 2774 quod
1136 2707 1376 2763 divinam
1433 2725 1628 2780 cogere
1685 2714 2052 2771 substantiam

2158 2713 2596 2781 καταναγκάζειν
2626 2715 2723 2787 τὴν
2759 2717 2910 2771 θείαν
2935 2719 3124 2774 οὐσίαν
3185 2721 3512 2791 δυνάμενον;
3563 2723 3745 2775 Μανι-

459 2791 674 2858 possit?
703 2791 1032 2852 Manichacus
1064 2798 1152 2854 hic
1179 2816 1309 2856 voce
1330 2817 1640 2873 compressa
1661 2805 1796 2861 nihil
1826 2823 2052 2879 respon-

2155 2805 2307 2874 χαῖος
2346 2806 2624 2862 κάνταῦθα
2670 2812 2954 2882 σιωπήσας
2990 2812 3148 2866 οὐδὲν
3191 2813 3548 2884 ἀπεκρίνατο.
3605 2815 3748 2884 Χρι-

461 2879 564 2934 dit.
595 2880 939 2940 Christianus
963 2897 1143 2944 autem
1176 2908 1368 2949 rursus
1401 2913 1414 2949 :
1455 2894 1572 2950 Vin’
1604 2897 1889 2955 admittere
1911 2899 2052 2954 non-

2157 2895 2371 2960 στιανὺς
2409 2898 2466 2951 δὲ
2513 2900 2694 2954 πάλιν·
2734 2879 2999 2968 Δέξασθαι
3053 2903 3231 2972 βούλει
3283 2879 3406 2959 τινὰ
3463 2902 3605 2960 εῖναι
3659 2879 3747 2975 ἐφ’

464 2972 610 3026 nulla
641 2988 763 3029 esse
785 2976 839 3030 in
867 2978 1090 3036 arbitrio
1124 2985 1355 3039 nostro?
1384 2985 1454 3042 M.
1485 2986 1836 3059 Nequaquam
1875 3011 1888 3046 :
1925 3007 2048 3046 nam

2151 2987 2328 3056 ἡμῖη
2365 2990 2439 3044 Μ·
2477 2991 2740 3062 Οὐδαμῶς
2772 3010 2784 3022 ⁸
2821 2994 2889 3048 τὰ
2922 2996 3030 3066 γὰρ
3061 2999 3147 3066 ἐφ’
3190 3000 3322 3069 ἡμῖν
3366 2995 3503 3054 εἶναι
3533 2972 3748 3068 νομιζό-

461 3079 584 3132 ψιω
612 3066 820 3121 arbitrii
848 3072 1018 3126 nostri
1048 3088 1168 3130 esse
1193 3077 1510 3146 creduntur,
1551 3095 1614 3136 ea
1659 3083 2050 3152 praaexsisteu-

2158 3094 2314 3148 μενα,
2346 3080 2490 3133 κατὰ
2523 3081 2742 3152 μέθεξιν
2757 3084 2866 3136 τῶν
2883 3089 3319 3156 προῦφεστώτων
3347 3091 3545 3144 οὐσιῶν
3575 3093 3733 3148 εἰσιν.

462 3165 547 3210 tes
578 3158 890 3215 subtantias
925 3164 1274 3235 participant.
1312 3167 1446 3223 Nam
1496 3144 1840 3227 sicuti-calor
1866 3183 2053 3230 noster

2160 3144 2430 3241 Καθάπερ
2463 3144 2572 3242 γαρ
2599 3144 2744 3227 τὸνὲν
2772 3177 2906 3245 ἡμῖν
2929 3144 3138 3248 θερμὸν
3167 3179 3268 3232 οὐκ
3297 3179 3444 3233 ἔστιν
3467 3183 3524 3234 ὲν
3542 3144 3743 3252 ἐαυτῷν,

463 3261 574 3300 non
607 3247 660 3301 in
684 3264 743 3303 se
777 3250 898 3319 ipso
922 3262 1027 3319 est,
1066 3256 1161 3310 sed
1192 3259 1481 3329 participat
1517 3261 1660 3332 ignis
1684 3263 1924 3319 calorem
1951 3284 1966 3333 ;
2001 3276 2057 3322 et

2162 3259 2300 3313 ἀλλὰ
2337 3262 2478 3314 κατὰ
2521 3264 2737 3334 μέθεξιν
2771 3267 2870 3337 τῆς
2894 3269 2950 3322 ἐν
3085 3271 3220 3340 πυρὶ
3249 3271 3554 3342 θερμασίας
3575 3289 3589 3303 ο
3651 3247 3747 3326 καὶ

465 3337 640 3408 frigus
671 3351 918 3398 nostrum
983 3361 1090 3400 non
1121 3363 1216 3416 per
1246 3366 1304 3406 se
1335 3363 1450 3416 est,
1483 3354 1575 3408 sed
1607 3370 1763 3424 aquae
1792 3358 2045 3413 substan-

2162 3351 2222 3404 τὸ
2249 3355 2306 3405 ἐν
2336 3355 2467 3424 ἡμῖν
2493 3355 2722 3427 ψυχρὸν,
2783 3359 2844 3410 οὐ
2885 3359 3007 3412 καθ’
3031 3337 3228 3427 ⁷ἑαυτὸ,
3262 3337 3397 3416 ἀλλὰ
3431 3366 3575 3418 κατὰ
3610 3365 3743 3434 μέθ-

466 3428 597 3480 tiam
630 3431 952 3500 participat;
983 3435 1064 3489 sic
1093 3437 1257 3492 etiam
1286 3441 1428 3494 mala
1468 3451 1657 3498 nostra
1680 3445 1881 3500 bonum
1905 3448 2055 3517 prin-

2163 3441 2277 3507 εξιν
2307 3445 2409 3514 τῆς
2443 3446 2536 3499 τοῦ
2593 3447 2786 3512 ὓδατος
2823 3451 3029 3514 οὐσίας·
3070 3452 3242 3517 οὕτως
3291 3455 3386 3508 καὶ
3412 3455 3479 3508 τὰ
3505 3457 3563 3508 ὲν
3613 3458 3745 3527 ἡμῖν

462 3519 667 3587 cipium
702 3523 1049 3593 participant.
1085 3526 1187 3582 Ch.
1232 3528 1512 3588 Naturane
1563 3550 1765 3606 corpus
1799 3549 2052 3593 nostrum

2164 3533 2330 3598 κακὰ,
2393 3535 2534 3589 κατὰ
2566 3536 2786 3607 μέθεξιν
2821 3540 2921 3608 τῆς
2944 3541 3159 3612 ἀγαθῆς
3199 3544 3395 3614 ἀρχῆς.
3461 3547 3529 3599 Χ.
3577 3519 3739 3599 Φύσει

463 3609 642 3677 ignem
676 3628 983 3684 aquamque
1009 3620 1353 3691 participant,
1374 3639 1442 3678 an
1468 3627 1625 3682 aliter
1648 3629 1823 3683 dicis?
1844 3630 1913 3684 M.
1948 3631 2056 3686 Na-

2168 3625 2388 3694 μετέχει
2415 3627 2478 3679 τὸ
2507 3629 2776 3701 ἡμέτερον
2811 3631 2971 3699 σῶμα
2996 3609 3092 3686 τοῦ
3331 3609 3430 3689 καὶ
3460 3636 3619 3706 φύσει
3647 3637 3739 3690 τοῦ

465 3706 607 3753 tura.
649 3701 750 3757 Ch.
811 3703 1113 3763 Vetitumne
1175 3720 1278 3776 est,
1333 3727 1400 3768 an
1456 3718 1640 3786 potius
1701 3720 2049 3789 imperatum,

2163 3712 2374 3781 ὓδατος,
2405 3715 2437 3786 ἦ
2468 3717 2644 3783 ἄλλως
2680 3737 2800 3786 πως
2829 3723 3037 3791 λέγεις;
3071 3727 3146 3779 M.
3179 3701 3365 3781 ίθύσει.
3390 3701 3484 3781 Χ.-
3506 3729 3739 3799 Ἀπηγό-

461 3801 621 3856 prout
645 3808 874 3863 quaeque
890 3796 1088 3852 adlsunt
1116 3809 1320 3855 natura:
1333 3817 1398 3857 ex
1420 3807 1782 3863 necessitate?
1805 3809 1944 3876 Quid
1969 3812 2054 3866 di-

2163 3821 2348 3875 ρευται
2377 3807 2434 3860 δὲ
2456 3811 2597 3864 κατὰ
2619 3812 2804 3882 νόμον,
2833 3815 2865 3886 ἢ
2895 3817 3294 3886 προστέτακται
3313 3819 3454 3873 κατὰ
3477 3821 3545 3875 τὰ
3581 3796 3743 3893 προσ-

461 3897 682 3937 casnon
719 3885 980 3958 intelligo.
1019 3889 1118 3944 Ch.
1179 3891 1451 3958 Quoniam
1483 3899 1790 3968 perspicua,
1823 3902 1919 3957 tibi
1953 3906 2052 3960 ob-

2159 3895 2287 3948 όντα
2311 3898 2375 3967 τῇ
2406 3898 2563 3968 φύσει
2595 3903 2652 3968 ἐξ
2679 3885 2958 3976 ἀνάγκηςς
2992 3908 3066 3960 Μ.
3101 3909 3216 3962 Οὐκ
3237 3905 3333 3962 οἷδ’
3364 3911 3391 3962 ὅ
3423 3911 3476 3963 τί
3501 3885 3737 3964 ποτε-λέ-

459 3987 621 4027 scura
649 3990 769 4030 esse
785 3977 1057 4046 videntur,
1081 3986 1345 4054 exemplis
1375 4001 1464 4042 res
1501 3991 1934 4049 contlrmabitur.
1965 3997 2050 4050 Si-

2159 4003 2298 4054 γεις.
2343 3991 2669 4066 Χ.;Ἐπειδὴ
2709 3997 2916 4067 ἀσαφές
2969 4015 3051 4052 σοι
3088 3999 3147 4052 τὸ
3183 4001 3352 4070 σαφὲς
3392 4003 3721 4072 νενόμισται,

458 4061 573 4115 cuti
631 4067 781 4120 calor
820 4083 928 4122 non
987 4070 1290 4141 imperatur
1331 4089 1541 4133 natura:
1597 4089 1799 4136 nostra:
1827 4099 1857 4138 a
1894 4085 2046 4156 lege;

2154 4079 2244 4132 διὰ
2281 4061 2746 4157 παραδειγμάτων
2807 4061 2868 4143 τὸ
2931 4061 3294 4162 προκείμενον
3331 4061 3726 4164 -σαφηνείσθωί

459 4167 584 4207 nam
614 4166 806 4226 suapte
835 4169 1029 4216 natura
1061 4163 1106 4218 is
1129 4166 1315 4233 adest;
1349 4168 1589 4239 itemque
1617 4171 1876 4242 loquendi
1908 4177 2050 4232 [ldu-

2157 4171 2232 4234 ὠς
2255 4171 2316 4226 τὸ
2336 4173 2395 4227 ὲν
2418 4177 2553 4245 ἡμῖν
2577 4177 2776 4249 θερμὸν
2797 4181 2857 4233 οὐ
2877 4182 3277 4252 προστέτακται
3288 4187 3356 4255 τῇ
3375 4163 3618 4257 ἡμετέρα
3636 4187 3728 4254 φύ-

457 4245 542 4298 cia
572 4261 680 4301 non
710 4264 740 4302 a
782 4251 916 4320 lege,
977 4253 1071 4308 sed
1114 4267 1306 4312 natura
1336 4269 1595 4330 creatur;
1633 4265 1838 4320 malum
1864 4276 2047 4324 autem

2159 4277 2242 4313 σει
2287 4262 2354 4316 ὲκ
2375 4265 2468 4318 τοῦ
2490 4245 2657 4335 νόμου
2679 4245 2700 4299 -·
2739 4270 2900 4340 φύσει
2923 4245 3042 4342 ’γὰρ
3070 4274 3127 4340 ἐξ
3153 4245 3726 4346 ἀνάγκῖιξσυμθαίνει·

458 4348 731 4403 nostrum,
761 4341 811 4394 id
841 4353 923 4398 est
968 4345 1316 4412 adulterium,
1367 4351 1674 4421 fornicatio,
1717 4366 1811 4412 aut
1858 4359 2048 4430 hujus-

2155 4353 2251 4404 καὶ
2269 4353 2346 4425 τῷ
2374 4355 2586 4424 λέγοντι
2607 4359 2666 4411 τὸ
2683 4359 2856 4432 θρασύ
2878 4341 3146 4418 ἀνάτιαλιν
3171 4341 3280 4420 οὐκ
3299 4341 3366 4420 ὲκ
3392 4341 3728 4438 νομοθεσίας,

459 4425 604 4480 modi
636 4431 817 4498 aliud;
854 4437 939 4489 vel
977 4437 1213 4505 bonum,
1239 4439 1294 4495 id
1320 4450 1404 4498 est
1449 4445 1804 4515 religiositas,
1828 4451 2042 4522 virtus;

2153 4441 2290 4498 ἀλλὰ
2332 4446 2527 4515 φύσειο
2562 4451 2622 4504 τὸ
2657 4425 2806 4508 δὲ’ὲν
2834 4456 2966 4525 ἡμῖν
3003 4458 3192 4523 κακὸν,
3229 4425 3474 4512 τουτέστί
3503 4425 3727 4531 pomata,

457 4518 639 4585 priora
671 4523 886 4590 quidem
913 4543 942 4580 a
977 4528 1092 4600 lege
1122 4541 1394 4599 vetantur,
1432 4538 1734 4606 posteriora
1765 4518 2041 4611 imperans

2149 4533 2182 4604 ἢ
2214 4539 2512 4610 πορνεία,ἦ
2541 4557 2594 4594 τι
2614 4542 2873 4610 τοιοῦτον,
2903 4546 2936 4616 ἢ
2966 4547 3027 4600 τὸ
3052 4548 3237 4614 καλὸν,
3271 4550 3552 4604 τουτέστιν
3585 4554 3616 4621 ή
3647 4549 3730 4603 εὔ-

457 4619 549 4661 tur
574 4627 587 4675 ;
618 4612 885 4682 siquidem
911 4617 1075 4688 igitur
1098 4621 1213 4677 haec
1247 4624 1320 4678 ita
1345 4628 1666 4697 participata
1694 4631 2038 4701 haberemus,

2146 4624 2351 4694 σέϐεια,
2374 4631 2406 4698 ἡ
2427 4631 2621 4703 ἀρετὴ,
2644 4635 2789 4690 κατὰ
2805 4638 2896 4691 τὸν
2919 4612 3083 4710 νόμον
3103 4641 3172 4694 τὰ
3204 4612 3303 4712 μὲν
3321 4643 3513 4713 πρῶτα
3529 4612 3732 4714 ἀπτιγό-

456 4700 618 4754 sicuti
678 4704 912 4761 calorem
966 4717 1019 4763 et
1072 4710 1264 4783 frigus,
1299 4731 1701 4785 supervacanea
1739 4720 1876 4778 foret
1925 4736 2040 4781 tum

2144 4728 2351 4783 ρευται,
2381 4700 2538 4774 τὰδὲ
2565 4700 2794 4795 δεύτερα
2827 4700 3250 4798 προστέτακταί-
3283 4734 3331 4784 εί
3359 4700 3536 4786 τοίνυν
3563 4700 3730 4797 οὕτως

459 4791 696 4846 humana
744 4804 856 4849 tum
905 4800 1066 4854 etiam
1129 4803 1311 4858 divina
1344 4806 1452 4860 lex.
1487 4807 1551 4861 Et
1581 4810 1800 4879 quidem
1832 4828 2041 4884 nequa-

2142 4807 2284 4860 κατα
2317 4809 2532 4878 μέθεξιν
2558 4791 2738 4870 ταῦτα
2763 4791 2980 4889 ἔχομεν,
3015 4820 3266 4893 καθάπερ
3303 4824 3397 4876 καὶ
3426 4824 3488 4877 τὺ
3533 4791 3731 4896 θερμὸν

456 4898 620 4946 quam
660 4889 822 4944 rebus
877 4897 1216 4953 naturalibus
1250 4908 1346 4954 aut
1386 4904 1709 4960 necessariis
1759 4907 2038 4964 deﬁnitum

2140 4895 2306 4951 καὶτὸ
2324 4898 2810 4976 ψυχρὸν,περιττὸς
2835 4911 2862 4963 ὁ
2890 4911 3053 4980 νόμος
3076 4889 3283 4967 ἐστὶνῠό
3320 4932 3377 4968 τε
3396 4889 3728 4986 strependo;

457 4975 560 5030 fuit
594 4981 921 5050 supplicium
954 4987 1034 5041 vel
1087 4993 1407 5060 praemium;
1457 4996 1551 5050 sed
1577 4995 1642 5052 iis
1673 5014 1794 5067 qua:
1824 5002 2038 5058 arbitrii

2139 4987 2234 5038 καὶ
2262 4988 2292 5040 ὁ
2315 4988 2483 5055 θεῖος’
2505 4975 2681 5061 ἄλλως
2699 5017 2758 5052 τε
2789 4999 2845 5053 δὲ
2874 4975 3128 5073 οὐδαμῶς
3150 5005 3256 5058 τῶν
3284 4975 3529 5076 φυσικῶν
3561 4975 3731 5076 «pay:

457 5073 630 5126 nostri
689 5086 819 5132 sunt
877 5089 984 5134 tum
1045 5099 1203 5152 pmna
1236 5095 1346 5140 tum
1407 5103 1616 5145 merces
1669 5093 1874 5148 indicta
1912 5095 2034 5163 fuit;

2146 5078 2333 5145 μάτων
2360 5086 2453 5135 καὶ
2478 5086 2586 5140 τῶν
2617 5089 2677 5154 ἐξ
2713 5090 2962 5164 ἀνάγκης
2984 5073 3542 5166 γινομένωνγῶρισται
3573 5073 3727 5149 κόλα-

456 5178 588 5234 ergo
635 5166 749 5223 haec
802 5171 945 5227 haud
970 5185 1184 5240 natura,
1213 5179 1376 5234 veluti
1413 5181 1560 5235 calor
1591 5181 1852 5254 frigusve,
1879 5187 2031 5244 ﬁunt.

2137 5180 2217 5229 σις
2256 5169 2287 5239 ἢ
2324 5173 2625 5242 ἀπόλαυσις
2648 5195 2660 5208 ’
2691 5181 2801 5235 τῶν
2832 5182 3015 5252 μέντοι
3048 5183 3329 5252 τοιούτων,
3359 5186 3486 5240 οἴων
3517 5186 3727 5258 εἴρηται

459 5252 615 5317 Quod
659 5259 705 5310 si
735 5259 876 5339 haud
904 5273 1118 5332 natura,
1166 5281 1295 5338 ergo
1323 5269 1626 5328 electione:
1664 5252 1809 5345 quod
1849 5277 1896 5331 si
1924 5279 2033 5334 ele-

2132 5254 2219 5346 ὲφ’
2263 5261 2414 5332 ἡμῖν,
2448 5270 2543 5321 καὶ
2589 5272 2813 5338 κόλασις
2842 5273 3056 5346 εἴρηται
3100 5277 3197 5330 καὶ
3229 5252 3584 5341 ἀπόλαυσις-⁷
3628 5252 3725 5330 οὐκ

455 5342 654 5411 ctione,
681 5349 809 5415 quid
844 5351 914 5404 sit
939 5352 989 5406 in
1021 5355 1248 5410 arbitrio
1287 5368 1493 5424 nostro,
1533 5378 1654 5432 qua:
1682 5342 1791 5421 iuit
1834 5383 2032 5440 propo-

2143 5345 2250 5418 ἄρα
2299 5355 2457 5422 φύσει
2485 5360 2659 5416 ταῦτα
2686 5365 2762 5429 ὡς
2795 5367 2855 5420 τὸ
2899 5342 3102 5438 θερμὸν
3135 5369 3229 5422 καὶ
3251 5369 3312 5422 τὸ
3333 5369 3539 5440 ψυχρὸν
3588 5369 3725 5437 γίνε-

455 5435 581 5490 εἰιίο
601 5447 808 5506 nostra,
835 5441 948 5512 jam
973 5444 1404 5505 demonstratum
1431 5464 1530 5508 est.
1836 5435 1849 5438 ﬁ
1937 5435 1951 5440 —

2139 5455 2228 5496 ται
2255 5461 2269 5474 ·
2291 5449 2339 5500 εί
2360 5448 2414 5502 δὲ
2430 5451 2489 5504 οὐ
2521 5455 2702 5522 φύσει,
2734 5435 3067 5530 προαιρέσει·
3100 5461 3148 5512 εί
3177 5435 3564 5532 δὲπροταιρέσει
3587 5435 3720 5526 ἐστὶ,

2146 5533 2272 5590 τίτὺ
2289 5539 2374 5607 ἐφ’
2398 5542 2532 5612 ἡμῖν
2560 5546 2676 5598 ἐστι
2707 5547 2802 5600 καὶ
2829 5547 3291 5620 τὸοπροκείμενον,
3321 5549 3719 5605 ἀποδέδεικται.

528 5607 598 5661 Μ.
649 5609 971 5685 Quanquam
1027 5621 1232 5691 aliquid
1282 5637 1404 5680 esse
1450 5627 1504 5680 in
1559 5627 1789 5686 arbitrio
1842 5641 2031 5688 nostro

2215 5630 2292 5683 M.
2342 5607 2522 5688 Ei—J'cal.
2565 5637 2624 5690 τὸ
2648 5633 2785 5692 εἶναί
2817 5657 2874 5692 τι
2914 5607 3002 5708 ἆρ’
3056 5607 3187 5712 ἡμῖν
3217 5607 3544 5713 πανούργως
3592 5658 3722 5696 κατ-

457 5700 651 5756 callide
674 5709 1061 5778 comprobasti,
1089 5721 1325 5772 attamen
1354 5734 1474 5784 quae
1494 5735 1680 5777 revera
1713 5733 1903 5790 suapte
1929 5741 2027 5780 na-

2140 5725 2459 5794 εσκεύασας,
2487 5728 2622 5782 ἀλλὰ
2645 5733 2706 5804 τῇ
2740 5730 2900 5798 φύσει
2918 5700 3026 5786 τῶν
3049 5700 3536 5802 τέραγμάτωνιδντα
3560 5733 3723 5798 κακὰ,
