4062 6422
316 380 436 444 545

1213 378 1666 443 DISPUTATIO
1709 385 1868 444 CUM
1906 383 2240 446 PIIOTlNO
2286 357 2721 443 MANICH/EO.

3496 382 3602 448 546

314 490 448 544 οὕτε
481 486 874 548 ἂνασκευάσεις
905 484 1029 540 οὔτε
1053 483 1295 558 ἐκφεύξῃ
1313 488 1464 542 ποτέ.
1498 489 1566 541 Χ.
1598 491 1731 543 Ποῖα
1761 489 1817 542 δὲ
1847 491 1905 540 ὲν

2033 497 2154 542 tura
2185 487 2324 541 mala
2359 499 2510 552 sunt,
2540 498 2822 554 nunquam
2853 482 3093 538 refutare
3124 485 3332 554 poteris
3365 497 3459 541 aut
3483 489 3607 543 inh-

311 584 386 652 τῇ
445 581 558 634 τῶν
614 578 958 649 πραγμάτων
1011 578 1170 645 φύσει
1222 580 1370 632 κακά
1433 596 1515 632 σοι
1567 580 1907 650 νενόμισταις

309 675 400 728 Μ.
437 672 561 725 Τῶν
607 670 760 734 ζώων
789 669 851 722 τὸ
881 669 1042 740 σῶμα
1084 669 1426 740 τεθνηκότων
1457 670 1773 743 φθείρεταιο
1818 674 1913 724 καὶ

311 762 435 830 πρὸ
468 762 570 830 τῆς
611 758 818 830 φθορᾶς
863 759 1116 829 τοιαύτην
1168 759 1402 812 ἀποπνεῖ
1444 759 1730 826 δυσωδίαν,
1778 760 1920 813 ὥστε

310 853 523 921 pilos;
562 851 680 921 ἅμα
717 853 813 905 καὶ
845 850 1074 922 ἐχθροὺς
1104 851 1490 917 κατατοξεύειν
1511 868 1524 882 ο
1563 852 1629 904 ἵν’
1663 852 1809 904 ἐάσω
1838 853 1921 904 ὅτι

314 944 424 996 καὶ
449 943 561 1013 πρὸ
583 944 681 1012 τῆς
712 942 976 1004 δυσωδίας
997 941 1282 1012 προοίμιον
1305 941 1470 1010 οῦσης
1501 943 1601 1012 τῆς
1627 942 1922 1006 διαλύσεως

312 1036 461 1105 ἕλκη
496 1035 623 1088 τινὰ
652 1033 864 1098 δυσώδη
887 1036 942 1086 ὲν
967 1033 1044 1104 τῷ
1065 1034 1322 1105 ἡμετέρῳ
1349 1032 1561 1104 σώματι
1595 1033 1882 1103 συμϐαίνει
1903 1048 1920 1064 ⁸

313 1128 421 1180 καὶ
445 1127 513 1196 δὴ
552 1126 756 1197 κόπρος
789 1127 910 1196 ἦτοι
935 1125 991 1178 δὲ
1018 1125 1114 1178 καὶ
1140 1121 1275 1196 οὖρα
1304 1124 1560 1194 τοιαύτης
1604 1125 1774 1195 ὀδμῆς
1803 1124 1924 1194 ἐχό-

318 1237 490 1290 μενα.
528 1221 597 1272 Χ.
632 1218 743 1271 Καὶ
785 1216 988 1270 τούτων
1017 1216 1226 1280 κακῶν,
1262 1218 1310 1269 εἰ
1339 1217 1448 1287 ἄρα
1476 1216 1620 1270 κατὰ
1665 1218 1724 1270 σὲ
1755 1217 1918 1281 κακὰ,

314 1313 479 1364 αἰτία
509 1313 546 1382 ἡ
571 1310 741 1380 ψυχή.
777 1310 854 1364 Μ.
887 1309 1041 1373 Πῶς;
1079 1309 1147 1362 Χ.
1176 1309 1289 1362 Καὶ
1324 1311 1351 1362 ὁ
1385 1308 1529 1370 λίθος
1568 1310 1662 1362 καὶ
1691 1308 1760 1362 τὰ
1792 1308 1922 1376 ξύλα

319 1402 568 1472 σώματά
599 1403 730 1466 εἰσι,
762 1401 856 1453 καὶ
882 1401 1058 1470 κακῆς
1087 1399 1239 1470 ὕλης,
1273 1399 1413 1453 κατά
1443 1401 1522 1465 σὲ,
1551 1400 1735 1471 ἔχεται
1767 1403 1801 1471 ἡ
1828 1401 1921 1471 γῆ.

315 1496 425 1548 καὶ
454 1497 528 1548 τά
581 1493 714 1558 ξύλα
734 1509 747 1523 ⁸
781 1487 942 1565 ἦττον
987 1493 1044 1546 δὲ
1083 1493 1140 1546 ἐν
1168 1492 1380 1556 τούτοις
1407 1494 1439 1563 ἡ
1469 1493 1615 1563 ψυχή
1658 1494 1774 1546 ἐστι
1803 1494 1923 1547 καθ’

318 1588 481 1655 ὑμᾶς
502 1604 516 1616 ·
553 1585 650 1638 xui.
679 1584 887 1655 δυσώδη
918 1583 1090 1638 ταῦτα
1123 1583 1247 1636 οὔτε
1276 1584 1436 1650 εἰσὶν,
1461 1583 1584 1637 οὔτε
1615 1583 1794 1647 ἄλλοις
1813 1584 1925 1638 τισὶ

319 1680 440 1732 τῶν
466 1677 626 1743 {11'an
650 1679 964 1748 νενόμισται
988 1693 1001 1707 ο
1026 1678 1082 1729 ὲν
1107 1676 1167 1729 δὲ
1196 1678 1308 1740 τοῖς
1335 1676 1442 1729 τῶν
1475 1675 1628 1741 ζώων
1657 1675 1924 1748 σώμασιν,

324 1767 417 1836 οἷς
464 1773 661 1824 ἕπεται
696 1770 790 1822 καὶ
838 1767 1094 1831 δυσωδία,
1139 1768 1338 1838 μᾶλλον
1374 1767 1494 1821 καθ’
1525 1769 1669 1837 ὑμᾶς
1709 1769 1742 1839 ἡ
1781 1769 1927 1840 ψυχὴ

328 1863 614 1934 ὑπάρχει·
642 1861 740 1931 τῆς
793 1861 851 1913 δὲ
892 1858 1002 1912 τῶν
1052 1858 1319 1930 σωμάτων
1367 1859 1666 1922 συνδέσεως
1704 1860 1851 1912 αἰτία
1893 1859 1926 1928 ἡ

338 1954 520 2023 ψυχή.
554 1954 632 2023 Τῇ
663 1951 718 2004 δὲ
749 1950 860 2004 τῶν
902 1949 1170 2019 σωμάτων
1201 1949 1444 2002 συνδέσει
1467 1948 1657 2001 ἕπεται
1685 1950 1718 2018 ἡ
1744 1949 1927 2004 διάλυ-

348 2060 461 2105 σις’
497 2044 556 2095 οὐ
587 2043 696 2111 γὰρ
723 2040 1026 2104 συνθέσεως
1049 2039 1124 2110 μὴ
1149 2040 1469 2109 γενομένης,
1495 2043 1526 2108 ἡ
1557 2041 1800 2104 διάλυσις
1824 2037 1890 2111 ἦν
1912 2057 1924 2070 ο

352 2136 386 2204 ἡ
416 2136 473 2186 δὲ
515 2135 605 2203 τῆς
657 2131 964 2193 συνθέσεως
1010 2131 1158 2184 αίτία
1188 2133 1221 2201 ἡ
1269 2130 1437 2202 ψυχὴ,
1470 2134 1536 2202 τῇ
1579 2131 1635 2184 δὲ
1683 2132 1929 2185 συνθέσει

341 2227 538 2277 ἕπεται
571 2226 605 2294 ἡ
641 2222 905 2285 διάλυσις,
935 2221 1027 2275 καὶ
1058 2221 1157 2290 τῆς
1189 2219 1483 2284 διαλύσεως
1514 2221 1662 2274 αίτία
1695 2221 1894 2292 ἡψυχὴ
1913 2237 1927 2252 ο

335 2315 458 2367 ἀλλ’
490 2316 540 2367 εἱ
573 2314 672 2383 τῆς
700 2311 997 2374 διαλύσεως
1032 2309 1316 2380 προοίμιον
1347 2311 1380 2380 ἡ
1407 2309 1663 2374 δυσωδία,
1711 2312 1804 2364 καὶ
1833 2311 1931 2380 τῆς

332 2406 608 2468 δυσωδίας
637 2403 786 2457 αἰτία
815 2403 925 2473 ἄρα
981 2403 1014 2472 ἡ
1058 2401 1239 2471 ψυχή·
1273 2402 1367 2454 καὶ
1393 2403 1440 2454 εί
1485 2400 1594 2454 τῶν
1629 2401 1933 2471 βρωμάτων

333 2497 631 2557 ἀλλοίωσις
655 2493 779 2547 οῦτε
804 2495 862 2546 ὲν
889 2490 1074 2554 λίθοις,
1095 2489 1218 2544 οὔτε
1248 2490 1306 2542 ἐν
1337 2490 1534 2556 ξύλοις,
1568 2491 1773 2558 γίνεται
1796 2491 1851 2545 δὲ
1875 2495 1934 2545 ὲν

332 2589 453 2649 τοῖς
482 2586 592 2637 τῶν
624 2584 777 2648 ζώων
811 2581 1048 2652 σώμασι,
1069 2579 1309 2651 δηλονότι
1343 2580 1486 2633 κατὰ
1511 2579 1606 2652 τὴν
1635 2581 1732 2650 τῆς
1758 2581 1934 2652 ψυχῆς

338 2677 581 2746 δύναμιν
604 2678 638 2746 ἡ
684 2674 792 2726 τῶν
821 2673 1126 2744 βρωμάτων
1161 2672 1218 2724 ὲν
1248 2674 1362 2734 τοῖς
1392 2671 1552 2735 ζώοις
1600 2673 1809 2741 γίνεται
1838 2673 1935 2726 άλ-

338 2767 568 2825 λοίωσις
587 2779 599 2792 ·
633 2765 682 2816 εί
709 2763 766 2815 δὲ
787 2763 883 2816 καὶ
909 2760 1068 2814 τοῦτο
1094 2762 1190 2815 καὶ
1215 2761 1313 2831 τῆς
1333 2762 1442 2816 τῶν
1465 2762 1643 2833 κόρων
1671 2763 1936 2828 δυσωδίας

340 2861 378 2928 ἡ
412 2855 564 2926 ψυχή
596 2857 749 2929 ἐστιν
795 2853 966 2919 αἰτία,
1011 2852 1153 2905 κατὰ
1184 2852 1274 2906 τὸν
1314 2853 1475 2906 αὐτὸν
1508 2853 1568 2906 δὲ
1597 2854 1798 2925 τρόπον
1845 2856 1938 2908 καὶ

341 2948 457 3001 τῶν
506 2945 702 2999 ἑλκῶν.
763 2945 823 2998 '0
851 2944 1154 3013 Μανιχαῖος
1191 2941 1469 2998 κάνταῦθα
1501 2943 1782 3014 ὑπεράγαν
1821 2945 1938 2998 δια-

344 3037 670 3109 ταραχθεὶς,
703 3035 854 3089 οὐδὲν
884 3033 1092 3104 ἔλεγεν.

817 3322 1211 3380 ΔΙΑΛΕΚΤΟΣ
1242 3322 1471 3377 TPITH.

348 3441 496 3511 Περὶ
517 3439 638 3494 τῶν
661 3439 836 3494 θείων
856 3438 967 3508 τῆς
977 3437 1316 3508 ἀμφοτέρας
1342 3436 1636 3505 Διαθήκης
1657 3435 1935 3506 Γραφῶν.

421 3553 586 3608 Μετὰ
613 3554 761 3624 τρεῖς
788 3551 998 3622 ἡμέρας
1039 3550 1317 3614 διάλεκτος
1364 3551 1612 3618 ἐγένετο·
1652 3550 1940 3615 συνουσίας

350 3646 465 3716 γὰρ
491 3649 558 3698 ἐκ
586 3646 770 3716 τρίτου
797 3647 1109 3716 γινομένης,
1139 3643 1266 3696 τάδε
1287 3642 1535 3714 ἐκινήθη.
1555 3642 1964 3696 ΜΑΝΙΧΑΙΟΣ.

349 3744 455 3796 Διά
487 3742 541 3794 τί
576 3739 752 3811 κάμοῦ
785 3740 880 3793 καὶ
926 3738 1020 3792 σοῦ
1055 3739 1154 3801 τὰς
1201 3738 1350 3800 θείας
1387 3738 1614 3810 Γραφὰς
1656 3737 1939 3792 ἐπαινούν-

353 3851 489 3895 των,
520 3832 615 3884 xui.
645 3827 1032 3900 διηγουμένων,
1063 3826 1134 3879 τὰ
1160 3827 1218 3878 ὲν
1243 3829 1310 3898 τῇ
1343 3826 1462 3897 θείᾳ
1481 3828 1673 3898 Γραφῇ
1705 3843 1943 3897 γεγραμ-

369 3925 513 3993 μένα
539 3922 634 3975 καὶ
661 3920 804 3990 ὑπὲρ
840 3918 948 3972 τῶν
977 3917 1259 3989 ἡμετέρων
1285 3918 1570 3987 δογμάτων
1605 3918 1940 3989 ὑπάρχοντα,

364 4015 677 4084 sumpti-:5;
709 4009 1144 4063 ΧΡΙΣΤΙΑΝΟΣ.
1177 4008 1314 4061 Ποῖά
1339 4009 1476 4060 εἰσιν
1501 4007 1537 4062 ά
1573 4010 1638 4062 ἐκ
1668 4009 1769 4074 τῆς
1802 4005 1944 4079 Γρα-

357 4107 535 4176 φικῆς
558 4102 904 4166 διδασκαλίας
933 4100 1072 4171 ὑπὲρ
1102 4099 1209 4155 τῶν
1237 4101 1520 4171 ἡμετέρων
1545 4101 1830 4170 δογμάτων
1862 4097 1944 4153 εἴ-

353 4199 445 4252 ναί
481 4215 564 4250 σοι
594 4198 903 4267 νενόμισται
923 4211 937 4259 ;
961 4194 1038 4248 M.
1068 4192 1232 4260 Λέγει
1260 4195 1287 4246 ό
1309 4193 1541 4258 Παῦλος,
1570 4194 1653 4246 ὅτι
1685 4192 1820 4263 σὰρξ
1850 4193 1944 4246 καὶ

354 4286 505 4360 αἷμα
520 4288 795 4358 βασιλείαν
815 4285 950 4340 Θεοῦ
978 4286 1384 4357 κληρονομῆσαι
1410 4285 1470 4338 οὐ
1492 4285 1761 4350 δύνανται,
1790 4285 1823 4355 ἢ
1849 4283 1942 4350 οὗ;

354 4384 426 4438 Χ.
465 4383 590 4433 Ὀτι
617 4379 715 4450 μὲν
745 4379 911 4448 λέγει,
948 4378 1245 4448 ἐπίσταμαι
1269 4393 1283 4407 ·
1317 4379 1398 4431 ὅτι
1420 4377 1476 4430 δὲ
1508 4377 1646 4446 ὑπὲρ
1675 4377 1782 4430 τῶν
1807 4378 1943 4448 ὑμε-

357 4475 543 4544 τέρων
591 4470 875 4542 δογμάτων
926 4468 1085 4522 τοῦτο
1118 4469 1374 4540 ὑπάρχει,
1410 4468 1608 4537 ἀγνοῶ.
1660 4469 1736 4524 Μ.
1788 4469 1944 4533 Τίνος

358 4565 474 4636 γὰρ
503 4563 662 4617 ἄλλου
694 4564 844 4616 ἐστὶν
872 4561 1070 4626 ἔξωθεν
1117 4559 1393 4630 βασιλείας
1422 4560 1521 4631 τὴν
1558 4559 1737 4631 σάρκα
1765 4560 1868 4631 ἡδη
1891 4559 1946 4613 δὲ

2034 579 2185 633 ciari.
2228 579 2330 634 Ch.
2372 576 2629 642 Quaenam
2662 590 2789 629 vero
2825 589 2854 628 a
2903 583 2953 629 te
2993 577 3375 630 existimantur
3417 588 3607 648 suapte

2023 678 2217 724 natura
2258 669 2439 723 mala?
2470 668 2542 720 M.
2585 668 2961 720 Animantium
2993 678 3338 722 mortuorum
3375 684 3609 740 corpora

2024 769 2486 828 corrumpuntur,
2518 769 2682 828 atque
2715 759 2852 812 adeo
2886 767 3010 813 ante
3043 759 3446 828 corruptimiem
3487 770 3609 814 tau-

2023 864 2136 908 tum
2176 852 2473 920 exspirant,
2508 850 2776 912 fetorem,
2823 860 2879 904 ut
2920 848 3080 904 amici
3126 866 3280 920 aeque
3315 859 3370 905 et
3403 851 3609 904 inimici

2023 961 2088 1000 eo
2117 945 2482 1000 oﬁ'endantur.
2519 942 2671 996 Mitto
2702 941 2844 1011 quod
2904 943 3068 996 etiam
3122 953 3248 996 ante
3289 941 3516 998 fetorem
3555 942 3609 994 iu

2026 1049 2137 1105 quo
2175 1044 2259 1090 est
2298 1034 2626 1104 principium
2673 1032 3088 1098 dissolutionis,
3134 1034 3314 1088 ulcera
3360 1036 3609 1102 quaedam

2026 1126 2374 1181 maleolentia
2425 1126 2478 1178 in
2539 1138 2769 1192 corpore
2826 1135 3014 1178 nostro
3056 1124 3210 1178 ﬁunt.
3266 1123 3380 1180 lmo
3445 1127 3610 1180 etiam

2025 1231 2238 1274 stercus
2267 1229 2432 1288 atque
2464 1217 2624 1271 urina
2653 1215 2970 1285 hujusmodi
3005 1217 3226 1271 odorem
3253 1218 3472 1272 habent.
3503 1219 3606 1271 (1h.

2024 1308 2188 1378 Atqui
2225 1316 2280 1361 et
2313 1307 2508 1362 horum
2543 1307 2810 1360 malorum
2841 1345 2856 1370 ,
2901 1306 2945 1358 si
2978 1315 3124 1359 certe
3167 1316 3216 1360 te
3246 1309 3429 1375 judice
3468 1309 3608 1363 mala

2026 1408 2185 1462 sunt,
2221 1414 2388 1453 causa
2412 1399 2595 1451 anima
2618 1407 2720 1452 est.
2757 1397 2825 1450 Μ.
2847 1396 2982 1462 Quid
3014 1399 3119 1451 ita?
3148 1397 3248 1452 Ch.
3274 1398 3435 1467 Lapis
3469 1415 3609 1468 quo-

2011 1489 2133 1562 °que
2157 1503 2212 1545 et
2237 1492 2378 1562 ligna
2409 1505 2640 1559 corpora
2666 1498 2816 1554 sunt,
2843 1497 2899 1544 et
2925 1490 3146 1558 quidem
3173 1506 3237 1545 ex
3265 1492 3406 1545 mala
3436 1502 3613 1547 mate-

2027 1582 2128 1642 ria,
2159 1582 2429 1650 tejudice,
2458 1587 2588 1634 sunt
2609 1589 2722 1634 tum
2750 1590 2893 1633 terra
2918 1589 3032 1633 tum
3061 1579 3226 1647 ligna.
3248 1578 3420 1634 Porro
3445 1582 3500 1635 in
3526 1583 3611 1638 his

2027 1689 2193 1744 quam
2221 1672 2510 1726 minimum
2538 1671 2723 1724 anima
2748 1677 2866 1736 est,
2893 1677 2951 1723 ut
2982 1684 3078 1724 vos
3101 1670 3363 1740 judicatis
3395 1688 3408 1724 :
3436 1687 3612 1740 neque

2028 1779 2158 1818 vero
2195 1764 2312 1817 haec
2347 1763 2485 1814 male
2527 1760 2676 1814 olere
2711 1775 2741 1813 a
2783 1775 3059 1830 quoquam
3103 1759 3470 1816 existimatur.
3504 1763 3612 1818 Ve-

1960 1839 2001 1894 Β
2033 1862 2343 1909 rumtamen
2389 1853 2442 1906 in
2483 1851 2842 1906 animantium
2874 1853 3198 1921 corporibus
3221 1892 3236 1917 ,
3269 1869 3390 1922 quae
3419 1869 3615 1908 conse-

2031 1947 2219 2016 quitur
2267 1947 2426 2008 fetor,
2449 1944 2675 1998 minime
2707 1942 3178 2012 utvosjudicalis,
3215 1945 3397 1998 anima
3426 1961 3614 2000 versa-

2033 2051 2138 2096 tur.
2169 2041 2338 2096 Porro
2366 2048 2425 2092 ut
2453 2052 2682 2106 corpora
2707 2035 2809 2091 sibi
2845 2043 3118 2098 constent,
3146 2037 3328 2089 anima
3359 2037 3413 2090 in
3444 2052 3612 2091 causa

2028 2143 2132 2188 est.
2155 2131 2273 2186 Jam
2299 2144 2590 2199 corporum
2621 2135 3004 2197 coagmentum
3038 2127 3394 2194 consequitur
3435 2127 3612 2181 disso-

2030 2225 2201 2278 lutio:
2224 2223 2331 2279 nisi
2347 2222 2494 2276 enim
2521 2217 2924 2289 coagmentatio
2945 2216 3158 2282 fuisset,
3179 2217 3468 2272 dissolutio
3502 2233 3614 2271 non

2031 2319 2187 2375 ﬁeret
2204 2337 2218 2372 :
2238 2314 2653 2386 compositionis
2675 2320 2856 2366 autem
2875 2324 3039 2366 causa
3059 2310 3239 2364 anima
3257 2320 3368 2376 est;
3393 2325 3616 2378 compo-

2034 2413 2292 2467 sitionem
2325 2409 2572 2478 sequitur
2599 2405 2912 2469 dissolutio,
2942 2412 2996 2458 et
3022 2405 3399 2459 dissolutionis
3430 2406 3615 2459 anima

2035 2518 2201 2559 causa
2237 2510 2342 2556 est.
2377 2498 2532 2565 Quod
2560 2497 2606 2552 si
2636 2495 3018 2551 dissolutionis
3050 2494 3380 2563 principium
3406 2503 3489 2549 est
3535 2493 3617 2548 I'e-

2035 2603 2125 2649 tor
2150 2633 2167 2659 ,
2220 2593 2385 2658 hujus
2411 2603 2632 2660 quoque
2663 2587 2850 2641 fetoris
2882 2601 3048 2640 causa
3087 2588 3266 2638 anima
3310 2585 3431 2640 erit.
3472 2584 3536 2638 Et
3569 2587 3616 2640 si

2037 2687 2286 2741 ciborum
2315 2680 2596 2749 corruptio
2627 2693 2803 2748 neque
2840 2677 2895 2730 in
2927 2676 3202 2746 lapidibus
3249 2677 3304 2730 tit
3345 2691 3521 2744 neque
3559 2677 3616 2730 iu

2037 2777 2220 2847 lignis,
2246 2775 2434 2830 eadem
2461 2782 2643 2826 tamen
2666 2770 3028 2824 animantium
3054 2769 3376 2838 corporibus
3397 2770 3618 2836 accidit,

2039 2869 2286 2937 sequitur
2329 2876 2390 2920 ut
2427 2879 2496 2919 ex
2541 2863 2595 2916 vi
2639 2862 2838 2916 animae
2876 2863 3123 2916 ciborum
3158 2863 3210 2914 in
3249 2862 3620 2917 animantibus

2039 2958 2322 3027 corruptio
2349 2957 2460 3010 ﬁat.
2489 2954 2645 3020 Quod
2677 2955 2723 3008 si
2755 2954 2828 3006 ita
2849 2968 2907 3006 se
2936 2954 3116 3018 habet,
3145 2965 3448 3008 stercorum
3475 2970 3616 3023 quo-

2039 3067 2146 3121 que
2173 3049 2361 3104 (eloris
2390 3050 2572 3101 anima
2594 3061 2755 3100 causa
2774 3047 2898 3109 erit,
2913 3045 3210 3114 eademque
3224 3047 3435 3098 ratione
3450 3046 3612 3100 etiam

1965 3161 2008 3217 ο
2041 3145 2306 3198 ulcerum.
2328 3139 2657 3195 Manichacus
2678 3137 2766 3191 hic
2795 3151 3014 3206 quoque
3039 3138 3196 3192 valde
3224 3139 3612 3207 perturbatus,

2045 3233 2180 3287 nihil
2209 3232 2506 3303 respondit.

2485 3343 2827 3400 DIALUGUS
2873 3341 3196 3397 TERTIUS.

2205 3458 2278 3514 lle
2301 3459 2495 3513 divinis
2522 3459 2797 3528 utriusque
2828 3457 3147 3511 Testamenti
3179 3453 3492 3524 Scripturis.

2116 3571 2248 3627 Post
2273 3573 2388 3628 dies
2411 3581 2520 3628 tres
2546 3572 2796 3641 dialogus
2824 3571 3161 3626 instauratus
3187 3569 3319 3624 fuit:
3351 3585 3474 3623 nam
3498 3584 3624 3623 cou-

2046 3677 2234 3732 gressu
2267 3672 2349 3717 ter
2375 3664 2489 3732 jam
2515 3664 2766 3732 repetito,
2797 3663 2912 3716 haec
2939 3668 3214 3716 commota
3247 3660 3349 3712 fuit
3379 3660 3625 3728 disputa—

2047 3757 2140 3811 tio.
2160 3753 2608 3810 ΜΑΝΙΟΗᾸΞΗδ.
2624 3754 2760 3808 Cum
2786 3769 2886 3824 ego
2906 3768 3059 3822 aeque
3081 3767 3144 3805 ae
3169 3759 3224 3804 tu
3245 3751 3460 3804 divinas
3479 3748 3627 3804 Scri-

2046 3858 2236 3918 pturas
2257 3847 2540 3901 laudemus
2565 3854 2618 3900 et
2643 3861 2707 3900 ex
2739 3845 2808 3899 iis
2836 3845 3192 3906 disseramus,
3215 3857 3315 3896 cur
3329 3857 3391 3895 ea
3422 3856 3543 3910 quae
3567 3843 3623 3894 in

2047 3955 2113 3994 eo
2141 3939 2280 3994 libro
2305 3953 2401 4006 pro
2429 3937 2633 3993 nostris
2656 3937 3003 4008 dogmatibus
3026 3933 3326 4005 perscripta
3350 3943 3627 3987 suntcon-

2050 4031 2327 4087 temnitis?
2354 4026 2840 4084 CHRISTIANUS.
2880 4026 3139 4092 Quaenam
3169 4033 3226 4076 tu
3255 4023 3539 4078 existimas
3569 4023 3624 4076 in

2053 4121 2459 4191 Scripturarum
2479 4120 2726 4174 doctrina
2747 4133 2846 4188 pro
2871 4117 3068 4182 vestris
3099 4114 3444 4183 dogmatibus
3477 4111 3624 4167 dici?

1976 4263 1980 4268 .
2049 4213 2119 4266 Μ.
2151 4210 2520 4276 AitPaulus‘,
2553 4225 2773 4265 carnem
2811 4218 2864 4262 et
2899 4207 3219 4276 sanguinem
3261 4220 3488 4275 regnum
3530 4203 3626 4260 Dei

2050 4302 2328 4373 possidere
2368 4301 2514 4356 haud
2556 4315 2746 4372 posse,
2777 4299 2984 4354 necne?
3019 4297 3118 4350 Ch.
3147 4296 3265 4350 Dici
3299 4296 3401 4350 hoc
3429 4296 3498 4349 ab
3522 4309 3625 4360 eo,

2052 4395 2165 4450 scio
2187 4413 2200 4448 :
2224 4394 2371 4464 quod
2396 4402 2578 4447 autem
2612 4393 2754 4447 idem
2779 4393 2884 4445 hoc
2906 4405 3001 4460 pro
3032 4389 3227 4445 vestris
3261 4397 3368 4444 stet
3399 4389 3628 4457 dogma-

1979 4503 2022 4558 ι)
2051 4485 2218 4549 tibus,
2240 4486 2442 4540 nescio.
2466 4483 2540 4539 M.
2557 4484 2894 4548 Quibusnam
2918 4482 3091 4550 magis
3105 4483 3380 4546 convenit,
3406 4497 3511 4536 non
3533 4495 3627 4536 so-

2049 4580 2162 4634 lum
2185 4593 2428 4643 carnem,
2452 4580 2545 4632 sed
2567 4577 2730 4632 etiam
2751 4573 2990 4630 visibilia
3015 4573 3197 4626 omnia
3222 4588 3389 4642 regno
3413 4572 3508 4626 Dei
3531 4587 3628 4626 ex-

359 4658 459 4710 καὶ
508 4656 577 4709 τὰ
624 4655 926 4726 φαινόμενα
974 4653 1152 4706 πάντα
1204 4655 1400 4716 ποιεῖν,
1441 4653 1489 4705 εί
1536 4652 1610 4724 μὴ
1654 4651 1813 4722 ἡμῶν
1841 4651 1934 4705 τῶι

2045 4671 2285 4735 cludere,
2301 4671 2455 4740 juxta
2481 4669 2634 4724 Pauli
2657 4669 2886 4728 dictum.
2908 4681 3072 4736 quam
3096 4665 3260 4721 nobis
3279 4665 3632 4720 Manichaais?

358 4747 703 4818 Μανιχαίων,
749 4747 891 4800 κατὰ
935 4745 1181 4811 Παῦλον;
1240 4746 1310 4799 Χ.
1359 4745 1470 4798 Καὶ
1513 4745 1672 4815 ἡμῶν
1723 4745 1839 4797 ἐστι
1890 4747 1934 4798 τί

2046 4762 2147 4817 Ch.
2176 4760 2430 4817 Nostrum
2457 4776 2680 4831 quoque
2703 4758 2939 4814 cilicium
2970 4765 3054 4813 est
3084 4771 3306 4811 carnem
3342 4773 3509 4827 regno
3536 4757 3630 4812 Dei

365 4841 572 4908 ἔξωθεν
614 4840 712 4910 τῆς
764 4838 1039 4909 βασιλείας
1087 4838 1185 4908 τὴν
1235 4838 1414 4908 σάρκα
1457 4838 1633 4891 ποιεῖν
1683 4836 1950 4908 μᾶλλονῆ

360 4933 542 5004 ὑμῶν.
603 4932 681 4986 Μ.
731 4931 796 4984 Τί
825 4927 921 4985 οὖν
942 4929 1250 4992 διαὸάλλεις
1297 4931 1392 4982 καὶ
1439 4929 1601 4992 αὐτὸς
1627 4928 1725 5000 τὴν
1768 4930 1945 5000 σάρκα

356 5029 458 5081 καὶ
487 5025 868 5094 ὰπαλλοτριοῖς
899 5023 1000 5093 τῆς
1029 5022 1120 5076 τοῦ
1148 5021 1286 5075 Θεοῦ
1325 5021 1715 5091 δημιουργίας;
1747 5023 1815 5075 Χ.
1857 5022 1943 5084 Ὠς

355 5120 512 5173 δοκεῖ
541 5117 706 5185 ἄλλην
731 5113 864 5184 ἐγὼ,
898 5114 1064 5185 ἄλλην
1094 5113 1151 5167 δὲ
1192 5114 1256 5167 σὺ
1283 5112 1382 5185 τὴν
1416 5115 1596 5185 σάρκα
1636 5113 1909 5184 καλοῦμεν
1930 5130 1946 5146 ·

357 5210 489 5276 λέγε
515 5202 609 5260 οὖν
639 5205 800 5268 αὐτὸς
820 5205 872 5259 τί
897 5203 994 5275 τὴν
1020 5205 1199 5274 σάρκα
1220 5204 1520 5268 κανονίζεις
1545 5202 1704 5258 εἶναι.
1735 5206 1811 5258 Μ.
1849 5206 1951 5259 Ἦν

361 5302 528 5370 ἡμεῖς
564 5297 836 5369 φοροῦμεν
881 5297 976 5351 καὶ
1007 5295 1076 5350 τὰ
1113 5296 1274 5350 λοιπὰ
1303 5295 1438 5360 ζῶα.
1485 5298 1552 5352 Χ.
1587 5298 1804 5362 Ταύτην
1829 5297 1952 5351 οὐδὲ

357 5394 388 5446 ό
414 5391 735 5454 Ἀπόστολος
752 5390 931 5463 σάρκα
951 5390 1071 5443 οὐδὲ
1093 5387 1204 5458 ἐγὼ
1227 5389 1482 5446 ἐκάλεσα.
1507 5392 1582 5448 Μ.
1604 5391 1773 5445 Πόθεν
1794 5391 1953 5445 τοῦτο

363 5483 533 5553 δῆλον
566 5483 649 5535 ὅτι
676 5484 706 5535 ὁ
745 5481 1065 5546 ’Δπόστολος
1096 5482 1303 5554 ταύτην
1328 5484 1429 5536 οὐκ
1469 5484 1693 5538 ἐκάλεσε
1746 5486 1946 5556 σάρκα,

359 5575 503 5630 ἀλλὰ
539 5574 747 5643 amp;
793 5575 866 5629 Χ.
905 5575 999 5627 Ἐκ
1026 5574 1121 5629 τοῦ
1163 5576 1485 5629 ’Δποστόλου
1513 5575 1700 5631 αὑτοῦ.
1729 5581 1802 5632 Μ.
1837 5578 1946 5632 Ποῦ

357 5668 416 5722 δὲ
445 5668 604 5719 τοῦτο
634 5667 663 5717 ὁ
701 5668 1020 5733 ’Δπόστολος
1047 5667 1228 5738 λέγεις
1263 5669 1332 5724 Χ.
1375 5666 1470 5720 Ἐκ
1496 5668 1587 5722 τοῦ
1623 5670 1904 5741 ἐπιφέρειν
1924 5687 1937 5700 ο

438 5768 454 5797 ι
492 5763 666 5818 lCor.
703 5780 793 5831 xv,
826 5765 916 5821 50.

2050 4853 2376 4918 excludere,
2407 4855 2580 4924 magis
2613 4852 2778 4908 etiam
2810 4866 2974 4921 quam
3013 4866 3110 4905 vos
3147 4849 3349 4906 facitis.
3384 4849 3456 4904 Μ.
3486 4848 3631 4916 Quid

2053 4946 2263 5018 igitur?
2291 4944 2447 5000 Tune
2475 4945 2642 4999 etiam
2676 4958 2897 4999 carnem
2950 4942 3250 5012 improbas,
3287 4952 3447 5011 atque
3474 4957 3505 4994 a
3535 4940 3632 4995 Dei

2051 5038 2321 5099 creaturis
2351 5035 2595 5106 excipis?
2634 5035 2812 5089 Aliam
2859 5047 2962 5103 ego
3000 5033 3135 5087 mihi
3163 5033 3348 5087 videor
3378 5045 3541 5100 quam
3575 5040 3634 5086 tu

2051 5145 2268 5184 carnem
2299 5129 2592 5198 appellare.
2620 5128 2714 5182 Dic
2739 5143 2869 5196 ergo
2903 5134 2957 5180 et
2986 5135 3043 5180 tu
3070 5140 3235 5195 quam
3260 5138 3382 5178 esse
3409 5137 3632 5177 carnem

2050 5223 2300 5278 deﬁnias.
2326 5221 2398 5274 M.
2423 5220 2596 5287 Quam
2624 5235 2724 5275 nos
2750 5229 3030 5289 gestamus
3053 5227 3107 5272 et
3133 5214 3389 5270 animalia
3414 5221 3630 5269 cetera.

2050 5312 2152 5369 Ch.
2178 5312 2328 5391 lianc
2360 5328 2536 5378 neque
2568 5311 2862 5381 Apostolus
2890 5324 3066 5379 neque
3101 5321 3199 5377 ego
3232 5320 3452 5360 carnem
3488 5321 3632 5358 nun-

2057 5401 2404 5470 cupavimus.
2445 5398 2514 5453 Μ.
2559 5397 2844 5454 Undenam
2887 5406 3107 5454 constat
3133 5395 3449 5465 Apostolum
3493 5393 3635 5447 hanc

2058 5507 2166 5546 non
2201 5491 2474 5562 appellare
2501 5507 2718 5548 carnem
2749 5491 2844 5546 sed
2879 5490 3042 5545 aliam
3065 5489 3088 5541 ?
3110 5488 3211 5542 Cb.
3236 5484 3314 5540 Ex
3347 5486 3466 5556 ipso
3497 5501 3632 5541 eon-

2057 5595 2166 5638 stat
2193 5585 2476 5654 Apostolo.
2509 5585 2580 5638 M.
2621 5583 2855 5640 Ubinam
2891 5584 2992 5637 hoc
3019 5579 3315 5650 Apostolus
3337 5578 3503 5632 dicit?
3528 5577 3630 5632 Cb.

2051 5673 2246 5732 Verbis
2281 5677 2428 5734 illis:
2479 5676 2660 5748 Neque
2703 5674 2968 5743 corruptio
3018 5668 3429 5740 incorruptelam
3461 5669 3635 5742 possi-
