4062 6446
395 395 500 465 M7

1666 356 1895 449 PAULI
1917 379 2383 449 'CHRISTIANI

3550 392 3659 456 548

395 508 557 560 άεὺίι.
617 501 689 557 Μ.
718 499 866 558 Sane
889 505 1031 558 haud
1059 506 1182 555 hinc
1202 506 1475 569 appareat,
1500 511 1717 551 carnem
1742 499 1883 552 hanc
1906 498 1970 551 ab

2075 498 2228 550 οὐδὲ
2282 499 2317 567 ἡ
2383 495 2573 565 φθορὰ
2622 495 2739 563 τὴν
2793 495 3134 564 ἀφθαρσίαν
3191 500 3658 567 κληρονομήσει.

394 595 656 666 Apostolo
684 608 793 647 non
820 593 1102 663 appellari,
1124 592 1216 646 sed
1249 589 1565 659 quamdam,
1599 599 1659 643 ut
1685 598 1740 643 tu
1770 588 1971 654 credis,

396 689 580 742 aliam.
604 685 708 740 Ch.
739 685 792 738 id
817 686 1097 739 enimvero
1119 689 1173 736 et
1195 695 1474 751 apparere,
1499 688 1556 734 et
1583 681 1662 735 sic
1690 679 1975 734 manifeste

395 779 567 833 videri
586 778 694 830 aio.
722 776 790 829 Μ.
816 775 947 829 Rem
974 788 1123 842 ergo,
1160 784 1216 825 ut
1242 772 1343 837 vis,
1365 770 1698 825 demonstra.
1725 769 1827 825 Ch.
1853 772 1975 824 Est-

393 884 469 925 ne
492 868 769 924 distinctio
798 854 980 920 carnis
1013 882 1045 939 ξι
1081 864 1463 933 corruptione.
1496 863 1551 917 id
1585 873 1669 917 est
1702 862 1865 916 ilianc
1906 861 1975 915 ab

362 1024 370 1033 ν
394 960 498 1014 hac
518 958 975 1028 distinguiturilll.
991 954 1538 1024 Quiddicas,prorsus
1561 968 1668 1008 non
1707 952 1972 1033 intelligo.

399 1051 503 1106 Ch.
524 1050 678 1104 Fitne
698 1027 975 1103 distinctio
1013 1047 1536 1101 insubstantivorum
1561 1061 1591 1099 a
1617 1027 1993 1100 substantivis'

389 1146 532 1215 apud
563 1143 823 1197 Paulum?
856 1142 927 1197 M.
968 1141 1161 1197 Utrum
1210 1141 1323 1204 liat,
1351 1141 1564 1211 ignoro.
1611 1140 1710 1193 Ch.
1752 1139 1812 1193 Si
1844 1154 1974 1210 ergo

391 1235 924 1297 insubslantivorum
978 1232 1341 1287 differentiam
1390 1244 1421 1284 a
1476 1229 1837 1303 substantivis
1864 1243 1975 1285 non

388 1326 538 1380 novit
592 1324 829 1386 Paulus,
911 1323 997 1377 hic
1064 1331 1241 1381 autem
1291 1320 1597 1374 diﬂ'erentia
1638 1328 1721 1373 est
1786 1332 1973 1372 corru-

387 1415 591 1488 ptionis
612 1430 645 1469 a
665 1429 850 1479 carne,
883 1413 1159 1482 corruptio
1188 1427 1333 1491 vero,
1361 1420 1413 1465 te
1436 1411 1639 1479 judice,
1669 1410 1978 1463 insubstan-

390 1510 497 1562 tiva
535 1516 641 1572 est,
666 1514 720 1561 et
745 1522 874 1561 caro
898 1520 1118 1575 quoque
1142 1503 1538 1558 insubstantiva
1568 1510 1669 1567 est,
1696 1501 1973 1571 quomodo

388 1598 532 1652 hanc
561 1612 780 1651 carnem
812 1597 1127 1666 Apostolus,
1158 1603 1217 1648 ut
1249 1594 1351 1658 ais,
1383 1594 1663 1655 nominat,
1694 1592 1781 1647 vel
1809 1593 1973 1647 etiam

388 1689 793 1758 corruptionem
842 1686 1298 1742 insubstantivam
1342 1699 1494 1753 teque
1539 1699 1604 1738 ac
1652 1699 1872 1738 carnem
1914 1693 1971 1739 tu

388 1779 661 1835 afﬁrmas?
707 1777 779 1833 Μ.
822 1778 1113 1833 Conclusio
1150 1786 1294 1830 recte
1335 1776 1584 1844 sequitur
1616 1813 1629 1835 ,
1677 1775 1972 1844 caeteroqui

2084 591 2158 642 M.
2210 588 2284 640 ΟΞ)
2328 586 2570 656 δήλονὲκ
2613 586 2803 640 τούτου
2847 587 2922 649 ὡς
2949 588 3049 640 οὐκ
3079 587 3303 642 ἐκάλεσε
3346 588 3445 661 τὴν
3479 590 3663 662 σάρκα

2075 680 2283 749 ταύτην
2319 682 2348 731 ὁ
2404 680 2759 742 ’Λπόστολος,
2798 679 2931 732 ἀλλὰ
2983 680 3172 750 ἄλλην,
3204 683 3346 736 κατά
3392 684 3452 736 σὲ
3497 686 3657 742 τινά.

2075 772 2143 824 Χ.
2177 772 2283 824 Καὶ
2314 770 2472 839 δῆλον
2517 772 2609 823 καί
2654 771 2819 834 δοκεῖ,
2852 772 3186 843 σαφέστερον
3212 774 3374 841 λέγω.
3420 776 3495 831 Μ.
3545 754 3659 835 Σαέ

2077 864 2303 935 φὴνισον
2331 860 2407 922 ὡς
2438 861 2531 913 καὶ
2562 860 2762 929 βούλει.
2799 861 2866 913 Χ.
2894 863 3014 930 ’Ῑση
3043 862 3191 915 ἐστὶν
3219 865 3252 933 ἠ
3283 864 3658 936 ἀντιδιαστολὴ

2079 952 2281 1022 σαρκὸς
2303 952 2396 1003 καὶ
2419 949 2644 1022 φθορᾶς,
2677 951 2770 1004 καὶ
2794 952 3281 1006 ἀντιδιαστέλλεται
3343 956 3482 1023 αὕτη
3510 956 3658 1008 €er-

2076 1059 2205 1112 v'q;;
2250 1042 2325 1097 Μ.
2380 1043 2494 1095 Οὐκ
2527 1041 2623 1094 οἷδ’
2654 1042 2682 1094 ὃ
2715 1041 2769 1094 τί
2803 1059 2933 1096 ποτε
2960 1043 3160 1111 λέγεις.
3201 1045 3269 1097 Χ.
3297 1045 3511 1098 Γίνεται
3549 1048 3653 1101 τῶν

2075 1133 2462 1186 ἀνυποστάτων
2513 1134 2606 1186 καὶ
2661 1134 3040 1188 ὲνυποστάτων
3094 1134 3473 1207 ἁντυδιαστολὴ
3494 1177 3509 1201 ,
3563 1140 3657 1190 καὶ

2074 1221 2234 1276 τοῦτο
2275 1226 2335 1277 ὲν
2370 1224 2599 1294 Παύλῳ;
2649 1225 2724 1278 Μ.
2760 1225 2875 1277 υύκ
2904 1225 3202 1296 ἐπίσταμαι
3249 1227 3299 1279 ei
3342 1228 3655 1296 γεγένηται.

2075 1313 2141 1367 Χ.
2181 1314 2243 1367 Ei
2285 1310 2378 1366 οὖν
2408 1317 2549 1366 κατὰ
2600 1314 2661 1366 τὸ
2704 1315 3068 1369 ὲνυπόστατον
3097 1316 3194 1369 καὶ
3223 1317 3592 1373 ἀνυπόστατον
3630 1318 3661 1385 6

2077 1406 2289 1470 Παῦλος
2324 1406 2385 1458 οὐ
2427 1407 2608 1477 τίθησι
2651 1406 2751 1477 τὴν
2794 1407 3219 1478 ἁντιδιαστολὴν,
3256 1408 3490 1462 ἐνταῦθα
3532 1410 3590 1464 δὲ
3621 1412 3656 1482 ἡ

2076 1497 2251 1569 φθορὰ
2279 1497 2771 1553 ἀντιδιαστέλλεται
2799 1500 2864 1568 τῇ
2888 1498 3072 1569 σαρκὶ,
3098 1502 3132 1569 ή
3165 1499 3222 1552 δὲ
3253 1500 3428 1570 φθορὰ
3452 1502 3661 1554 ἀνυπό-

2078 1607 2295 1656 στατος,
2331 1591 2473 1643 κατὰ
2503 1591 2582 1653 σὲ,
2612 1592 2707 1643 καὶ
2725 1592 2758 1660 ἡ
2800 1590 2939 1661 σὰρξ
2965 1590 3355 1657 ἀνυπόστατος,
3389 1593 3506 1654 πῶς
3533 1593 3662 1647 ταύο

2074 1700 2173 1755 την
2192 1684 2292 1755 τὴν
2319 1683 2496 1753 σάρκα
2517 1682 2880 1745 ὁἈπόστολος
2903 1682 3178 1752 ὠνόμασε,
3209 1684 3349 1738 κατὰ
3377 1685 3437 1736 σέ
3459 1701 3472 1747 ;
3502 1684 3533 1755 ἦ
3562 1686 3660 1738 καὶ

2074 1776 2175 1844 τὴν
2224 1775 2429 1843 φθορὰν
2464 1772 2836 1829 ἀνυπόστατον
2878 1773 3020 1827 κατὰ
3065 1775 3164 1843 τὴν
3216 1778 3393 1846 σάρκα
3440 1777 3655 1844 λέγειςς

387 1888 475 1931 res
525 1881 640 1925 tum
700 1870 834 1925 mihi
892 1876 1006 1922 tum
1056 1869 1219 1922 etiam
1270 1866 1368 1919 tibi
1417 1865 1672 1935 ambigua
1716 1875 1817 1918 est.
1867 1864 1970 1930 Ch.

2075 1866 2151 1919 M.
2194 1864 2254 1917 ὐ
2288 1864 2389 1935 μὲν
2418 1862 2599 1918 κανὼν
2626 1864 3044 1933 συναναγκάζει,
3078 1863 3280 1935 ἄπορον
3303 1865 3361 1917 δὲ
3383 1865 3442 1919 τὸ
3468 1846 3660 1936 λεχθὲν

387 1965 507 2019 Tibi
551 1963 769 2033 quidem
822 1961 1069 2029 ambigua
1106 2001 1121 2025 ,
1181 1958 1314 2013 mihi
1368 1972 1475 2012 non
1530 1958 1681 2011 item.
1737 1956 1872 2010 Nam
1926 1957 1971 2008 si

386 2056 700 2111 demonstro
733 2053 875 2106 haud
905 2054 1147 2107 locutum
1183 2049 1414 2104 Paulum
1453 2051 1520 2103 de
1552 2063 1719 2104 carne
1750 2090 1762 2112 ,
1805 2064 1969 2118 quam

387 2155 442 2207 tu
483 2145 761 2215 appellas,
834 2142 925 2196 sed
992 2140 1456 2195 iusubstantivum
1520 2140 1725 2210 aliquid
1773 2149 1829 2193 et
1883 2141 1972 2193 hic

386 2238 684 2306 intelligere
708 2274 723 2299 ,
765 2234 908 2289 sicut
938 2231 1005 2286 de
1032 2232 1384 2301 corruptione
1404 2270 1418 2295 ,
1450 2235 1591 2302 apud
1629 2248 1716 2286 me
1746 2231 1968 2301 quidem

385 2329 712 2400 ambiguitas
736 2327 962 2393 tollitur,
996 2325 1091 2380 tibi
1117 2339 1244 2380 vero
1272 2325 1324 2378 in
1353 2334 1675 2395 perpetuum
1694 2335 1963 2394 superest.

453 2502 526 2560 M.
556 2504 689 2559 Rem
730 2502 986 2559 subtilius
1013 2503 1264 2560 enuclea.
1308 2501 1411 2557 Ch.
1445 2501 1596 2556 Nihil
1630 2500 1966 2570 incorrupti-

383 2598 491 2653 bile
518 2606 612 2651 aut
646 2594 959 2649 immortale
990 2607 1211 2650 carnem
1240 2592 1477 2662 appellat
1501 2591 1687 2645 divina
1720 2589 1969 2659 Scriptu-

383 2704 486 2750 ra:
535 2687 669 2758 quin
718 2685 884 2740 etiam
924 2683 1184 2738 nonnulla
1232 2684 1487 2738 mortalia
1508 2691 1562 2737 et
1587 2683 1966 2752 corruptibilia

384 2789 539 2835 extra
569 2781 710 2832 hanc
741 2776 1160 2846 appellationem
1196 2776 1390 2845 ponit,
1428 2776 1596 2835 veluti
1635 2791 1761 2830 cum
1795 2775 1962 2830 dicit:

390 2887 411 2921 ι
459 2867 562 2922 Vos
585 2866 843 2921 autemin
867 2880 1026 2919 carne
1048 2881 1152 2929 non
1174 2866 1321 2932 estis,
1347 2866 1436 2920 sed
1463 2869 1520 2920 in
1546 2866 1740 2936 spiritu
1766 2869 1823 2920 ἐ
1857 2882 1964 2920 non

382 2959 531 3029 quod
567 2974 673 3011 non
711 2966 896 3012 essent
934 2964 1063 3010 tunc
1098 2957 1152 3010 in
1173 2971 1341 3012 carne
1364 2999 1378 3025 ,
1412 2957 1509 3012 sed
1537 2958 1665 3028 quia
1685 2958 1752 3014 de
1773 2972 1961 3013 corru-

381 3049 663 3122 ptibilibus
691 3056 745 3103 et
776 3047 1135 3102 dissolutione
1170 3047 1352 3118 dignis
1382 3063 1491 3103 non
1518 3048 1851 3119 cogitabant.
1892 3047 1960 3103 Μ.

383 3141 582 3196 Carnis
629 3138 1049 3194 dissolutionem
1078 3176 1093 3203 ,
1144 3148 1207 3194 ut
1253 3139 1349 3192 tibi
1381 3137 1631 3207 videtur,
1676 3154 1777 3208 pro
1800 3154 1967 3194 carne

383 3231 676 3302 Apostolus
700 3230 857 3285 dixit.
888 3229 989 3283 Ch.
1024 3229 1199 3285 Meum
1230 3240 1340 3284 erat
1370 3205 1766 3295 demonstra—re,
1810 3240 1965 3284 tuum
1991 3205 2034 3264 θ

381 3322 710 3387 auscultare.
743 3319 901 3375 Nunc
925 3319 1053 3390 quia
1084 3321 1159 3374 rei
1183 3320 1595 3391 intelligentiam
1616 3336 1964 3391 prazoeeupzt-

382 3416 489 3480 sti,
545 3412 746 3466 veritas
793 3410 869 3473 ita
910 3425 969 3464 se
1016 3410 1197 3465 habet.
1261 3410 1332 3465 Μ.
1391 3410 1535 3477 Quid
1582 3412 1663 3468 ais
1710 3413 1778 3467 de
1837 3414 1962 3477 illo,

380 3503 526 3561 Caro
566 3502 815 3556 adversus
849 3501 1093 3570 spiritum
1137 3502 1457 3570 concupiscit
1494 3503 1547 3570 ³,
1579 3512 1633 3557 ct
1677 3503 1966 3557 vicissim?

382 3595 484 3650 Ch.
513 3594 657 3648 Idem
686 3591 874 3647 subest
902 3606 1119 3658 sensus,
1148 3606 1342 3662 nempe
1365 3593 1511 3662 quod
1533 3594 1715 3649 carnis
1745 3595 1965 3649 nomine

380 3695 493 3741 tam
528 3683 1063 3741 indissolubilitatem
1107 3686 1290 3745 carnis
1329 3700 1494 3755 quam
1534 3686 1965 3756 corruptibilita-

386 3789 492 3831 tem
515 3776 793 3831 denotavit
828 3793 845 3829 :
888 3774 1127 3845 quandiu
1149 3781 1330 3837 autem
1354 3790 1555 3845 corpus
1581 3787 1829 3829 nostrqu
1854 3791 1882 3829 a
1905 3790 1965 3829 se

380 3878 437 3924 et
463 3885 493 3923 a
518 3868 868 3937 corruptione
895 3884 1003 3922 non
1026 3866 1280 3935 discedit,
1304 3882 1433 3922 caro
1453 3868 1652 3923 dicitur
1678 3883 1691 3919 :
1726 3869 1811 3923 his
1835 3882 1964 3921 vero

381 3959 665 4030 depositis,
687 3958 867 4014 carnis
886 3973 1105 4028 quoque
1127 3952 1547 4027 appellationem
1573 3959 1790 4031 abjicit:
1823 3960 1965 4013 unde

381 4070 509 4108 vere
538 4053 737 4107 dicitur
764 4066 895 4106 caro
932 4060 985 4106 et
1031 4052 1255 4122 sanguis
1296 4067 1523 4122 regnum
1575 4051 1667 4107 Dei
1697 4068 1802 4106 non
1835 4068 1964 4123 pos-

382 4147 579 4201 sidere.
632 4146 934 4209 Praeterea,
984 4145 1149 4197 aliam
1186 4159 1310 4198 esse
1348 4144 1682 4199 voluntatem
1728 4146 1961 4212 animae,

380 4251 546 4305 quam
576 4234 871 4303 Apostolus
896 4244 1057 4287 vocat
1091 4234 1347 4301 spiritum
1369 4273 1384 4296 ,
1420 4232 1525 4286 alia
1555 4234 1825 4289 desideria
1867 4251 1965 4288 no-

382 4338 512 4383 Stra:
545 4328 896 4381 mortalitatis
916 4369 932 4394 ,
974 4342 1098 4395 quae
1137 4341 1267 4379 caro
1294 4327 1363 4379 ab
1389 4327 1650 4395 Apostolo
1678 4327 1967 4381 nominan-

382 4429 492 4473 tur.
520 4416 588 4470 Μ.
620 4414 809 4470 Nonne
842 4424 927 4468 est
957 4417 1199 4485 Apostoli
1236 4415 1405 4470 illud:
1443 4413 1645 4484 Infelix
1666 4432 1757 4484 ego
1779 4415 1962 4481 homo,

378 4512 496 4579 quis
522 4524 601 4562 me
633 4508 817 4577 eripiet
845 4507 909 4560 de
940 4522 1155 4576 corpore
1186 4507 1371 4563 mortis
1400 4505 1558 4575 hujus
1587 4506 1647 4559 ‘?
1677 4504 1779 4559 Ch.
1821 4504 1965 4561 Sane

2074 1957 2169 2010 xui.
2195 1959 2317 2011 κατ’
2347 1959 2470 2027 ἐμὲ,
2505 1957 2599 2010 καὶ
2631 1959 2773 2010 κατὰ
2799 1957 2879 2010 σέ.
2907 1958 2975 2010 Χ.
3011 1958 3102 2009 Σοὶ
3132 1958 3231 2026 μὲν
3274 1957 3500 2029 ἄπορον,
3531 1959 3659 2027 ἐμοὶ

2072 2042 2128 2095 δὲ
2174 2043 2391 2097 οὐκέτι·
2428 2047 2476 2097 εἰ
2510 2043 2619 2114 γὰρ
2662 2040 2913 2115 δείκνυμι
2949 2046 3023 2117 μὴ
3065 2045 3314 2116 εἰρῆσθαι
3348 2046 3427 2116 τῷ
3460 2047 3659 2119 Παύλῳ

2073 2135 2204 2206 περὶ
2231 2136 2330 2206 τῆς
2360 2135 2582 2206 σαρκὸς,
2613 2131 2680 2206 ἦς
2723 2137 2889 2201 αὐτὸς
2917 2138 3226 2207 ὠνόμασας,
3265 2139 3401 2193 ἀλλὰ
3450 2130 3656 2194 dvorto?

2074 2222 2267 2275 στατόν
2296 2239 2347 2274 τι
2381 2223 2649 2292 λαμόάνει
2679 2223 2976 2291 κάνταῦθα,
3011 2226 3261 2298 καθάπερ
3284 2228 3377 2281 ἐπὶ
3402 2228 3500 2299 τῆς
3525 2230 3658 2298 φθο-

2074 2314 2194 2383 ρᾶς,
2230 2313 2361 2383 παρ’
2391 2313 2515 2383 ἐμοὶ
2550 2311 2650 2382 μὲν
2672 2313 2734 2367 τὸ
2764 2314 2967 2386 ἄπορον
3009 2315 3245 2382 λέλυται,
3279 2317 3363 2370 σοὶ
3390 2317 3446 2370 δὲ
3485 2318 3658 2388 μεμέ-

2074 2420 2240 2473 νηκεν
2270 2405 2463 2458 είσαεί.

2140 2495 2216 2550 Μ.
2260 2496 2507 2561 Διέξελθε
2538 2495 2677 2551 κατὰ
2707 2496 2904 2551 λεπτὸν
2931 2500 3024 2553 τὸν
3052 2498 3229 2566 λόγον.
3262 2501 3331 2555 Χ.
3358 2501 3524 2554 Οὐδὲν
3544 2500 3655 2563 τῶν

2068 2588 2361 2658 ἀφθάρτων
2388 2589 2481 2643 καὶ
2510 2589 2794 2647 ἀθανάτων
2825 2590 3003 2661 σάρκα
3028 2593 3061 2662 ὴ
3094 2591 3216 2647 θεία
3240 2593 3429 2664 Γραφὴ
3456 2596 3655 2665 ὀνομάο

2070 2677 2185 2744 ζει·
2220 2679 2315 2732 καὶ
2339 2679 2408 2737 τὰ
2431 2679 2601 2752 θνητὰ
2626 2681 2683 2733 δὲ
2711 2684 2804 2735 καὶ
2835 2683 3051 2753 φθαρτά
3076 2699 3205 2737 ποτε
3231 2683 3430 2750 ἔξωθεν
3452 2687 3653 2758 ταύτης

2068 2774 2166 2842 τῆς
2197 2773 2575 2843 προσηγορίας
2613 2774 2956 2843 καθίστησιν,
2989 2776 3066 2841 ὡς
3106 2778 3193 2831 ὅτε
3234 2778 3410 2846 λέγει’
3454 2778 3653 2847 Ὑμεῖς

2068 2861 2137 2915 δὲ
2164 2865 2277 2917 οὐκ
2311 2863 2455 2916 ἐστὲ
2490 2864 2562 2915 ἐν
2592 2864 2792 2930 σαρκὶ,
2827 2864 2965 2918 ἀλλ’
2999 2866 3070 2920 ἐν
3093 2867 3385 2936 πνεύματι
3406 2884 3421 2899 ο
3454 2869 3553 2939 οὐχ
3573 2868 3654 2934 ὡς

2072 2951 2147 3025 μὴ
2177 2952 2348 3006 ὄντων
2373 2952 2469 3006 νῦν
2496 2954 2555 3006 ὲν
2598 2953 2783 3023 σαρκὶ,
2813 2953 2930 3006 ἀλλ’
2967 2956 3044 3019 ὡς
3078 2959 3152 3027 μὴ
3198 2958 3538 3028 φρονούντων
3580 2959 3650 3013 τὰ

2066 3046 2164 3115 τῆς
2194 3047 2400 3118 φθορᾶς
2444 3047 2538 3101 καὶ
2580 3047 2875 3111 διαλύσεως
2922 3047 3068 3114 ἄξια.
3095 3051 3171 3104 Μ.
3221 3050 3306 3115 Ὠς
3343 3052 3512 3116 δοκεῖ,
3548 3053 3651 3122 τὴν

2067 3138 2166 3210 τῆς
2199 3138 2401 3209 σαρκὸς
2446 3137 2710 3207 διάλυσιν,
2741 3140 2881 3194 κατὰ
2929 3140 3007 3206 σὲ,
3040 3141 3217 3210 σάρκα
3262 3143 3290 3194 6
3330 3142 3650 3215 Ἀπόστολος

2067 3229 2369 3299 ὠνόμασεν.
2397 3231 2467 3285 Χ.
2508 3230 2661 3299 Ἐμοὶ
2692 3231 2790 3300 μὲν
2828 3226 2895 3301 ἦν
2930 3230 2991 3282 τὸ
3020 3231 3150 3284 [διον
3192 3232 3645 3303 κατασκευάζειν,

2070 3321 2165 3376 σοῦ
2191 3323 2248 3374 δὲ
2272 3321 2489 3375 ἀκούειν
2509 3339 2522 3352 ο
2555 3323 2677 3375 ἐπεὶ
2701 3321 2759 3375 δὲ
2787 3322 3077 3393 προλαϐὼν
3100 3323 3333 3394 εἴρηκας
3360 3324 3421 3376 τὸ
3448 3324 3647 3395 νόημα,

2069 3417 2170 3468 οὐκ
2217 3415 2392 3477 ἄλλως
2431 3414 2543 3485 ἔχει
2588 3417 2620 3486 ή
2652 3415 2901 3487 ἀλήθεια.
2947 3416 3023 3470 Μ.
3067 3417 3130 3469 Τί
3156 3417 3199 3469 δ’
3230 3417 3296 3470 ἂν
3330 3416 3528 3484 λέγοις,
3554 3417 3651 3475 καὶ

2069 3520 2136 3556 πε
2145 3504 2199 3572 pi.
2214 3504 2331 3567 τοῦ,
2350 3504 2420 3558 Ἠ
2433 3504 2591 3573 σὰρξ
2604 3504 3037 3575 ἐπιθυμεῖκατὰ
3049 3506 3155 3561 τοῦ
3174 3504 3535 3576 πνεύμαὲος,
3553 3507 3650 3560 καὶ

2069 3592 2373 3656 ἁνάπαλιν;
2408 3593 2477 3648 Χ.
2515 3592 2588 3646 Τὸ
2619 3594 2750 3647 αὐτὸ
2783 3596 2980 3664 νόημα,
3013 3594 3093 3651 ὅτι
3140 3598 3316 3667 σάρκα
3341 3597 3402 3650 τὸ
3430 3592 3652 3650 ἀδιάλυ-

2066 3702 2155 3739 τον
2188 3684 2288 3754 τῆς
2324 3686 2524 3755 σαρκὸς
2550 3686 2776 3740 ἐκάλεσε
2805 3688 2899 3741 καὶ
2930 3687 2989 3741 τὸ
3029 3688 3295 3761 φθαρτόν·
3328 3690 3456 3762 ἄχρι
3485 3690 3541 3744 δὲ
3571 3691 3649 3764 μὴ

2066 3768 2288 3848 Ῠένηται
2317 3777 2378 3830 τὸ
2409 3775 2674 3850 ἡμέτερον
2707 3780 2867 3851 σῶμα
2888 3776 3088 3847 ἔξωθεν
3119 3782 3284 3834 αὑτοῦ
3313 3799 3373 3835 τε
3397 3786 3488 3837 καὶ
3519 3772 3649 3852 φθοξ

2068 3870 2188 3939 ρᾶς,
2220 3869 2355 3942 σὰρξ
2382 3871 2741 3943 ὀνομάζεται·
2772 3872 2990 3928 ἐπειδὰν
3020 3874 3076 3928 δὲ
3106 3876 3264 3929 τοῦτο
3301 3877 3650 3948 ἀπαλλάττηέ

2067 3978 2176 4025 ται,
2225 3963 2318 4014 καὶ
2362 3961 2462 4043 τὴν
2498 3963 2599 4033 τῆς
2636 3952 2838 4035 σαρκὸς
2886 3966 3258 4038 προσηγορίαν
3305 3967 3644 4045 ἁποτίθετιαυ

2066 4051 2206 4105 ὥστε
2240 4039 2439 4123 ἀληθὲς
2470 4053 2565 4106 καὶ
2591 4054 2673 4120 τὸ,
2702 4048 2880 4127 σάρκα
2905 4059 2999 4111 καί
3027 4052 3165 4128 αἷμα
3199 4057 3476 4128 βασιλείαν
3509 4039 3646 4125 Θεοῦ

2070 4145 2145 4213 μὴ
2180 4143 2531 4215 κληρονομεῖν
2551 4161 2564 4173 ·
2596 4144 2690 4199 καὶ
2719 4138 2799 4212 τδ,
2831 4148 2995 4218 ἀλλην
3036 4148 3134 4219 μὲν
3164 4150 3485 4221 προαίρεσιν
3508 4146 3647 4219 εἶναι

2066 4232 2268 4310 ψυχῆς,
2305 4234 2372 4306 ἢν
2402 4234 2687 4306 ὠνόμασεν
2715 4239 2743 4289 6
2784 4234 3105 4302 ’Ᾱπόστολος
3130 4237 3346 4309 πνεῦμα
3369 4256 3383 4271 ο
3415 4238 3549 4293 ἄλλα
3588 4239 3647 4292 δὲ

2067 4317 2207 4376 εἶναι
2241 4323 2311 4376 τὰ
2340 4323 2647 4395 ζητούμενα
2674 4326 2777 4381 ὑπὸ
2803 4326 2942 4401 [τῆς]
2992 4324 3268 4400 ἡμετέρας
3299 4330 3641 4401 θνητότητος,

2068 4408 2169 4470 ἆπε
2180 4434 2210 4487 ρ
2233 4418 2487 4473 ἐκάλεσεν
2516 4419 2545 4471 6
2585 4416 2907 4483 Ἀπόστολος
2932 4420 3130 4492 σάρκα.
3156 4422 3232 4475 Μ.
3267 4414 3380 4475 Ούκ
3405 4422 3518 4487 ἔστι
3549 4420 3645 4488 τοῦ

2081 4506 2431 4560 Ἀποστὸλου·
2491 4509 2868 4576 Ταλαῖπωρος
2912 4509 3028 4580 ἐγὼ
3074 4508 3406 4585 ἄνθρωπος,
3452 4513 3544 4578 τίς
3573 4529 3648 4579 με

378 4612 463 4659 est
490 4601 753 4671 Ap-vstoli,
787 4612 964 4670 neque
997 4600 1163 4654 alium
1198 4615 1309 4670 pra:
1341 4615 1400 4655 se
1434 4599 1537 4654 fert
1559 4614 1780 4655 sensum
1811 4618 1825 4654 :
1855 4615 1964 4654 non

2071 4598 2311 4664 ῥύσεται
2347 4597 2416 4652 ἐκ
2455 4598 2562 4653 τοῦ
2607 4598 2882 4667 σώματος
2932 4601 3040 4655 τοῦ
3085 4590 3347 4658 θακάτου
3395 4600 3648 4675 τούτους

380 4696 526 4747 enim
556 4703 613 4746 ut
638 4691 905 4745 moriatur
933 4702 1156 4760 corpus,
1186 4688 1281 4745 Sed
1316 4699 1371 4745 u‘t
1399 4691 1649 4760 corporis
1683 4700 1835 4745 mors
1867 4690 1967 4746 de-

2071 4688 2134 4740 Χ.
2171 4687 2277 4741 Τοῦ
2320 4687 2639 4746 Ἀποστόλου
2664 4689 2803 4755 ἐστὶ,
2836 4690 2931 4744 καὶ
2958 4690 3068 4746 τῶν
3096 4691 3276 4746 αὐτῶν
3305 4692 3488 4763 ἔχεται
3524 4711 3650 4765 νοη-

382 4784 626 4839 ειτυοίιιν
648 4784 736 4836 hic
762 4772 1058 4856 Apost‘oius
1082 4783 1214 4836 vult.
1244 4780 1311 4837 M.
1342 4782 1484 4849 Quid
1511 4796 1639 4836 vero
1663 4781 1828 4836 illud:
1873 4780 1968 4834 Vi-

2071 4777 2254 4847 μάτων
2273 4794 2289 4810 ⁸
2319 4778 2378 4831 οὐ
2404 4778 2513 4849 γὰρ
2543 4779 2822 4851 ἀναίρεσιν
2852 4780 2946 4834 τοῦ
2977 4782 3250 4852 σώματος,
3285 4773 3398 4838 ἀλλ’
3424 4785 3647 4856 ἀναίρε-

379 4877 478 4929 dea
505 4874 669 4927 aliam
718 4864 880 4943 legent
925 4854 980 4925 iri
1022 4872 1267 4927 membris
1307 4868 1434 4927 meis
1467 4876 1841 4943 repugnantem
1868 4872 1967 4943 legi

2071 4887 2151 4924 σιν
2181 4869 2413 4923 θανάτου
2444 4868 2537 4922 τοῦ
2568 4871 2823 4940 σώματος
2860 4873 3181 4938 Ἀπόστολος
3217 4874 3453 4943 ἐνταῦθα
3480 4879 3649 4939 ποιεῖ-

380 4968 568 5029 meutis
594 4980 745 5030 mete,
775 4974 822 5018 et
853 4966 1205 5033 captivantem
1238 4966 1318 5019 m‘e
1345 4967 1401 5018 ἰή
1437 4965 1546 5033 lege
1577 4966 1810 5034 peccati,
1850 4978 1967 5036 qua:

2071 4974 2176 5017 ται.
2214 4963 2299 5017 Μ.
2344 4963 2408 5014 Τί
2440 4962 2496 5015 δέ
2518 4980 2530 4992 -
2568 4965 2781 5019 Βλέεὶω
2812 4966 3020 5037 ἕτερον
3046 4968 3236 5037 νόμον
3267 4970 3336 5022 ἐν·
3379 4968 3505 5035 τοῖς
3539 4968 3647 5038 μέ-

377 5069 456 5119 est
484 5060 536 5111 in
564 5057 808 5111 membris
833 5057 961 5109 meis
990 5056 1047 5110 ’ἲ
1072 5055 1175 5111 Ch.
1202 5050 1476 5127 Quoniam
1502 5057 1599 5111 tibi
1631 5057 1807 5127 placet
1827 5059 1969 5113 Scri-

2071 5057 2243 5110 λεονίν
2264 5073 2384 5126 μου
2422 5045 3040 5131 ἀντιστρατευόμενον
3067 5062 3145 5127 τῷ
3173 5061 3334 5133 ia;de
3366 5060 3476 5114 τοῦ
3505 5062 3647 5129 νοός

381 5160 552 5218 plura:
586 5151 897 5205 testimonia
916 5152 1176 5217 scrutari,
1210 5150 1320 5214 die,
1355 5134 1476 5216 oro,
1524 5152 1653 5204 num
1692 5150 1779 5207 hic
1814 5150 1964 5222 Apo-

2071 5161 2198 5214 μου,
2240 5144 2336 5198 καὶ
2377 5134 2885 5214 αἰχμαλωτίζοντά
3011 5146 3092 5215 τῷ
3122 5153 3284 5224 νόμῳ
3314 5148 3422 5218 τῆς
3463 5153 3647 5222 ἀμαρ-

378 5240 553 5295 stolus
588 5242 833 5294 membra
847 5236 1095 5310 corporis
1121 5240 1463 5306 criminatur,
1494 5255 1562 5294 an
1592 5241 1962 5296 membrorum

2071 5238 2212 5301 τίας,
2246 5237 2326 5302 τῷ
2359 5237 2485 5290 ὄντι
2514 5238 2586 5291 ἐν
2614 5224 2736 5317 τοῖξ
2763 5238 2981 5310 βέλεσί
3002 5232 3160 5314 ,ιὶοὺί
3198 5243 3265 5298 x.
3316 5228 3533 5317 Ἐτξὲιδή
3565 5257 3646 5297 σοι

380 5330 593 5400 legem?
618 5330 688 5385 M.
708 5330 905 5402 Legem
937 5332 1139 5401 peccati
1166 5332 1402 5402 appellat
1422 5348 1541 5388 eam
1569 5349 1690 5405 qua:
1715 5334 1768 5397 in
1794 5350 1965 5389 mem-

2071 5330 2214 5399 φίλον
2244 5333 2311 5384 τὰ
2344 5332 2565 5385 τοιαῦτα
2602 5314 2851 5406 Γραφικὰ
2883 5332 3177 5409 ἐξετάζειν,
3202 5334 3321 5390 εἰπέ
3350 5353 3363 5368 ’
3400 5314 3481 5390 Τὰ
3506 5335 3644 5412 μέλη

380 5423 495 5485 bris
524 5426 729 5481 nostris
758 5431 860 5481 est.
896 5418 1011 5480 Hac
1032 5438 1160 5480 vero
1187 5428 1558 5485 membrorum
1602 5429 1717 5498 lege
1748 5430 1960 5499 vitupe-

2071 5420 2161 5476 τοῦ
2205 5422 2453 5494 σώματος
2488 5426 2720 5480 ἐνταῦθα
2749 5430 2776 5481 6
2808 5427 3135 5505 "Antimacho;
3162 5418 3455 5497 διαϐάλλει,
3493 5427 3525 5502 ἢ
3552 5430 3644 5483 τὶν

380 5524 532 5578 rata,
570 5518 882 5572 necessario
927 5517 1091 5573 simul
1134 5534 1195 5573 ea
1240 5512 1460 5590 quoque
1498 5536 1617 5590 qua:
1658 5521 1959 5597 legislsunt

2071 5513 2175 5567 τῶν
2209 5515 2385 5585 μελῶν
2414 5518 2611 5588 νόμον;
2662 5504 2738 5573 Μ.
2786 5504 2966 5590 Νόμόν
2999 5520 3098 5592 μὲν
3124 5523 3293 5594 λέγει,
3324 5518 3419 5582 καὶ
3455 5506 3643 5586 τοῦτον

383 5604 778 5673 vituperantur.
811 5608 912 5663 Ch.
945 5607 1089 5664 Sane
1130 5610 1237 5664 hoc
1265 5598 1520 5667 sermone
1557 5622 1753 5667 cuncta
1788 5610 1959 5664 Mani-

2071 5608 2360 5678 ἁμαρτίας,
2384 5610 2473 5664 τὸν
2503 5610 2632 5664 ὄντα
2663 5613 2720 5665 ἑν
2753 5614 2864 5677 τοῖς
2890 5614 3182 5686 ἡμετέροις
3203 5614 3390 5687 μέλεσι
3410 5633 3421 5644 '
3451 5615 3643 5675 τούτου

377 5695 658 5751 rimorum
695 5698 949 5770 dogmata
988 5711 1271 5758 corruunt.
1318 5703 1388 5759 M.
1419 5702 1705 5770 Quomodo
1735 5705 1787 5758 id
1809 5743 1823 5769 ,
1875 5703 1962 5757 iu-

2071 5704 2120 5757 Βὲ
2142 5704 2523 5779 διαϐληθέντας
2555 5711 2717 5783 νόμου
2746 5712 2897 5778 ὄντος
2931 5713 3039 5769 τῶν
3072 5714 3271 5785 μελῶν,
3308 5714 3365 5789 ἐξ
3397 5714 3643 5795 ἀνάγκης

450 5835 631 5897 Ἰῖρω
691 5853 811 5907 mi,
838 5839 892 5898 9.
970 5842 1193 5913 ’,ϐαίη
1226 5860 1280 5917 v,
1317 5846 1403 5903 l7.
1482 5848 1502 5879 ⁸
1527 5848 1686 5908 Rom.
1724 5862 1819 5911 vn,
1857 5847 1945 5901 ‘24.
2024 5847 2202 5915 “ibid.
2229 5851 2317 5919 22,
