4062 6494
343 5348 351 5359 -
443 5315 610 5390 (apud
663 5317 1000 5390 bequiniuim
1033 5315 1184 5390 iOpp.
1227 5315 1553 5390 Daniasceni
1617 5317 1770 5390 prter.

419 377 524 440 551

1649 355 1653 359 ’
1742 369 1973 429 PAULI
2005 370 2450 430 CHRISTIANI

3585 379 3697 442 552

421 493 681 552 tauquam
713 478 916 534 malum
962 477 1201 540 traduci,
1239 488 1433 529 rursus
1467 471 2011 532 Manicharuminter-

2127 478 2202 530 :6v
2233 477 2472 539 Παλαιᾶς
2497 474 2650 541 Θεὸν,
2673 474 2860 544 ἠρώτα
2877 475 2965 529 τὸν
2989 476 3290 547 Μανιχαῖον
3323 480 3481 534 πάλιν
3507 483 3535 535 6
3557 484 3698 554 Χρι-

421 571 627 643 rogavit
659 569 1007 624 Christianus
1038 587 1049 620 :
1083 567 1293 621 aliusue
1334 573 1418 619 est
1454 562 1666 619 Veteris
1695 563 2012 620 Testamen-

420 666 481 726 ti,
511 671 566 716 et
598 661 738 717 alius
769 659 922 723 Novi,
961 673 1030 712 an
1061 673 1205 713 unus
1239 656 1494 726 idemque
1522 655 1665 710 Deus
1692 654 1717 707 ?
1749 655 1820 710 M.
1854 657 2013 712 Alius

423 759 580 824 plane
609 761 776 823 atque
801 753 964 816 alius,
991 765 1186 819 nempe
1215 763 1355 803 unus
1375 749 1574 812 bonus,
1619 749 1755 802 alter
1794 748 1970 802 malus
1997 766 2011 815 ;

422 856 479 901 et
536 847 625 900 ille
683 844 834 914 prior
871 843 1069 908 bonus,
1130 840 1402 911 posterior
1430 840 1632 894 malus.
1675 839 1775 893 Ch.
1805 839 2013 894 Assen-

425 938 548 991 tiris
610 937 676 992 iis
713 951 835 1006 qua:
863 934 917 987 in
948 933 1099 989 Novo
1135 932 1484 988 Testamento
1513 933 1829 986 scribuntur
1849 931 2015 985 veluti

426 1046 456 1082 a
518 1029 688 1098 probo
745 1029 997 1095 bonoque
1039 1025 1151 1080 Deo
1206 1025 1401 1088 dictis,
1448 1039 1517 1078 an
1560 1023 1702 1076 aliud
1735 1024 1864 1093 quid
1893 1023 2018 1076 ais?

389 1105 394 1110 ’
426 1119 496 1172 Μ.
536 1119 841 1173 Assentior.
867 1117 970 1172 Ch.
1005 1116 1062 1170 Si
1092 1132 1222 1186 ergo
1263 1118 1402 1171 alius
1447 1126 1531 1170 est
1564 1114 1776 1169 Veteris
1821 1115 2015 1170 Testa-

427 1211 592 1264 menti
655 1209 818 1271 Deus,
882 1217 942 1262 ut
997 1217 1052 1261 tu
1101 1224 1312 1273 censes,
1349 1220 1401 1262 et
1427 1209 1568 1261 alius
1602 1207 1758 1270 Νονί,
1801 1206 2016 1277 Moyses

431 1312 609 1355 autem
658 1300 870 1354 Vetcris
931 1297 1265 1354 Testamenti
1333 1308 1524 1353 auctor
1581 1308 1684 1362 cst,
1740 1300 2015 1367 quomodo

423 1394 580 1447 Iesus
643 1393 697 1446 in
742 1391 896 1445 Novo
956 1391 1173 1444 aiebat:
1218 1389 1422 1460 Moyses
1462 1389 1525 1442 de
1555 1406 1635 1442 me
1656 1391 1862 1458 scripsit
1895 1390 1919 1443 ?
1947 1387 2016 1441 Et

425 1486 470 1537 si
501 1485 614 1552 ejus
646 1483 859 1551 scriptis
891 1480 1189 1543 crederetis,
1221 1481 1404 1549 utique
1435 1490 1481 1531 et
1509 1479 1635 1532 meis
1666 1479 1943 1531 crederetis
1963 1479 2014 1533 ⁸.

432 1577 726 1643 Quomodo
789 1577 916 1643 item
971 1571 1174 1626 Paulus
1231 1572 1286 1624 in
1351 1571 1590 1641 Epistola
1639 1571 1706 1624 ad
1740 1567 2018 1626 Romanos

431 1669 656 1738 scripsit
683 1687 694 1720 :
720 1642 984 1731 Quoniam
1013 1680 1149 1717 unus
1189 1673 1267 1717 est
1332 1663 1493 1728 Deus,
1548 1666 1636 1732 qui
1663 1665 2020 1717 circumcisio-

432 1779 548 1815 nem
600 1760 868 1828 justiﬁcat
901 1773 963 1810 ea:
1015 1757 1138 1823 ﬁde,
1180 1763 1228 1808 et
1285 1755 1604 1824 pra’putium
1637 1771 1728 1823 per
1761 1756 1916 1824 ﬁdem
1952 1755 2019 1807 οἳ

433 1853 504 1908 Μ.
550 1852 685 1917 Quis
736 1850 1081 1904 tenebrarum
1130 1856 1344 1902 creator
1381 1856 1482 1900 est.
1525 1845 1665 1900 Ch.?
1705 1845 2018 1902 Secundum

430 1945 774 2006 Manichaeos,
825 1943 968 1996 Deus
1025 1939 1225 1994 bonus.
1284 1937 1354 1992 Μ.
1381 1937 1667 2004 Quomodo
1696 1939 1720 1991 ‘I
1754 1939 1852 1996 Ch.
1886 1940 2021 2006 Quis

430 2037 629 2090 coelum
667 2046 977 2102 terramque
1000 2029 1128 2085 fecit
1151 2031 1174 2083 ?
1195 2044 1376 2085 nonne
1405 2031 1580 2085 bonus
1625 2029 1809 2085 Deus?
1833 2029 1904 2084 M.
1942 2031 2021 2086 Ita

430 2131 536 2181 aio.
591 2126 695 2180 Ch.
754 2123 1015 2178 Tenebrae
1055 2131 1235 2177 autem
1287 2135 1470 2177 nonne
1516 2121 1601 2175 bis
1629 2122 2023 2177 continentur?

432 2220 504 2274 M.
543 2219 640 2274 His
663 2217 907 2288 profecto
964 2216 1332 2271 continentur.
1399 2215 1504 2270 Ch.
1571 2213 1673 2281 Qui
1733 2229 1862 2285 ergo
1911 2214 2023 2268 cir-

431 2311 852 2366 cumscribentia
903 2309 1048 2372 fecit,
1115 2309 1302 2378 quidni
1356 2308 1776 2378 circumscripta
1802 2323 2024 2378 quoque

434 2403 665 2457 fecerit?
726 2401 796 2455 Μ.
860 2403 1000 2454 Sunt
1047 2401 1186 2465 aliae,
1237 2409 1551 2469 praetereas
1583 2415 1707 2470 quae
1739 2408 2020 2469 apparent,

433 2495 667 2550 tenebrat:
695 2503 848 2548 extra
876 2494 1074 2548 coelum
1107 2501 1270 2563 atque
1299 2493 1548 2547 tellurem
1577 2509 1591 2557 ;
1628 2501 1681 2547 et
1728 2493 1812 2548 hae
1853 2492 2024 2547 inter-

426 2586 610 2655 jacent
665 2586 791 2638 illis.
849 2585 951 2639 Cb.
1007 2584 1159 2639 Unde
1216 2583 1374 2637 nobis
1419 2583 1718 2653 disputatio
1751 2592 2022 2638 commota

432 2677 556 2742 fuit,
623 2691 751 2729 num
818 2675 886 2728 de
941 2674 1010 2728 iis
1046 2689 1168 2742 quae
1201 2673 1364 2742 vulgo
1393 2675 1606 2727 cunctis
1638 2683 1920 2744 apparent,
1953 2690 2023 2730 an

431 2770 502 2823 de
526 2766 862 2822 ll-lanichaica
907 2765 1240 2837 bypothesi?
1274 2763 1346 2818 M.
1396 2764 1619 2820 Scilicet
1674 2781 1741 2820 ex
1798 2767 2024 2822 notione

432 2861 736 2917 communi.
792 2859 896 2914 Ch.
930 2859 1044 2929 Age
1072 2873 1200 2913 vero
1231 2875 1361 2912 num
1399 2857 1709 2913 communis
1749 2859 1901 2913 notio
1926 2874 2024 2913 ex-

432 2964 520 3008 tra
587 2952 786 3007 caelum
823 2959 989 3020 atque
1007 2949 1254 3004 tellurem
1305 2948 1556 3002 tenebras
1584 2948 1719 3002 alias
1754 2949 2023 3017 agnoscit,

435 3043 595 3113 cujus
649 3057 772 3111 pars
825 3040 936 3094 sint
995 3040 1116 3094 ista:
1146 3039 1285 3108 apud
1323 3054 1422 3093 nos
1444 3047 1790 3108 apparentes,
1817 3053 1888 3092 an
1923 3039 2026 3092 hoc

433 3225 713 3281 communi
774 3224 898 3279 usui
943 3235 997 3278 et
1036 3231 1189 3277 recto
1222 3222 1513 3276 ratiocinio
1551 3233 1879 3292 congruunt,
1907 3238 2030 3293 qua:

433 3319 596 3388 digna
627 3323 783 3369 erant
811 3325 865 3368 et
898 3315 1035 3367 tradi
1061 3324 1114 3367 et
1139 3311 1310 3367 refelli
1347 3313 1546 3368 divinae
1601 3315 1897 3384 Scriptum
1951 3327 2028 3371 te-

434 3409 716 3470 stimonia,
779 3422 1008 3475 qumque
1034 3405 1388 3474 dogmatibus
1424 3405 1629 3461 nostris
1665 3405 1847 3462 favere
1876 3408 2028 3464 vide-

435 3502 657 3564 bantur,
692 3507 947 3551 accurate
969 3497 1269 3566 exquisivi,
1310 3495 1471 3550 didici
1537 3508 1702 3566 atque
1758 3498 2023 3554 intellexi:

436 3601 672 3650 attamen
709 3606 738 3644 a
786 3591 949 3658 longo
1006 3589 1294 3657 priscoque
1351 3587 1665 3657 przejudicio
1695 3598 1862 3658 atque
1910 3592 2028 3660 opi-

433 3678 603 3736 nione
627 3681 892 3734 absistere
919 3695 1148 3749 nequeo.
1175 3680 1273 3733 Ch.
1305 3679 1483 3732 Meum
1520 3689 1637 3734 erat
1665 3680 1906 3735 cilicium
1931 3697 2026 3737 ve-

437 3775 656 3828 ritatem
727 3772 1105 3834 comprobare,
1175 3772 1628 3842 mendaciumque
1682 3789 2024 3843 coarguere:

440 3865 586 3919 haud
627 3874 808 3918 tamen
841 3877 976 3916 meae
1002 3862 1286 3932 potestatis
1315 3872 1399 3917 est
1439 3863 1722 3916 hominum
1775 3865 2028 3919 volunta-

438 3966 547 4011 tem
601 3955 1009 4019 determinare;
1077 3953 1250 4008 libero
1304 3955 1448 4009 enim
1495 3953 1720 4008 arbitrio
1749 3953 1915 4010 homo
1941 3965 2027 4012 est

441 4048 761 4104 instructus.

543 4227 823 4286 PHOTlNl
858 4225 1218 4282 MANICHASI
1253 4224 1682 4291 PROPOSITIO,
1710 4226 1921 4283 PAULI

889 4297 1136 4352 PEHSAE
1171 4296 1571 4352 RESPONSIO.

2118 565 2329 628 στιανός
2348 581 2362 594 ·
2401 563 2625 635 Ἐτερός
2653 563 2800 616 ἐστιν
2827 566 2854 616 6
2882 565 2980 635 τῆς
3004 567 3247 631 Παλαιᾶς
3276 571 3573 643 Διαθήκης,
3602 575 3700 626 καὶ

2113 655 2298 727 ἔτερος
2344 658 2373 707 ό
2415 655 2511 724 τῆς
2541 656 2706 718 Νέας,
2736 655 2768 724 ἢ
2803 650 2886 719 εἷς
2930 657 3022 709 καὶ
3050 660 3078 710 6
3109 659 3303 727 αὐτός;
3354 663 3432 715 Μ.
3471 662 3702 735 Ἕτερος

2115 746 2210 799 καὶ
2240 747 2424 816 ἕτερος
2443 761 2458 777 ·
2495 749 2523 799 ὁ
2551 747 2651 817 μὲν
2673 747 2780 816 γὰρ
2815 747 2999 814 καλὸς,
3030 750 3058 801 6
3089 750 3146 802 δὲ
3180 752 3347 815 κακός
3370 771 3384 784 ·
3418 754 3514 806 καῖ¹
3543 757 3572 808 6
3599 755 3700 824 μὲν

2115 837 2340 906 ἀγαθὸς,
2366 841 2394 891 6
2424 839 2479 891 δὲ
2517 841 2771 910 πονηρός.
2804 841 2872 894 Χ.
2910 841 3249 908 ’Δκολουθεῖς
3271 848 3382 910 τοῖς
3411 848 3469 898 ἐν
3492 850 3560 918 τῇ
3581 847 3697 920 Νέᾳ.

2116 929 2360 1003 Διαθήκῃ
2389 933 2818 1002 γεγραμμένοις,
2847 931 2924 996 ὡς
2948 933 3012 986 ὲκ
3042 935 3137 987 τοῦ
3172 937 3336 990 καλοῦ
3370 939 3465 992 καὶ
3489 939 3688 1007 ἀγαθοῦ

2115 1021 2251 1074 Θεοῦ
2300 1022 2631 1092 λεγομένοις,
2685 1023 2718 1093 ἢ
2766 1021 2940 1087 ἄλλως
2989 1041 3108 1088 πως
3151 1027 3356 1095 λέγεις;
3403 1031 3480 1084 Μ.
3539 1031 3692 1084 Ἀκο-

2116 1111 2312 1167 λουθῶ.
2341 1114 2410 1167 Χ,
2443 1114 2506 1166 Ei
2531 1109 2622 1166 οὖν
2643 1113 2829 1184 ἔτερος
2857 1115 2990 1179 Θεὸς
3015 1117 3044 1168 6
3077 1119 3178 1188 τῆς
3210 1121 3453 1184 Παλαιᾶς
3499 1121 3698 1194 Διαθή.

2116 1221 2241 1273 κης,
2289 1203 2430 1257 κατὰ
2458 1205 2538 1268 σὲ,
2574 1205 2667 1258 καὶ¹
2709 1205 2896 1276 ἕτερος
2936 1208 2964 1258 6
2987 1211 3088 1276 τῆς
3118 1209 3284 1276 Νέας,
3318 1214 3347 1264 6
3368 1212 3426 1265 δὲ
3459 1214 3702 1285 Μωῦσῆς

2116 1295 2215 1365 τῆς
2245 1295 2485 1360 Παλαιᾶς
2513 1298 2788 1369 Διαθήκης
2822 1299 2939 1352 ἐστὶ
2975 1304 3346 1371 συγγραφεὺς,
3380 1305 3496 1368 πῶς
3526 1313 3555 1358 6
3599 1316 3704 1377 ἰη-

2121 1384 2246 1449 σοῦς
2297 1389 2353 1439 ἐν
2403 1388 2519 1458 Νέᾳ
2568 1389 2812 1461 Διαθήκῃ
2869 1390 3094 1459 ἔλεγενο
3129 1393 3190 1445 '0
3239 1395 3510 1465 Μωῦσῆς
3567 1397 3702 1466 περὶ

2116 1477 2265 1546 ἐμοῦ
2305 1478 2586 1548 Emam-:3»,
2627 1483 2723 1534 καὶ
2757 1483 2866 1535 ἐὰν
2889 1484 3017 1551 ταῖς
3045 1486 3298 1555 magnai}
3320 1487 3559 1544 ἐκείνου
3606 1507 3703 1544 πι-

2119 1570 2392 1638 στεύητε,
2447 1573 2545 1624 καὶ
2591 1572 2717 1638 τοῖς
2744 1577 2952 1644 λόγοις
2985 1594 3107 1644 μου
3148 1579 3546 1634 ἐπιστεύσατε
3587 1582 3702 1647 ar;

2119 1661 2248 1724 Πῶς
2294 1661 2351 1713 δὲ
2411 1664 2502 1716 καὶ
2555 1665 2584 1716 6
2629 1663 2838 1728 Παῦλος
2913 1667 2972 1718 ἐν
3053 1671 3120 1737 τῇ
3195 1669 3330 1739 πρὸς
3399 1671 3705 1740 Ῥωμαίους

2133 1752 2420 1824 Ἐπιστολῇ
2504 1754 2813 1824 γέγραφεν·
2905 1758 3172 1829 Ἐπείπερ
3216 1755 3303 1827 εἷς
3351 1764 3385 1815 ό
3436 1765 3602 1828 Θεὸς.
3669 1766 3706 1817 ὁ

2123 1843 2368 1897 δικαιῶν
2433 1847 2760 1916 περιτομὴν
2797 1849 2867 1902 ἐκ
2929 1850 3187 1916 πίστεως
3213 1891 3228 1918 ,
3288 1853 3386 1906 καὶ
3451 1856 3707 1924 ἀκροϐυ-

2123 1936 2304 1989 στίαν
2339 1937 2449 2006 ,διὰ
2495 1939 2756 2004 πίστεως
2772 1956 2792 2003 ;
2839 1942 2916 1997 Μ.
2966 1943 3061 2007 Τίς
3109 1945 3257 1998 ἐστιν
3290 1946 3433 1999 ότοῦ
3481 1949 3706 2012 σκότους

2125 2027 2388 2097 ποιητής;
2424 2028 2490 2080 Χ.
2525 2028 2682 2082 Κατὰ
2709 2032 2834 2095 τοὺς
2878 2033 3212 2104 Μανιχαίους
3252 2038 3281 2090 ὁ
3313 2035 3514 2105 ἀγαθὸς
3549 2037 3704 2101 Θεός.

2125 2117 2200 2169 Μ.
2249 2118 2408 2182 Πῶς,
2445 2119 2513 2171 Χ.
2550 2119 2645 2182 Τίς
2674 2121 2764 2173 τὸν
2825 2123 3052 2193 οὐρανὸν
3111 2126 3205 2178 καὶ
3232 2127 3329 2198 τὴν
3378 2128 3481 2198 γῆν
3513 2127 3706 2199 ἐποίη-

2127 2223 2250 2272 σεν;
2295 2209 2414 2278 οὐχὶ
2454 2211 2482 2261 6
2528 2210 2732 2277 ἀγαθὸς
2760 2212 2927 2280 Θεός;
2962 2216 3037 2270 Μ.
3091 2216 3276 2282 Οὕτως
3335 2218 3497 2287 λέγω.
3529 2221 3597 2273 Χ.
3632 2219 3710 2272 Τδ

2124 2296 2181 2348 δὲ
2214 2296 2404 2359 σκότος
2455 2297 2556 2350 οὐκ
2613 2301 2671 2351 ἐν
2721 2300 2932 2366 τούτοις
2983 2305 3560 2377 περιγέγραπταιςΜ.
3615 2307 3709 2362 Ἐν

2126 2387 2335 2451 τούτοις
2403 2390 2866 2462 περιγέγραπται.
2907 2393 2972 2447 Χ.
3047 2398 3106 2449 Ὁ
3149 2395 3245 2451 οὖν
3295 2399 3365 2453 τὰ
3440 2402 3710 2472 περιγρά-

2127 2496 2295 2546 φοντα
2327 2482 2665 2552 πεποιηκὼς,
2734 2485 2849 2549 πῶς
2878 2489 2938 2539 ού
2984 2490 3075 2541 καὶ
3131 2490 3192 2544 τὸ
3233 2493 3710 2564 περιγραφόμενον

2127 2569 2417 2642 ὲποίησεν;
2469 2576 2547 2628 Μ.
2602 2575 2789 2628 Ἔστιν
2836 2575 3022 2647 ἕτερον
3074 2580 3262 2643 σκότος
3301 2585 3453 2652 παρὰ
3497 2583 3559 2634 τὸ
3579 2598 3709 2650 φαι-

2127 2664 2389 2734 νόμενον,
2465 2665 2571 2730 ἔξω
2619 2666 2714 2719 τοῦ
2764 2669 2995 2739 ούρανοῦ
3039 2672 3133 2724 καὶ
3190 2673 3289 2740 τῆς
3333 2673 3437 2747 γῆς
3473 2675 3574 2740 ’δν-
3615 2677 3712 2727 καὶ

2125 2754 2287 2807 τοῦτο
2319 2755 2483 2826 μέσον
2529 2756 2681 2808 ἐστὶν
2715 2759 2944 2812 ἐκείνου.
2978 2761 3046 2814 Χ.
3082 2763 3252 2816 Πόθεν
3285 2765 3419 2834 ημῖν
3463 2766 3495 2835 ή
3533 2764 3712 2819 διάλε-

2128 2864 2254 2910 κτος
2288 2847 2570 2918 κεκίνητο;
2607 2851 2674 2902 ἐκ
2701 2850 2808 2904 τῶν
2857 2853 3052 2916 κοινῶς
3099 2855 3235 2907 πᾶσι
3268 2857 3628 2927 φαινομένων,
3665 2857 3702 2928 ἦ

2127 2942 2194 2992 ὲκ
2224 2939 2323 3010 τῆς
2361 2942 2712 3012 Μανιχαῖκῆς
2746 2944 3100 3016 ὑπολήψεως
3137 2949 3212 3000 Μ.
3251 2949 3360 3019 Τῆς
3402 2949 3589 3020 κοινῆς
3619 2950 3711 3002 ὲν-

2127 3031 2272 3094 νοίας
2303 3032 2566 3102 δηλονότι.
2619 3035 2688 3087 Χ.
2746 3035 3068 3091 Ἐπίσταται
3114 3035 3208 3092 οὖν
3255 3042 3289 3112 ή
3338 3041 3491 3112 κοινὴ
3531 3041 3713 3095 ἔννοια

338 3176 345 3184 .
433 3134 829 3189 Manichaicum
898 3132 1080 3202 potius
1139 3138 1512 3185 commentum
1570 3129 1700 3185 est?
1763 3129 1834 3182 Μ.
1895 3130 2022 3196 Qum

2130 3123 2330 3189 ἔξωθεν
2361 3125 2457 3178 τοῦ
2486 3126 2718 3198 ούρανοῦ
2765 3129 2860 3182 καὶ
2888 3128 2990 3200 τῆς
3035 3131 3140 3201 γῆς
3190 3134 3380 3196 σκότος
3410 3134 3614 3205 ἕτερον,
3646 3126 3711 3187 οὗ

2133 3218 2298 3288 μέρος
2329 3218 2448 3270 ἐστὶ
2477 3218 2537 3271 τὸ
2583 3220 2713 3289 παρ’
2749 3221 2880 3292 ἡμῖν
2928 3225 3271 3294 φαινόμενον,
3317 3225 3350 3296 ἢ
3390 3226 3490 3296 τῆς
3531 3229 3710 3281 Μανι-

2131 3313 2326 3382 χεῖκῆς
2370 3312 2528 3383 δόξης
2572 3313 2733 3366 τοῦτο
2774 3315 2994 3384 Exstat;
3041 3317 3116 3369 M.
3159 3318 3238 3370 Τὰ
3289 3318 3388 3387 μὲν
3435 3322 3503 3390 τῇ
3554 3321 3708 3390 κοινῇ

2133 3405 2392 3476 συνηθείᾳ
2437 3408 2530 3460 καὶ
2572 3407 2651 3476 τῷ
2693 3408 2840 3478 ὀρθῷ
2888 3409 3131 3481 λογισμῷ
3164 3411 3464 3480 πρέποντα,
3503 3412 3597 3465 καὶ
3640 3413 3714 3465 τὰ

2130 3499 2256 3565 ἄξια
2286 3498 2503 3569 διδαχῆς
2526 3517 2587 3552 τε
2615 3502 2709 3554 καὶ
2732 3501 3032 3566 ἐπιλύσεως
3060 3504 3167 3557 τῶν
3193 3507 3251 3557 ὲν
3277 3508 3343 3575 τῇ
3376 3506 3496 3575 θεία
3517 3507 3708 3577 Γραφῇ

2130 3609 2213 3644 κει
2223 3591 2418 3662 μένων,
2442 3591 2703 3646 δοκοῦντα
2731 3594 2786 3648 δὲ
2808 3595 2947 3665 ὑπὲρ
2967 3595 3074 3648 τῶν
3096 3597 3378 3666 ἡμετέρων
3401 3597 3707 3668 δογμάτων,

2131 3685 2382 3755 ἀκριϐῶς
2432 3685 2694 3757 ἐζήτησα,
2730 3687 2824 3740 καὶ
2867 3687 3182 3758 μεμάθηκα,
3213 3689 3307 3741 καὶ
3356 3690 3706 3760 παρείληφα⁹

2129 3777 2460 3844 ἀφίστασθαι
2482 3777 2538 3830 δὲ
2560 3781 2658 3848 τῆς
2682 3781 2895 3850 μακρᾶς
2917 3797 2977 3833 τε
3000 3781 3095 3833 καὶ
3127 3781 3365 3846 παλαιᾶς
3387 3782 3712 3855 προλήψεὼς

2129 3887 2189 3922 τε
2238 3870 2333 3923 και⁵
2380 3871 2608 3941 οἰήσεως
2639 3873 2700 3923 ού
2749 3870 3006 3942 δύναμαι.
3055 3875 3123 3928 Χ.
3170 3875 3331 3944 Ἐμὸν
3381 3876 3480 3946 μὲν
3503 3872 3570 3947 ἦν
3611 3877 3711 3947 τὴν

2127 3962 2384 4033 ἀλήθειαν
2413 3962 2868 4029 κατασκευάζειν,
2894 3966 2989 4018 καὶ
3011 3965 3072 4022 τὸ
3091 3965 3286 4036 ψεῦδος
3307 3967 3548 4039 ἐλέγχειν
3569 3987 3585 4002 ·
3610 3971 3714 4024 οὐκ

2128 4051 2262 4123 ὲμδν
2295 4052 2352 4105 δὲ
2381 4053 2603 4123 τὴντῶν
2629 4052 2937 4124 ἀνθρώπων
2960 4057 3281 4126 προαίρεσιν
3310 4061 3711 4114 συνανασκευά-

2129 4147 2272 4210 ζειν·
2311 4148 2634 4219 αὐθαίρετος
2663 4149 2771 4218 γὰρ
2799 4151 2828 4202 6
2857 4149 3143 4221 ἄνθρωπός
3171 4153 3342 4207 ἐστιν.

2127 4262 2471 4316 ΦΩΤΕΙΝΟΥ
2522 4264 2914 4319 ΜΑΝΙΧΑΙΟΥ
2965 4267 3306 4321 ΠΡΟΤΑΣῙΣ
3359 4271 3479 4324 ΚΑΙ
3528 4273 3714 4327 HAT-

2342 4336 2481 4387 ΛΟΥ
2520 4335 2658 4387 ΤΟΥ
2698 4336 2967 4390 ιῖΕΡΣΟΥ
3007 4340 3352 4394 ΑΠΟΛΟΓΙΑ

512 4438 570 4492 Si
603 4438 879 4493 contraria
908 4437 1052 4491 haud
1093 4438 1211 4507 ipsa
1240 4436 1344 4491 sibi
1391 4436 1591 4507 opponi
1614 4437 1893 4504 dicuntur,
1923 4452 2021 4492 ne-

2199 4444 2264 4498 Εἰ
2299 4447 2368 4500 τὰ
2402 4446 2619 4500 ἐναντία
2663 4447 2821 4513 αὐτὰ,
2889 4450 3102 4514 ἑαυτοῖς
3151 4452 3275 4505 οὐδέ
3321 4471 3454 4507 ποτε
3497 4454 3713 4525 λέγεται

441 4546 597 4586 cesse
631 4540 716 4585 est
751 4530 983 4584 invicem
1019 4529 1140 4583 aliis
1169 4529 1408 4599 opponi;
1457 4529 1623 4583 veluti
1653 4545 1839 4599 supra,
1875 4530 2020 4584 haud

441 4610 644 4680 dicitur
671 4624 773 4678 sibi
805 4621 1119 4692 oppositum
1173 4623 1266 4677 sed
1317 4623 1397 4693 τῷ
1429 4624 1634 4678 subter.
1672 4622 1803 4677 Item
1853 4622 2027 4678 conli-

441 4716 623 4771 dentia
660 4730 772 4770 non
804 4715 1007 4771 dicitur
1043 4716 1148 4770 sibi
1187 4715 1302 4785 ipsa
1333 4716 1556 4785 opponi,
1589 4715 1685 4770 sed
1727 4714 2028 4771 formidini.

442 4810 662 4879 Alioqui
684 4809 809 4862 item
842 4807 1024 4878 qualia
1057 4815 1186 4862 sunt
1215 4807 1449 4876 objecta,
1483 4807 1612 4862 talia
1657 4822 1797 4878 opus
1819 4819 1903 4863 est
1943 4808 2032 4863 illa

440 4917 663 4971 quoque
684 4915 824 4967 esse,
854 4916 978 4970 quae
1000 4901 1086 4954 his
1115 4916 1146 4954 e
1172 4901 1396 4970 regione
1439 4908 1812 4970 opponuntur.
1849 4899 2028 4956 Veluti

442 4997 487 5048 si
516 4993 662 5065 quod
691 4995 946 5064 superius
964 4993 1272 5049 substantia
1307 4994 1400 5060 sit,
1441 5009 1668 5049 necesse
1693 5003 1779 5049 est
1802 4995 2028 5050 omnino

511 5133 533 5164 ⁸
562 5131 721 5186 Joan.
756 5147 811 5197 ν,
844 5130 932 5185 16.
1009 5133 1030 5163 ⁸
1062 5130 1222 5185 Rom.
1258 5146 1339 5196 ιιι,
1367 5130 1455 5185 30.

513 5247 588 5319 (9.)
627 5245 738 5301 Leo
780 5246 1011 5302 Allatius
1056 5247 1107 5300 in
1159 5247 1408 5318 catalogo
1437 5245 1646 5314 aliquot
1706 5247 2035 5302 ineditorum

513 5319 610 5368 nud
663 5317 989 5368 Lcauinium
1047 5315 1184 5368 Onn.
1230 5317 1553 5368 Damasceni
1617 5317 1770 5368 nraal‘.
1813 5332 1869 5368 ι).
1912 5318 2035 5368 ult.)

1856 5358 1869 5369 .
1912 5326 2010 5370 ult.

443 5319 610 5390 (apud
663 5318 989 5386 chuinium
1047 5318 1184 5386 Opp.
1230 5318 1553 5370 Damasceni
1617 5318 1770 5388 praal‘.
1813 5332 1869 5386 p.
1912 5318 2036 5388 ult.)

442 5388 636 5458 ponit:
675 5389 947 5441 Φωτεινοῦ
994 5387 1306 5458 Μανιχαίου
1357 5386 1644 5458 πρότασις.
1690 5387 2038 5458 ’Λντίρρησις

438 5455 714 5530 Ζαχαρίου
759 5458 1088 5530 γὲπισκότιου
1139 5455 1484 5530 Μιτυλήνης.
1536 5455 1806 5530 Initium:
1843 5455 2037 5530 τὰ

436 5526 682 5590 ἐναντία,
712 5529 852 5581 αὐτὰ
889 5529 1072 5590 αὐτοῖς
1098 5528 1160 5580 οὐ
1205 5527 1424 5594 λέγεται
1456 5527 1702 5582 ἐναντία.
1759 5537 1868 5581 etc.
1900 5526 2036 5591 Quis

443 5616 549 5655 non
584 5599 730 5653 videt
763 5599 867 5652 hoc
925 5599 1102 5668 ipsum
1133 5611 1254 5651 esse
1289 5597 1638 5668 opusculum,
1673 5597 1817 5668 quod
1841 5611 1883 5668 7a
1926 5612 2025 5668 no-

443 5671 528 5723 bis
558 5684 705 5722 nunc
732 5665 1280 5736 editur,’quanquam
1312 5668 1574 5736 inpostro
1602 5667 1760 5736 titulo
1789 5665 2026 5719 Photino

445 5737 735 5804 respondet
759 5737 960 5792 Paulus
989 5734 1177 5802 Persa,
1207 5751 1317 5791 non
1374 5734 1667 5790 Zacharias
1699 5735 2026 5804 Mitylenen-

442 5809 542 5864 sis.
573 5805 730 5874 Apud
761 5805 1042 5862 Canisium
1089 5807 1269 5875 Antiq.
1296 5806 1413 5861 lect.
1473 5805 1559 5861 ed.
1623 5804 1856 5877 Basnag.
1894 5814 1931 5859 ι.
1983 5807 2021 5871 l,

2129 4537 2482 4602 ἀντικεῖσθαι,
2523 4539 2659 4610 πρὸς
2687 4540 2893 4609 ἄλληλα
2935 4541 2992 4594 δὲ
3036 4543 3252 4615 ἀνάγκη
3287 4547 3429 4600 αὐτὰ
3474 4548 3714 4602 ἀντικεῖ-

2129 4628 2287 4683 σθαι·
2320 4625 2431 4683 οἵον
2465 4630 2525 4684 τὸ
2560 4632 2672 4685 ἄνω
2702 4631 2764 4684 ού
2818 4633 3038 4700 λέγεται
3090 4637 3227 4708 πρὸς
3273 4639 3436 4692 ἑαυτὸ
3478 4641 3714 4695 ἀντικεῖ-

2131 4722 2276 4786 σθαι,
2304 4721 2442 4776 ἁλλὰ
2475 4723 2612 4794 πρὸς
2639 4724 2702 4776 τὸ
2733 4725 2883 4779 κάτω
2902 4743 2916 4756 ο
2953 4727 3048 4781 καὶ
3078 4731 3110 4800 ή
3142 4731 3367 4803 ἀνδρεία
3401 4733 3463 4786 ού
3497 4733 3716 4804 λέγεται

2133 4812 2273 4883 πρὸς
2323 4812 2522 4884 ἑαυτὴν
2568 4815 2929 4883 ἀντικεῖσθαι,
2982 4818 3119 4871 ἀλλὰ
3147 4821 3285 4891 πρὸς
3335 4823 3436 4893 τὴν
3474 4823 3712 4878 δειλίαν·

2135 4903 2309 4967 ἄλλως
2335 4921 2395 4957 τε
2435 4904 2490 4956 δὲ
2525 4905 2619 4958 καὶ
2651 4899 2762 4958 οἷον
2789 4906 2855 4961 ἂν
2887 4905 2955 4980 ἦν
2987 4913 3056 4964 τὰ
3087 4912 3458 4984 ἀντικείμενα,
3491 4916 3717 4972 τοιαῦτα

2137 4993 2350 5063 ἀνάγκη
2379 4989 2520 5047 εἶναι
2549 4996 2645 5048 καὶ
2667 4997 2735 5050 τὰ
2759 4999 2972 5064 τούτοις
2995 5002 3541 5076 ἀντιδιαστελλόμενα
3560 5023 3574 5038 ο
3605 5002 3716 5062 οἷον

2139 5265 2198 5373 ρ.
2220 5249 2348 5315 428,
2369 5249 2565 5331 legitur
2579 5250 2769 5334 Latine
2788 5264 3223 5340 tantum,et,una
3238 5260 3433 5330 pagina
3462 5277 3715 5334 compre-

2178 5336 2334 5373 ensa.
2360 5322 2824 5373 disnutatmnoula
2884 5326 3159 5373 Zanhanm
3203 5331 3570 5373 Μεινιρηρηςια
3626 5336 3715 5373 ωι-

2178 5336 2334 5383 ensa,
2358 5322 2824 5402 disputatiuncula
2884 5326 3160 5402 zachariae
3198 5322 3718 5402 lifitflenensis'ad-

2141 5403 2335 5445 versus
2354 5390 2711 5447 Maniclitcum
2753 5397 3040 5464 quemdam
3069 5399 3170 5452 sub
3190 5390 3523 5458 Iustiniano.
3555 5390 3716 5460 Tem-

2140 5475 2252 5546 pus'
2279 5471 2424 5515 certe
2444 5467 2774 5546 composui
2801 5465 3014 5546 Rhotiui
3042 5478 3199 5525 aetate
3220 5474 3492 5541 congruit,
3517 5475 3585 5546 de
3608 5491 3716 5546 qua

2143 5531 2507 5613 dixinmsmin.
2546 5531 2772 5613 Mom’to.
2807 5535 3191 5613 Verumtamen
3236 5531 3376 5613 qui
3427 5531 3570 5613 apud
3617 5531 3715 5600 Ca—

2135 5601 2336 5685 nisium
2369 5601 2427 5654 lit
2457 5603 2772 5685 disputatio,
2812 5607 2878 5662 de
2928 5608 3184 5685 Turrian'i
3235 5601 3712 5670 L'atinis'schedis

2136 5681 2373 5740 sumpta,
2407 5675 2626 5754 nonnisi
2679 5677 2838 5732 breve
2865 5680 3140 5747 quoddam
3182 5693 3499 5754 excerptum
3524 5695 3629 5754 est,
3658 5694 3713 5742 et

2137 5757 2261 5796 cum
2295 5744 2561 5812 Opusculo
2587 5755 2776 5801 nostro
2805 5744 2911 5802 non
2944 5752 3235 5806 consentit.
