4062 6476
261 386 373 450 553

1153 384 1610 448 DISPU'I‘ATIO
1627 382 1794 444 CUM
1820 379 2162 441 ΡΗΟΤΙΝΟ
2221 379 2658 441 ΜΑΝΙΕΗᾸΞΟ.

3439 381 3547 449 δι’ιά

245 502 310 554 ἐἰ
345 502 411 558 τὸ
435 501 552 558 ἀνω
589 503 751 558 ούσία
780 503 952 569 ἐστὶν,
997 506 1212 577 ἀνάγκη
1243 506 1458 570 πάντως
1488 506 1583 560 καὶ
1609 504 1670 558 τὸ
1699 502 1850 556 κάτω

1968 508 2008 553 et
2039 499 2185 569 quod
2218 507 2302 556 est
2342 499 2574 555 interius
2627 512 2751 554 esse
2798 496 3187 553 substantiam.
3225 493 3472 566 Itemque
3502 501 3547 553 si

249 595 450 650 οὐσίαν
479 589 620 648 εἶναι
641 613 654 626 ·
691 597 786 650 καὶ⁸
813 596 982 651 πάλιν
1004 597 1054 651 εἰ
1086 597 1439 668 συμϐεϐηκός
1471 599 1588 650 ἐστι
1619 596 1681 650 τὸ
1721 597 1854 657 ἀνω,

247 686 480 757 ἀνάγκη
510 687 606 740 καὶ
639 687 700 740 τὸ
729 687 885 742 κάτω
937 687 1287 760 συμὸεὸηκὸς
1320 684 1481 744 εἶναι.
1517 687 1643 752 Πῶς
1667 683 1780 752 οὖν,
1809 688 1856 739 εἰ

246 781 311 832 τὸ
341 779 555 848 ἀγαθὸν
577 779 715 850 πρὸς
740 779 804 832 τὸ
832 780 1070 851 πονηρὸν
1099 780 1426 847 ἀντίκειται,
1459 780 1555 834 καὶ
1597 780 1658 832 τὸ
1691 795 1857 850 πονη-

245 874 349 943 ρὸν
401 872 542 944 πρὸς
572 873 635 925 τὸ
679 871 911 941 ἀγαθὸν,
953 873 1047 925 καὶ
1096 873 1160 926 τὸ
1195 872 1360 926 καλὸν
1393 871 1531 942 πρὸς
1564 871 1627 924 τὸ
1661 870 1852 934 κακὸν,

245 967 348 1018 καὶ⁷
367 965 434 1018 τὸ
461 965 636 1018 κακὸν
660 965 798 1036 πρὸς
827 964 888 1018 τὸ
911 963 1098 1030 καλὸν,
1125 965 1225 1018 οὐκ
1248 965 1462 1034 ἀνάγκη
1485 963 1579 1018 καὶ
1599 961 1696 1016 τοῦ
1719 963 1857 1030 ἀγα-

245 1056 344 1110 θοῦ
378 1057 562 1122 ὄντος,
586 1056 683 1109 καὶ
709 1055 772 1108 τὸ
803 1055 1038 1126 πονηρὸν
1067 1050 1228 1121 εἶναι,
1257 1057 1351 1108 καὶ
1378 1053 1470 1108 τοῦ
1491 1052 1659 1107 καλοῦ
1681 1053 1855 1116 ὄντος,

243 1151 342 1204 καὶ
371 1149 435 1203 τὸ
464 1149 640 1202 κακὸν
669 1143 812 1202 εἶναι
833 1166 847 1214 ;
869 1147 965 1201 καὶ
983 1147 1145 1202 πάλιν
1173 1149 1222 1200 εἰ
1245 1147 1406 1201 οὐσία
1431 1145 1550 1199 ἐστὶ
1573 1145 1636 1199 τὸ
1649 1144 1858 1214 ἀγαθὸν

243 1244 278 1314 ἢ
302 1242 506 1305 καλὸν,
524 1241 692 1295 καὶτὸ
711 1240 944 1312 πονηρὸν
961 1241 1135 1294 καὶτὸ
1155 1241 1326 1295 κακὸν
1342 1239 1530 1294 οὐσίαν
1551 1235 1724 1303 εἷναις
1764 1237 1859 1292 καὶ

241 1337 291 1388 ei
341 1332 704 1404 πμὸεὸηκὺς
751 1331 959 1386 τούτων
989 1330 1217 1403 Θάτερόν
1247 1333 1386 1398 ἐστι,
1433 1331 1528 1384 καὶ
1567 1329 1630 1383 τὺ
1670 1329 1858 1399 ἕτερον

243 1425 610 1495 συμϐεϐηκὸς
640 1419 820 1490 sim;
853 1424 917 1475 Et
958 1425 1068 1492 γάρ
1091 1422 1207 1475 ἔστι
1241 1423 1342 1493 μὲν
1386 1422 1449 1475 τὸ
1495 1420 1700 1490 ἀγαθὸν
1736 1421 1770 1490 ἢ
1797 1419 1859 1472 τὸ

241 1519 438 1580 καλὸν,
478 1517 541 1570 τὸ
571 1517 630 1570 δὲ
660 1515 898 1588 πονηρὸν
941 1516 1042 1568 οὐκ
1070 1514 1222 1569 ἔσται
1253 1516 1284 1587 ἢ
1329 1515 1390 1568 τὸ
1415 1514 1607 1578 κακὸν,
1642 1513 1779 1582 πρὸς
1805 1510 1858 1562 τί

240 1611 481 1665 δύναται
520 1608 866 1663 ἀντικεῖσθαι
912 1609 973 1662 τὸ
1022 1607 1228 1676 ἀγαθὸν
1255 1607 1290 1676 ἢ
1324 1607 1385 1660 τὸ
1413 1606 1600 1671 καλὸν,
1636 1603 1731 1657 τοῦ
1761 1603 1858 1655 ἀν⁸

243 1703 698 1772 τιδιαιρουμένου
745 1699 914 1754 αὑτοῦ
960 1701 1100 1771 μήτε
1147 1699 1322 1763 ὄντος,
1355 1699 1494 1770 μήτε
1532 1697 1670 1769 πρὸς
1698 1695 1859 1749 τοῦτο

245 1794 514 1863 λέγεσθαι
562 1793 902 1862 δυναμένου;
943 1791 1126 1862 Ὅπερ
1158 1791 1380 1844 ἄτοπον.
1429 1789 1554 1852 Πῶς
1590 1788 1650 1842 δὲ
1691 1788 1786 1841 καὶ
1823 1790 1857 1855 ή

247 1886 646 1956 ἀντιδιαίρεσις
678 1884 887 1955 ἀληθής
911 1885 1029 1937 ἐστι
1058 1884 1156 1936 τοῦ
1195 1881 1540 1936 ἀντικεῖσθαι
1562 1880 1625 1933 τὸ
1650 1878 1854 1943 ἀγαθὸν
1887 1864 1934 1923 Β

250 1979 388 2049 πρὸς
417 1979 484 2031 τὸ
516 1976 776 2046 πονηρὸν,
813 1977 908 2030 τοῦ
943 1977 1040 2048 μὲν
1095 1975 1274 2040 ὄντος,
1309 1973 1405 2028 τοῦ
1446 1974 1505 2027 δὲ
1561 1972 1636 2043 μὴ
1664 1973 1849 2036 ὃντο;;

257 2072 327 2124 Et
355 2070 413 2124 δὲ
439 2067 596 2123 ταῦθ’
639 2067 816 2130 οὕτως
842 2067 977 2138 ἔχει,
1010 2068 1088 2132 ὡς
1124 2067 1220 2121 καὶ
1251 2066 1314 2120 τὸ
1340 2065 1538 2136 ἀληθὲς
1588 2063 1856 2134 μαρτυρεῖ

267 2170 364 2221 καὶ
392 2169 460 2221 τὰ.
490 2165 759 2240 εἰρημένα
807 2165 1181 2228 ἀποδείκνυσι,
1211 2164 1330 2227 πῶς
1368 2165 1432 2216 οὐ
1483 2163 1775 2232 ψεύδονται
1804 2163 1854 2214 οἱ

262 2271 512 2340 λέγοντες
555 2269 634 2340 μὴ
680 2265 823 2324 εἶναι
857 2267 951 2321 δύο
995 2266 1172 2338 ἀρχὰς
1217 2267 1539 2337 ἀγενήτους,
1586 2264 1716 2336 μίαν
1759 2264 1855 2334 μὲν

255 2376 493 2446 ἀγαθήν,
531 2375 662 2445 μίαν
702 2373 761 2428 δὲ
805 2372 1071 2445 πονηρὰν,
1106 2373 1201 2425 καὶ
1251 2371 1382 2442 μίαν
1414 2369 1585 2442 καλήν
1625 2370 1724 2424 καὶ
1757 2369 1856 2440 τὴν

256 2478 452 2548 ἑτέραν
503 2476 718 2548 κακήν;
771 2476 836 2529 Εἰ
882 2475 938 2529 δὲ
986 2474 1274 2546 ψεύδονται
1318 2473 1367 2527 οἱ
1401 2472 1500 2538 τὰς
1543 2471 1638 2527 δύο
1681 2472 1857 2543 ἀρχὰς

253 2578 640 2652 ἀναιροῦντες,
691 2576 809 2641 πῶς
851 2577 954 2632 οὐκ
997 2576 1212 2648 ἀνάγκη
1258 2577 1384 2640 τοὺς
1422 2573 1562 2647 μετά
1590 2573 1692 2646 τῆς
1724 2569 1857 2642 diiq-

256 2677 408 2744 θείας
439 2679 616 2753 συζῇν
641 2679 1047 2743 ἐσπουδακότας
1081 2678 1176 2734 δύο
1200 2678 1378 2750 ἀρχὰς
1403 2672 1768 2748 δογματίζειν;

337 2855 707 2926 Ἇπόκρισις.
751 2856 855 2911 Τὸν
913 2855 1239 2928 βουλόμενον
1298 2853 1579 2920 ἀποδεῖξαι
1624 2852 1860 2924 διὰ-,τῆς

258 2945 355 3002 τοῦ
383 2949 560 3002 κακοῦ
592 2949 730 3020 πρὸς
759 2952 822 3002 τὸ
858 2947 1063 3018 ἀγαθὸν
1091 2946 1486 3012 ἐναντιώσεως,
1517 2947 1600 3000 ὅτι
1631 2947 1738 3000 εισι
1767 2942 1860 2998 δύο

261 3043 431 3112 ἀρχαὶ
465 3042 745 3112 ἀγένητοι,
776 3041 882 3096 ἔδει
914 3041 1020 3114 πρὸ
1045 3041 1153 3096 τῶν
1180 3040 1356 3095 ἄλλων
1385 3039 1643 3094 ἁπάντων
1669 3037 1860 3092 Θέσθαι

265 3135 360 3188 καὶ
401 3134 700 3205 ὁρίσασθαι
729 3135 784 3188 τί
818 3135 914 3206 μέν
945 3135 1062 3188 ἐστι
1107 3133 1169 3188 τὸ
1196 3133 1421 3202 ἀγαθὸν,
1463 3132 1515 3185 τι
1562 3132 1620 3184 δὲ
1671 3131 1731 3184 τὺ
1764 3149 1862 3184 κα-

263 3227 357 3280 κόν
380 3243 394 3256 ·
423 3228 524 3279 καὶ
558 3227 725 3279 πόσαι
750 3226 1004 3298 διαφοραί
1034 3228 1140 3280 εἰσι
1168 3225 1263 3279 τοῦ
1298 3243 1359 3278 τε
1403 3221 1612 3293 ἀγαθοῦ
1641 3223 1737 3277 καὶ
1767 3222 1861 3277 τοῦ
1891 3229 1934 3287 C

264 3315 471 3370 κακοῦ·
521 3315 622 3368 καὶ
663 3313 837 3379 οὕτως
878 3313 1225 3386 ἀπάρξασθαι
1276 3313 1386 3367 τῶν
1432 3313 1785 3384 προτάσεων·
1831 3313 1860 3364 ὁ

264 3407 376 3478 γὰρ
409 3405 579 3460 τοῦτο
613 3406 687 3476 μὴ
723 3404 914 3468 ποιῶν,
965 3403 1091 3458 οὔτε
1138 3403 1350 3474 ἐλέγχει
1398 3421 1474 3468 τι,
1524 3401 1649 3456 οὕτε
1689 3419 1861 3455 κατα-

267 3497 550 3563 σκευάζει,
591 3496 707 3550 ἀλλ’
749 3497 829 3560 εὶς
871 3494 1130 3568 ἀνόνητον
1176 3495 1458 3549 ἀναλίσκει
1484 3495 1610 3558 τοὺς
1645 3494 1860 3562 λόγους.

266 3589 436 3642 Τοῦτο
467 3586 766 3660 τοιγαροῦν
813 3588 889 3659 μή
926 3589 1160 3660 ποιήσας
1185 3590 1214 3641 ὁ
1247 3585 1652 3658 πυνθανόμενος
1680 3585 1860 3656 τίθησι

267 3683 543 3753 πρότασιν
574 3682 849 3751 ἀόριστον,
894 3679 954 3748 ἐξ
990 3673 1066 3734 ὧν
1109 3680 1354 3748 γίνονται
1385 3679 1479 3732 δύο
1510 3677 1862 3747 συλλογισμοὶ

261 3774 412 3827 τόνδε
453 3773 552 3826 τὸν
581 3773 804 3844 τρόπον·
840 3771 916 3825 Τὸ
963 3770 1133 3826 κακὸν
1162 3771 1464 3826 ἀντίκειται
1508 3769 1588 3841 τῷ
1633 3768 1856 3839 ἀγαθῷ·

261 3867 373 3920 πᾶν
422 3863 510 3930 δὲ,
568 3865 676 3917 τινὶ
713 3863 1093 3936 ἀντικείμενόν
1129 3867 1300 3931 ἐστιν,
1357 3864 1505 3918 ἔστιν
1556 3863 1669 3936 ἄρα
1717 3861 1864 3934 ἀρχὴ

265 3956 540 4026 ἀγένητος
582 3957 678 4010 καὶ
721 3957 890 4027 κακή.
919 3957 1038 4010 Ἔτι
1059 3954 1120 4009 τὸ
1152 3957 1323 4010 κακὸν
1361 3953 1394 4026 ἢ
1438 3951 1597 4008 οὐσία
1625 3955 1796 4019 ἐστὶν,
1825 3953 1864 4025 ἦ

270 4048 654 4119 συμϐεϐηκός·
687 4049 796 4103 πᾶν
845 4048 902 4102 δὲ
951 4049 984 4120 ἢ
1033 4049 1212 4111 οὐσία,
1245 4047 1277 4120 ἢ
1316 4047 1660 4120 συμϐεϐηκός
1709 4047 1858 4099 ἐστι·

265 4143 419 4197 ἐστιν
445 4144 553 4214 ἄρα
580 4141 724 4213 ἀρχὴ
757 4142 1022 4210 ἀγένητος
1054 4140 1150 4194 καὶ
1176 4141 1345 4212 κακή.
1391 4139 1588 4211 Ἐχρῆν
1608 4137 1664 4192 δὲ
1691 4137 1860 4201 οὕτως

265 4234 706 4296 κατασκευάζειν
749 4233 842 4289 τὸν
893 4236 1110 4306 πρῶτον
1143 4232 1526 4304 συλλογισμὸν,
1576 4228 1631 4285 εἴ
1672 4230 1737 4300 γὲ
1778 4245 1865 4292 τις

266 4325 419 4396 ἔλεγε
474 4325 553 4397 μὴ
602 4321 834 4380 εἶναιτὸ
880 4327 1072 4382 κακόν.
1108 4324 1182 4379 Τὸ
1231 4325 1403 4380 κακὸν
1447 4321 1751 4379 ἀντίκειται
1785 4321 1864 4392 τῷ

267 4418 486 4488 ἀγαθῷ·
519 4419 648 4482 πᾶν,
680 4418 788 4472 τινὶ
815 4417 1194 4488 ἀντικείμενόν
1224 4418 1364 4471 ἐστι·
1395 4417 1510 4470 ἐστι
1542 4418 1651 4488 ἄρα
1675 4416 1737 4470 τὸ
1763 4433 1864 4469 κα-

267 4512 362 4566 κόν
383 4528 398 4542 ·
430 4513 530 4565 καὶ
559 4507 659 4563 εἷθ’
689 4510 860 4574 οὕτως
889 4509 952 4563 τὸ
998 4509 1222 4580 σύμπαν
1250 4509 1345 4564 τοῦ
1373 4509 1534 4578 λόγου
1563 4509 1722 4562 τοῦτο
1766 4507 1863 4560 λα-

1960 589 2106 659 quod
2134 598 2216 645 est
2242 591 2589 659 contingens,
2615 587 2872 659 superius
2893 587 2987 652 sit,
3018 599 3244 641 necesse
3273 593 3359 640 est
3384 584 3551 640 etiam

1958 681 2107 751 quod
2131 681 2204 737 sit
2232 680 2481 747 inferius,
2513 696 2638 737 esse
2651 680 2996 752 contingens.
3032 677 3147 734 Cur
3170 692 3325 749 ergo,
3358 677 3404 734 si
3425 693 3554 748 pro-

1960 773 2088 828 bum
2117 774 2366 844 improbo
2391 775 2706 844 opponitur,
2737 781 2793 829 et
2820 773 3027 829 bonum
3064 772 3231 838 malo,
3266 780 3322 826 et
3343 771 3550 826 malum

1959 868 2127 935 bono,
2161 885 2270 926 non
2299 873 2372 927 sit
2400 886 2645 938 necesse,
2673 871 2718 925 si
2747 870 2980 941 probum
3009 870 3262 935 exsistat,
3285 869 3554 924 exsistere

1959 964 2126 1019 simul
2156 966 2500 1036 improbum;
2541 973 2596 1020 et
2617 966 2664 1020 si
2689 964 2894 1019 bonum
2943 971 3139 1029 exstet,
3177 964 3386 1018 malum
3415 977 3554 1032 quo-

1961 1071 2068 1127 que
2096 1057 2734 1128 exstarezvicissimque
2774 1057 2820 1112 si
2854 1059 3255 1114 substantivam
3294 1067 3552 1112 naturam

1963 1150 2161 1206 habeat
2190 1151 2420 1221 probum
2445 1159 2501 1206 et
2540 1150 2876 1220 improbum,
2903 1152 3110 1206 bonum
3142 1167 3205 1208 ac
3235 1151 3443 1205 malum
3475 1150 3554 1205 si-

1963 1244 2077 1297 mul
2102 1258 2226 1299 esse
2245 1243 2641 1311 substantiam;
2675 1251 2731 1297 et
2760 1246 2804 1298 si
2831 1243 2971 1299 forte
3001 1245 3326 1299 alterutrum
3356 1243 3555 1296 horum

1962 1337 2281 1408 contingens
2305 1335 2489 1400 fuerit,
2511 1335 2743 1391 alterum
2769 1351 2990 1407 quoque
3012 1336 3265 1390 similiter
3279 1351 3402 1391 esse
3422 1349 3555 1390 con-

1961 1428 2213 1500 tingens?
2238 1427 2373 1482 Nam
2412 1429 2458 1484 si
2487 1427 2625 1484 forte
2679 1431 2909 1484 exsistat
2939 1429 3160 1499 quidem
3203 1429 3436 1498 probum
3463 1437 3558 1483 aut

1963 1524 2191 1590 bonum,
2221 1540 2330 1578 non
2364 1525 2594 1580 exsistat
2631 1534 2813 1579 autem
2846 1525 3159 1594 improbum
3193 1533 3288 1579 aut
3327 1525 3554 1583 malum.

1961 1617 2181 1672 cuinam
2214 1618 2414 1688 poterit
2437 1617 2637 1688 opponi
2663 1618 2892 1688 probum
2915 1627 3010 1672 aut
3039 1616 3268 1684 bonum,
3324 1632 3449 1673 cum
3503 1618 3559 1672 id

1961 1710 2109 1778 quod
2145 1711 2213 1765 ab
2265 1711 2354 1765 his
2387 1708 2571 1765 dill‘ert
2623 1725 2799 1780 neque
2833 1709 3018 1777 fuerit,
3048 1725 3226 1780 neque
3283 1711 3560 1764 nominari

1961 1803 2200 1872 poterit?
2219 1802 2354 1870 Quae
2379 1804 2618 1860 absurda
2666 1818 2758 1860 res
2782 1812 2886 1860 est.
2905 1793 3213 1870 'Quomodo
3255 1804 3386 1858 item
3419 1818 3554 1859 con-

1963 1897 2259 1951 trariorum
2293 1897 2576 1952 distinctio
2623 1897 2872 1960 exsistet,
2911 1896 2968 1951 id
3019 1907 3103 1953 est
3134 1897 3282 1966 quod
3325 1897 3558 1966 probum

1965 1987 2216 2058 improbo
2248 1991 2588 2056 adversetur,
2616 1989 2662 2046 si
2718 1989 2851 2043 illud
2903 1989 3123 2058 quidem
3167 1989 3416 2055 exsistat,
3455 1989 3561 2046 hoc

1962 2072 2440 2138 autem'minime?
2468 2076 2624 2150 Quod
2668 2084 2714 2140 si
2765 2084 2884 2139 haec
2939 2084 3012 2138 ita
3067 2098 3128 2139 se
3167 2083 3388 2149 habent,
3419 2093 3479 2139 ut
3505 2092 3562 2138 et

1962 2175 2165 2232 veritas
2193 2177 2310 2247 ipsa
2354 2183 2588 2232 testatur
2629 2186 2686 2232 et
2731 2192 2762 2232 a
2805 2176 3085 2248 praedictis
3120 2176 3558 2243 demonstratur,

1963 2268 2243 2337 quomodo
2265 2285 2376 2324 non
2405 2269 2442 2323 ii
2475 2271 2836 2334 mentiuntur,
2858 2269 2952 2341 qui
2975 2269 3085 2325 duo
3126 2270 3371 2325 increata
3407 2271 3561 2340 prin-

1965 2361 2107 2431 cipia
2148 2371 2370 2434 negant,
2400 2377 2576 2417 unum
2630 2362 2853 2433 quidem
2891 2362 3145 2434 probum,
3188 2363 3423 2418 alterum
3455 2364 3560 2418 im-

1965 2458 2222 2528 probum,
2249 2459 2384 2514 illud
2424 2458 2678 2513 videlicet
2711 2458 2938 2524 bonum,
2974 2459 3080 2514 hoc
3126 2460 3370 2514 malum?
3401 2458 3561 2526 Quod

1967 2551 2014 2606 si
2043 2551 2079 2606 ii
2111 2553 2452 2608 mentiuntur
2473 2551 2569 2622 qui
2590 2552 2699 2607 duo
2719 2550 2988 2623 principia
3022 2552 3090 2608 de
3122 2552 3302 2608 medio
3334 2553 3559 2618 tollunt,

1967 2643 2156 2715 quidni
2178 2644 2247 2700 sit
2266 2644 2662 2711 necessarium,
2682 2659 2776 2700 eos
2798 2644 2892 2714 qui
2910 2643 3194 2699 veritatem
3212 2644 3337 2700 vita:
3353 2644 3563 2699 sociam

1967 2736 2168 2792 habere
2190 2737 2403 2803 volunt,
2430 2737 2664 2793 duorum
2694 2735 3090 2808 principiorum
3123 2737 3322 2809 dogma
3345 2737 3561 2793 tenere?

2045 2831 2352 2901 Responsio.
2406 2830 2544 2885 Eum
2597 2831 2690 2901 qui
2718 2830 3098 2887 demonstrare
3138 2829 3299 2886 vellet
3327 2846 3395 2886 ex
3419 2830 3564 2887 bona

1968 2923 2211 2994 malique
2236 2938 2416 2994 pugna
2453 2923 2565 2978 duo
2586 2938 2708 2979 esse
2730 2923 2996 2994 principia
3047 2924 3311 2990 increata,
3347 2934 3566 2995 oporte-

1968 3015 2058 3070 bat
2077 3023 2203 3070 ante
2226 3014 2411 3070 omnia
2443 3024 2685 3072 statuere
2712 3032 2776 3072 ac
2804 3015 3053 3081 delinire,
3087 3017 3218 3087 quid
3247 3017 3320 3073 sit
3356 3017 3566 3073 bonum

1969 3107 2167 3177 quidve
2191 3106 2417 3175 malum,
2441 3118 2496 3163 et
2529 3122 2794 3179 quotnam
2827 3107 3148 3163 ditl‘erenliae
3191 3111 3300 3164 sint
3333 3110 3461 3165 boni
3499 3126 3566 3166 ac

1969 3200 2120 3266 mali,
2162 3209 2326 3269 atque
2357 3201 2429 3256 ita
2461 3202 2900 3272 propositionum
2954 3217 3180 3258 suarum
3223 3200 3440 3257 initium
3483 3201 3567 3257 fa-

1970 3309 2113 3350 cere.
2147 3292 2283 3349 Nam
2312 3294 2407 3365 qui
2437 3295 2582 3349 haud
2606 3295 2680 3349 ita
2705 3311 2764 3350 se
2781 3294 2940 3366 gerit,
2974 3295 3022 3351 is
3049 3310 3150 3350 nec
3183 3293 3383 3350 refutat
3407 3295 3569 3367 quid-

1970 3402 2135 3457 quam
2170 3403 2349 3458 neque
2377 3389 2595 3458 probat,
2643 3390 2736 3444 sed
2766 3388 3047 3446 incassum
3072 3389 3240 3444 verba
3263 3389 3566 3448 consumit.

1975 3478 2088 3535 Hoc
2133 3496 2257 3536 cum
2288 3492 2446 3536 antea
2501 3497 2612 3537 non
2640 3481 2832 3538 fecerit
2879 3483 3270 3554 interrogator,
3311 3483 3568 3552 proposi-

1972 3575 2177 3629 tionem
2207 3573 2548 3630 indetinitam
2579 3576 2785 3642 intulit,
2810 3575 2954 3630 unde
2979 3575 3090 3630 duo
3122 3574 3427 3645 syllogismi
3459 3574 3568 3630 hu-

1965 3667 2273 3737 juscemodi
2336 3669 2726 3724 coniiciuntur.
2790 3667 2991 3723 Malum
3037 3668 3332 3739 opponitur
3387 3668 3564 3724 bono:

1970 3759 2239 3831 quidquid
2275 3769 2462 3816 autem
2516 3763 2757 3826 exsistit,
2780 3762 2944 3818 alicui
2971 3760 3272 3832 opponitur
3306 3778 3322 3816 :
3351 3761 3572 3818 exsistit

1969 3868 2103 3924 ergo
2133 3853 2461 3924 principium
2516 3854 2818 3911 increatum
2837 3924 2840 3926 _
2861 3855 3091 3910 malum.
3121 3854 3412 3922 Praterea,
3442 3869 3568 3909 ma-

1970 3947 2084 4002 lum
2113 3947 2198 4003 vel
2226 3946 2539 4003 substantia
2572 3959 2678 4015 est,
2714 3947 2800 4004 vel
2830 3948 3090 4004 accidens
3120 3964 3135 4000 :
3164 3962 3330 4004 omne
3377 3956 3568 4002 autem

1971 4039 2121 4110 quod
2173 4041 2426 4107 exsistit,
2487 4041 2575 4096 vel
2629 4040 2941 4097 substantia
2997 4040 3083 4096 vel
3127 4039 3385 4096 accidens
3436 4047 3524 4095 est
3547 4057 3574 4106 :_

1971 4131 2193 4189 exsistit
2223 4147 2356 4204 ergo
2382 4133 2715 4203 principium
2768 4134 3075 4189 increatum
3123 4133 3356 4190 malum.
3390 4129 3570 4202 Opor-

1972 4225 2121 4280 tebat
2161 4233 2344 4280 tamen
2373 4225 2447 4280 ita
2479 4235 2804 4282 construere
2822 4225 3062 4296 priorem
3095 4225 3494 4296 syllogismum,
3515 4225 3568 4280 si

1972 4315 2096 4385 quis
2125 4313 2264 4370 forte
2291 4323 2516 4387 negaret
2571 4317 2776 4372 malum
2813 4317 3099 4374 exsistere.
3151 4316 3356 4372 Malum
3396 4330 3569 4386 oppo-

1921 4434 1928 4439 -
1973 4408 2126 4464 nitur
2150 4408 2298 4464 bono
2337 4426 2351 4463 :
2393 4409 2663 4480 quidquid
2692 4426 2823 4467 vero
2849 4410 3086 4477 exsistit,
3138 4410 3302 4466 alicui
3337 4411 3570 4480 opponi-

1974 4510 2101 4556 tur:
2131 4517 2262 4572 ergo
2294 4503 2497 4558 malum
2545 4504 2780 4560 exsistit.
2817 4504 2883 4560 Et
2916 4504 2998 4559 sic
3026 4503 3227 4560 deinde
3276 4505 3420 4560 hanc
3453 4518 3570 4560 ser-

265 4603 434 4658 66ντα
466 4603 544 4665 ὡς
575 4601 1049 4672 ἀποδεδειγμένον,
1087 4600 1363 4672 περαίνειν
1398 4600 1458 4654 τὸ
1491 4600 1858 4671 προκείμενον

1977 4597 2159 4652 monis
2187 4612 2462 4652 summam
2487 4612 2585 4654 ceu
2613 4598 3050 4654 demonstratam
3081 4597 3370 4664 habentes,
3403 4610 3572 4669 argu-
3626 4662 3628 4665 τ

263 4693 438 4748 αὑτοῦ
493 4693 559 4746 δι’
615 4692 810 4764 ἑτέρας
857 4693 1211 4764 κατασκευῆς
1269 4689 1444 4745 οὕτω·
1501 4691 1576 4743 Τὸ
1611 4689 1779 4744 κακὸν
1829 4689 1864 4762 ἢ

264 4786 512 4856 ἄναρχον
546 4787 686 4850 ἐστι,
720 4783 752 4855 ἢ
798 4783 930 4856 παρ’
966 4783 1154 4853 ἑτέρου
1185 4781 1429 4851 γίνεται·
1466 4779 1694 4854 πότερον
1737 4781 1868 4852 παρ’

263 4876 480 4946 ἀγαθοῦ
516 4877 724 4948 τινοςῆ
771 4873 944 4932 κακοῦ
977 4878 1156 4950 ὲστιν;
1192 4875 1322 4946 παρ’
1362 4871 1569 4942 ἀγαθοῦ
1607 4869 1706 4944 μὲν
1737 4866 1867 4925 ἀδύ-

269 4987 453 5033 νατον,
495 4966 694 5022 οὐκοῦν
737 4967 800 5021 τὸ
833 4967 1004 5021 κακὸν
1053 4965 1206 5037 παρά
1237 4964 1406 5020 κακοῦ
1437 4963 1668 5034 γίνεται.
1711 4960 1870 5017 Ἐπεὶ

266 5056 365 5115 οὖν
397 5062 483 5114 δεῖ
517 5059 616 5123 τὰς
666 5057 842 5130 ἀρχὰς
889 5057 1186 5128 ἀγενήτους
1234 5051 1397 5119 εἶναι,
1443 5051 1550 5107 τῶν
1587 5051 1644 5106 δὲ
1680 5049 1866 5104 κακῶν

267 5155 372 5225 τὴν
405 5152 621 5223 ἀγαθὴν
655 5150 919 5206 ἀδύνατον
961 5149 1254 5218 τυγχάνειν
1290 5145 1486 5218 ἀρχὴν,
1521 5144 1698 5216 κακὴν
1726 5139 1868 5198 εῖναι

271 5246 376 5316 τὴν
426 5245 697 5314 ἀγένητον
755 5243 930 5315 ἀρχὴν
982 5242 1092 5294 τῶν
1139 5238 1328 5296 κακῶν
1380 5237 1700 5307 λογίσασθαι
1753 5236 1867 5289 δεῖ·

269 5335 479 5402 ὁμοίως
514 5333 572 5387 δὲ
608 5333 702 5386 καὶ
730 5332 825 5386 τοῦ
860 5331 1117 5401 δευτέρου
1151 5328 1514 5400 συλλογισμοῦ
1544 5325 1777 5381 λαὸὁντα
1809 5325 1870 5380 τὸ

269 5425 523 5495 σύμπαν,
555 5424 624 5478 δι’
659 5425 850 5495 ἑτέρου
882 5421 1244 5492 συλλογισμοῦ
1273 5420 1705 5484 κατασκευάζειν
1727 5417 1871 5473 οὕτω

267 5518 332 5572 τὸ
368 5517 757 5589 προκείμενον.

355 5629 521 5684 Ἀλλά
551 5629 662 5701 γὰρ
694 5629 875 5683 πάντα
902 5627 1230 5701 παραλιπὼν
1262 5625 1438 5682 ταῦτα
1464 5629 1492 5680 ὁ
1525 5624 1870 5696 πυνθανόμε-

270 5738 386 5790 νος,
419 5721 714 5793 ὑποκρίσει
756 5721 851 5776 τοῦ
899 5721 1094 5776 διπλοῦ
1149 5719 1532 5790 συλλογισμοῦ,
1585 5718 1786 5788 μᾶλλον
1812 5717 1870 5771 δὲ

269 5814 612 5888 τετραπλοῦ,
652 5813 795 5868 οὓτω
845 5815 1089 5885 συνάγει.
1152 5813 1451 5868 Ἐκκείσθω
1489 5813 1552 5873 δὴ
1596 5811 1760 5866 πάλιν
1808 5811 1872 5866 τὸ

617 5927 885 5991 ΡΑτιιοῐ..
933 5931 1048 5992 Gn.
1091 5931 1464 5992 LXXXVIII.

1974 4699 2219 4746 mentum
2250 4691 2583 4747 concludere
2612 4691 2718 4746 alia
2756 4701 3034 4750 structura
3069 4690 3152 4746 sic
3187 4709 3203 4744 :
3232 4691 3438 4746 malum
3484 4689 3572 4746 vel

1975 4781 2094 4837 sine
2142 4782 2300 4837 initio
2354 4789 2458 4850 est,
2500 4783 2585 4836 vel
2643 4784 2712 4839 ab
2767 4785 2955 4855 aliquo
2999 4785 3205 4843 factum
3253 4781 3573 4855 :qumritur

1974 4882 2161 4929 utrum
2189 4888 2219 4928 a
2241 4875 2388 4931 bono
2417 4876 2603 4946 aliquo
2626 4893 2696 4932 an
2719 4894 2750 4933 a
2781 4879 2926 4936 malo
2965 4878 3040 4935 sit
3071 4896 3086 4933 :
3113 4893 3145 4933 a
3170 4878 3318 4933 bono
3345 4873 3568 4945 quidem

1975 4963 2311 5034 impossibile
2342 4986 2355 5022 :
2385 4983 2514 5039 ergo
2539 4969 2746 5022 malum
2790 4983 2818 5022 a
2851 4967 2996 5023 malo
3037 4978 3122 5023 est
3158 4967 3385 5022 factum.
3414 4964 3568 5031 Quo-

1975 5059 2124 5114 niam
2150 5057 2317 5129 igitur
2355 5069 2572 5131 oportet
2623 5061 2891 5132 principia
2925 5075 3048 5117 esse
3076 5061 3351 5124 increata;
3395 5057 3571 5113 malo-

1975 5165 2097 5206 rum
2126 5159 2312 5206 autem
2361 5151 2476 5208 ﬁeri
2539 5169 2648 5210 non
2682 5161 2866 5225 potest
2906 5161 2964 5208 ut
3003 5152 3331 5224 principium
3361 5149 3569 5206 bonum

1975 5242 2071 5309 sit,
2093 5244 2344 5314 sequitur
2392 5256 2455 5299 ut
2492 5246 2807 5302 necessario
2832 5246 3214 5302 existimemus
3263 5243 3566 5300 increatum

1975 5351 2102 5393 esse
2127 5336 2400 5392 malorum
2427 5337 2783 5408 principium.
2810 5336 3077 5394 Similiter
3092 5336 3322 5392 alterius
3348 5349 3570 5406 quoque

1979 5427 2280 5499 syllogismi
2307 5443 2582 5484 summam
2642 5439 2819 5485 ratam
2861 5429 3148 5496 habentes,
3198 5427 3310 5483 alio
3341 5425 3568 5499 syIIOgi-

1978 5531 2098 5571 smo
2126 5527 2511 5588 argumentum
2535 5519 2826 5576 conﬁcere.

2049 5628 2251 5686 Verum
2285 5632 2543 5688 omnibus
2571 5633 2658 5690 his
2702 5634 2926 5691 omissis
2974 5633 3362 5704 interrogator,
3399 5630 3576 5686 simu-

1979 5719 2182 5778 latione
2230 5722 2489 5794 duplicis.
2544 5725 2656 5782 imo
2701 5725 3074 5797 quadruplici:
3129 5723 3455 5796 syllogismi,
3487 5724 3572 5780 sic

1977 5816 2280 5873 concludit.
2300 5815 2440 5874 Ecce
2461 5818 2513 5874 id
2541 5818 2738 5874 iterum
2764 5816 2998 5889 augendi
3029 5815 3176 5874 risus
3200 5831 3372 5873 causa
3401 5829 3570 5886 expo-

3169 5925 3239 5991 18
