4062 6442
444 363 568 428 $55

1729 347 1965 412 PAULI
2015 345 2466 410 CHRISTIANI

3627 347 3765 413 ’556

461 484 683 526 namus.
730 463 932 524 Malum
972 463 1268 538 opponitur
1312 463 1457 522 bono
1491 478 1504 517 :
1546 457 1814 530 quidquid
1867 463 2049 513 autem

2161 454 2291 510 αὐτὸ
2331 456 2416 518 εἰς
2457 454 2680 525 μείζονα
2726 455 2958 524 γέλωτω
3011 455 3085 508 Τὸ
3131 457 3303 511 κακδν
3333 455 3636 512 ἀντίκειται
3678 457 3762 529 τίς.

461 559 698 627 exsistit,
726 559 894 615 alicui
933 558 1226 630 opponitur
1263 575 1277 613 :
1309 554 1530 612 exsistit
1557 566 1692 623 ergo
1721 549 2053 622 principium

449 650 769 706 .lncreatum
811 659 867 705 et
906 651 1134 705 malum.
1177 647 1366 718 Papae!
1406 659 1640 701 acumen
1687 641 1929 698 hominis
1959 641 2054 710 qui

463 741 750 798 veritatem
782 741 905 796 vita:
922 740 1130 796 sociam
1160 739 1365 796 habere
1399 738 1584 796 studet
1614 736 1932 807 :polysema
1957 748 2056 790 vo-

463 831 656 887 cabula
703 831 848 902 apud
915 831 1093 900 ipsum
1141 838 1271 886 sunt
1331 843 1657 885 monosema
1685 845 1700 884 :
1731 826 2052 897 temporale,

462 931 548 980 est
597 923 909 978 absolutum
951 941 965 978 :
1015 921 1299 979 distinctio
1354 920 1754 992 oppositurum,
1809 919 2052 976 etfectrix

432 1015 912 1071 vestdiversarum
943 1014 1086 1070 inter
1142 1030 1203 1070 se
1244 1029 1431 1070 rerum
1495 1031 1508 1069 :
1551 1013 1698 1084 quod
1731 1012 2056 1082 simpliciter

457 1105 696 1173 exsistit,
732 1105 784 1160 id
810 1105 926 1160 vult
955 1106 1283 1178 principium
1307 1121 1430 1162 esse
1453 1106 1782 1161 increatum.
1821 1105 2054 1159 Prorsus

459 1196 762 1268 syll0gismi
799 1211 1012 1253 summa
1055 1206 1165 1252 tam
1222 1198 1500 1253 contraria
1535 1206 1621 1254 est
1666 1196 2050 1269 propositioni,

456 1306 624 1362 quam
651 1291 796 1346 bono
815 1289 1086 1361 principio
1129 1291 1466 1346 contrarium
1501 1300 1585 1348 est
1610 1291 1665 1345 in
1706 1306 1900 1346 eorum
1927 1305 2053 1346 sen-

456 1380 629 1436 tentia
675 1381 904 1438 malum.
935 1380 1061 1438 Hinc
1081 1396 1203 1454 ego,
1219 1397 1289 1438 ne
1327 1383 1652 1439 calumniari
1679 1381 1886 1445 videar,
1912 1396 2051 1436 enu-

456 1471 668 1530 cleabo.
725 1474 938 1530 Bonttm
992 1474 1285 1544 dupliciter
1317 1473 1542 1539 dicitur,
1595 1474 1744 1529 aliud
1795 1473 1942 1530 enim
1970 1485 2055 1532 est

455 1573 741 1628 internum.
769 1565 919 1622 aliud
950 1565 1179 1622 factum.
1211 1564 1414 1621 Malum
1461 1581 1679 1637 quoque
1707 1566 1909 1638 duplex
1941 1577 2049 1634 est,

456 1656 606 1713 aliud
650 1657 868 1729 proprie
915 1659 1146 1724 dictum,
1183 1658 1331 1713 aliud
1371 1658 1593 1714 nomine
1636 1669 1818 1716 tenus.
1861 1658 2050 1727 Quan-

458 1764 624 1819 quam
654 1759 707 1805 et
746 1750 954 1806 bonum
1007 1749 1444 1820 unumquodque
1495 1749 1858 1806 multifariam
1908 1750 2052 1807 divi-

456 1843 604 1898 ditur
631 1861 644 1897 :
672 1842 767 1898 sed
796 1843 1040 1899 nondum
1070 1843 1137 1898 de
1166 1845 1269 1898 hac
1293 1843 1466 1899 altera
1497 1858 1558 1898 re
1582 1843 1842 1900 dicimus.
1870 1844 2053 1901 Sumit

456 1944 639 1990 autem
686 1934 1056 2006 interrogator
1098 1933 1498 2000 indifferenter,
1561 1934 1675 1990 imo
1720 1936 1930 2007 potius,
1983 1937 2052 1993 de

454 2027 678 2083 aeternis
701 2035 898 2084 cuncta
933 2027 1257 2098 pronuntiat
1294 2025 1376 2082 sic
1407 2043 1421 2080 :
1452 2025 1498 2081 si
1529 2026 1766 2096 probum
1798 2026 2052 2098 improbo

455 2119 770 2190 opponitur,
829 2127 884 2174 et
937 2117 1248 2190 improbum
1295 2116 1501 2188 probo;
1543 2125 1598 2174 et
1642 2117 1868 2189 quidem
1925 2134 2048 2174 cum

454 2210 700 2266 nondum
746 2209 944 2266 dixerit
980 2210 1144 2282 quale
1170 2209 1244 2265 sit
1277 2209 1512 2280 probum
1561 2217 1616 2265 et
1648 2210 1810 2280 quale
1847 2211 2051 2281 impro-

452 2303 605 2357 bum.
664 2300 933 2358 Praeterea
993 2309 1178 2358 creato
1235 2301 1384 2358 bono
1446 2301 1743 2373 opponitur
1819 2301 2049 2370 malum,

453 2408 649 2464 nempe
686 2402 849 2464 prout
873 2392 979 2449 fert
1010 2393 1338 2465 propositio,
1363 2409 1469 2448 non
1495 2403 1676 2449 tamen
1707 2393 1873 2449 etiam
1902 2393 2050 2448 bono

451 2493 704 2540 εισι-ηοξ
746 2485 794 2541 is
824 2494 1008 2539 autem
1052 2492 1107 2539 et
1138 2482 1245 2540 hoc
1299 2493 1562 2555 tanquam
1611 2484 1926 2540 universale
1965 2499 2052 2539 su-

451 2574 577 2641 mit,
623 2591 748 2630 cum
795 2575 866 2631 sit
897 2574 1150 2645 partiale.
1208 2573 1436 2646 Insuper
1458 2588 1604 2630 exeo
1627 2573 1776 2646 quod
1815 2589 1845 2628 a
1906 2574 2053 2630 bono

449 2664 811 2738 distinguitur
855 2665 1085 2730 malum,
1121 2681 1153 2720 a
1209 2665 1353 2721 malo
1413 2671 1598 2720 autem
1637 2663 1870 2732 bonum,
1913 2680 2052 2722 con-

449 2755 625 2812 cludit
653 2770 717 2811 ea
749 2756 914 2812 simul
942 2757 1230 2823 exsistere,
1263 2756 1337 2812 ita
1383 2755 1738 2817 dicensmam
1767 2756 1812 2814 si
1845 2757 2049 2813 bonum

451 2848 672 2919 quidem
689 2848 926 2913 exsistit,
951 2863 1062 2904 non
1093 2848 1323 2905 exsistat
1353 2858 1538 2906 autem
1564 2848 1794 2915 malum,
1826 2848 2050 2904 cuinam

431 2939 654 3012 opponi
708 2939 912 3010 poterit
960 2940 1205 2996 malum?
1239 2938 1526 3011 Tanquam
1586 2939 1660 2996 sit
1708 2939 2052 3009 impossibile

449 3047 573 3090 esse
595 3033 802 3104 aliquid
851 3033 1026 3103 prius,
1057 3041 1111 3089 et
1138 3032 1337 3090 deinde
1361 3031 1629 3104 distingui
1662 3033 1732 3088 ab
1768 3033 1898 3098 alio,
1926 3047 2046 3086 ma-

448 3129 562 3183 lum
594 3135 868 3224 tanquam
908 3129 1500 3224 exsistensfupponit,
1529 3128 1888 3224 absoluteque
1915 3125 2047 3224 illud
2075 3165 2118 3224 α

449 3234 548 3275 ceu
566 3229 831 3274 :eternum
854 3219 1086 3287 inducit,
1105 3228 1160 3275 et
1180 3218 1291 3275 Deo
1314 3219 1684 3283 coexsistens,
1706 3218 1794 3274 his
1817 3217 2002 3272 verbis
2030 3235 2043 3272 :

447 3309 598 3381 quod
636 3309 682 3365 si
717 3309 834 3364 haec
867 3309 939 3362 ita
966 3321 1027 3364 se
1058 3308 1283 3376 habent,
1327 3316 1388 3364 ut
1437 3308 1644 3364 veritas
1698 3307 2045 3378 comprobat,

450 3419 635 3460 nonne
660 3417 886 3459 necesse
904 3413 988 3459 est
1010 3403 1246 3460 duorum
1280 3403 1676 3474 principiorum
1705 3402 1903 3474 dogma
1939 3411 2049 3458 sta-

452 3494 640 3551 tuere?
662 3493 865 3548 Deinde
901 3508 1025 3548 cum
1064 3509 1131 3550 ex
1185 3496 1327 3551 datis
1371 3494 1844 3565 propositionibus
1879 3508 2047 3563 opor-

432 3592 595 3639 teret
634 3584 983 3648 concludere,
1038 3583 1244 3638 malum
1292 3583 1584 3650 exsistere,
1633 3583 1914 3638 concludit
1944 3584 2048 3638 hoc

429 3676 675 3741 dicens;
707 3675 925 3731 exsistit
945 3690 1077 3746 ergo
1111 3675 1444 3747 principium
1471 3675 1776 3730 increatum
1812 3676 2042 3730 malum.

524 3765 665 3835 Quid
710 3767 812 3832 ais,
851 3765 1067 3821 amice?
1112 3767 1270 3837 quasi
1327 3766 1374 3822 si
1423 3766 1554 3836 quid
1593 3767 1846 3832 exsistat,
1898 3767 2046 3822 idem

432 3871 680 3929 prorsus
705 3866 760 3913 ct
789 3859 1120 3930 principium
1149 3858 1243 3927 sit,
1279 3867 1334 3914 et
1376 3858 1706 3914 increatum.
1733 3857 1876 3925 Quid
1913 3873 2045 3928 ergo

436 3949 718 4006 iaciemus
745 3949 965 4020 plantis,
998 3950 1132 4021 quid
1159 3950 1394 4022 singulis
1416 3949 1817 4016 animantibus,
1864 3966 2048 4020 gram-

450 4043 686 4110 maticae,
755 4043 1064 4107 rhetoricas,
1139 4043 1532 4115 philosophiae,
1593 4049 1760 4101 rebus
1815 4045 2044 4117 reliquis

452 4143 614 4204 atque
638 4133 871 4197 artibus,
902 4149 968 4190 ne
995 4134 1242 4207 singulas
1273 4133 1636 4190 enumerem?
1663 4133 1802 4188 Num
1821 4144 1875 4190 et
1905 4136 2040 4198 haec,

448 4234 638 4294 utpote
673 4227 1019 4293 exsistentia,
1053 4236 1106 4282 te
1129 4226 1393 4297 principia
1426 4226 1700 4297 appellare
1725 4241 1834 4282 non
1863 4229 2046 4298 piget?

433 4317 516 4373 .Et
549 4317 827 4389 quomodo
877 4319 986 4374 duo
1039 4316 1331 4389 principia,
1363 4326 1418 4373 et
1459 4331 1570 4371 non
1611 4317 1792 4387 potius
1848 4318 2040 4383 multa,

450 4411 727 4466 increata?
751 4409 1004 4476 Quonam
1037 4410 1172 4465 abiit
1212 4409 1433 4479 egregia
1487 4407 1577 4463 illa
1615 4407 2040 4464 Manichaeorum

2159 546 2371 617 ἀγαθῷ·
2394 548 2524 613 πᾶν,
2561 547 2668 602 τινὶ
2705 547 3087 619 ἀντικείμινόν
3109 550 3227 603 ἐστι
3248 566 3264 582 °
3292 549 3442 604 ἔστιν
3472 550 3582 622 ἄρα
3609 552 3762 622 ἀρχὴ

2157 639 2422 710 ἀγένητος
2466 641 2559 694 καὶ
2587 641 2752 713 κακή.
2805 640 2984 696 Βαΰαι
3021 643 3122 713 τῆς
3161 643 3452 714 ἀκριδείας
3482 645 3578 698 τοῦ
3614 645 3762 714 μετά

2155 730 2256 800 τῆς
2285 730 2544 802 ἀληθείας
2568 731 2735 804 συζῇν
2765 733 3196 798 ὲσπουδακότοςὶ
3219 735 3280 789 τὸ
3308 735 3518 806 πολυσή
3529 753 3758 805 μαντον,

2157 823 2288 895 παρ’
2338 823 2502 878 αὐτὸν
2583 826 3036 895 μονοσήμαντον·
3092 826 3154 880 τὸ
3206 827 3301 880 ἐπὶ
3352 827 3575 898 καιροῦ,
3630 829 3760 882 καθ’

2155 916 2314 970 ὅλου·
2363 918 2394 988 ἡ
2448 917 2840 987 ἀντιδιαίρεσις
2884 919 2994 973 τῶν
3041 919 3458 990 ἀντικειμένων,
3490 925 3753 994 ποιητική

2155 1007 2264 1062 τῶν
2302 1009 2894 1082 -ἀντιδιαστελλομένων
2918 1029 2933 1044 ·
2988 1012 3050 1067 τὸ
3105 1011 3166 1066 ὃν
3220 1012 3406 1076 ἁπλῶς
3425 1054 3441 1080 ,
3490 1013 3751 1084 ἀγένητος

2155 1099 2322 1170 ἀρχή.
2357 1099 2432 1152 Τὸ
2463 1099 2688 1171 σύμπαν
2721 1101 2818 1155 τοῦ
2854 1102 3222 1174 συλλογισμοῦ
3244 1105 3487 1176 τοσούτῳ
3513 1106 3754 1160 ἐναντίον

2153 1191 2222 1261 τῇ
2260 1190 2547 1261 προτάσει,
2605 1194 2717 1262 ὅσῳ
2753 1195 2822 1265 τῇ
2873 1195 3054 1267 ἀγαθῇ
3103 1197 3246 1268 ἀρχῇ
3299 1197 3417 1250 κατ’
3467 1199 3668 1262 αὐτοὺς
3720 1200 3760 1270 ἡ

2153 1283 2326 1354 κακή.
2368 1284 2480 1338 Καὶ
2510 1286 2661 1350 ὅπως
2687 1286 2754 1340 ἀν
2785 1286 2861 1359 μὴ
2908 1287 3124 1360 δόξαιμι
3161 1292 3540 1359 συκοφαντεῖν,
3576 1308 3759 1361 σαφη-

2153 1373 2306 1427 νίσω·
2361 1375 2434 1428 Τὸ
2469 1376 2676 1445 ἀγαθὸν
2716 1377 2938 1448 λέγεται
3006 1381 3206 1451 διχῶςο
3238 1382 3299 1435 τὸ
3341 1382 3444 1452 μὲν
3476 1382 3668 1449 ἀΐδιον,
3695 1383 3766 1436 τὸ

2151 1464 2211 1519 δὲ
2237 1468 2468 1538 γενητόν
2488 1484 2506 1501 ·
2534 1469 2632 1524 καὶ
2676 1470 2738 1524 τὸ
2770 1471 2942 1526 κακὸν
2994 1473 3182 1544 διχῶς,
3217 1474 3282 1528 τὺ
3311 1475 3413 1545 μὲν
3445 1476 3672 1547 κυρίως,
3693 1475 3765 1531 τὸ

2151 1559 2212 1614 δὲ
2248 1562 2415 1632 μέχρι
2446 1565 2863 1637 προσηγορίας·
2899 1568 2949 1620 si
2983 1567 3078 1622 καὶ
3108 1567 3317 1621 τούτων
3347 1568 3579 1624 ἕκαστον
3622 1570 3760 1624 πολ-

2153 1652 2354 1726 λαχῶς,
2386 1657 2502 1710 ἀλλ’
2551 1657 2712 1712 οὖπω
2741 1659 2871 1731 περὶ
2899 1659 3108 1714 τούτων
3127 1676 3143 1693 ·
3185 1661 3404 1733 παραλσ
3415 1657 3608 1731 μδάνει
3639 1661 3698 1714 δὲ
3727 1662 3763 1714 6

2153 1743 2560 1818 πυνθανόμενος
2583 1747 2914 1818 ἀδιακρίτως
2935 1764 2950 1779 ⁸
2986 1749 3189 1818 μᾶλλον
3213 1751 3270 1804 δὲ
3299 1751 3392 1803 ἐπὶ
3427 1752 3537 1804 τῶν
3566 1752 3762 1805 ἀϊδίων

2153 1833 2218 1888 τὸ
2238 1836 2371 1904 πᾶν,
2401 1837 2629 1906 φάσκων
2654 1838 2801 1894 οὕτω
2832 1839 2970 1904 πῶς·
2990 1841 3053 1894 Ei
3082 1840 3144 1894 τὸ
3173 1841 3381 1912 ἀγαθὸν
3411 1843 3546 1914 πρὸς
3571 1842 3632 1896 τὸ
3659 1859 3761 1894 πο-

2154 1925 2320 1999 νηρὸν
2357 1929 2682 1996 ἀντίκειται,
2716 1931 2812 1984 καὶ
2854 1930 2918 1984 τὸ
2963 1932 3199 2004 πονηρὸν
3244 1933 3383 2006 πρὸς
3413 1933 3476 1988 τὸ
3520 1934 3759 2003 ἀγαθὸν,

2157 2019 2295 2088 μήτε
2322 2021 2480 2074 ποῖον
2505 2021 2568 2074 τὸ
2610 2021 2820 2090 ἀγαθὸν
2869 2023 3005 2094 μήτε
3035 2026 3187 2076 ποῖον
3218 2025 3282 2078 τὸ
3327 2026 3562 2097 πονηρὸν
3598 2025 3760 2098 εἰρη-

2154 2107 2267 2172 κώς
2291 2125 2304 2138 ·
2340 2107 2422 2163 ἐτι
2447 2109 2528 2180 τῷ
2581 2109 2682 2180 μὲν
2709 2110 2926 2182 γενητῷ
2965 2111 3180 2183 ἀγαθῷ,
3211 2113 3514 2168 ἀντίκειται
3557 2114 3618 2168 τὸ
3649 2133 3758 2168 κα-

2153 2199 2271 2264 κὸν,
2304 2200 2448 2255 οὕτω
2477 2202 2620 2257 κατά
2648 2203 2908 2275 πρόθεσιν
2939 2203 3231 2276 γινομένῳ,
3256 2205 3318 2259 οὐ
3344 2205 3528 2277 μέντοι
3561 2208 3653 2260 καὶ
3674 2205 3762 2278 τῷ

2151 2292 2310 2364 ἀϊδίῳ
2343 2293 2559 2366 ἀγαθῷ,
2594 2294 3018 2367 παραλαμσάνει
3065 2298 3159 2352 καὶ
3205 2297 3364 2353 τοῦτο
3396 2298 3626 2352 καθόλου
3659 2299 3760 2353 ἐπὶ

2155 2385 2359 2456 μέρους
2392 2386 2489 2440 δν·
2538 2387 2620 2441 ἔτι
2649 2389 2714 2441 ἐκ
2759 2387 2855 2441 τοῦ
2903 2389 3000 2460 μὲν
3049 2389 3498 2463 ἀντιδιαιρείσθαι
3531 2391 3607 2462 τῷ
3652 2391 3759 2464 μὲν

2154 2476 2350 2547 ἀγαθῷ
2378 2479 2437 2531 τὸ
2465 2478 2655 2541 κακὸν,
2686 2477 2766 2549 τῷ
2793 2478 2849 2531 δὲ
2876 2477 3030 2550 κακῷ
3058 2480 3118 2532 τὸ
3151 2481 3380 2550 ἀγαθὸν,
3409 2483 3758 2536 κατασκευά-

2154 2566 2239 2633 ζει
2273 2563 2651 2641 συνυπάρχειν
2672 2569 2944 2642 ἀλλήλοις,
2977 2571 3151 2640 λέγων
3172 2572 3365 2636 οὕτως·
3403 2573 3466 2626 Ei
3500 2574 3607 2645 γὰρ
3631 2575 3755 2629 ἔστι

2155 2663 2256 2734 μὲν
2302 2664 2366 2717 τὸ
2411 2663 2636 2733 ἀγαθὸν,
2683 2663 2744 2717 τὸ
2789 2663 2848 2717 δὲ
2897 2664 3135 2734 πονηρὸν
3185 2666 3288 2718 οὐκ
3320 2664 3496 2732 ἔσται,
3529 2667 3668 2738 πρὸς
3699 2667 3759 2721 τί

2151 2754 2374 2810 δύναται
2400 2754 2744 2810 ἀντικεῖσθαι
2779 2754 2839 2808 τὸ
2867 2757 3109 2825 ἀγαθὸν;
3153 2757 3240 2822 Ὦς
3264 2757 3527 2815 ἀδυνάτου
3551 2760 3760 2828 τυγχά-

2152 2863 2334 2912 νοντος
2382 2843 2522 2902 εἶναι
2577 2847 2678 2918 μέν
2723 2864 2777 2900 τι
2828 2849 3126 2920 πρότερον·
3169 2850 3470 2920 μετέπειτα
3502 2851 3560 2905 δὲ
3607 2853 3759 2906 ἀντι-

2150 2939 2477 3009 διαιρεῖσθαι
2518 2940 2690 3012 ἑτέρῳ
2721 2936 2789 2994 αὖ
2821 2941 2882 2995 τὸ
2911 2943 3083 2997 κακὸν
3112 2943 3188 3006 ὡς
3221 2942 3280 2996 ὃν
3305 2943 3753 3009 κατασκευάσας,

2154 3027 2376 3102 ἀμέσως
2419 3031 2553 3086 αὐτὸ
2580 3034 2778 3101 ἐπάγει
2803 3033 2879 3098 ὡς
2909 3035 3076 3088 ἀΐδιον
3105 3036 3200 3090 καὶ
3232 3038 3577 3108 συνυπάρχον
3608 3037 3754 3108 Θεῷ,

2151 3123 2328 3189 οὕτως
2370 3125 2630 3197 είρηκὼςο
2665 3127 2728 3180 Ei
2775 3128 2833 3181 δὲ
2862 3128 3015 3181 ταῦθ’
3052 3129 3226 3193 οὕτως
3260 3130 3394 3200 ἔχει,
3423 3130 3497 3194 ὡς
3530 3133 3622 3184 καὶ
3656 3133 3759 3189 τὰε-

2149 3217 2312 3289 ληθὲς
2351 3223 2641 3290 μαρτυρεῖ,
2681 3221 2797 3285 πῶς
2849 3221 2952 3275 οὐκ
2985 3221 3198 3296 ἀνάγκη
3248 3222 3341 3276 δύο
3389 3224 3563 3296 ἀρχὰς
3619 3226 3757 3293 ἀγε-

2151 3310 2346 3381 νήτους
2367 3311 2751 3381 δογματίζειν;
2800 3313 2922 3367 Ἔτι
2951 3313 3070 3366 δέον
3094 3315 3156 3366 ὲκ
3192 3315 3301 3366 τῶν
3333 3315 3592 3369 δοθεισῶν
3619 3334 3756 3388 προ-

2150 3402 2361 3457 τάσεων
2398 3405 2676 3473 συνάγειν,
2711 3407 2793 3458 ὅτι
2847 3406 2963 3459 ἔστι
3009 3407 3069 3460 τὸ
3118 3407 3324 3474 κακὸν,
3388 3411 3754 3482 συμπεραίνει

2149 3495 2282 3550 αὑτό
2339 3496 2526 3550 Ἔστιν
2552 3498 2662 3569 ἀρα
2692 3497 2834 3571 ἀρχὴ
2862 3499 3126 3571 ἀγένητος
3155 3501 3250 3554 καὶ
3276 3505 3444 3573 κακή.

2221 3767 2370 3834 Πῶς,
2411 3764 2458 3823 ὧ
2489 3769 2679 3838 φίλος;
2710 3770 2786 3834 ὡς
2817 3773 2872 3826 ετ
2895 3788 2947 3824 τι
2977 3771 3116 3835 εστι,
3149 3773 3244 3827 καὶ
3277 3773 3420 3845 ἀρχή
3463 3775 3583 3828 ἐστι
3609 3774 3751 3827 πάνυ

2147 3877 2286 3924 τωςι
2316 3861 2373 3915 εῐ
2389 3878 2441 3916 τι
2463 3863 2580 3918 ἔστι
2615 3864 2856 3929 πάντως,
2900 3865 2996 3919 καὶ
3037 3865 3322 3936 ἀγένητον.
3357 3867 3466 3921 Καὶ
3500 3867 3553 3921 τί
3588 3870 3751 3938 ποιήσ-

2149 3970 2317 4026 σομεν
2347 3953 2420 4009 τὰ
2466 3956 2630 4026 φυτὰ,
2675 3957 2783 4012 ’ἀνά
2821 3959 2986 4029 μέρος
3018 3957 3090 4011 τά
3137 3957 3272 4026 ζῶα,
3321 3962 3746 4032 γραμματικὴν,

2149 4049 2467 4121 ῥητορικὴν,
2516 4049 2860 4120 φιλοσοφίαν,
2916 4051 3015 4114 τὰς
3057 4049 3252 4114 λοιπὰς
3288 4052 3481 4120 φύσεις
3523 4053 3617 4106 καὶ
3654 4052 3743 4104 τέ-

2146 4157 2300 4211 χνας,
2333 4141 2423 4195 ἵνα
2459 4141 2535 4213 μὴ
2574 4143 2715 4196 κατά
2761 4141 2928 4214 μέρος
2959 4141 3274 4209 καταλέξω;
3330 4145 3400 4197 Ἢ
3446 4144 3745 4198 καὶταῦτα

2146 4233 2222 4297 ὡς
2257 4233 2387 4288 ὄντα
2417 4233 2598 4304 λέγειν
2647 4235 2748 4289 οὐκ
2778 4237 2957 4300 ὀκνεῖς
2992 4232 3132 4290 εἶναι
3180 4237 3356 4307 ἀρχάς
3403 4237 3740 4307 ἀγενήτους;

2145 4326 2255 4379 Καὶ
2286 4326 2404 4390 πῶς
2431 4327 2524 4382 δύο
2553 4329 2742 4401 ἀρχαὶ,
2775 4329 2889 4382 ἀλλ’
2929 4329 2990 4382 οὐ
3040 4329 3230 4382 πολλαί⁶
3279 4329 3572 4400 ἀγένητοι;
3625 4329 3739 4384 Ποῦ

2144 4414 2203 4468 δὲ
2233 4415 2441 4487 οἴχεται
2471 4419 2505 4488 ἠ
2538 4419 2710 4491 σεμνὴ
2738 4418 2849 4473 τῶν
2898 4420 3217 4490 Μανιχαίων
3250 4419 3519 4492 θρησκεία
3539 4462 3553 4486 ,
3607 4422 3740 4474 πολ-

434 4503 665 4574 ίτοιίεἰο,
709 4503 988 4574 siquidem
1026 4502 1291 4573 principia
1353 4500 1524 4555 multa
1583 4508 1733 4565 sunt,
1770 4513 1878 4554 non
1930 4499 2042 4554 duo

2151 4503 2254 4560 λῶν
2285 4508 2462 4561 οὐσῶν
2495 4509 2702 4582 ἀρχῶν,
2737 4511 2854 4565 ἀλλ’
2885 4513 2946 4565 οὐ
2977 4513 3071 4567 δύο
3116 4513 3432 4585 ἀγενήτων;
3477 4505 3655 4567 Ἔστω
3683 4514 3743 4569 δὲ

435 4597 733 4653 ,increata'?
772 4597 924 4662 Esto,
984 4595 1194 4651 nullum
1233 4593 1339 4650 sibi
1393 4593 1500 4663 ipsi
1536 4591 1896 4659 adversetur,
1949 4591 2044 4646 sed

433 4690 696 4761 .compari
731 4695 942 4746 tantum
977 4703 1100 4745 suo.
1132 4688 1287 4752 Esto,
1319 4685 1628 4743 substantia
1659 4693 1755 4741 aut
1787 4685 2044 4742 accidens

438 4783 565 4838 sint
609 4782 888 4853 comp‘aria
941 4779 1374 4836 contrariorum.
1421 4782 1574 4845 Esto,
1619 4779 1826 4834 malum
1863 4778 1956 4844 sit,
1991 4787 2047 4834 et

451 4874 596 4928 bono
630 4875 970 4945 oppositum.
1003 4872 1136 4930 Esto
1167 4873 1367 4928 horum
1401 4871 1684 4927 distinctio
1711 4885 1859 4926 vera.
1895 4869 2045 4937 Quo.

451 4967 613 5023 modo
689 4967 817 5022 hinc
893 4967 1130 5022 duorum
1203 4966 1576 5020 increatornm
1645 4961 2045 5035 principiorum

449 5059 645 5130 dogma
678 5059 914 5116 statuis?
940 5060 1086 5126 Quid
1117 5057 1172 5113 in
1209 5056 1492 5128 prioribus
1533 5057 1754 5113 dixeras
1790 5055 2044 5127 proposi-

449 5152 734 5208 tionibus?
758 5153 937 5218 Quam
986 5152 1368 5208 necessitatem
1415 5157 1708 5216 statueras,
1740 5165 1806 5206 ex
1839 5165 1948 5222 qua
1989 5149 2041 5206 id

448 5245 754 5315 sequatur?
781 5245 950 5299 Aiunt
1005 5243 1210 5298 malum
1271 5242 1326 5297 id
1377 5256 1520 5309 esse,
1558 5231 2064 5315 quod'opponitur'

450 5336 617 5393 bono.
645 5326 812 5407 Atqui
842 5337 1016 5391 multa
1039 5343 1171 5392 sunt
1195 5344 1388 5391 mutuo
1424 5335 1724 5402 contraria,
1750 5333 2040 5392 suﬂ‘ocanti

447 5445 605 5500 aqua
633 5430 778 5502 ignis
801 5430 1103 5494 causticus,
1123 5437 1186 5483 ut
1203 5442 1303 5484 vos
1319 5428 1632 5499 loquimini,
1657 5438 1713 5484 et
1738 5429 1850 5500 igni
1876 5441 2040 5500 aqua,

449 5522 606 5576 arido
631 5521 944 5587 humidum,
978 5521 1320 5593 generationi
1361 5523 1668 5592 corruptio,
1699 5521 2040 5590 corruptioni

447 5614 731 5683 generatio
762 5631 780 5670 :
808 5630 988 5685 neqe
1030 5615 1158 5669 hinc
1199 5622 1380 5669 tamen
1409 5615 1580 5670 multa
1611 5627 1738 5670 esse
1777 5614 2042 5684 principia

449 5703 698 5761 incl-cata
723 5706 1040 5763 decernitis.
1071 5707 1358 5772 Quomodo
1389 5720 1518 5778 ergo
1563 5707 1679 5762 haec
1707 5707 1911 5771 omnia,
1940 5708 2041 5762 etsi

449 5794 688 5852 invicem
717 5796 1040 5879 naturaliter
1068 5798 1368 5864 contraria,
1392 5813 1456 5854 cx
1483 5812 1597 5853 uno
1618 5795 1890 5867 principio
1920 5812 2042 5854 esse

2152 4599 2315 4672 μηδὲν
2362 4601 2472 4654 τῶν
2519 4603 2776 4658 ἐναντίων
2823 4605 3037 4675 ἐαυτῷ,
3083 4605 3197 4674 ἰδίῳ
3229 4605 3286 4658 δὲ
3333 4606 3553 4678 συζύγῳ
3590 4608 3743 4660 ἀντι-

2147 4691 2395 4745 κεῖσθαι·
2429 4692 2570 4750 ἔστω
2595 4693 2753 4748 οὐσία
2785 4695 2818 4767 ἢ
2847 4695 3197 4769 συμϐεϐηκὸς
3227 4691 3365 4751 εἶναι
3394 4696 3462 4751 τὰ
3495 4698 3746 4768 ὁμόζυγα

2145 4783 2256 4838 τῶν
2298 4784 2884 4859 ἀντιδιαστελλομένων
2904 4806 2918 4821 ο
2973 4787 3116 4843 ἔστω
3147 4783 3290 4844 εῖναι
3336 4789 3398 4843 τὸ
3431 4791 3597 4844 κακὸν
3645 4791 3746 4845 καὶ

2146 4874 2485 4931 ἀντικεῖσθαι
2532 4877 2610 4949 τῷ
2662 4878 2888 4949 ἀγαθῷο
2939 4879 3081 4936 ἔστω
3131 4879 3228 4934 καὶ
3272 4882 3307 4952 ἡ
3351 4880 3742 4954 ἀντιδιαίρεσις

2147 4966 2353 5021 τούτων
2382 4967 2619 5039 ἀληθήςο
2651 4971 2770 5035 πῶς
2822 4971 2877 5024 δὲ
2921 4970 3172 5026 ἐντεῦθεν
3218 4971 3621 5046 δογματί[ζ]εις
3648 4973 3742 5027 δύο

2146 5061 2445 5133 ἀγενήτους
2462 5063 2672 5135 ἀρχάς;
2706 5064 2759 5118 τί
2785 5064 3024 5136 εἰρηκὼς
3042 5067 3100 5119 ὲν
3130 5065 3251 5131 ταῖς
3273 5064 3555 5137 πρώταις;
3583 5065 3742 5122 ποίαν

2147 5153 2396 5225 ἀνάγκην
2418 5153 2700 5220 τεθεικὼς,
2722 5155 2782 5222 ὲξ
2801 5149 2870 5229 ἦς
2894 5155 3054 5211 τοῦτο
3079 5158 3403 5228 συνάγεται;
3430 5153 3584 5212 Εἶναί
3605 5173 3740 5228 φησι

2146 5248 2208 5303 τὸ
2243 5248 2411 5303 κακὸν
2443 5247 2506 5303 τὺ
2532 5250 2869 5305 ἀντικεῖσθαι
2900 5251 2978 5323 τῷ
3003 5251 3195 5323 ἀγαθῷ
3216 5267 3232 5284 ο
3261 5251 3398 5306 ἀλλά
3430 5250 3603 5306 πολλά
3621 5252 3742 5306 ἐστι

2145 5342 2216 5395 τὰ
2252 5339 2383 5396 ὅντα
2413 5343 2510 5397 καὶ
2558 5343 2913 5414 ἀντικείμενα
2943 5343 3214 5415 ἀλλήλοις,
3244 5343 3322 5414 τῷ
3350 5342 3560 5413 πνικτῷ
3583 5341 3740 5396 ὕδατι

2145 5431 2206 5486 τὸ
2232 5433 2527 5487 καυστικὸν
2562 5433 2694 5504 πῦρ,
2727 5434 2803 5498 ῶς
2834 5452 2992 5504 φατεο
3039 5435 3134 5489 καὶ
3174 5434 3254 5506 τῷ
3299 5435 3435 5508 πυρὶ
3470 5435 3531 5487 τὸ
3571 5433 3740 5501 ὕδωρ,

2145 5524 2224 5594 τῷ
2273 5523 2422 5597 ξηρῷ
2465 5525 2528 5578 τὸ
2563 5527 2750 5597 ὑγρὸν,
2791 5526 2870 5598 τῷ
2902 5527 3055 5598 ὑγρῷ
3084 5527 3145 5580 τὺ
3179 5526 3363 5598 ξηρὸν,
3405 5529 3472 5598 τῇ
3517 5527 3742 5596 γενήσει

2147 5615 2180 5684 ἡ
2213 5613 2408 5684 φθορὰ,
2445 5616 2540 5668 καὶ
2564 5617 2632 5688 τῇ
2664 5615 2839 5689 φθορᾷ
2866 5619 2900 5686 ἡ
2951 5617 3171 5689 γένησις
3192 5632 3205 5648 ⁸
3249 5619 3342 5670 καὶ
3388 5617 3488 5670 οὐκ
3521 5618 3584 5670 ὲκ
3613 5614 3743 5668 τού-

2145 5723 2252 5759 των
2283 5707 2484 5772 πολλὰς
2519 5709 2696 5780 ἀρχάς
2743 5727 2880 5779 φατε
2928 5711 3246 5782 ἀγενήτους.
3282 5710 3404 5775 Πῶς
3448 5705 3540 5764 οὖν
3567 5712 3741 5763 ταῦτα

2149 5796 2248 5867 μὲν
2291 5798 2491 5866 πάντα,
2548 5799 2725 5855 καίτοι
2759 5799 2916 5870 φύσει
2963 5803 3183 5857 ἐναντία
3205 5800 3482 5874 ἀλλήλοις,
3513 5800 3745 5856 δυνατὸν
