4062 6420
285 349 394 417 557

1177 347 1633 410 DISPUTATIO
1655 346 1816 409 CUM
1843 346 2182 410 ΡΗΟΤΙΝΟ
2212 347 2652 410 ΜΑΝΙΟΗᾹΞΟ.

3471 348 3577 412 558

281 457 429 516 “'3‘
453 461 520 516 δκ
547 456 678 527 Was
706 453 884 528 ἀρχῆς
906 471 921 521 ἓ
953 453 1016 508 τὸ
1047 451 1104 508 δὲ
1142 452 1350 521 ἀγαθὸν
1383 453 1479 508 καὶ
1511 452 1572 507 τὸ
1601 452 1772 508 κακὸν
1801 451 1878 515 ὡς

1989 463 2211 523 queunt,
2253 455 2460 510 bonum
2512 461 2698 510 autem
2739 465 2805 508 ac
2834 453 3057 520 malum,
3099 450 3227 523 quia
3276 465 3408 510 sunt
3444 470 3568 512 con-

277 550 660 620 ἀντικείμενα,
685 547 749 601 οὐ
769 545 1033 610 δυνατόν;
1087 544 1298 608 ’Ἄλλως
1331 561 1389 597 τε
1420 544 1478 597 δὲ
1509 542 1646 608 πῶς,
1671 545 1876 614 ἑταῖρε,

278 642 387 695 οὐκ
433 639 674 713 ῂσθάνου
720 638 824 709 τῆς
855 638 967 693 τῶν
1005 637 1248 710 ἀρχαίων
1300 636 1481 706 σοφῶν
1528 635 1726 707 μικροῦ
1770 635 1881 689 δεῖν

276 733 548 789 ἁπάντων
580 733 712 800 περὶ
741 729 836 785 τοῦ
872 730 1046 785 κακοῦ
1089 731 1465 802 συζητήσεως,
1515 729 1578 784 τὸ
1609 729 1710 800 μὲν
1741 722 1879 783 εἶναι

273 826 419 880 αὐτὸ
468 824 567 879 καὶ
607 824 672 878 τὸ
704 823 1045 878 ἀντικεῖσθαι
1095 823 1234 894 πρὸς
1279 822 1340 876 τὸ
1375 821 1545 876 κακὸν
1595 835 1882 892 συγχωρη-

273 919 519 980 σάντων,
549 915 682 984 περὶ
703 916 763 970 δὲ
803 914 915 969 τῶν
945 915 1063 979 πῶς
1111 915 1144 986 ἢ
1181 914 1346 968 πόθεν
1381 909 1524 968 εἶναι
1566 912 1880 984 ἀντεριζόν-

270 1027 390 1064 των
419 1009 710 1080 ἀλλήλοις;
754 1007 896 1061 ’Δλλ’
936 999 1083 1060 οὗτοι
1111 1007 1212 1078 μιν
1234 1006 1427 1071 ὅντως,
1475 1007 1560 1059 σοι
1589 1006 1647 1060 δὲ
1687 1004 1749 1058 τὺ
1783 1003 1881 1076 μὲν

270 1098 420 1154 εἶναι
452 1099 550 1154 τοῦ
580 1097 776 1163 κακοῦ,
811 1098 874 1152 τὸ
905 1098 1036 1155 ποτὶ
1065 1098 1198 1153 αὐτὸ
1227 1099 1576 1168 νενόμισται·
1607 1097 1670 1150 τὸ
1692 1097 1751 1151 δέ
1775 1113 1882 1152 τινι

267 1192 650 1255 ἀντικεῖσθαι,
694 1191 760 1246 τὸ
788 1190 938 1255 πῶς·
987 1190 1189 1263 μᾶλλον
1214 1189 1276 1244 δὲ
1303 1189 1364 1244 ἓν
1394 1207 1480 1244 σοι
1502 1190 1565 1246 τὸ
1596 1190 1706 1245 πᾶν
1733 1188 1882 1243 λελόο

269 1301 491 1352 γισται.

344 1375 462 1428 Ἦν
499 1375 601 1446 μὲν
629 1375 790 1430 ίκανά
817 1375 915 1428 καὶ
939 1371 1117 1428 ταῦτα
1151 1378 1290 1446 πρὸς
1313 1373 1384 1428 τά
1410 1372 1767 1446 προτεθένταο
1789 1389 1883 1428 κε-

268 1468 494 1537 φάλαια
513 1468 558 1522 δ’
583 1469 734 1540 ὅμως
759 1468 883 1523 τινὰ
917 1465 1205 1533 συνέταξα,
1231 1465 1329 1522 νῦν
1362 1469 1464 1539 μὲν
1496 1466 1882 1539 συγχωροῦντα

265 1558 626 1614 ἀντικεῖσθαι
654 1557 731 1629 τῷ
766 1557 960 1629 ἀγαθῷ
989 1559 1054 1612 τὸ
1081 1559 1274 1626 κακὸν,
1301 1558 1700 1614 ἀποδεικνύντα
1717 1559 1774 1613 δὲ
1803 1559 1883 1630 μὴ

269 1647 419 1706 εἶναι
453 1651 519 1704 τὸ
549 1650 743 1712 κακὸν,
776 1651 916 1720 μήτε
949 1649 1125 1722 ἀρχὴν
1155 1650 1444 1720 ἀγένητον,
1480 1652 1622 1722 μήτε
1674 1667 1882 1705 συνυπ»

273 1744 450 1815 ἀρχόν
483 1741 626 1814 Θεῷ·
655 1741 751 1795 νῦν
787 1741 845 1794 δὲ
886 1744 970 1799 ὄτι
1011 1741 1090 1814 τῷ
1131 1741 1324 1815 ἀγαθῷ
1365 1742 1466 1797 οὐκ
1493 1742 1796 1798 ἀντίκειται
1822 1743 1883 1797 τὸ

273 1807 472 1898 κακόν·
505 1807 600 1890 καί
619 1837 751 1890 ποτὲ
783 1837 885 1906 μὲν
913 1807 1266 1909 πριστῶντα
1292 1807 1376 1893 δτι
1399 1838 1494 1892 καὶ
1514 1837 1574 1904 ἐξ
1595 1832 1672 1893 ὧν
1691 1839 1742 1892 οί
1763 1839 1882 1893 Μα-
1913 1807 1961 1868 Β

276 1926 481 1999 νιχαῐοί
528 1944 717 1996 φασιν,
751 1928 812 1981 οὐ
841 1926 936 1982 δύο
959 1926 1135 1999 ἀρχὰς
1171 1930 1469 2002 ἀγενήτους
1499 1930 1714 2001 ἀνάγκη
1758 1931 1883 2000 δογ-

295 2018 563 2088 μτίζειν·
619 2016 751 2071 ποτὲ
789 2017 847 2072 δὲ
879 2019 1010 2088 περὶ
1045 2016 1140 2072 τοῦ
1172 2018 1380 2086 ἀγαθοῦ
1429 2021 1525 2075 καὶ
1568 2020 1663 2075 τοῦ
1708 2020 1881 2075 κακοῦ

294 2111 418 2164 κατ’
442 2109 685 2179 ἀνάγκην
713 2108 1134 2179 δογματίζονταο
1157 2112 1205 2164 εί
1237 2110 1368 2164 ἀλλο
1388 2111 1447 2166 τό
1474 2129 1528 2166 τι
1559 2108 1721 2178 εἶναι,
1752 2111 1882 2166 ἀλλο

291 2201 351 2254 δὲ
377 2201 438 2254 τὸ
463 2199 801 2255 ἀντικεῖσθαί
837 2201 893 2254 τί
927 2219 1055 2258 τινι.

349 2391 421 2438 α’.
455 2384 533 2438 Τὸ
565 2383 666 2455 μὲν
691 2382 803 2457 γὰρ
829 2379 970 2438 εἶναι
991 2401 1066 2449 τι,
1099 2383 1221 2440 καθ’
1251 2385 1434 2439 ἑαυτόο
1463 2385 1525 2438 τὸ
1557 2386 1614 2440 δὲ
1645 2387 1884 2441 ἀντικεῖ-

276 2475 431 2534 σθαι.
464 2476 604 2547 πρὸς
628 2475 777 2532 ἄλλο·
817 2477 913 2530 καὶ
944 2477 1294 2549 προῡπάρχει
1322 2477 1425 2550 μὲν
1449 2477 1546 2532 τοῦ
1569 2477 1708 2549 πρὸς
1732 2478 1879 2546 ἀλλο,

272 2569 342 2623 τὸ
368 2568 493 2622 καθ’
525 2570 710 2623 ἑαυτό·
737 2567 1082 2640 μεθυπάρχει
1103 2569 1160 2622 δὲ
1189 2567 1282 2622 τοῦ
1319 2569 1444 2624 καθ’
1465 2570 1628 2624 ἑαυτὸ
1659 2570 1721 2624 τὸ
1746 2571 1883 2644 πρὸς

276 2660 431 2718 me.
457 2659 619 2725 HJK;
648 2660 748 2715 Διά
769 2659 834 2712 τὸ
853 2659 1192 2714 ἀντικεῖσθαι
1222 2659 1303 2732 τῷ
1334 2660 1436 2731 μὲν
1463 2658 1658 2731 ἀγαθῷ
1685 2661 1749 2715 τὸ
1781 2677 1884 2716 πο-

278 2753 469 2823 νηρὸν,
509 2749 589 2821 τῷ
617 2749 676 2804 δὲ
717 2749 943 2822 πονηρῷ
976 2751 1037 2803 τὸ
1071 2748 1298 2820 ἀγαθὸν,
1331 2751 1702 2823 συνυπάρχειν
1741 2749 1884 2806 αὐτὰ

278 2842 540 2914 ἀλλήλοις
557 2843 794 2913 ἀνάγκηο
817 2843 913 2895 καὶ
931 2843 979 2895 εί
999 2843 1102 2896 οὐκ
1119 2842 1337 2912 ἀνάγκη
1355 2841 1444 2896 διὰ
1462 2841 1524 2897 τὸ
1541 2843 1881 2898 ἀντικεῖσθαι

285 2934 429 2989 αὒτά
455 2932 730 3006 ἀλλήλοις,
773 2934 989 3005 ἀνάγκη
1024 2933 1118 2988 δύο
1149 2933 1500 3005 δογματίζειν
1534 2935 1712 3007 ἀρχὰς
1748 2936 1882 3005 ἀγε-

283 3026 510 3098 νήτους.
533 3027 646 3092 Τάς
684 3027 796 3101 γὰρ
837 3029 1140 3101 ἀγενήτους
1167 3028 1365 3102 ἀρχὰς,
1392 3028 1760 3101 συνυπάρχειν
1787 3028 1882 3084 ἀλ⁹

280 3116 480 3188 λήλαις
503 3118 740 3188 ἀνάγκη.

1984 546 2172 610 traria,
2194 561 2300 601 non
2320 545 2568 616 queunt?
2592 544 2812 616 Alioqui
2839 559 2990 612 vero,
3005 545 3305 615 quomodo,
3331 560 3364 600 o
3389 548 3572 614 sodes,

1982 653 2094 694 non
2123 639 2297 696 sentis
2323 639 2573 697 omnium
2608 649 2778 709 prope
2809 638 3007 708 priscae
3031 639 3208 695 aetatis
3239 641 3577 711 sapientium

1981 730 2051 786 de
2078 731 2224 786 malo
2252 731 2634 801 quaestionem,
2658 730 2763 802 qui
2785 739 2841 786 et
2869 731 3003 787 illud
3055 745 3179 788 esse
3231 748 3422 789 revera
3455 749 3576 788 ma-

1982 818 2096 874 lum
2128 828 2186 875 et
2218 819 2363 874 bono
2387 820 2701 891 oppositum
2738 822 3071 889 concedunt,
3103 823 3194 878 sed
3226 825 3504 894 quomodo
3523 835 3581 882 et

1983 909 2132 967 unde
2155 910 2269 978 ﬁat,
2294 910 2526 968 invicem
2557 911 2959 970 contradicunt.
2979 912 3050 968 At
3079 913 3135 968 hi
3165 915 3387 985 quidem
3418 929 3575 983 vere;

1961 1004 2082 1060 tibi
2103 1013 2292 1060 autem
2322 1005 2452 1060 mali
2482 1005 2823 1071 exsistentla,
2854 1021 2957 1076 pro
2975 1008 3099 1079 ejus
3118 1021 3288 1064 causa
3313 1017 3434 1076 est;
3459 1007 3578 1078 ejus

1983 1105 2167 1152 autem
2195 1096 2492 1167 oppositio,
2523 1095 2700 1152 instar
2753 1097 2900 1152 modi
2934 1105 3038 1155 est.
3069 1099 3187 1156 lmo
3240 1113 3373 1154 vero
3399 1107 3578 1155 totum

1982 1187 2210 1260 perinde
2236 1201 2408 1242 unum
2431 1201 2460 1242 a
2487 1196 2541 1242 te
2570 1194 2876 1258 reputatur.

2054 1363 2315 1422 Profecto
2339 1364 2458 1420 hac
2479 1361 2791 1420 sufﬁcerent
2821 1362 2891 1418 ad
2923 1365 3298 1434 pra-cedentes
3328 1365 3579 1436 proposi-

1983 1460 2164 1516 tiones
2181 1472 2444 1527 responsa
2471 1474 2485 1512 :
2511 1455 2877 1512 nihilominus
2891 1457 3134 1527 capitula
3153 1459 3401 1528 quaedam
3424 1473 3576 1515 com-

1969 1551 2169 1622 posui,
2187 1564 2312 1620 qua:
2333 1549 2498 1605 modo
2517 1549 2744 1620 quidem
2772 1548 3089 1606 concedunt
3114 1549 3429 1621 oppositum
3457 1565 3582 1607 esse

1984 1643 2132 1698 bono
2163 1641 2391 1707 malum,
2417 1640 2512 1696 sed
2541 1640 2710 1694 simul
2737 1639 3139 1706 demonstrant,
3167 1642 3370 1697 malum
3403 1655 3582 1712 neque

1986 1735 2322 1805 principium
2352 1747 2478 1789 esse
2502 1731 2834 1796 increatum,
2865 1747 3046 1804 neque
3070 1748 3196 1789 cum
3230 1731 3344 1788 Deo
3367 1735 3581 1790 coexsi-

1990 1837 2173 1890 stens;
2206 1824 2370 1881 modo
2403 1832 2586 1880 autem
2613 1863 2631 1889 ,
2665 1824 2812 1895 quod
2844 1823 2990 1879 bono
3019 1825 3334 1896 oppositum
3372 1826 3580 1882 malum

1991 1934 2100 1975 non
2125 1919 2238 1974 sit:
2271 1928 2326 1974 et
2350 1916 2648 1988 aliquando
2677 1917 3073 1987 comprobant,
3113 1918 3260 1987 quod
3303 1919 3472 1974 etiam
3514 1933 3583 1973 ex

1989 2009 2152 2068 dictis
2186 2023 2216 2063 a
2256 2006 2576 2063 Manichaais
2599 2046 2616 2072 ,
2647 2006 2762 2062 duo
2793 2006 3034 2062 increata
3067 2007 3336 2076 principia
3372 2021 3481 2062 non
3509 2006 3585 2061 sit

1991 2114 2216 2158 necesse
2237 2098 2649 2170 dogmatizare;
2697 2097 2996 2168 aliquando
3037 2108 3224 2154 autem
3263 2100 3581 2155 necessario

1989 2192 2058 2248 de
2084 2192 2230 2246 bono
2260 2199 2317 2246 et
2349 2189 2496 2244 malo
2526 2187 2926 2259 dogmatizant,
2957 2197 3141 2243 utrum
3171 2189 3318 2244 aliud
3351 2190 3422 2246 sit
3459 2205 3584 2247 esse

1989 2282 2197 2353 aliquid
2219 2321 2236 2347 ,
2279 2280 2427 2336 aliud
2449 2294 2582 2336 vero
2615 2279 2784 2334 alicui
2815 2294 2940 2336 esse
2971 2280 3309 2351 oppositum.

2062 2375 2116 2430 1.
2154 2371 2293 2428 Nam
2338 2385 2464 2428 esse
2500 2371 2746 2441 aliquid,
2795 2372 3032 2426 refertur
3061 2371 3132 2426 ad
3162 2386 3260 2438 se;
3297 2370 3582 2427 adversari

1991 2477 2206 2532 autem,
2237 2467 2475 2537 pertinet
2497 2465 2566 2520 ad
2589 2465 2757 2520 aliud.
2790 2464 2955 2522 Prius
2978 2476 3064 2521 est
3089 2474 3272 2522 autem
3307 2465 3459 2536 quod
3493 2481 3581 2522 re-

1989 2559 2164 2615 fertur
2185 2558 2252 2613 ad
2283 2573 2364 2621 se,
2391 2557 2486 2611 illo
2511 2557 2659 2626 quod
2690 2556 2759 2612 ad
2782 2556 2951 2612 aliud.
2979 2557 3086 2612 Sed
3117 2567 3300 2613 tamen
3329 2559 3446 2613 haec
3469 2557 3583 2613 duo

1989 2649 2351 2708 coexsistunt.
2374 2644 2518 2714 Quid
2538 2646 2656 2701 ita?
2683 2647 2811 2718 quia
2835 2647 3097 2716 quoniam
3120 2648 3416 2718 opponitur
3437 2649 3584 2703 bono

1987 2743 2197 2800 malum
2220 2781 2238 2808 ,
2271 2738 2420 2796 malo
2450 2749 2634 2794 autem
2667 2739 2909 2804 bonum,
2959 2737 3078 2794 lucc
3119 2739 3454 2796 coexsistere
3485 2755 3577 2796 ne-

1988 2847 2146 2890 cesse
2177 2841 2283 2888 est.
2326 2829 2484 2898 Quod
2527 2828 2576 2886 si
2621 2829 2678 2884 id
2726 2845 2837 2884 non
2885 2828 2959 2885 sit
3002 2843 3256 2898 necesse,
3292 2839 3583 2901 propterea

1987 2925 2136 2996 quod
2163 2923 2400 2978 invicem
2422 2922 2535 2978 sint
2553 2921 2825 2991 opposita,
2859 2935 3088 2977 necesse
3109 2931 3193 2978 est
3221 2920 3334 2977 duo
3359 2923 3586 2978 credere

1983 3014 2259 3088 principia
2289 3014 2554 3070 increata.
2585 3011 2804 3069 Etenim
2842 3012 3090 3070 increata
3121 3013 3394 3084 principia
3419 3028 3584 3070 eaex,

1990 3108 2187 3163 sistere
2209 3105 2444 3162 invicem
2476 3119 2698 3161 necesse
2725 3112 2831 3160 est.

357 3209 427 3280 β’.
457 3173 545 3263 Ἐἰ
591 3173 785 3281 ωσπερ
836 3210 872 3280 ἡ
918 3210 1121 3280 γνῶσις
1163 3213 1277 3267 τῶν
1301 3210 1696 3282 ἀντικειμένων
1741 3211 1883 3266 κατά

2055 3196 2111 3251 2.
2161 3195 2260 3261 Si,
2307 3194 2474 3249 veluti
2517 3195 2758 3266 cognitio
2799 3193 3176 3265 oppositurum
3221 3195 3471 3266 exsurgit
3511 3209 3579 3250 ex

283 3298 600 3370 παράθεσιν
641 3299 890 3368 γίγνεται
933 3299 1044 3353 τῶν
1077 3300 1492 3371 ἀντικειμένων,
1527 3299 1672 3354 οὕτω
1723 3299 1817 3354 καὶ
1847 3301 1882 3372 ἡ

283 3390 526 3462 ὕπαρξις
560 3390 672 3442 τῶν
702 3391 1095 3462 ἀντικειμένων
1127 3392 1270 3446 κατά
1304 3392 1610 3465 παράθεσιν
1645 3394 1882 3466 ὑπάρχει

284 3481 395 3534 τῶν
421 3479 1034 3551 ἀντιδιαστελλομένων,
1063 3479 1180 3544 πῶς
1211 3482 1314 3535 οὐκ
1361 3481 1682 3554 ἀλληλαίτια
1728 3484 1882 3538 ἔσται

273 3576 675 3646 ’ἀντικείμενας
714 3575 823 3628 Καὶ
851 3575 899 3628 εί
923 3574 1244 3646 ἀλληλοιίτιά
1267 3578 1383 3629 ἐστι
1411 3575 1481 3630 τά
1507 3575 1880 3647 ἀντικείμενα,

285 3669 402 3732 πῶς
425 3668 533 3722 οὐκ
565 3667 720 3722 ἔσται
751 3666 845 3720 τοῦ
873 3668 1046 3721 κακοῦ
1077 3668 1249 3721 αἴτιον
1279 3667 1339 3722 τὸ
1366 3668 1592 3737 ἀγαθὸν,
1628 3669 1723 3722 καὶ
1748 3669 1880 3723 ἀνά-

283 3761 452 3816 saltv
477 3776 495 3825 ;
529 3760 711 3830 Ὅπερ
735 3760 958 3814 ἄτοπον.

355 3860 430 3922 γ’.
487 3852 550 3906 Εἰ
606 3854 670 3906 ὲκ
717 3852 1080 3924 παραθέσεως
1117 3852 1226 3906 τῶν
1261 3853 1677 3922 ἀντικειμένων,
1711 3857 1743 3924 ἡ
1781 3856 1885 3908 ῦπ-

269 3945 453 4018 ζαρξις
486 3944 634 3998 ἐσται
666 3943 777 3998 τῶν
807 3944 1222 4014 ἀντικειμένων,
1261 3943 1379 4009 πῶς
1424 3945 1460 4018 η
1496 3946 1886 4018 ἀντιδιαίρεσις

459 4036 716 4091 ἐναντίων
767 4013 1067 4104 ἀναγκάζει
1111 4013 1480 4108 συνυπάρχειν
1515 4013 1766 4107 super}
1816 4037 1885 4091 τά

268 4123 653 4200 ⁶ἀντικείμενα
671 4145 687 4193 ;

357 4224 424 4278 δ’.
456 4223 524 4276 El
553 4220 709 4276 οὐδὲν
757 4219 926 4274 πλέον
969 4220 1261 4274 ἐπίσταται
1299 4221 1329 4275 δ
1365 4219 1502 4285 Θεὸς
1532 4219 1603 4274 τά
1639 4219 1885 4292 παρόντα

269 4319 382 4370 ’καὶ
401 4313 695 4385 γεγονότα,
725 4312 760 4383 ἢ
784 4311 854 4366 τά
883 4310 1104 4366 ἔσεσθαι
1142 4312 1426 4384 μέλλοντα,
1457 4311 1578 4374 πῶς
1624 4312 1887 4366 ἀδύνατον

287 4403 481 4466 αὐτὸν,
515 4400 708 4474 ὥσπερ
755 4401 868 4464 τοῖς
913 4400 1150 4475 παροῦσι
1198 4403 1295 4455 καὶ
1339 4403 1440 4474 ἢδη
1476 4403 1884 4472 γεγενημένοις,

1986 3287 2399 3358 comparatione
2429 3285 2662 3340 aliorum
2692 3287 3100 3356 Oppositorum,
3130 3287 3205 3341 ita
3237 3288 3402 3342 etiam
3430 3290 3580 3344 exsi-

1986 3380 2185 3436 SIeutia
2216 3379 2596 3450 oppositurum
2623 3393 2689 3434 ex
2715 3378 3123 3448 comparatione
3150 3379 3403 3434 consistit
3424 3379 3582 3438 diﬂ'e-

1987 3475 2224 3529 rentium
2256 3513 2272 3538 ,
2301 3471 2494 3542 quidni
2522 3480 2772 3524 mutuam
2803 3485 3030 3526 causam
3064 3469 3168 3526 sibi
3199 3481 3460 3542 praestent
3478 3475 3583 3544 0p-

1986 3563 2212 3636 posita?
2247 3561 2406 3629 Quod
2457 3562 2504 3618 si
2551 3563 2785 3616 invicem
2831 3559 3127 3633 opposita,
3171 3573 3363 3620 mutua
3410 3579 3581 3622 causa

1987 3663 2117 3710 sunt
2143 3697 2158 3722 ,
2187 3653 2378 3725 quidni
2405 3653 2536 3709 mali
2565 3670 2736 3710 causa
2768 3653 2841 3711 sit
2868 3654 3100 3721 bonum,
3149 3665 3206 3714 et
3236 3655 3355 3713 vice
3389 3658 3585 3714 versa!

1987 3745 2146 3812 Quod
2176 3755 2259 3801 est
2293 3745 2615 3800 absurdum.

2060 3840 2112 3894 3.
2169 3837 2226 3892 Si
2261 3853 2325 3892 ex
2360 3837 2772 3906 comparatione
2803 3836 3180 3907 oppositorum
3202 3877 3220 3902 ,
3260 3813 3585 3894 exsistentia

1988 3929 2370 4001 oppositorum
2412 3928 2500 3994 lit,
2527 3928 2809 3998 quomodo
2839 3927 3146 3983 diﬂ‘erentia
3173 3928 3580 3985 contrariorum

1988 4022 2136 4092 cogit
2165 4020 2504 4077 coexsistere
2526 4028 2720 4076 mutuo
2741 4019 3032 4090 opposita?
3577 4033 3581 4036 '

2059 4198 2116 4252 4.
2155 4195 2214 4252 Si
2242 4196 2386 4254 Deus
2415 4212 2524 4252 non
2554 4198 2731 4270 magis
2759 4199 2864 4254 scit
2893 4201 3186 4270 praesentia
3217 4211 3276 4257 et
3302 4202 3577 4271 praterita

1989 4303 2154 4360 quam
2185 4289 2391 4359 futura,
2421 4306 2524 4347 cur
2543 4292 2616 4349 sit
2646 4293 2988 4364 impossibile
3011 4293 3165 4348 illum
3191 4295 3353 4352 sicuti
3385 4311 3415 4350 a
3440 4311 3579 4367 pra»

1989 4383 2239 4439 sentibus
2262 4392 2317 4438 et
2341 4398 2371 4437 a
2401 4384 2696 4453 praneritis
2719 4425 2735 4451 ,
2777 4385 2852 4439 ita
2887 4385 3051 4440 etiam
3087 4401 3118 4442 a
3149 4385 3350 4442 futuris
3377 4386 3578 4444 distin-

287 4495 433 4548 οὕτω
463 4495 706 4557 καὶτοῖς
737 4491 957 4547 ἔσεσθαι
987 4493 1275 4564 μέλλουσιν
1320 4493 1884 4562 ἀντιδιαστέλλεσθαις
1922 4511 1970 4569 ολ
1991 4475 2202 4547 Βαθτθῖ
2441 4477 2488 4532 εί
2532 4492 2641 4532 που
2670 4477 3133 4569 βειηίβοσξίδηθ
3170 4478 3579 4569 θθυδιβίειῖηο

289 4586 398 4640 Καὶ
423 4587 477 4639 εί
501 4585 605 4638 οὐκ
627 4583 890 4639 ἀδύνατον
909 4583 1438 4644 ἀντιδιαστέλλεσθαι
1463 4588 1576 4650 τοῖς
1601 4585 1888 4656 μέλλουσιν

289 4679 518 4734 ἐσεσθαι
578 4677 671 4730 τὸν
696 4677 848 4743 Θεὸν,
884 4676 1002 4741 πῶς
1028 4675 1120 4731 διά
1157 4678 1222 4731 τὸ
1246 4676 1778 4732 ἀντιδιαστέλλεσθαι
1807 4677 1890 4749 τῷ

288 4769 488 4841 ἀγαθῷ
518 4768 654 4822 αὐτὸ
679 4767 741 4822 τδ
767 4768 959 4833 κακὸν,
988 4767 1205 4838 ἀνάγκη
1233 4767 1500 4840 ἀγένητον
1528 4764 1669 4824 εἶναι
1696 4768 1757 4824 τὸ
1782 4787 1886 4823 κα-

287 4862 420 4927 adv;

359 4961 420 5010 ε’.
457 4953 526 5007 Ei
561 4952 781 5022 πρῶτον
807 4950 904 5005 τοῦ
942 4950 1174 5022 γενητοῦ
1217 4951 1280 5006 τὸ
1317 4949 1608 5023 ἀγένητον,
1640 4950 1889 5006 τουτέστι

280 5046 347 5100 to
379 5045 581 5110 ἀῖδιον,
621 5043 714 5096 καὶ
737 5041 967 5112 ὕστερον
995 5039 1060 5095 τὸ
1079 5039 1329 5111 γενητὸν,
1361 5039 1610 5095 τουτέστι
1634 5039 1697 5096 τδ
1735 5039 1888 5112 πρῶ-

288 5153 386 5192 τον
417 5136 524 5206 μὲν
557 5135 635 5205 μὴ
661 5131 740 5198 ὃν,
774 5130 1002 5203 ὕστερον
1027 5130 1085 5185 δὲ
1112 5130 1359 5200 γεγονὸς,
1394 5127 1887 5186 ἀντιδιαστέλλεται

289 5227 354 5282 δι
384 5226 465 5298 τῷ
493 5224 706 5298 γενητῷ
736 5223 801 5278 τὸ
832 5223 1119 5294 ἀγένητονο
1147 5222 1266 5286 πῶς
1309 5222 1370 5276 οὐ
1402 5222 1545 5277 κατά
1581 5239 1703 5276 τινα
1730 5220 1888 5290 λόγον

289 5320 402 5393 πρὸ
418 5317 516 5374 τοῦ
541 5314 681 5372 εἷναί
703 5334 758 5372 τι
777 5315 1004 5387 γενητὸν
1032 5313 1434 5369 ἀντιδιέσταλτο
1459 5314 1539 5386 τῷ
1561 5314 1638 5386 μὴ
1659 5313 1887 5386 παρόντι

287 5409 513 5485 γενητῷ
544 5409 606 5464 τὸ
637 5408 928 5480 ἀγένητον;
976 5407 1039 5460 Εἰ
1089 5406 1315 5460 δυνατὸν
1371 5405 1514 5460 κατά
1559 5422 1680 5460 τινα
1730 5407 1888 5476 λόγον

287 5499 834 5562 ἀντιδιαστέλλεσθαι
883 5499 963 5570 τῷ
1007 5499 1174 5570 μήπω
1213 5497 1463 5566 γεγονότι
1501 5497 1564 5551 τὸ
1597 5497 1886 5570 ἀγένητον,

288 5599 408 5661 πῶς
431 5594 698 5650 ἀδύνατον
725 5593 866 5648 κατά
883 5607 1004 5647 τινα
1025 5590 1227 5664 τρόπον
1251 5589 1782 5649 ἀντιδιαστέλλεσθαι
1809 5591 1887 5662 τῷ

286 5697 466 5763 primo
495 5688 612 5743 ὕντι
646 5685 869 5759 πονηρῷ
896 5685 959 5741 τὸ
983 5684 1152 5741 ἀῖδιον
1187 5682 1424 5756 ἀγαθόν;

1989 4582 2157 4640 suere
2183 4583 2215 4624 a
2233 4567 2455 4635 futuris,
2473 4583 2573 4624 cur
2591 4568 2723 4638 quia
2737 4567 3100 4641 distinguitur
3119 4583 3150 4624 a
3178 4570 3327 4627 male
3348 4567 3576 4636 bonum,

1989 4675 2214 4720 necesse
2245 4661 2316 4718 sit
2347 4663 2556 4719 malum
2579 4676 2703 4720 esse
2734 4661 3039 4718 incroatum
3059 4663 3086 4716 τ

2017 4815 2052 4874 ιι

2061 4943 2116 5000 5.
2160 4943 2216 4998 Si
2249 4944 2404 5016 prius
2427 4955 2612 5003 creato
2633 4956 2718 5004 est
2741 4948 3070 5015 incrcatum,
3099 4949 3152 5006 id
3177 4956 3263 5007 est
3286 4957 3580 5012 aeternum.

1989 5042 2042 5092 et
2067 5033 2266 5092 deinde
2281 5047 2537 5094 creatum
2562 5079 2578 5104 ,
2628 5038 2683 5094 id
2722 5051 2807 5096 est
2845 5038 3028 5110 primo
3050 5040 3274 5111 quidem
3303 5039 3433 5094 olim
3469 5054 3577 5095 non

1989 5125 2260 5190 exsistens
2282 5135 2470 5196 postea
2491 5128 2696 5187 factum
2719 5150 2734 5199 ;
2762 5131 3120 5204 distinguitur
3137 5141 3319 5187 autem
3343 5147 3373 5187 a
3396 5141 3578 5209 creato

1989 5215 2330 5286 increatum;
2357 5221 2643 5291 quomodo
2663 5236 2772 5278 non
2806 5224 2989 5295 aliqua
3016 5233 3165 5281 certe
3188 5224 3420 5290 ratione,
3449 5233 3579 5281 ante

1989 5323 2156 5380 quam
2180 5309 2390 5381 aliquid
2411 5322 2564 5368 esset
2605 5311 2809 5371 factum
2835 5355 2851 5380 ,
2883 5315 3318 5387 distinguebatur
3356 5329 3387 5368 a
3437 5329 3577 5385 pra:-

1991 5407 2154 5457 sento
2177 5412 2363 5458 creato
2397 5405 2749 5462 increatum?
2780 5407 2845 5463 Et
2876 5409 2924 5466 si
2952 5407 3224 5479 posslbile
3244 5415 3358 5474 est,
3387 5416 3447 5461 ut
3474 5405 3544 5461 ali
3563 5435 3577 5446 ι

1990 5505 2096 5561 qua
2132 5492 2343 5548 ratione
2375 5495 2742 5568 distinguatur
2787 5514 2818 5554 a
2864 5499 3106 5554 nondum
3153 5497 3454 5554 exsistente
3495 5498 3578 5552 in-

1991 5591 2268 5652 creatum;
2316 5591 2595 5658 quomodo
2641 5591 2983 5660 impossibile
3039 5600 3124 5646 est
3181 5590 3366 5661 aliquo
3411 5589 3577 5646 modo

1989 5673 2252 5749 distingui
2285 5695 2318 5735 a
2354 5682 2597 5738 nondum
2625 5683 2770 5738 malo
2801 5683 2851 5737 id
2887 5682 3037 5752 quod
3073 5691 3338 5740 atomum
3371 5683 3575 5743 bonum

1990 5771 2117 5828 ειιε
