4062 6464
367 364 494 428 --359

1648 367 1879 429 PAULI
1910 369 2357 432 CHRISTIANI

3551 369 3667 434 560

458 475 512 530 6.
547 471 603 528 Si
639 470 791 542 prius
821 471 1036 543 incepto
1055 481 1141 529 est
1166 485 1276 528 non
1313 479 1578 542 emptum,
1624 480 1675 529 et
1703 475 1965 544 posterius

2152 486 2224 544 ς’.
2269 479 2335 534 Ei
2369 477 2587 551 πρῶτον
2616 475 2711 532 τοῦ
2742 477 2971 550 ἐνάρχου
3001 477 3062 531 τὸ
3083 476 3338 549 ἄναρχον,
3372 479 3466 532 καὶ
3501 477 3667 533 ὓστε-

387 580 498 624 non
531 574 711 636 coepto
743 576 827 620 cst
868 565 1182 636 inceptum;
1217 564 1686 636 distinguiturque
1719 567 1786 622 ab
1815 567 1970 624 ince-

384 664 482 728 pto
504 672 614 713 non
659 667 921 727 emptum,
951 671 1051 712 cur
1082 671 1190 712 non
1223 654 1406 726 aliqua
1431 657 1644 714 ratioe
1674 667 1968 728 antequam

385 750 592 820 aliquid
626 757 774 804 esset
818 747 1130 818 inceptum?
1167 745 1235 802 Et
1268 749 1316 803 si
1357 747 1623 818 possibile
1662 759 1748 805 est
1785 751 1970 822 aliqua

385 843 597 899 ratione
622 840 881 910 distingui
923 853 954 892 a
989 837 1233 894 nondum
1278 840 1576 897 exsistente
1608 841 1829 913 incepto
1856 857 1968 899 non

385 927 664 1004 coeptum,
703 932 978 1003 quomodo
1006 931 1347 1001 impossibile
1379 933 1451 988 sit
1488 934 1726 1003 quadam
1754 935 1970 992 ratione

386 1025 648 1094 distingui
672 1038 702 1077 a
732 1021 976 1078 nondum
1007 1021 1306 1079 exsistente
1340 1021 1484 1077 malo
1515 1021 1721 1079 bonum
1751 1026 1968 1080 increa-

383 1121 537 1176 tum?

454 1211 507 1264 7.
552 1209 763 1265 Bonum
811 1217 867 1265 ct
914 1203 1217 1264 increatum
1255 1208 1455 1265 virtute
1511 1207 1775 1278 propria,
1834 1206 1968 1263 illud

380 1300 600 1370 quidem
627 1300 875 1356 habitum
895 1299 1270 1365 demonstrat,
1311 1300 1614 1355 increatum
1643 1307 1825 1354 autem
1857 1299 1970 1369 pri-

379 1395 676 1449 vationem.
740 1394 919 1463 Atque
979 1393 1032 1448 in
1094 1395 1197 1448 hoc
1235 1393 1467 1449 invicem
1511 1391 1772 1448 diﬂ‘eruut
1812 1409 1825 1446 :
1871 1392 1968 1448 sed

379 1483 701 1540 dili‘erentiae
726 1484 910 1550 modo,
957 1498 1064 1538 non
1105 1483 1421 1554 discrepant
1446 1484 1587 1538 inter
1615 1497 1696 1539 se.
1737 1481 1968 1549 Quando

379 1575 524 1630 enim
557 1583 613 1631 et
645 1574 920 1646 quomodo
952 1575 1178 1641 bonum,
1210 1574 1464 1631 similiter
1490 1581 1545 1631 et
1574 1573 1878 1630 increatum
1913 1574 1966 1631 in

378 1666 494 1724 Deo
524 1668 904 1738 distinguitur.

2077 587 2170 642 ρον
2197 562 2551 642 τοῦ’ἐνάρχου
2581 570 2644 624 τὸ
2681 569 2930 642 ἔναρχον,
2973 569 3464 624 ἀντιδιαστέλλεται
3493 571 3550 624 δὲ
3581 571 3669 644 τῷ

2073 663 2388 734 ἐνάρχῳίτὸ
2413 663 2687 734 ἄναρχον,
2707 661 2826 734 πῶς
2855 659 2917 714 οὐ
2951 678 3056 734 τινι
3092 662 3281 734 τρόπῳ
3325 662 3430 733 πρὸ
3461 663 3557 716 τοῦ
3587 661 3670 718 εἷ-

2072 733 2243 789 ναιτι
2266 733 2550 806 εναρχονς
2582 733 2704 787 Καὶ
2731 735 2781 786 ει
2809 733 3032 786 δυνατόν
3060 733 3167 786 τινι
3195 735 3385 803 τρόπῳ
3418 734 3664 788 ἀντιδια-

2074 826 2394 882 στέλλεσθαι
2442 825 2522 897 τῷ
2574 825 2740 896 μήπω
2773 823 3001 896 παρόντι
3031 822 3246 894 ἐνάρχῳ
3292 823 3354 875 τὸ
3399 821 3660 894 ἄναρχον,

2073 919 2191 984 ¹πῶς
2213 919 2476 975 ἀδύνατον
2505 918 2649 974 κατά
2679 935 2804 972 τινα
2835 917 2991 985 λόγον
3021 913 3550 970 ἀντιδιαστέλλεσθαι
3579 916 3659 987 τῷ

2075 1008 2245 1080 μήπω
2274 1007 2500 1079 παρόντι
2533 1007 2690 1077 κακῷ
2721 1007 2782 1061 τὸ
2811 1005 2972 1060 καλὸν
2998 1006 3059 1059 τὸ
3079 1005 3376 1074 ἀγένητον;

2145 1206 2211 1272 C’.
2244 1207 2319 1261 Τὸ
2347 1207 2551 1275 ἀγαθὸν
2581 1209 2678 1261 καὶ
2707 1205 2771 1259 τὸ
2791 1206 3058 1276 ἀγένητον
3081 1205 3312 1276 δυνάμει
3331 1204 3392 1257 τὸ
3421 1206 3520 1275 μὲν
3547 1205 3661 1270 ἐξιν

2071 1297 2246 1369 δηλοῖ,
2278 1298 2340 1352 τὸ
2375 1299 2434 1352 δὲ
2469 1297 2734 1367 ἀγένητον
2769 1296 3046 1370 στέρησιν.
3085 1295 3197 1349 Καὶ
3244 1293 3418 1364 τούτῳ
3453 1294 3554 1364 μὲν
3582 1294 3664 1347 δι-

2073 1389 2392 1460 ενηνόχασιν
2417 1389 2684 1460 ἀλλήλων·
2711 1387 2790 1458 τῷ
2827 1388 2884 1441 δὲ
2911 1387 3100 1459 τρόπῳ
3128 1387 3228 1458 τῆς
3251 1385 3664 1453 ἀντιδιαστολῆς

2069 1481 2421 1554 διαφέρουσιν
2450 1481 2692 1553 ἀλλήλων
2720 1480 2993 1551 οὐδαμῶς.
3031 1480 3222 1533 Ὁπότε
3271 1479 3381 1550 γὰρ
3419 1479 3566 1541 ὅπως
3599 1479 3664 1532 τὸ

2071 1573 2297 1642 ἀγαθὸν,
2322 1573 2521 1645 ὁμοίως
2549 1575 2643 1627 καὶ
2671 1573 2732 1626 τὸ
2757 1573 3041 1643 ἀγένητον,
3071 1572 3164 1624 ἐπὶ
3200 1571 3295 1626 τοῦ
3336 1569 3471 1624 Θεοῦ
3506 1571 3665 1623 ἀντι-

2069 1665 2460 1724 διαστέλλεται.

451 1781 506 1837 8.
547 1783 605 1838 Si
641 1782 902 1852 possibile
935 1789 1016 1836 est
1063 1790 1247 1837 creata
1281 1788 1552 1850 quatenus
1591 1791 1718 1836 sunt
1749 1791 1928 1838 creata
1951 1827 1965 1853 ,

2143 1785 2213 1850 η’.
2259 1779 2322 1832 El
2361 1778 2586 1833 δυνατὸν
2617 1778 2687 1832 τὰ
2719 1777 2946 1848 γενητὰ,
2975 1776 3110 1832 καθὸ
3159 1779 3381 1850 γενητὰ,
3431 1779 3527 1831 καὶ
3565 1778 3660 1833 ἀν-

377 1883 434 1932 et
494 1891 604 1931 non
648 1884 825 1945 coepta
865 1884 1133 1944 quatenus
1189 1873 1316 1928 talia
1365 1882 1513 1937 sunt,
1563 1888 1685 1930 esse
1727 1885 1965 1938 aeterna,

377 1965 644 2036 possibile
691 1978 912 2034 quoque
969 1962 1072 2018 erit
1119 1970 1385 2019 internum
1438 1977 1658 2032 quoque
1699 1974 1969 2033 quatenus

377 2065 642 2113 aeternum
693 2069 816 2111 esse
865 2065 1108 2110 creatum
1154 2062 1209 2109 et
1259 2062 1520 2124 coeptum.
1565 2053 1721 2120 Quod
1777 2055 1824 2110 si
1866 2055 1970 2110 hoc

377 2149 616 2206 alterum
645 2154 729 2202 est
757 2146 1114 2217 impossibile,
1149 2147 1304 2218 prius
1327 2161 1546 2217 quoque
1577 2147 1730 2203 lieret
1760 2146 1969 2218 impos-

378 2239 560 2294 sibile.

447 2330 504 2386 9.
549 2329 606 2384 Si
633 2327 840 2398 quasvis
875 2337 1002 2384 nota
1040 2327 1247 2383 creatio
1278 2343 1387 2384 non
1421 2328 1479 2384 ﬁt
1507 2329 1626 2385 sine
1655 2330 1836 2385 anima
1861 2373 1875 2400 ,
1909 2342 1971 2387 ut

362 2435 476 2476 'vos
509 2420 734 2491 putatis,
775 2420 958 2474 anima
1005 2429 1188 2475 autem
1238 2435 1348 2475 non
1398 2435 1616 2491 semper
1652 2423 1870 2478 exsistit
1912 2424 1965 2478 in

373 2512 631 2577 materia,
669 2511 947 2582 quomodo
981 2520 1183 2567 aeterna
1220 2511 1327 2566 erit
1357 2512 1577 2578 creatio,
1609 2528 1731 2583 qua:
1763 2513 1969 2584 absque

374 2606 557 2660 anima
592 2603 728 2658 ﬁat?

447 2695 538 2750 10.
585 2696 644 2750 Si
688 2696 794 2750 alia
824 2695 1044 2765 quidem
1093 2706 1178 2752 est
1228 2695 1424 2752 animae
1459 2697 1680 2769 propria
1723 2697 1964 2764 creatio,

367 2789 485 2844 alia
519 2797 698 2843 autem
725 2803 847 2858 qua:
877 2789 997 2845 sine
1019 2789 1203 2844 anima
1238 2790 1332 2856 lit;
1367 2789 1485 2846 etsi
1515 2791 1712 2847 anima:
1739 2793 1965 2862 quidem

363 2891 461 2940 est
488 2890 616 2937 nota
639 2881 865 2947 creatio,
899 2897 1022 2951 qua:
1051 2889 1235 2937 autem
1265 2881 1384 2938 sine
1410 2883 1615 2950 anima,
1646 2883 1959 2954 ignoratur;

361 2987 474 3028 "cur
503 2987 609 3028 non
635 2986 700 3026 ex
734 2972 1026 3043 incognitis
1056 2972 1189 3028 facit
1218 2973 1742 3040 demonstrationes,
1768 2989 1831 3029 ea
1857 2975 1965 3030 alia

366 3059 656 3116 creatione
677 3099 693 3126 ,
736 3067 935 3128 praeter
964 3059 1262 3132 cognitam,
1295 3060 1680 3119 demonstrans
1709 3066 1965 3136 proposi-

363 3150 579 3208 tionem
613 3153 808 3208 suam?

443 3263 531 3318 11.
558 3261 614 3319 Si
646 3263 925 3321 iucreatus
953 3274 1037 3323 est
1067 3265 1215 3322 Deus
1233 3307 1248 3333 ,
1281 3267 1408 3339 quia
1435 3267 1554 3324 sine
1583 3268 1960 3337 creatoribus;

340 3364 428 3410 ρει
459 3356 505 3412 si
534 3354 741 3427 absque
767 3356 1038 3428 principio
1071 3357 1200 3428 quia
1237 3367 1386 3414 caret
1418 3358 1831 3417 exordientibus
1865 3375 1960 3427 se;

372 3457 429 3503 et
448 3447 653 3518 probus
679 3487 696 3516 ,
735 3451 862 3518 quia
903 3463 1014 3503 non
1049 3457 1133 3504 est
1167 3449 1486 3520 improbus;
1517 3460 1574 3507 et
1602 3451 1800 3518 bonus,
1833 3453 1962 3522 quia

369 3539 553 3595 malus
598 3555 704 3594 non
736 3548 858 3607 est;
901 3549 955 3596 et
996 3542 1042 3597 si
1085 3543 1439 3614 distinguitur
1482 3558 1514 3598 a
1555 3545 1788 3610 creatis,
1832 3546 1960 3616 quia

373 3638 624 3686 creantes
669 3645 778 3685 non
821 3630 1017 3699 habet;
1055 3641 1110 3688 et
1147 3633 1216 3688 ab
1251 3633 1516 3705 inceptis,
1550 3636 1678 3706 quia
1715 3651 1877 3692 nemo
1909 3638 1960 3694 ei

372 3722 636 3792 originem
671 3723 801 3791 dat;
838 3733 892 3780 et
918 3725 1045 3795 quia
1076 3741 1177 3782 nec
1206 3726 1487 3798 improbus
1513 3737 1596 3784 est
1618 3744 1727 3785 nec
1758 3730 1956 3799 malus,

367 3814 728 3886 distinguitur
756 3815 825 3871 ab
858 3816 1108 3888 improbo
1131 3833 1196 3874 ac
1222 3819 1386 3876 malo.

443 3930 530 3985 12.
559 3930 614 3986 Si
646 3930 904 4001 possibile
925 3940 1008 3988 est
1029 3931 1204 3988 Deum
1233 3941 1364 3989 ante
1384 3948 1449 3989 ea
1473 3948 1596 4003 qua:
1625 3943 1957 3992 suntcreata

341 4039 492 4080 -—esse
520 4024 844 4089 increatum,
871 4024 1278 4095 simulquenon
1307 4026 1568 4098 distingui
1595 4027 1666 4088 ab
1691 4027 1952 4098 inceptis;

366 4116 632 4188 possibile
659 4117 847 4187 utique
887 4117 992 4172 erit
1023 4119 1188 4172 etiam
1219 4127 1343 4174 ante
1363 4118 1427 4174 id
1466 4119 1612 4189 quod
1644 4119 1952 4189 improbum

364 4221 452 4266 est
470 4251 486 4277 ,
517 4223 641 4266 esse
675 4210 928 4279 probum,
949 4224 1131 4282 neque
1154 4219 1330 4266 tamen
1359 4209 1719 4281 distinguish
1745 4210 1954 4281 impro—

367 4301 473 4368 bo;
502 4309 556 4356 et
580 4309 706 4355 ante
725 4301 930 4357 malum
955 4315 1078 4359 esse
1104 4301 1332 4367 bonum,
1358 4317 1534 4373 neque
1555 4309 1736 4359 tamen
1759 4301 1955 4359 distin-

367 4391 457 4462 gui
494 4405 524 4446 a
553 4390 720 4446 malo.
961 4411 964 4414 λ

417 4503 526 4558 .43.
560 4501 619 4557 Si
643 4501 800 4558 decet
828 4500 1000 4558 Deum
1025 4503 1232 4558 bonum
1257 4503 1518 4576 distingui
1547 4505 1862 4561 necessario
1880 4503 1951 4560 ab
1981 4497 2027 4552 Ῑ)

364 4609 433 4652 eo
461 4594 609 4664 quod
643 4595 864 4666 proprie
902 4595 1110 4651 malum
1143 4604 1228 4651 est
1251 4637 1268 4661 ,
1311 4605 1366 4651 et
1413 4596 1716 4651 increatum
1761 4611 1794 4650 a
1831 4595 1950 4651 suis

343 4688 673 4754 .creaturis;
714 4687 1293 4745 convenientissimum
1328 4697 1414 4745 est
1452 4689 1716 4760 distingui
1764 4689 1834 4744 ab
1881 4689 1951 4745 iis

363 4797 486 4852 quae
505 4797 571 4836 ex
590 4781 710 4851 ipso
731 4789 862 4837 sunt
879 4796 976 4851 per
991 4781 1348 4848 creationem,
1373 4782 1454 4837 vel
1473 4780 1655 4836 futura
1671 4797 1736 4837 ex
1755 4781 1949 4837 eodem

363 4882 493 4930 sunt
517 4881 680 4944 prout
701 4874 954 4930 voluntas
979 4873 1183 4928 tulerit.

434 5053 523 5108 u.
570 5051 626 5106 Si
669 5067 738 5107 ex
782 5029 892 5108 uno
934 5052 1204 5124 principio
1252 5062 1382 5108 sunt
1427 5052 1732 5117 elementa,
1781 5058 1949 5121 prout

362 5160 459 5200 vos
488 5145 671 5200 dicitis
695 5184 710 5209 ,
741 5145 857 5214 haec
879 5153 1061 5201 autem
1093 5145 1327 5201 invicem
1355 5144 1718 5200 adversantur
1742 5185 1758 5207 ,
1799 5157 1943 5213 quo-
1969 5171 1976 5190 ι

2073 1889 2221 1944 αρχα
2277 1871 2417 1926 καθὸ
2466 1872 2700 1944 ἄναρχα,
2752 1871 2898 1926 ἀΐδια
2951 1868 3112 1935 εῐναι,
3154 1872 3378 1925 δυνατὸν
3409 1871 3518 1942 ἄρα
3563 1873 3666 1926 καὶ

2072 1966 2135 2019 τὸ
2166 1965 2334 2019 ἀΐδιον
2386 1965 2523 2019 καθὸ
2571 1966 2761 2031 ἀΐδιον,
2812 1959 2953 2018 εἶναι
2994 1963 3222 2033 γενητὸν
3270 1964 3362 2018 καὶ
3406 1965 3660 2035 ἔναρχον.

2072 2057 2137 2110 Ei
2155 2055 2212 2109 δὲ
2236 2055 2297 2108 τὸ
2317 2055 2570 2126 δεύτερον
2598 2054 2878 2119 ἀδύνατον,
2918 2053 3012 2106 καὶ
3052 2052 3114 2105 τὸ
3144 2052 3358 2123 πρῶτον
3382 2051 3490 2122 ἄρα
3527 2052 3664 2106 ἀδύ-

2071 2164 2252 2202 νατον.

2144 2326 2210 2383 0'.
2253 2329 2316 2382 El
2367 2329 2518 2381 πᾶσα
2550 2325 2808 2399 [γένεσις]
2845 2325 3166 2396 ἐγνωσμένη
3206 2323 3385 2394 ψυχῆς
3415 2323 3535 2396 δίχα
3573 2322 3666 2392 γί-

2071 2436 2221 2474 νεται
2258 2420 2508 2491 οὐδαμῶς
2543 2419 2665 2474 καθ’
2697 2421 2860 2490 ὑμᾶς,
2902 2419 2936 2489 ἡ
2970 2417 3026 2471 δέ
3066 2417 3214 2488 ψυχὴ
3244 2418 3346 2470 οὐκ
3375 2417 3462 2470 ἀεὶ
3499 2418 3556 2468 ἐν
3587 2419 3660 2488 τῇ

2069 2511 2195 2586 ὕλῃ,
2253 2513 2370 2576 πῶς
2411 2512 2580 2576 ἀΐδιος
2637 2514 2670 2584 ἡ
2713 2512 2925 2580 γένεσις
2967 2510 3149 2582 ψυχῆς
3199 2509 3320 2581 δίχα
3381 2509 3456 2580 μὴ
3509 2526 3661 2577 γινο-

2073 2605 2208 2676 μένη
2227 2623 2242 2671 ς

2144 2704 2194 2751 ι’.
2229 2697 2290 2750 Ei
2319 2697 2481 2768 ἑτέρα
2508 2696 2605 2768 μὲν
2636 2695 2740 2750 ῑδέα
2761 2697 2861 2767 τῆς
2889 2695 3066 2766 ψυχῆς
3093 2695 3126 2766 ἡ
3151 2695 3384 2763 γένεσις,
3411 2693 3569 2764 ἑτέρα
3599 2693 3661 2745 δὲ

2069 2789 2104 2861 ἡ
2139 2787 2320 2860 ψυχῆς
2354 2787 2540 2858 χωρίς⁶
2573 2788 2663 2840 καὶ
2698 2790 2730 2859 ἡ
2769 2788 2865 2858 μὲν
2899 2792 2998 2859 τῆς
3030 2786 3212 2857 ψυχῆς
3249 2786 3460 2856 γένεσις
3486 2786 3661 2853 ἐγνω-

2071 2877 2267 2949 σμένη,
2321 2879 2355 2948 ἠ
2410 2877 2467 2930 δέ
2525 2876 2649 2947 δίχα
2703 2876 2884 2946 ψυχῆς
2933 2878 3232 2943 ἄγνωστος·
3275 2875 3393 2937 πῶς
3449 2875 3548 2927 οὐκ
3595 2874 3660 2940 ἐξ

2069 2968 2365 3037 ἀγνώστων
2395 2970 2631 3022 ποιεῖται
2682 2967 2784 3030 τὰς
2817 2966 3142 3033 ἀποδείξεις,
3173 2965 3234 3030 ἐξ
3267 2966 3464 3036 ἐτέρας
3499 2965 3659 3032 γενέ.-

2071 3081 2209 3127 σεως
2239 3063 2392 3136 παρὰ
2421 3063 2520 3134 τὴν
2551 3063 2904 3134 ἐγνωσμένην
2928 3061 3299 3116 ἀποδεικνύων
3335 3061 3396 3114 τὸ
3434 3060 3660 3132 προκεῖ-

1990 3161 2033 3220 C,
2071 3173 2254 3226 μενον;

2143 3276 2230 3323 ια’.
2281 3269 2346 3322 ΕΞ
2403 3267 2664 3340 ἀγένητος
2699 3272 2726 3322 ό
2755 3268 2886 3333 Θεὸς
2941 3270 3016 3339 μὴ
3056 3268 3224 3323 ὄντων
3264 3267 3527 3338 γενητῶν,
3561 3268 3658 3320 καὶ

2066 3363 2301 3435 ἄναρχος
2332 3365 2405 3436 μὴ
2428 3364 2595 3417 ὄντων
2624 3364 2889 3434 ἐνάρκων,
2920 3363 3014 3416 καὶ
3043 3361 3246 3430 ἀγαθὸς
3272 3360 3348 3432 μὴ
3372 3361 3522 3425 δντος
3547 3362 3658 3430 ἄρα

2065 3455 2326 3528 πονηροῦ,
2357 3456 2451 3509 καὶ
2489 3455 2652 3518 καλὸς
2689 3457 2764 3527 μὴ
2810 3455 2962 3519 ὄντος
2989 3453 3180 3508 κακοῦο
3215 3453 3310 3507 καὶ
3357 3454 3406 3506 εἰ
3453 3453 3662 3506 ἀντιδι-

2065 3544 2317 3599 έσταλται
2348 3547 2596 3616 γενητοῖς
2639 3545 2882 3615 γενητῶν
2919 3545 2993 3615 μὴ
3032 3544 3223 3608 όντων,
3264 3544 3358 3598 καὶ
3402 3543 3660 3613 ἐνάρχοις

2067 3639 2142 3712 μὴ
2172 3638 2341 3691 όντων
2375 3638 2643 3708 ἐνάρχων,
2681 3637 2778 3690 καὶ
2821 3635 3057 3708 πονηροῦ
3109 3635 3219 3707 ἄρα
3261 3635 3337 3707 μὴ
3363 3636 3512 3700 ὄντος
3558 3635 3660 3692 καὶ

2063 3729 2260 3797 κακοῦ,
2293 3730 2737 3784 ἀντιδιέσταλται
2779 3728 3003 3800 πονηρῷ
3040 3745 3098 3781 τε
3128 3727 3222 3784 καὶ
3249 3725 3426 3800 κακῷ.

2129 3931 2219 4002 ιβ’.
2268 3931 2333 3985 Εἰ
2362 3931 2585 3986 δυνατὸν
2622 3931 2714 3985 τὸν
2745 3930 2878 3985 Θεὸν
2917 3929 3023 4002 πρὸ
3071 3930 3180 3982 τῶν
3215 3928 3461 3998 γενητῶν
3505 3922 3650 3984 εἶναι

2061 4024 2160 4096 μὲν
2203 4025 2488 4096 ἀγένητον,
2539 4025 2621 4096 μὴ
2675 4023 3200 4079 ἀντιδιαστέλλεσθαι
3238 4021 3295 4075 δὲ
3333 4023 3446 4084 τοῖς
3485 4021 3650 4089 ἐνὰρ-

2057 4133 2194 4187 χοις’
2247 4117 2470 4171 δυνατὸν
2525 4117 2635 4188 ἄρα
2672 4118 2766 4170 καὶ
2804 4115 2911 4188 πρὸ
2952 4114 3047 4169 τοῦ
3085 4113 3321 4185 πονηροῦ
3363 4109 3502 4166 εῖναι
3540 4113 3646 4182 μὲν

2056 4208 2282 4278 ἀγαθὸν,
2309 4210 2387 4281 μὴ
2411 4208 2939 4265 ἀντιδιαστέλλεσθαι
2959 4207 3016 4263 δὲ
3038 4207 3114 4279 τῷ
3140 4205 3379 4278 πονηρῷ·
3411 4206 3504 4259 καὶ
3535 4205 3646 4276 πρὸ

2054 4301 2148 4356 τοῦ
2209 4302 2382 4356 κακοῦ
2434 4298 2572 4358 εἶναι
2617 4302 2718 4375 μὲν
2763 4302 2946 4368 καλὸν,
2995 4301 3072 4374 μὴ
3113 4299 3642 4357 ἀντιδιαστέλλεσοαι

2053 4393 2110 4448 δέ
2134 4396 2212 4465 τῷ
2241 4402 2417 4468 κακῷ.

2130 4515 2220 4577 ιγ’.
2257 4509 2320 4564 Ei
2364 4509 2577 4580 πρέπον
2625 4511 2742 4563 ἐστὶ
2775 4510 2867 4564 τὸν
2901 4508 3034 4563 Θεὸν
3064 4509 3267 4578 ἀγαθὸν
3297 4509 3636 4580 ὑπάρχοντα,

2054 4599 2584 4656 ἀντιδιαπέλλεσθαι
2624 4599 2745 4654 κατ’
2783 4601 3030 4672 ἀνάγκην
3061 4600 3139 4672 τῷ
3175 4601 3289 4672 ἰδίῳ
3327 4601 3502 4672 κακῷ,
3542 4602 3639 4654 καὶ

2054 4693 2322 4764 ἀγένητον
2349 4693 2480 4746 ὂντα
2502 4694 2616 4758 τοῖς
2643 4693 2705 4759 ἐξ
2729 4693 2939 4747 ἐκείνου
2970 4693 3334 4764 γιγνομένοις*
3363 4693 3641 4765 πρεπωδέ-

2056 4801 2254 4839 στατον
2276 4785 2386 4854 ἄρα
2414 4783 2614 4855 μᾶλλον
2642 4785 3173 4840 ἀντιδιαστέλλεσθαι
3198 4789 3313 4850 τοῖς
3341 4787 3432 4857 ὑφ’
3465 4784 3636 4839 αὑτοῦ

2058 4875 2198 4931 κατά
2227 4875 2466 4946 ποίησιν,
2500 4877 2594 4931 καὶ
2617 4877 2728 4941 τοῖς
2757 4875 2816 4942 ἐξ
2837 4876 3049 4931 ἐκείνου
3075 4877 3196 4931 καθ’
3235 4877 3449 4949 αἵρεσιν
3469 4892 3635 4945 γενη-

2057 4968 2328 5039 σομένοις.
2727 5007 2730 5010 -
2865 5003 2868 5008 -
3002 5017 3006 5022 .

2122 5061 2202 5115 ιδ’.
2228 5062 2290 5113 Et
2311 5063 2383 5115 ἐκ
2416 5063 2546 5131 μιᾶς
2575 5061 2748 5133 ἀρχῆς
2777 5061 2847 5115 τὰ
2878 5063 3114 5132 στοιχεῖα
3135 5060 3262 5115 καθ’
3283 5062 3452 5132 ὑμᾶς,
3483 5060 3634 5115 ἀντι-

2051 5168 2229 5206 κοιται
2261 5151 2318 5206 δὲ
2343 5151 2517 5207 ταῦτα
2545 5153 2816 5224 ἀλλήλοις,
2836 5152 2958 5217 πῶς
2979 5153 3069 5207 διὰ
3097 5154 3197 5225 τὴν
3226 5153 3333 5208 τῶν
3371 5154 3628 5208 ἐναντίων

356 5237 528 5310 modo
579 5253 645 5293 cx
698 5237 1099 5294 contrariorum
1145 5237 1489 5307 oppositione
1537 5235 1649 5292 duo
1702 5235 1944 5290 increata

2066 5243 2321 5298 ιντιθεσιν
2375 5245 2591 5314 ἀνάγκη
2615 5245 2708 5299 δύο
2727 5246 3020 5316 ἀγενήτους
3043 5243 3182 5300 εἶναι
3207 5247 3410 5319 ἀρχάς;
3443 5246 3630 5299 Ταῦτα

361 5331 634 5386 exsistunt
680 5330 992 5400 principia?
1041 5328 1285 5402 Namque
1341 5330 1492 5396 haec,
1549 5329 1679 5385 licet
1707 5327 1941 5383 invicem

2066 5338 2177 5408 τὰρ,
2213 5336 2392 5391 καίτοι
2428 5337 2586 5406 φύσει
2615 5338 2838 5391 ἐναντία
2881 5337 3153 5410 ἀλληλοις,
3203 5339 3269 5393 ἐκ
3319 5341 3448 5410 μιᾶς
3495 5338 3630 5409 ὕλης

361 5419 686 5476 naturaliter
733 5419 1007 5476 contraria
1037 5459 1051 5485 ,
1107 5433 1171 5474 es
1228 5433 1338 5474 una
1371 5419 1601 5475 materia
1652 5425 1824 5481 sunt,
1883 5425 1943 5471 ut
2047 5428 2169 5482 καθ’
2201 5429 2367 5500 ὑμᾶς,

357 5511 604 5568 creditis.

432 5602 520 5657 15.
568 5600 626 5657 Si
662 5603 1120 5672 quemadmodum
1166 5603 1434 5660 elementa
1479 5603 1712 5658 invicem
1751 5601 1942 5657 adver-

2118 5614 2198 5661 ιε’.
2225 5606 2296 5660 Εἰ
2322 5605 2511 5679 ῶσπερ
2538 5607 2607 5662 τὰ
2635 5610 2870 5682 στοιχεῖα
2893 5609 3194 5664 ἀντίκειται
3231 5609 3368 5680 πρὸς
3393 5609 3625 5680 ἄλληλα,

354 5702 583 5759 santur,
633 5693 712 5749 sic
743 5696 904 5751 etiam
945 5697 1150 5753 bonum
1187 5696 1362 5764 malo;
1409 5697 1648 5754 vicissim
1679 5696 1844 5754 ambo
1871 5713 1938 5755 ex

2066 5699 2186 5753 ιῦτω
2229 5701 2324 5753 καὶ
2351 5700 2412 5754 τὸ
2443 5699 2646 5768 ἀγαθὸν
2677 5700 2814 5770 πρὸς
2851 5702 2911 5754 τὸ
2937 5703 3126 5758 κακόν
3165 5703 3258 5758 καὶ
3287 5701 3524 5772 ἔμπαλιν
3554 5702 3626 5758 hc

356 5795 467 5839 uno
491 5782 775 5854 ,priucipio
809 5797 987 5842 erunt.

2066 5793 2172 5856 ua;
2207 5791 2417 5847 ἔσονται
2449 5792 2620 5865 ἀρχῆς
2649 5793 2902 5866 ἑκάτερα.
