4062 6420
303 419 395 520 ,56
407 423 435 479 1

1213 442 1440 504 DlSPU
1454 443 1681 503 TATIO
1710 445 1869 504 CUM
1897 443 2233 506 PHOTINO
2272 449 2713 516 MANICH/EO.

3496 466 3603 530 562

393 553 465 602 α’.
503 548 568 602 El
607 549 683 614 ὡς
708 551 928 624 γένησις
963 554 1054 607 καὶ
1094 554 1265 626 φοορὰ
1295 555 1613 622 ἀντίκειται,
1643 558 1785 629 ἀρχὴ
1815 559 1902 612 καὶ

2089 560 2161 612 1ο.
2222 558 2279 614 Si
2332 569 2393 616 ut
2439 563 2718 633 generatio
2762 575 2816 621 et
2865 568 3144 639 corruptio
3195 569 3338 628 inter
3389 589 3448 631 se
3501 577 3599 630 ad-

311 640 478 705 τέλος
504 640 719 695 ἔσονταί
749 659 893 708 τινος
923 645 1305 702 ὑποκειμένου.

389 839 459 910 β’.
487 841 554 896 El
582 841 660 906 ὡς
691 843 806 912 φῶς
839 846 932 898 καὶ
967 846 1156 909 σκότος
1176 847 1506 900 ἀντίκεινται
1535 846 1586 900 al
1618 847 1712 901 δύο
1742 848 1908 919 ἀρχαὶ

306 932 455 1002 πρὸς
487 931 744 1003 ἀλλήλας,
778 935 906 1000 τοὺς
949 935 1111 1000 ἰδίους
1148 936 1470 1008 ἀλλάσσουσι
1501 940 1700 1003 τόπους
1733 938 1905 992 διαδο-

303 1021 510 1094 χικῶς.

380 1121 452 1182 γ’.
489 1116 558 1169 El
583 1115 660 1179 ὡς
693 1115 846 1180 νόσος
889 1117 1025 1189 πρὸς
1067 1118 1278 1187 ὑγίειαν
1316 1117 1378 1173 τδ
1405 1119 1574 1174 κακὸν
1607 1121 1908 1175 ἀντίκειται

301 1207 451 1276 πρὸς
475 1207 538 1260 τὸ
562 1207 784 1277 ἀγαθὸν,
819 1209 913 1262 καὶ
939 1209 1227 1277 ἀνάπαλιν,
1261 1209 1373 1276 ἕξις
1403 1210 1610 1266 ἔσονται
1633 1213 1750 1276 ἐνὸς
1775 1214 1908 1268 ὐπο-

302 1299 600 1370 κειμένου.

379 1392 445 1446 δ’.
482 1392 551 1444 El
572 1391 650 1454 ὡς
676 1389 867 1445 λευκὸν
894 1393 990 1446 καὶ
1012 1392 1179 1462 μέλαν
1211 1394 1542 1449 ἀντίκεινται
1572 1394 1822 1466 ἀλλήλοις
1851 1395 1905 1448 αἰ

300 1485 502 1556 ἁρχαὶ,
539 1484 886 1556 συμϐεϐηκὸς
923 1485 1134 1538 ἔσονταί
1167 1502 1311 1549 τινος
1343 1477 1723 1557 ὑποκειμένου.

377 1583 440 1628 ε’.
477 1576 547 1630 El
575 1577 650 1640 ὡς
675 1576 843 1648 ἀρετὴ
875 1577 1007 1650 πρὸς
1037 1579 1237 1632 κακίαν
1257 1579 1309 1630 αἰ
1334 1578 1426 1632 δύο
1456 1581 1622 1651 ἀρχαὶ
1646 1580 1908 1634 ἀντίκειν-

301 1685 395 1720 ται
424 1667 708 1738 ἀλλήλαις,
745 1669 1077 1740 κατόρθωμα
1123 1671 1156 1741 ἢ
1214 1674 1462 1742 πταῖσμα
1504 1671 1719 1727 ἔσονταί
1762 1689 1906 1736 τινος

307 1762 483 1813 ὐποκε
493 1780 510 1813 ι
519 1760 684 1831 μένου
692 1800 706 1813 .

381 1881 481 1939 ις’.
534 1875 598 1928 Εί
654 1876 792 1946 μήτε
845 1875 921 1940 ὡς
958 1879 1197 1949 στοιχεῖα
1232 1877 1368 1948 πρὸς
1397 1877 1624 1948 ἄλληλα,
1662 1877 1799 1948 μήτε
1827 1876 1903 1940 ὡς
1933 1922 1979 1982 Β

312 1967 528 2033 γένεσις
559 1965 655 2020 καὶ
687 1966 881 2038 φθορὰ,
912 1971 1048 2040 μήτε
1081 1969 1156 2033 ὡς
1181 1967 1375 2023 λευκὸν
1405 1969 1500 2022 καὶ
1540 1967 1729 2039 μέλαν,
1766 1969 1900 2038 μήτε

320 2059 398 2121 ὡς
427 2059 538 2127 φῶς
567 2059 663 2112 καὶ
696 2059 910 2126 σκότος,
943 2061 1079 2132 μήτε
1117 2061 1192 2124 ὡς
1219 2061 1373 2124 νόσος
1402 2061 1496 2115 καὶ
1525 2059 1724 2130 ὑγίεια,
1763 2060 1900 2131 μήτε

322 2150 402 2206 ὡς
432 2149 590 2220 ἀρετὴ
620 2151 718 2203 καὶ
749 2151 918 2204 κακία
944 2150 1273 2205 ἀντίκεινται
1304 2150 1562 2222 ἀλλήλαις
1599 2151 1654 2204 αἰ
1684 2150 1776 2203 δύο
1799 2150 1900 2222 ἀρ-

312 2240 431 2311 χαί.
476 2239 554 2293 Τὰ
593 2240 703 2312 γὰρ
731 2241 1078 2314 ἀντικείμενα
1102 2241 1295 2295 τούσδε·
1325 2243 1451 2306 τοὺς
1488 2241 1721 2314 τρόπους
1751 2242 1900 2295 ἀντί-

308 2348 524 2385 κεινται
547 2335 679 2404 παρ’
706 2334 860 2404 ἡμῖν.

380 2443 466 2510 ιζ’.
504 2447 568 2499 Εἰ
598 2448 634 2518 ἡ
657 2448 870 2519 πονηρὰ
899 2446 1043 2520 ἀρχὴ
1076 2448 1184 2504 τῶν
1209 2451 1526 2521 Μανιχαίων
1549 2453 1615 2522 τῇ
1646 2449 1744 2521 μὲν
1774 2451 1903 2518 ἀγα-

303 2536 374 2607 θῇ
411 2537 558 2609 ἀρχῇ
590 2539 891 2595 ἀντίκειται
931 2542 1287 2610 ὑπεναντίοις,
1308 2545 1423 2606 τοῖς
1442 2543 1500 2597 δὲ
1519 2544 1580 2610 ἐξ
1606 2543 1776 2614 αὐτῆς
1802 2543 1902 2595 οὐκ

303 2627 592 2692 ἐναντίως·
627 2631 918 2701 εἰρηνικῶς
948 2632 1070 2704 ἄρα·
1090 2633 1226 2707 πρὸς
1256 2632 1326 2687 τὰ
1357 2633 1415 2700 ἐξ
1447 2634 1639 2705 αὐτῆς,
1677 2634 1902 2703 πολεμι-

302 2720 421 2783 κῶς
444 2721 508 2774 δὲ
529 2722 664 2792 πρὸς
685 2723 786 2791 τὴν
817 2724 1027 2794 ἀγαθὴν
1057 2725 1168 2796 ἔχει
1199 2727 1394 2796 ἀρχήνο
1423 2727 1471 2780 εἰ
1496 2725 1553 2780 δὲ
1575 2725 1754 2792 τοῦτο,
1785 2725 1902 2790 πῶς

300 2812 377 2864 τὰ
403 2811 465 2877 ἐξ
491 2813 664 2883 αὐτῆς
690 2815 949 2879 ἐναντίως
980 2816 1282 2870 ἀντίκειται
1301 2815 1582 2887 ἀλλήλοιςς
1603 2815 1769 2869 Οὐδὲν
1792 2815 1902 2888 γὰρ

300 2904 606 2975 εἰρηνικῶς
638 2905 764 2977 ἔχον
798 2907 936 2978 πρὸς
968 2907 1038 2962 τὰ
1073 2906 1135 2972 ἐξ
1169 2907 1334 2964 αὐτοῦ
1369 2907 1713 2980 πολεμοῦντα
1738 2907 1902 2979 ἀλλή-

302 2997 422 3062 λοις
449 3000 642 3070 γεννᾷ.

379 3118 472 3182 ιη’.
522 3113 589 3167 Εἰ
626 3113 784 3170 οὐδὲν
821 3114 930 3169 τῶν
963 3115 1377 3187 ἀντικειμένων,
1407 3115 1561 3169 δυσὶν
1599 3115 1901 3170 ἀντίκειται

299 3204 598 3271 ἐναντίοις,
627 3205 746 3270 πῶς
776 3206 977 3280 ήκακὴ
999 3207 1142 3279 ἀρχὴ
1173 3208 1270 3279 μία
1299 3204 1454 3275 οὖσα,
1487 3208 1744 3272 ἐναντίως
1763 3207 1902 3262 ἀντί-

301 3313 490 3351 κειται
513 3299 580 3368 τῇ
612 3314 670 3350 τε
693 3298 871 3370 ἀγαθῇ
902 3299 1044 3371 ἀρχῇ
1076 3302 1170 3353 καὶ
1193 3303 1306 3364 τοῖς
1335 3299 1395 3366 ἐξ
1417 3300 1622 3371 αιδτῆςί

379 3431 474 3486 ιδ’.
506 3433 572 3487 Εἰ
600 3432 799 3505 ἀληθὲς
819 3433 880 3486 τὸ
903 3433 1218 3503 λεγόμενον,
1251 3435 1327 3498 ὡς
1363 3434 1455 3488 καὶ
1485 3433 1702 3504 ἀληθὲς,
1738 3432 1798 3486 τδ
1835 3432 1903 3486 τὰ

305 3522 531 3576 ἐναντία
581 3522 679 3594 οὐχ
729 3525 962 3592 ἑαυτοῖς,
993 3525 1131 3594 πρὸς
1188 3524 1392 3596 ἄλληλα
1441 3525 1497 3577 δὲ
1541 3523 1898 3590 ἀντικεῖσθαι,

303 3615 426 3677 πιῖις
474 3615 509 3685 ἠ
534 3616 682 3686 κακὴ
716 3615 859 3688 ἀρχὴ
888 3617 1054 3688 ἑαυτῇ
1093 3616 1396 3671 ἀντίκειται
1427 3615 1548 3670 καθ’
1579 3617 1760 3687 ὑμᾶς;
1790 3616 1904 3669 Καὶ

302 3710 352 3761 εἰ
395 3707 560 3761 οὐδὲν
628 3708 738 3763 τῶν
780 3709 1039 3764 ἐναντίων
1083 3708 1262 3781 ἐαυτῷ
1313 3727 1374 3762 τε
1437 3709 1738 3764 ἀντίκειται
1807 3708 1902 3762 καὶ

299 3799 475 3872 ἄλλῳ,
525 3797 644 3863 πῶς
701 3801 734 3871 ή
800 3801 1014 3874 πονηρὰ
1064 3800 1206 3872 ἁρχὴ
1252 3802 1418 3872 ἑαυτῇ
1478 3817 1542 3855 τε
1600 3801 1902 3854 ἀντίκειται

304 3894 405 3945 καὶ
460 3894 527 3964 τῇ
585 3892 800 3965 ἀγαθῇς
846 3894 998 3948 Ἐπεὶ
1031 3893 1185 3948 ἔσται
1226 3893 1369 3967 ἀρχὴ
1417 3893 1475 3961 ἐξ
1525 3892 1720 3966 ἀρχῆς,
1764 3893 1901 3962 ὓπερ

305 3985 532 4038 ἄτοπον.

375 4107 445 4155 κ’.
473 4100 538 4154 Εἰ
570 4101 632 4154 οὐ
663 4101 865 4173 πρέπει
897 4101 1020 4172 Θεῷ
1048 4104 1223 4157 ποιεῖν
1245 4103 1506 4159 τάναντία
1535 4104 1677 4158 κατὰ
1709 4102 1900 4175 χρείαν

298 4193 414 4246 τῶν
441 4194 804 4264 γιγνομένων,
843 4194 962 4258 πῶς
1013 4195 1214 4267 πρέπει
1257 4195 1408 4268 αὐτῷ
1439 4196 1526 4250 διὰ
1556 4196 1653 4268 τὴν
1692 4197 1900 4250 οἰκείαν

297 4289 500 4356 χρείαν
521 4287 713 4358 γεννᾷν
740 4286 800 4353 ἐξ
821 4287 1021 4352 autat");
1058 4287 1164 4342 Καὶ
1197 4289 1245 4342 εἰ
1275 4287 1528 4358 ἀνενδεὴς
1556 4288 1654 4359 μὲν
1676 4289 1704 4341 ό
1728 4287 1899 4342 ποιῶν

297 4377 390 4431 διὰ
418 4376 525 4448 τὴν
561 4377 670 4430 τῶν
690 4379 868 4434 ἄλλων
896 4379 1110 4452 χρείαν,
1137 4380 1323 4451 ἐνδεὴς
1345 4379 1400 4433 δὲ
1431 4383 1458 4435 ὁ
1487 4379 1575 4434 διὰ
1605 4379 1706 4451 τὴν
1737 4379 1894 4446 ἰδίαν,

299 4468 428 4533 πῶς
467 4470 570 4523 οὐκ
620 4470 810 4542 ἐνδεὴς
859 4473 957 4543 μὲν
1002 4473 1030 4525 δ
1068 4471 1178 4526 τῶν
1220 4471 1542 4543 Μανιχαίων
1587 4470 1728 4538 θεὸς,
1772 4471 1895 4525 κατ’

302 4559 450 4613 ἰδίαν
471 4559 666 4632 χρείαν
693 4562 984 4632 γεννήσας,
1020 4561 1095 4626 ὥς
1127 4577 1290 4631 φασιν
1314 4578 1328 4627 ;

375 4763 486 4811 καθ.
526 4758 592 4811 Εἰ
621 4760 871 4813 κοινωνεῖ
897 4761 964 4831 τῇ
1008 4758 1187 4830 ἀγαθῇ
1229 4760 1371 4830 ἀρχῇ
1409 4759 1442 4828 ἡ
1474 4756 1638 4828 κακὴ,
1674 4757 1770 4810 καὶ
1803 4756 1895 4808 τοῦ

296 4846 447 4902 εἶναι
478 4850 574 4902 καὶ
611 4850 704 4903 τοῦ
741 4849 871 4903 πότε
907 4845 1068 4914 εἶναι,
1099 4849 1195 4903 καὶ
1231 4848 1326 4902 τοῦ
1357 4845 1461 4901 ποῦ
1513 4842 1674 4912 εἶναι,
1706 4845 1896 4917 ὥσπερ

297 4946 399 4998 καὶ
432 4943 510 5014 τῷ
541 4942 695 4996 ὕδατι
733 4941 829 4996 τοῦ
880 4960 938 4996 τε
969 4938 1104 4998 εῖναι
1147 4941 1243 4997 καὶ
1281 4940 1376 4995 τοῦ
1421 4940 1690 5012 στοιχείου
1733 4935 1892 4993 εἶναι·

298 5035 609 5090 ἀντίκειται
653 5034 711 5089 δὲ
767 5035 906 5106 αὐτῇ
955 5035 1100 5089 κατὰ
1135 5035 1196 5088 τὸ
1247 5035 1416 5089 κακὸν
1473 5034 1633 5105 μόνον
1683 5035 1779 5089 καὶ
1835 5035 1896 5089 τδ

299 5126 532 5194 ἀγαθὸν,
569 5125 711 5179 ὥστε
751 5127 845 5181 καὶ
879 5127 940 5181 τὸ
966 5127 1078 5198 πῦρ
1121 5127 1260 5198 πρὸς
1321 5128 1382 5181 τὺ
1441 5125 1585 5197 ὕδωρ
1635 5127 1778 5180 κατὰ
1834 5127 1896 5182 τὸ

302 5219 512 5288 θερμὴν
541 5219 726 5290 μόνον,
771 5221 836 5273 ἐκ
869 5221 998 5290 μιᾶς
1032 5221 1208 5291 ἀρχῆς
1245 5219 1458 5273 ἔσονται
1495 5219 1809 5290 ἀμφότεραι
1840 5221 1894 5273 al

303 5313 497 5386 ἀρχαί·
550 5315 642 5368 καὶ
684 5315 795 5385 γὰρ
830 5315 892 5368 τὸ
919 5313 1031 5385 πῦρ
1062 5313 1241 5368 καὶτὸ
1279 5311 1422 5386 ὕδωρ
1451 5314 1515 5368 ἐκ
1559 5314 1688 5385 μιᾶς
1722 5313 1898 5384 ἀρχῆς

303 5406 641 5479 ἀμφότερον.

372 5604 482 5676 κβν.
512 5607 578 5660 Εἰ
609 5605 762 5660 οὐδὲν
807 5606 918 5659 τῶν
973 5605 1232 5658 ἐναντίων
1290 5605 1490 5672 κοσμεῖ
1541 5603 1601 5656 τὸ
1659 5600 1892 5670 σύζυγον

300 5700 476 5772 αὐτῷ,
524 5699 649 5754 οὔτε
699 5701 817 5754 κατ’
851 5699 1097 5771 ἀνάγκην
1143 5697 1265 5751 οὔτε
1319 5697 1460 5750 κατὰ
1508 5697 1721 5768 χρείαν,
1758 5698 1792 5768 ἡ
1838 5695 1898 5750 δέ

299 5793 484 5864 ἀγαθὴ
527 5793 672 5862 ἁρχὴ
718 5792 997 5862 ἐκόσμησε
1035 5790 1132 5861 τὴν
1165 5788 1310 5859 ὕλην.
1340 5789 1462 5843 κατ’
1489 5789 1757 5860 ἀνάγκηνο
1794 5786 1895 5841 οὐκ

302 5885 458 5940 [atat
489 5887 594 5957 ἄρα
624 5885 655 5956 ἡ
695 5883 792 5956 ὕλη
824 5883 1040 5942 ἐναντία
1067 5886 1130 5954 τῇ
1164 5881 1340 5954 ἀγαθῇ
1369 5883 1530 5954 ἀρχῇ·
1568 5882 1698 5954 ὕλης
1727 5883 1782 5937 δὲ
1819 5882 1892 5954 μὴ

2014 657 2304 705 versantur
2328 693 2341 716 ,
2385 651 2713 723 principium
2750 663 2804 711 et
2849 655 2972 715 ﬁnis
3001 669 3164 716 erunt
3199 661 3432 734 alicujus
3465 666 3600 721 sub-

2008 741 2161 811 jecti.

2081 849 2158 904 2°.
2195 849 2251 904 Si
2280 861 2338 906 ut
2369 851 2458 905 lux
2493 862 2544 908 et
2570 855 2804 911 tenebrae
2833 856 3065 914 invicem
3107 871 3238 917 sunt
3268 866 3578 931 contrariae,

2011 939 2090 995 sic
2123 939 2233 994 duo
2263 941 2529 1014 principia
2557 944 2698 1001 inter
2728 962 2788 1004 se
2811 987 2827 1014 ,
2855 947 3008 1007 locos
3044 966 3178 1008 suos
3204 952 3432 1010 alternis
3466 969 3596 1024 per-

2011 1034 2321 1089 mutabunt.

2080 1121 2157 1207 5°.
2213 1121 2268 1176 Si
2322 1134 2379 1179 ut
2421 1125 2649 1182 morbus
2699 1129 2958 1198 sanitati,
2995 1132 3070 1188 ita
3117 1135 3324 1191 malum
3365 1139 3602 1207 opponi-

2009 1214 2098 1263 tur
2127 1206 2273 1264 bono
2294 1253 2308 1275 ,
2350 1221 2404 1266 et
2432 1211 2550 1268 vice
2584 1230 2740 1270 versa
2767 1256 2782 1281 ,
2815 1217 3035 1275 habitus
3063 1231 3224 1278 erunt
3256 1223 3421 1280 unius
3443 1206 3600 1280 sub-

2006 1302 2160 1373 jecti.
2401 1369 2411 1379 ο

2077 1394 2158 1448 4ο.
2196 1393 2252 1450 Si
2283 1403 2344 1451 ut
2384 1396 2566 1452 album
2613 1409 2667 1455 et
2710 1401 2931 1472 nigrum
2973 1405 3048 1460 ita
3090 1405 3194 1462 sibi
3238 1409 3599 1467 adversantur

2007 1485 2306 1558 principia,
2338 1490 2593 1548 accidens
2618 1501 2780 1548 erunt
2803 1494 3039 1565 alicujus
3067 1497 3321 1567 subjecti.

2079 1579 2153 1634 5°.
2188 1577 2243 1635 Si
2269 1592 2324 1636 ut
2348 1582 2525 1638 virtus
2548 1584 2703 1649 vitio,
2727 1585 2836 1640 duo
2859 1587 3132 1659 principia
3167 1590 3402 1648 invicem
3429 1609 3599 1666 oppo-

2008 1677 2217 1725 nuntur
2245 1715 2259 1736 ,
2314 1681 2460 1729 recte
2507 1672 2710 1730 factum
2750 1685 2804 1732 et
2846 1677 3106 1736 delictum
3155 1691 3319 1738 erunt
3367 1685 3600 1758 alicujus

2009 1759 2262 1831 subjecti.

2078 1870 2170 1926 {6.
2205 1873 2262 1927 Si
2290 1889 2465 1944 neque
2489 1885 2549 1931 ιιι
2576 1879 2846 1937 elementa
2873 1881 3016 1939 inter
3042 1898 3122 1951 se,
3152 1899 3330 1956 neque
3352 1896 3411 1941 ut
3433 1900 3596 1957 gene-

2009 1961 2152 2017 ratio
2173 1973 2226 2018 et
2249 1969 2549 2036 corruptio.
2581 1985 2759 2041 neque
2781 1984 2838 2028 ιιι
2857 1972 3042 2030 album
3067 1985 3123 2031 et
3146 1976 3386 2048 nigrum,
3417 1993 3599 2049 neque

2011 2064 2070 2109 ut
2108 2055 2202 2110 lux
2249 2067 2301 2112 et
2345 2060 2616 2126 tenebrae,
2675 2077 2854 2132 neque
2895 2075 2956 2120 ut
2993 2066 3219 2124 morbus
3259 2077 3314 2125 et
3351 2071 3595 2138 sanitas,

2011 2162 2188 2217 neque
2215 2159 2274 2204 ut
2307 2151 2484 2208 virtus
2513 2161 2567 2208 et
2595 2153 2811 2221 vitium,
2835 2167 3192 2228 opponuntur
3225 2160 3460 2217 invicem
3487 2163 3596 2218 duo

2009 2236 2297 2308 principia.
2334 2239 2470 2296 Nam
2497 2243 2768 2299 contraria
2820 2245 2971 2304 hisce
2994 2248 3174 2305 modis
3195 2264 3228 2306 a
3253 2251 3414 2308 nobis
3438 2267 3597 2322 repu-

2010 2335 2196 2383 tantur
2223 2333 2515 2388 contraria.

2082 2442 2169 2498 l7.
2222 2445 2279 2499 Si
2326 2448 2530 2502 malum
2577 2447 3002 2506 Manichaeorum
3048 2449 3409 2522 principium,
3453 2449 3598 2508 bono

2009 2535 2232 2605 quidem
2270 2537 2542 2610 principio
2572 2542 2869 2612 opponitur
2891 2583 2906 2608 ,
2950 2541 3220 2600 creaturis
3257 2552 3439 2600 tamen
3479 2546 3598 2602 suis

2009 2641 2395 2698 nequaquam;
2437 2646 2568 2703 ergo
2613 2647 2802 2703 pacem
2845 2633 2994 2692 fovet
3035 2650 3161 2690 cum
3207 2636 3351 2692 natis
3398 2651 3464 2691 ex
3497 2651 3594 2704 se,

2010 2717 2214 2774 bellum
2268 2729 2453 2777 autem
2507 2737 2634 2779 cum
2688 2725 2832 2780 bono
2891 2726 3032 2798 gerit
3085 2726 3372 2796 principio.
3440 2726 3596 2794 Quod

2011 2810 2057 2866 si
2103 2811 2176 2866 ita
2233 2826 2293 2866 se
2345 2813 2557 2880 habet,
2617 2816 2892 2886 quomodo
2953 2832 3076 2887 qua:
3123 2833 3189 2872 ex
3250 2819 3368 2889 ipso
3423 2828 3596 2882 sunt,

2009 2911 2255 2972 pugnant
2285 2903 2518 2960 invicem
2541 2905 2564 2960 ?
2585 2903 2730 2960 Nihil
2761 2906 2907 2962 enim
2928 2947 2945 2974 ,
2976 2908 3022 2963 si
3058 2909 3221 2964 modo
3265 2921 3453 2978 pacem
3497 2909 3598 2963 ha-

2009 2992 2102 3050 bet
2135 3007 2260 3049 cum
2305 2996 2573 3052 creaturis
2606 2997 2744 3063 suis,
2775 2997 3028 3053 bellantia
3071 2999 3303 3056 invicem
3347 3013 3595 3070 generat.

2115 3106 2169 3162 8.
2211 3107 2268 3162 Si
2317 3107 2450 3162 nihil
2493 3110 2874 3177 contrarium,
2903 3111 3122 3168 duobus
3157 3114 3453 3169 contrariis
3495 3129 3598 3184 op-

2010 3197 2546 3271 ponitur,quomodo
2571 3201 2776 3256 malum
2799 3202 3127 3272 principium
3151 3219 3276 3258 cum
3303 3204 3373 3260 sit
3394 3219 3585 3271 unum,

1929 3279 1973 3341 α
2007 3289 2150 3347 bono
2175 3291 2342 3347 simul
2374 3292 2642 3364 principio
2676 3293 2994 3349 adversatur
3021 3303 3076 3350 et
3103 3297 3372 3352 creaturis
3398 3297 3559 3366 ejus?

2081 3420 2170 3476 19.
2215 3421 2274 3478 Si
2303 3437 2490 3479 verum
2519 3431 2606 3478 est
2633 3464 2648 3490 ,
2687 3423 2766 3479 uti
2796 3439 2986 3494 reapse
3015 3435 3100 3480 est
3127 3467 3142 3491 ,
3175 3426 3450 3481 contraria
3491 3441 3601 3482 non

2009 3509 2198 3568 secum
2245 3514 2340 3569 sed
2382 3529 2507 3570 cum
2558 3514 2679 3570 aliis
2717 3531 3004 3586 pugnare,
3054 3519 3334 3587 quomodo
3386 3519 3608 3574 malan

2005 3605 2341 3676 principium
2374 3621 2558 3662 secum
2591 3617 2814 3679 pugnat,
2844 3617 2902 3663 ut
2927 3624 3023 3664 vos
3046 3608 3262 3666 dicitis?
3287 3609 3353 3665 Et
3383 3612 3430 3666 si
3460 3611 3599 3668 nihil

2007 3699 2408 3755 contrariorum
2452 3708 2564 3755 tum
2607 3701 2711 3756 sibi
2758 3712 2870 3755 tum
2917 3701 3009 3756 alii
3055 3704 3408 3772 adversatur,
3462 3721 3600 3776 quo-

2005 3791 2173 3846 modo
2209 3793 2414 3848 malum
2446 3794 2779 3864 principium
2822 3803 2876 3850 ct
2908 3794 3012 3850 sibi
3047 3803 3314 3867 repugnat
3345 3805 3400 3851 et
3434 3796 3600 3852 simul

2003 3884 2186 3940 bono?
2215 3885 2308 3942 Sic
2340 3887 2486 3944 enim
2515 3887 2847 3959 principium
2879 3889 2982 3944 erit
3005 3903 3068 3945 ex
3112 3889 3419 3960 principio,
3449 3890 3596 3960 quod

2006 3983 2092 4031 est
2126 3975 2451 4033 absurdum.

2076 4087 2167 4143 20.
2207 4089 2264 4144 Si
2301 4091 2471 4146 Deum
2522 4108 2630 4148 non
2663 4093 2820 4148 decet
2859 4094 3134 4152 contraria
3165 4094 3384 4162 facere,
3432 4107 3598 4166 prout

2004 4190 2273 4238 creatura:
2320 4183 2535 4250 solent,
2591 4184 2866 4254 quomodo
2914 4202 3040 4241 eum
3081 4187 3235 4243 decet
3263 4187 3477 4260 .aliquid
3526 4191 3595 4245 ad

2002 4275 2286 4346 proprium
2318 4293 2480 4335 usum
2511 4294 2576 4333 ex
2618 4294 2678 4334 se
2723 4279 2984 4350 gignere?
3030 4279 3096 4335 Et
3139 4281 3186 4343 si
3239 4281 3328 4337 ille
3367 4283 3596 4340 minime

2002 4366 2358 4438 estindigens
2381 4371 2475 4438 qui
2503 4371 2568 4425 ad
2601 4371 2836 4426 aliorum
2865 4388 3026 4428 usum
3056 4373 3276 4445 aliquid
3299 4372 3430 4430 facit
3455 4417 3469 4441 ,
3503 4376 3595 4431 ille

2002 4466 2195 4514 contra
2240 4469 2324 4515 est
2361 4462 2612 4533 indigens
2646 4464 2739 4533 qui
2783 4463 2850 4519 ad
2901 4463 3222 4535 proprium;
3258 4465 3447 4536 quidni
3487 4467 3596 4522 mi-

2001 4549 2150 4605 nime
2181 4551 2422 4624 indigeat
2448 4555 2872 4612 Manichaeorum
2914 4557 3072 4624 deus,
3098 4556 3194 4628 qui
3217 4561 3282 4613 ad
3311 4558 3595 4631 proprium

1934 4620 1981 4676 Ῑ)
2013 4655 2172 4697 usum
2206 4620 2446 4714 generat,
2475 4655 2533 4701 ut
2561 4647 2662 4716 ipsi
2695 4649 2886 4703 aiunt?

2079 4754 2168 4810 2i.
2231 4755 2287 4811 Si
2334 4758 2539 4814 malum
2572 4761 2902 4832 principium
2933 4763 3104 4817 habet
3141 4777 3438 4819 commune
3467 4779 3594 4820 cum

2008 4847 2190 4914 bono,
2225 4858 2280 4906 et
2313 4861 2371 4906 ut
2410 4852 2516 4919 sit,
2549 4861 2602 4907 ct
2629 4854 2884 4922 quando,
2923 4862 2984 4909 et-
3007 4854 3102 4909 ubi
3133 4853 3240 4923 sit,
3275 4864 3441 4927 atque
3475 4870 3598 4912 om-

2009 4939 2141 4994 nino
2185 4950 2245 4997 ut
2284 4943 2760 5014 sit'principium;
2807 4946 2970 5002 sicuti
3015 4946 3180 5002 etiam
3246 4962 3384 5017 aqua
3433 4949 3600 5004 habet

2007 5046 2300 5090 commune
2329 5051 2456 5090 cum
2494 5035 2618 5106 igne
2647 5050 2916 5107 quatenus
2943 5049 2999 5093 et
3027 5049 3112 5094 est
3130 5078 3146 5103 ,
3187 5046 3241 5094 et
3264 5039 3594 5094 elementum

2007 5131 2134 5191 cst;.
2152 5137 2418 5197 repugnat
2444 5136 2626 5182 autem
2657 5129 2802 5183 bono
2833 5136 3066 5196 tantum,
3093 5138 3364 5199 quatenus
3385 5127 3590 5182 malum

2004 5215 2152 5269 bono
2178 5255 2193 5281 ,
2241 5218 2386 5273 sicut
2423 5220 2588 5274 etiam
2635 5220 2776 5291 ignis
2815 5237 2974 5292 aquae
3014 5221 3315 5277 secundum
3350 5222 3590 5278 calorem

2004 5313 2426 5380 tantummodo;
2467 5329 2534 5369 ex
2585 5330 2696 5370 uno
2728 5315 2997 5386 principio
3027 5324 3188 5370 erunt
3229 5315 3392 5370 ambo
3433 5314 3588 5384 prin-

2005 5406 2188 5477 cipia:
2233 5420 2471 5476 namque
2522 5405 2664 5476 ignis
2706 5415 2760 5462 et
2808 5421 2948 5476 aqua
2978 5420 3043 5460 ex
3092 5419 3205 5462 uno
3248 5405 3412 5459 ambo
3460 5412 3591 5461 sunt

2002 5497 2292 5568 principio.

2075 5611 2166 5666 2‘2.
2221 5609 2277 5665 Si
2318 5611 2529 5666 nullum
2560 5614 2900 5667 contrarium
2957 5619 3118 5665 ornat
3168 5623 3394 5678 compar
3422 5623 3586 5664 suum

2004 5717 2182 5774 neque
2207 5703 2534 5759 necessitate
2563 5718 2742 5774 neque
2769 5718 2893 5768 usu,
2930 5702 3134 5758 bonum
3167 5711 3351 5757 autem
3383 5701 3588 5773 princi-

2002 5794 2155 5863 pium
2202 5793 2688 5850 ornatmateriam
2741 5793 3092 5859 necessario,
3141 5808 3251 5848 non
3297 5793 3403 5849 erit
3453 5807 3585 5848 sane

2003 5884 2234 5943 materia
2282 5885 2554 5941 contraria
2601 5885 2743 5942 bono
2785 5885 3075 5954 principio.
3113 5884 3227 5941 iam
3273 5883 3318 5941 si
3359 5884 3580 5941 materia
