4062 6416
467 417 582 482 563

1738 413 1970 475 PAULI
2018 411 2467 474 CHRISTIANI

3639 396 3764 459 56‘

467 544 580 587 non
626 536 713 585 cst
753 526 1030 584 contraria
1058 568 1071 592 ,
1103 526 1233 597 quid
1273 525 1386 596 jam
1436 531 1519 582 est
1565 523 1722 580 initio
1775 538 1971 579 carens
2010 532 2063 578 et

2180 521 2334 594 δῦσης
2372 523 2644 587 ἐναντίας,
2684 513 2804 573 εἶτα
2833 519 2888 572 τί
2915 518 2976 573 rb
3008 519 3246 590 ἀναρχον
3276 516 3372 572 καὶ
3402 517 3651 574 ἐναντίον
3691 521 3760 574 τὸ

467 619 806 680 contrarium
851 618 1055 674 malum
1079 617 1103 669 ?

535 793 629 850 95.
671 793 730 850 Si
763 793 1166 848 contrariorum
1191 792 1384 863 copula
1417 793 1735 848 ncccssario
1764 791 1929 848 ambo
1961 791 2058 849 de-

467 888 781 948 monstrat,
810 897 923 937 non
955 888 1118 938 erunt
1149 880 1267 938 hac
1307 896 1371 948 ex
1408 882 1704 938 contrariis
1747 882 2054 954 principiis.

465 971 604 1029 Nam
629 982 898 1044 quantum
927 978 1126 1026 natura
1149 971 1429 1039 diﬂerunt,
1460 971 1802 1029 tantumdem
1835 974 2060 1029 notione

466 1073 804 1136 congruunt.

535 1157 628 1212 24.
674 1154 734 1212 Si
765 1171 832 1213 ex
887 1157 1288 1215 elementorum
1341 1159 1701 1230 repugnantia
1737 1159 1876 1213 ﬁunt
1904 1157 2060 1230 plan-

466 1244 538 1306 taa
569 1259 624 1305 et
647 1249 936 1318 animalia;
967 1249 1148 1306 oritur
1171 1259 1355 1305 autem
1382 1265 1446 1304 ex
1472 1249 1868 1322 principiorum
1900 1265 2060 1320 repuo

467 1341 693 1411 gnantia
726 1342 899 1407 nihil,
933 1357 1044 1398 non
1073 1353 1380 1416 repugnant
1412 1357 1545 1414 ergo
1567 1383 1582 1409 ,
1619 1353 1680 1399 ut
1713 1357 1810 1398 vos
1835 1340 2057 1408 dicitis.

415 1446 424 1473 ε
467 1434 744 1490 elementa
773 1434 1034 1489 invicem.

415 1506 430 1570 ἶ
535 1524 632 1580 23.
675 1525 732 1580 Si
761 1540 1110 1598 nequaquam
1141 1541 1296 1598 aeque
1325 1541 1392 1583 ac
1428 1525 1572 1582 Deus
1604 1527 1912 1583 honoratur
1942 1542 2062 1582 ma-

465 1617 581 1671 lum
616 1616 972 1688 principium,
1015 1619 1162 1690 quod
1196 1627 1376 1689 tamen
1412 1634 1508 1674 vos
1536 1617 1920 1690 dogmatizatis
1952 1617 2065 1675 Deo

407 1724 413 1733 τ
470 1706 838 1774 coexsistere;
875 1707 1002 1777 quia
1035 1708 1091 1762 in
1127 1708 1330 1765 creatis
1361 1707 1526 1764 etiam
1567 1716 1695 1764 sunt
1738 1709 1892 1778 paria
1923 1718 2062 1764 tem-

2161 615 2326 667 κακόν
2347 630 2360 675 ;

2234 803 2338 865 κγ’.
2371 796 2433 850 Εἰ
2463 797 2498 868 ἡ
2529 793 2762 865 συζυγία
2805 795 2914 849 τῶν
2961 793 3222 849 ἐναντίων
3271 791 3331 858 ἐξ
3358 791 3609 861 ἀνάγκης
3653 790 3756 860 δη-

2162 887 2245 942 λοῖ
2270 887 2340 941 τά
2373 887 2634 960 ἑκάτερα,
2664 887 2767 942 οὐκ
2790 886 2942 942 ἔσται
2964 885 3025 952 ἐξ
3053 885 3312 940 ἐναντίων
3351 883 3538 958 ἀρχῶν
3585 879 3752 968 Ὅσον

2163 976 2272 1049 γὰρ
2327 976 2583 1049 διέστηκε
2639 978 2783 1032 κατά
2833 975 3018 1047 φύσιν,
3061 973 3318 1030 τοσοῦτον
3363 975 3572 1045 ἥνωται
3613 971 3750 1028 κατά

2164 1071 2388 1140 γνῶσιν.
3099 1128 3106 1132 .

2237 1163 2334 1218 κδ’.
2371 1163 2435 1216 Et
2460 1162 2673 1232 γίνεται
2701 1163 2768 1216 ἐκ
2799 1161 2900 1233 τῆς
2927 1159 3038 1216 τῶν
3069 1157 3349 1232 στοιχείων
3380 1155 3755 1222 ἐναντιώσεως

2165 1255 2312 1324 φυτά
2371 1271 2432 1308 τε
2481 1255 2578 1309 καὶ
2632 1253 2770 1318 ζῶαο
2827 1253 3041 1322 γίνεται
3089 1251 3147 1306 δὲ
3195 1251 3262 1306 ὲκ
3291 1251 3392 1322 τῆς
3419 1251 3532 1304 τῶν
3564 1249 3754 1322 ἀρχῶν

2165 1345 2537 1410 ἐναντιώσεως
2569 1345 2744 1406 οὐδὲν.
2773 1345 2874 1398 οὐκ
2914 1343 3246 1399 ἀντίκεινται
3286 1343 3344 1396 αῖ
3381 1342 3550 1414 ἀρχαὶ
3588 1339 3754 1410 ἀλλή-

2165 1438 2287 1503 λαις
2319 1438 2395 1500 ώς
2420 1436 2491 1490 τά
2518 1438 2780 1507 στοιχεῖα,
2816 1435 2892 1500 ὦς
2913 1451 3072 1504 φατε.

2239 1533 2335 1582 κε’.
2377 1528 2440 1581 Et
2472 1526 2575 1579 οὐκ
2627 1526 2720 1579 ῐσα
2773 1525 2852 1596 τῷ
2901 1525 3021 1595 Θεῷ
3067 1524 3294 1594 τιμᾶται
3340 1521 3402 1574 rb
3432 1521 3600 1575 κακὸν
3629 1537 3754 1573 συν-

2169 1616 2412 1688 υπάρχον
2450 1613 2912 1685 δογματιζόμενον
2946 1611 3088 1683 Θεῷ,
3118 1611 3207 1665 διὰ
3237 1611 3298 1665 τὸ
3330 1606 3470 1664 εῖναι
3505 1609 3608 1664 κάν
3640 1611 3754 1673 τοῖς

2165 1711 2416 1780 γενητοῖς
2457 1708 2548 1761 ῐσα
2591 1725 2654 1776 γε
2685 1709 2752 1777 τῇ
2779 1708 2937 1777 τιμῇ.
2971 1703 3066 1758 καὶ
3107 1703 3448 1776 ὀλιγοχρόνια
3477 1702 3579 1774 μὲν
3613 1701 3759 1755 κατά

470 1812 640 1869 pore,
672 1798 964 1870 inaequalia
991 1799 1242 1868 honore;
1286 1811 1340 1856 et
1369 1800 1550 1856 brevis
1580 1801 1758 1857 aetatis
1791 1800 1837 1856 si
1868 1809 2065 1856 natura

2180 1800 2352 1869 φύσιν.
2410 1797 2713 1869 τιμιώτερα
2767 1796 2825 1852 δὲ
2878 1796 2986 1850 τῶν
3033 1795 3423 1868 πολυχρονῖων·
3481 1793 3600 1858 πῶς
3653 1794 3755 1846 οὐκ

471 1897 784 1960 spectetur,
827 1891 1182 1951 honoratiora
1213 1893 1574 1950 nihilominus
1605 1892 2059 1964 longaeviorihus,

2180 1891 2320 1947 ἔσται
2356 1907 2410 1944 τι
2442 1891 2548 1961 πρὸ
2578 1889 2688 1944 τῶν
2719 1889 3000 1961 ἀγενήτων
3023 1887 3193 1954 τάξαν
3219 1887 3320 1951 τὰς
3351 1883 3527 1958 ἀρχὰς
3556 1885 3757 1956 ἀγενή-

470 1983 664 2054 quidni
709 1983 815 2040 erit
859 1985 1099 2057 aliquid,
1143 1987 1291 2060 quod
1352 1997 1479 2042 ante
1531 1987 1776 2043 lncreata
1834 1986 2066 2042 collucet

470 2086 652 2132 creata
693 2077 964 2149 principia
985 2077 1010 2132 ἓ

539 2167 633 2225 26.
668 2168 877 2226 Cuncta
914 2170 1061 2227 enim
1093 2179 1277 2226 creata
1315 2181 1384 2228 eo
1415 2170 1609 2227 ordine
1642 2185 1805 2241 quem
1833 2170 2066 2226 Creator

472 2260 664 2316 statuit
711 2261 1100 2332 gubernantur.
1158 2261 1404 2329 Quorum
1445 2279 1554 2318 non
1602 2271 1688 2319 est
1737 2263 2065 2320 immortalis

470 2354 618 2419 vita,
652 2354 847 2410 horum
879 2355 1003 2411 vitae
1037 2356 1333 2427 opponitur
1372 2373 1544 2413 mors.
1587 2355 1651 2412 Et
1682 2372 1916 2427 quorum
1952 2372 2064 2412 non

469 2453 558 2500 est
613 2444 957 2501 immutabile
1010 2445 1215 2502 bonum
1243 2489 1258 2513 ,
1297 2447 1520 2501 'horum
1574 2447 1722 2502 hono
1770 2446 2068 2517 opponitur

470 2536 701 2591 malum.
729 2535 904 2607 Cujus
933 2551 1065 2593 vero
1094 2537 1422 2594 immortalis
1452 2547 1538 2594 est
1567 2538 1672 2593 vita
1699 2581 1715 2605 ,
1748 2537 1914 2608 hujus
1941 2538 2068 2592 vitae

470 2642 586 2683 non
627 2629 926 2698 opponitur
956 2644 1131 2686 mors.
1180 2628 1354 2687 Secus
1401 2639 1588 2686 autem
1629 2631 1794 2701 cujus
1833 2641 1920 2687 est
1961 2630 2067 2685 im-

470 2720 741 2779 mutabile
786 2721 992 2778 bonum
1014 2764 1030 2790 ,
1077 2721 1245 2794 hujus
1275 2737 1384 2778 non
1419 2723 1718 2795 opponitur
1765 2723 1912 2780 bono
1945 2739 2068 2779 ma-

453 2878 460 2892 ι
471 2811 615 2867 lum.

545 2903 637 2960 27.
672 2903 920 2972 Quorum
940 2905 1262 2962 exsistentia
1279 2913 1451 2961 estex
1475 2905 1845 2977 generatione,
1870 2907 2068 2962 horum

468 2997 680 3055 bonum
714 2997 963 3053 naturale
989 3008 1093 3053 est.
1123 2997 1190 3053 Et
1211 3013 1449 3068 quorum
1473 2999 1677 3054 bonum
1709 3009 1793 3056 est
1814 3014 1882 3054 ex
1908 3013 2068 3054 crea-

471 3089 627 3145 tione
649 3127 664 3155 ,
705 3087 907 3144 horum
938 3103 1006 3145 ex
1044 3089 1410 3160 repugnantia
1437 3100 1525 3148 est
1559 3089 1787 3146 malu.
1816 3088 2067 3156 Quorum

471 3196 606 3236 vero
631 3196 701 3237 ex
737 3189 936 3238 natura
965 3191 1053 3238 est
1082 3181 1294 3238 bonum
1322 3220 1338 3247 ,
1382 3181 1584 3239 horum
1619 3182 1767 3238 haud
1796 3197 1865 3238 ex
1903 3196 2069 3254 repu—
2095 3233 2141 3292 Ο

474 3273 700 3346 gnantia
731 3282 817 3330 est
845 3275 1076 3330 malum.

545 3365 638 3420 28.
692 3365 750 3420 Si
801 3365 921 3421 vult
974 3373 1242 3419 aeternum
1293 3363 1501 3420 bonum
1549 3379 1717 3431 esse,
1776 3365 1964 3437 utique
2013 3375 2070 3422 et

474 3458 657 3530 ipsum
698 3457 905 3513 malum
948 3465 1237 3513 aeternum.
1275 3455 1333 3511 Si
1377 3457 1562 3513 minus
1598 3457 1752 3524 vult,
1786 3465 1842 3514 et
1885 3466 2068 3515 tamen

475 3559 564 3608 est
585 3592 601 3617 ,
636 3551 800 3622 idque
824 3550 1095 3623 agnoscit,
1135 3558 1326 3606 contra
1360 3550 1697 3606 voluntatem
1725 3565 1942 3622 semper
1971 3566 2068 3622 pa-

474 3645 614 3699 titur
661 3652 927 3698 :eternum
977 3643 1226 3709 bonum,
1285 3657 1394 3698 non
1443 3643 1667 3699 habehit
1727 3643 2069 3699 contrarium

475 3736 708 3791 malum.
767 3733 917 3790 Nihil
976 3735 1122 3791 enim
1180 3734 1525 3790 contrarium
1589 3735 1742 3792 omni
1813 3735 2073 3807 passione

474 3839 658 3884 vacat.

550 3920 639 3976 29.
669 3919 839 3987 Quale
867 3919 1090 3990 agnovit
1116 3920 1487 3990 interrogator
1509 3917 1741 3980 bonum,
1769 3916 1858 3972 cui
1888 3916 2074 3972 adver-

476 4015 590 4073 sari
612 4015 689 4070 ait
711 4015 955 4069 malum?
979 4014 1153 4081 Quale
1179 4013 1311 4069 item
1339 4014 1490 4070 novit
1519 4014 1746 4076 malum,
1765 4012 1855 4068 cui
1881 4011 2074 4066 adver-

476 4108 591 4165 sari
620 4107 751 4163 dicit
775 4107 1022 4162 bonum?
1055 4106 1198 4178 Ergo
1223 4107 1468 4161 increata
1499 4115 1628 4162 sunt
1657 4113 1860 4161 creata.
1888 4103 1994 4158 Sed
2026 4102 2074 4158 si

477 4199 723 4256 increata
749 4241 765 4266 ,
800 4201 1139 4256 demonstret
1165 4201 1582 4270 temperantiam
1605 4214 1728 4255 esse
1750 4199 2071 4265 increatam,

478 4292 904 4360 continentiam,
931 4292 1226 4362 justitiam,
1258 4292 1370 4347 imo
1391 4293 1558 4347 etiam
1581 4291 1932 4360 adulterium,
1963 4291 2076 4347 for-

479 4383 859 4451 nicationem,
911 4393 968 4439 et
1011 4399 1314 4454 puerorum
1363 4398 1599 4439 amores.
1654 4382 1812 4450 Quod
1859 4384 1907 4439 si
1958 4385 2077 4440 haec

461 4474 687 4542 creata,
720 4491 821 4532 cur
849 4476 981 4547 quia
1018 4477 1342 4534 adversatur
1371 4486 1682 4533 creatarum
1713 4491 1898 4533 rerum
1930 4477 2076 4534 bono

2167 2001 2330 2050 τους;

2241 2191 2356 2252 κς’.
2393 2185 2580 2238 Πάντα
2605 2182 2714 2254 γὰρ
2749 2180 2820 2235 τά
2839 2179 3044 2252 γενητὰ
3069 2176 3192 2234 καθ’
3213 2177 3280 2250 ἢν
3309 2175 3466 2243 ἔταξε
3499 2175 3561 2229 rb
3585 2174 3759 2245 Ποιή-

2171 2297 2274 2335 σαν
2309 2277 2466 2345 τάξιν
2495 2276 2852 2346 κυϐερνᾶταιο
2879 2267 2956 2328 ὧν
2983 2273 3084 2326 οὒκ
3107 2270 3374 2336 ἀθάνατος
3399 2271 3434 2342 ἡ
3461 2269 3595 2341 ζωὴ,
3631 2267 3764 2322 τοὺ-

2167 2389 2279 2426 των
2303 2373 2370 2442 τῇ
2403 2369 2516 2442 ζωῇ
2546 2368 2850 2423 ἀντίκειται
2871 2367 3116 2429 θάνατος·
3146 2363 3244 2420 καὶ
3263 2357 3338 2419 ὧν
3362 2365 3465 2417 οὐκ
3492 2362 3764 2432 ἄτρεπτον

2167 2465 2230 2519 rb
2266 2461 2494 2533 ἀγαθὸν,
2535 2461 2740 2514 τούτων
2767 2458 2844 2530 τῷ
2875 2458 3066 2529 ἀγαθῷ
3114 2456 3414 2512 ἀντίκειται
3454 2453 3518 2507 rb
3567 2452 3760 2507 κακόνο

2168 2551 2230 2612 οὗ
2281 2555 2340 2610 δὲ
2387 2554 2656 2616 ἀθάνατος
2719 2553 2755 2623 ὴ
2811 2550 2948 2622 ζωὴ,
2983 2549 3175 2603 τούτου
3219 2549 3322 2602 οὐκ
3361 2545 3661 2601 ἀντίκειται
3687 2543 3759 2614 τῇ

2170 2648 2286 2720 ζωῇ
2316 2648 2346 2700 ὁ
2366 2645 2616 2709 θάνατος·
2655 2643 2752 2699 καὶ
2788 2636 2962 2714 οὗπερ
2991 2642 3259 2712 ἄτρεπτον
3285 2638 3348 2693 rb
3372 2635 3597 2708 ἀγαθὸν,
3633 2634 3763 2688 τοὺ-

2168 2759 2264 2797 του
2296 2739 2400 2795 οὐκ
2430 2737 2737 2794 ἀντίκειται
2765 2733 2844 2806 τῷ
2873 2733 3063 2805 ἀγαθῷ
3095 2731 3156 2787 rb
3195 2730 3386 2786 κακόν.

2243 2917 2347 2986 κζ’,
2375 2910 2478 2972 Ὧν
2518 2919 2550 2990 η
2585 2915 2823 2988 ὓπαρξις
2861 2912 3004 2969 κατά
3037 2911 3274 2982 γένεσιν,
3313 2908 3523 2964 τούτων
3565 2904 3659 2960 καὶ
3697 2903 3767 2957 rb

2171 3013 2378 3085 ἀγαθὸν
2428 3010 2575 3066 κατά
2615 3009 2795 3080 φύσιν·
2852 3007 2948 3062 καὶ
2992 2999 3068 3061 ὧν
3119 3006 3219 3077 μὲν
3260 3003 3322 3058 rb
3369 2999 3576 3072 ἀγαθὸν
3619 2998 3766 3053 κατὰ

2171 3105 2372 3169 κτίσιν,
2411 3100 2617 3156 τούτων
2652 3098 2773 3154 κατ’
2807 3097 3126 3154 ἔναντιωσιν
3165 3095 3232 3148 rb
3272 3093 3466 3149 κακόν·
3498 3091 3564 3146 ἀν
3601 3090 3658 3144 δὲ
3700 3087 3770 3142 rb

2173 3196 2378 3267 ἀγαθὸν
2421 3192 2568 3249 κατά
2607 3191 2792 3262 φύσιν,
2831 3189 3038 3244 τούτων
3081 3188 3144 3243 οὐ
3176 3189 3297 3241 κατ’
3333 3182 3650 3240 ἐναντίωσιν
3698 3179 3770 3234 τὺ

2173 3289 2364 3450 matri":
2386 3377 2448 3431 El
2479 3374 2730 3446 βούλεται
2779 3373 2841 3426 rb
2893 3371 3066 3427 ἀΐδιον
3093 3365 3300 3439 ἀγαθὸν
3325 3360 3467 3420 εῖναι
3500 3365 3562 3418 rb
3597 3361 3773 3415 ἀΐδιον

2141 3463 2145 3467 ’
2172 3471 2365 3535 κακὸν,
2399 3468 2510 3540 ἄρα
2541 3467 2637 3522 καὶ
2669 3464 2802 3521 αὐτὸ
2845 3463 3018 3519 ἀΐδιον
3049 3459 3187 3516 εἶναι
3219 3460 3282 3514 rb
3325 3457 3518 3514 κακόνο
3552 3456 3600 3510 εἰ
3628 3453 3671 3507 δ’
3700 3453 3769 3507 οὐ
3871 3451 3890 3467 ⁸

2174 3559 2425 3632 βούλεται
2442 3552 2582 3612 εἶναι
2603 3556 2756 3621 αὐτὸ,
2789 3553 2904 3608 ἐστι
2932 3553 3011 3617 δὲ,
3037 3553 3131 3607 καὶ
3155 3549 3414 3621 γινώσκει
3435 3545 3588 3614 αὐτὸ,
3614 3542 3771 3616 παρὰ

2175 3650 2432 3724 βούλησιν
2467 3649 2666 3720 πάσχει
2705 3647 2766 3700 rb
2804 3645 2978 3701 ἀΐδιον
3006 3642 3231 3714 ἀγαθὸν,
3261 3642 3359 3713 οὐχ
3390 3639 3501 3707 ἔξει
3528 3635 3776 3691 ἐναντίον

2174 3744 2366 3799 κακόνο
2395 3742 2552 3796 οὐδὲν
2582 3741 2693 3813 γὰρ
2723 3739 2967 3794 ἐναντίον
2993 3737 3341 3812 ἀπήλλακται
3385 3732 3594 3795 πάθους
3629 3744 3775 3784 παν-

2171 3835 2366 3901 τελῶς.

2246 3928 2348 3984 κθ’.
2391 3927 2640 3982 Ποταπδν
2680 3925 2920 3995 ἔγνωκεν
2947 3925 2975 3978 6
3005 3922 3412 3992 πυνθανόμενος
3454 3919 3514 3974 rb
3542 3916 3772 3989 ἀγαθὸν,

2172 4015 2218 4092 ᾧ
2246 4019 2582 4075 ἀντικεῖσθαι
2617 4019 2780 4094 λέγει,
2806 4018 2870 4070 rb
2899 4017 3135 4086 πονηρόν
3162 4033 3176 4083 ;
3214 4015 3325 4068 Καὶ
3371 4012 3616 4067 ποταπὸν
3650 4010 3778 4064 ὲπί-

2177 4128 2370 4166 σταται
2391 4111 2455 4164 rb
2485 4109 2743 4180 πονηρὸν,
2773 4102 2819 4177 ᾧ
2844 4106 3185 4162 ἀντικεῖσθαι
3214 4106 3414 4175 φάσκει
3443 4102 3505 4157 rb
3531 4101 3731 4172 ἀγαθόν
3753 4118 3775 4169 ;

2187 4205 2460 4276 Ἀγένητα
2478 4204 2587 4277 ἀρα
2602 4202 2672 4256 τά
2690 4201 2896 4273 γενητά
2911 4216 2926 4231 ο
2963 4199 3079 4255 ἀλλ’
3100 4200 3149 4252 ei
3178 4199 3278 4270 μὲν
3305 4197 3564 4268 ἀγένητα,
3588 4194 3776 4261 δειξά-

2175 4313 2255 4353 τω
2291 4297 2391 4369 τὴν
2423 4294 2780 4367 σωφροσύνην
2804 4290 2944 4348 εἶναι
2968 4292 3255 4364 ἀγένητον,
3288 4291 3389 4362 τὴν
3415 4289 3774 4361 ἐγκράτειαν,

2176 4390 2274 4462 τὴν
2300 4387 2674 4458 δικαιοσύνην,
2701 4385 2784 4439 ἔτι
2813 4384 2871 4438 δὲ
2912 4384 3012 4456 τὴν
3051 4381 3320 4457 μοιχείαν,
3348 4381 3449 4450 τὴν
3489 4377 3777 4450 πορνείαν,

2176 4483 2277 4556 τὴν
2306 4479 2718 4552 παιδεραστίαν.
2753 4478 2817 4532 El
2845 4477 2903 4532 δὲ
2923 4475 3148 4548 γενητὰ,
3179 4475 3298 4539 πῶς
3330 4473 3420 4528 διὰ
3451 4473 3513 4526 rb
3533 4472 3780 4525 ἀντικεῖ-

462 4569 690 4648 _malum
715 4611 733 4638 ,
771 4584 997 4626 necesse
1045 4570 1119 4626 sit
1164 4569 1260 4626 Dei
1299 4585 1520 4642 quoque
1562 4580 1752 4626 creato
1793 4569 2071 4625 adversari

2181 4573 2410 4644 σθαιτῷ
2431 4573 2541 4627 τῶν
2569 4570 2814 4642 γενητῶν
2837 4568 3028 4640 ἀγαθῷ
3057 4569 3119 4622 rb
3143 4567 3399 4638 πονηρὸν,
3433 4565 3648 4636 ἀνάγκη
3675 4564 3783 4618 καὶ

462 4661 692 4717 ἰηοὶυπι
712 4660 745 4716 ἳ·

559 4749 650 4804 30.
687 4747 746 4804 Si
781 4764 904 4820 quae
929 4749 1188 4808 accidunt
1210 4750 1435 4819 creatis,
1465 4751 1783 4807 necessario
1820 4749 2078 4806 accidunt

482 4841 636 4909 Deo;
664 4843 781 4899 hac
797 4850 985 4900 autem
1011 4844 1270 4901 accidunt
1293 4844 1517 4912 creatis,
1546 4858 1741 4914 nempe
1763 4842 2076 4915 generatio,

402 4988 419 4996 -
483 4935 809 5006 corruptio,
832 4935 1155 5008 indigentia,
1191 4945 1505 5006 peccatum,
1533 4931 1717 5006 atque,
1741 4942 1804 4990 ut
1825 4949 2076 4990 summa-

483 5025 586 5081 tim
617 5023 820 5089 dicam,
849 5025 1160 5094 passiones,
1175 5039 1277 5081 cur
1305 5041 1415 5081 non
1445 5024 1564 5081 hac
1584 5024 1776 5080 eadem
1802 5023 1913 5079 Deo
1937 5039 2078 5094 quo-

484 5131 596 5187 que
641 5116 936 5172 accidunt?
981 5115 1140 5184 Quod
1184 5117 1235 5172 si
1276 5117 1423 5173 haud
1473 5116 1784 5174 necessario
1823 5115 2080 5172 accidunt

485 5205 637 5271 Deo,
680 5219 806 5274 quae
845 5205 1123 5262 creaturis
1163 5207 1462 5274 accidunt,
1492 5222 1590 5264 cur
1620 5216 1910 5278 propterea
1934 5206 2077 5277 quod

488 5303 871 5351 creaturarum
916 5297 1066 5354 bono
1100 5297 1423 5355 adversatur
1466 5298 1693 5365 malum,
1741 5313 1969 5354 necesse
2007 5299 2081 5352 sit

489 5387 658 5442 etiam
691 5386 789 5443 Dei
817 5389 966 5445 bono
994 5389 1275 5446 adversari
1302 5390 1549 5446 malum?

559 5479 651 5534 51.
704 5477 764 5534 Si
817 5479 962 5536 Deus
1009 5490 1095 5538 est
1147 5481 1353 5537 bonum
1403 5483 1820 5552 increatumque
1875 5482 2083 5552 princi-

489 5569 644 5638 pium
669 5609 684 5636 ,
719 5571 965 5642 itemque
1004 5571 1152 5629 Deus
1182 5582 1267 5630 est
1308 5573 1476 5630 etiam
1514 5575 1746 5640 malum,
1781 5583 1841 5630 ut
1868 5572 2080 5638 dicitis,

492 5673 673 5727 neque
706 5668 888 5718 tamen
937 5663 1051 5720 haec
1079 5665 1332 5738 utrisque
1377 5665 1672 5732 accidunt;
1726 5683 1827 5724 cur
1860 5681 2084 5723 necesse

493 5747 570 5805 sit
617 5747 733 5806 haec
780 5753 1032 5812 accidere
1077 5766 1192 5814 tum
1244 5759 1488 5816 iucreato
1530 5759 1711 5827 bono,
1763 5770 1877 5818 tum
1919 5759 2081 5818 etiam

492 5841 737 5900 increato
758 5844 784 5899 τ

2177 4667 2258 4740 τῷ
2281 4667 2378 4722 τοῦ
2397 4667 2533 4721 Θεοῦ
2558 4663 2773 4736 γενητῷ
2796 4661 3134 4718 ἀντικεῖσθαι
3167 4660 3228 4714 rb
3255 4660 3521 4732 σωνηρόν;

2248 4762 2314 4816 λ’.
2348 4759 2410 4814 El
2437 4760 2508 4813 τὰ
2531 4758 2775 4830 ἑπόμενα
2799 4759 2912 4820 τοῖς
2941 4755 3191 4825 γενητοῖς
3219 4751 3281 4818 ἐξ
3303 4751 3554 4822 ἀνάγκης
3575 4749 3784 4804 ἕπεται

2179 4853 2259 4925 τῷ
2291 4850 2434 4922 Θεῷ,
2468 4851 2664 4904 ἕπεται
2689 4847 2748 4902 δὲ
2777 4849 2895 4912 τοῖς
2923 4845 3195 4916 γενητοῖς,
3227 4837 3340 4898 οἷον
3373 4841 3613 4912 γένεσις,
3636 4839 3784 4910 φθο-

2183 4945 2276 5019 ρὰ,
2309 4943 2510 5007 ἔνδεια,
2553 4939 2822 5012 ἁμαρτία,
2863 4938 2960 4992 καὶ
2995 4935 3186 4999 ἀπλῶς
3228 4936 3402 4990 εἰπεῖν
3435 4933 3608 5004 πάθη,
3649 4930 3780 4996 πῶς

2181 5038 2281 5108 οὐχ
2308 5036 2500 5106 ἕψεται
2536 5032 2677 5087 αὐτὰ
2705 5032 2802 5086 καὶ
2824 5030 2904 5102 τῷ
2935 5028 3089 5101 Θεῷ;
3129 5030 3191 5083 Εἰ
3218 5027 3265 5081 δ’
3293 5028 3395 5082 οὐκ
3423 5026 3483 5091 ἐξ
3521 5025 3781 5096 ἀνάγκης

2182 5132 2377 5186 ἕπεται
2405 5129 2483 5199 τῷ
2513 5125 2633 5196 Θεῷ
2659 5126 2728 5180 τά
2754 5125 2997 5195 ἑπόμενα
3024 5123 3139 5185 τοῖς
3162 5121 3430 5192 γενητοῖς,
3459 5118 3578 5182 πῶς
3601 5117 3688 5171 διὰ
3709 5116 3782 5170 rb

2183 5219 2520 5276 ἀντικεῖσθαι
2560 5214 2638 5288 τῷ
2669 5217 2728 5270 ὲν
2753 5215 3002 5285 γενητοῖς
3039 5210 3192 5279 καλῷ
3229 5211 3293 5264 rb
3337 5209 3530 5275 κακὸν,
3555 5207 3776 5279 ἀνάγκη

2185 5315 2281 5370 καὶ
2317 5313 2396 5386 τῷ
2420 5311 2516 5366 τοῦ
2551 5310 2688 5365 Θεοῦ
2722 5308 2874 5382 καλῷ
2901 5307 3237 5364 ἀντικεῖσθαι
3265 5307 3328 5361 rb
3351 5305 3556 5371 κακόν;

2256 5489 2356 5542 λα’.
2396 5488 2458 5540 Εἰ
2482 5488 2510 5539 ὁ
2541 5486 2675 5550 Θεὸς
2706 5484 2886 5557 ἀγαθὴ
2928 5483 3072 5556 ἀρχὴ
3107 5483 3202 5537 καὶ
3231 5479 3516 5550 ἀγένητος,
3545 5478 3679 5542 Θεὸς
3714 5477 3776 5531 δὲ

2187 5581 2280 5635 καὶ
2320 5582 2354 5649 ἡ
2387 5577 2554 5649 κακὴ.
2587 5576 2662 5641 ὥς
2700 5594 2861 5647 φατε,
2887 5577 2982 5630 καὶ
3010 5577 3111 5647 οὐχ
3155 5575 3350 5629 ἕπεται
3378 5571 3554 5628 ταῦτα
3583 5571 3777 5626 ἐκατέ-

2191 5689 2325 5743 ροις·
2371 5672 2489 5736 πῶς
2531 5669 2706 5724 ταῦτα
2747 5669 2975 5724 ἕπεσθαι
3021 5666 3234 5739 ἀνάγκη
3279 5665 3357 5737 τῷ
3403 5683 3462 5719 τε
3521 5663 3774 5735 ἀγενήτῳ

2188 5764 2376 5836 ἁγαθῷ
2413 5764 2505 5819 καὶ
2535 5763 2748 5835 γενητῷ
2770 5782 2782 5831 ;
