4062 6420
322 395 447 466 565

323 594 429 649 θοῦ
465 595 611 666 ἀρχὴ
644 595 853 664 γίνεται
888 593 983 648 τοῦ
1021 593 1214 659 κακοῦ,
1246 596 1279 664 ἡ
1308 592 1372 666 δὴ
1403 591 1606 654 παῦσις
1635 587 1728 643 τοῦ
1751 584 1922 640 κακοῦ

318 688 478 759 ἀρχὴ
531 687 796 751 πολλάκις
831 686 926 740 τοῦ
966 684 1196 757 ἀγαθοῦ,
1230 687 1284 741 τί
1318 686 1383 757 δὴ
1419 683 1513 739 τοῦ
1557 681 1693 736 Θεοῦ
1719 678 1922 750 ἀγαθὸν

316 778 526 849 ὥσπερ
553 779 842 852 ἀγένητον,
875 778 1050 845 οὕτως
1077 780 1173 833 καὶ
1199 778 1649 851 ἀπαράτρεπτον,
1681 775 1782 844 οὐχ
1811 770 1923 836 ἕξει

312 871 441 941 ἀρα
471 869 536 924 τὸ
567 870 947 942 ἀντικείμενον
972 870 1173 938 κακόν;

395 963 504 1034 λγ.
539 963 605 1018 El
629 963 695 1018 τὸ
724 963 898 1018 κακὸν
923 962 1077 1018 οὐδὲν
1103 961 1293 1034 ῑτερόν
1317 964 1466 1018 ἐστιν
1499 961 1536 1034 ἢ
1569 959 1662 1016 ἐπὶ
1695 959 1923 1030 Θάτερον

225 1101 230 1104 -
313 1057 500 1126 μέρος
553 1055 656 1126 τῆς
718 1054 1106 1128 παρατροπῆς,
1168 1053 1456 1128 ιλεύθερος
1511 1052 1569 1108 δὲ
1628 1052 1835 1123 ταύτης
1893 1050 1924 1103 ὁ

314 1146 484 1212 Θεὸς,
531 1145 654 1212 πῶς
696 1139 767 1218 ἧς
811 1145 912 1202 οὐκ
943 1145 1060 1218 ἔχει
1097 1147 1198 1219 τὴν
1226 1146 1442 1220 κτῆσιν,
1474 1143 1586 1214 ἕξει
1626 1143 1726 1216 τὴν
1771 1145 1924 1198 ὲναν-

314 1256 519 1293 τιωσιν
541 1258 555 1305 ;

395 1329 496 1384 λδ’.
531 1330 594 1384 Εἰ
619 1333 740 1384 κατ’
762 1330 948 1385 οὐσίαν
971 1331 1078 1386 τῶν
1097 1331 1540 1404 προῦφεστωσῶν
1568 1327 1752 1400 ἀρχῶν
1775 1327 1924 1381 ἔστιν

315 1419 382 1472 ιν
417 1422 534 1484 τοῖς
566 1423 816 1490 γενητοῖς
849 1421 909 1474 τό
941 1437 1002 1473 τε
1047 1419 1253 1490 ἀγαθὸν
1299 1420 1396 1474 καὶ⁸
1431 1417 1491 1473 τὸ
1521 1417 1779 1488 πονηρὸν,
1815 1417 1924 1470 ῶσο

319 1526 437 1580 περ
462 1511 533 1563 ἐκ
557 1509 667 1564 τῶν
695 1509 1130 1580 προϋφεστώτων
1160 1509 1441 1580 στοιχείων
1464 1511 1521 1562 ὲν
1547 1511 1660 1570 τοῖς
1685 1506 1925 1577 πεφυκό-

322 1618 434 1663 σιν,
467 1601 535 1655 τό
560 1619 620 1654 τε
651 1601 941 1674 θερμαῖνον
973 1602 1154 1657 καὶτὸ
1178 1602 1408 1674 ψυχρὸν,
1438 1603 1502 1656 ὲκ
1540 1603 1669 1674 μιᾶς
1709 1600 1923 1656 ἔσονται

317 1692 508 1761 ἀρχῆς
531 1693 589 1746 αἱ
615 1695 795 1747 οὐσίαι
829 1695 887 1762 ἐξ
912 1687 986 1750 ὧν
1016 1695 1076 1750 τὺ
1102 1695 1306 1765 ἀγαθὸν
1331 1696 1426 1750 καὶ
1455 1695 1515 1749 τὸ
1541 1694 1799 1767 πονηρόν’
1827 1694 1924 1749 καὶ

321 1786 436 1853 γὰρ
463 1785 530 1837 τὸ
564 1783 711 1857 ὕδωρ
742 1787 836 1840 καὶ
863 1787 924 1842 τὸ
955 1787 1068 1859 πῦρ
1115 1789 1176 1853 ἐξ
1219 1780 1296 1842 ὧν
1343 1788 1405 1841 τὸ
1439 1785 1734 1860 θερμαῐνόν
1773 1789 1922 1842 ἐστιν

322 1877 422 1927 καὶ
466 1875 533 1928 τὸ
565 1875 796 1947 ψυχρὸν,
827 1878 892 1932 ὲκ
933 1881 1065 1949 μιᾶς
1094 1880 1241 1934 ἐστιν
1263 1879 1458 1950 ἀρχῆς,
1494 1877 1616 1933 καθ’
1649 1879 1816 1949 ὑμᾶς.

403 1966 499 2022 λε’.
541 1968 604 2020 El
634 1968 776 2022 κατὰ
808 1970 1101 2040 μετουσίαν
1130 1971 1240 2025 τῶν
1265 1969 1707 2044 προϋφεστωσῶν
1740 1969 1926 2043 ἀρχῶν

339 2059 486 2112 εστιν
509 2061 563 2112 ιν
585 2061 698 2124 τοῖς
721 2064 971 2132 γενητοῖς
995 2061 1058 2116 τό
1086 2079 1146 2116 τε
1183 2063 1348 2118 καλὸν
1372 2063 1468 2118 καὶ
1495 2063 1557 2118 τὸ
1590 2062 1781 2130 κακὸν,
1810 2062 1928 2128 πῶς

339 2151 609 2217 κολάσεως
657 2153 759 2224 μὲν
791 2154 919 2218 τοὺς
950 2155 1310 2220 πταίσαντας,
1333 2155 1688 2220 ἀπολαύσεως
1715 2154 1772 2211 δὲ
1799 2156 1926 2221 τοὺς

309 2241 754 2311 κατωρθωκότας
779 2241 1042 2315 ἀξιοῦμεν
1064 2263 1079 2310 ;
1105 2244 1218 2300 Καὶ
1261 2247 1308 2299 εί
1339 2245 1530 2318 ῶσπερ
1559 2246 1702 2302 κατά
1731 2263 1927 2319 μετου-

321 2333 452 2384 σίαν
476 2333 677 2406 ἔχομεν
700 2335 760 2388 τὸ
780 2335 971 2402 κακὸν,
997 2336 1114 2402 πῶς
1135 2337 1227 2391 τὸν
1255 2338 1356 2408 μὲν
1380 2337 1721 2412 πυρέσσοντα
1741 2339 1924 2392 οἴκτου

317 2425 419 2479 καὶ
454 2427 828 2496 συμπαθείας.
861 2428 957 2486 τὸν
995 2429 1054 2483 δὲ
1083 2429 1403 2503 μηνύσαντα
1431 2431 1599 2502 ψόγου
1633 2433 1725 2487 καὶ
1759 2432 1924 2488 κολά-

317 2533 466 2582 σεως
494 2517 782 2591 ἀξιοῦμεν,

393 2700 510 2767 λς’.
538 2701 604 2754 Εἰ
636 2699 811 2766 οὐδεὶς
838 2702 906 2756 τά
936 2702 1078 2756 κατά
1109 2701 1403 2774 μετουσίαν
1435 2700 1544 2754 τῶν
1568 2698 1923 2771 προϋφεστὼ-

319 2807 434 2845 των
463 2793 524 2845 ὲν
555 2792 716 2860 φύσει
749 2792 811 2858 ἐξ
834 2793 1081 2864 ἀνάγκης
1110 2792 1503 2864 συμϐαίνοντα,
1535 2791 1685 2863 νόμῳ
1712 2791 1921 2862 ἀπηγό-

321 2899 516 2953 ρευσε,
546 2882 756 2952 γίνεται
788 2882 898 2954 γάρ
927 2882 1101 2938 ταῦτα
1145 2881 1206 2948 ἐξ
1239 2882 1504 2953 ἀνάγκης·
1534 2881 1652 2946 πῶς
1678 2882 1778 2952 τὴν
1810 2882 1923 2938 ἀδι-

320 2973 450 3027 κίαν
487 2974 522 3045 ἦ
552 2975 811 3029 ἀσέϐειαν
852 2976 906 3029 οἵ
939 2993 1000 3028 τε
1035 2975 1168 3030 θεῖοι
1211 2975 1306 3030 καὶ
1341 2973 1672 3044 ἀνθρώπινοι
1706 2974 1919 3042 ἀπαγο-

321 3060 487 3131 ρεύου
497 3078 549 3114 σι
576 3061 731 3132 νόμοι
755 3080 770 3130 ;
825 3078 832 3084 '

393 3153 496 3220 λζ’.
545 3155 609 3208 Εί
644 3154 714 3208 τὰ
748 3154 891 3210 κατὰ
917 3153 1081 3226 νόμον
1117 3155 1546 3228 ἀπηγορευμένα
1587 3155 1753 3222 κακὰ,
1806 3147 1918 3210 οἷον

321 3215 673 3317 βλασφημία,
709 3247 913 3314 ἀδικία,
959 3215 1053 3303 καὶ
1094 3215 1280 3312 ἁπλῶς
1308 3215 1501 3302 ἐἰπεῖν
1557 3215 1780 3303 ἀσέϐεια
1824 3249 1918 3304 καὶ
1944 3215 1988 3273 C

322 3337 592 3410 ἁμαρτία,
623 3330 700 3392 ὧν
728 3339 760 3409 ἠ
785 3337 1027 3409 τιμωρία
1054 3337 1306 3410 ὥρισται,
1339 3338 1519 3411 ψυχῆς
1555 3339 1680 3411 δίχα
1707 3339 1918 3410 γίνεται

208 3467 218 3478 .
318 3426 599 3498 οὐδαμῶς,
632 3427 752 3492 πῶς
780 3428 882 3482 οὑκ
915 3427 1063 3482 ἐστιν
1089 3431 1122 3500 ἡ
1153 3428 1299 3500 ψυχὴ
1338 3430 1487 3483 αίτία
1519 3430 1630 3484 τῶν
1659 3429 1801 3485 κατά
1827 3431 1918 3486 νό-

322 3535 423 3590 μον
451 3518 925 3591 ἀπηγορευμένων
955 3519 1162 3588 κακῶν,
1190 3514 1266 3575 ῶν
1294 3519 1526 3594 ὥρισται
1561 3521 1655 3576 καὶ
1681 3524 1715 3593 ὴ
1745 3539 1919 3594 τιμω-

321 3610 449 3682 ρία;
488 3610 601 3664 Καὶ
628 3610 733 3682 ειη
767 3608 911 3681 ψυχή
942 3611 1092 3664 ἐστιν
1119 3610 1269 3666 αἰτία
1301 3611 1409 3667 τῶν
1442 3611 1586 3668 κατά
1615 3614 1780 3684 νόμον
1808 3616 1918 3672 ἀπ-

319 3701 718 3773 ηγορευμένων
761 3701 969 3766 κακῶν,
1007 3701 1127 3766 πῶς
1177 3703 1279 3756 οὐκ
1325 3702 1475 3757 ἐστιν
1526 3703 1592 3759 ἔκ
1635 3703 1814 3778 ψυχῆς
1850 3707 1918 3762 τά

317 3793 467 3846 κατά
497 3793 664 3862 νόμον
701 3793 1127 3863 ἀπηγορευμένα
1154 3793 1336 3861 κακά;
1373 3795 1483 3848 Καὶ
1509 3797 1558 3850 εί
1581 3795 1760 3865 τοῦτο,
1798 3797 1918 3864 πῶς

321 3884 438 3953 εχει
463 3882 564 3954 τὴν
591 3883 702 3937 τῶν
726 3883 896 3938 ὅντων
929 3884 1227 3953 ἐπίγνωσιν
1252 3886 1280 3938 ὁ
1311 3886 1718 3958 πυνθανόμενος
1750 3889 1917 3945 πόθεν

323 3976 394 4027 τὰ
425 3974 569 4029 κακά
586 3991 604 4042 ;

393 4069 500 4139 λη’.
526 4067 592 4122 El
624 4067 684 4121 οὐ
713 4066 960 4131 θέλοντες
982 4068 1394 4140 ἁμαρτάνομεν,
1428 4071 1520 4123 καί
1542 4072 1605 4125 οὐ
1631 4073 1918 4146 προαιρού-

318 4183 481 4238 μενοι
502 4163 880 4236 δικαιούμεθα,
905 4163 1025 4228 πῶς
1049 4164 1126 4229 ὡς
1149 4163 1368 4236 θελήσει
1395 4165 1810 4237 ἁμαρτήσαντος
1835 4185 1916 4222 τι·

321 4256 686 4330 μωρούμεθα,
731 4257 826 4310 καὶ
867 4257 944 4320 ὡς
991 4257 1315 4329 προαιρέσει
1355 4256 1738 4321 δικαιωθέντες
1778 4261 1914 4314 ἀποο

316 4348 567 4418 λαύομεν
597 4347 709 4401 τῶν
755 4346 1010 4416 ἀγαθῶν;
1043 4347 1151 4401 Καὶ
1180 4348 1230 4401 εί
1259 4347 1475 4421 θελήσει
1519 4348 1582 4402 τὸ
1630 4349 1910 4419 ἑκάτερον,

317 4444 443 4507 πῶς
473 4443 578 4496 οὐκ
609 4443 675 4496 ὲκ
698 4441 978 4513 θελήσεως
1009 4441 1304 4514 ἑκάτερονς

1225 389 1682 455 DISPUTATIO
1707 386 1867 449 CUM
1902 384 1921 443 1

2026 382 2242 446 )TlNO
2289 386 2726 448 MANICIUEO.
3509 382 3524 452 ξ

398 505 506 576 as.
530 505 596 560 Ei
618 504 678 558 ἐν
703 505 815 567 τοῖς
841 504 1088 574 γενητοῖς
1119 504 1151 574 ἡ
1181 501 1283 575 μὲν
1306 498 1635 573 παρατροπὴ
1663 496 1754 550 τοῦ
1785 496 1918 563 ἀγα-

2094 491 2182 576 5ξ.
2223 491 2279 548 Si
2309 494 2364 549 in
2393 496 2662 551 creaturis
2690 494 2958 564 digressio
2987 507 3019 549 a
3051 493 3194 549 bono
3223 492 3285 547 ﬁt
3312 492 3441 548 mali
3471 493 3626 564 prin-

3509 375 3618 440 566

2030 567 2233 650 cipiiim
2257 623 2274 649 ,
2312 593 2367 638 et
2396 585 2630 640 cessatio
2661 584 2790 638 mali
2823 599 2966 655 smpe
2999 582 3328 654 principium
3365 583 3494 638 boni
3526 582 3618 648 ﬁt,
3696 581 3698 583 ’

2030 686 2129 726 cur
2164 671 2258 728 Dei
2291 675 2532 740 bonum,
2571 685 2630 730 ut
2660 677 2986 742 incrcatum,
3027 675 3108 728 sic
3130 674 3294 729 etiam
3327 680 3383 728 et
3421 673 3623 728 immu-

2029 763 2196 820 tabile
2221 805 2236 832 ,
2278 766 2654 823 adversarium
2685 783 2792 824 non
2831 766 3056 824 habebit
3085 765 3339 822 malum?

2101 960 2192 1018 33.
2234 963 2294 1020 Si
2328 965 2535 1022 malum
2580 966 2716 1023 nihil
2764 967 2914 1024 aliud
2955 977 3080 1034 est,
3139 981 3308 1038 quam
3351 965 3410 1022 in
3455 965 3624 1022 alter-

2031 1060 2212 1108 utram
2242 1063 2454 1127 partem
2482 1057 2772 1130 digressio,
2806 1069 2959 1115 caret
2985 1073 3120 1115 vero
3149 1058 3256 1115 hac
3275 1057 3444 1124 Deus,
3481 1072 3630 1128 quo:

2030 1140 2197 1198 modo
2225 1145 2386 1220 cujus
2433 1145 2513 1202 rei
2542 1159 2653 1202 non
2683 1145 2848 1204 habet
2877 1161 3194 1217 possessum
3215 1185 3231 1214 ,
3257 1146 3428 1217 hujus
3455 1145 3622 1203 habe-

2029 1241 2110 1297 bit
2139 1237 2584 1310 oppositionem?

2099 1331 2188 1388 34.
2241 1331 2299 1386 Si
2346 1329 2649 1386 secundum
2700 1330 3064 1387 substantiam
3119 1329 3617 1401 praeexsistentium

2030 1422 2433 1494 principiorum
2490 1423 2547 1477 in
2602 1422 2833 1487 creatis,
2884 1431 3001 1477 tum
3038 1421 3246 1477 bonum
3294 1430 3410 1476 tum
3451 1421 3618 1475 etiam

2027 1514 2260 1579 malum,
2308 1523 2575 1584 tanquam
2599 1528 2668 1570 ex
2701 1513 3210 1584 praeexsistentibus
3236 1512 3523 1569 elementis
3563 1513 3618 1568 in

2031 1605 2196 1662 rebus
2225 1603 2418 1672 factis;
2447 1615 2563 1661 tum
2594 1605 2746 1661 calor
2777 1614 2894 1659 tum
2921 1603 3095 1676 frigus
3123 1645 3139 1669 ,
3179 1618 3247 1660 ex
3278 1617 3389 1660 uno
3418 1603 3622 1673 princi-

2028 1696 2122 1768 pio
2139 1697 2460 1754 substantia
2477 1705 2660 1764 erunt,
2680 1711 2746 1751 ex
2770 1711 2880 1766 quo
2893 1695 3059 1751 etiam
3083 1695 3284 1750 bonum
3307 1709 3370 1750 ac
3388 1693 3614 1749 malum.

2029 1785 2165 1842 Nam
2197 1797 2254 1844 et
2280 1802 2423 1858 aqua
2453 1795 2510 1844 et
2535 1787 2698 1860 ignis,
2729 1787 2873 1842 unde
2901 1786 3051 1843 calor
3073 1795 3130 1842 et
3155 1787 3332 1856 frigus
3351 1827 3367 1854 ,
3408 1799 3474 1842 ex
3494 1799 3617 1840 uno

1953 1858 2000 1916 Β
2029 1887 2159 1936 sunt
2186 1879 2458 1949 principio
2477 1919 2494 1946 ,
2528 1858 2588 1934 ut
2613 1891 2712 1932 vos
2742 1877 2969 1948 putatis.

2100 1971 2189 2028 35.
2222 1968 2280 2027 Si
2305 1971 2610 2028 secundum
2629 1968 3100 2040 participationem
3119 1967 3616 2039 preexsistentium

2025 2063 2425 2136 principiorum
2455 2071 2542 2120 est
2575 2063 2631 2119 in
2661 2062 2827 2119 rebus
2857 2061 3060 2118 creatis
3113 2069 3229 2116 tum
3263 2059 3467 2116 bonum
3500 2067 3617 2114 tum

2026 2155 2192 2212 etiam
2244 2157 2475 2222 malum,
2515 2154 2796 2226 quomodo
2826 2167 2991 2225 ptena
3032 2151 3258 2223 quidem
3305 2159 3613 2221 peccantes,

2027 2247 2228 2318 gaudio
2251 2255 2437 2304 autem
2463 2247 2603 2304 bene
2635 2254 2860 2317 agentes
2891 2245 3086 2317 dignos
3117 2246 3452 2302 censemus?
3481 2243 3544 2299 Et
3567 2243 3616 2299 si

2027 2340 2332 2398 secundum
2391 2339 2867 2412 participationem
2898 2339 3168 2394 habemus
3214 2336 3443 2400 malum,
3479 2350 3617 2407 quo-

2026 2432 2191 2490 modo
2222 2431 2548 2490 febrientem
2572 2433 2793 2504 quidem
2821 2430 3200 2488 misericordia
3251 2437 3308 2486 et
3353 2444 3614 2500 compas-

2024 2525 2204 2593 sione,
2233 2541 2358 2583 eum
2398 2536 2578 2583 autem
2600 2526 2694 2596 qui
2721 2524 2981 2581 irascitur
3013 2523 3436 2594 vituperandum
3453 2520 3616 2580 casti-

2024 2618 2377 2690 gandumque
2397 2633 2689 2675 censemus
2709 2618 2733 2672 ἲ

2094 2709 2184 2766 36.
2223 2709 2280 2766 Si
2308 2725 2470 2766 nemo
2510 2723 2576 2766 ea
2622 2723 2746 2780 quae
2772 2724 2838 2763 ex
2895 2705 3388 2778 prmexsistentium
3450 2714 3615 2762 natu-

2023 2800 2222 2855 ralium
2279 2800 2698 2870 participatione
2758 2800 3072 2858 necessario
3133 2798 3435 2862 accidunt,
3496 2797 3616 2868 lege

2024 2893 2212 2957 vetuit,
2235 2893 2370 2948 fiunt
2391 2894 2537 2948 enim
2563 2894 2677 2948 haec
2691 2909 2754 2947 ex
2781 2893 3129 2957 necessitate,
3153 2890 3614 2962 curinjustitiam,

2024 2982 2109 3036 vel
2153 2982 2489 3052 impietatem
2545 2992 2661 3039 tum
2701 2983 2903 3039 divinae
2967 2993 3080 3039 tum
3162 2983 3418 3038 humanae
3466 2981 3616 3051 leges

2020 3074 2248 3129 vetant?

2091 3167 2183 3224 37.
2213 3166 2272 3223 Si
2297 3182 2360 3223 ea
2387 3182 2512 3239 qua:
2563 3184 2594 3225 a
2625 3168 2751 3241 jure
2785 3176 3036 3224 vetantur
3073 3167 3236 3234 mala,
3271 3166 3439 3222 veluti
3495 3165 3617 3222 hla-

2021 3259 2292 3331 sphemia,
2311 3260 2602 3330 injustitia,
2621 3269 2672 3316 et
2702 3260 2929 3318 omnino
2955 3259 3210 3331 impietas
3227 3275 3292 3316 ac
3307 3268 3612 3331 peceatum,

2019 3353 2222 3424 quibus
2278 3352 2445 3409 etiam
2481 3367 2644 3423 pmna
2683 3353 2900 3409 decreta
2971 3361 3099 3420 est,
3158 3352 3370 3423 absque
3415 3351 3615 3406 animae

2019 3459 2292 3502 concursu
2322 3458 2433 3500 non
2461 3443 2618 3511 fiunt,
2660 3444 2940 3516 quomodo
2970 3444 3156 3499 anima
3193 3459 3303 3500 non
3331 3451 3422 3500 est
3444 3457 3614 3500 causa

2017 3535 2308 3592 vetitorum
2361 3550 2392 3590 a
2421 3535 2540 3605 lege
2577 3535 2886 3592 malorum?
2915 3533 2982 3590 Et
3011 3535 3058 3591 si
3093 3534 3278 3591 anima
3307 3549 3477 3592 causa
3529 3540 3616 3590 est

2018 3627 2371 3684 vetitoruma
2415 3627 2534 3699 lege
2589 3628 2890 3696 malorum,
2918 3626 3113 3699 quidni
3141 3635 3272 3683 sunt
3322 3626 3392 3682 ab
3430 3625 3615 3682 anima

2017 3736 2082 3777 ea
2143 3735 2265 3792 quae
2310 3720 2405 3790 jus
2459 3729 2608 3777 vetat
2646 3721 2840 3776 mala?
2891 3719 3048 3786 Quod
3104 3721 3152 3774 si
3202 3719 3277 3774 ita
3305 3728 3426 3786 est,
3470 3731 3616 3789 quo-

2022 3815 2187 3871 modo
2210 3830 2394 3871 rerum
2428 3815 2685 3872 notitiam
2725 3814 2890 3873 habet
2924 3815 2973 3872 is
2994 3814 3088 3886 qui
3117 3814 3420 3885 interrogat
3466 3811 3612 3868 unde

2019 3908 2133 3964 sint
2164 3907 2353 3964 mala?

2085 4077 2175 4135 38.
2234 4077 2292 4133 Si
2346 4078 2499 4134 inviti
2553 4089 2884 4148 peccamus,
2951 4082 3004 4130 et
3062 4073 3109 4129 si
3156 4074 3364 4144 absque
3416 4082 3607 4129 nostra

2014 4169 2293 4225 voluntate
2310 4169 2699 4239 justiﬁeamur,
2736 4182 2838 4223 cur
2870 4166 3161 4236 plectimur
3195 4180 3292 4220 ceu
3308 4166 3369 4220 si
3417 4165 3607 4219 velen-

2016 4270 2097 4318 tes
2123 4261 2565 4332 peccavissemus
2597 4301 2612 4327 ,
2663 4267 2718 4314 et
2759 4258 2920 4314 bonis
2948 4255 3213 4312 allicimur
3241 4272 3338 4312 ceu
3375 4257 3420 4313 si
3476 4272 3607 4328 pro.

2013 4355 2198 4426 posito
2249 4363 2435 4409 nostro
2491 4352 2788 4408 fuissemus
2840 4349 3165 4422 iustificati?
3203 4349 3342 4406 Etsi
3377 4351 3606 4406 alterum

2013 4446 2384 4503 voluntarium
2419 4452 2522 4512 est,
2555 4441 2746 4514 quidni
2791 4441 3161 4498 voluntarium
3215 4441 3544 4512 utrumque?

390 4534 498 4589 λθ.
541 4533 606 4586 El
653 4535 902 4604 κρεῖττον
946 4532 1010 4585 τὸ
1068 4537 1272 4607 φυσικῇ
1335 4535 1548 4610 ἀνάγκη
1603 4541 1776 4594 ποιεῖν
1817 4540 1912 4596 τοῦ

2091 4541 2179 4599 39.
2261 4540 2319 4596 Si
2384 4539 2582 4596 melius
2638 4548 2723 4595 est
2767 4538 2991 4611 physica
3055 4537 3380 4594 necessitate
3446 4551 3607 4608 agere

322 4627 579 4697 ἀϐιάστῳ
610 4626 830 4698 ἐξουσίᾳ
875 4626 1230 4700 ἐργάζεσθαι,
1269 4633 1517 4702 κρεῖττον
1551 4634 1660 4706 ἄρα
1704 4637 1737 4708 ἡ
1773 4638 1915 4693 κατά

321 4717 568 4788 φυσικὴν
587 4718 834 4790 ἀνάγκην
866 4719 1094 4774 ποιοῦσα
1123 4720 1247 4793 ὕλη,
1268 4722 1362 4777 τοῦ
1393 4727 1514 4794 μετ’
1542 4726 1916 4801 ἐξουσιότητος

320 4805 657 4878 ἐργάζεσθαι
715 4808 873 4865 Θεοῦ.
923 4810 989 4866 El
1034 4811 1091 4866 δι
1140 4813 1324 4884 χεῖρον
1385 4815 1446 4869 τὸ
1498 4818 1622 4871 κατ’
1669 4821 1916 4894 ἀνάγκην

320 4903 504 4954 ποιεῖν
547 4901 641 4954 τοῦ
679 4900 958 4966 ἀϐιάστως
985 4903 1340 4975 ἐργάζεσθαι,
1373 4906 1493 4972 πῶς
1523 4909 1585 4961 οὺ
1618 4911 1713 4964 τοῦ
1739 4914 1918 4984 κρείτ-

318 5009 480 5056 τονος
516 4993 953 5066 ἀποχωρίζουσιν
980 4995 1032 5049 οἱ
1064 4997 1358 5068 Μανιχαῖοι
1410 5000 1540 5064 τοὺς
1567 5001 1914 5074 ἀνθρώπους,

323 5083 820 5155 ἀπαλλοτριοῦντες
847 5087 1048 5152 αὐτοὺς
1086 5088 1186 5162 τῆς
1222 5091 1344 5143 κατ’
1369 5091 1620 5160 ἐξουσίαν
1662 5099 1918 5170 προαιρέ-

329 5194 513 5242 σεως;

400 5276 478 5341 μ’.
521 5271 585 5324 Ei
618 5271 869 5342 μεμπτὸς
888 5273 1031 5328 κατά
1057 5275 1184 5340 τοὺς
1204 5273 1546 5349 Μανιχαίους
1570 5279 1601 5333 ὁ
1627 5282 1918 5354 ἄμεμπτος

325 5361 464 5426 Θεὸς
487 5362 564 5427 ὡς
592 5365 862 5436 προγνοὺς
895 5365 1020 5430 τοὺς
1053 5368 1387 5438 ποιήσαντας
1424 5371 1573 5425 κακά
1602 5375 1915 5444 παρήγαγεν,

331 5455 585 5525 μεμπτὸς
613 5457 723 5527 ἀρα
754 5457 900 5511 κατά
931 5457 1191 5528 ἀλήθειαν
1221 5461 1251 5514 ὁ
1275 5459 1386 5516 τῶν
1419 5463 1738 5534 Μανιχαίων
1761 5467 1916 5534 Θεὸς,

324 5548 413 5600 ὅτι
449 5550 721 5618 προγνοὺς
747 5549 875 5613 τοὺς
909 5550 1284 5622 ἀσεϐήσαντας
1323 5553 1482 5617 υίεῖς,
1523 5555 1826 5626 προέϐαλεν
1860 5557 1919 5625 ἐξ

329 5636 539 5691 αὐτῶνο
567 5638 665 5692 καὶ¹
696 5639 746 5693 εί
782 5641 1051 5711 προγνοὺς
1090 5643 1120 5694 ὁ
1148 5640 1256 5695 τῶν
1294 5642 1610 5714 Μανιχαίων
1641 5644 1772 5711 Θεὸς
1809 5649 1918 5702 τῶν

332 5728 485 5782 ἰδίων
517 5728 650 5784 υἱῶν
681 5730 749 5783 τὰ
779 5732 1124 5803 ἀσεϐήματα,
1155 5731 1477 5803 προέϐαλεν,
1508 5735 1600 5787 καὶ
1631 5736 1918 5805 προϐαλὼν

329 5822 536 5898 αὐτοὺς
557 5823 656 5876 οὐκ
684 5824 852 5888 αἴτιος
878 5823 1260 5896 ἀσεϐημάτων·
1293 5824 1408 5890 πῶς
1439 5828 1706 5898 προγνοὺς
1731 5830 1757 5880 6
1778 5831 1916 5886 κατὰ

2020 4647 2187 4705 quam
2251 4645 2362 4686 non
2419 4639 2609 4686 coacta
2653 4627 2913 4684 facultate
2953 4627 3202 4698 operari,
3272 4624 3470 4683 melior
3523 4631 3610 4681 est

2020 4740 2142 4797 quae
2197 4722 2498 4780 secundum
2552 4721 2835 4794 physicam
2886 4718 3270 4776 necessitatem
3337 4719 3448 4790 agit
3496 4731 3607 4773 ma-

2021 4817 2182 4883 teria,
2233 4830 2396 4887 quam
2439 4814 2532 4884 qui
2574 4812 2842 4869 arbitratu
2909 4827 3011 4868 suo
3067 4811 3180 4882 agit
3233 4810 3397 4867 Deus.
3447 4809 3606 4876 Quod

2020 4911 2068 4968 si
2116 4909 2364 4964 deterius
2399 4915 2483 4962 est
2505 4922 2570 4963 cx
2605 4905 2935 4962 necessitate
2968 4918 3150 4975 agere,
3196 4917 3362 4974 quam
3409 4909 3607 4973 sponte

2020 5001 2278 5074 aperari,
2343 4999 2534 5070 quidni
2596 5013 2627 5053 a
2688 5013 2744 5054 re
2809 4997 3036 5053 meliore
3089 4994 3375 5050 Manichaai
3446 5007 3604 5049 arer-

2020 5100 2142 5148 tunt
2185 5089 2458 5155 homines,
2509 5088 2638 5143 dum
2698 5101 2795 5142 eos
2849 5085 3156 5142 voluntario
3201 5082 3431 5139 arbitrio
3473 5095 3602 5151 spo-

2017 5185 2154 5240 liant
2167 5183 2191 5236 ἲ

2091 5276 2182 5332 40.
2254 5273 2312 5330 Si
2376 5271 2826 5343 reprehensibilis
2899 5269 3200 5325 secundum
3274 5265 3602 5322 Manichaos

2019 5377 2103 5426 est
2161 5367 2339 5430 Deus,
2388 5364 2592 5434 alioqui
2664 5359 3196 5432 irreprehensibilis,
3265 5359 3393 5428 quia
3459 5358 3603 5412 male

2019 5468 2242 5516 acturos
2285 5457 2580 5528 praesciens
2642 5454 3000 5510 nihilominus
3070 5453 3125 5506 in
3170 5453 3334 5504 vitam
3387 5449 3598 5514 eduxit,

2022 5548 2468 5622 reprehensibilis
2556 5563 2683 5603 vere
2779 5554 2865 5602 est
2942 5545 3366 5600 Manichaeorum
3456 5541 3602 5596 Deus

2021 5643 2136 5715 qui,
2181 5641 2485 5713 praevidens
2525 5639 2760 5695 filiorum
2823 5649 3048 5693 suorum
3109 5635 3293 5689 futura
3347 5641 3595 5704 peccata,

2021 5746 2203 5792 tamen
2253 5747 2351 5789 eos
2406 5731 2666 5804 produxit
2716 5731 2768 5784 in
2820 5727 3035 5783 lucem.
3089 5726 3153 5782 Et
3210 5725 3258 5780 si
3325 5740 3450 5782 cum
3507 5738 3604 5779 cos

2022 5825 2357 5897 produxerit,
2413 5838 2521 5879 non
2548 5832 2629 5879 est
2689 5833 2856 5877 causa
2898 5827 3284 5889 peccatorum;
3329 5816 3603 5888 quomodo
