4062 6480
427 413 536 484 561

1683 424 1915 489 PAULI
1971 427 2420 489 CHRISTIANI

3603 414 3711 481 568

428 539 598 606 verus
654 513 832 587 ὒευεΪ
858 528 1172 590 futurorum
1233 531 1514 588 hominum
1580 531 1813 590 crimina
1877 548 2017 604 prae-

2138 533 2382 605 Ιιλήθειαν
2425 533 2558 597 Θεὸς
2585 532 2654 586 τὰ
2691 532 2802 585 τῶν
2833 531 3215 603 γενησομένων
3258 525 3710 601 παραπτώματα,

428 619 636 688 sciens,
685 630 740 678 et
792 623 1150 681 nihilominus
1198 632 1522 695 peccaturos
1577 638 1796 695 creans,
1848 640 2017 681 causa

429 709 756 769 delictorum
809 715 882 771 sit
902 715 927 770 ἲ

498 805 594 860 41.
620 804 680 862 Si
705 806 885 864 bonus
913 806 1061 864 Deus
1119 806 1344 864 fecisset
1397 806 1654 863 homines
1681 806 1830 862 bono
1862 821 2019 878 aeque

429 909 497 950 ac
521 896 666 955 malo
696 898 906 966 agendo
939 899 1291 970 impotentes,
1335 900 1522 970 utique
1557 899 1674 970 ipse
1727 907 2020 969 utrumque

429 987 488 1040 in
517 988 628 1045 illis
657 988 910 1055 eﬁieeret,
939 997 994 1044 et
1013 989 1160 1047 Deus
1192 991 1310 1061 ipse
1331 991 1601 1048 bonorum
1635 990 2020 1062 malorumque

428 1093 554 1148 quae
582 1080 653 1134 ab
681 1079 1004 1138 hominibus
1052 1082 1192 1137 ﬁunt
1235 1097 1404 1138 causa
1443 1089 1607 1138 esset.
1653 1081 1809 1148 Quod
1840 1082 1886 1138 si
1918 1082 2020 1138 ho-

436 1170 617 1226 mines
664 1172 733 1227 ad
773 1181 1075 1244 utrumque
1132 1174 1359 1232 idoneos
1409 1172 1621 1241 etfacit,
1658 1173 1910 1247 sequitur
1957 1182 2020 1229 ut

435 1263 727 1338 utriusque
754 1265 862 1338 ipsi
884 1276 1141 1324 auctores
1175 1267 1306 1323 sint.

387 1411 394 1496 ἶ
501 1447 593 1503 42.
619 1447 834 1503 Bonum
866 1448 1068 1521 duplex
1099 1447 1322 1515 dicitur,
1359 1447 1509 1504 aliud
1553 1461 1750 1518 nempe
1795 1445 1852 1501 in
1885 1445 2016 1512 Deo,

431 1538 582 1594 aliud
612 1539 670 1594 in
716 1541 918 1596 creatis
941 1541 1125 1597 rebus.
1167 1540 1382 1597 Rursus
1403 1540 1612 1596 bonum
1650 1538 1747 1593 Dei
1800 1538 1858 1592 in
1912 1537 2022 1592 duo

433 1632 726 1699 dividitur,
796 1633 945 1690 aliud
979 1643 1221 1700 natura,
1269 1631 1416 1688 aliud
1454 1631 1773 1688 creatione:
1802 1639 2020 1696 natura,

434 1725 584 1794 quod
610 1725 665 1780 in
691 1725 1017 1782 substantia
1043 1726 1366 1782 excellentia
1406 1725 1696 1782 consistit:
1721 1723 2020 1788 creatione,

435 1816 584 1885 quod
615 1817 671 1872 in
697 1815 1220 1883 factura,ereatione
1253 1816 1715 1889 providentiaque
1747 1813 2023 1886 conspici-

2119 625 2216 680 καὶ
2244 625 2514 697 παράγων
2536 623 2663 687 τοὺς
2685 623 3033 694 ποιήσοντας,
3060 622 3233 685 αἴτιος
3260 620 3497 692 ὑπάρχει
3527 635 3710 692 παρα-

2119 721 2433 792 πτωμάτων
2459 736 2476 786 ;

2193 818 2307 883 μα’.
2341 813 2405 865 El
2437 813 2610 866 ἐποίει
2641 810 2740 882 μὲν
2763 811 2793 864 ό
2811 808 3018 878 ἀγαθὸς
3047 807 3182 871 Θεὸς
3207 809 3336 871 τοὺς
3363 804 3710 877 ἀνθρώπους.

2120 905 2398 968 ἀδυνάτως
2421 903 2564 974 ἔχειν
2595 902 2732 974 πρὸς
2751 902 2813 956 τὺ
2842 900 3007 955 καλὸν
3029 895 3362 972 ἐργάζεσθαι
3387 897 3486 950 καὶ
3510 894 3574 948 τδ
3606 911 3703 948 κα-

2119 997 2238 1052 κόν·
2290 995 2526 1050 ἐκτελῶν
2576 995 2635 1048 δὲ
2679 995 2738 1047 ἐν
2779 993 2966 1056 αὐτοῖς
2995 990 3232 1062 ἑκάτερα
3275 987 3574 1058 ἐτύγχανεν
3607 986 3703 1039 αὐ-

2118 1091 2234 1154 τός·
2288 1089 2462 1152 αίτιος
2489 1083 2559 1160 ἦν
2589 1088 2696 1159 ἄρα
2741 1087 2770 1140 ὁ
2801 1084 2935 1148 Θεὸς
2969 1083 3080 1137 τῶν
3125 1081 3483 1153 ἀνθρωπίνων
3531 1077 3708 1133 καλῶν

2119 1201 2180 1238 τε
2215 1184 2311 1237 ml.
2347 1181 2536 1236 κακῶν
2557 1196 2570 1210 ·
2607 1182 2656 1232 εί
2699 1179 2758 1232 δὲ
2797 1177 3020 1248 εποίησε
3046 1176 3174 1240 τοὺς
3205 1172 3529 1246 ἀνθρώπους
3553 1170 3712 1224 δυνα-

2119 1274 2230 1339 τῶς
2253 1274 2398 1345 εχειν
2431 1271 2567 1344 πρὸς
2593 1268 2854 1341 ἑκάτερα,
2884 1266 3164 1337 ἑκατέρων
3188 1265 3352 1320 αἴτιοι
3375 1263 3713 1334 ὑπάρχουσιν

2123 1367 2300 1424 αὐτοί.

2196 1460 2309 1532 μβ’.
2339 1459 2414 1513 Τὸ
2444 1456 2649 1527 ἀγαθὸν
2697 1455 2917 1524 λέγεται
2948 1451 3134 1524 διχῶς·
3173 1451 3234 1505 τὸ
3276 1449 3375 1522 μὲν
3414 1449 3473 1501 ὲν
3500 1445 3580 1517 τῷ
3599 1444 3711 1498 δντι

2123 1553 2267 1625 Θεῷ,
2291 1551 2352 1606 τὸ
2381 1550 2438 1604 δὲ
2463 1551 2521 1604 ὲν
2543 1548 2812 1618 γενητοῖς.
2845 1547 2959 1601 Καὶ
2989 1545 3050 1598 τὸ
3089 1545 3187 1616 μὲν
3225 1545 3287 1597 ὲν
3315 1542 3394 1615 τῷ
3425 1541 3538 1595 ϐντι
3567 1537 3709 1608 Θεῷ,

2123 1645 2290 1718 διχῶς
2311 1645 2515 1697 νοεῖται
2546 1640 2730 1695 πάλιν·
2760 1637 2822 1692 τὸ
2850 1636 2950 1708 μὶν
2978 1635 3162 1706 φύσει,
3187 1635 3248 1689 τὸ
3269 1634 3326 1687 δὲ
3345 1633 3582 1704 ποιήσει·
3614 1629 3714 1699 φύ-

2127 1753 2212 1790 σει
2240 1734 2359 1806 μὲν,
2386 1732 2448 1784 τὸ
2475 1729 2756 1802 παριστῶν
2775 1727 2836 1782 τὺ
2864 1727 3117 1799 ἔκκριτον
3140 1725 3240 1797 τῆς
3261 1723 3468 1787 οὐσίας·
3493 1722 3713 1792 ποιήσει

2125 1828 2182 1882 δὲ
2207 1827 2270 1881 τὸ
2299 1828 2356 1879 ὲν
2383 1823 2716 1895 δημιουργίᾳ
2748 1820 2843 1875 ml.
2875 1818 3103 1891 προνοίᾳ
3131 1818 3240 1873 τῶν
3277 1817 3447 1897 ὄντων
3479 1811 3714 1884 θεωρού-

434 1918 548 1963 tur.
579 1907 790 1964 Bonum
821 1918 1003 1966 autem
1037 1911 1092 1965 in
1123 1909 1396 1966 creaturis
1421 1909 1618 1979 partim
1646 1908 1896 1964 naturale
1921 1915 2025 1975 est,

2138 1936 2314 1993 μενον.
2347 1918 2420 1971 Τὸ
2449 1916 2505 1970 δὲ
2534 1917 2592 1970 ὲν
2620 1914 2869 1985 γενητοῖς
2896 1911 3124 1981 ἀγαθὸν,
3152 1910 3214 1964 τὸ
3243 1910 3340 1982 μὲν
3369 1908 3552 1980 φύσει,
3573 1905 3635 1960 τὸ
3654 1906 3713 1962 δὲ

435 2000 639 2070 partim
668 2001 1062 2068 voluntarium,
1095 2003 1292 2072 partim
1317 2002 1557 2073 denique
1591 2017 1716 2060 usu.
1766 2001 2026 2057 Naturale

437 2091 684 2160 quidem,
716 2102 778 2148 ut
823 2093 958 2164 ipsae
1004 2094 1335 2158 ereationes,
1381 2093 1529 2164 quod
1574 2094 1717 2150 idem
1754 2102 1840 2150 est
1869 2108 1933 2149 ac
1969 2093 2025 2148 in

438 2183 718 2239 creatione
758 2191 1084 2254 spectatum,
1123 2199 1318 2254 nempe
1367 2185 1422 2238 in
1476 2198 1662 2239 rerum
1713 2193 2024 2242 creatarum

435 2285 660 2330 natura.
699 2274 834 2343 Usu,
880 2285 943 2331 ut
995 2277 1220 2343 divitiae,
1241 2277 1603 2347 principatus,
1628 2277 1832 2348 inopia.
1879 2275 2028 2343 Qua.

434 2374 662 2436 propter
709 2367 828 2422 haec
855 2367 1020 2422 modo
1053 2367 1221 2422 etiam
1277 2377 1405 2423 sunt
1438 2369 1603 2434 mala,
1644 2369 1808 2424 modo
1843 2383 2025 2424 secus.

437 2455 825 2512 Voluntarium
889 2468 1108 2527 autem,
1162 2471 1225 2514 ut
1295 2461 1647 2532 religiositas,
1697 2460 1912 2530 justitia
1975 2468 2030 2514 et

436 2550 738 2621 generatim
795 2551 1012 2620 virtus;
1067 2552 1306 2623 denique
1345 2570 1474 2619 usu,
1510 2563 1569 2608 ut
1606 2568 1835 2623 serpens
1893 2566 2030 2622 qua-

437 2653 603 2699 tenus
637 2651 721 2697 est
747 2643 972 2710 noxius,
1011 2643 1204 2709 febris,
1238 2645 1432 2710 fames,
1465 2656 1814 2714 peccatorum
1845 2657 2029 2712 paena,

436 2743 493 2790 et
511 2735 618 2789 alia
637 2734 970 2804 huiusmodi,
989 2735 1157 2790 veluti
1181 2735 1247 2790 ad
1269 2735 1677 2806 religiositatem
1703 2733 2028 2788 erudientia.

437 2825 584 2882 Mala
627 2843 851 2899 quoque
899 2827 1194 2898 dupliciter
1241 2827 1693 2892 considerantur;
1740 2839 1934 2894 nempe
1979 2831 2034 2878 et

439 2919 668 2990 proprie
732 2928 788 2975 et
820 2919 1173 2990 appellative;
1231 2918 1450 2989 proprie
1495 2927 1557 2973 ut
1615 2915 1942 2986 religiosius
1979 2923 2035 2970 et

439 3022 771 3084 peccatum;
803 3012 1128 3083 appellative
1159 3029 1174 3067 :
1206 3019 1266 3066 ut
1293 3027 1539 3081 serpens,
1597 3009 1790 3076 fames,
1841 3007 2031 3074 febris,

438 3106 649 3174 peccati
712 3119 896 3174 poena,
945 3116 1104 3158 terrae
1161 3113 1372 3169 motus,
1427 3111 1480 3157 et
1515 3103 1600 3158 his
1645 3102 1883 3167 similia;
1913 3115 2036 3171 qua:

2130 2012 2299 2076 θέσει,
2333 2010 2394 2064 τὸ
2422 2009 2478 2064 δὲ
2506 2007 2781 2080 χρησίμου
2815 2005 3025 2058 ἕνεκεν·
3058 2002 3218 2072 φύσει
3263 2001 3363 2073 μὲν
3408 2001 3484 2065 ὡς
3527 1999 3594 2053 τά
3620 1997 3716 2068 δη-

2131 2105 2522 2178 μιουργήματα
2551 2099 2714 2155 αὐτά·
2738 2099 2903 2153 ταυτὸ
2927 2098 3036 2170 γάρ
3064 2098 3180 2150 ἐστι
3206 2095 3266 2148 τὸ
3295 2096 3352 2148 ὲν
3384 2090 3717 2164 δημιουργίᾳ

2130 2195 2526 2270 θεωρούμενον,
2552 2192 2629 2262 τῷ
2659 2193 2718 2246 ἐν
2755 2189 2914 2262 φύσει
2959 2189 3068 2243 τῶν
3097 2187 3361 2260 γενητῶν·
3405 2186 3598 2256 χρήσει
3631 2182 3712 2246 δὲ,

2128 2285 2242 2344 οἷον
2281 2287 2535 2351 πλοῦτος,
2565 2282 2727 2356 ἀρχὴ,
2763 2281 2947 2337 πενία.
2985 2280 3076 2334 Διὸ
3105 2279 3200 2334 καί
3235 2295 3366 2332 ποτε
3394 2277 3539 2331 κακὰ
3571 2275 3717 2345 γίνε-

2129 2400 2220 2437 ται
2251 2380 2322 2434 τὰ
2348 2377 2591 2442 τοιαῦτα,
2615 2376 2746 2429 ποτὲ
2768 2375 2824 2429 δὲ
2849 2373 2933 2428 οὐ·
2964 2372 3221 2444 προθέσει
3247 2372 3326 2434 δὲ,
3357 2366 3470 2425 οἷον
3497 2371 3530 2441 ἡ
3561 2367 3720 2422 εὐσέ-

2129 2475 2254 2529 ϐεια
2284 2474 2378 2528 καὶ
2404 2475 2438 2543 ή
2471 2469 2808 2541 δικαιοσύνη,
2835 2468 2930 2522 καὶ
2953 2469 3031 2530 ὡς
3053 2466 3238 2529 ἁπλῶς
3266 2466 3440 2518 εἰπεῖν
3470 2464 3504 2534 ἡ
3524 2462 3710 2534 ἀρετή·

2130 2567 2404 2639 χρησίμου
2434 2564 2492 2618 δὲ
2511 2563 2720 2629 ἕνεκεν,
2755 2556 2866 2616 οἷον
2895 2563 2922 2614 ὁ
2949 2561 3073 2630 ὄφις
3106 2558 3243 2614 καθὸ
3270 2555 3589 2628 βλαπτικδς,
3614 2571 3721 2607 πυ-

2135 2659 2310 2732 ρετὸς,
2363 2657 2541 2728 λιμὸς,
2597 2657 2632 2726 ὴ
2684 2655 2824 2726 ὑπὲρ
2872 2650 3158 2724 ἁμαρτιῶν
3211 2649 3471 2720 τιμωρία,
3522 2647 3618 2700 ml.
3649 2646 3722 2699 τὰ

2131 2749 2380 2816 τοιαῦτα,
2415 2747 2511 2802 ἅτε
2541 2744 2825 2808 εὐσεϐείας
2867 2739 3212 2796 παιδευτικά.
3235 2739 3346 2792 Kal.
3373 2737 3440 2792 τὰ
3465 2735 3612 2791 κακὰ
3638 2735 3724 2814 δι·-

2133 2839 2264 2913 χῶς,
2291 2839 2354 2892 τὸ
2384 2838 2480 2908 μὲν
2511 2835 2735 2906 κυρίως,
2761 2833 2824 2886 τὸ
2845 2833 2902 2885 δὲ
2927 2831 3066 2903 μετὰ
3091 2828 3484 2902 προσηγορίας·
3516 2827 3724 2897 κυρίως

2138 2930 2259 3002 μὲν,
2286 2922 2400 2983 οἷον
2437 2929 2471 2999 ὴ
2511 2926 2734 2980 ἀσέϐεια
2768 2925 2862 2978 καὶ
2893 2925 2927 2994 ἡ
2959 2922 3223 2994 ἁμαρτία·
3273 2920 3411 2992 μετὰ
3450 2918 3507 2972 δὲ
3547 2933 3720 2988 προσ-

2134 3023 2387 3097 ηγορίας,
2420 3017 2530 3076 οἷον
2554 3021 2696 3090 ὄφις,
2719 3019 2897 3090 λιμὸς,
2927 3016 3181 3088 πυρετὸς,
3271 3014 3410 3085 ὑπὲρ
3439 3009 3726 3082 ἁμαρτιῶν

2134 3116 2395 3187 τιμωρία,
2431 3113 2674 3183 σεισμὸς,
2705 3112 2800 3166 ml.
2826 3111 2894 3164 τά
2919 3108 3132 3172 τούτοις
3155 3105 3533 3178 παραπλήσια·
3564 3102 3731 3156 ἅτινα

440 3212 636 3252 revera
670 3197 890 3267 quidem
919 3203 1050 3252 sunt
1083 3195 1254 3261 bona,
1309 3211 1410 3249 ceu
1436 3209 1556 3264 quae
1593 3195 1659 3249 ad
1711 3193 2032 3263 religionem

2138 3181 2217 3281 τῶ
2254 3181 2353 3279 μὲν
2380 3181 2570 3278 άληθεί
2602 3209 2750 3259 ἐστιν
2777 3202 2979 3272 ἀγαθά,
3010 3202 3086 3265 ὡς
3121 3200 3258 3271 πρὸς
3289 3197 3572 3251 εὐσέϐειαν
3597 3211 3729 3247 παι-

441 3288 744 3344 instituunt
768 3289 1062 3358 patientes,
1099 3287 1196 3343 sed
1230 3303 1260 3342 a
1296 3287 1456 3342 nobis
1479 3293 1804 3357 reputantur
1838 3283 1986 3338 mala
2016 3301 2030 3338 :

443 3379 621 3434 veluti
667 3393 823 3434 venat
871 3380 1077 3445 sectio,
1129 3377 1342 3433 medica
1385 3379 1704 3448 pharmace,
1738 3392 1862 3447 quae
1891 3376 2035 3432 mala

445 3467 673 3539 quidem
709 3467 966 3523 videntur
993 3467 1176 3537 aegris,
1223 3481 1417 3536 reapse
1449 3475 1632 3521 autem
1679 3465 1822 3520 bona
1883 3471 2033 3518 sunt.

446 3561 592 3617 Nam
651 3569 708 3618 et
736 3561 981 3631 ipsorum
1017 3561 1312 3624 bonorum,
1351 3559 1457 3614 alia
1501 3574 1599 3630 per
1646 3575 1708 3615 se
1750 3560 1868 3629 ipsa
1894 3557 2034 3613 bona

449 3664 584 3712 sunt
611 3694 628 3722 ,
703 3654 812 3709 alia
868 3666 999 3709 vero
1059 3660 1283 3723 propter
1331 3651 1724 3722 consequentia
1776 3664 1845 3705 ex
1903 3647 2038 3718 ipsis

445 3748 614 3806 bona.

698 3861 1236 3921 MANICHA'EOBU‘I
1297 3863 1786 3920 BLASPHEMIA.

517 3979 609 4035 45.
644 3977 779 4047 Quae
813 3995 936 4040 cum
962 3979 1035 4034 ita
1058 3980 1193 4044 sint,
1251 3979 1538 4035 Manichasi
1569 3981 1774 4034 bonum
1820 3975 2040 4046 quidem

445 4071 597 4144 quod
637 4073 898 4130 eximiam
941 4072 1138 4128 divinae
1171 4071 1493 4148 substantiae
1541 4081 1750 4142 partem
1797 4069 2040 4133 exhibet,

447 4174 838 4231 contemnunt,
871 4165 1004 4220 dum
1044 4165 1097 4220 id
1139 4180 1238 4234 par
1268 4165 1414 4219 malo
1443 4180 1565 4220 esse
1594 4169 1932 4230 asseverant,
1963 4163 2046 4216 in-

446 4260 754 4329 digensque
823 4266 878 4312 et
928 4256 1207 4311 inﬁrmum
1261 4257 1853 4328 conﬁnguntzhouum
1914 4269 2044 4312 vero

451 4349 601 4420 quod
636 4351 693 4404 in
726 4349 1001 4403 creatione
1023 4357 1078 4404 et
1118 4348 1459 4417 providentia
1483 4348 1818 4418 conspicitur
1841 4363 1872 4405 a
1901 4348 2046 4404 bono

453 4439 567 4494 Deo
603 4438 843 4492 alienant
875 4437 1126 4492 maleﬁcii
1163 4437 1383 4492 nomine
1408 4437 1732 4492 beneﬁcium
1769 4437 2047 4507 appellan-

2135 3299 2362 3352 δεύοντα
2413 3298 2540 3358 τοὺς
2592 3296 2918 3366 πάσχοντας,
2957 3291 3092 3364 πρὸς
3134 3289 3282 3361 ἡμᾶς
3321 3288 3378 3341 δὲ
3416 3287 3728 3354 λελόγισται

2139 3392 2308 3446 κακά·
2357 3388 2434 3453 ὼς
2477 3387 2651 3459 δήπου
2695 3385 2789 3440 καὶ
2841 3386 2876 3456 ἡ
2910 3382 3242 3454 φλεϐοτομία
3287 3379 3382 3434 ml.
3418 3377 3480 3431 τὸ
3514 3393 3732 3446 φαρμα-

2140 3483 2345 3546 κεύειν,
2372 3480 2518 3534 κακὰ
2549 3479 2648 3549 μὲν
2678 3479 2790 3541 τοῖς
2811 3476 3080 3547 πάσχουσι
3107 3473 3433 3541 λελόγισται,
3461 3468 3641 3537 ἀγαθὰ
3668 3467 3731 3520 δὲ

2137 3575 2216 3646 τῷ
2241 3573 2448 3644 ἀληθεῖ”
2479 3571 2588 3624 τῶν
2616 3571 2725 3641 γὰρ
2752 3569 2817 3642 δὴ
2847 3568 3088 3638 ἀγαθῶν,
3114 3566 3185 3622 τὰ
3214 3565 3315 3637 μὲν
3342 3564 3409 3619 δι’
3441 3562 3629 3626 ἑαυτά,
3657 3560 3732 3615 τὰ

2141 3667 2196 3720 δὲ
2225 3665 2314 3725 διὰ
2343 3664 2412 3722 τά
2449 3663 2514 3718 δι’
2546 3661 2744 3716 αὐτῶν.

2496 3863 2892 3919 ΜΑΝΙΧΑΙΩΝ
2929 3857 3375 3916 ΒΛΑΣΦΗΜΙΑΙ.

2219 3999 2296 4054 μγ
2316 4021 2329 4036 .
2366 3979 2585 4037 Τούτων
2634 3977 2806 4041 οὐτως
2835 3977 3088 4049 ἐχόντων,
3121 3975 3171 4028 οἱ
3205 3972 3499 4043 Μανιχαῖοι
3533 3968 3593 4023 τὸ
3631 3967 3736 4036 μὲν

2146 4077 2431 4147 παριστῶν
2458 4074 2520 4127 τὸ
2552 4072 2806 4142 ἔκκριτον
2843 4071 2944 4141 τῆς
2985 4069 3136 4131 θείας
3163 4066 3352 4129 οὐσίας
3382 4061 3585 4132 ἀγαθὸν
3613 4060 3736 4113 άτι-

2150 4166 2436 4239 μάζουσιν,
2477 4165 2590 4218 ίσον
2635 4166 2702 4233 τῇ
2747 4161 2917 4231 κακίᾳ
2966 4159 3097 4214 αὐτὸ
3147 4155 3586 4220 ἀποδεικνύντες,
3637 4153 3737 4206 καὶ

2148 4259 2322 4323 ἐνδεὲς
2371 4257 2468 4312 ml.
2509 4255 2736 4318 ἀσθενὲς
2783 4250 3304 4315 κατασκευάζοντες·
3358 4247 3420 4300 τὸ
3447 4248 3502 4300 δὲ
3543 4248 3600 4299 ὲν
3639 4244 3738 4313 δη-

2151 4350 2414 4423 μιουργίᾳ
2457 4349 2551 4404 ml.
2609 4347 2837 4418 προνοίᾳ
2865 4342 3239 4416 θεωρούμενον
3267 4339 3470 4409 ἀγαθὸν
3505 4337 3612 4392 τῶν
3642 4335 3735 4390 ὄν·-

2149 4461 2276 4510 των,
2308 4442 2400 4496 τοῦ
2427 4439 2638 4510 ἀγαθοῦ
2662 4439 2798 4492 Θεοῦ
2831 4434 3247 4507 ἀποστεροῦσιν,
3277 4430 3365 4487 οἷα
3397 4431 3598 4486 κακίαν
3631 4428 3738 4497 (pd-

451 4543 558 4589 tes.
582 4530 836 4585 Nostram
865 4544 1000 4610 vero
1028 4540 1278 4586 naturam
1309 4542 1364 4584 ct
1393 4532 1519 4585 vitae
1552 4547 1713 4586 usum
1743 4531 1871 4589 mali
1897 4531 2033 4600 prin-

2154 4553 2373 4600 σκοντες
2407 4536 2467 4589 τὸ
2493 4534 2863 4604 εὐεργέτημα.
2912 4531 3023 4600 Τὴν
3067 4529 3114 4581 δ’
3158 4527 3434 4598 ἡμετέραν
3475 4523 3635 4593 φύσιν
3672 4535 3738 4572 τε

452 4623 581 4696 cipii
622 4622 874 4702 cﬁ'ectum
917 4638 1040 4680 esse
1073 4624 1444 4679 contendunt:
1472 4639 1701 4694 quaeque
1753 4624 1819 4679 ad
1867 4624 2043 4677 virtu-

453 4729 564 4776 tem
603 4717 814 4772 ducunt
847 4716 934 4771 vel
985 4718 1243 4794 meliores
1304 4731 1406 4772 nos
1468 4717 1715 4782 faciunt,
1781 4723 2042 4786 tanquam

454 4813 681 4868 malitia:
715 4811 993 4883 eﬁluvium
1041 4811 1338 4884 traducunt
1373 4827 1385 4864 :
1423 4809 1680 4864 virtutem
1741 4808 1797 4861 in
1848 4821 2056 4862 summa

456 4919 523 4961 ac
557 4905 748 4959 vitium
782 4914 1062 4974 stuporem
1086 4911 1325 4978 natura,
1365 4917 1473 4956 non
1507 4899 1808 4958 voluntatis
1837 4898 2043 4955 factum

454 5011 580 5054 esse
613 4997 901 5053 deﬁniunt.
933 4996 1054 5054 lam
1081 5011 1210 5051 vero
1237 4997 1283 5072 _si
1317 4995 1410 5068 qui
1449 4994 1526 5048 ita
1557 4993 1951 5064 dogmatizant,
1987 5006 2048 5047 se

454 5093 707 5155 veritatis
755 5092 1180 5156 contubernales
1241 5107 1362 5145 esse
1427 5090 1673 5160 jactant,
1738 5089 1847 5144 sint
1917 5103 2048 5144 sane

457 5188 624 5242 etiam
673 5185 959 5242 Mauichaei
1014 5185 1261 5239 veritatis
1323 5183 1553 5238 alumni.
1614 5183 1770 5245 Quod
1803 5181 1850 5237 si
1887 5195 2049 5239 omne

458 5288 654 5336 contra
700 5287 822 5345 est,
904 5277 1171 5347 intelligat
1218 5275 1454 5346 quisque
1517 5275 1992 5346 consequentiam.

527 5458 621 5516 44.
670 5457 727 5513 Si
779 5459 984 5514 bonum
1043 5456 1347 5512 substantia
1385 5457 1478 5522 sit,
1528 5457 1708 5511 bonus
1765 5457 1846 5513 vir
1892 5468 2051 5523 pror-

461 5563 560 5606 sus
627 5551 734 5606 erit
797 5552 1139 5621 contingens.
1199 5549 1257 5604 Si
1322 5549 1451 5603 item
1527 5549 1732 5603 malum
1787 5548 1858 5603 sit
1915 5547 2048 5600 sub-

465 5642 707 5710 Stantia,
767 5644 948 5698 malus
1006 5641 1090 5694 vir
1140 5656 1296 5710 aeque
1345 5640 1450 5696 crit
1493 5641 1838 5708 contingens.
1896 5637 2050 5704 Quod

468 5732 513 5792 si
578 5720 774 5789 bonus
810 5736 893 5789 vir
955 5734 1259 5791 substantia
1317 5732 1409 5795 sit,
1463 5733 1666 5788 bonum
1695 5733 1800 5787 erit
1839 5731 2052 5786 coutin-

466 5840 598 5900 gcns
641 5843 654 5879 :
700 5827 1010 5902 pariterque
1088 5827 1133 5884 si
1189 5825 1368 5884 malus
1419 5827 1496 5881 vir
1571 5827 1642 5883 sit
1704 5823 2046 5888 substantia,

2152 4626 2248 4680 ml.
2287 4625 2479 4695 χρείαν
2505 4619 2643 4676 εἶναι
2672 4620 2770 4690 τῆς
2804 4620 3046 4689 πονηρᾶς
3071 4618 3246 4688 ἀρχῆς
3289 4614 3736 4684 διισχυρίζονται·

2151 4715 2222 4769 τά
2255 4715 2312 4768 δὲ
2341 4715 2479 4785 πρὸς
2518 4711 2718 4785 ἀρετὴν
2750 4710 2953 4780 άγοντα
2991 4709 3025 4780 ἢ
3057 4707 3298 4778 βελτίους
3333 4708 3480 4777 ἡμᾶς
3521 4702 3739 4756 ποιοῦν-

2151 4827 2241 4873 τα,
2274 4805 2651 4863 διαϐάλλουσιν
2687 4805 2762 4868 ὡς
2791 4802 2991 4866 κακίας
3020 4801 3341 4872 ἀπόρροιαν·
3391 4797 3490 4869 τὴν
3527 4797 3582 4848 δὲ
3611 4797 3745 4866 ἁρε-

2153 4900 2251 4972 τὴν
2299 4898 2469 4970 αὐτὴν
2519 4899 2613 4952 καὶ
2649 4897 2870 4961 κακίαν,
2903 4895 3118 4963 φύσεως
3162 4893 3477 4963 κωφότητα,
3523 4888 3637 4942 ἀλλ’
3676 4889 3742 4940 οὐ

2158 4993 2428 5064 θελήσεως
2459 4992 2702 5063 καρποὺς
2729 4987 3141 5059 ἀποφαίνονται.
3183 4986 3322 5038 Ἀλλ’
3347 4985 3397 5036 εί
3441 4981 3540 5052 μὲν
3569 4978 3744 5034 ταῦτα

2153 5082 2592 5155 δογματίζοντες,
2633 5081 2772 5151 μετὰ
2801 5079 2900 5149 τῆς
2932 5077 3188 5148 ἀληθείας
3220 5075 3386 5145 συζῇν
3405 5070 3741 5134 σπουδάζου-

2157 5195 2261 5243 σιν,
2290 5177 2535 5230 ἐστωσαν
2581 5174 2677 5226 ml.
2723 5173 2773 5226 οί
2829 5174 3121 5240 Μανιχαίοι
3162 5169 3420 5240 τρόφιμοι
3469 5166 3565 5235 τῆς
3609 5164 3744 5233 ἀλη-

2158 5269 2329 5332 θείας·
2374 5269 2422 5320 εί
2452 5269 2510 5322 δὲ
2535 5266 2870 5332 τούναντίον,
2906 5262 3134 5318 νοείσθω
3173 5260 3392 5331 ἑκάστῳ
3429 5258 3489 5311 τὸ
3517 5254 3745 5324 συναγό-

2162 5378 2343 5432 μενον.

2234 5452 2335 5522 μδν.
2374 5451 2438 5504 Εἰ
2485 5448 2543 5501 τὸ
2576 5447 2776 5516 ἀγαθὸν
2818 5445 2994 5509 οὐσία,
3027 5445 3056 5497 ὁ
3088 5442 3290 5512 ἀγαθὸς
3335 5439 3482 5493 ἔσται
3526 5439 3746 5501 πάντως

2161 5543 2528 5613 συμϐεϐηκός·
2587 5541 2682 5594 ml.
2723 5542 2771 5593 εί
2809 5539 2870 5592 τὸ
2909 5537 3079 5591 κακὸν
3109 5536 3288 5599 οὐσία,
3327 5536 3355 5586 ὁ
3385 5532 3552 5591 κακὸς
3591 5530 3743 5584 ἔσται

2162 5635 2532 5706 συμϐεϐηκός.
2567 5634 2631 5687 Εἰ
2661 5633 2717 5686 δὲ
2756 5635 2784 5685 ό
2811 5630 3013 5699 ἀγαθὸς
3047 5627 3224 5690 οὐσία,
3256 5627 3317 5680 τὸ
3347 5621 3552 5694 ἀγαθὸν
3590 5623 3744 5676 ἔσται

2162 5729 2527 5800 συμϐεϐηκός·
2565 5728 2660 5782 καὶ
2713 5729 2762 5780 εί
2817 5727 2845 5780 ὁ
2886 5724 3056 5788 κακὸς
3083 5723 3261 5787 οὐσία,
3292 5722 3353 5775 τὸ
3382 5719 3552 5776 κακὸν
3590 5719 3743 5771 ἔσται

2163 5839 2226 5874 συ
2235 5822 2528 5893 μϐεϐηκός··
2553 5821 2646 5874 ml
2675 5820 2801 5890 περὶ
2827 5819 2990 5874 καλοῦ
3029 5818 3123 5874 καὶ
3146 5817 3316 5871 κακοῦ
3337 5819 3365 5870 ὁ
3386 5813 3547 5878 αὐτὸς
3565 5811 3741 5881 λόγος.
