4062 6438
332 430 448 495 569

1242 430 1694 490 DISPUTATIO
1719 430 1877 489 CUM
1928 427 2264 488 PHOTINO
2291 429 2733 490 MANICHZEO.

3508 431 3618 496 570

333 539 701 610 Συμόεϐηκὸς
731 540 788 594 δὲ
818 538 912 594 νῦν
955 540 1120 608 λέγω,
1157 540 1220 592 οὐ
1250 541 1313 592 τὸ
1344 539 1588 608 φυσικῶς
1634 541 1921 610 συμϐαῖνον

2033 539 2235 592 malum
2295 542 2400 594 erit
2453 540 2797 611 contingens.
2837 536 2905 592 Et
2935 538 3000 594 de
3031 538 3180 595 bono
3210 552 3274 594 ac
3301 537 3446 593 malo
3469 537 3614 595 idem

330 631 399 697 ιε
456 631 704 702 ἀνάγκης
745 633 866 695 ταῖς
895 631 1129 694 οὐσίαις,
1161 630 1297 684 ἀλλά
1328 630 1389 683 τὸ
1427 629 1748 701 αὐθαίρετον
1791 649 1927 700 συμ-

326 724 529 778 6αῖνον
554 725 614 778 ἓν
637 726 760 787 ταῖς
787 723 896 780 τῶν
923 722 1156 793 λογικῶν
1181 723 1498 793 κτισμάτων
1529 721 1816 792 πράξεσιν.

405 997 518 1062 με’.
566 993 631 1046 Ei
674 993 782 1065 χρὴ
840 994 938 1066 τῆς
985 993 1244 1064 ἀληθείας
1281 993 1686 1065 ἀκριϐεστάτην
1721 993 1918 1062 γνῶσιν

317 1083 481 1154 εχειν
547 1083 649 1154 τὴν
709 1084 903 1156 ἀρχὴν,
956 1086 990 1156 ἡ
1035 1085 1094 1139 δὲ
1157 1085 1249 1139 τοῦ
1303 1086 1580 1149 Μάνεντος
1638 1084 1925 1140 δυσσέϐεια

319 1177 564 1244 ἄγνοιαν
610 1176 705 1229 τοῦ
742 1177 904 1230 πόθεν
933 1176 1004 1230 τὰ
1043 1177 1190 1232 κακά
1220 1177 1462 1248 φέρουσα
1493 1177 1630 1248 πρὸς
1669 1175 1924 1230 ἀσέϐειαν

318 1266 445 1337 ἔχει
467 1267 573 1336 τὴν
601 1267 863 1339 κρηπῖδα·
899 1267 1017 1332 πῶς
1047 1267 1221 1332 οὕτως
1256 1269 1354 1338 τῆς
1394 1267 1618 1336 ἀγνοίας
1659 1267 1753 1321 καὶ
1791 1268 1923 1321 ἀσε-

321 1359 488 1424 ϐείας
537 1361 788 1431 ἐρασταὶ,
836 1362 886 1414 οἱ
933 1359 1032 1432 τὴν
1085 1361 1179 1415 τοῦ
1227 1361 1507 1426 Μάνεντος
1553 1361 1924 1432 ἀσπαζόμενοι

319 1451 665 1517 κακοδοξίαν
681 1467 696 1517 ;

436 1563 830 1619 ΠΡΟΤΔΣΕΙΣ
874 1565 1352 1618 ΧΡΙΣΤΙΑΝῙΚΑῙ
1401 1565 1582 1620 ΠΡΟΣ
1637 1566 1817 1620 ΤΟΥΣ

905 1650 1360 1708 ΜΑΝΙΧᾹΙΟΥΣ.

396 1767 522 1820 Πᾶν
566 1764 633 1818 ἐκ
671 1781 816 1828 τινος
861 1765 1224 1836 ὑποκειμένου
1258 1767 1565 1845 γινόμενον,
1608 1767 1642 1836 ἢ
1673 1766 1854 1835 φύσει,
1885 1767 1919 1838 ἢ

2029 625 2318 681 dicendum
2365 635 2468 683 est.
2523 628 2858 699 Contingens
2899 637 3084 682 autem
3129 642 3278 681 nunc
3329 626 3453 681 dico
3510 641 3615 681 non

2029 718 2177 786 quod
2245 719 2625 789 contingenter
2682 719 2880 775 accidit
2959 717 3288 774 necessitate
3365 717 3621 772 substan-

2028 806 2154 873 tiae,
2219 807 2315 862 sed
2379 807 2528 878 quod
2581 817 2776 877 sponte
2843 807 3110 877 contingit
3156 807 3212 860 in
3267 804 3618 860 rationalium

2028 905 2408 955 creaturarum
2453 898 2688 954 actibus.

2099 986 2192 1043 45.
2223 987 2280 1042 Si
2309 987 2640 1058 principium
2670 997 2887 1060 oportet
2911 987 3384 1042 accuratissimam
3416 984 3619 1040 habere

2027 1077 2280 1134 veritatis
2343 1081 2620 1147 notitiam,
2688 1079 2918 1135 Manetis
2979 1090 3160 1134 autem
3213 1078 3465 1147 impietas
3488 1092 3613 1132 cum

2027 1171 2292 1242 ignorans
2359 1173 2508 1228 unde
2562 1173 2671 1228 sint
2717 1173 2881 1240 mala,
2917 1172 3321 1242 irreligiositate
3383 1171 3612 1234 nitatur,

2027 1278 2127 1319 cur
2179 1264 2314 1320 adeo
2394 1273 2526 1321 sunt
2573 1265 2894 1335 ignorantiae
2957 1275 3121 1334 atque
3195 1262 3614 1331 irreligiositatis

2025 1365 2276 1413 amantes
2311 1397 2328 1423 ,
2427 1357 2523 1430 qui
2607 1357 2837 1414 Manetis
2926 1373 3108 1428 prava:
3189 1365 3352 1411 secta:
3431 1354 3614 1410 adhae-

2027 1449 2192 1504 rent?

2089 1562 2632 1620 PROPOSITIONES
2695 1561 3141 1618 CHRISTlAl‘UE
3193 1562 3564 1619 ADVERSUS

2592 1653 3040 1710 MANlClleOS.

2093 1768 2370 1839 Quidquid
2439 1785 2509 1824 ex
2572 1768 2759 1839 aliquo
2825 1767 3075 1837 subjecto
3139 1768 3219 1834 lit,
3271 1776 3364 1823 aut
3416 1777 3613 1824 natura

320 1858 520 1930 τέχνῃ,
548 1857 581 1926 ἢ
609 1855 932 1929 προαιρέσει
964 1856 1231 1925 γίγνεται·
1269 1857 1428 1926 φύσει
1461 1859 1581 1928 μὲν,
1605 1852 1716 1911 οἷον
1737 1857 1796 1922 ἐξ
1824 1859 1918 1911 ἀν-

2026 1861 2086 1917 ﬁt
2153 1871 2247 1916 aut
2296 1870 2415 1917 arte
2491 1869 2587 1916 aut
2657 1862 2944 1916 electione.
2998 1858 3205 1914 Natura
3269 1861 3512 1931 quidem,
3557 1871 3616 1914 ut

325 1947 556 2019 θρώπου
577 1947 890 2016 ἄνθρωπος,
914 1948 1006 2002 καὶ
1031 1950 1096 2002 ὲκ
1125 1949 1274 2002 σίτου
1299 1951 1466 2011 σῖτος·
1489 1947 1657 2020 τέχνῃ
1689 1948 1766 2012 δὲ,
1804 1943 1919 2002 οἷον

337 2042 406 2094 ὲκ
424 2042 519 2110 τῆς
546 2040 850 2109 ὑφαντικῆς
875 2039 1087 2109 ἱμάτια,
1120 2040 1215 2093 καὶ
1242 2040 1339 2110 τῆς
1358 2039 1704 2112 οἰκοδομικῆς
1728 2039 1916 2094 οίκίαιο

340 2129 656 2199 προαιρέσει
693 2127 774 2192 δὲ,
802 2126 915 2182 οἷον
963 2130 1028 2181 ὲκ
1078 2129 1189 2182 τῶν
1241 2129 1522 2200 προτέρων
1574 2129 1634 2182 τὸ
1675 2128 1918 2200 σύμπαν.

352 2221 510 2275 Ἀλλά
535 2222 628 2274 καὶ
654 2223 719 2274 ὲκ
745 2221 959 2290 φύσεως
985 2222 1224 2292 ἑκάστης
1247 2222 1308 2274 οὐ
1334 2221 1530 2275 πολλαὶ¹
1560 2222 1655 2275 καὶ
1675 2222 1921 2293 διάφοροι

324 2314 426 2366 καὶ
451 2311 700 2365 ἐναντίαι
732 2311 925 2380 φύσεις
958 2313 1254 2382 γίγνονται·
1299 2311 1412 2366 οἷον
1465 2313 1526 2368 οὐ
1570 2313 1818 2383 γίγνεται
1858 2316 1923 2367 ἐκ

320 2404 426 2474 τῆς
459 2403 558 2456 τοῦ
587 2402 880 2474 ἀνθρώπου
925 2403 1142 2472 φύσεως
1189 2403 1316 2474 βοῦς
1353 2404 1448 2457 καὶ
1494 2403 1714 2475 χαλκὸς,
1755 2402 1922 2476 ὕδωρ,

321 2495 442 2566 πῦρ
473 2513 540 2548 τε
580 2497 680 2548 καί¹
703 2496 907 2565 κάρυα.
951 2495 1228 2558 Ὡσαύτως
1263 2494 1320 2548 δὲ
1353 2497 1447 2549 καὶ
1473 2497 1536 2548 ὲκ
1563 2495 1767 2566 τεχνῶν
1797 2496 1925 2549 ἑκά-

325 2604 475 2641 στων
511 2589 572 2641 οὐ
598 2587 848 2658 διάφοροι
871 2589 965 2640 καὶ
985 2588 1226 2641 ἐναντίαι
1253 2586 1396 2651 ὕλαι,
1429 2588 1596 2658 ἄλλης
1627 2587 1793 2657 οὔσης
1826 2589 1926 2658 τῆς

320 2682 533 2751 τέχνης
552 2684 705 2751 παρά
726 2681 828 2750 τὴν
850 2680 909 2744 ἐξ
931 2681 1100 2751 αὐτῆς
1127 2698 1369 2753 μετασχη
1380 2681 1744 2752 ματιζομένην
1767 2679 1920 2751 ὕλην·

323 2768 441 2828 οἷον
468 2773 532 2825 οὐ
560 2772 803 2841 γίγνεται
826 2772 891 2825 ὲκ
919 2771 1021 2842 τῆς
1051 2773 1352 2841 ὑφαντικῆς
1371 2773 1567 2844 τέχνης
1591 2772 1757 2842 ἔριον·
1787 2773 1923 2828 ἀλλά

325 2867 401 2919 τὰ
427 2866 562 2919 ὅντα
589 2865 712 2937 ἔρια
741 2864 1160 2930 μετασκευάζει,
1192 2864 1358 2935 άλλης
1385 2864 1554 2933 οὔσης
1579 2865 1749 2936 αὐτῆς
1771 2866 1923 2937 παρὰ

327 2959 399 3013 τὰ
427 2959 575 3030 ἔρια.
603 2959 725 3012 Ὅτι
756 2957 815 3010 δὲ
845 2958 954 3011 κάκ
981 2958 1349 3029 προαιρέσεως
1375 2958 1434 3009 οὐ
1462 2958 1620 3028 μόνον
1641 2958 1743 3011 οὐκ
1770 2959 1925 3010 ἐναν-

326 3050 444 3103 τίαι
481 3049 696 3118 φύσεις,
737 3048 852 3103 ἀλλ’
892 3048 1000 3102 οὐδ’
1038 3049 1176 3113 ὅλως
1211 3048 1494 3118 γίγνονται
1541 3047 1926 3118 φύσεις,πιιν·ι;ῒ⁵

326 3143 518 3211 δῆλον.

2022 1971 2090 2012 ex
2135 1955 2356 2010 homine
2409 1953 2595 2021 homo,
2647 1968 2714 2009 ex
2764 1953 3039 2008 frumento
3070 1952 3430 2009 frumentum.
3462 1954 3611 2018 Arte,

2020 2056 2084 2104 ut
2125 2063 2192 2104 ex
2249 2047 2486 2103 textrina
2535 2047 2962 2114 vestimentum,
3015 2057 3068 2102 et
3128 2063 3195 2102 ex
3248 2046 3614 2102 architectura

2022 2140 2241 2196 domus.
2297 2140 2580 2195 Electione
2637 2139 2806 2194 veluti
2859 2155 2924 2195 ex
2960 2139 3236 2209 prioribus
3273 2139 3612 2193 universum.

2023 2231 2409 2287 Verumtamen
2432 2246 2497 2285 ex
2529 2245 2861 2301 unaquaque
2878 2239 3069 2284 natura
3093 2245 3202 2285 non
3224 2231 3410 2285 multae
3438 2244 3616 2300 neque

2023 2319 2250 2374 diversae
2307 2327 2403 2372 aut
2456 2318 2747 2372 contrariae
2800 2328 3012 2372 natura:
3060 2317 3226 2385 ﬁunt;
3281 2317 3448 2374 veluti
3501 2331 3611 2370 non

2024 2409 2085 2464 ﬁt
2143 2426 2206 2464 ex
2253 2410 2488 2464 hominis
2527 2419 2720 2464 natura
2772 2409 2892 2474 bos,
2933 2423 3029 2475 aes,
3061 2423 3224 2478 aqua,
3256 2408 3398 2477 ignis
3445 2416 3611 2476 atque

2034 2517 2226 2556 nuces.
2283 2500 2542 2555 Similiter
2567 2511 2620 2554 et
2666 2516 2731 2555 ex
2756 2499 2987 2569 singulis
3026 2499 3236 2556 artibus
3289 2499 3434 2552 haud
3477 2498 3614 2552 fiunt

2025 2593 2254 2646 diversae
2284 2598 2338 2644 et
2370 2591 2657 2645 contrariae
2687 2589 2945 2655 materiae,
2979 2603 3103 2642 cum
3147 2588 3218 2642 sit
3261 2602 3350 2643 ars
3399 2587 3613 2641 diversa

2025 2698 2056 2738 a
2115 2682 2340 2735 materia
2377 2697 2498 2751 quae
2550 2697 2646 2751 per
2686 2681 2860 2750 ipsam
2910 2679 3354 2750 transﬁguratur.
3414 2679 3614 2732 Exem—

2025 2774 2096 2843 pli
2149 2773 2341 2843 gratia,
2374 2788 2483 2826 non
2517 2771 2576 2826 lit
2605 2787 2669 2827 ex
2701 2770 2931 2826 textrina
2965 2770 3158 2834 vellus,
3201 2768 3297 2823 sed
3343 2783 3433 2822 ars
3467 2769 3616 2824 exsio

2025 2864 2221 2917 stentia
2261 2862 2457 2916 vellera
2523 2861 2789 2928 elaborat,
2837 2876 2961 2915 cum
3022 2861 3141 2930 ipsa
3186 2869 3366 2913 tamen
3400 2858 3616 2914 diversa

2027 2952 2099 3006 sit
2158 2967 2187 3005 a
2238 2951 2552 3006 velleribus.
2611 2951 2770 3018 Quod
2831 2961 3012 3005 autem
3065 2950 3228 3004 etiam
3279 2965 3345 3003 ex
3400 2963 3464 3002 re
3518 2962 3612 3006 vo-

2026 3042 2310 3111 luntaria,
2391 3059 2498 3098 non
2573 3041 2748 3098 solum
2826 3041 2972 3096 haud
3048 3039 3336 3096 contrariae
3406 3050 3615 3093 natura:

2031 3133 2186 3199 ﬁant,
2245 3135 2339 3190 sed
2393 3135 2619 3189 omnino
2685 3133 2882 3197 nullae,
2938 3147 3098 3187 nemo
3152 3147 3261 3186 non
3318 3131 3488 3186 videt.

399 3241 473 3286 α’.
511 3233 732 3286 Τούτων
769 3232 816 3285 δ’
855 3209 1029 3294 οὕτως
1062 3230 1296 3302 ἐχόντων
1321 3230 1390 3284 τὰ
1436 3231 1494 3298 ἐξ
1541 3229 1675 3302 ὕλης
1704 3231 1814 3300 ἄρα
1833 3247 1921 3299 γι-

2099 3228 2150 3281 1.
2231 3225 2328 3282 His
2402 3228 2474 3281 ita
2534 3225 2881 3290 constitutis,
2949 3239 3012 3278 ea
3068 3239 3192 3293 qua:
3251 3239 3318 3278 ex
3387 3224 3614 3280 materia

328 3325 595 3396 γνόμενα,
634 3323 794 3393 φύσει
833 3323 1108 3392 γίγνεται,
1149 3321 1183 3392 ἢ
1228 3323 1414 3394 τέχνῃ,
1469 3321 1502 3392 ἢ
1543 3324 1862 3396 προαιρέσει
1893 3341 1908 3356 ο

329 3416 446 3471 ἀλλ’
488 3417 537 3468 εἰ
570 3416 670 3486 μὲν
697 3414 884 3484 φύσει,
920 3414 1039 3478 πῶς
1081 3417 1209 3486 μιᾶς
1238 3412 1425 3484 οὕσης,
1449 3413 1642 3468 πολλαὶ
1679 3415 1775 3468 καὶ
1801 3415 1916 3470 διά-

331 3524 494 3579 φοροι
542 3507 638 3560 καὶ
686 3506 926 3559 ἐναντίαι
963 3504 1152 3574 φύσεις
1187 3505 1465 3574 γίγνονται
1513 3504 1572 3571 ἐξ
1612 3506 1816 3574 αὐτῆς;
1853 3507 1914 3559 Ei

329 3600 604 3670 δὲτέχνῃ,
641 3597 859 3669 πρῶτον
905 3598 1003 3668 μὲν
1051 3597 1137 3661 τίς
1191 3596 1525 3667 ὁτεχνίτης;
1580 3597 1769 3660 Οὐδεὶς
1807 3598 1916 3669 γὰρ

328 3693 590 3763 τεχνίτης
614 3690 731 3744 ἐστὶ
770 3690 866 3743 καὶ
904 3689 1002 3760 ὕλη
1052 3689 1195 3742 κατὰ
1236 3688 1424 3743 ταυτό.
1457 3689 1690 3742 Ἔπειτα
1713 3689 1770 3742 δὲ
1797 3689 1916 3752 πῶς

330 3785 482 3839 κατὰ
508 3784 612 3855 τὴν
638 3783 892 3853 τεχνικὴν
916 3779 1241 3835 ἀκολουθίαν
1284 3782 1346 3832 ὲκ
1391 3781 1521 3849 μιᾶς
1551 3779 1683 3850 ὕλης
1719 3780 1916 3834 πολλαὶ

331 3874 431 3929 καὶ
474 3873 726 3942 διάφοροι
786 3870 882 3924 καὶ
933 3867 1172 3923 ἐναντίαι
1220 3868 1476 3937 γεγόνασι
1522 3869 1746 3939 φύσεις;
1775 3871 1837 3923 Ei
1859 3871 1917 3923 δὲ

340 3965 481 4034 μήτε
505 3963 688 4034 φύσει,
720 3962 860 4032 μήτε
899 3960 1246 4030 προαιρέσει,
1300 3961 1437 4031 μήτε
1475 3961 1640 4031 τέχνῃ
1671 3961 1916 4028 γίγνεται

331 4056 402 4113 τὰ
425 4055 486 4119 ἐξ
507 4053 642 4126 ὕλης
672 4053 990 4124 γιγνόμενα,
1026 4051 1149 4105 εἰπὲ
1179 4051 1297 4116 πῶς
1337 4051 1546 4119 γίνεται
1588 4051 1658 4106 τά
1694 4053 1754 4110 ιε
1783 4051 1918 4124 ὕλης

329 4146 596 4220 γινόμενα
612 4164 629 4214 ;

403 4427 474 4498 β’.
517 4429 585 4481 Εἰ
629 4428 738 4482 πᾶν
801 4427 866 4482 ἔκ
927 4444 1072 4491 τινος
1145 4426 1508 4498 ὑποκειμένου
1552 4424 1919 4498 γινόμενον,ἢ

2015 3320 2191 3383 liunt,
2244 3320 2330 3373 vel
2411 3328 2527 3374 arte
2572 3311 2672 3372 'vel
2724 3317 3023 3372 voluntate.
3089 3315 3211 3369 Jam
3271 3315 3316 3370 si
3386 3324 3613 3381 natura,

2016 3413 2290 3483 quomodo
2339 3428 2464 3467 cum
2519 3411 2589 3467 sit
2642 3427 2770 3474 una,
2843 3411 3026 3464 multze
3078 3425 3142 3464 ac
3193 3410 3426 3464 diversa:
3485 3425 3620 3464 con-

2015 3506 2304 3575 trariaeque
2360 3515 2571 3559 naturae
2629 3519 2695 3557 ex
2756 3504 2873 3574 ipsa
2922 3503 3092 3557 liunt?
3147 3500 3242 3556 Sin
3305 3514 3444 3566 arte,
3497 3502 3613 3571 pri-

2016 3613 2108 3653 mo
2165 3598 2383 3668 quidem
2439 3597 2691 3667 quisnam
2746 3595 2966 3665 opifex?
3020 3594 3191 3650 Nemo
3245 3595 3406 3649 enim‘
3451 3594 3613 3650 simul

2015 3700 2100 3746 est
2148 3689 2326 3760 opifex
2377 3698 2432 3744 ct
2489 3689 2734 3746 materia.
2798 3687 3004 3740 Deinde.
3073 3687 3348 3756 quomodo
3415 3701 3610 3740 secun-

2016 3783 2145 3836 dum
2200 3781 2504 3836 technicam
2563 3781 2826 3835 rationem
2874 3794 2940 3832 ex
3001 3793 3110 3832 una
3162 3778 3385 3832 materia
3433 3779 3619 3833 multae

2017 3890 2082 3930 ac
2136 3874 2365 3930 diversae
2399 3883 2452 3928 et
2503 3873 2792 3928 contrariae
2849 3871 3008 3926 factae
3056 3879 3184 3926 sunt
3243 3870 3493 3924 naturae?
3520 3868 3616 3923 Sin

2017 3967 2252 4036 denique
2325 3966 2638 4030 voluntate,
2698 3963 2974 4034 quomodo
3025 3977 3092 4015 ex
3151 3961 3428 4014 voluntate
3488 3960 3620 4016 lient

2017 4059 2270 4114 naturae?
2328 4057 2483 4123 Quod
2548 4056 2594 4112 si
2647 4070 2826 4125 neque
2854 4065 3048 4108 natura
3113 4067 3288 4122 neque
3339 4051 3620 4108 voluntate

2019 4165 2195 4220 neque
2241 4159 2358 4204 arte
2411 4149 2547 4203 ﬁunt
2584 4163 2706 4218 quae
2733 4146 2960 4202 materia
3011 4153 3297 4210 constant,
3360 4144 3450 4199 dic
3484 4159 3618 4214 quo-

2017 4241 2180 4297 modo
2241 4240 2375 4295 ﬁant
2426 4255 2546 4310 quat
2595 4238 2820 4294 materia
2875 4236 3170 4294 constant?

2097 4433 2153 4486 2.
2235 4429 2294 4484 Si
2344 4427 2610 4498 quidquid
2675 4440 2740 4480 ex
2814 4423 3000 4493 aliquo
3052 4421 3302 4491 subjecto
3361 4419 3462 4486 ﬁt,
3523 4426 3620 4474 aut

330 4521 520 4589 φύσει,
575 4521 608 4590 ἢ
659 4519 844 4592 τέχνῃ,
904 4519 937 4590 ἢ
989 4520 1307 4590 προαιρέσει
1341 4521 1569 4588 γίνεται,
1624 4520 1680 4572 αι
1729 4519 1789 4573 δὲ
1809 4520 1918 4574 τῶν

2029 4537 2249 4589 natura,
2313 4532 2409 4578 aut
2461 4531 2596 4589 arte,
2645 4528 2741 4575 aut
2804 4519 3084 4572 voluntate
3122 4517 3220 4583 ﬁt;
3279 4530 3462 4572 rerum
3519 4528 3620 4567 au-

329 4609 507 4662 6vtuw
540 4607 794 4679 διαφοραὶ
820 4608 917 4662 καὶ
943 4609 1181 4662 ἐναντίαι
1207 4607 1398 4676 φύσεις
1427 4607 1551 4661 οὔτε
1584 4607 1767 4676 φύσει,
1792 4599 1921 4662 ούτε

330 4701 534 4770 τέχνῃ,
588 4698 713 4751 οὗτε
769 4698 1086 4770 προαιρέσει
1115 4697 1454 4768 γεγένηνται·
1513 4698 1631 4762 πῶς
1677 4699 1742 4752 ἐκ
1785 4715 1932 4762 τινος

334 4792 726 4862 ὑποκειμένου,
776 4792 834 4844 αἱ
887 4790 996 4846 τῶν
1043 4791 1213 4845 ὄντων
1250 4793 1573 4864 γεγένηνται
1605 4793 1834 4862 φύσειςς
1868 4793 1932 4846 El

332 4885 379 4941 δ’
404 4885 512 4938 οὐκ
541 4883 608 4938 ἐκ
641 4899 784 4949 τινος
809 4883 1172 4954 ὑποκειμένου
1200 4886 1256 4938 αἱ
1279 4885 1387 4938 τῶν
1413 4885 1582 4938 ὄντων
1605 4883 1798 4952 φύσεις
1830 4900 1924 4951 γε-

334 4977 631 5044 γένηνται,
689 4975 811 5029 εἰπὲ
867 4973 1032 5029 πόθεν
1088 4975 1147 5029 αἱ
1195 4975 1306 5029 τῶν
1365 4973 1534 5030 ὄντων
1597 4973 1924 5044 γεγένηνται

334 5064 530 5135 φύσεις
551 5081 568 5130 ;

403 5187 476 5250 γ’.
514 5181 580 5234 Εἰ
607 5182 666 5234 ἐν
693 5181 844 5251 τόπῳ
869 5181 969 5250 τῆς
997 5181 1186 5245 οὐσίας
1229 5183 1259 5236 6
1290 5182 1458 5250 Θεὸς,
1513 5182 1631 5246 πῶς
1669 5183 1730 5236 οὐ
1763 5199 1924 5254 περι-

335 5273 586 5345 γραπτὸς
618 5272 720 5342 τὴν
747 5273 938 5326 οὐσίαν
966 5275 995 5326 6
1021 5273 1187 5338 856;;
1230 5275 1293 5327 El
1325 5274 1384 5328 δὲ
1421 5274 1795 5346 περιγραπτὸς
1827 5275 1928 5343 τὴν

335 5361 525 5415 οὐσίαν
549 5363 576 5414 6
603 5361 756 5425 Θεὸς,
795 5361 913 5424 πῶς
946 5361 1306 5434 πανγνώστης
1325 5363 1428 5434 τῆς
1465 5363 1654 5427 οὐσίας
1681 5365 1712 5415 6
1749 5363 1884 5426 Θεός
1909 5377 1924 5428 ;

336 5453 461 5515 πῶς
492 5452 626 5515 Θεὸς
663 5452 760 5523 τὴν
789 5453 982 5507 οὐσίαν
1009 5455 1039 5506 6
1058 5453 1229 5518 856;;

407 5627 471 5682 δ’.
501 5629 563 5682 El
590 5630 649 5682 ὲν
668 5629 747 5701 τῷ
771 5632 824 5684 τί
855 5633 971 5686 ἐστι
1017 5632 1394 5704 περιγραπτὸς
1427 5636 1455 5686 6
1487 5632 1636 5698 Θεὸς,
1677 5635 1735 5686 ὲν
1761 5632 1818 5686 δὲ
1848 5631 1925 5702 τῷ

338 5720 496 5790 ποσῷ
515 5722 664 5775 ἐστιν
697 5723 1132 5796 ἀπερίγραπτος,
1161 5725 1277 5790 πῶς
1304 5725 1500 5779 ταυτόν
1530 5727 1644 5779 ἐστι
1669 5725 1730 5778 τὸ
1758 5725 1924 5778 ποσὸν

339 5812 437 5869 τοῦ
462 5814 606 5870 Θεοῦ
627 5817 720 5869 καὶ
741 5817 802 5869 τὸ
837 5819 890 5871 τί
921 5819 1087 5887 αὐτό;
1124 5820 1185 5872 El
1215 5818 1258 5871 δ’
1288 5819 1346 5872 ού
1377 5817 1554 5876 τοῦτο,
1592 5817 1704 5882 πῶς
1734 5817 1797 5872 ἂν
1829 5818 1919 5869 λέ-

2035 4631 2144 4676 tem
2195 4616 2516 4673 diﬂ'erentite
2571 4612 2966 4680 contrariaque
3014 4620 3242 4673 naturae,
3291 4621 3467 4676 neque
3516 4619 3620 4659 na-

2035 4723 2195 4776 tura,
2258 4722 2434 4776 neque
2490 4714 2628 4771 arte,
2689 4719 2868 4775 neque
2923 4702 3204 4756 voluntate
3263 4707 3391 4754 sunt
3438 4696 3617 4761 facta,

2036 4799 2313 4871 quomodo
2401 4813 2468 4852 ex
2543 4796 2728 4864 aliquo
2804 4793 3074 4864 subjecto,
3152 4807 3330 4845 rerum
3410 4799 3621 4843 naturae

2033 4893 2193 4947 facite
2245 4887 2520 4944 fuerunt?
2568 4884 2723 4951 Quod
2783 4883 2828 4939 si
2871 4882 3095 4937 minime
3151 4895 3218 4936 ex
3274 4880 3456 4949 aliquo
3487 4878 3622 4933 sub-

2029 4983 2177 5054 jecto
2204 5021 2220 5047 ,
2262 4991 2448 5032 rerum
2484 4984 2696 5030 natura:
2741 4973 2898 5029 facta:
2927 4973 3172 5035 fuerunt,
3215 4971 3304 5026 dic
3341 4969 3616 5024 undenam

2033 5072 2144 5127 sint
2167 5069 2323 5125 factae
2352 5064 2609 5122 naturae?

2098 5181 2153 5235 ὅ.
2213 5178 2272 5233 Si
2322 5178 2445 5232 loco
2496 5175 2816 5232 substantiae
2874 5181 2960 5228 est
3032 5173 3172 5228 Deus
3207 5210 3223 5236 ,
3289 5167 3478 5238 quidni
3544 5166 3618 5224 sit

2030 5268 2447 5336 circumscripta
2480 5267 2792 5322 substantia
2817 5265 2908 5319 Dei
2935 5264 2958 5317 ?
2991 5261 3058 5316 Et
3096 5263 3142 5317 si
3197 5257 3614 5326 circumscripta

2028 5371 2113 5420 est
2152 5361 2457 5418 substantia
2509 5359 2626 5424 Dei,
2657 5359 2933 5429 quomodo
2981 5357 3263 5423 cognoscit
3301 5350 3612 5406 universam

2033 5452 2398 5511 substantiam
2470 5450 2661 5507 Deus?
2705 5448 2982 5522 quomodo
3051 5448 3240 5509 Deus,
3303 5438 3613 5497 substantia

2029 5547 2173 5606 Deus
2217 5543 2342 5599 est?

2095 5637 2150 5690 4.
2201 5635 2260 5689 Si
2317 5635 2371 5688 in
2401 5632 2638 5689 essentia
2685 5630 2830 5686 Deus
2885 5636 2969 5683 est
3028 5625 3497 5694 circumscriptus,
3551 5623 3608 5678 in

2027 5729 2295 5799 qualitate
2333 5735 2515 5780 autem
2554 5721 3084 5790 incircumscriptus,
3135 5717 3412 5788 quomodo
3433 5729 3603 5769 unum

2028 5820 2280 5890 idemque
2329 5825 2455 5872 sunt
2503 5814 2737 5886 qualitas
2772 5822 2827 5868 ct
2866 5812 3104 5869 essentia
3165 5809 3304 5866 Dei?
3350 5805 3508 5874 Quod
3556 5801 3605 5859 si
