4062 6470
317 404 418 472 571
797 407 809 420 ι·

1599 402 1829 463 PAULI
1857 399 2304 491 cumsuam

3479 390 3596 456 572

314 531 426 578 non
503 522 636 574 sunt
703 513 892 578 idem,
973 512 1252 583 quomodo
1325 511 1572 568 dicemus
1677 510 1900 566 nomina

2019 527 2154 578 {atro
2177 511 2258 564 δτι
2281 509 2520 579 ὀνόματα
2551 505 2680 579 περὶ
2722 503 2816 559 τοῦ
2851 504 2986 558 Θεοῦ
3031 502 3127 558 καὶ
3149 501 3301 572 λόγοι
3337 499 3596 576 διάφοροι

315 611 679 676 diversasque
731 604 1042 660 locutiones
1105 618 1275 658 unum
1329 602 1625 668 denotare,
1681 612 1903 672 propter

321 698 644 757 substantia
719 697 986 750 unitatem
1057 695 1318 748 varietate
1383 693 1533 748 omni
1594 691 1868 748 carentis?

393 789 446 844 5.
503 787 661 855 Quod
719 787 766 841 si
831 784 966 840 nihil
1031 783 1142 838 duo
1208 783 1473 854 principia
1537 782 1903 850 discriminat,

316 880 412 937 sed
452 881 684 935 invicem
734 877 1023 946 adjacent,
1082 885 1143 931 ut
1206 876 1416 931 umbrae
1466 875 1580 943 lux,
1637 883 1735 930 aut
1792 875 1904 930 vel-

317 971 400 1026 uti
476 971 561 1027 sol
631 967 780 1023 omni
855 965 1076 1038 quidem
1144 967 1360 1038 corpori
1431 965 1726 1038 adiacens,
1796 980 1904 1020 non

317 1072 503 1116 tamen
579 1059 854 1114 inhaerens
926 1066 1022 1112 aut
1095 1057 1422 1115 commistus
1497 1067 1594 1114 aut
1653 1055 1866 1113 infusus
1887 1073 1913 1124 °,..

317 1151 495 1222 primo
558 1149 782 1219 quidem
844 1147 1124 1219 quomodo
1189 1149 1384 1206 melius
1435 1147 1764 1218 principium
1796 1161 1908 1202 non

316 1242 423 1296 erit
476 1255 644 1296 causa
699 1239 844 1310 quod
893 1240 966 1296 sit
1021 1240 1168 1295 aliud
1211 1240 1473 1305 deterius,
1534 1238 1698 1294 veluti
1743 1253 1906 1307 quae—

318 1331 444 1386 dam
515 1331 610 1384 lux
681 1330 945 1385 umbrae?
1005 1329 1209 1386 Deinde
1285 1331 1562 1401 quomodo
1623 1328 1772 1398 quod
1823 1337 1909 1386 est

318 1421 560 1476 deterius
609 1438 714 1476 non
766 1421 976 1477 fruetur
1005 1423 1248 1487 meliore,
1315 1437 1543 1492 prorsus
1574 1431 1633 1476 ut
1675 1435 1908 1491 corpora

319 1514 582 1568 fruuntur
645 1516 792 1568 sole?

394 1604 448 1660 6.
504 1604 559 1659 Si
617 1605 830 1659 trinitas
882 1605 1094 1673 Patris,
1161 1603 1308 1672 Filii,
1343 1613 1397 1660 et
1439 1605 1616 1660 sancti
1671 1603 1907 1674 Spiritus

324 1695 641 1750 nominibus
710 1707 764 1750 et
834 1711 1063 1751 numero
1124 1694 1326 1750 dicitur
1399 1697 1648 1762 trinitas,
1714 1705 1908 1749 natura

325 1795 506 1840 tamen
564 1794 647 1840 est
720 1801 944 1852 monas,
1009 1797 1062 1841 et
1110 1789 1396 1842 monadem
1455 1787 1617 1842 ellicit
1679 1795 1906 1852 natura,

2003 601 2065 655 τὺ
2101 601 2159 654 ἓν
2202 599 2528 672 σημαίνουσι
2571 596 2660 652 διὰ
2696 596 2758 651 τὸ
2796 597 2854 650 ἓν
2893 595 2987 649 καὶ
3017 594 3334 649 ἀποίκιλτον
3364 599 3465 670 τῆς
3490 599 3576 651 ού·

2006 693 2125 756 σίας
2143 710 2159 758 ;

2077 783 2136 839 ε’.
2165 785 2226 837 El
2252 783 2307 836 δὲ
2359 783 2583 854 διορίζει
2639 777 2845 852 μεταξὺ
2905 780 3016 833 τῶν
3058 779 3152 834 δύο
3199 779 3384 851 ἀρχῶν
3409 779 3590 844 οὐδὲν,

2005 874 2368 946 παράκεινται
2407 873 2452 927 δ’
2473 872 2728 945 ἀλλήλαις
2785 871 2862 935 ὡς
2908 873 3036 942 σκιᾷ
3092 870 3231 941 φῶς,
3261 869 3295 941 ἢ
3331 870 3407 932 ὼς
3437 870 3590 941 ἡλίου

2004 968 2171 1021 παντὶ
2202 965 2302 1037 μὲν
2342 964 2555 1037 σώματι
2595 963 3028 1036 παρακειμένου,
3065 962 3140 1035 μὴ
3182 963 3506 1034 ἐγκειμένου
3530 961 3586 1017 δδ

2004 1057 2439 1134 ἠμεμιγμένου,
2496 1057 2530 1130 ἢ
2586 1054 3016 1126 κεραννυμένου,
3077 1053 3299 1126 πρῶτον
3344 1053 3445 1124 μὲν
3475 1053 3598 1130 πῶς,

2005 1147 2105 1200 οὐκ
2129 1145 2283 1199 ἔσται
2309 1147 2342 1217 ἡ
2376 1145 2644 1218 κρείττων
2675 1143 2820 1216 ἀρχὴ
2838 1182 2854 1209 ,
2879 1141 3029 1198 αίτία
3055 1139 3150 1196 τοῦ
3185 1136 3325 1196 εἶναι
3356 1141 3458 1210 τὴν
3479 1141 3593 1212 χεί-

2009 1253 2140 1308 ρονα
2186 1235 2259 1301 ὥς
2293 1255 2345 1292 τι
2392 1237 2509 1306 φῶς
2559 1237 2658 1307 τῆς
2714 1236 2909 1300 artic;
2967 1232 3232 1305 Δεύτερον
3255 1233 3312 1286 δὲ
3345 1232 3462 1296 πῶς
3495 1232 3597 1285 οὐκ

2007 1328 2309 1382 ἀπολαύσει
2341 1330 2374 1400 ἡ
2414 1326 2613 1400 χείρων
2641 1327 2740 1400 τῆς
2771 1328 3081 1400 κρείττονος
3111 1326 3184 1393 ὼς
3221 1324 3315 1380 τοῦ
3344 1325 3495 1397 ἡλίου
3527 1323 3596 1378 τά

2011 1434 2087 1470 σω
2097 1435 2245 1487 ματα
2265 1435 2280 1485 ;

2082 1611 2156 1679 ς’.
2189 1615 2250 1668 Ei
2286 1615 2317 1686 ἡ
2344 1615 2500 1686 τριάς
2529 1615 2774 1687 Πατρὸς,
2808 1614 2938 1670 Υίοῢ
2967 1617 3060 1669 καὶ
3087 1617 3244 1685 ἁγίου
3280 1616 3600 1686 Πνεύματος

2011 1703 2068 1756 ὲν
2097 1703 2355 1772 ὀνόμασιν
2390 1705 2483 1757 καὶ
2509 1703 2765 1775 ἀριθμοῖς
2794 1704 2960 1774 τριὰς
2986 1705 3220 1776 λέγεται,
3263 1707 3319 1759 ὲν
3348 1705 3402 1758 δὲ
3439 1706 3603 1774 φύσει

2015 1797 2204 1866 μονὰς.
2242 1796 2332 1849 καὶ
2364 1796 2462 1867 τὴν
2491 1799 2590 1868 μὲν
2647 1797 2849 1867 μονάδα
2905 1799 2937 1868 ἠ
2992 1797 3154 1867 φύσις
3186 1797 3597 1868 περιεποίησεν,

324 1877 622 1930 trinitatem
675 1892 805 1932 vero
866 1878 1062 1932 modus
1113 1877 1478 1944 exsistentim,
1526 1877 1717 1948 quidni
1765 1875 1911 1946 coglt

2019 1887 2115 1957 τὴν
2143 1889 2197 1941 δὲ
2221 1888 2412 1958 τριάδα
2439 1890 2470 1960 ἡ
2509 1891 2688 1961 χρεία,
2726 1890 2842 1953 πῶς
2880 1893 2979 1943 οὐκ
3002 1889 3282 1960 ἠνάγκαζε
3310 1889 3409 1962 τὴν
3439 1890 3602 1959 φύσιν

322 1975 578 2020 naturam
641 1966 879 2022 modus?
919 1965 986 2021 Et
1047 1967 1093 2021 si
1142 1966 1288 2037 cOgit
1354 1967 1554 2022 modus
1609 1975 1905 2031 naturam,

321 2070 434 2125 quo
508 2065 666 2126 pacto
749 2055 894 2113 Deus
955 2057 1029 2112 sit
1087 2057 1133 2111 is
1197 2057 1294 2127 qui
1349 2057 1604 2128 cngitur?
1665 2057 1723 2112 Si
1778 2073 1912 2115 vero

321 2145 550 2202 minime
615 2147 799 2217 cogit,
861 2147 958 2219 qui
1033 2149 1095 2202 tlt
1153 2159 1214 2203 ut
1271 2149 1573 2205 trinitatem
1622 2149 1908 2205 nominum

321 2236 519 2292 modus
557 2235 843 2294 eﬂ‘ecerit?

395 2351 449 2406 ‘ll.
495 2348 553 2406 Si
587 2351 809 2418 modus,
858 2353 1002 2409 unde
1031 2360 1116 2408 est
1161 2351 1317 2416 trias,
1363 2367 1428 2406 ex
1483 2351 1714 2406 materia
1777 2359 1901 2418 est;

320 2451 504 2497 creata
566 2451 748 2497 autem
781 2439 1206 2514 consequenter
1274 2443 1341 2498 ad
1393 2443 1624 2513 primam
1685 2457 1910 2497 causam

318 2531 653 2601 referuntur,
687 2541 749 2587 ut
783 2547 880 2588 vos
933 2533 1151 2601 dicitis,
1203 2533 1395 2604 quidni
1437 2533 1509 2588 sit
1545 2548 1711 2588 causa
1764 2532 1916 2587 trini-

320 2625 452 2680 tatis
505 2625 768 2680 materia?
804 2623 960 2690 Quod
993 2625 1174 2681 sinon
1199 2633 1284 2679 est
1315 2640 1380 2679 ex
1429 2625 1660 2679 materia
1693 2625 1911 2688 modus,

319 2732 434 2788 quo
481 2717 700 2774 exsistit
758 2717 996 2784 trinitas,
1053 2717 1142 2772 dic
1182 2717 1454 2772 undenam
1487 2717 1558 2772 sit
1585 2717 1781 2772 modus
1803 2731 1913 2788 quo

321 2807 542 2865 trinitas
583 2809 833 2864 exstitit?

397 2921 452 2974 8.
484 2921 543 2976 Si
573 2921 891 2977 omnimode
931 2921 1304 2992 impeccabilis
1336 2930 1420 2976 est
1447 2921 1614 2981 Deus.
1653 2936 1762 2974 non
1795 2935 1916 2974 om-

321 3014 546 3070 nimode
576 3021 759 3068 autem
810 3013 1180 3083 impeccabilis
1219 3011 1422 3079 anima,
1457 3012 1737 3082 quomodo
1771 3011 1914 3068 idem

320 3113 409 3160 est
426 3106 610 3159 anima
638 3120 704 3160 ac
741 3105 927 3161 Deus?
971 3103 1127 3171 Quod
1155 3106 1200 3162 si
1246 3105 1384 3160 nihil
1421 3105 1657 3160 essentia
1694 3105 1916 3174 propria

2010 1981 2044 2050 ἡ
2071 1979 2260 2052 χρεία;
2296 1979 2407 2033 Καὶ
2437 1982 2484 2033 εί
2525 1983 2622 2051 μὲν
2650 1980 2960 2052 ἠνάγκαζεν
3003 1983 3035 2051 ὴ
3082 1981 3243 2053 χρεία
3286 1981 3382 2052 τὴν
3415 1980 3603 2050 φύσιν,

2011 2069 2128 2134 πῶς
2153 2069 2286 2134 Θεὸς
2309 2073 2338 2124 ό
2366 2069 2806 2142 ἀναγκαζόμενος
2828 2091 2842 2139 ;
2879 2072 2941 2125 ΕΙ
2969 2072 3012 2126 δ’
3038 2074 3139 2126 οὑκ
3155 2072 3452 2142 ἠνάγκαζε,
3485 2071 3606 2133 πῶς

2008 2159 2111 2232 τὴν
2140 2161 2330 2232 τριάδα
2360 2163 2467 2216 τῶν
2500 2163 2782 2234 ὀνομάτων
2813 2165 2846 2235 ἡ
2881 2165 3042 2236 χρεία
3071 2165 3462 2237 περιεποίησεν
3491 2177 3508 2226 ;

2085 2367 2150 2432 ζ’.
2181 2369 2245 2422 Εἰ
2274 2370 2306 2438 ἡ
2338 2367 2516 2439 χρεία,
2544 2365 2606 2432 ἒξ
2632 2363 2702 2440 ἦς
2748 2367 2780 2438 ἡ
2825 2368 3008 2438 τριὰς,
3051 2366 3111 2433 ἐξ
3153 2366 3306 2438 ὕλης,
3337 2367 3407 2420 τὰ
3438 2361 3498 2422 δὲ
3520 2381 3605 2436 Tt-

2014 2458 2255 2529 γνόμενα
2289 2457 2430 2512 κατά
2469 2458 2944 2529 παρακολούθησιν
2973 2460 3053 2522 είς
3095 2457 3154 2512 τὸ
3190 2458 3405 2530 πρῶτον
3433 2457 3611 2514 αἴτιον

2016 2549 2343 2620 ἀναφέρεται
2401 2550 2526 2604 καθ’
2572 2549 2738 2620 ὑμᾶς,
2807 2548 2924 2610 πῶς
2975 2550 3076 2602 οὒκ
3105 2549 3258 2603 ἔσται
3325 2549 3472 2604 αἰτία
3502 2548 3608 2620 τῆς

2015 2643 2232 2715 τριάδος
2263 2645 2295 2714 ὴ
2321 2643 2420 2713 ὕλη
2446 2662 2458 2708 ;
2493 2645 2556 2698 El
2604 2643 2648 2695 δ’
2698 2643 2799 2696 οὐκ
2852 2643 2911 2709 ἐξ
2967 2641 3099 2713 ὕλης
3123 2645 3158 2713 ἡ
3179 2643 3354 2714 χρεία,
3385 2645 3452 2696 δι’
3482 2643 3608 2714 ἧνή

2018 2733 2200 2806 τριὰς,
2236 2734 2357 2788 εἰπὲ
2390 2734 2552 2786 πόθεν
2582 2737 2614 2806 η
2651 2735 2810 2806 χρεία
2842 2735 2909 2788 δι’
2946 2734 3012 2804 ἣν
3043 2737 3076 2806 η
3107 2737 3292 2806 τριάςς

2091 2940 2162 3002 η’.
2225 2934 2289 2988 El.
2343 2935 2508 2990 παντὶ
2567 2936 2753 3007 τρόπῳ
2803 2934 3190 3006 ἀναμάρτητος
3239 2937 3268 2988 6
3319 2933 3482 2999 Θεὸς,
3545 2936 3609 2989 οὺ

2019 3027 2182 3080 παντὶ
2209 3027 2266 3080 δὲ
2307 3026 2450 3097 λόγῳ
2494 3027 2882 3098 ἀναμάρτητος
2933 3029 2968 3098 ή
3012 3026 3184 3098 ψυχὴ,
3230 3026 3348 3090 πῶς
3390 3029 3423 3095 ἡ
3466 3027 3606 3098 αὐτή

2021 3119 2223 3189 ἔστινὴ
2249 3117 2398 3191 ψυχὴ
2447 3117 2526 3189 τῷ
2559 3117 2712 3188 Θεῷ;
2752 3118 2866 3173 Καὶ
2931 3120 2982 3172 εί
3042 3118 3194 3172 οὐδὲν
3225 3119 3612 3190 ἀναμάρτητον

320 3205 406 3252 est
457 3197 815 3268 impeccabile
845 3198 900 3252 in
960 3213 1144 3254 rerum
1179 3205 1398 3265 natura,
1457 3197 1734 3267 quomodo
1791 3211 1915 3267 qua

2019 3211 2120 3283 τὴν
2151 3213 2339 3268 οὐσίαν
2369 3213 2579 3283 γίνεται
2609 3211 2765 3284 παρὰ
2794 3211 2978 3282 φύσιν,
3011 3211 3129 3276 πῶς
3157 3212 3192 3283 ή
3222 3210 3616 3282 ἀναμάρτητος

322 3288 696 3359 impeccabilis
723 3289 960 3344 essentia
989 3291 1209 3360 propria
1240 3296 1324 3345 est
1374 3288 1584 3356 anima,
1643 3287 1783 3344 facta
1832 3296 1915 3346 est

2021 3305 2122 3377 τὴν
2160 3305 2348 3360 ούσίαν
2379 3304 2527 3377 ψυχὴ
2559 3303 2782 3376 γέγονεν
2811 3304 3190 3376 ὲναμάρτητος
3220 3303 3374 3373 παρά
3404 3301 3608 3371 φύσιν;

323 3377 624 3449 peccabilis
656 3378 711 3432 in
737 3393 923 3434 rerum
947 3379 1240 3435 naturam?

396 3491 451 3547 9.
501 3489 557 3546 Si
587 3492 817 3548 scientia
861 3501 917 3548 et
949 3493 1054 3549 ﬁde
1111 3509 1209 3548 sua
1263 3493 1544 3548 salvantur
1609 3491 1916 3558 Manichari,

325 3598 429 3637 cur
483 3597 622 3651 opus
651 3592 737 3637 est
769 3582 876 3638 illi
911 3583 1015 3638 olei
1061 3583 1481 3654 obsignatione?
1505 3581 1571 3638 Et
1598 3583 1644 3638 si
1688 3588 1922 3651 possunt

326 3672 530 3727 salvari
573 3672 611 3727 ii
658 3675 751 3743 qui
800 3689 922 3728 cum
981 3673 1088 3728 ﬁde
1135 3683 1191 3728 et
1261 3673 1487 3728 scientia
1536 3680 1766 3727 utuntur
1815 3671 1922 3726 olei

325 3765 735 3836 obsignatione,
769 3765 1046 3836 quomodo
1079 3779 1176 3820 eos
1228 3765 1301 3822 sit
1357 3765 1696 3835 impossibile
1722 3763 1923 3821 salvari

325 3857 422 3927 qui
465 3873 589 3912 cum
633 3857 737 3913 tlde
775 3867 831 3914 et
857 3857 1085 3914 scientia
1131 3856 1401 3914 accedunt
1437 3857 1507 3913 ad
1533 3872 1690 3928 aquae
1741 3856 1921 3928 bapti-

325 3965 506 4007 smum
535 3949 559 4004 ?

399 4061 488 4116 10.
539 4060 596 4116 Si
622 4062 834 4118 ratione
861 4061 1186 4119 substantiae
1232 4071 1447 4119 cunctae
1499 4063 1696 4118 divinae
1726 4062 1922 4118 animat

325 4153 531 4227 pariter
591 4153 748 4208 bona;
805 4162 966 4220 sunt,
1024 4154 1164 4210 ratio
1223 4164 1403 4209 autem
1477 4155 1722 4225 ipsarum
1791 4155 1921 4210 sub-

329 4245 544 4300 stantiae
602 4261 782 4314 neque
831 4246 1229 4302 detractionem
1281 4247 1486 4318 patitur
1530 4262 1710 4318 neque
1744 4248 1923 4304 incre-

329 4345 577 4391 mentum
634 4338 875 4407 :primo
945 4338 1168 4410 quidem
1235 4340 1512 4410 quomodo
1580 4341 1710 4396 boni
1785 4342 1923 4397 ﬁunt

328 4441 434 4499 per
506 4427 766 4482 virtutem
842 4428 1172 4486 Manichaei?
1248 4431 1455 4487 Deinde
1524 4433 1802 4503 quomodo
1874 4433 1922 4489 si

337 4517 526 4586 aliqua
611 4519 823 4575 ratione
876 4536 943 4577 ex
999 4521 1144 4577 bona
1196 4522 1255 4578 αι
1323 4523 1469 4579 mala
1521 4523 1743 4591 anima,
1807 4539 1918 4580 non

331 4610 536 4666 amittit
579 4627 744 4682 quam
813 4623 973 4669 antea
1043 4614 1243 4670 habent
1323 4616 1733 4672 substantiam?
1783 4614 1918 4672 Nam

333 4704 541 4758 bonum
602 4705 841 4776 itemque
903 4707 1110 4762 malum
1173 4707 1476 4766 substantia
1529 4718 1657 4776 est,
1720 4719 1782 4764 ut
1831 4709 1922 4766 isti

331 4796 586 4850 credunt.

406 4909 495 4963 Η.
543 4907 600 4964 Si
649 4925 716 4964 ex
759 4910 995 4966 naturali
1053 4911 1302 4982 corporis
1350 4913 1682 4970 mortalitate
1743 4920 1925 4969 trans-

335 4999 520 5056 ferunt
592 5003 789 5058 divinae
885 5002 1184 5074 Scriptura:
1263 5005 1617 5060 mortalitatis
1680 5004 1922 5075 appella-

338 5091 588 5157 tionem,
687 5093 742 5146 in
832 5092 1046 5148 animas
1131 5093 1500 5161 immortales,
1585 5109 1710 5164 quae
1786 5109 1923 5162 prae-

335 5193 422 5237 ter
493 5194 746 5238 naturam
817 5187 873 5239 in
937 5185 1176 5255 peccatis
1252 5195 1381 5241 sunt
1449 5195 1710 5251 mortuae,
1782 5201 1925 5257 quo-

339 5275 507 5330 modo
565 5291 629 5330 cx
683 5285 1026 5331 mortuorum
1077 5277 1310 5331 naturali
1357 5279 1780 5345 resurrectione,
1813 5293 1924 5332 non

337 5366 684 5423 transferunt
766 5369 1186 5423 resurrectionis
1273 5370 1772 5427 denominationem
1870 5370 1926 5425 in

339 5461 683 5515 immortales
761 5460 1029 5515 animas?
1130 5458 1268 5514 Nam
1333 5463 1516 5531 potior
1597 5472 1681 5518 est
1769 5462 1927 5518 dida-

344 5550 562 5606 scalicis
628 5551 961 5620 metapbnris
1021 5566 1204 5605 rerum
1279 5554 1517 5618 veritas,
1579 5554 1724 5609 unde
1810 5556 1928 5624 ipsa

342 5642 666 5710 metaphora
727 5641 983 5696 sumitur.
1056 5639 1124 5695 Et
1177 5642 1223 5697 si
1275 5658 1554 5712 nunquam
1625 5643 1785 5700 Jesus
1861 5659 1928 5698 ex

346 5738 546 5784 natura
583 5747 692 5784 non
744 5732 1089 5788 exstantibus
1146 5733 1291 5804 capit
1329 5736 1733 5804 metaphoram,
1788 5750 1928 5803 quo-

345 5821 516 5875 modo
573 5835 638 5875 ex
687 5838 747 5878 ea
793 5839 913 5892 quae
953 5841 1238 5897 nunquam
1282 5826 1416 5894 fuit,
1470 5841 1527 5884 ut
1583 5843 1680 5885 vos
1726 5826 1927 5896 dicitis,

2094 3499 2159 3554 θ’.
2198 3501 2263 3555 Εἰ
2287 3501 2487 3570 γνώσει
2526 3503 2621 3556 καὶ
2671 3501 2854 3556 πίστει
2901 3500 3262 3566 διασώζονται
3317 3503 3370 3555 oi
3431 3503 3612 3557 Μανι-

2021 3595 2188 3662 χαῖοι,
2215 3593 2268 3646 τί
2295 3593 2557 3664 χρῄζουσι
2578 3595 2678 3666 τῆς
2698 3594 2786 3649 διὰ
2813 3593 2908 3649 τοῦ
2939 3595 3122 3649 ὲλαίου
3146 3593 3472 3666 σφραγίδοςς
3501 3595 3613 3649 Καὶ

2022 3687 2071 3739 εί
2096 3686 2318 3741 δυνατὸν
2348 3688 2588 3758 σωθῆναι
2611 3689 2740 3752 τοὺς
2773 3687 2913 3760 μετὰ
2943 3688 3201 3758 γνώσεως
3231 3692 3328 3743 καὶ
3367 3689 3612 3753 πίστεως

2021 3781 2323 3855 χρῄζοντας
2350 3787 2450 3856 τῆς
2483 3785 2572 3839 διά
2603 3785 2784 3840 ἐλαίου
2829 3785 3128 3858 σφραγῖδος
3147 3825 3162 3850 ,
3209 3784 3328 3848 πῶς
3352 3785 3614 3839 ἀδύνατον

2025 3874 2265 3945 σωθῆναι
2295 3877 2424 3940 τοὺς
2452 3878 2510 3930 ὲν
2549 3878 2732 3931 πίστει
2779 3877 2877 3931 καὶ
2922 3879 3126 3948 γνώσει
3181 3875 3509 3947 προσιόντας
3529 3871 3611 3943 τῷ

2021 3968 2110 4022 διὰ
2138 3967 2234 4021 τοῦ
2267 3967 2460 4032 ὓδατος
2492 3968 2865 4039 βαπτίσματι;

2097 4076 2149 4134 ι’.
2183 4078 2244 4130 Et
2282 4077 2360 4148 τῷ
2415 4077 2560 4146 λόγῳ
2603 4076 2706 4147 τῆς
2760 4076 2948 4141 οὐσίας
3009 4078 3185 4130 πᾶσαι
3245 4075 3386 4129 θεῖαι
3440 4072 3612 4143 ψυχαὶ

2021 4169 2224 4240 ὁμοίιος
2249 4170 2386 4222 είσὶν
2429 4169 2652 4238 ἀγαθαὶ,
2699 4171 2728 4222 6
2760 4168 2818 4222 δὲ
2866 4169 2966 4240 τῆς
3005 4169 3191 4232 ούσίας
3231 4167 3413 4222 αὐτῶν
3454 4166 3612 4234 λόγος

2022 4261 2135 4316 οὔτ’
2176 4262 2468 4334 ἀφαίρεσιν
2519 4261 2643 4316 ούτε
2701 4259 3022 4333 προσθήκην
3062 4261 3347 4332 ὑπομένει,
3397 4259 3612 4329 πρῶτον

2027 4355 2126 4426 μὲν
2157 4355 2276 4417 πῶς
2300 4354 2496 4423 ιίιγαθοὶ¹
2528 4353 2808 4422 γίγνονται
2849 4352 2940 4406 διὰ
2974 4353 3075 4422 τῆς
3106 4352 3310 4424 ἀρετῆς
3345 4351 3395 4405 οἱ
3431 4351 3608 4405 Μανι-

2024 4449 2167 4518 χαϊοι
2193 4463 2209 4511 ;
2240 4445 2433 4501 ἔπειτα
2460 4445 2516 4500 δὲ
2542 4444 2658 4509 πῶς
2694 4445 2749 4499 et
2767 4461 2878 4499 τινι
2905 4445 3051 4515 λόγῳ
3075 4442 3135 4509 ἐξ
3161 4443 3374 4514 ἀγαθῆς
3403 4441 3613 4512 γίνεται

2024 4537 2225 4610 κακὴή
2253 4538 2423 4609 ψυχὴ,
2459 4539 2560 4592 οὐκ
2589 4537 2888 4593 ἀπόλλυσιν
2916 4541 2982 4610 ἢν
3013 4539 3140 4607 ἔσχε
3170 4534 3364 4607 πρώην
3391 4534 3611 4600 ούσίαν;

2026 4632 2198 4687 Ούσία
2213 4631 2322 4703 γὰρ
2348 4631 2408 4684 τὸ
2427 4631 2633 4701 ἀγαθὸν
2658 4632 2753 4686 καὶ
2777 4633 2840 4686 τὸ
2863 4631 3033 4687 κακὸν
3055 4631 3178 4685 κατ’
3207 4628 3430 4693 αὐτούς.

2099 4915 2187 4972 ια’.
2223 4916 2286 4969 El
2311 4917 2375 4969 ὲκ
2405 4916 2506 4986 τῆς
2534 4915 2675 4970 κατὰ
2721 4915 2884 4985 φύσιν
2919 4913 3241 4985 σωματικῆς
3291 4910 3614 4983 νεκρὼσεως

2030 5005 2429 5077 μεταφέρουσιν
2474 5006 2530 5058 αἱ
2573 5005 2714 5058 θεῖαι
2743 5004 2959 5077 Γραφαὶ
3007 5003 3108 5076 τὴν
3154 5004 3254 5076 τῆς
3290 5002 3614 5075 νεκρώσεως

2027 5095 2420 5166 προσηγορίαν,
2465 5094 2558 5147 ἐπὶ
2601 5095 2711 5148 τῶν
2755 5095 3040 5149 ἀθανάτων
3079 5093 3268 5164 ψυχῶν
3308 5093 3420 5147 τῶν
3464 5094 3614 5165 παρὰ

2027 5185 2190 5253 φύσιν
2222 5187 2281 5239 ὲν
2320 5188 2620 5257 πταίσμασι
2654 5186 3099 5258 νενεκρωμένων,
3137 5185 3254 5251 πῶς
3283 5186 3385 5240 οὐκ
3419 5187 3485 5238 ὲκ
3514 5183 3616 5254 τῆς

2027 5277 2169 5331 κατὰ
2194 5277 2358 5346 φύσιν
2382 5276 2593 5348 νεκρῶν
2625 5277 2972 5340 ἀναστάσεως
3020 5275 3390 5348 μεταφέρουσι
3421 5275 3485 5328 τὸ
3515 5274 3613 5343 τῆς

2028 5370 2378 5433 ἀναστάσεως
2405 5369 2578 5440 ὄνομα
2602 5370 2694 5422 ἐπὶ
2721 5368 2831 5422 τῶν
2867 5368 3151 5424 ἀθανάτων
3208 5368 3432 5438 ψυχῶν;
3473 5369 3614 5437 Προ-

2029 5462 2244 5532 ηγεῖται
2275 5460 2384 5530 γὰρ
2427 5462 2548 5524 ταῖς
2594 5459 3003 5522 διδασκαλικαῖς
3051 5462 3384 5530 μεταφοραῖς
3423 5461 3456 5530 ἠ
3506 5456 3614 5511 τῶν

2030 5551 2370 5622 πραγμάτων
2401 5549 2650 5620 ἀλήθεια,
2689 5547 2749 5614 ἐξ
2779 5543 2854 5603 ὧν
2883 5550 2980 5605 καὶ
3009 5551 3042 5622 ἡ
3080 5549 3367 5621 μεταφορὰ
3407 5547 3615 5618 ἔκλαμ-

2031 5643 2273 5697 σάνεται.
2309 5643 2416 5697 Καὶ
2444 5645 2494 5696 εἰ
2519 5643 2670 5696 οὐδέν
2703 5658 2836 5695 ποτε
2861 5645 2890 5697 6
2931 5643 3136 5714 Ἰησοῦς
3182 5645 3248 5696 ὲκ
3283 5641 3392 5696 τῶν
3438 5640 3615 5710 πάντη

2031 5736 2172 5790 κατὰ
2198 5735 2360 5804 φύσιν
2388 5735 2462 5804 μὴ
2494 5732 2830 5803 γιγνομὲνων
2870 5738 3104 5789 ποιεῖται
3133 5734 3232 5805 τὴν
3277 5733 3611 5803 μεταφορὰν,

2033 5825 2149 5891 πῶς
2184 5829 2248 5882 ὲκ
2284 5827 2380 5897 τῆς
2425 5827 2638 5890 πάντως
2680 5824 2752 5896 μὴ
2797 5825 3087 5898 γινομένης
3122 5824 3331 5897 νεκρῶν
3377 5821 3614 5879 ἀναστά-
