4062 6430
284 419 408 498 373

1189 436 1644 497 DISPUTATIO
1666 438 1825 498 CUM
1854 437 2196 498 PHOTINO
2228 427 2662 498 MANICH/EO.

3483 427 3590 495 575

279 557 444 616 ’aew;
473 542 597 596 καθ’
629 545 775 615 ὑμᾶς
808 545 1108 615 μετέφερεν
1143 547 1234 599 ἐπὶ
1271 546 1460 617 ψυχῶν
1494 546 1594 616 τὴν
1629 546 1730 616 τῆς
1759 545 1889 599 άνα-

2002 555 2344 601 mortuorum
2403 545 2845 609 resurrectione,
2903 541 3185 599 transtulit
3233 542 3304 599 ad
3370 541 3586 600 animas

293 636 548 700 στάσεως
584 637 961 710 προσηγορίαν
983 656 998 703 ;

369 727 462 798 ιβ’.
497 729 559 781 ει
579 729 862 800 ἀληθεύων
894 731 923 782 ὁ
965 730 1178 802 Ἰησοῦς
1207 732 1401 785 ἑαυτὸν
1443 731 1732 802 ὠνόμασεν
1760 731 1892 786 Υίδν

269 878 393 1000 ἷτοῦ
418 878 750 983 ἀνθρωπους
782 914 894 969 Kai.
925 878 1108 969 είόὒκ
1153 914 1436 986 ἀληθεύων
1467 915 1664 971 ἑαυτὸν
1698 916 1893 971 ἐκάλε-

285 1017 390 1056 σεν
431 1001 566 1056 Υίὺν
594 1002 905 1075 ἀνθρώπου,
955 1004 1077 1069 πῶς
1112 1005 1394 1076 ἀληθεύων
1443 1005 1730 1077 ὠνόμασεν
1764 1005 1896 1059 Υίδν

281 1093 390 1148 τοῦ
417 1092 561 1147 Θεοῦ
613 1095 834 1162 ἐαυτόν;
887 1095 952 1149 Ei
983 1095 1031 1149 δ’
1061 1093 1344 1166 ἀληθεύων
1390 1096 1656 1166 ἑκάτερον
1699 1095 1895 1150 ἑαυτὸν

284 1183 508 1253 ελεγεν,
537 1183 654 1250 πῶς
677 1187 777 1240 οὐκ
804 1187 955 1240 εστιν
987 1187 1152 1251 αὐτὸς
1181 1187 1482 1258 ὲκάτερον;
1620 1177 1625 1188 ’

363 1283 460 1345 ιγ’.
500 1278 565 1331 Ei
587 1277 771 1343 καλῶς
800 1281 829 1332 ὁ
873 1277 1084 1350 Ἰησοῦς
1119 1279 1324 1350 μετιὼν
1366 1278 1424 1332 ἐν
1469 1294 1582 1332 τισι
1615 1276 1716 1349 τὴν
1761 1277 1895 1331 Ἰου-

283 1368 490 1439 δαῖκὴν
518 1368 810 1438 συνήθειαν
829 1369 1077 1422 ἐδίδασκε
1107 1370 1237 1434 τοὺς
1262 1367 1608 1440 ἀνθρώπους,
1640 1366 1762 1430 πῶς
1787 1367 1890 1420 οὐκ

286 1461 502 1529 ἀγαθὸς
529 1463 559 1514 ὀ
585 1460 778 1515 τούτου
812 1463 964 1534 Πατὴ
974 1479 1025 1532 ρ,
1052 1461 1112 1525 ὃς
1132 1463 1234 1534 τὴν
1263 1462 1375 1516 τῶν
1409 1460 1658 1515 παλαιῶν
1696 1475 1824 1530 μετε
1834 1475 1895 1530 ρ-

287 1553 530 1623 χὸμενος
573 1552 884 1621 συνήθειαν,
926 1553 1385 1624 ἐπαιδαγώγησεν
1427 1553 1557 1616 τοὺς
1601 1551 1892 1622 Ἐϐραίους

286 1645 432 1711 πρὸς
477 1643 804 1710 εὐσέσειαν;
838 1645 950 1699 Kai.
990 1647 1040 1699 εί
1091 1645 1518 1717 ὑπεξῃρημένης
1541 1647 1642 1715 τῆς
1668 1644 1777 1698 τῶν
1807 1643 1894 1696 δεο

286 1737 544 1808 κομένων
598 1737 925 1808 νηπιότητος
973 1737 1099 1790 λίαν
1151 1739 1333 1806 ἀγαθά
1383 1738 1453 1791 τά
1493 1737 1764 1790 ὑπόλοιπα
1793 1735 1892 1806 τῆς

287 1830 542 1894 Παλαιᾶς
568 1830 866 1902 Διαθήκης,
908 1829 1026 1896 πῶς
1048 1832 1110 1885 οὐ
1145 1830 1238 1886 τοῦ
1273 1829 1485 1902 ἀγαθοῦ
1519 1828 1656 1885 Θεοῦ
1684 1830 1890 1901 ἐστινὴ

289 1922 514 1978 Παλαιὰ
543 1922 790 1994 Διαθὴκη
818 1941 836 1991 ;

371 2017 455 2071 ιδ’.
474 2017 536 2070 Et
556 2016 620 2070 οὐ
651 2017 978 2085 σφάλλονται
1008 2016 1060 2071 oi
1087 2016 1382 2088 Μανιχαῐοι
1411 2015 1668 2086 λέγοντες
1697 2016 1781 2070 ὅτι
1805 2015 1890 2070 δεῖ

305 2107 406 2178 τὴν
430 2106 571 2160 θείαν
600 2106 794 2161 οὐσίαν
837 2107 954 2178 ῆτοι
990 2108 1093 2178 τὴν
1131 2107 1196 2160 ἐκ
1227 2105 1332 2176 τῆς
1364 2103 1516 2170 θείας
1561 2104 1749 2166 οὐσίας
1788 2103 1892 2174 ψυ-

296 2199 405 2269 χὴν
431 2196 800 2270 παραδοθῆναι
833 2199 899 2268 τῇ
923 2196 1131 2268 αἰωνίῳ
1160 2195 1382 2251 κολάσει
1420 2196 1563 2267 ὑπὲρ
1603 2195 1716 2250 τῶν
1763 2197 1888 2250 κατ’

286 2290 537 2360 ἀνάγκην
563 2290 1008 2362 ἁμαρτημάτων,
1039 2289 1158 2354 πῶς
1193 2287 1524 2359 σφάλλονται
1553 2288 1604 2342 oi.
1627 2290 1727 2360 τῆς
1750 2288 1890 2360 ἅλη-

287 2381 442 2446 θείας
478 2381 664 2445 παῖδες
707 2382 1011 2450 φάσκοντες
1043 2381 1128 2434 ὅτι
1161 2381 1269 2452 χρὴ
1313 2381 1444 2444 τοὺς
1481 2381 1626 2434 κατὰ
1667 2380 1890 2450 ποίησιν

285 2479 392 2548 μὲν
431 2478 542 2531 ὑπὸ
567 2477 705 2530 Θεοῦ
755 2476 1182 2549 γεγενημένους,
1215 2477 1574 2546 αὐθαιρέτους
1608 2476 1668 2530 δὲ
1702 2477 1888 2547 ἁμαρ-

281 2569 569 2639 τήσαντας
598 2568 956 2644 κολάζεσθαις
991 2569 1102 2622 Kai.
1127 2570 1177 2622 εί
1204 2569 1412 2622 δίκαιον
1443 2569 1624 2636 λέγειν
1653 2568 1736 2621 ὅτι
1765 2567 1885 2620 ἐστι

279 2661 445 2724 τέλος
479 2662 582 2732 τῆς
609 2661 718 2715 τῶν
740 2661 927 2715 κακῶν
973 2661 1268 2724 κολάσεως,
1323 2660 1443 2724 πῶς
1492 2659 1677 2714 ἄδικον
1712 2661 1890 2713 είπεϊν

281 2748 424 2806 εἶναι
452 2751 610 2816 τέλος
632 2753 732 2824 τῆς
764 2753 954 2824 ψυχῶν
985 2770 1043 2806 τε
1080 2753 1175 2807 καὶ
1205 2752 1476 2824 σωμάτων
1506 2751 1816 2816 κολάσεως;

360 2853 446 2900 ιε’.
480 2847 545 2900 Ei
577 2847 726 2917 κακὴ
757 2849 790 2917 ὴ
822 2847 1060 2916 γένεσις,
1082 2846 1200 2910 πῶς
1227 2847 1328 2899 οὐκ
1371 2843 1553 2917 ἀγαθὴ
1599 2845 1633 2914 ἠ
1668 2841 1888 2914 φθοράς

285 2938 400 2993 Καὶ
432 2939 485 2991 ει
515 2939 732 3008 πονηρά
753 2940 788 3008 ἡ
819 2937 1051 3008 αῦξησις
1077 2977 1092 3002 ,
1123 2936 1242 3000 πῶς
1281 2938 1344 2991 οὐ
1374 2936 1516 3007 καλὴ
1546 2937 1580 3008 ὴ
1617 2933 1844 3006 μείωσις
1870 2949 1886 3000 ;

285 3031 401 3086 Καὶ
425 3031 478 3083 εί
511 3029 661 3101 κακὴ
685 3031 719 3100 ἠ
745 3029 944 3102 φθορὰ,
984 3029 1102 3094 πῶς
1143 3030 1206 3083 οὐ
1249 3029 1392 3099 καλὴ
1419 3029 1453 3100 ἡ
1487 3027 1744 3097 γένεσις;
1776 3027 1891 3080 Kal.

283 3123 334 3174 εἰ
363 3119 585 3192 πονηρὰ
614 3121 648 3191 ἡ
674 3122 924 3190 μείωσις,
947 3119 1067 3184 πῶς
1093 3120 1195 3173 οὐκ
1216 3118 1396 3190 ἀγαθὴ
1421 3119 1456 3189 ἡ
1478 3116 1746 3188 αὔξησιςς
1776 3117 1890 3171 Καὶ

285 3217 333 3267 εί
356 3213 641 3284 ινδέχεται
672 3213 844 3268 κακδν
870 3209 1012 3268 εἷναί
1045 3229 1101 3266 τι
1128 3211 1379 3282 γίνεσθαι
1413 3211 1510 3265 καὶ
1537 3209 1887 3281 φθείρεσθαι,

282 3307 622 3374 αὐξάνεσθαί
647 3325 709 3361 τε
739 3308 834 3363 καὶ
869 3306 1154 3379 μειοῦσθαι
1181 3306 1404 3360 ἐναντία
1449 3300 1592 3359 εἶναι
1625 3303 1884 3376 ἀλλήλοις

286 3400 384 3471 τὴν
413 3400 636 3464 οὐσίαν,
679 3400 798 3454 εἰπὲ
835 3399 928 3454 διὰ
970 3398 1025 3454 τί
1061 3398 1163 3453 οὐκ
1211 3397 1489 3468 ἐνδέχεται
1517 3397 1581 3452 τό
1617 3414 1680 3452 τε
1723 3396 1892 3454 καλὸν

286 3490 382 3544 καὶ
410 3490 479 3545 τὸ
507 3491 681 3546 κακὸν
712 3489 857 3547 κατά
881 3506 935 3544 τι
963 3487 1104 3544 εἶναι
1132 3487 1399 3543 ἐπαινετά
1422 3505 1438 3554 ;

356 3761 461 3820 ις’.
489 3755 552 3808 Ei
583 3754 704 3809 duci.
745 3755 966 3825 δεσμοῖς
998 3755 1306 3810 συνδεδεται
1329 3750 1466 3810 οὖσα
1507 3757 1565 3810 ὲν
1593 3754 1810 3828 σώματι
1850 3757 1885 3827 ἡ

285 3847 410 3903 θεία
440 3846 613 3918 ψυχὴ,
653 3847 737 3901 ἑνὶ
767 3848 869 3918 μὲν
889 3848 968 3919 τῷ
994 3849 1279 3920 ἀσωμάτῳ
1301 3847 1459 3919 κακῴ
1502 3850 1745 3918 συμφυεῖ
1773 3850 1889 3913 τοῖς

291 3941 568 4012 σώμασιν,
599 3940 682 3994 ἑνὶ
703 3940 760 3994 δὲ
781 3939 861 4012 τῷ
891 3939 1104 4012 σώματι
1125 3941 1296 4012 αὐτῷ,
1328 3941 1688 4012 ἀνεκτότερον
1715 3940 1773 3994 δὲ
1802 3939 1889 3994 ἑνὶ

289 4031 642 4088 συνδεδέσθαι
671 4033 856 4104 δεσμῷ
883 4034 915 4104 ἢ
945 4033 1119 4099 δυσὶν,
1141 4033 1218 4098 ὡς
1245 4035 1517 4104 μαρτυρεί
1539 4031 1617 4104 τῷ
1657 4031 1889 4103 λεγομέ-

285 4142 362 4194 νῳ
386 4126 460 4178 τὰ
487 4125 822 4196 πράγματα’
856 4124 974 4189 πῶς
996 4125 1056 4178 οὐ
1085 4124 1269 4190 καλῶς
1298 4125 1542 4179 ποιοῦσιν
1566 4127 1614 4178 oi
1635 4123 1889 4192 φονεύον-

282 4235 376 4282 τες
405 4218 587 4286 ἄλογά
630 4234 691 4271 τε
755 4217 891 4282 ζῶα,
929 4221 1024 4272 καὶ
1068 4217 1396 4289 ἀνθρώπους
1442 4217 1889 4282 κατακόπτοντες

284 4310 362 4373 ὡς
387 4308 467 4363 τὰ
489 4307 668 4377 φυτάς
708 4307 1034 4362 ’Δπολύουσι
1063 4307 1175 4380 γὰρ
1202 4307 1304 4380 τὴν
1331 4307 1511 4379 ψυχὴν
1535 4308 1654 4371 ἑνὸς
1681 4306 1886 4379 δεσμοῦ

285 4401 380 4453 καὶ
397 4399 854 4470 καταπονήσεως.
887 4398 998 4452 Καὶ
1025 4401 1074 4453 εί
1096 4397 1408 4454 συνδεδεται
1431 4401 1501 4470 τῇ
1531 4398 1633 4472 ὕλη
1659 4401 1692 4472 ἡ
1715 4398 1884 4471 ψυχὴν

283 4493 514 4565 πρῶτον
546 4492 647 4562 μὲν
679 4492 798 4557 πῶς
834 4491 1035 4562 δεσμὸς
1066 4495 1132 4566 τῇ
1177 4493 1281 4568 ὕλῃ
1315 4495 1739 4566 παραγενομένη
1773 4496 1889 4549 τοὺ·

284 4586 506 4685 ναντίον
537 4584 928 4685 πριθέὸληται
973 4584 1194 4685 decuti);
1235 4586 1429 4640 ἔπειτα
1467 4587 1526 4641 δὲ
1575 4587 1698 4651 πῶς
1729 4589 1880 4661 άπλῆ
1917 4629 1964 4685 D

284 4674 426 4732 οὖσα
455 4677 556 4749 τὴν
582 4677 793 4744 οὐσίαν,
829 4678 952 4732 κατ’
979 4677 1228 4751 ἀνάγκην
1259 4678 1568 4735 συνδέδεται
1619 4679 1833 4751 σώματι
1865 4697 1882 4748 ;

287 4771 406 4824 Πᾶν
439 4767 552 4840 γάρ
601 4769 702 4841 τὴν
757 4770 949 4824 οὐσίαν
1009 4769 1258 4842 ὑπάρχον
1315 4772 1547 4838 ἁπλοῦν,
1600 4771 1698 4827 τοῦ
1764 4775 1888 4829 κατ’

283 4861 542 4933 ἀνάγκην
583 4861 870 4934 ἐλεύθερον
911 4862 1136 4932 δεσμοῦ.
1173 4863 1308 4935 Περὶ
1355 4864 1566 4920 τούτων
1603 4863 1705 4937 τὴν
1754 4866 1888 4937 παρ’

287 4953 451 5026 span;
482 4954 776 5026 ἀπόκρισιν
797 4955 1072 5026 ἀναμένω.

704 5152 846 5222 Περὶ
876 5153 986 5209 τοῦ
1016 5153 1204 5220 ὄντως
1233 5154 1480 5225 ἀγαθοῦ.

357 5262 438 5319 To
472 5262 679 5332 ἀγαθὸν
721 5263 816 5316 ἐπὶ
856 5264 993 5318 Θεοῦ
1033 5265 1192 5320 οὐσία
1233 5265 1516 5336 τυγχάνει,
1557 5264 1653 5318 ἐπὶ
1689 5263 1746 5318 δὲ
1776 5265 1888 5319 τῶν

287 5355 540 5428 γενητῶν
571 5355 827 5427 ἐνέργειά
847 5357 931 5420 τίς
973 5359 1089 5410 ἐστι
1132 5357 1262 5429 περὶ
1305 5357 1366 5410 τὸ
1403 5357 1561 5420 ἐκτὸς
1599 5357 1884 5429 γινομένη,

288 5450 387 5503 καὶ
431 5447 783 5518 συμϐεϐηκὸς
845 5449 1082 5520 ὑπάρχει
1127 5448 1217 5502 διὰ
1261 5448 1514 5520 πράξεων
1565 5449 1597 5519 ἢ
1653 5449 1887 5521 θεωρίας

287 5540 754 5612 κατορθούμενον.
793 5540 904 5594 Καὶ
935 5542 1024 5594 διὰ
1074 5541 1328 5614 πράξεως
1377 5541 1477 5612 μὲν
1523 5542 1886 5613 κατορθοῦσιν

286 5630 570 5704 ἄνθρωποι
629 5631 796 5702 σαρκὶ
855 5630 1128 5696 συξῶντες
1181 5631 1247 5684 τὸ
1289 5630 1493 5700 ἀγαθόν
1518 5645 1532 5662 ο
1572 5632 1629 5684 αἱ
1671 5630 1728 5684 δὲ
1773 5647 1888 5683 νοε-

292 5726 386 5796 pa“.
448 5723 734 5792 δυνάμεις,
781 5721 871 5776 διὰ
910 5721 1145 5794 θεωρίας
1180 5723 1276 5778 καὶ
1331 5721 1662 5794 προσευχῆς.
1733 5723 1887 5776 Ἐπεὶ

285 5811 412 5868 οὖν
469 5811 821 5882 συμὸεόηκός
925 5814 1073 5866 ἐστιν
1162 5814 1222 5866 τὸ
1286 5811 1490 5881 ἀγαθὸν
1594 5811 1687 5866 ἐπὶ
1772 5811 1883 5865 τῶν

286 5907 560 5980 γενητῶν,
595 5906 812 5971 πάντως
847 5905 937 5960 ἐπὶ
961 5905 1168 5962 τούτων
1200 5905 1294 5961 καὶ
1347 5904 1670 5976 προτερεύει
1710 5904 1770 5960 τὸ
1809 5898 1884 5958 εἶ-

283 817 392 872 τοῦ
421 818 585 885 Θεοῦ,
613 819 734 884 πῶς
761 821 864 874 οὐκ
898 820 1180 893 ἀληθεύων
1207 822 1400 876 ἑαυτὸν
1448 823 1708 878 ἐκάλεσεν
1763 823 1912 878 Υίὸνο

1997 637 2420 692 resurrectionis
2475 634 2891 706 metaphoram?

2066 729 2154 783 12.
2202 727 2259 783 Si
2292 728 2559 784 veraciter
2588 727 2751 783 Jesus
2788 725 2883 782 Dei
2918 725 3118 782 Filium
3158 742 3218 784 se
3257 727 3585 794 nominavit,

1991 818 2182 889 quidni
2254 818 2384 874 item
2437 820 2704 875 veraciter
2757 833 2818 876 se
2880 817 3082 874 Filium
3137 818 3376 875 hominis
3439 835 3587 874 nun-

1992 909 2321 980 cupaverit?
2372 907 2440 966 Et
2503 911 2550 967 si
2611 926 2723 966 non
2781 911 3047 966 veraciter
3092 910 3293 967 Filium
3356 926 3417 967 se
3480 913 3586 966 bo-

1995 1002 2162 1057 minis
2215 1002 2374 1070 dixit,
2435 1002 2713 1073 quomodo
2772 1003 3041 1059 veraciter
3097 1019 3160 1060 se
3228 1003 3426 1059 dixerit
3487 1002 3585 1058 Dei

1995 1090 2243 1149 Filium?
2269 1093 2429 1162 Quod
2487 1095 2535 1150 si
2602 1094 2925 1150 alterutrum
2987 1109 3046 1151 se
3088 1094 3226 1151 dixit
3269 1094 3582 1162 veraciter,

1994 1203 2096 1243 cur
2149 1201 2258 1242 non
2317 1194 2619 1257 utrumque
2682 1187 2824 1242 idem
2875 1189 2985 1244 sit?

2068 1281 2155 1334 l3.
2227 1278 2289 1336 Si
2351 1279 2612 1350 praeclare
2671 1277 2830 1336 Iesus
2887 1280 2941 1335 in
3007 1280 3286 1335 nonnullis
3350 1295 3586 1350 sequens

1994 1371 2278 1428 Judaicam
2313 1370 2769 1428 consuetudinem
2835 1373 3086 1428 homines
3134 1372 3356 1438 docuit,
3391 1372 3584 1442 quidni

1995 1465 2175 1520 bonus
2236 1464 2402 1519 fuerit
2455 1464 2621 1533 huius
2683 1465 2868 1529 Pater,
2931 1467 3025 1535 qui
3067 1466 3369 1532 priscorum
3427 1465 3588 1520 obse-

1995 1557 2244 1611 cundans
2323 1556 2754 1622 consuetudini,
2806 1555 3066 1612 Hebraeos
3136 1557 3204 1610 ad
3265 1557 3584 1626 religionem

1994 1649 2273 1705 instituit?
2343 1649 2411 1704 Et
2471 1649 2517 1705 si
2573 1660 2801 1720 excepta
2867 1649 3180 1704 auditorum
3238 1649 3586 1718 puerilitate,

1994 1742 2141 1796 bona
2212 1741 2371 1797 valde
2443 1750 2599 1797 erant
2674 1742 2880 1811 reliqua
2951 1739 3162 1796 Veteris
3207 1741 3584 1805 Testamenti,

1994 1849 2094 1890 cur
2159 1849 2271 1891 non
2324 1835 2398 1890 sit
2453 1849 2486 1889 a
2543 1835 2689 1891 bono
2741 1833 2856 1890 Dco'
2907 1831 3076 1889 Vetus
3133 1831 3588 1888 Testamentum?

2067 2012 2154 2070 14.
2205 2011 2264 2068 Si
2298 2028 2409 2070 non
2440 2022 2629 2070 errant
2658 2011 2944 2070 Manichaei
2995 2011 3125 2067 dum
3181 2010 3369 2077 aiunt,
3419 2023 3585 2077 opor-

1996 2109 2107 2158 tere
2152 2102 2394 2159 divinam
2433 2103 2832 2170 substantiam,
2878 2117 2974 2159 seu
3021 2100 3262 2157 animam
3307 2115 3372 2156 ex
3400 2098 3587 2154 divina

1995 2194 2306 2250 substantia
2376 2203 2757 2260 constantem,
2820 2194 2962 2250 tradi
3035 2203 3243 2249 aeterno
3319 2191 3588 2262 supplicio

1993 2295 2214 2358 propter
2282 2296 2502 2359 peccata
2558 2287 2878 2343 necessario
2927 2286 3259 2352 commissa,
3309 2284 3590 2356 quomodo

1993 2384 2180 2430 errant
2260 2375 2506 2432 veritatis
2583 2374 2702 2436 ﬁlii.
2764 2375 2895 2432 dum
2969 2373 3243 2440 allirmant
3328 2380 3588 2442 oportere

1993 2465 2246 2521 homines
2305 2481 2334 2522 a
2391 2465 2504 2522 Deo
2566 2467 2788 2538 quidem
2841 2467 3038 2532 factos,
3094 2466 3188 2522 sed
3249 2464 3586 2519 voluntarios

1991 2569 2340 2630 peccatores,
2410 2559 2638 2630 puniri?
2711 2559 2780 2614 Et
2839 2558 2885 2614 si
2945 2558 3094 2630 juste
3160 2557 3362 2612 dicitur
3419 2556 3582 2611 linem

1991 2666 2115 2706 esse
2143 2651 2397 2721 supplicii
2423 2650 2788 2720 peccantium,
2813 2648 3086 2720 quomodo
3132 2646 3334 2714 injuste
3371 2645 3584 2700 dicetur

1993 2743 2160 2797 tinem
2199 2757 2324 2798 esse
2367 2743 2675 2797 animarum
2719 2750 2773 2797 et
2803 2755 3095 2808 corporum
3129 2737 3425 2808 supplicii?

2066 2830 2153 2885 15.
2219 2830 2276 2885 Si
2333 2834 2477 2886 mala
2527 2843 2610 2888 est
2667 2831 2970 2903 generatio,
3035 2830 3314 2900 quomodo
3371 2841 3480 2883 non
3515 2827 3588 2883 sit

1991 2921 2134 2977 bona
2189 2923 2516 2994 corruptio?
2560 2923 2628 2979 Et
2688 2925 2736 2980 si
2789 2925 2992 2978 malum
3025 2932 3109 2978 est
3162 2922 3585 2984 incrementum,

1991 3013 2188 3084 quidni
2235 3014 2309 3069 sit
2362 3017 2627 3085 praeclara
2685 3015 3019 3070 diminutio?
3075 3012 3141 3068 Et
3193 3014 3240 3067 si
3309 3013 3451 3067 mala
3501 3021 3590 3067 est

1995 3104 2303 3173 eorrupu'o,
2353 3104 2546 3176 quidni
2589 3104 2732 3160 bona
2784 3105 2857 3158 sit
2904 3101 3222 3174 generatio?
3258 3100 3326 3156 Et
3362 3102 3408 3156 si
3441 3100 3584 3154 mala

1994 3205 2079 3251 est
2110 3196 2436 3263 diminutio,
2489 3196 2680 3268 quidni
2745 3196 2819 3253 sit
2892 3195 3094 3251 bonum
3151 3191 3589 3249 incrementum?

1993 3289 2063 3345 Et
2111 3289 2158 3343 si
2185 3289 2524 3345 admittimus
2557 3289 2761 3345 malum
2799 3303 2924 3346 esse
2967 3286 3226 3358 aliquod.
3279 3285 3585 3354 corrumpi,

1993 3396 2273 3446 crescere,
2339 3382 2554 3447 minui,
2601 3381 2880 3436 contraria
2951 3393 3076 3436 esse
3132 3377 3366 3432 invicem
3403 3375 3586 3447 quoad

1995 3473 2392 3538 substantiam,
2473 3474 2564 3529 dic
2649 3488 2754 3528 cur
2838 3487 2949 3528 non
3039 3471 3113 3526 sit
3191 3468 3590 3525 admittendum

1992 3563 2198 3620 bonum
2268 3574 2324 3619 et
2383 3564 2589 3618 malum
2671 3562 2974 3620 secundum
3053 3560 3186 3632 quid
3263 3573 3389 3615 esse
3463 3558 3588 3613 lau-

1993 3655 2264 3800 dafiilfagi
2308 3743 2525 3799 duobus
2574 3741 2809 3796 vinculis
2872 3739 3162 3808 colligatur
3215 3739 3344 3793 dum
3407 3747 3493 3792 est
3523 3736 3580 3791 in

1992 3851 2225 3906 corpore
2277 3835 2463 3890 divina
2524 3833 2744 3895 anima,
2812 3845 2922 3886 uno
2975 3831 3194 3900 quidem
3261 3832 3592 3898 incorporeo

1991 3927 2138 3982 malo
2188 3925 2532 3982 t-onnatnrali
2595 3923 2951 3992 corporibus,
3025 3921 3197 3976 altero
3240 3929 3421 3974 autem
3463 3932 3588 3973 cor-

1991 4034 2123 4090 pore
2199 4019 2355 4088 ipso;
2427 4032 2554 4072 cum
2622 4017 2695 4070 sit
2773 4013 3114 4068 tolerabilius
3182 4027 3292 4066 uno
3360 4010 3590 4066 vinculo

1990 4125 2155 4181 quam
2223 4110 2441 4164 duobus
2487 4107 2728 4177 alligari,
2784 4113 2842 4160 ut
2876 4105 3017 4161 iacta
3089 4103 3252 4159 dictis
3316 4111 3586 4158 attestan-

1989 4210 2120 4265 tur,
2174 4200 2369 4270 quidni
2437 4198 2654 4268 egregie
2717 4195 2925 4251 Iaciunt
2981 4195 3074 4264 qui
3128 4193 3385 4249 occidunt
3446 4194 3586 4247 irra-

1989 4290 2213 4346 tionalia
2247 4289 2569 4353 animantia,
2603 4296 2654 4344 et
2711 4289 2806 4358 qui
2857 4286 3108 4342 homines
3148 4285 3366 4341 cazdunt
3410 4285 3585 4340 instar

1991 4383 2302 4437 arborum?
2363 4379 2598 4436 Solvunt
2659 4379 2805 4435 enim
2886 4377 3130 4432 animam
3203 4392 3313 4433 uno
3361 4379 3589 4434 vinculo

1989 4483 2044 4532 et
2111 4475 2426 4532 aﬂlictione.
2491 4472 2560 4528 Et
2613 4472 2663 4528 si
2743 4471 3000 4543 alligatur
3055 4470 3297 4526 materia:
3365 4471 3580 4538 anima,

1992 4569 2237 4641 primum
2278 4568 2499 4641 quidem
2553 4565 2830 4638 quomodo
2883 4580 3012 4620 cum
3061 4565 3134 4620 sit
3184 4565 3299 4636 ipsa
3339 4564 3588 4622 materia

1990 4662 2295 4729 vinculum,
2322 4660 2512 4716 eadem
2543 4667 2740 4717 contra
2793 4657 3012 4714 vinculo
3059 4657 3350 4728 alligatur?
3377 4657 3586 4715 Deinde

1991 4769 2117 4810 cum
2160 4753 2232 4809 sit
2285 4751 2589 4808 substantia
2655 4751 2922 4822 simplex,
2971 4765 3071 4807 cur
3107 4761 3296 4807 coacte
3360 4751 3588 4810 vinculo

1989 4845 2284 4916 alligatur?
2338 4843 2616 4915 Quidquid
2661 4845 2812 4900 enim
2873 4851 3066 4915 suapte
3099 4852 3298 4900 natura
3349 4844 3584 4917 simplex

1988 4950 2110 5005 est,
2162 4937 2315 4992 omni
2377 4937 2692 4994 necessario
2763 4937 2988 4993 vinculo
3041 4937 3274 4994 liberum
3338 4947 3446 4994 est;
3497 4937 3587 4996 Ad

1989 5031 2106 5087 haec
2141 5046 2464 5101 responsum
2522 5038 2766 5087 vestrum
2803 5039 3081 5100 exspecto.

2649 5144 2726 5199 De
2765 5146 2921 5200 bona.

2061 5259 2272 5317 Bonum
2309 5259 2363 5315 in
2415 5259 2527 5316 Deo
2565 5260 2874 5316 substantia
2923 5269 3027 5327 est,
3063 5259 3116 5314 in
3153 5257 3421 5315 creaturis
3447 5271 3586 5328 ope-

1992 5353 2137 5408 ratio
2167 5353 2418 5422 quaadam
2449 5353 2714 5419 exterior,
2749 5363 2804 5407 et
2828 5363 2914 5408 est
2944 5352 3271 5422 contingens
3310 5349 3586 5407 rectitudo

1991 5455 2211 5502 actuum
2236 5445 2318 5500 vel
2347 5445 2720 5516 cogitationis.
2747 5444 2813 5499 Et
2841 5454 2966 5499 actu
2990 5443 3212 5514 quidem
3246 5449 3391 5497 recte
3414 5449 3583 5510 agunt

1991 5538 2242 5594 homines
2272 5536 2401 5591 dum
2433 5537 2487 5591 in
2513 5552 2678 5592 carne
2698 5537 2955 5592 'viventes
2979 5536 3181 5589 bonum
3207 5539 3462 5587 exercent
3490 5552 3498 5585 τ
3526 5537 3583 5585 at

1990 5631 2389 5688 intellectuales
2423 5629 2656 5685 virtutes
2687 5645 2781 5699 per
2810 5624 3330 5696 contemplationem
3365 5629 3420 5678 et
3449 5636 3580 5676 ora-

1991 5725 2217 5779 tionem.
2270 5722 2542 5790 Quoniam
2609 5721 2774 5792 igitur
2828 5719 3149 5786 contingens
3191 5725 3275 5770 cst
3317 5715 3372 5769 in
3416 5713 3584 5771 rebus

1990 5816 2190 5870 creatis
2239 5814 2474 5878 bonum,
2523 5812 2751 5867 omnino
2799 5811 2852 5864 in
2897 5809 2981 5864 bis
3023 5807 3280 5879 praecedit
3310 5821 3435 5862 esse
3483 5806 3580 5860 bo-

1992 5908 2388 5978 num.0portet
2407 5905 2553 5961 enim
2580 5905 2781 5962 bonum
2803 5905 2966 5961 veluti
2997 5919 3117 5960 csse
3135 5903 3259 5960 loco
3286 5899 3576 5975 propositi,
