4062 6482
365 435 474 499 575

1665 427 1896 488 PAULI
1918 422 2372 487 CHRISTIANI

3554 401 3666 467 576

368 556 430 606 ut
458 548 540 606 sic
569 548 899 620 contingens
933 547 988 602 in
1026 547 1146 616 ipso
1190 552 1472 608 cernatur,
1521 541 1636 598 sive
1677 541 1732 594 id
1763 539 1951 610 sejun-
1981 554 1996 598 Α

2100 553 2142 589 ιι
2168 536 2229 587 τὸ
2251 531 2454 602 ἀγαθόν
2483 546 2495 560 ·
2528 529 2608 583 δεῖ
2643 527 2752 598 γὰρ
2784 526 2846 580 τὸ
2873 520 3014 581 εἶναι
3060 523 3122 578 τὸ
3159 522 3388 594 ἀγαθὸν,
3427 521 3547 620 ἦτοι
3593 519 3660 574 τὸ

369 650 514 696 ctum
543 640 615 696 sit
637 640 751 695 sive
787 654 965 694 secus.
1003 637 1108 692 Sed
1138 645 1320 692 tamen
1359 633 1508 706 quod
1544 633 1742 688 attinet
1773 631 1841 688 ad
1876 632 1961 686 in-

314 759 324 822 }
369 739 613 787 creatam
654 729 846 795 Deum,
889 729 1146 798 quoniam
1190 741 1408 796 semper
1443 732 1530 780 est
1569 723 1738 788 Deus,
1784 723 1964 778 bonus

370 837 592 893 quoque
614 835 834 891 semper
853 828 954 874 est.
983 817 1102 873 Non
1127 818 1274 872 enim
1312 816 1460 873 aliud
1490 823 1576 872 est
1596 815 1652 870 in
1679 827 1746 869 eo
1775 829 1968 870 essen-

373 914 488 978 tia,
533 913 681 967 aliud
729 911 983 976 bonitas;
1017 909 1123 965 sed
1159 909 1274 979 ipsa
1306 908 1545 965 essentia
1591 907 1758 963 habet
1805 906 1967 962 honi-

377 1009 570 1056 tatem.
600 1000 743 1070 Ergo
775 1015 844 1053 ex
880 999 1048 1054 dictis
1080 998 1435 1055 manifestum
1467 1007 1572 1062 est,
1611 997 1815 1051 malum
1855 1011 1965 1051 non

375 1106 497 1146 esse
542 1089 651 1143 Deo
679 1089 996 1158 Oppositum
1043 1089 1136 1160 qui
1167 1089 1609 1145 substantialiter
1637 1089 1816 1144 bonus
1848 1097 1966 1154 est;

375 1195 503 1235 nam
541 1179 871 1234 substantiae
904 1179 1043 1234 nihil
1075 1195 1305 1250 prorsus
1339 1179 1657 1250 opponitur.
1699 1179 1805 1235 Sed
1833 1194 1970 1235 con-

379 1270 610 1341 tingenti
647 1270 815 1336 bono,
853 1271 1000 1341 quod
1031 1272 1085 1325 in
1116 1272 1312 1327 creatis
1341 1273 1622 1340 cernitur,
1677 1271 1972 1344 opponitur

376 1362 608 1416 malum.
634 1359 774 1417 Nam
798 1363 946 1434 quod
975 1363 1124 1420 malo
1158 1371 1286 1420 actu
1311 1363 1393 1431 fit,
1419 1364 1718 1436 opponitur
1746 1365 1795 1422 ei
1825 1365 1975 1436 quod

379 1455 526 1510 bono
556 1463 684 1510 actu
723 1454 803 1510 fit.

963 1791 1036 1847 De
1069 1794 1398 1863 operatione.

454 1944 650 2002 Omnis
696 1947 944 2018 operatio
973 1929 1030 2004 in
1059 1963 1127 2005 eo
1155 1949 1278 2021 ipso
1315 1951 1460 2020 quod
1491 1949 1550 2006 fit
1591 1952 1757 2007 habet
1784 1968 1979 2008 essen-

385 2039 558 2103 tiam,
612 2055 852 2111 namque
901 2050 1027 2098 ante
1064 2043 1348 2113 operantis
1384 2050 1596 2099 motmn
1638 2045 1754 2101 sive
1795 2056 1982 2100 actum

385 2132 633 2201 operatio
677 2149 786 2188 non
837 2135 1111 2204 subsistit,
1157 2152 1338 2208 neque
1367 2146 1494 2208 post
1538 2146 1722 2194 actum
1760 2148 1980 2208 manet;

385 2231 600 2278 tantum
635 2226 751 2279 rem
782 2236 1060 2296 peractam
1089 2243 1472 2298 saepenumero
1501 2229 1569 2284 ad
1596 2241 1752 2284 actus
1776 2245 1986 2285 memo-

387 2316 527 2371 riam
547 2317 828 2388 rcliuquit.
845 2321 1012 2375 Actus
1033 2335 1165 2393 ergo
1186 2328 1271 2377 est
1287 2323 1556 2392 operatio.
1584 2322 1778 2378 Omnis
1799 2332 1983 2379 autem

386 2417 542 2464 actus
583 2409 818 2481 alicujus
850 2413 1173 2474 substantiae
1213 2425 1298 2473 est
1341 2425 1523 2482 actus,
1569 2431 1748 2488 neque
1781 2417 1988 2489 absque

388 2501 694 2557 substantia
728 2511 834 2559 est.

1055 2681 1134 2737 De
1176 2682 1339 2736 malo.

467 2829 669 2886 Malum
699 2833 970 2902 duplicem
1003 2833 1170 2889 habet
1203 2835 1575 2906 significatum
1605 2853 1619 2890 :
1655 2849 1782 2890 nam
1827 2836 1990 2891 modo

393 2924 668 2994 signiﬁcat
695 2927 1018 2993 malitatem,
1067 2929 1232 2984 modo
1263 2936 1571 2998 peccatum.
1617 2927 1682 2983 Et
1716 2930 1994 2999 principa-

394 3017 522 3073 liter
555 3017 776 3086 quidem
824 3019 1026 3074 malum
1063 3029 1149 3076 est
1177 3027 1498 3090 peccatum,
1541 3020 1771 3075 abusive
1804 3030 1991 3076 autem

394 3107 616 3162 malitas
669 3108 798 3162 mali
853 3109 1079 3164 nomine
1142 3119 1512 3178 nuncupatur.
1575 3107 1713 3162 Nam
1771 3110 1992 3166 malitas

2007 1879 2058 1942 Β

2067 627 2450 698 προκείμενον,
2481 623 2568 676 ῐνα
2600 621 2773 684 ο⁹ύτως
2800 619 2862 672 τὸ
2898 617 3248 688 συμϐεϐηκὸς
3267 618 3328 669 ἐν
3357 613 3508 684 αὐτῷ
3529 614 3670 668 Osw-

2069 716 2285 788 ρηοείη,
2325 716 2437 769 εἴτε
2485 711 2754 784 χωριστὸν
2799 710 2910 763 εἴτε
2941 708 3248 779 ἀχώριστον
3287 707 3397 776 εἴη.
3440 706 3568 758 Ἐπὶ
3606 705 3668 758 δὶ

2067 804 2159 859 τοῦ
2183 805 2452 874 ἀγενήτου
2473 801 2609 855 Θεοῦ
2630 801 2730 854 -άεὶ
2757 797 2833 852 ὢν
2855 800 2886 852 ὁ
2922 797 3075 863 Θεὸς,
3106 796 3194 850 ἀεὶ
3219 797 3317 850 καὶ
3351 793 3499 847 ἔστιν
3521 794 3670 862 άγα-

2070 897 2180 961 θός.
2207 897 2282 950 Οὐ
2311 895 2421 967 γὰρ
2447 895 2640 965 ἕτερον
2667 892 2779 963 ἔχει
2819 891 2882 945 τὸ
2917 887 3080 954 εἶναι,
3121 889 3216 944 καὶ
3257 887 3449 957 ἕτερόν
3477 904 3532 938 τι
3566 886 3665 958 τὴν

2071 990 2384 1061 ἀγαθότητα
2406 1006 2420 1020 ·
2460 989 2577 1044 ἀλλ’
2605 987 2740 1041 αὐτὸ
2770 985 2832 1040 τὸ
2865 983 3010 1041 εἶναι
3039 984 3156 1055 ἔχει
3187 983 3289 1053 τὴν
3323 980 3663 1050 άγαθότητα.

2071 1084 2170 1137 Διὰ
2202 1082 2310 1135 τῶν
2333 1079 2642 1152 εἰρημένων
2673 1075 2768 1132 οὖν
2798 1079 2936 1132 πᾶσι
2967 1075 3247 1147 προφανὲς
3284 1075 3368 1128 ὅτι
3405 1075 3468 1128 τὸ
3501 1088 3673 1143 πονη-

2075 1175 2167 1249 ρὸν
2196 1174 2297 1228 οὐκ
2335 1173 2484 1226 ἐστιν
2512 1170 2756 1225 ἐναντίον
2783 1168 2861 1240 τῷ
2900 1167 3041 1238 Θεῷ,
3078 1165 3240 1236 οὐσίᾳ
3273 1165 3396 1218 ὖντι
3435 1161 3634 1232 ἀγαθῷ
3657 1177 3671 1190 ⁸

2075 1271 2140 1339 τῇ
2167 1265 2278 1339 γὰρ
2319 1265 2481 1336 οὐσίᾳ
2534 1263 2686 1318 οὐδὲν
2732 1263 2870 1327 ὅλως
2919 1259 3226 1316 ἀντίκειται
3264 1275 3279 1290 ο
3317 1256 3397 1329 τῷ
3437 1255 3494 1310 δὲ
3531 1254 3681 1309 κατὰ

2079 1357 2429 1430 συμϐεϐηκὸς
2465 1354 2659 1426 ἀγαθῷ
2691 1353 2772 1425 τῷ
2818 1354 2876 1407 ἐν
2920 1354 3032 1415 τοῖς
3068 1351 3320 1422 γενητοῖς
3363 1346 3682 1418 θεωρουμέ-

2077 1468 2176 1522 νῳ,
2202 1449 2505 1502 ἀντίκειται
2536 1447 2600 1500 τὸ
2629 1445 2866 1517 πονηρόν
2886 1461 2900 1477 ·
2931 1443 3022 1497 διὰ
3041 1444 3150 1513 γὰρ
3172 1441 3387 1513 φαύλης
3419 1439 3678 1511 πράξεως

2079 1542 2382 1611 γινόμενον,
2415 1537 2720 1594 ἀντίκειται
2749 1535 2828 1608 τῷ
2867 1535 2956 1590 διὰ
2986 1533 3241 1606 πράξεως
3283 1529 3498 1602 ἀγαθῆς
3529 1545 3684 1598 γινο-

2085 1633 2252 1705 μένῳ.

2630 1781 2770 1851 Περὶ
2809 1781 3137 1851 ἐνεργείας.

2160 1941 2315 1994 Πᾶσα
2354 1939 2609 2012 ἐνέργεια
2650 1937 2732 2010 τῷ
2769 1937 3018 2008 γίνεσθαι
3073 1936 3188 2008 ἔχει
3237 1935 3298 1990 τὸ
3340 1930 3502 2000 εἶναι,
3540 1934 3682 1987 οὐτε

2085 2031 2196 2104 πρὸ
2221 2033 2322 2103 τῆς
2374 2031 2468 2086 τοῦ
2521 2031 2876 2105 ἐνεργοῦντος
2923 2031 3193 2102 κινήσεως
3259 2029 3384 2111 ἦτοι
3427 2027 3687 2100 πράξεως

2085 2121 2240 2188 οὐσα,
2268 2122 2392 2177 οὐτε
2424 2124 2564 2194 μετὰ
2593 2125 2694 2194 τὴν
2727 2124 2943 2196 κίνησιν
2986 2123 3325 2194 διαμένουσα
3361 2137 3376 2153 ο
3413 2121 3574 2192 μόνον
3625 2121 3688 2174 δὲ

2085 2215 2148 2270 τὸ
2173 2215 2536 2270 ἀποτελεσθέν
2565 2215 2829 2280 πολλάκις
2864 2215 3003 2287 πρὸς
3038 2215 3262 2286 μνήμην
3288 2213 3386 2284 τῆς
3426 2211 3688 2286 πράξεως

2088 2310 2518 2380 καταλιμπάνει.
2583 2309 2650 2364 Ἦ
2685 2307 2781 2364 οῦν
2838 2309 3038 2383 πρᾶξίς
3099 2311 3247 2362 ἐστιν
3290 2310 3324 2380 ἡ
3389 2309 3688 2379 ἐνέργεια’

2089 2404 2240 2456 πᾶσα
2266 2402 2323 2454 δὲ
2349 2401 2570 2473 πρᾶξις,
2615 2404 2762 2468 τινὸς
2791 2402 2979 2466 οὐσίας
3005 2401 3123 2456 ἐστὶ
3162 2400 3380 2473 πρᾶξις,
3427 2401 3521 2455 καὶ
3545 2399 3676 2456 ἄνευ

2090 2494 2282 2558 οὐσίας
2307 2494 2408 2548 οὐκ
2435 2493 2573 2550 ἔστι.

2577 2695 2586 2704 ·
2697 2673 2839 2740 Περὶ
2873 2673 3085 2728 κακοῦ.

2165 2835 2239 2888 Τὸ
2269 2833 2440 2890 κακὸν
2483 2834 2668 2906 διττὴν
2717 2833 2834 2906 ἔχει
2867 2834 2967 2904 τὴν
3016 2832 3294 2903 σημασίαν
3322 2849 3336 2863 ·
3388 2828 3542 2901 δηλοῖ
3585 2828 3694 2912 γὰξ

2095 2925 2226 2978 ποτὲ
2263 2924 2364 2996 μὲν
2395 2925 2493 2997 τὴν
2528 2925 2806 2990 κάκωσιν,
2858 2923 2992 2978 ποτὲ
3020 2923 3078 2977 δὲ
3105 2922 3204 2994 τὴν
3238 2920 3534 2992 ἁμαρτίαν.
3581 2921 3699 2973 Καὶ

2097 3017 2308 3088 κυρίως
2337 3016 2438 3088 μὲν
2468 3016 2639 3071 κακὸν
2673 3019 2707 3087 ἡ
2741 3015 2987 3087 ἁμαρτία
3014 3031 3028 3044 ·
3082 3012 3541 3085 καταχρηστικῶς
3568 3011 3628 3066 δὲ
3659 3013 3696 3081 ἡ

2094 3108 2341 3174 κάκωσις
2367 3111 2537 3164 κακὸν
2560 3109 2914 3180 ὀνομάζεται.
2963 3108 3030 3162 Ἦ
3054 3108 3164 3180 γὰρ
3191 3105 3436 3168 κάκωσις
3465 3106 3526 3159 οὐ
3557 3105 3696 3158 πάν-

395 3211 615 3267 semper
649 3199 794 3254 mala
829 3215 939 3254 non
975 3207 1081 3267 est,
1135 3201 1248 3255 imo
1281 3216 1424 3271 saepe
1456 3201 1655 3257 salutis
1683 3215 1853 3257 causa
1883 3212 1988 3269 est,

2100 3221 2201 3268 τως
2236 3203 2404 3275 κακὴ,
2438 3203 2704 3265 πολλάκις
2735 3202 2792 3254 δὲ
2819 3202 2916 3256 καὶ
2947 3199 3225 3271 σωτηρίας
3251 3197 3514 3268 πρόξενος
3545 3196 3696 3287 γίνεέ

397 3288 513 3344 sive
541 3289 742 3359 aliquis
774 3290 1035 3361 physicus
1070 3291 1280 3346 incidat
1323 3293 1574 3357 morbus,
1611 3294 1727 3348 sive
1762 3294 1990 3364 aliquod

2100 3311 2206 3359 ται,
2252 3295 2286 3365 ἢ
2336 3293 2573 3364 φυσικῆς
2621 3310 2769 3357 τινος
2799 3293 2956 3346 νόσου
3003 3289 3429 3360 ἐπιγιγνομένης
3455 3328 3470 3351 ,
3519 3287 3552 3357 ἦ
3603 3285 3703 3340 καὶ

397 3380 472 3434 ab
493 3390 652 3435 extra
681 3382 938 3438 accidens
980 3383 1218 3455 maligne
1241 3384 1402 3440 nobis
1427 3384 1666 3439 eveniat.
1710 3385 1768 3440 Si
1809 3393 1993 3442 tamen

397 3473 623 3541 proprie
657 3474 799 3528 mala
828 3473 1054 3541 fuerint,
1084 3485 1141 3530 et
1173 3492 1282 3531 non
1329 3476 1514 3546 potius
1547 3475 1926 3533 emendatoria
1963 3495 1996 3534 a

400 3559 500 3616 Dei
531 3564 874 3633 providentia
913 3566 986 3620 ob
1017 3567 1370 3636 corrigendos
1397 3568 1647 3623 homines
1669 3570 1994 3640 excogitata,

401 3655 612 3710 nullius
643 3656 770 3711 boni
804 3674 971 3713 causa
1002 3669 1184 3712 erunt.
1221 3657 1361 3714 Ecce
1389 3668 1575 3715 autem
1608 3676 1753 3730 smpe
1785 3662 1869 3716 vel
1900 3678 1996 3718 eo-

403 3760 526 3799 rum
564 3745 728 3801 timor
758 3749 928 3818 angit,
964 3757 1020 3802 et
1051 3747 1367 3803 hominibus
1395 3749 1462 3803 ad
1501 3751 1842 3819 peccandum
1870 3767 2000 3821 pro-

403 3837 641 3893 clivibus
671 3838 920 3894 timorem
957 3838 1050 3895 Dei
1095 3838 1292 3910 injicit,
1327 3848 1382 3894 et
1423 3841 1600 3912 culpae
1631 3857 1877 3897 errorem
1905 3843 2002 3897 de-

403 3929 584 4000 pellit,
606 3945 822 4002 nosque
843 3932 910 3986 ad
938 3933 1208 3988 orandum
1235 3932 1407 3986 Deum
1431 3933 1654 3999 excitat,
1689 3933 1804 3989 sive
1828 3933 1999 3990 feram

405 4021 724 4086 timeamus,
767 4025 882 4079 sive
905 4034 1235 4094 serpentem,
1265 4027 1381 4080 sive
1401 4025 1624 4092 bellum,
1660 4036 1754 4081 aut
1779 4025 2000 4093 famem,

412 4125 510 4169 aut
539 4116 779 4187 aliquam
813 4117 1212 4182 infirmitatem,
1249 4120 1333 4174 vel
1373 4120 1710 4174 calumniam
1741 4128 1837 4174 aut
1865 4121 2004 4175 insi-

409 4207 529 4262 dias
559 4222 625 4261 ει
656 4207 942 4263 hominum
977 4226 1146 4280 prava
1180 4212 1488 4277 voluntate,
1517 4230 1642 4284 quae
1668 4215 1891 4285 proprie
1920 4223 2008 4270 est

413 4298 642 4366 malum,
682 4307 738 4354 et
788 4299 1009 4356 facienti
1051 4303 1357 4372 imputatur
1408 4314 1730 4374 peccatum;
1778 4307 2004 4376 patienti

413 4397 600 4445 autem
647 4406 755 4444 non
798 4393 1020 4461 proprie
1071 4403 1152 4450 est
1196 4404 1506 4464 peccatum.
1545 4395 1673 4452 Hatc
1714 4399 1827 4451 veri
1875 4398 2007 4452 mali

416 4482 684 4538 rationem
723 4498 830 4538 non
870 4485 1092 4551 habent,
1147 4486 1262 4540 imo
1297 4487 1614 4544 hominibus
1645 4490 1699 4542 in
1741 4487 1853 4544 Deo
1895 4489 2008 4544 for-

2095 3383 2294 3450 Εξωθεν
2344 3383 2752 3456 συμπτώματός
2801 3400 2948 3448 τινος
3012 3380 3336 3442 κακωτικῶς
3389 3380 3523 3450 ἡμῖν
3571 3379 3701 3430 ἐπι-

2098 3475 2428 3546 συμϐάντος.
2482 3475 2546 3528 El
2588 3475 2645 3527 δὲ
2676 3472 2851 3528 ταῦτα
2885 3473 3033 3528 κακά
3059 3472 3264 3544 κυρίως
3293 3469 3562 3542 ὑπάρχει,
3604 3469 3702 3521 καὶ

2097 3567 2158 3621 οὐ
2192 3567 2392 3637 μᾶλλον
2421 3566 2744 3619 παιδευτικά
2773 3567 2837 3618 ἐκ
2859 3565 2993 3617 Θεοῦ
3026 3564 3284 3635 προνοίας
3320 3561 3458 3632 πρὸς
3486 3576 3698 3630 σωφρο-

2099 3658 2292 3730 νισμὸν
2326 3658 2633 3728 ἀνθρώπων
2685 3655 3055 3728 ἐξευρημένα,
3107 3657 3207 3710 οὐκ
3246 3655 3313 3709 ἂν
3363 3655 3512 3707 αἴτιά
3556 3668 3701 3715 τινος

2102 3749 2310 3820 ἀγαθοῦ
2337 3750 2570 3819 ἐγίνετο.
2617 3749 2732 3803 Νῦν
2759 3750 2817 3803 δὲ
2845 3749 3108 3812 πολλάκις
3139 3747 3236 3802 καὶ
3263 3749 3296 3818 ἠ
3333 3745 3514 3800 αὐτῶν
3545 3743 3702 3807 ἐλπὶς

2101 3844 2286 3913 ἄγχει,
2331 3842 2588 3905 καὶτοὺς
2617 3841 2818 3905 αὐτοὺς
2859 3840 3168 3903 εὐολίσθους
3218 3837 3357 3907 πρὸς
3404 3835 3698 3908 ἁμαρτίαν,

2103 3937 2199 3989 καὶ
2222 3935 2355 3989 Θεὸν
2383 3933 2678 3988 δεδοικέναι
2709 3935 2874 3998 ποιεῖ,
2917 3933 3012 3986 καὶ
3059 3931 3258 4002 ἀμύνει
3276 3929 3376 4000 τὴν
3405 3931 3469 3982 ὲκ
3495 3926 3702 3981 τούτων

2105 4029 2395 4099 ἐπήρειαν·
2447 4025 2714 4079 ἱκετεύειν
2756 4026 2905 4096 ἡμᾶς
2939 4024 3244 4094 διανίστησι
3285 4022 3378 4076 τὸν
3406 4021 3559 4088 Θεὸν,
3596 4019 3704 4074 εἴτε

2105 4119 2316 4190 Θηρίον,
2349 4118 2382 4188 ἢ
2417 4117 2668 4190 ἑρπετὸν,
2719 4117 2754 4188 ἢ
2803 4117 3064 4188 πόλεμος,
3097 4115 3131 4187 ἢ
3161 4115 3340 4186 λιμὸς,
3382 4115 3416 4184 ἦ
3451 4113 3704 4168 ἀσθένειά

2105 4229 2188 4274 τις
2219 4211 2304 4281 εἰή
2335 4210 2396 4263 τὸ
2431 4209 2808 4280 ἐλπιζόμενον,
2855 4209 2889 4280 ἢ
2922 4213 3278 4278 συκοφαντία,
3311 4209 3406 4261 καὶ
3448 4204 3703 4275 ἐπιϐουλὴ

2108 4303 2173 4355 ἐκ
2233 4300 2444 4372 φαύλης
2508 4301 2884 4372 προαιρέσεως
2941 4299 3244 4369 ἀνθρώπων
3299 4297 3699 4369 μηχανωμένη,

2107 4394 2233 4466 ἥτις
2276 4393 2484 4464 κυρίως
2526 4393 2628 4463 μὲν
2654 4394 2900 4455 κάκωσίς
2927 4395 3065 4458 ἐστι,
3099 4391 3180 4462 τῷ
3211 4394 3497 4460 ποιήσαντι
3531 4392 3703 4461 ἀμαρ-

2108 4484 2202 4539 τία
2225 4486 2574 4556 τυγχάνουσα
2603 4503 2616 4518 ·
2667 4485 2748 4557 τῷ
2785 4485 2842 4539 δὲ
2876 4487 3144 4556 πάσχοντι
3172 4487 3234 4538 οὐ
3265 4486 3468 4556 κυρίως
3498 4483 3663 4538 κακόν
3687 4500 3700 4513 '

417 4575 568 4631 tibus
616 4575 915 4630 maximam
967 4577 1197 4647 gloriam
1251 4587 1614 4649 comparant,
1663 4581 1918 4652 bonaque
1957 4593 1996 4636 et

2115 4579 2177 4632 οὐ
2211 4581 2432 4642 πάντως
2463 4581 2572 4633 εἰσὶ
2603 4581 2771 4646 κακὰ,
2817 4578 2956 4633 ἀλλὰ
2997 4579 3093 4633 καὶ
3130 4581 3243 4642 τοῖς
3287 4578 3432 4632 κατὰ
3459 4578 3592 4631 Θεὸν
3616 4578 3704 4630 ἀν-

417 4679 621 4725 ωῑετιια
646 4669 867 4738 praemia
899 4685 930 4723 a
971 4669 1081 4724 Deo
1111 4681 1521 4740 promerentur.
1558 4671 1638 4728 Ne
1663 4674 1830 4744 igitur
1855 4675 2011 4743 quis-

418 4775 585 4832 quam
613 4769 782 4826 erret,
820 4762 1119 4817 malitatem
1148 4763 1372 4834 proprie
1398 4763 1591 4820 dicens
1622 4766 1852 4820 malum.
1873 4764 2010 4819 Nam

421 4852 471 4909 si
504 4851 640 4908 forte
674 4853 727 4907 id
759 4855 904 4923 quod
931 4862 1083 4910 creat
1114 4854 1402 4922 malorem,
1427 4856 1632 4911 malum
1663 4863 1808 4912 esset
1831 4865 2011 4910 etnon

421 4945 609 5016 potius
641 4947 1082 5002 emendatorium
1112 4955 1282 5018 atque
1321 4949 1389 5004 ad
1417 4948 1689 5019 justitiam
1735 4957 1792 5004 et
1836 4948 2018 5003 omni-

422 5048 618 5102 genam
650 5033 905 5089 virtutem
953 5036 1262 5105 impellens,
1313 5053 1478 5093 nemo
1512 5038 1628 5109 jam
1662 5039 1836 5094 filium
1887 5054 2015 5109 pec-

423 5133 640 5178 cantem
667 5125 1013 5194 verberaret;
1041 5143 1206 5183 nemo
1227 5128 1477 5185 laudaret
1506 5131 1894 5201 magistratum
1919 5130 2015 5201 qui

423 5214 691 5271 latronem
733 5219 918 5288 gladio
946 5220 1497 5277 animadvertendum
1526 5223 1878 5289 decerneret,
1923 5234 2020 5277 aut

423 5307 620 5365 bestiis
645 5310 896 5380 judiciali
924 5313 1195 5368 sententia
1219 5314 1522 5369 vorandum
1546 5317 1785 5372 traderet
1811 5331 1826 5370 :
1858 5331 2019 5371 nemo

425 5401 701 5456 medicum
755 5403 1006 5459 laudaret
1042 5415 1198 5476 putre
1231 5407 1389 5463 ulcus
1430 5407 1579 5464 ferro
1617 5418 2016 5480 amputantem,

427 5494 556 5562 quia
588 5510 793 5566 aegrum
819 5497 1062 5566 cruciat;
1099 5515 1260 5553 nemo
1277 5501 1923 5558 concederettheriacam
1951 5517 2015 5557 cx

426 5584 631 5652 viperis
658 5589 936 5657 componi,
971 5589 1232 5659 quoniam
1274 5589 1560 5646 Manichzei
1607 5593 1821 5661 reptilia
1874 5591 2018 5645 mala

428 5690 552 5730 esse
586 5677 858 5735 dictitant.
897 5679 1004 5737 Sed
1045 5683 1299 5753 ignorant
1335 5683 1426 5739 isti
1474 5683 1711 5754 imperiti
1739 5684 2020 5740 convicia-

431 5775 600 5830 tores,
639 5768 842 5826 bonum
874 5787 997 5828 csse
1034 5775 1299 5845 quidquid
1342 5791 1449 5830 non
1495 5777 1689 5831 inutile
1724 5777 1773 5831 ci
1819 5776 1894 5830 rei
1939 5785 2024 5832 est

420 5859 510 5931 iob
540 5877 704 5931 quam
761 5864 903 5920 Deus
953 5866 1082 5921 illud
1132 5868 1352 5922 creavit.
1408 5868 1516 5923 Cur
1562 5886 1666 5924 non
1716 5871 1823 5925 sint
1870 5871 2023 5926 \‘aldc

2115 4671 2316 4743 δρείοις
2362 4670 2601 4740 πρόξενα
2630 4671 2895 4740 μεγίστης
2924 4669 3169 4734 εὐδοξίας
3193 4669 3406 4738 γίνεται
3435 4667 3591 4739 παρά
3615 4669 3704 4721 ἀν-

2115 4759 2376 4832 θρώποις,
2409 4759 2730 4830 εὐεργεσίας
2760 4777 2818 4812 τε
2847 4761 2942 4814 καὶ
2970 4759 3203 4830 ἀμοιϐὰς
3231 4759 3485 4822 αἰωνίους
3507 4759 3704 4830 θησαυ-

2120 4851 2259 4925 ρίζει
2286 4852 2496 4915 τούτοις
2522 4852 2615 4904 ἐπὶ
2649 4851 2788 4921 Θεῷ.
2823 4853 2915 4923 Μὴ
2949 4845 3042 4904 οὖν
3071 4867 3156 4916 τις
3187 4850 3492 4905 ἅπατάσθω
3514 4850 3586 4904 τὰ
3614 4867 3704 4903 και

2117 4946 2347 5013 κωτικὰ,
2384 4945 2589 5014 κυρίως
2618 4945 2901 5016 ὀνομάζων
2933 4946 3082 5000 κακά
3108 4962 3122 4974 ·
3169 4947 3219 4998 εί
3249 4945 3358 5016 γὰρ
3390 4944 3563 4998 κακόν
3597 4945 3704 4996 ἐστι

2117 5039 2179 5093 τὸ
2207 5038 2536 5103 κακωτικὸν,
2574 5039 2668 5092 καὶ
2701 5039 2762 5091 οὐ
2816 5038 3016 5109 μᾶλλον
3045 5037 3411 5101 παιδευτικὸν,
3452 5037 3546 5090 καὶ
3578 5035 3704 5106 πρὸς

2117 5130 2465 5200 δικαιοσύνην
2531 5131 2626 5184 καὶ
2713 5129 2971 5185 παντοίαν
3027 5130 3230 5202 ἀρετὴν
3287 5128 3701 5199 ἐκκαλούμενον,

2123 5222 2314 5294 μηδεὶς
2341 5222 2595 5276 τυπτέτω
2625 5221 2716 5276 τὸν
2738 5222 2853 5276 υἱὸν
2879 5223 3270 5292 ἁμαρτάνοντα
3287 5239 3300 5254 ·
3337 5221 3528 5292 μηδεὶς
3553 5223 3705 5274 ἐπαι-

2120 5319 2282 5387 νείτω
2306 5318 2397 5372 τὸν
2430 5319 2606 5389 ἀρχὴν
2647 5335 2770 5372 τινα
2812 5317 3268 5388 πεπιστευμένον,
3319 5316 3524 5388 λῃστὴν
3571 5315 3706 5383 ξίφει

2122 5410 2577 5478 καταδικάζοντα,
2621 5410 2892 5482 ἦθηρίοις
2941 5409 3076 5479 πρὸς
3123 5409 3329 5480 βρῶσιν
3356 5409 3525 5479 ψήφῳ
3562 5408 3705 5462 δικα-

2125 5508 2283 5576 στικῇ
2315 5502 2587 5574 κυροῦντα
2618 5501 3005 5572 παραδίδοσθαι
3033 5517 3045 5531 ⁸
3103 5501 3292 5573 μηδεὶς
3328 5501 3510 5571 ἰατρὸν
3558 5503 3706 5554 ἐπαι-

2123 5597 2232 5653 νείτ
2329 5595 2536 5666 σιδήρῳ
2584 5594 2755 5658 πάθος
2804 5594 3040 5666 σεσηπὸς
3091 5593 3508 5664 περιτέμνοντα’
3557 5593 3707 5647 κακοῖ

2125 5691 2235 5762 γὰρ
2267 5687 2355 5743 τὸν
2390 5688 2796 5759 ἱατρευὸμενον.
2821 5687 3030 5758 Μηδεὶς
3058 5685 3410 5758 συγχωρείτω
3440 5685 3707 5757 θηριακὴν

2129 5782 2188 5848 ἐξ
2218 5779 2440 5851 ἐχιδνῶν
2473 5779 2814 5848 συντεθῆναι,
2853 5778 3011 5848 εἴπερ
3059 5778 3204 5832 κακά
3245 5793 3411 5846 φασιν
3460 5778 3509 5829 οἱ
3545 5778 3708 5830 Μανι-

2131 5874 2273 5942 χαῖοι
2309 5869 2376 5923 τὰ
2411 5869 2634 5940 ἑρπετά.
2678 5867 2810 5922 Ἀλλ’
2843 5866 3128 5937 ἀγνοοῦσιν
3176 5867 3224 5922 οἱ
3255 5865 3426 5920 ταῦτα
3475 5864 3708 5938 ἀπείρως
