4062 6422
285 358 396 424 577

1191 351 1649 416 DISPUTATIO
1685 352 1846 414 CUM
1883 353 2226 414 PHOTINO
2266 356 2701 422 MANICH/EO.

3488 360 3595 427 578

278 464 809 542 διαλοιδοροΰμενοι,
841 466 925 521 ὅτι
953 466 1116 521 καλόν
1152 469 1268 521 ἐστι
1297 465 1402 518 πᾶν
1428 466 1566 536 ὅπερ
1596 464 1900 530 ἀνελλιπῶς

2019 483 2170 534 )ona,
2216 469 2431 524 etiamsi
2485 469 2670 540 aliqua
2727 468 2873 524 haud
2923 483 3019 539 per
3067 484 3128 524 se
3159 469 3290 526 talia
3325 473 3455 537 sint,
3501 475 3602 530 sed

279 566 403 633 ἔχει
427 562 565 634 πρὸς
587 560 616 614 6
643 557 1103 631 δεδημιούργηται
1135 557 1288 630 παρά
1316 555 1452 609 Θεοῦ
1479 572 1494 586 ’
1526 555 1644 620 πῶς
1664 556 1725 609 οὐ
1749 554 1892 611 καλά

2019 563 2235 618 laturali
2272 571 2484 618 tantum
2529 563 2854 634 contingant
2898 562 3258 618 inﬁrmitate?

278 654 437 718 λίαν,
465 654 515 706 εί
545 651 638 706 καί
665 669 789 705 τινα
818 651 1002 704 αὐτῶν
1033 649 1110 720 μὴ
1131 647 1319 702 οὐσίαν
1347 647 1732 718 τυγχάνουσιν,
1757 645 1894 700 ἀλλά

278 741 455 811 μόνον
489 741 554 793 ὶκ
588 739 828 809 φυσικῆς
870 738 1158 802 ἀσθενείας
1189 735 1714 808 ὲπισυμόαίνουσιν;

355 831 489 885 τῶν
526 830 584 884 δὲ
616 829 864 900 φυσικῶν
897 831 968 884 τὰ
996 831 1096 901 μὲν
1127 831 1346 901 ἀνάγκῃ
1372 827 1592 898 φύσεως
1624 828 1894 882 ἐπιτελεῖ-

272 943 378 980 ται
403 942 420 957 ⁸
472 925 689 996 ἀνάγκη
718 923 779 977 δὲ
814 923 1033 993 φύσεως
1076 924 1224 992 λέγω
1251 922 1427 978 ταῦτα
1469 921 1766 987 τελεῖσθαι,
1797 923 1899 976 ὅσα

274 1015 620 1088 αὐτομάτως
651 1015 746 1070 καὶ
795 1016 1040 1069 ἀκόντων
1075 1015 1232 1086 ἡμῶν
1263 1015 1368 1069 ὑπὸ
1411 1015 1510 1083 τῆς
1553 1013 1770 1084 φύσεως
1815 1015 1898 1083 γί-

275 1128 502 1181 γνεται,
553 1109 631 1173 ὡς
676 1109 738 1161 τὸ
784 1108 1176 1178 ἀποθνήσκειν,
1215 1107 1312 1160 καὶ
1360 1105 1546 1174 αὔξειν
1585 1106 1747 1176 μέχρι
1799 1107 1900 1177 τῆς

273 1202 613 1275 ὡρισμένης
657 1199 878 1271 ἡλικίας
929 1199 1025 1253 τὸν
1067 1199 1250 1264 ζῶντα
1277 1216 1291 1230 ο
1342 1199 1466 1252 τινὰ
1506 1199 1564 1252 δὲ
1609 1197 1902 1271 ἀκολουθίᾳ

281 1295 389 1364 μὲν
419 1292 646 1360 φύσεως
687 1291 939 1359 γίνεται·
983 1289 1262 1359 ἐνδέχεται
1292 1290 1476 1360 μέντοι
1509 1289 1604 1342 καὶ
1633 1289 1712 1360 μὴ
1747 1290 1904 1358 γενέ-

282 1385 441 1450 σθαι,
472 1379 589 1436 οἷον
614 1383 674 1436 τὸ
701 1382 1039 1436 παιδοποιεῖν
1071 1380 1161 1434 διά
1196 1381 1398 1450 μίξεως
1426 1397 1438 1412 ·
1471 1379 1632 1434 τοῦτο
1660 1379 1770 1451 γὰρ
1791 1379 1902 1436 τῶν

280 1474 668 1544 ἐνδεχομένων
703 1474 851 1525 ἐστίν
872 1490 887 1504 ·
937 1473 997 1526 οὐ
1040 1473 1150 1542 γάρ
1186 1472 1404 1534 πάντως
1437 1470 1807 1524 ἀπακολουθεῖ
1835 1473 1902 1542 τῇ

285 1568 442 1640 μίξει
479 1565 824 1621 παιδοποιία.
859 1563 1058 1618 Ταῦτα⁹
1079 1559 1172 1618 οὗν
1207 1563 1386 1618 πάντα
1417 1563 1517 1616 ὅσα
1549 1561 1768 1636 ἀνάγκῃ
1801 1562 1903 1632 φύ-

283 1676 433 1725 σεως
461 1661 705 1728 γίνεται,
756 1659 886 1712 ἀνευ
931 1656 1209 1728 ἁμαρτίας
1255 1655 1606 1710 ἀποτελεῖται
1650 1656 1746 1711 καί
1773 1672 1904 1709 ποτε

283 1753 401 1814 τοῖς
432 1749 752 1820 ἀνθρώποις
781 1750 896 1811 τοῖς
931 1747 1076 1816 λόγῳ
1117 1745 1538 1816 διοικουμένοις
1589 1747 1692 1801 ὅσα
1723 1745 1781 1799 δὲ
1815 1746 1905 1798 ὲν-

2069 827 2360 885 Naturalia
2393 841 2575 886 autem
2611 830 2807 901 partim
2846 831 3105 887 accidunt
3135 829 3464 886 necessitate
3498 845 3595 884 na-

2001 933 2156 977 turae.
2195 921 2529 978 Necessitatc
2579 938 2745 992 porro
2783 933 2995 978 naturae
3045 923 3136 978 illa
3183 921 3430 978 accidere
3474 923 3598 976 dico

2001 1029 2126 1084 qua:
2161 1013 2277 1084 ipsa
2320 1028 2418 1084 per
2453 1029 2512 1070 se
2541 1014 2732 1068 invitis
2769 1015 2931 1070 nobis
2962 1030 2993 1069 a
3026 1023 3220 1069 natura
3263 1013 3592 1075 elﬁciuntur.

2001 1115 2062 1160 ut
2109 1105 2274 1172 mori,
2317 1115 2372 1160 et
2415 1120 2665 1162 crescere
2724 1121 2898 1175 usque
2935 1107 3000 1161 ad
3047 1107 3328 1173 deﬁnitam
3377 1115 3595 1161 aetatem

2001 1199 2282 1253 animalia.
2309 1197 2568 1265 Quaedam
2593 1198 2756 1252 etiam
2783 1198 3024 1252 naturali
3054 1200 3273 1268 sequela
3303 1198 3594 1262 eveniunt;

2002 1305 2235 1362 quorum
2273 1299 2454 1345 tamen
2485 1289 2710 1344 cﬂ‘ectus
2742 1289 3019 1344 interdum
3057 1288 3215 1355 fallit,
3247 1291 3415 1346 veluti
3449 1290 3592 1345 libe-

2003 1399 2192 1439 rorum
2225 1384 2477 1454 genitura
2509 1398 2574 1438 ex
2619 1382 2837 1452 capula.
2876 1382 2993 1437 Hoc
3024 1383 3245 1452 quidem
3282 1399 3346 1437 ex
3383 1384 3599 1438 contin-

2005 1476 2262 1544 gentibus
2287 1485 2366 1530 est
2387 1493 2402 1540 ;
2429 1488 2607 1542 neque
2630 1473 2778 1528 enim
2800 1488 3020 1542 semper
3040 1489 3104 1527 ex
3131 1473 3324 1543 copula
3350 1475 3600 1542 sequitur

2004 1569 2304 1624 liberorum
2339 1568 2617 1638 genitura.
2667 1567 3021 1638 Quaecunque
3061 1568 3227 1638 igitur
3272 1569 3601 1623 necessitate

2008 1669 2218 1715 natura!
2252 1660 2414 1725 ﬁunt,
2449 1659 2661 1730 absque
2688 1668 2916 1728 peccato
2956 1659 3094 1713 tiunt
3121 1659 3288 1712 etiam
3318 1660 3386 1711 ab
3419 1658 3598 1711 homi-

2007 1754 2172 1808 nibus
2205 1753 2423 1808 ratione
2453 1751 2758 1808 utentibus.
2799 1751 3155 1821 Quaecunque
3187 1767 3315 1805 vero
3360 1751 3441 1805 vel
3485 1749 3601 1804 ﬁeri

286 1845 514 1913 δέχεται
545 1840 798 1910 γίνεσθαι
829 1841 926 1893 καὶ
959 1838 1032 1911 μὴ
1056 1837 1339 1906 γίνεσθαι,
1387 1836 1482 1890 ἐπὶ
1516 1837 1614 1908 μὲν
1641 1837 1742 1908 τῆς
1776 1838 1902 1891 ἀλό-

2019 1846 2091 1900 vel
2129 1861 2237 1900 non
2291 1845 2406 1900 ﬁeri
2459 1843 2726 1914 possibile
2771 1852 2876 1907 est,
2923 1843 2977 1897 in
3023 1842 3328 1896 irrationali
3378 1841 3599 1912 quidem

289 1954 390 2004 γου
420 1935 646 2002 φύσεως
686 1932 956 1987 ἀνεύθυνα
987 1931 1270 2002 τυγχάνει,
1325 1930 1445 1983 οἵαν
1472 1929 1517 1982 δ’
1564 1929 1632 1983 ἂν
1662 1929 1774 2000 ἔχοι
1803 1930 1904 2000 τὴν

302 2027 583 2097 ὶνὲργειαν
612 2041 626 2054 ·
678 2024 738 2076 οὐ
771 2021 882 2093 γάρ
903 2021 1087 2091 ἔχουσι
1118 2021 1278 2088 λόγον
1307 2019 1450 2074 κατὰ
1481 2019 1644 2089 φύσιν
1675 2019 1904 2089 δοκιμά-

309 2119 471 2183 ζοντα
507 2118 568 2171 τὰ
601 2115 879 2187 πρακτέα.
943 2114 1068 2168 Ἐπὶ⁸
1101 2115 1160 2168 δὲ
1189 2113 1300 2168 τῶν
1329 2112 1634 2185 ἀνθρώπων
1668 2111 1812 2183 ἄλλῳ
1841 2113 1906 2183 δὴ

302 2211 446 2280 λόγῳ
467 2207 912 2280 ῥυθμιζομένων,
938 2206 1087 2260 ἔστιν
1117 2205 1286 2259 ἐνίοτε
1313 2205 1482 2261 ταῦτα
1506 2204 1714 2276 κυρίως
1735 2204 1904 2269 κακὰ,

294 2304 384 2356 ὅτε
419 2301 477 2354 δὲ
516 2301 593 2372 μὴ
621 2301 780 2369 λόγος
809 2299 971 2371 όρθὸς
1001 2300 1218 2369 ἡγεῖται
1247 2299 1346 2368 τῆς
1377 2296 1630 2370 πράξεως
1659 2297 1724 2351 ὲκ
1745 2295 1909 2368 ρᾳθυ-

295 2393 428 2465 μίας
459 2393 619 2464 ήμῶν
639 2391 973 2462 ἀσθενήσας,
1000 2390 1032 2462 ἢ
1062 2392 1155 2445 καὶ
1181 2389 1460 2454 παντελῶς
1489 2389 1766 2461 πηρωθεὶς
1787 2391 1908 2451 ταῖς

294 2485 664 2556 ἡδυπαθείαις
700 2500 716 2516 ’
773 2484 1022 2556 ἁμαρτία
1048 2483 1158 2554 γάρ
1188 2485 1338 2536 ἐστιν
1367 2483 1402 2554 ἡ
1430 2481 1540 2535 τῶν
1568 2481 1712 2535 κατά
1747 2480 1910 2550 φύσιν

293 2580 682 2649 ινδεχομένων
714 2576 978 2647 γενέσθαι
1015 2593 1077 2629 τε
1123 2577 1218 2630 καὶ
1251 2575 1327 2647 μὴ
1368 2574 1622 2644 γενέσθαι
1655 2574 1764 2627 ὑπὸ
1801 2573 1911 2627 τῶν

294 2671 542 2739 λογικῶν
591 2670 823 2740 ἀλόγων,
871 2667 1086 2739 αἵρεσίς
1118 2684 1180 2720 τε
1213 2667 1309 2720 καὶ
1359 2666 1572 2738 χρῆσις.
1626 2665 1822 2738 Ἀρετὴ
1851 2666 1910 2721 δὲ

295 2759 596 2830 ἀνθρώπου
623 2761 684 2814 τὸ
707 2758 970 2815 δύνασθαί
998 2777 1052 2813 τι
1085 2759 1348 2829 πράττειν
1385 2757 1488 2810 ὁπό
1512 2773 1577 2809 τε
1606 2757 1710 2826 τῆς
1752 2775 1913 2826 φυσι-

298 2851 406 2922 κῆς
434 2851 707 2921 κινήσεως
746 2848 1091 2922 ἐρεθίζεσθαι
1113 2866 1130 2881 ο
1180 2849 1230 2901 εί
1255 2847 1312 2901 δὲ
1343 2847 1546 2902 ἄτοπον
1587 2846 1674 2918 εἴη
1709 2850 1823 2911 τοῖς
1848 2847 1912 2918 δὴ

299 2943 600 3012 γινόμενον
635 2942 669 3013 ἢ
698 2943 794 2996 καὶ
825 2939 1108 3003 παντελῶς
1137 2939 1448 3010 γινόμενον,
1482 2938 1785 3010 ἀπέχεσθαι
1811 2941 1912 3011 τῆς

299 3033 514 3089 τούτων
578 3033 835 3103 πράξεως
896 3031 1208 3102 κυϐερνήτῃ
1269 3030 1474 3100 λογικῷ
1534 3029 1910 3101 κεχρημένον,

301 3126 405 3178 καὶ
448 3126 795 3178 καταπατεῖν
844 3124 945 3194 τῆς
997 3123 1336 3194 ἡδυπαθείας
1377 3123 1440 3175 τὸ
1485 3121 1698 3192 δέλεαρ.
1753 3122 1916 3176 Ἀλλά

301 3237 483 3290 φασι⁹
541 3219 611 3272 Τί
655 3219 765 3290 γάρ
810 3189 911 3271 οὐκ
957 3189 1346 3280 ἀν-επιδέκτους
1394 3189 1696 3286 πεποίηκεν
1723 3217 1752 3269 6
1781 3215 1914 3279 Θεὸς
1941 3189 1988 3250 C

300 3312 395 3366 τοῦ
415 3310 768 3382 ἁμαρτάνειν
820 3311 990 3380 ἡμᾶς,
1024 3309 1112 3362 ἵνα
1139 3309 1214 3380 μὴ
1238 3308 1454 3371 ἑκόντες
1481 3309 1913 3378 ἀμαρτάνοιμεν;

303 3404 370 3459 0!
389 3404 452 3457 δὲ
479 3403 555 3457 τά
583 3401 812 3456 τοιαῦτα
837 3401 1293 3473 προϐαλλόμενοι,
1317 3400 1562 3455 ἐοίκασιν
1582 3403 1916 3469 ἀγανακτεῖν

303 3495 388 3546 ὅτι
426 3493 510 3564 μὴ
557 3493 744 3557 λίθους
797 3495 894 3546 καὶ
945 3491 1078 3559 ξύλα
1114 3493 1418 3562 πεποίηκεν
1452 3493 1651 3557 αὐτοὺς
1684 3495 1711 3545 6
1741 3493 1875 3557 Θεός
1901 3510 1913 3522 ·

306 3587 401 3640 καὶ
440 3584 764 3657 μέμφεσθαι
807 3585 898 3638 τὸν
927 3585 1242 3657 Εὐεργέτην
1271 3587 1354 3638 ὅτι
1383 3586 1640 3654 λογικοὺς
1669 3586 1796 3650 τοὺς
1825 3587 1920 3641 ἀν-

303 3675 570 3752 θρώπους
603 3677 922 3747 εἰργάσατο,
975 3678 1072 3731 καὶ
1098 3677 1161 3729 οὐ
1200 3675 1401 3746 μᾶλλον
1456 3677 1752 3747 ἀκινήτους
1781 3677 1919 3747 πρὸς

314 3770 540 3840 αἵρεσιν
569 3767 778 3837 ἀγαθοῦ
808 3785 870 3822 τε
912 3767 1008 3822 καὶ
1057 3767 1318 3840 πονηροῦ.
1354 3769 1417 3821 Ei
1449 3768 1508 3821 δέ
1541 3785 1730 3838 φασινσ
1772 3769 1920 3822 Ἔδει

303 3861 462 3933 ἡμᾶς
496 3859 833 3930 πεποιῆσθαι
866 3858 1121 3928 λογικοὺς
1148 3860 1242 3912 καὶ
1271 3859 1472 3913 εἰδέναι
1502 3859 1707 3928 ἀγαθόν
1736 3877 1797 3913 τε
1827 3860 1922 3914 καὶ

307 3951 590 4022 πονηρὸν,
641 3952 700 4003 ὲν
747 3950 806 4004 δὲ
853 3952 920 4021 τῇ
950 3950 1046 4003 τοῦ
1081 3947 1294 4017 ἀγαθοῦ
1325 3948 1635 4020 ἀτρέπτους
1667 3949 1922 4002 ἵστασθαι

308 4046 538 4116 πράξει,
555 4044 714 4099 οὐδὲν
739 4043 926 4114 ἕτερον
961 4031 1173 4097 ἐοίκασί
1204 4059 1294 4113 μοι
1331 4041 1538 4114 ζητεῖν,
1567 4041 1683 4096 ἀλλ’
1709 4043 1793 4094 ὃτι
1822 4041 1923 4095 οὐκ

309 4137 420 4191 ἔδει
470 4138 627 4207 ήμᾶς
677 4127 1000 4206 ἀνθρώπους
1047 4133 1357 4204 γεγονέναι,
1415 4132 1551 4186 ἀλλά
1595 4132 1698 4200 τῆς
1748 4131 1924 4202 αὐτῆς

312 4230 538 4300 φύσεως
584 4224 727 4282 εἶναι
772 4226 851 4298 τῷ
881 4225 1002 4297 Θεῷ
1026 4242 1040 4256 ο
1099 4225 1263 4297 μόνον
1290 4223 1401 4295 γάρ
1426 4224 1456 4277 6
1481 4224 1614 4288 Θεὸς
1643 4224 1924 4287 ἀδυνάτως

309 4324 429 4394 ἔχει
461 4322 604 4392 πρὸς
633 4321 695 4374 τὸ
725 4323 900 4374 ποιεῖν
933 4319 1034 4388 τὴν
1063 4318 1234 4382 δντως
1263 4317 1480 4372 κακίαν.
1509 4316 1676 4370 Ὅθεν
1702 4317 1868 4386 φησὶν
1895 4317 1924 4369 6

325 4413 660 4478 Ἀπόστολος
685 4430 700 4444 ·
762 4413 926 4468 Ἐπεὶ
985 4411 1290 4468 ἀδύνατον
1345 4409 1694 4478 ψεύσασθαι
1755 4409 1922 4464 Θεόν.

2006 1946 2204 1993 natura
2237 1939 2397 2008 culpa
2433 1945 2641 2002 carent,
2685 1934 3023 1991 cuicuimodi
3090 1933 3253 1988 fuerit
3309 1934 3600 2003 operatio:

2008 2047 2118 2086 non
2153 2032 2299 2086 enim
2336 2030 2612 2086 ratiocinii
2649 2044 2810 2084 usum
2851 2028 3074 2091 habent,
3123 2043 3231 2097 quo
3257 2027 3467 2098 possint
3508 2027 3607 2080 fa—

2009 2121 2204 2177 cienda
2238 2121 2569 2177 discernere.
2612 2120 2669 2174 In
2705 2119 3026 2174 hominibus
3057 2128 3238 2174 autem
3275 2119 3381 2173 alia
3409 2127 3604 2173 natura

2010 2215 2350 2284 temperatis,
2383 2222 2514 2270 sunt
2544 2215 2657 2268 haec
2689 2213 2968 2268 interdum
3012 2213 3234 2282 proprie
3267 2214 3435 2278 mala,
3473 2228 3601 2266 cum

2009 2316 2159 2361 recta
2192 2306 2336 2360 ratio
2379 2322 2486 2361 non
2533 2313 2753 2376 praest,
2788 2305 2916 2376 quia
2951 2305 3169 2376 ignavia
3215 2313 3401 2360 nostra
3450 2304 3604 2358 inﬁr-

2011 2407 2215 2462 matur,
2247 2398 2334 2453 vel
2377 2397 2604 2452 omnino
2635 2396 3007 2466 voluptatibus
3040 2405 3122 2450 est
3161 2393 3464 2449 debilitata.
3513 2394 3605 2448 Et-

2012 2491 2160 2544 enim
2195 2499 2476 2561 peccatum
2514 2498 2601 2544 est
2649 2505 2777 2544 cum
2825 2491 2883 2544 ﬁt
2917 2489 3112 2544 eleCtio
3155 2497 3210 2543 et
3245 2503 3382 2543 usus
3417 2503 3605 2542 rerum

2013 2581 2098 2638 vel
2119 2592 2365 2648 actuum,
2387 2597 2510 2653 quae
2534 2582 2859 2636 naturaliter
2883 2581 2999 2636 ﬁeri
3022 2590 3076 2636 et
3103 2597 3211 2634 non
3237 2581 3351 2634 ﬁeri
3374 2589 3608 2650 possunt

2013 2691 2044 2731 a
2092 2675 2458 2731 rationalibus
2507 2675 2908 2730 animantibus.
2951 2673 3126 2729 Porro
3152 2675 3328 2729 virtus
3365 2674 3608 2729 hominis

2013 2777 2117 2835 est,
2155 2778 2214 2824 ut
2239 2769 2415 2838 possit
2453 2768 2660 2838 aliquid
2695 2785 2876 2840 agere,
2914 2768 2983 2823 ad
3014 2767 3157 2838 quod
3192 2767 3427 2822 naturali
3456 2780 3609 2821 motu

2015 2859 2305 2926 incitetur;
2359 2859 2506 2930 quod
2557 2859 2699 2914 idem
2748 2859 2794 2914 si
2842 2859 2896 2913 in
2944 2857 3275 2928 quibusdam
3334 2857 3611 2926 adjunctis

2014 2951 2160 3006 male
2205 2949 2358 3016 ﬁeri,
2401 2958 2494 3003 aut
2523 2949 2751 3003 omnino
2795 2963 3010 3018 semper
3041 2949 3289 3016 iniquum
3328 2948 3608 3012 credatur,

2016 3043 2088 3095 ab
2122 3057 2190 3096 eo
2227 3042 2520 3103 abstineat,
2577 3040 2808 3096 rationis
2859 3040 3254 3110 gubernatione
3293 3049 3514 3102 rectus,
3557 3047 3612 3092 et

2017 3134 2359 3203 voluptatum
2391 3132 2676 3187 illecebras
2716 3132 2906 3186 calcet.
2943 3130 3048 3185 Sed
3091 3131 3279 3185 dicunt
3309 3145 3322 3182 :
3357 3129 3463 3182 Cur
3503 3144 3612 3182 non

2021 3225 2310 3294 incapaccs
2351 3240 2452 3278 nos
2497 3222 2705 3294 peccati
2744 3221 2872 3276 fecit
2901 3221 3066 3286 Deus,
3100 3231 3159 3275 ut
3197 3236 3481 3290 nunquam
3513 3236 3612 3273 vo-

2018 3316 2238 3370 luntarii
2297 3314 2693 3384 peccaremns?
2749 3314 2943 3366 Verum
2988 3311 3083 3380 qui
3141 3310 3257 3364 hate
3307 3309 3611 3379 objiciunt,

2021 3406 2357 3463 stomachari
2379 3406 2652 3466 videntur,
2675 3403 2818 3472 quod
2843 3419 2936 3456 eos
2965 3402 3108 3456 Deus
3129 3402 3334 3472 lapides
3351 3410 3446 3454 aut
3471 3402 3616 3470 ligna

2021 3515 2131 3555 non
2168 3499 2377 3562 fecerit,
2416 3509 2467 3553 et
2508 3498 2670 3552 irasci
2705 3495 3042 3550 benefactori
3068 3537 3083 3561 ,
3133 3505 3422 3564 propterra
3465 3493 3615 3562 quod

2021 3592 2321 3646 rationales
2356 3590 2609 3644 homines
2635 3589 2924 3652 creaverit,
2951 3598 3005 3640 et
3039 3602 3146 3640 non
3179 3587 3358 3655 potius
3382 3587 3446 3640 ad
3486 3584 3616 3639 boni

2021 3686 2266 3755 malique
2295 3684 2620 3738 electionem
2663 3682 2886 3737 inertes.
2923 3681 3078 3747 Quod
3113 3681 3157 3735 si
3184 3681 3375 3734 dicunt
3407 3681 3617 3749 πονοι*-

2025 3777 2131 3832 tuit
2170 3791 2271 3831 nos
2305 3775 2422 3831 ﬁeri
2451 3775 2769 3840 rationales,
2801 3773 3044 3843 bonique
3082 3781 3138 3826 et
3165 3771 3294 3826 mali
3328 3769 3615 3827 discretio-

2023 3886 2150 3926 nem
2183 3870 2406 3934 habere,
2459 3869 2554 3924 sed
2602 3876 2786 3922 tamen
2829 3867 2882 3919 in
2916 3876 3062 3919 recte
3100 3865 3312 3934 agendo
3355 3863 3618 3919 immotos

2025 3973 2305 4034 perstare;
2346 3961 2481 4016 nihil
2530 3961 2580 4014 hi
2611 3959 2746 4014 mihi
2779 3958 2925 4013 aliud
2955 3957 3208 4011 videntur
3240 3971 3484 4026 quaerere
3512 3957 3614 4011 nisi

2030 4066 2090 4110 ut
2121 4070 2222 4110 nos
2256 4055 2507 4108 homines
2540 4067 2649 4107 non
2680 4050 2956 4115 ﬁeremus,
2995 4048 3088 4104 sed
3116 4049 3308 4102 eadem
3336 4063 3444 4119 qua
3473 4047 3618 4104 Deus

2028 4157 2226 4202 natura
2257 4148 2581 4201 ditaremur.
2636 4143 2798 4198 Solus
2823 4142 3029 4212 quippe
3059 4140 3205 4197 Deus
3234 4142 3347 4196 veri
3376 4143 3505 4196 mali
3537 4142 3618 4198 fa-

2025 4241 2201 4296 ciendi
2222 4240 2494 4309 impotens
2514 4247 2618 4292 est.
2648 4234 2800 4290 Unde
2827 4236 2904 4289 ait
2923 4233 3252 4304 Apostolus:
3287 4234 3619 4304 Impossibile

2026 4349 2138 4386 esse
2168 4332 2379 4386 mentiri
2413 4330 2600 4384 Deum.
2653 4328 2786 4382 Nam
2824 4327 3028 4382 malitia
3057 4326 3343 4383 inﬁrmitas
3370 4330 3620 4395 quantam

2027 4435 2132 4489 est,
2163 4439 2284 4493 qua:
2314 4423 2367 4477 in
2402 4422 2600 4477 creatis
2642 4419 2979 4488 conspicitur
3008 4438 3023 4475 :
3061 4419 3207 4488 apud
3244 4435 3376 4476 vero
3403 4421 3620 4476 increa-

328 4509 394 4562 'H
418 4505 534 4577 γάρ
560 4504 732 4560 κακία
761 4501 1020 4559 ἀσθένειά
1049 4501 1132 4566 τίς
1164 4503 1312 4556 ἐστιν
1331 4501 1389 4555 ἐν
1413 4502 1664 4570 γενητοῖς
1696 4499 1912 4571 θεωρουι

2034 4528 2171 4583 ιιιιη,
2206 4515 2485 4586 quodnam
2535 4515 2608 4568 sit
2640 4512 2975 4566 inﬁrmitatis
3015 4512 3346 4581 vestigium?
3384 4513 3538 4579 Quod
3571 4515 3621 4571 si

319 4602 461 4670 μένη
485 4613 501 4628 .
559 4595 716 4666 παρὰ
746 4596 802 4650 δὲ
830 4594 910 4667 τῷ
943 4595 1195 4665 ἀγενήτῳ
1244 4593 1397 4646 ποῖον
1441 4590 1587 4662 ῐχνος
1636 4591 1792 4644 ἔσται
1826 4591 1927 4663 τῆς

317 4690 649 4756 ἀσθενείας;
703 4689 768 4741 Ei
800 4688 859 4742 δὲ
895 4687 999 4757 τῆς
1027 4685 1201 4756 αὐτῆς
1237 4679 1383 4756 ἦμεν
1413 4683 1631 4752 φύσεως
1674 4681 1755 4755 τῷ
1784 4681 1925 4753 Θεῷ,

316 4783 512 4842 οὐκέτι
543 4778 689 4854 ἦμεν
723 4779 880 4834 αὐτοὶ
903 4775 1389 4850 δημιουργήματα,
1422 4773 1576 4838 ὄντες
1607 4773 1720 4828 θεοὶ
1744 4771 1923 4841 φύσει,

313 4877 518 4946 ὥσπερ
551 4870 648 4929 οὖν
679 4872 890 4935 ἐκεῖνός
919 4871 1038 4928 ἐστι
1061 4868 1223 4933 Θεός.

901 5031 1044 5101 Περὶ
1081 5029 1369 5096 σκότους.

401 5172 605 5236 Σκότος
627 5167 730 5225 οῦν
756 5169 1003 5242 ὁριστέον
1034 5185 1092 5222 τι
1121 5165 1366 5236 ἀφεγγὲς
1397 5163 1492 5218 τοῦ
1524 5165 1708 5238 ἀέρος,
1739 5164 1934 5236 στερή-

331 5283 416 5320 σει
447 5264 652 5334 φωτὸς,
687 5266 791 5318 οὐκ
829 5263 988 5334 οὐσίᾳ
1016 5259 1322 5332 ὑφεστηκός
1348 5273 1362 5288 °
1413 5257 1447 5329 ή
1483 5259 1648 5314 τόπον
1683 5257 1743 5326 ἐξ
1783 5258 1935 5312 ἀντι-

339 5357 598 5430 φράξεως
657 5354 888 5427 δώματα
933 5354 1292 5425 σκιαζόμενον
1321 5367 1336 5383 ·
1372 5351 1466 5406 καὶ
1501 5349 1689 5415 ἁπλῶς
1737 5350 1934 5414 εἰπεῖν,

327 5451 504 5504 τόπον
540 5448 719 5518 φωτὸς
756 5446 1147 5518 ἐστερημένον.

663 5583 1073 5655 Συλλογισμοὶ
1099 5583 1286 5654 ἁγίων
1314 5577 1609 5648 Πατέρων.

2033 4627 2134 4665 nos
2171 4608 2417 4678 ejusdem
2455 4621 2560 4676 qua
2596 4603 2738 4660 Deus
2771 4613 2982 4659 naturae
3013 4619 3283 4670 essemus,
3335 4605 3478 4660 haud
3506 4605 3619 4675 jam

2033 4702 2218 4759 hercle
2247 4709 2514 4755 creaturae
2537 4698 2866 4762 diceremur,
2897 4696 2992 4752 sed
3023 4695 3100 4752 dii
3118 4707 3318 4751 natura
3347 4712 3618 4766 essemus,

2032 4796 2175 4851 sicut
2205 4794 2294 4848 ille
2327 4791 2470 4847 Deus
2501 4798 2604 4845 est.

2649 5015 2725 5070 De
2771 5013 3017 5069 tenebris.

2105 5155 2368 5211 Tenebrae
2411 5152 2736 5209 deﬁnienda!
2771 5159 2900 5206 sunt
2941 5146 3086 5205 aeris
3131 5147 3378 5220 quaedam
3421 5143 3638 5203 obscuA

2019 5249 2193 5322 ritas,
2244 5245 2388 5302 lucis
2447 5244 2721 5308 orbitate,
2773 5257 2882 5296 non
2934 5241 3142 5312 aliquid
3189 5237 3626 5295 substantialiter

2035 5342 2346 5399 subsistens
2376 5358 2393 5396 :
2422 5336 2510 5393 vel
2552 5337 2709 5392 locus
2755 5335 3133 5392 obstructione
3175 5344 3406 5401 corpora
3435 5328 3644 5410 obum-'

2042 5435 2184 5500 hret,
2221 5440 2336 5499 aut,
2373 5439 2435 5485 ut
2473 5427 2782 5500 simplicius
2815 5427 3049 5491 dicatur,
3081 5425 3238 5479 locus
3265 5423 3386 5476 luce
3411 5434 3630 5477 carens.

2375 5569 2695 5624 Sanctorum
2736 5563 2962 5618 Patrum
2995 5561 3311 5633 syllogismi.

335 5722 604 5798 (Exstant
621 5724 680 5784 in
702 5721 973 5796 opusculo
997 5719 1214 5798 Didymi
1247 5711 1604 5774 Alexandrini
1630 5717 1823 5766 contra
1851 5707 2204 5774 Manichaeos,
2222 5715 2423 5763 nostrae
2445 5703 2768 5774 Patrnlogiae
2792 5711 2927 5757 tom.
2956 5695 3207 5756 XXXIX.
3226 5705 3283 5754 et
3303 5696 3448 5752 inter
3462 5707 3633 5765 opera

573 5803 583 5809 .
693 5805 722 5810 .-
1035 5798 1051 5806 -
1657 5802 1714 5858 S.
1751 5801 1999 5876 Gregorii
2051 5800 2329 5876 Nysseni.)
2833 5809 2837 5813 ’
