4062 6424
657 675 868 885 S.
991 679 1116 882 J
1133 671 1855 885 OANN
1877 674 2129 885 IS
2285 669 3440 883 ABBATIS

1981 1133 2199 1186 γυιθο

1564 1419 2576 1590 CLIMACI

1208 1843 2042 2035 ΟΡΕΒΑ
2177 1845 2978 2029 ΟΜΝΙΑ

1311 2317 1605 2368 EDITORE
1631 2316 1712 2366 ΕΤ
1741 2315 1814 2368 IN
1829 2314 2179 2365 TERPRETE
2203 2315 2552 2366 ΠΔΤΤΗΔΌ
2589 2315 2862 2367 RADBRO.

441 2599 685 2665 (Lutetia
729 2599 1059 2660 Parisiorum,
1102 2595 1386 2661 sumptibus
1427 2595 1705 2648 Sebastiani
1750 2596 2019 2658 Cramoisy,
2044 2596 2124 2647 via
2160 2595 2403 2657 Jaoobna,
2426 2595 2518 2646 sub
2538 2591 2766 2648 Cioonils.
2807 2592 3134 2649 MDCXXIIII
3170 2595 3254 2645 fol.
3303 2607 3411 2646 cum
3430 2591 3702 2660 privilegio

1970 2677 2166 2744 Regis.)

1256 3172 1746 3233 EMINENTISSIMO
1784 3172 2126 3237 CARDINALI
2153 3174 2310 3238 Duc:
2339 3193 2419 3235 os
2451 3177 2823 3238 RICHELIEU.

521 3494 651 3556 Tua
680 3495 908 3565 virtus,
943 3489 1447 3552 Eminentissime
1473 3489 1861 3562 Cardinalis,
1896 3497 2122 3568 tuaque
2148 3498 2371 3550 merita
2402 3490 2467 3550 in
2498 3506 2634 3548 eum
2671 3487 3005 3566 dignitatis
3041 3505 3102 3552 et
3129 3486 3530 3554 auctoritatis
3550 3495 3698 3573 api-

438 3640 564 3684 cem
592 3630 648 3682 te
672 3625 1126 3699 provexerunt,
1157 3624 1229 3677 ut
1261 3624 1318 3676 te
1344 3614 1632 3677 venerari
1668 3631 1904 3674 eminus
1935 3633 2006 3674 ac
2036 3615 2354 3688 suspicere
2385 3614 2704 3692 possimus
2731 3635 2752 3682 ;
2803 3615 3114 3694 attingere
3168 3626 3375 3678 autem
3433 3636 3506 3677 ac
3543 3635 3699 3696 pro-

433 3749 582 3827 pius
645 3748 885 3808 intueri
940 3744 1174 3805 nemini
1232 3739 1438 3817 liceat,
1517 3743 1647 3804 nisi
1701 3758 1816 3820 per
1855 3750 1966 3802 tua
2020 3741 2286 3820 vestigia
2338 3759 2570 3822 perque
2629 3741 2936 3803 virtutum
2997 3751 3249 3804 tuarum
3298 3744 3557 3821 gradus,
3601 3741 3700 3803 rei

435 3874 766 3945 imitando,
799 3870 891 3931 vel
924 3869 1296 3931 admirando
1322 3867 1592 3928 incedat.
1631 3867 1828 3946 Atque
1854 3883 1962 3944 ego
2002 3885 2080 3926 ea:
2110 3865 2370 3927 illorum
2397 3884 2654 3927 numero
2709 3885 2880 3939 sum,
2925 3868 3034 3946 qui
3067 3869 3316 3946 positus
3359 3870 3428 3930 in
3483 3868 3694 3947 inﬁmo

435 3987 572 4052 loco
610 4002 668 4053 te
703 3992 902 4051 miror
931 3989 1202 4058 assidue.
1234 3999 1404 4050 tuam
1437 3989 1504 4048 in
1531 3989 1725 4048 Deum
1749 3989 2072 4067 pietatem,
2100 3989 2450 4049 comitatem
2480 3995 2535 4046 et
2578 3987 3036 4067 beneﬁcentiam
3065 3989 3134 4050 in
3161 4009 3368 4050 omnes
3396 3989 3693 4060 homines,

432 4119 920 4181 moderationem
962 4119 1031 4180 in
1054 4120 1181 4181 tuis
1203 4117 1412 4192 rebus,
1447 4118 1514 4178 in
1548 4115 1829 4196 publicis
1892 4136 2036 4178 vero
2098 4115 2494 4194 sapientiam,
2557 4114 2760 4194 ﬁdem,
2820 4117 2946 4178 vim
3003 4115 3244 4194 ingenii
3272 4112 3696 4176 incredibilem

430 4241 660 4322 ubique
688 4243 970 4321 suspicio
1003 4261 1078 4302 ac
1103 4241 1476 4320 depmdico.
1523 4239 1599 4301 Et
1626 4258 1794 4300 nunc
1852 4242 2001 4320 quia
2049 4241 2318 4319 pateris,
2351 4240 2858 4301 Eminentissime
2905 4240 3289 4315 Cardinalis,
3343 4241 3428 4303 ad
3447 4249 3504 4302 te
3539 4239 3694 4301 mihi

432 4378 747 4421 accessum
777 4362 943 4434 dari,
973 4361 1176 4420 scalas
1203 4359 1426 4440 affero,
1468 4360 1536 4421 in
1560 4359 1786 4439 quibus
1815 4370 1938 4421 tua:
1958 4361 2224 4422 virtutes
2254 4363 2437 4442 quasi
2472 4362 2840 4442 quibusdam
2872 4365 3176 4442 gradibus
3201 4366 3515 4427 distincta:
3541 4365 3693 4426 mihi

432 4483 792 4562 ceterisque
829 4483 912 4544 ad
937 4492 1107 4544 tuam
1130 4483 1558 4547 celsitudinem
1585 4485 1830 4548 aditum
1850 4493 2110 4562 parant,
2145 4484 2264 4546 tibi
2299 4503 2445 4546 vero
2475 4484 2558 4546 ad
2589 4485 2823 4548 caleste
2875 4487 3120 4553 Numen
3150 4487 3532 4550 commodum
3573 4491 3692 4551 iter

430 4615 721 4668 sternunt
775 4615 829 4666 et
858 4607 1377 4685 compendiosum.

587 4901 956 4966 Eminentia
990 4907 1135 4968 Tua
1222 4883 1224 4886 Ι

1922 5225 2269 5315 Addictissi
2277 5273 2432 5329 mus,
2480 5229 2910 5321 Ssnas'ruscs
2961 5261 3408 5330 CRAMOISY.
