4062 6502
461 429 570 492 599

1756 425 2111 489 MATI'H.'EI
2171 430 2457 493 RADERI

3635 428 3754 492 600

463 539 818 610 simplicitate
877 547 1065 609 postea
1123 540 1407 605 imbutus,
1473 556 1570 608 per
1623 541 2050 597 submissionrm

2167 546 2381 613 κρόνους
2410 547 2740 615 διαπεράνας
2789 544 3157 614 ἀνολιγὼρως,
3199 546 3293 597 καὶ
3319 546 3533 597 διακαεῖ
3573 544 3749 615 ἔρωτι

463 632 631 686 animi
684 631 1042 685 mirissimum
1087 632 1236 685 illum
1268 631 1546 700 sapientia:
1583 632 1659 703 (It)
1719 635 2041 703 applausqu

465 724 773 791 {astumque
803 722 1124 792 proscripsit
1149 731 1203 777 et
1229 721 1550 778 eliminavit.
1567 723 1686 778 Jam
1720 728 2044 781 vicesimum

469 830 679 868 annum
707 829 956 878 exorsus,
992 829 1113 868 cum
1145 815 1428 883 prmmisso
1460 816 1523 870 ad
1556 818 1832 872 cmlcstem
1863 819 2048 891 impe—

464 915 702 962 ratorem
738 920 840 960 suo
873 904 1101 974 prmside
1141 913 1401 976 tanquam
1458 908 1634 978 legato
1671 918 1726 964 et
1773 919 2005 979 patrono
2030 952 2045 976 ,

466 1000 585 1069 ipse
615 1010 834 1066 quoque
858 1009 983 1050 cum
1015 997 1190 1067 copiis
1222 1006 1277 1052 et
1312 1010 1576 1069 apparatu
1620 1001 1815 1057 bellico
1849 1019 2049 1075 propu-

467 1086 712 1156 gnaculis
766 1085 1005 1140 hostium
1047 1088 1378 1144 subruendis
1428 1101 1772 1161 opportuno,
1816 1094 1869 1148 in
1925 1105 2046 1150 sta-

465 1179 615 1234 dium
650 1180 773 1235 vita:
803 1180 1003 1250 quietae
1042 1188 1097 1235 et
1126 1181 1387 1236 solitaria:
1416 1184 1600 1251 magni
1629 1182 1776 1239 illius
1804 1186 2050 1256 magistri

467 1274 551 1327 sui
579 1274 834 1343 precibus
876 1284 1123 1331 armatus
1161 1275 1463 1345 ingreditur
1491 1274 1867 1351 [descendit];
1905 1281 2052 1335 loco-

467 1380 575 1432 que
600 1404 614 1427 ,
646 1364 734 1419 cui
769 1362 972 1420 Tholas
999 1363 1061 1436 (ἱ)
1097 1380 1293 1420 nomen
1315 1408 1329 1432 ,
1364 1368 1649 1423 certamini
1690 1370 1758 1425 ad
1801 1371 2051 1441 quintum

470 1456 540 1509 ab
582 1456 695 1510 aade
740 1470 897 1511 sacra
941 1456 1177 1527 lapidem
1231 1457 1464 1523 delecto,
1503 1461 1867 1532 quadraginta
1904 1463 2053 1534 ipsos

471 1561 646 1602 annos
710 1546 845 1601 inibi
899 1548 1108 1603 cwlesti
1171 1549 1377 1605 amoris
1435 1552 1653 1605 ﬂamma
1714 1569 2053 1620 succensus,

472 1636 721 1707 adeoque
769 1652 985 1708 semper
1029 1639 1228 1696 ardens
1265 1650 1619 1711 aestuansque
1666 1642 1896 1715 impigre
1947 1654 2058 1701 tra-

473 1728 647 1781 duxit.
707 1725 997 1783 Enimvero
1059 1730 1148 1783 cui
1200 1737 1350 1785 tanta
1401 1731 1618 1787 dicendi
1668 1735 1784 1801 vis,
1841 1734 2058 1793 fandive

474 1819 631 1887 cepia
664 1818 769 1883 sit,
806 1819 884 1874 uti
916 1819 1164 1890 iungentes
1197 1820 1341 1877 illius
1371 1822 1584 1880 labores
1613 1824 1723 1881 illic
1754 1827 2059 1884 exantlatos

477 1912 589 1965 ullo
617 1911 881 1966 orationis
907 1913 1172 1982 applausu
1201 1913 1285 1968 vel
1314 1916 1555 1985 assequi,
1579 1933 1647 1971 ne
1668 1917 1844 1973 dicam
1870 1920 2060 1975 trium-

477 2001 645 2070 phare
675 2003 886 2072 possit?
909 2001 975 2055 Et
1005 2018 1133 2058 vero
1163 2017 1274 2074 quo
1304 2014 1493 2075 pacto,
1525 2008 1670 2079 quod
1711 2010 1848 2064 clam
1880 2011 2059 2066 omni-

479 2095 582 2149 bus
621 2093 673 2147 in
707 2095 926 2151 occulto
962 2094 1272 2151 solitudinis
1315 2097 1535 2154 silentio
1588 2099 1658 2155 ab
1705 2101 1799 2156 illo
1845 2112 2057 2179 gestum

478 2194 581 2248 est,
626 2185 680 2237 in
730 2185 1007 2254 publicum
1045 2185 1394 2257 proferetur?
1432 2187 1645 2245 Licebit
1685 2201 1866 2248 tamen
1912 2195 2060 2249 velut

478 2288 543 2327 ex
581 2273 766 2328 libatis
799 2273 1127 2345 quibusdam
1158 2274 1377 2347 frugum
1408 2278 1665 2349 primitiis
1700 2296 1893 2337 omnes
1935 2300 2061 2340 san-

479 2365 710 2420 ctissimi
740 2365 842 2419 viri
881 2367 1261 2424 sanctissimas
1294 2384 1426 2442 opes
1452 2371 1519 2443 (j)
1544 2382 1599 2427 et
1629 2373 1858 2431 virtutes
1891 2376 2060 2430 animi

476 2461 769 2529 praecipere
791 2469 843 2515 et
868 2461 1164 2517 aestimare.
1196 2464 1255 2517 lu
1282 2480 1471 2520 mensa
1501 2466 1638 2520 nihil
1662 2467 1942 2538 rejiciebat
1964 2467 2060 2540 (It),

475 2553 622 2620 quod
657 2567 687 2607 a
716 2553 840 2607 vitae
873 2553 1146 2625 religiosae
1184 2555 1442 2612 instituto
1469 2558 1789 2630 legibusque
1826 2577 1932 2617 non
1963 2564 2062 2618 ah-

477 2644 754 2711 horrebat,
791 2645 885 2701 scd
910 2645 1092 2702 cibum
1120 2646 1194 2701 ita
1227 2649 1440 2706 modice
1464 2650 1756 2724 subrieque
1785 2656 2059 2725 sumpsit,

478 2736 554 2789 uti
586 2746 805 2805 gustare
848 2738 1028 2807 potius
1056 2754 1220 2810 quam
1251 2741 1413 2797 edere
1446 2741 1739 2800 videretur.
1782 2745 1957 2818 Atque
1984 2749 2062 2804 ita

477 2827 768 2894 existimo,
817 2827 994 2884 fracto
1040 2846 1211 2886 cornu
1253 2834 1523 2904 superbiae
1568 2852 1667 2906 per
1708 2840 2060 2897 sobrietatem

479 2920 731 2988 quidem,
780 2922 877 2976 sed
920 2922 1183 2978 brevitate
1211 2927 1425 2995 prandii
1463 2936 1517 2983 et
1565 2945 1736 2986 comae
1783 2932 2061 2989 dominam

477 3015 809 3087 voluptatem
853 3018 1041 3073 multis
1083 3018 1372 3075 exitiosam
1418 3023 1598 3089 elisit,
1638 3040 1762 3079 cum
1808 3042 1907 3096 per
1938 3043 2065 3098 ege-

478 3118 673 3164 statem
702 3111 1051 3176 exclamaret,
1093 3110 1245 3176 Tace,
1279 3114 1571 3170 obmutesce
1598 3116 1652 3181 ³;
1685 3132 1780 3187 per
1812 3119 2064 3174 solitudi-

2150 635 2243 686 καὶ
2273 636 2407 704 πυρὶ
2444 632 2885 703 πυρπολούμενος
2917 631 3021 686 ἀεί.
3064 631 3223 685 Ἀλλὰ
3252 631 3329 695 τίς
3352 633 3500 686 ἐστιν
3528 633 3746 697 ίκανὺς,

2148 729 2336 802 ὥσπερ
2381 732 2561 785 ἐκεῖσε
2608 731 2835 785 διετέλει
2885 732 3079 795 πόνους
3112 731 3291 800 λόγοις
3338 732 3742 805 θριαμϐεῦσαι,

2148 831 2244 884 καὶ
2274 830 2537 902 κροτῆσαι
2579 833 2700 894 ταῖς
2732 830 3015 901 διηγήσεσι
3063 830 3360 903 δυνάμενος
3394 849 3408 899 ;
3458 833 3581 898 Πῶς
3611 833 3658 889 δ’
3691 827 3742 901 ᾧ

2149 923 2258 985 πᾶς
2301 920 2369 992 [δ’
2395 920 2561 993 ἄπας]
2613 926 2771 983 πόνος
2814 920 3032 990 ἀφανῶς
3073 922 3378 993 ὲσπείρετο,
3444 925 3738 994 προφανῶς

2149 1015 2467 1087 λεχθήσεται
2493 1033 2507 1083 ;
2539 1016 2727 1086 Ὅμως
2758 1015 2816 1082 ἐξ
2848 1015 3111 1085 ἀπαρχῶν
3145 1033 3328 1081 τινων,
3352 1015 3451 1088 τὴν
3482 1016 3740 1070 πανόσισν

2150 1110 2339 1163 οὐσίαν
2368 1108 2551 1161 λοιπὸν
2579 1107 2673 1161 τοῦ
2702 1106 2975 1179 τρισοσίου
3025 1107 3364 1179 ἀκούσωμεν.
3403 1108 3598 1161 Ἦσθιε
3640 1110 3746 1179 μὲν

2155 1201 2391 1263 ἅπαντα,
2418 1198 2452 1253 ἃ
2474 1198 2780 1270 ἀμέμπτως
2801 1200 3011 1266 ἐφεῖται
3034 1197 3109 1269 τῷ
3136 1197 3535 1268 ὲπαγγέλματι,
3562 1194 3747 1266 βραχῦ

2152 1293 2208 1347 δὲ
2232 1291 2352 1346 λίαν
2377 1309 2389 1323 ·
2425 1291 2527 1344 κάν
2555 1289 2749 1359 τούτῳ,
2794 1285 2947 1359 οἶμαί
2981 1307 3103 1352 που,
3147 1290 3208 1343 τὸ
3239 1290 3334 1343 τοῦ
3368 1289 3538 1359 τύφου
3570 1290 3749 1358 κέρας

2154 1384 2311 1451 κλῶν¹
2337 1383 2658 1451 πανσὸφως,
2710 1384 2777 1451 τῇ
2830 1381 2929 1451 μὲν
2963 1379 3260 1452 βραχύτητι
3310 1381 3408 1453 τὴν
3451 1381 3749 1434 δέσποιναν

2156 1476 2372 1538 πολλοῖς
2416 1474 2834 1545 μιμάσσουσαν
2865 1470 3294 1545 [μαιμάζουσαν.
3324 1473 3365 1542 ἣν
3392 1472 3603 1544 μέλλων
3624 1472 3749 1526 ἐστὶ

2158 1570 2367 1641 χρόνος.
2406 1567 2698 1639 μαιμὰσων
2730 1566 3104 1639 μαιμάσουσα]
3146 1568 3407 1635 ἐξέθλιϐε,
3435 1569 3503 1622 δι’
3532 1569 3748 1633 ἐνδείας

2161 1658 2299 1730 βοῶν
2353 1659 2526 1728 αὐτῇ·
2612 1658 2846 1726 Σιώπα,
2889 1659 3236 1728 πεφίμωσο·
3283 1659 3490 1731 ἐρημίᾳ.
3534 1659 3591 1712 δὲ
3648 1661 3750 1713 καὶ

2160 1751 2453 1825 ἀσυνουσίᾳ
2479 1751 2785 1822 προσώπων
2810 1752 2906 1825 τὴν
2934 1752 3110 1822 φλόγα
3138 1753 3236 1821 τῆς
3269 1751 3503 1820 καμίνου
3538 1752 3749 1821 ταύτης

2162 1843 2491 1899 κατέσϐεσεν
2527 1860 2540 1872 ·
2594 1842 2671 1905 ὡς
2713 1844 2792 1906 είς
2820 1841 2972 1906 τέλος
3003 1841 3171 1912 αὐτὴν
3204 1840 3388 1894 λοιπὸν
3416 1843 3748 1912 ἀποτεφρωο

2161 1936 2322 2006 θῆναι
2372 1933 2468 2005 (Ι),
2520 1932 2615 1987 καὶ
2660 1931 3092 2002 κατευνασθῆναι
3138 1930 3340 1985 τέλεον.
3403 1930 3648 1983 Εἰδώλων
3688 1930 3751 1982 δὲ

2161 2023 2530 2097 προσκύνησιν
2564 2022 2726 2094 ἐλαίῳ
2756 2020 2851 2092 (ut)
2899 2021 2995 2075 καὶ
3054 2020 3246 2074 σπάνει
3297 2019 3610 2087 ἀναγκαέων
3650 2021 3752 2072 dw-

2158 2116 2351 2187 δρείως
2383 2117 2411 2168 6
2441 2113 2682 2185 ἀνδρεῖος
2708 2112 2949 2182 διέφυγε.
3001 2112 3195 2182 Ψυχῆς
3222 2109 3278 2163 δὲ
3313 2109 3403 2163 τὸν
3442 2108 3559 2162 καθ’
3594 2108 3752 2179 ὥραν

2162 2204 2457 2279 [κὰθωρον]
2510 2204 2759 2268 θάνατον,
2811 2205 2905 2258 καὶ
2955 2202 3205 2275 πάρεσιν,
3260 2201 3489 2255 Θανάτου
3534 2200 3753 2272 κέντρῳ

2160 2300 2373 2355 νύσσων
2393 2296 2651 2372 [νυσσῶν]
2675 2296 2937 2366 ἀνέστησε
2964 2312 2977 2325 ⁸
3013 2297 3166 2366 νῆσιν
3186 2293 3230 2347 δ’
3253 2287 3318 2348 αὗ
3346 2293 3750 2364 προσπαθείας,
3818 2310 3835 2319 ι

2161 2389 2195 2461 ἢ
2222 2389 2316 2444 καὶ
2337 2389 2476 2460 τάχα
2496 2387 2682 2440 λοιπὸν
2704 2384 2951 2457 [λοιπῶν]
2977 2385 3071 2438 καὶ
3098 2381 3369 2454 αἰσθητῶν
3390 2382 3538 2453 ἀΰλῳ
3558 2381 3751 2453 δεσμῷ

2161 2481 2338 2553 λύπης
2358 2480 2603 2534 λέλυκεν.
2627 2474 2736 2532 Ἦν
2764 2478 2810 2532 δ’
2840 2475 2989 2546 αὐτῷ
3018 2475 3419 2546 προτεθνηκυῖα
3443 2474 3530 2527 διὰ
3557 2472 3754 2544 ξίφους

2163 2574 2407 2645 ὑπακοῆς
2427 2573 2525 2645 τῆς
2546 2572 2847 2643 μαινάδος-ἡ
2866 2569 3139 2641 τυραννίς.
3157 2567 3490 2638 ’Δπροῒτῳδὲ
3509 2567 3752 2637 σώματι,
3850 2614 3857 2623 ,

2162 2667 2256 2720 καὶ
2277 2664 2663 2737 ἀπροῖτωτέρῳ
2684 2662 2957 2732 φθέγματι
2978 2660 3076 2732 τὴν
3102 2660 3456 2730 ἀραχνόόοξον
3488 2656 3751 2730 [ἀραχνόε

2166 2755 2397 2829 στημον]
2457 2754 2800 2808 τεθανάτωκε
2849 2750 3089 2822 βδέλλαν.
3137 2790 3149 2803 .
3194 2789 3208 2802 .
3254 2789 3268 2802 .
3312 2789 3326 2802 .
3371 2787 3386 2802 .
3434 2788 3447 2803 .
3494 2789 3510 2803 .
3552 2789 3566 2802 .
3612 2787 3625 2799 .
3667 2786 3686 2801 .
3731 2787 3750 2802 .

2163 2849 2231 2904 Τί
2258 2848 2317 2902 τὸ
2347 2847 2446 2917 τῆς
2475 2845 2667 2916 ὀγδόης
2701 2842 2851 2916 παρὰ
2878 2842 2957 2913 τῷ
2991 2841 3140 2913 καλῷ
3166 2841 3343 2913 μύστῃ
3372 2840 3547 2911 τούτῳ
3571 2842 3753 2894 νεάνι-

2163 2941 2252 3003 δος
2280 2937 2513 2992 ἔπαθλον
2539 2953 2553 3002 ;
2603 2935 2668 2988 Τί
2702 2934 2759 2990 δὲ
2788 2937 2895 3007 ἄρα
2923 2934 2950 2986 6
2976 2930 3317 3003 καθαρισμὸς
3345 2932 3374 2983 ὁ
3406 2931 3710 3002 ἀκρότατος
3736 2947 3753 2995 ;

2164 3028 2226 3089 οὗ
2263 3033 2361 3102 μὲν
2404 3030 2687 3100 ἀπήρξατο
2736 3028 2764 3079 6
2807 3030 2905 3097 τῆς
2952 3025 3201 3095 ὑπακοῆς
3252 3024 3547 3094 Βεσελεὴλ,
3599 3040 3745 3076 τετε-ο

2164 3125 2361 3177 λείωκε
2413 3121 2469 3174 δὲ
2523 3122 2553 3173 6
2612 3120 2710 3186 τῆς
2766 3116 3089 3188 ἐπουρανίου
3142 3114 3492 3186 Ἰερουσαλὴμ
3544 3113 3756 3182 Κύριος

479 3217 601 3257 nem
647 3217 775 3257 vero
828 3201 1125 3276 fugamque
1177 3205 1459 3261 hominum
1526 3207 1836 3262 incendium
1893 3209 2057 3279 hujus

2167 3213 2437 3288 παρουσία
2471 3209 2664 3266 ἑαυτοῦ
2698 3209 3042 3279 ἐπιδημήσας
3070 3223 3083 3238 ’
3135 3200 3202 3278 ἧς
3241 3207 3391 3269 ἄνευ,
3448 3206 3508 3258 οὺ
3552 3204 3758 3258 mox-

479 3292 721 3349 fornacis
751 3294 1048 3360 exstinxit,
1084 3295 1329 3366 adeoque
1358 3297 1592 3368 sOpivit,
1634 3308 1692 3353 ut
1739 3300 1792 3354 in
1822 3300 2062 3357 cinerem

479 3389 698 3442 demum
737 3388 1072 3458 redigeretur
1097 3428 1112 3443 .
1153 3389 1455 3445 Avaritiam
1494 3405 1677 3460 porro,
1709 3409 1872 3463 quam
1919 3393 2063 3449 Pau-

481 3478 566 3531 lus
606 3477 875 3533 idolorum
912 3481 1116 3535 cultum
1158 3481 1412 3552 appellat,
1449 3482 1781 3554 benignitate
1834 3485 1887 3539 in
1958 3489 2062 3542 mi-

481 3584 665 3637 sares,
710 3580 764 3625 et
808 3585 989 3626 rerum
1017 3569 1165 3629 domi
1201 3574 1636 3632 necessariarum
1672 3574 1855 3646 inopia
1896 3593 2065 3650 gene-

556 3754 575 3784 ³
609 3752 775 3809 Marc.
804 3770 877 3819 tv,
912 3756 999 3809 39.

476 3956 797 4015 τάσσεσθαι.
837 3956 971 4032 Qum
998 3965 1053 4013 tu
1078 3957 1150 4013 ita
1187 3960 1346 4014 velim
1369 3961 1673 4032 intelligas:
1707 3961 1920 4017 Etenim
1964 3964 2068 4021 Cli-

485 4043 675 4085 macus
714 4030 881 4100 omni
924 4029 1231 4100 litterarum
1277 4029 1638 4086 humanarum
1719 4048 1917 4100 genere
1975 4051 2069 4091 ac-

486 4106 677 4153 curate
726 4098 999 4174 excultus,
1051 4099 1190 4174 inter
1220 4100 1416 4174 idiotas
1450 4111 1632 4158 tamen
1679 4098 1744 4174 et
1793 4104 2071 4174 simplices

483 4182 743 4239 tanquam
780 4179 835 4223 et
862 4169 978 4238 ipse
1024 4170 1178 4240 rudis
1230 4180 1285 4226 et
1333 4172 1641 4227 illitteratus
1697 4169 1933 4240 vivebat,
1985 4192 2071 4230 se-

490 4238 780 4312 ipsumgue
811 4249 1035 4312 propter
1076 4238 1242 4312 Deum
1274 4241 1632 4312 deprimebat,
1665 4243 1834 4312 probe
1866 4238 2070 4312 gnarus

485 4309 631 4379 quod
674 4309 816 4363 Deus
853 4310 1019 4390 stulta
1055 4311 1240 4365 mundi
1288 4309 1530 4380 elegerit,
1557 4322 1614 4366 ut
1643 4309 1916 4381 sapientes
1945 4331 2072 4371 con-

486 4381 761 4443 funderet,
795 4387 848 4432 et
886 4394 1023 4448 ipse,
1067 4379 1176 4435 Deo
1209 4381 1489 4436 inimicum
1516 4398 1759 4437 amorem
1814 4384 1924 4447 sui,
1978 4387 2070 4449 qui

489 4467 558 4505 ex
583 4448 811 4505 scientia
838 4457 894 4502 et
952 4450 1262 4505 eruditione
1321 4452 1587 4516 nascitur,
1634 4467 1697 4506 ex
1731 4468 1917 4510 amore
1978 4448 2071 4509 Dei

492 4522 735 4593 (propter
765 4517 956 4586 Deum)
983 4534 1084 4575 sua
1118 4521 1341 4593 solertia
1374 4592 1379 4593 ί
1406 4522 1612 4593 ingenii
1670 4524 2070 4593 exstinguebat.

491 4587 816 4658 Ostenditur
862 4602 993 4643 vero
1021 4605 1114 4658 per
1148 4592 1262 4645 haec
1295 4587 1517 4647 indocto
1535 4592 1698 4648 etiam
1727 4602 1783 4647 et
1798 4587 1920 4649 ru'di
1955 4612 2073 4650 ma-

472 4660 665 4729 gistro
692 4657 981 4729 subjectus
1022 4657 1290 4729 paruisse.

561 4729 639 4799 (It)
680 4726 988 4803 Sapientia.
1022 4726 1414 4803 Philosophiae,
1440 4730 1727 4803 Ahumante
1764 4735 2071 4803 sapientiae.

489 4798 769 4875 tiretensis
795 4816 809 4852 :
836 4798 1129 4875 Φιλοσοςρια
1155 4798 1304 4853 ἐστὶν
1353 4800 1502 4875 ἠθῶν
1534 4798 1877 4875 κατόρθωσῐς
1937 4806 2075 4875 μετὰ

489 4869 645 4943 δόξης
685 4867 1070 4943 τῆςμπερὶᾲτοῦ
1098 4869 1250 4934 ὄντος
1303 4867 1557 4940 γνῶσεως
1602 4867 1861 4943 ἀληθινῆς
1921 4867 2075 4943 (ἀλη-

491 4938 660 5013 θοῦς).
691 4937 1044 5013 Philosophia
1071 4949 1159 4994 est
1197 4937 1409 5013 morum
1459 4937 1769 5013 emendatio
1801 4937 2075 5013 cum'Opi-

490 5010 654 5090 nioue
684 5008 752 5063 de
780 5008 929 5075 vera,
962 5010 1087 5080 ejus
1137 5012 1282 5081 quod
1343 5021 1449 5077 est,
1504 5011 1731 5067 orientia
1783 5021 1839 5067 et
1883 5008 2084 5084 cogiti-

491 5094 657 5135 uone.

562 5147 640 5222 Ex
691 5164 803 5219 quo
848 5149 1130 5222 intelligis,
1201 5152 1291 5215 hic
1359 5151 1689 5222 scholiasten
1741 5153 1938 5222 partim
2005 5155 2075 5211 de

490 5219 692 5293 ethica,
722 5219 1286 5293 partimgde'naturali
1335 5221 1683 5293 philosOphia
1733 5219 1790 5277 et
1812 5224 2077 5293 sapientia

490 5290 640 5364 loqjti
672 5306 686 5343 :
718 5290 807 5364 de‘
832 5290 1033 5364 ethica,
1096 5290 1780 5364 quando’pbilos’ophiam
1846 5290 2083 5364 appellat

489 5358 638 5430 ηθῶν
675 5358 1016 5430 κατόρθωσιν
1040 5400 1056 5423 ,
1086 5358 1300 5416 morum
1329 5358 1724 5417 correctionem
1748 5380 1763 5427 ;
1793 5367 1862 5416 de
1881 5358 1899 5364 ⁷
1920 5358 2081 5418 italu-

491 5377 638 5430 ηυων
675 5377 811 5413 κατο
849 5377 1016 5413 υωσιν
1040 5400 1056 5423 ,
1086 5377 1300 5416 morum
1329 5377 1724 5417 οοπθσιιοηεηι
1748 5380 1763 5427 ;
1793 5377 1862 5416 ue
1920 5377 2081 5418 natu-

491 5377 876 5553 ;:;i‘;u%p::go
922 5430 1003 5485 ait
1054 5432 1422 5500 cognitionem
1454 5433 1612 5497 entia,
1663 5443 1723 5486 ut
1776 5432 2081 5505 philosophi

513 5511 812 5557 Oﬂllllﬂllll'.

548 5516 812 5640 iiiuiiir:
842 5571 1021 5625 locum
1057 5571 1201 5626 hunc
1233 5571 1437 5627 Tholas
1462 5572 1534 5627 ad
1565 5583 1868 5628 extremum
1903 5589 2072 5631 nion-

492 5639 566 5693 tis
604 5640 813 5707 pedem
846 5640 1012 5695 situm
1043 5641 1212 5698 fuisse
1229 5642 1411 5695 docet.

568 5706 639 5773 (1°),
668 5707 804 5782 Opes
830 5711 1218 5782 sanctissimas.
1251 5710 1419 5766 Veras
1470 5728 1597 5765 vere
1668 5727 1837 5782 epes;
1880 5728 2074 5782 quem-

496 5773 791 5851 admodum
816 5780 960 5834 enim
986 5795 1017 5835 a
1070 5782 1423 5838 saecularibus
1451 5773 1723 5851 opulentis
1766 5773 2073 5838 nihit'aliud

499 5843 800 5902 substantia
830 5864 992 5918 quam
1051 5866 1201 5921 opes,
1268 5868 1363 5908 seu
1397 5843 1600 5909 divitia:
1672 5852 2073 5924 existimantur,

2176 3308 2465 3379 ρεθήσεται
2490 3305 2518 3357 6
2546 3301 2810 3363 διάϐολος,
2850 3299 2941 3351 καὶ
2973 3301 3005 3366 ἡ
3035 3297 3199 3352 αύτοῦ
3231 3296 3549 3367 σύμμορφος
3581 3294 3759 3366 [συμ-

2176 3395 2387 3469 μορία].
2438 3394 2545 3447 [Ιοῦ
2585 3393 2735 3463 θήσω
2783 3394 2840 3445 ἐν
2885 3393 2951 3461 τῇ
2999 3388 3250 3464 παρούσῃ
3298 3389 3457 3458 ἡμῶν
3494 3387 3587 3441 τοῦ
3630 3403 3762 3439 στε-

2174 3493 2344 3561 φάνου
2402 3488 2576 3559 πλοκῇ
2625 3486 2724 3555 τὴν
2787 3486 2896 3539 τῶν
2946 3483 3195 3553 δακρύων
3259 3483 3469 3536 ἐκείνου
3524 3483 3757 3552 πηγήνς

2182 3579 2505 3652 πράγματος
2538 3576 2638 3630 οὐκ
2672 3577 2729 3630 ὲν
2762 3574 2973 3638 πολλοῖς
2999 3573 3416 3644 ἐνυπάρχοντος,
3437 3565 3510 3627 ὧν
3541 3572 3599 3627 τὸ
3620 3573 3758 3627 ἀπύ-

2175 3965 2249 4018 ita
2285 3964 2529 4018 virorum
2579 3963 2779 4017 virtute
2816 3962 3201 4030 exegllentium
3236 3974 3378 4014 verae
3415 3975 3568 4030 opes,
3627 3961 3764 4013 sunt

2174 4036 2282 4088 vita
2319 4033 2535 4087 virtutis
2572 4033 2808 4087 exculta.
2848 4018 3114 4086 Sifenim
3140 4030 3416 4085 Cretensis
3442 4018 3467 4084 ξ’
3491 4018 3601 4100 Τὴν
3624 4031 3762 4098 ἀλη-

2173 4104 2325 4173 θινὴν
2362 4103 2529 4165 ὅντως
2560 4103 2748 4156 οὐσίαν
2777 4118 2791 4132 '
2834 4102 3034 4173 dig-nep
3065 4100 3314 4173 ydpft'oic
3360 4100 3504 4173 mea
3552 4100 3760 4168 κόσμον

2174 4170 2449 4236 πλουσίοις
2496 4173 2652 4225 οὐσία
2703 4174 2733 4225 δ
2790 4170 3017 4235 πλοῦτος
3073 4170 3372 4239 νομίζεται,
3427 4170 3572 4223 οὕτω
3642 4173 3763 4234 τοῖς

2173 4244 2449 4310 ὲναρέτοις
2493 4242 2649 4295 οὐσία
2688 4242 2837 4295 ἐστὶν
2863 4244 2891 4295 6
2922 4241 3175 4310 ἐνάρετος
3205 4240 3338 4309 βίος.

2245 4308 2321 4385 (It)
2354 4311 2421 4385 In
2451 4329 2630 4385 mense
2680 4311 2813 4385 nihil
2870 4308 3283 4385 rejicielgat._"l‘6
3333 4308 3443 4385 ἀπὸ
3516 4310 3759 4385 πάντων,

2177 4379 2353 4452 inquit
2381 4384 2680 4444 Cretensis,
2710 4381 2819 4453 τῶν
2851 4379 3313 4453 παρατιθεμένων
3335 4381 3369 4451 ἢ
3402 4381 3759 4453 κιρνωμίνων

2175 4449 2376 4509 ἐσθίειν
2421 4454 2514 4507 καὶ
2538 4454 2714 4506 πίνειν
2754 4449 3177 4522 εὐχαριστοῦντα
3204 4449 3367 4522 Θεῴί
3385 4450 3636 4522 οὐδαμῶς
3679 4449 3761 4520 τῷ

2176 4524 2360 4578 κανόνι
2383 4524 2483 4591 τῆς
2515 4522 2765 4590 γνώσεως
2800 4520 3051 4592 μάῄεται.
3093 4521 3276 4592 Πάντα
3305 4521 3414 4589 γὰρ
3442 4520 3584 4574 καλὰ
3615 4521 3758 4592 λίαν·

2173 4594 2235 4647 τὸ
2261 4594 2319 4646 δὲ
2367 4590 2539 4659 ἡδέων
2573 4594 2667 4646 καὶ
2706 4590 2917 4646 πολλῶν
2946 4592 3116 4662 ἡδέως
3147 4590 3450 4662 ἀπέχεσθαι
3502 4592 3611 4662 καὶ,
3637 4590 3761 4644 δια-

2175 4662 2617 4746 κριτ[ικ]ὡτατον
2653 4663 2908 4732 ὑπάρχει,
2941 4659 3034 4715 καὶ
3056 4659 3519 4729 γνωστικὼτατον.
3552 4661 3666 4746 Ούκ
3691 4662 3764 4713 ἂν

2174 4733 2231 4786 δὲ
2261 4750 2370 4786 των
2400 4731 2682 4801 παρόντων
2714 4732 2885 4801 ἡδέως
2917 4732 3436 4801 καταφρονήσωμεν,
3471 4732 3521 4784 εἰ
3561 4747 3635 4801 μη
3665 4731 3764 4784 καὶ

2261 4750 2370 4786 των
2400 4746 2682 4793 παρόντων
2714 4746 2885 4793 ησεως
2917 4746 3436 4793 καταφρονησωμεν,
3471 4746 3521 4784 ει
3561 4747 3635 4793 μη
3665 4748 3740 4784 κα

2174 4735 2231 4786 δὲ
2261 4735 2370 4786 τῶν
2400 4735 2682 4802 παρόντων
2714 4735 2885 4802 ἡδέως
2917 4735 3436 4801 καταφρονήσωμεν,
3471 4735 3521 4784 εἰ
3559 4735 3635 4853 μὴ
3665 4735 3764 4784 καὶ

2174 4801 2268 4857 τοῦ
2311 4800 2445 4855 Θεοῦ
2499 4802 2813 4871 γλυκύτητα
2838 4870 2849 4871 7
2875 4803 2933 4855 ὲν
2987 4801 3135 4871 πάσῃ
3188 4799 3438 4871 αἰσθήσει
3485 4816 3558 4853 κα
3625 4800 3765 4869 πλη-

2180 4872 2410 4943 ροφορίᾳ
2436 4870 2741 4941 γεύσωμενζ
2781 4892 2799 4922 ι
2832 4870 2908 4924 De
2933 4870 3187 4953 omnibus
3237 4870 3360 4941 qua:
3409 4878 3766 4951 apponuntur

2180 4952 2231 4997 et
2259 4942 2619 4996 infunduntur
2648 4942 2810 4997 edere
2837 4952 2891 4996 et
2937 4942 3139 4997 bibere.
3168 4957 3291 4995 cum
3339 4950 3636 4997 gratiarum
3671 4956 3766 4995 ae-

2175 4952 2231 4997 et
2259 4952 2619 4996 infunduntur
2648 4952 2810 4997 edere
2837 4952 2891 4996 ΘΙ.
2937 4952 3139 5000 bibere.
3168 4957 3291 4995 cum
3339 4952 3636 5010 gratiarum
3671 4956 3769 4995 ac-

2177 5013 2346 5074 tione,
2377 5027 2486 5065 non
2521 5021 2726 5081 pugnat
2752 5027 2876 5066 cum
2912 5012 3028 5080 lege
3059 5011 3300 5067 scientiae
3347 5026 3442 5081 seu
3495 5010 3768 5079 cognitio-

2177 5082 2303 5138 nis:
2334 5080 2693 5136 omniaenim
2720 5091 2850 5137 sunt
2883 5082 3037 5136 valde
3067 5081 3207 5135 bona
3241 5081 3386 5149 (qua:
3417 5080 3543 5135 fecit
3574 5081 3762 5147 Deus);

2178 5153 2272 5207 sed
2314 5169 2343 5206 a
2394 5151 2656 5206 suavibus
2704 5160 2759 5206 et
2788 5152 2979 5207 multis
3006 5152 3238 5205 libenter
3284 5161 3339 5204 et
3366 5150 3610 5206 suaviter
3630 5151 3767 5205 abs-

2180 5222 2353 5277 tinere
2391 5224 2620 5290 summa:
2649 5221 2947 5290 prudentiae
2973 5232 3027 5276 et
3051 5222 3295 5276 scientiae
3325 5228 3429 5275 est.
3474 5219 3585 5275 Nec
3612 5221 3763 5276 enim

2179 5292 2248 5347 ab
2279 5292 2364 5347 his
2398 5289 2557 5345 facile
2590 5289 2908 5359 et’jucunde
2934 5292 3354 5353 abstinehimus,
3388 5290 3496 5345 nisi
3527 5291 3582 5344 in
3610 5293 3765 5344 omni

2179 5378 2342 5417 sensu
2369 5368 2425 5415 et
2446 5360 2649 5439 liducia
2682 5362 2772 5417 Dei
2805 5362 3129 5417 suavitatem
3158 5370 3212 5416 ct
3263 5360 3609 5415 dulcedinem
3663 5359 3766 5415 de-

2182 5440 2605 5501 gustavertmus.
2644 5450 2665 5484 ι

2259 5504 2321 5572 (ι)
2357 5499 2792 5557 Camaldulensis
2875 5500 3087 5555 videtur
3169 5500 3366 5572 legisse
3441 5500 3766 5572 ἀπονευρωο

2183 5569 2365 5642 θῆναι,
2423 5571 2832 5642 explicatenim
2861 5572 3147 5642 obstructa.
3183 5569 3368 5636 Longe
3427 5570 3620 5624 melior
3659 5580 3774 5642 gest

2181 5637 2367 5696 noster
2425 5637 2594 5694 codex
2652 5641 3126 5709 ἀποτεφοωῡῆναι,
3184 5642 3241 5694 in
3283 5643 3505 5693 cinerem
3576 5639 3770 5692 redac-

2185 5721 2349 5851 εωῖίίι)
2400 5781 2581 5850 Ἑλέῳᾏ
2623 5780 3004 5851 misericordia,
3033 5795 3142 5834 non
3177 5780 3359 5851 ἐλαίῳ,
3426 5788 3620 5835 asceta:
3672 5790 3761 5832 τεο

2183 5861 2323 5908 teres
2355 5852 2662 5907 tribuebant
2712 5865 2829 5911 sua.
2869 5850 3078 5921 ipsique
3112 5850 3359 5913 egebant.
