  <div class='ocr_page' id='page_1' title='image "/cluster/home/n/w/nwhite01/storage/ocr_20150623/88/coo.31924054869924/325.png"; bbox 0 0 4062 6498; ppageno 0'>
   <div class='ocr_carea' id='block_1_1' title="bbox 391 443 496 508">
    <p class='ocr_par' dir='ltr' id='par_1_1' title="bbox 391 443 496 508">
     <span class='ocr_line' id='line_1_1' title="bbox 391 443 496 508; baseline 0.019 -2"><span class='ocrx_word' id='word_1_1' title='bbox 391 443 496 508; x_wconf 79' lang='lat'><strong>607</strong></span> 
     </span>
    </p>
   </div>
   <div class='ocr_carea' id='block_1_2' title="bbox 1688 443 2359 506">
    <p class='ocr_par' dir='ltr' id='par_1_2' title="bbox 1688 443 2359 506">
     <span class='ocr_line' id='line_1_2' title="bbox 1688 443 2359 506; baseline 0 -1"><span class='ocrx_word' id='word_1_2' title='bbox 1688 443 2050 506; x_wconf 77' lang='grc' dir='ltr'><strong>ΜΑῚἸἩιΕῙ</strong></span> <span class='ocrx_word' id='word_1_3' title='bbox 2075 444 2359 506; x_wconf 78' lang='lat' dir='ltr'><strong>RADERI</strong></span> 
     </span>
    </p>
   </div>
   <div class='ocr_carea' id='block_1_3' title="bbox 3553 439 3669 503">
    <p class='ocr_par' dir='ltr' id='par_1_3' title="bbox 3553 439 3669 503">
     <span class='ocr_line' id='line_1_3' title="bbox 3553 439 3669 503; baseline -0.017 0"><span class='ocrx_word' id='word_1_4' title='bbox 3553 439 3669 503; x_wconf 82' lang='lat'><strong>608</strong></span> 
     </span>
    </p>
   </div>
   <div class='ocr_carea' id='block_1_4' title="bbox 395 548 2004 627">
    <p class='ocr_par' dir='ltr' id='par_1_4' title="bbox 395 550 1977 626">
     <span class='ocr_line' id='line_1_4' title="bbox 395 550 1977 626; baseline 0.004 -21"><span class='ocrx_word' id='word_1_5' title='bbox 395 553 487 616; x_wconf 82' lang='lat' dir='ltr'><strong>tis,</strong></span> <span class='ocrx_word' id='word_1_6' title='bbox 520 561 574 606; x_wconf 88' lang='lat' dir='ltr'><strong>et</strong></span> <span class='ocrx_word' id='word_1_7' title='bbox 623 551 854 607; x_wconf 75' lang='lat' dir='ltr'><strong>salutem</strong></span> <span class='ocrx_word' id='word_1_8' title='bbox 884 551 1133 621; x_wconf 82' lang='lat' dir='ltr'><strong>adeptus.</strong></span> <span class='ocrx_word' id='word_1_9' title='bbox 1190 550 1444 606; x_wconf 75' lang='lat' dir='ltr'><strong>Testatur</strong></span> <span class='ocrx_word' id='word_1_10' title='bbox 1472 551 1708 623; x_wconf 87' lang='lat' dir='ltr'><strong>denique</strong></span> <span class='ocrx_word' id='word_1_11' title='bbox 1749 556 1977 626; x_wconf 60' lang='lat' dir='ltr'><strong>pracla-</strong></span> 
     </span>
    </p>
   </div>
   <div class='ocr_carea' id='block_1_5' title="bbox 2107 548 3664 627">
    <p class='ocr_par' dir='ltr' id='par_1_5' title="bbox 2107 548 3664 625">
     <span class='ocr_line' id='line_1_5' title="bbox 2107 548 3664 625; baseline -0.003 -12"><span class='ocrx_word' id='word_1_12' title='bbox 2107 573 2242 612; x_wconf 83' lang='grc' dir='ltr'>ὀντα</span> <span class='ocrx_word' id='word_1_13' title='bbox 2275 556 2421 612; x_wconf 84' lang='grc' dir='ltr'>τάδε·</span> <span class='ocrx_word' id='word_1_14' title='bbox 2453 548 2793 625; x_wconf 76' lang='grc' dir='ltr'>πεπείραμαι</span> <span class='ocrx_word' id='word_1_15' title='bbox 2831 549 3032 623; x_wconf 80' lang='grc' dir='ltr'>κυροῦν</span> <span class='ocrx_word' id='word_1_16' title='bbox 3060 552 3119 605; x_wconf 77' lang='grc' dir='ltr'><strong>ὲν</strong></span> <span class='ocrx_word' id='word_1_17' title='bbox 3159 551 3385 624; x_wconf 82' lang='grc' dir='ltr'>βραχέσι</span> <span class='ocrx_word' id='word_1_18' title='bbox 3405 552 3664 608; x_wconf 76' lang='grc' dir='ltr'>πλεῖσταο</span> 
     </span>
    </p>
   </div>
   <div class='ocr_carea' id='block_1_6' title="bbox 397 642 1977 718">
    <p class='ocr_par' dir='ltr' id='par_1_6' title="bbox 397 642 1977 718">
     <span class='ocr_line' id='line_1_6' title="bbox 397 642 1977 718; baseline 0.004 -23"><span class='ocrx_word' id='word_1_19' title='bbox 397 658 493 699; x_wconf 90' lang='lat' dir='ltr'><strong>rus</strong></span> <span class='ocrx_word' id='word_1_20' title='bbox 524 656 711 698; x_wconf 87' lang='lat' dir='ltr'><strong>noster</strong></span> <span class='ocrx_word' id='word_1_21' title='bbox 751 652 805 698; x_wconf 88' lang='lat' dir='ltr'><strong>et</strong></span> <span class='ocrx_word' id='word_1_22' title='bbox 848 643 1195 698; x_wconf 81' lang='lat' dir='ltr'><strong>venerandus</strong></span> <span class='ocrx_word' id='word_1_23' title='bbox 1238 659 1438 711; x_wconf 65' lang='lat' dir='ltr'><strong>praeses</strong></span> <span class='ocrx_word' id='word_1_24' title='bbox 1466 642 1726 713; x_wconf 81' lang='lat' dir='ltr'><strong>Joannes,</strong></span> <span class='ocrx_word' id='word_1_25' title='bbox 1774 661 1804 701; x_wconf 90' lang='lat' dir='ltr'><strong>a</strong></span> <span class='ocrx_word' id='word_1_26' title='bbox 1865 662 1977 718; x_wconf 89' lang='lat' dir='ltr'><strong>quo</strong></span> 
     </span>
    </p>
   </div>
   <div class='ocr_carea' id='block_1_7' title="bbox 2086 645 3178 721">
    <p class='ocr_par' dir='ltr' id='par_1_7' title="bbox 2086 645 3178 721">
     <span class='ocr_line' id='line_1_7' title="bbox 2086 645 3178 721; baseline -0.003 -19"><span class='ocrx_word' id='word_1_27' title='bbox 2086 650 2312 721; x_wconf 73' lang='grc' dir='ltr'>ῥήτορσι</span> <span class='ocrx_word' id='word_1_28' title='bbox 2337 649 2447 720; x_wconf 72' lang='grc' dir='ltr'><strong>γὰρ</strong></span> <span class='ocrx_word' id='word_1_29' title='bbox 2477 646 2670 711; x_wconf 81' lang='grc' dir='ltr'>κάλλος</span> <span class='ocrx_word' id='word_1_30' title='bbox 2703 647 2964 716; x_wconf 73' lang='grc' dir='ltr'><strong>συντομία</strong></span> <span class='ocrx_word' id='word_1_31' title='bbox 2994 645 3178 709; x_wconf 76' lang='grc' dir='ltr'>ἔπους.</span> 
     </span>
    </p>
   </div>
   <div class='ocr_carea' id='block_1_8' title="bbox 396 738 3700 814">
    <p class='ocr_par' dir='ltr' id='par_1_8' title="bbox 396 738 3700 814">
     <span class='ocr_line' id='line_1_8' title="bbox 396 738 3700 814; baseline 0.003 -23"><span class='ocrx_word' id='word_1_32' title='bbox 396 752 497 806; x_wconf 85' lang='lat' dir='ltr'><strong>pro</strong></span> <span class='ocrx_word' id='word_1_33' title='bbox 547 738 676 792; x_wconf 83' lang='lat' dir='ltr'><strong>Ovili</strong></span> <span class='ocrx_word' id='word_1_34' title='bbox 729 753 829 793; x_wconf 90' lang='lat' dir='ltr'><strong>suo</strong></span> <span class='ocrx_word' id='word_1_35' title='bbox 877 747 1152 802; x_wconf 80' lang='lat' dir='ltr'><strong>exoratus,</strong></span> <span class='ocrx_word' id='word_1_36' title='bbox 1197 751 1230 791; x_wconf 90' lang='lat' dir='ltr'><strong>e</strong></span> <span class='ocrx_word' id='word_1_37' title='bbox 1280 746 1466 793; x_wconf 87' lang='lat' dir='ltr'><strong>monte</strong></span> <span class='ocrx_word' id='word_1_38' title='bbox 1498 738 1628 795; x_wconf 90' lang='lat' dir='ltr'><strong>Sina</strong></span> <span class='ocrx_word' id='word_1_39' title='bbox 1679 757 1855 797; x_wconf 88' lang='lat' dir='ltr'><strong>novus</strong></span> <span class='ocrx_word' id='word_1_40' title='bbox 1886 741 1975 797; x_wconf 90' lang='lat' dir='ltr'><strong>hic</strong></span> <span class='ocrx_word' id='word_1_41' title='bbox 2011 740 2107 799; x_wconf 88' lang='lat' dir='ltr'><strong>Dei</strong></span> <span class='ocrx_word' id='word_1_42' title='bbox 2168 753 2441 814; x_wconf 80' lang='lat' dir='ltr'><strong>spectator</strong></span> <span class='ocrx_word' id='word_1_43' title='bbox 2492 757 2588 813; x_wconf 83' lang='lat' dir='ltr'><strong>per</strong></span> <span class='ocrx_word' id='word_1_44' title='bbox 2617 742 2859 797; x_wconf 87' lang='lat' dir='ltr'><strong>animum</strong></span> <span class='ocrx_word' id='word_1_45' title='bbox 2905 743 3423 814; x_wconf 80' lang='lat' dir='ltr'><strong>intelligentiamque</strong></span> <span class='ocrx_word' id='word_1_46' title='bbox 3461 744 3700 800; x_wconf 84' lang='lat' dir='ltr'><strong>descen—</strong></span> 
     </span>
    </p>
   </div>
   <div class='ocr_carea' id='block_1_9' title="bbox 397 831 3665 908">
    <p class='ocr_par' dir='ltr' id='par_1_9' title="bbox 397 831 3665 908">
     <span class='ocr_line' id='line_1_9' title="bbox 397 831 3665 908; baseline 0.002 -25"><span class='ocrx_word' id='word_1_47' title='bbox 397 831 496 891; x_wconf 83' lang='lat' dir='ltr'><strong>dit.</strong></span> <span class='ocrx_word' id='word_1_48' title='bbox 530 832 799 900; x_wconf 83' lang='lat' dir='ltr'><strong>nobisque</strong></span> <span class='ocrx_word' id='word_1_49' title='bbox 848 843 903 886; x_wconf 83' lang='lat' dir='ltr'><strong>et</strong></span> <span class='ocrx_word' id='word_1_50' title='bbox 940 833 1056 902; x_wconf 87' lang='lat' dir='ltr'><strong>ipse</strong></span> <span class='ocrx_word' id='word_1_51' title='bbox 1112 833 1344 890; x_wconf 80' lang='lat' dir='ltr'><strong>dictatas</strong></span> <span class='ocrx_word' id='word_1_52' title='bbox 1376 850 1406 889; x_wconf 88' lang='lat' dir='ltr'><strong>a</strong></span> <span class='ocrx_word' id='word_1_53' title='bbox 1450 834 1561 890; x_wconf 91' lang='lat' dir='ltr'><strong>Deo</strong></span> <span class='ocrx_word' id='word_1_54' title='bbox 1617 835 1852 904; x_wconf 85' lang='lat' dir='ltr'><strong>tabulas,</strong></span> <span class='ocrx_word' id='word_1_55' title='bbox 1914 853 2038 907; x_wconf 68' lang='lat' dir='ltr'><strong>quae</strong></span> <span class='ocrx_word' id='word_1_56' title='bbox 2093 836 2290 893; x_wconf 83' lang='lat' dir='ltr'><strong>litteris</strong></span> <span class='ocrx_word' id='word_1_57' title='bbox 2350 838 2592 893; x_wconf 74' lang='lat' dir='ltr'><strong>exterius</strong></span> <span class='ocrx_word' id='word_1_58' title='bbox 2646 838 2860 908; x_wconf 79' lang='lat' dir='ltr'><strong>agendi,</strong></span> <span class='ocrx_word' id='word_1_59' title='bbox 2926 837 3155 891; x_wconf 90' lang='lat' dir='ltr'><strong>interius</strong></span> <span class='ocrx_word' id='word_1_60' title='bbox 3228 852 3357 891; x_wconf 87' lang='lat' dir='ltr'><strong>vero</strong></span> <span class='ocrx_word' id='word_1_61' title='bbox 3412 846 3665 892; x_wconf 84' lang='lat' dir='ltr'><strong>contem-</strong></span> 
     </span>
    </p>
   </div>
   <div class='ocr_carea' id='block_1_10' title="bbox 397 926 3661 1002">
    <p class='ocr_par' dir='ltr' id='par_1_10' title="bbox 397 926 3661 1002">
     <span class='ocr_line' id='line_1_10' title="bbox 397 926 3661 1002; baseline 0.002 -23"><span class='ocrx_word' id='word_1_62' title='bbox 397 926 579 996; x_wconf 81' lang='lat' dir='ltr'><strong>plandi</strong></span> <span class='ocrx_word' id='word_1_63' title='bbox 634 935 899 997; x_wconf 67' lang='lat' dir='ltr'><strong>praecepta</strong></span> <span class='ocrx_word' id='word_1_64' title='bbox 969 928 1431 998; x_wconf 87' lang='lat' dir='ltr'><strong>complectuntur,</strong></span> <span class='ocrx_word' id='word_1_65' title='bbox 1483 930 1751 986; x_wconf 80' lang='lat' dir='ltr'><strong>exhibuit.</strong></span> <span class='ocrx_word' id='word_1_66' title='bbox 1794 932 1869 985; x_wconf 90' lang='lat' dir='ltr'><strong>Ita</strong></span> <span class='ocrx_word' id='word_1_67' title='bbox 1938 931 2131 1001; x_wconf 83' lang='lat' dir='ltr'><strong>paucis</strong></span> <span class='ocrx_word' id='word_1_68' title='bbox 2170 933 2401 1002; x_wconf 89' lang='lat' dir='ltr'><strong>plurima</strong></span> <span class='ocrx_word' id='word_1_69' title='bbox 2432 931 2737 1002; x_wconf 77' lang='lat' dir='ltr'><strong>exprimere</strong></span> <span class='ocrx_word' id='word_1_70' title='bbox 2773 937 3002 986; x_wconf 88' lang='lat' dir='ltr'><strong>conatus</strong></span> <span class='ocrx_word' id='word_1_71' title='bbox 3032 943 3174 997; x_wconf 89' lang='lat' dir='ltr'><strong>sum,</strong></span> <span class='ocrx_word' id='word_1_72' title='bbox 3227 929 3374 985; x_wconf 84' lang='lat' dir='ltr'><strong>haud</strong></span> <span class='ocrx_word' id='word_1_73' title='bbox 3435 927 3661 999; x_wconf 78' lang='lat' dir='ltr'><strong>ignarus</strong></span> 
     </span>
    </p>
   </div>
   <div class='ocr_carea' id='block_1_11' title="bbox 399 1020 2451 1094">
    <p class='ocr_par' dir='ltr' id='par_1_11' title="bbox 399 1020 2451 1094">
     <span class='ocr_line' id='line_1_11' title="bbox 399 1020 2451 1094; baseline 0.003 -20"><span class='ocrx_word' id='word_1_74' title='bbox 399 1021 723 1091; x_wconf 73' lang='lat' dir='ltr'><strong>eloquentiae</strong></span> <span class='ocrx_word' id='word_1_75' title='bbox 759 1020 1064 1078; x_wconf 83' lang='lat' dir='ltr'><strong>candidatis</strong></span> <span class='ocrx_word' id='word_1_76' title='bbox 1097 1024 1335 1080; x_wconf 79' lang='lat' dir='ltr'><strong>maxime</strong></span> <span class='ocrx_word' id='word_1_77' title='bbox 1384 1026 1604 1094; x_wconf 82' lang='lat' dir='ltr'><strong>probari</strong></span> <span class='ocrx_word' id='word_1_78' title='bbox 1660 1027 1715 1081; x_wconf 92' lang='lat' dir='ltr'><strong>in</strong></span> <span class='ocrx_word' id='word_1_79' title='bbox 1767 1027 2079 1083; x_wconf 85' lang='lat' dir='ltr'><strong>narratione</strong></span> <span class='ocrx_word' id='word_1_80' title='bbox 2104 1028 2451 1084; x_wconf 83' lang='lat' dir='ltr'><strong>brevitatem.</strong></span> 
     </span>
    </p>
   </div>
   <div class='ocr_carea' id='block_1_12' title="bbox 403 1155 1986 1231">
    <p class='ocr_par' dir='ltr' id='par_1_12' title="bbox 403 1155 1986 1231">
     <span class='ocr_line' id='line_1_12' title="bbox 403 1155 1986 1231; baseline 0.006 -22"><span class='ocrx_word' id='word_1_81' title='bbox 403 1155 480 1209; x_wconf 85' lang='lat' dir='ltr'><strong>De</strong></span> <span class='ocrx_word' id='word_1_82' title='bbox 515 1158 694 1211; x_wconf 77' lang='lat' dir='ltr'><strong>eodem</strong></span> <span class='ocrx_word' id='word_1_83' title='bbox 725 1157 911 1212; x_wconf 85' lang='lat' dir='ltr'><strong>abbate</strong></span> <span class='ocrx_word' id='word_1_84' title='bbox 935 1157 1145 1214; x_wconf 82' lang='lat' dir='ltr'><strong>Joanne</strong></span> <span class='ocrx_word' id='word_1_85' title='bbox 1185 1160 1418 1215; x_wconf 78' lang='lat' dir='ltr'><strong>antistite</strong></span> <span class='ocrx_word' id='word_1_86' title='bbox 1458 1163 1650 1217; x_wconf 78' lang='lat' dir='ltr'><strong>mantis</strong></span> <span class='ocrx_word' id='word_1_87' title='bbox 1691 1161 1844 1231; x_wconf 85' lang='lat' dir='ltr'><strong>Sina,</strong></span> <span class='ocrx_word' id='word_1_88' title='bbox 1878 1165 1986 1219; x_wconf 84' lang='lat' dir='ltr'><strong>siue</strong></span> 
     </span>
    </p>
   </div>
   <div class='ocr_carea' id='block_1_13' title="bbox 1062 1250 1320 1308">
    <p class='ocr_par' dir='ltr' id='par_1_13' title="bbox 1062 1250 1320 1308">
     <span class='ocr_line' id='line_1_13' title="bbox 1062 1250 1320 1308; baseline 0.008 -2"><span class='ocrx_word' id='word_1_89' title='bbox 1062 1250 1320 1308; x_wconf 75' lang='lat' dir='ltr'><strong>Climaco.</strong></span> 
     </span>
    </p>
   </div>
   <div class='ocr_carea' id='block_1_14' title="bbox 475 1383 1989 1461">
    <p class='ocr_par' dir='ltr' id='par_1_14' title="bbox 475 1383 1989 1461">
     <span class='ocr_line' id='line_1_14' title="bbox 475 1383 1989 1461; baseline 0.008 -22"><span class='ocrx_word' id='word_1_90' title='bbox 475 1383 553 1455; x_wconf 89' lang='lat' dir='ltr'><strong>(a)</strong></span> <span class='ocrx_word' id='word_1_91' title='bbox 584 1385 721 1441; x_wconf 86' lang='lat' dir='ltr'><strong>Cum</strong></span> <span class='ocrx_word' id='word_1_92' title='bbox 754 1387 882 1442; x_wconf 87' lang='lat' dir='ltr'><strong>olim</strong></span> <span class='ocrx_word' id='word_1_93' title='bbox 913 1389 1083 1445; x_wconf 87' lang='lat' dir='ltr'><strong>abbas</strong></span> <span class='ocrx_word' id='word_1_94' title='bbox 1111 1389 1400 1461; x_wconf 78' lang='lat' dir='ltr'><strong>Martyrius</strong></span> <span class='ocrx_word' id='word_1_95' title='bbox 1428 1405 1552 1447; x_wconf 89' lang='lat' dir='ltr'><strong>cum</strong></span> <span class='ocrx_word' id='word_1_96' title='bbox 1585 1393 1645 1449; x_wconf 90' lang='lat' dir='ltr'><strong>P.</strong></span> <span class='ocrx_word' id='word_1_97' title='bbox 1675 1392 1889 1450; x_wconf 79' lang='lat' dir='ltr'><strong>Joanne</strong></span> <span class='ocrx_word' id='word_1_98' title='bbox 1920 1397 1989 1451; x_wconf 88' lang='lat' dir='ltr'><strong>ad</strong></span> 
     </span>
    </p>
   </div>
   <div class='ocr_carea' id='block_1_15' title="bbox 404 1479 1991 1548">
    <p class='ocr_par' dir='ltr' id='par_1_15' title="bbox 404 1479 1991 1548">
     <span class='ocr_line' id='line_1_15' title="bbox 404 1479 1991 1548; baseline 0.01 -20"><span class='ocrx_word' id='word_1_99' title='bbox 404 1491 663 1547; x_wconf 72' lang='lat' dir='ltr'><strong>magnum</strong></span> <span class='ocrx_word' id='word_1_100' title='bbox 687 1479 1041 1535; x_wconf 85' lang='lat' dir='ltr'><strong>Anastasium</strong></span> <span class='ocrx_word' id='word_1_101' title='bbox 1078 1481 1339 1548; x_wconf 85' lang='lat' dir='ltr'><strong>venisset,</strong></span> <span class='ocrx_word' id='word_1_102' title='bbox 1384 1483 1709 1540; x_wconf 85' lang='lat' dir='ltr'><strong>Anastasius</strong></span> <span class='ocrx_word' id='word_1_103' title='bbox 1761 1487 1991 1544; x_wconf 88' lang='lat' dir='ltr'><strong>intuitus</strong></span> 
     </span>
    </p>
   </div>
   <div class='ocr_carea' id='block_1_16' title="bbox 406 1567 1990 1647">
    <p class='ocr_par' dir='ltr' id='par_1_16' title="bbox 406 1567 1990 1647">
     <span class='ocr_line' id='line_1_16' title="bbox 406 1567 1990 1647; baseline 0.009 -27"><span class='ocrx_word' id='word_1_104' title='bbox 406 1567 674 1623; x_wconf 88' lang='lat' dir='ltr'><strong>Joannem</strong></span> <span class='ocrx_word' id='word_1_105' title='bbox 698 1572 1027 1641; x_wconf 81' lang='lat' dir='ltr'><strong>compellato</strong></span> <span class='ocrx_word' id='word_1_106' title='bbox 1057 1573 1380 1644; x_wconf 78' lang='lat' dir='ltr'><strong>Martyrio,¢</strong></span> <span class='ocrx_word' id='word_1_107' title='bbox 1425 1574 1541 1640; x_wconf 82' lang='lat' dir='ltr'><strong>Dic,</strong></span> <span class='ocrx_word' id='word_1_108' title='bbox 1602 1576 1799 1647; x_wconf 87' lang='lat' dir='ltr'><strong>inquit,</strong></span> <span class='ocrx_word' id='word_1_109' title='bbox 1850 1579 1990 1634; x_wconf 85' lang='lat' dir='ltr'><strong>Mar-</strong></span> 
     </span>
    </p>
   </div>
   <div class='ocr_carea' id='block_1_17' title="bbox 2082 1155 3668 1233">
    <p class='ocr_par' dir='ltr' id='par_1_17' title="bbox 2082 1155 3668 1233">
     <span class='ocr_line' id='line_1_17' title="bbox 2082 1155 3668 1233; baseline -0.004 -15"><span class='ocrx_word' id='word_1_110' title='bbox 2082 1164 2223 1233; x_wconf 76' lang='grc' dir='ltr'>Περὶ</span> <span class='ocrx_word' id='word_1_111' title='bbox 2268 1163 2375 1218; x_wconf 80' lang='grc' dir='ltr'><strong>τοῦ</strong></span> <span class='ocrx_word' id='word_1_112' title='bbox 2423 1162 2610 1217; x_wconf 84' lang='grc' dir='ltr'>αὐτοῦ</span> <span class='ocrx_word' id='word_1_113' title='bbox 2651 1160 2806 1217; x_wconf 77' lang='grc' dir='ltr'><strong>ἀσϐᾶ</strong></span> <span class='ocrx_word' id='word_1_114' title='bbox 2844 1160 3130 1217; x_wconf 75' lang='grc' dir='ltr'><strong>Ἰωάννου</strong></span> <span class='ocrx_word' id='word_1_115' title='bbox 3161 1158 3505 1229; x_wconf 67' lang='grc' dir='ltr'>ἡγουμένου</span> <span class='ocrx_word' id='word_1_116' title='bbox 3555 1155 3668 1213; x_wconf 78' lang='grc' dir='ltr'>τοῦ</span> 
     </span>
    </p>
   </div>
   <div class='ocr_carea' id='block_1_18' title="bbox 2188 1251 3557 1325">
    <p class='ocr_par' dir='ltr' id='par_1_18' title="bbox 2188 1251 3557 1325">
     <span class='ocr_line' id='line_1_18' title="bbox 2188 1251 3557 1325; baseline -0.004 -15"><span class='ocrx_word' id='word_1_117' title='bbox 2188 1255 2331 1311; x_wconf 80' lang='grc' dir='ltr'><strong>Σινᾶ</strong></span> <span class='ocrx_word' id='word_1_118' title='bbox 2386 1255 2593 1325; x_wconf 81' lang='grc' dir='ltr'>ὅρους,</span> <span class='ocrx_word' id='word_1_119' title='bbox 2645 1254 2874 1324; x_wconf 74' lang='grc' dir='ltr'>ἤγουν,</span> <span class='ocrx_word' id='word_1_120' title='bbox 2923 1253 3030 1307; x_wconf 81' lang='grc' dir='ltr'>τοῦ</span> <span class='ocrx_word' id='word_1_121' title='bbox 3072 1251 3182 1321; x_wconf 79' lang='grc' dir='ltr'><strong>τῆς</strong></span> <span class='ocrx_word' id='word_1_122' title='bbox 3232 1252 3557 1321; x_wconf 72' lang='grc' dir='ltr'>ιωίμακος.</span> 
     </span>
    </p>
   </div>
   <div class='ocr_carea' id='block_1_19' title="bbox 2169 1382 3672 1457">
    <p class='ocr_par' dir='ltr' id='par_1_19' title="bbox 2169 1382 3672 1457">
     <span class='ocr_line' id='line_1_19' title="bbox 2169 1382 3672 1457; baseline -0.002 -15"><span class='ocrx_word' id='word_1_123' title='bbox 2169 1387 2446 1451; x_wconf 83' lang='grc' dir='ltr'><strong>Ἐλθόντος</strong></span> <span class='ocrx_word' id='word_1_124' title='bbox 2481 1387 2615 1444; x_wconf 76' lang='grc' dir='ltr'>ποτὲ</span> <span class='ocrx_word' id='word_1_125' title='bbox 2642 1386 2737 1440; x_wconf 83' lang='grc' dir='ltr'><strong>τοῦ</strong></span> <span class='ocrx_word' id='word_1_126' title='bbox 2772 1385 2918 1440; x_wconf 76' lang='grc' dir='ltr'><strong>άσὸᾶ</strong></span> <span class='ocrx_word' id='word_1_127' title='bbox 2942 1385 3258 1457; x_wconf 81' lang='grc' dir='ltr'>Μαρτυρίου</span> <span class='ocrx_word' id='word_1_128' title='bbox 3284 1384 3381 1439; x_wconf 72' lang='grc' dir='ltr'>καὶ</span> <span class='ocrx_word' id='word_1_129' title='bbox 3398 1382 3493 1437; x_wconf 83' lang='grc' dir='ltr'>τοῦ</span> <span class='ocrx_word' id='word_1_130' title='bbox 3524 1382 3672 1439; x_wconf 72' lang='grc' dir='ltr'><strong>ἁὸὁὶ</strong></span> 
     </span>
    </p>
   </div>
   <div class='ocr_carea' id='block_1_20' title="bbox 2098 1473 3673 1549">
    <p class='ocr_par' dir='ltr' id='par_1_20' title="bbox 2098 1473 3673 1549">
     <span class='ocr_line' id='line_1_20' title="bbox 2098 1473 3673 1549; baseline -0.003 -17"><span class='ocrx_word' id='word_1_131' title='bbox 2098 1480 2345 1534; x_wconf 80' lang='grc' dir='ltr'><strong>Ἰωάννου</strong></span> <span class='ocrx_word' id='word_1_132' title='bbox 2370 1479 2507 1549; x_wconf 85' lang='grc' dir='ltr'>πρὸς</span> <span class='ocrx_word' id='word_1_133' title='bbox 2537 1478 2629 1532; x_wconf 84' lang='grc' dir='ltr'><strong>τὸν</strong></span> <span class='ocrx_word' id='word_1_134' title='bbox 2661 1477 2836 1549; x_wconf 85' lang='grc' dir='ltr'>μέγαν</span> <span class='ocrx_word' id='word_1_135' title='bbox 2864 1474 3399 1547; x_wconf 70' lang='grc' dir='ltr'>’Δναστάσιον,[καὶ]</span> <span class='ocrx_word' id='word_1_136' title='bbox 3418 1473 3544 1529; x_wconf 84' lang='grc' dir='ltr'>ἰδὼν</span> <span class='ocrx_word' id='word_1_137' title='bbox 3574 1476 3673 1528; x_wconf 85' lang='grc' dir='ltr'><strong>αὑ-</strong></span> 
     </span>
    </p>
   </div>
   <div class='ocr_carea' id='block_1_21' title="bbox 2086 1565 3673 1641">
    <p class='ocr_par' dir='ltr' id='par_1_21' title="bbox 2086 1565 3673 1641">
     <span class='ocr_line' id='line_1_21' title="bbox 2086 1565 3673 1641; baseline -0.004 -17"><span class='ocrx_word' id='word_1_138' title='bbox 2086 1571 2214 1635; x_wconf 77' lang='grc' dir='ltr'>τοὺς</span> <span class='ocrx_word' id='word_1_139' title='bbox 2240 1571 2390 1639; x_wconf 80' lang='grc' dir='ltr'>λέγει</span> <span class='ocrx_word' id='word_1_140' title='bbox 2416 1570 2496 1641; x_wconf 82' lang='grc' dir='ltr'><strong>τῷ</strong></span> <span class='ocrx_word' id='word_1_141' title='bbox 2518 1569 2661 1641; x_wconf 77' lang='grc' dir='ltr'><strong>ἀὸὄᾷ</strong></span> <span class='ocrx_word' id='word_1_142' title='bbox 2689 1568 3009 1640; x_wconf 75' lang='grc' dir='ltr'>Μαρτυρῑῳο</span> <span class='ocrx_word' id='word_1_143' title='bbox 3050 1589 3067 1620; x_wconf 73' lang='grc' dir='ltr'><strong>ι</strong></span> <span class='ocrx_word' id='word_1_144' title='bbox 3088 1568 3243 1634; x_wconf 82' lang='grc' dir='ltr'>Εἰπὲ,</span> <span class='ocrx_word' id='word_1_145' title='bbox 3270 1567 3416 1623; x_wconf 78' lang='grc' dir='ltr'><strong>ἁὸὅᾶ</strong></span> <span class='ocrx_word' id='word_1_146' title='bbox 3443 1565 3673 1636; x_wconf 83' lang='grc' dir='ltr'>Μαρτύ-</span> 
     </span>
    </p>
   </div>
   <div class='ocr_carea' id='block_1_22' title="bbox 410 1653 2004 1735">
    <p class='ocr_par' dir='ltr' id='par_1_22' title="bbox 410 1658 1989 1732">
     <span class='ocr_line' id='line_1_22' title="bbox 410 1658 1989 1732; baseline 0.009 -22"><span class='ocrx_word' id='word_1_147' title='bbox 410 1659 535 1728; x_wconf 77' lang='lat' dir='ltr'><strong>tyri,</strong></span> <span class='ocrx_word' id='word_1_148' title='bbox 571 1658 714 1714; x_wconf 87' lang='lat' dir='ltr'><strong>unde</strong></span> <span class='ocrx_word' id='word_1_149' title='bbox 745 1659 834 1714; x_wconf 85' lang='lat' dir='ltr'><strong>hic</strong></span> <span class='ocrx_word' id='word_1_150' title='bbox 862 1660 1050 1717; x_wconf 83' lang='lat' dir='ltr'><strong>ﬁlius?</strong></span> <span class='ocrx_word' id='word_1_151' title='bbox 1075 1666 1199 1732; x_wconf 90' lang='lat' dir='ltr'><strong>quis</strong></span> <span class='ocrx_word' id='word_1_152' title='bbox 1242 1664 1395 1719; x_wconf 88' lang='lat' dir='ltr'><strong>illum</strong></span> <span class='ocrx_word' id='word_1_153' title='bbox 1438 1666 1493 1719; x_wconf 94' lang='lat' dir='ltr'><strong>in</strong></span> <span class='ocrx_word' id='word_1_154' title='bbox 1549 1669 1879 1723; x_wconf 87' lang='lat' dir='ltr'><strong>monachum</strong></span> <span class='ocrx_word' id='word_1_155' title='bbox 1905 1679 1989 1725; x_wconf 87' lang='lat' dir='ltr'><strong>to-</strong></span> 
     </span>
    </p>
   </div>
   <div class='ocr_carea' id='block_1_23' title="bbox 2107 1653 3673 1735">
    <p class='ocr_par' dir='ltr' id='par_1_23' title="bbox 2107 1653 3673 1733">
     <span class='ocr_line' id='line_1_23' title="bbox 2107 1653 3673 1733; baseline -0.005 -15"><span class='ocrx_word' id='word_1_156' title='bbox 2107 1681 2200 1733; x_wconf 70' lang='lat' dir='ltr'><strong>pte,</strong></span> <span class='ocrx_word' id='word_1_157' title='bbox 2234 1662 2400 1716; x_wconf 84' lang='grc' dir='ltr'>πόθεν</span> <span class='ocrx_word' id='word_1_158' title='bbox 2424 1662 2579 1715; x_wconf 76' lang='grc' dir='ltr'>ἐστὶν</span> <span class='ocrx_word' id='word_1_159' title='bbox 2612 1662 2639 1715; x_wconf 88' lang='grc' dir='ltr'><strong>ὀ</strong></span> <span class='ocrx_word' id='word_1_160' title='bbox 2662 1663 2790 1725; x_wconf 85' lang='grc' dir='ltr'>παῖς</span> <span class='ocrx_word' id='word_1_161' title='bbox 2812 1653 3004 1727; x_wconf 58' lang='lat'><strong>0010;;</strong></span> <span class='ocrx_word' id='word_1_162' title='bbox 3039 1661 3134 1715; x_wconf 69' lang='grc' dir='ltr'><strong>καὶ</strong></span> <span class='ocrx_word' id='word_1_163' title='bbox 3175 1660 3259 1724; x_wconf 86' lang='grc' dir='ltr'><strong>τίς</strong></span> <span class='ocrx_word' id='word_1_164' title='bbox 3302 1658 3468 1713; x_wconf 77' lang='grc' dir='ltr'>αὑτὸν</span> <span class='ocrx_word' id='word_1_165' title='bbox 3508 1656 3673 1711; x_wconf 80' lang='grc' dir='ltr'>ἐκού-</span> 
     </span>
    </p>
   </div>
   <div class='ocr_carea' id='block_1_24' title="bbox 411 1749 1985 1829">
    <p class='ocr_par' dir='ltr' id='par_1_24' title="bbox 411 1749 1985 1829">
     <span class='ocr_line' id='line_1_24' title="bbox 411 1749 1985 1829; baseline 0.009 -26"><span class='ocrx_word' id='word_1_166' title='bbox 411 1749 682 1804; x_wconf 74' lang='lat' dir='ltr'><strong>tondit‘h</strong></span> <span class='ocrx_word' id='word_1_167' title='bbox 730 1751 883 1807; x_wconf 90' lang='lat' dir='ltr'><strong>Tunc</strong></span> <span class='ocrx_word' id='word_1_168' title='bbox 913 1754 1092 1824; x_wconf 86' lang='lat' dir='ltr'><strong>inquit</strong></span> <span class='ocrx_word' id='word_1_169' title='bbox 1137 1754 1448 1828; x_wconf 80' lang='lat' dir='ltr'><strong>Martyrius,</strong></span> <span class='ocrx_word' id='word_1_170' title='bbox 1490 1776 1510 1811; x_wconf 85' lang='grc'><em>‹</em></span> <span class='ocrx_word' id='word_1_171' title='bbox 1570 1758 1773 1816; x_wconf 87' lang='lat' dir='ltr'><strong>Servus</strong></span> <span class='ocrx_word' id='word_1_172' title='bbox 1834 1770 1985 1829; x_wconf 89' lang='lat' dir='ltr'><strong>tuus,</strong></span> 
     </span>
    </p>
   </div>
   <div class='ocr_carea' id='block_1_25' title="bbox 410 1847 1986 1925">
    <p class='ocr_par' dir='ltr' id='par_1_25' title="bbox 410 1847 1986 1925">
     <span class='ocr_line' id='line_1_25' title="bbox 410 1847 1986 1925; baseline 0.008 -27"><span class='ocrx_word' id='word_1_173' title='bbox 410 1854 586 1914; x_wconf 88' lang='lat' dir='ltr'><strong>pater,</strong></span> <span class='ocrx_word' id='word_1_174' title='bbox 617 1860 717 1916; x_wconf 75' lang='lat' dir='ltr'><strong>ego</strong></span> <span class='ocrx_word' id='word_1_175' title='bbox 740 1847 946 1902; x_wconf 90' lang='lat' dir='ltr'><strong>attondi</strong></span> <span class='ocrx_word' id='word_1_176' title='bbox 978 1847 1129 1903; x_wconf 89' lang='lat' dir='ltr'><strong>illum</strong></span> <span class='ocrx_word' id='word_1_177' title='bbox 1156 1865 1171 1915; x_wconf 89' lang='lat'><strong>;</strong></span> <span class='ocrx_word' id='word_1_178' title='bbox 1212 1867 1230 1901; x_wconf 75' lang='grc' dir='ltr'><strong>ι</strong></span> <span class='ocrx_word' id='word_1_179' title='bbox 1262 1858 1317 1904; x_wconf 87' lang='lat' dir='ltr'><strong>et</strong></span> <span class='ocrx_word' id='word_1_180' title='bbox 1348 1850 1693 1920; x_wconf 83' lang='lat' dir='ltr'><strong>Anastasius,</strong></span> <span class='ocrx_word' id='word_1_181' title='bbox 1732 1873 1751 1906; x_wconf 80' lang='grc' dir='ltr'><strong>ι</strong></span> <span class='ocrx_word' id='word_1_182' title='bbox 1789 1853 1986 1925; x_wconf 72' lang='lat' dir='ltr'><strong>Papae!</strong></span> 
     </span>
    </p>
   </div>
   <div class='ocr_carea' id='block_1_26' title="bbox 413 1937 1994 2014">
    <p class='ocr_par' dir='ltr' id='par_1_26' title="bbox 413 1937 1994 2014">
     <span class='ocr_line' id='line_1_26' title="bbox 413 1937 1994 2014; baseline 0.007 -26"><span class='ocrx_word' id='word_1_183' title='bbox 413 1937 611 2005; x_wconf 86' lang='lat' dir='ltr'><strong>inquit,</strong></span> <span class='ocrx_word' id='word_1_184' title='bbox 653 1938 793 1992; x_wconf 86' lang='lat' dir='ltr'><strong>abba</strong></span> <span class='ocrx_word' id='word_1_185' title='bbox 827 1937 1070 2010; x_wconf 81' lang='lat' dir='ltr'><strong>Martyri,</strong></span> <span class='ocrx_word' id='word_1_186' title='bbox 1096 1940 1219 2009; x_wconf 86' lang='lat' dir='ltr'><strong>quis</strong></span> <span class='ocrx_word' id='word_1_187' title='bbox 1249 1941 1470 2009; x_wconf 79' lang='lat' dir='ltr'><strong>dixerit,</strong></span> <span class='ocrx_word' id='word_1_188' title='bbox 1520 1943 1667 2014; x_wconf 90' lang='lat' dir='ltr'><strong>quod</strong></span> <span class='ocrx_word' id='word_1_189' title='bbox 1729 1954 1784 2000; x_wconf 92' lang='lat' dir='ltr'><strong>tu</strong></span> <span class='ocrx_word' id='word_1_190' title='bbox 1853 1947 1994 2001; x_wconf 89' lang='lat' dir='ltr'><strong>anti-</strong></span> 
     </span>
    </p>
   </div>
   <div class='ocr_carea' id='block_1_27' title="bbox 412 2028 1993 2096">
    <p class='ocr_par' dir='ltr' id='par_1_27' title="bbox 412 2028 1993 2096">
     <span class='ocr_line' id='line_1_27' title="bbox 412 2028 1993 2096; baseline 0.006 -12"><span class='ocrx_word' id='word_1_191' title='bbox 412 2028 593 2084; x_wconf 79' lang='lat' dir='ltr'><strong>Stitem</strong></span> <span class='ocrx_word' id='word_1_192' title='bbox 628 2030 830 2086; x_wconf 81' lang='lat' dir='ltr'><strong>montis</strong></span> <span class='ocrx_word' id='word_1_193' title='bbox 896 2029 1029 2087; x_wconf 86' lang='lat' dir='ltr'><strong>Sina</strong></span> <span class='ocrx_word' id='word_1_194' title='bbox 1081 2034 1380 2090; x_wconf 83' lang='lat' dir='ltr'><strong>attenderis</strong></span> <span class='ocrx_word' id='word_1_195' title='bbox 1413 2036 1436 2090; x_wconf 83' lang='lat'><strong>?</strong></span> <span class='ocrx_word' id='word_1_196' title='bbox 1470 2053 1491 2088; x_wconf 75' lang='grc' dir='ltr'><strong>ι</strong></span> <span class='ocrx_word' id='word_1_197' title='bbox 1546 2036 1657 2094; x_wconf 84' lang='lat' dir='ltr'><strong>Nec</strong></span> <span class='ocrx_word' id='word_1_198' title='bbox 1716 2038 1993 2096; x_wconf 86' lang='lat' dir='ltr'><strong>Anastasii</strong></span> 
     </span>
    </p>
   </div>
   <div class='ocr_carea' id='block_1_28' title="bbox 410 2118 1994 2199">
    <p class='ocr_par' dir='ltr' id='par_1_28' title="bbox 410 2118 1994 2199">
     <span class='ocr_line' id='line_1_28' title="bbox 410 2118 1994 2199; baseline 0.01 -28"><span class='ocrx_word' id='word_1_199' title='bbox 410 2118 729 2175; x_wconf 83' lang='lat' dir='ltr'><strong>vaticinium</strong></span> <span class='ocrx_word' id='word_1_200' title='bbox 761 2121 922 2177; x_wconf 87' lang='lat' dir='ltr'><strong>inane</strong></span> <span class='ocrx_word' id='word_1_201' title='bbox 947 2121 1088 2189; x_wconf 84' lang='lat' dir='ltr'><strong>fuit;</strong></span> <span class='ocrx_word' id='word_1_202' title='bbox 1116 2139 1238 2177; x_wconf 88' lang='lat' dir='ltr'><strong>nam</strong></span> <span class='ocrx_word' id='word_1_203' title='bbox 1270 2135 1393 2194; x_wconf 81' lang='lat' dir='ltr'><strong>post</strong></span> <span class='ocrx_word' id='word_1_204' title='bbox 1430 2127 1791 2199; x_wconf 81' lang='lat' dir='ltr'><strong>quadraginta</strong></span> <span class='ocrx_word' id='word_1_205' title='bbox 1821 2145 1994 2188; x_wconf 89' lang='lat' dir='ltr'><strong>annos</strong></span> 
     </span>
    </p>
   </div>
   <div class='ocr_carea' id='block_1_29' title="bbox 410 2209 1994 2283">
    <p class='ocr_par' dir='ltr' id='par_1_29' title="bbox 410 2209 1994 2283">
     <span class='ocr_line' id='line_1_29' title="bbox 410 2209 1994 2283; baseline 0.009 -19"><span class='ocrx_word' id='word_1_206' title='bbox 410 2209 650 2266; x_wconf 84' lang='lat' dir='ltr'><strong>Joannes</strong></span> <span class='ocrx_word' id='word_1_207' title='bbox 679 2222 895 2269; x_wconf 91' lang='lat' dir='ltr'><strong>creatus</strong></span> <span class='ocrx_word' id='word_1_208' title='bbox 927 2221 1011 2269; x_wconf 87' lang='lat' dir='ltr'><strong>est</strong></span> <span class='ocrx_word' id='word_1_209' title='bbox 1040 2229 1239 2283; x_wconf 71' lang='lat' dir='ltr'><strong>praeses</strong></span> <span class='ocrx_word' id='word_1_210' title='bbox 1285 2224 1471 2272; x_wconf 87' lang='lat' dir='ltr'><strong>noster</strong></span> <span class='ocrx_word' id='word_1_211' title='bbox 1518 2227 1572 2274; x_wconf 90' lang='lat' dir='ltr'><strong>et</strong></span> <span class='ocrx_word' id='word_1_212' title='bbox 1627 2221 1817 2278; x_wconf 87' lang='lat' dir='ltr'><strong>abbas.</strong></span> <span class='ocrx_word' id='word_1_213' title='bbox 1872 2223 1994 2278; x_wconf 81' lang='lat' dir='ltr'><strong>Alio</strong></span> 
     </span>
    </p>
   </div>
   <div class='ocr_carea' id='block_1_30' title="bbox 411 2305 1996 2380">
    <p class='ocr_par' dir='ltr' id='par_1_30' title="bbox 411 2305 1996 2380">
     <span class='ocr_line' id='line_1_30' title="bbox 411 2305 1996 2380; baseline 0.011 -26"><span class='ocrx_word' id='word_1_214' title='bbox 411 2317 632 2356; x_wconf 88' lang='lat' dir='ltr'><strong>rursum</strong></span> <span class='ocrx_word' id='word_1_215' title='bbox 654 2312 898 2374; x_wconf 79' lang='lat' dir='ltr'><strong>tempore</strong></span> <span class='ocrx_word' id='word_1_216' title='bbox 942 2305 1234 2378; x_wconf 81' lang='lat' dir='ltr'><strong>Mart-yrius</strong></span> <span class='ocrx_word' id='word_1_217' title='bbox 1285 2308 1456 2365; x_wconf 88' lang='lat' dir='ltr'><strong>abbas</strong></span> <span class='ocrx_word' id='word_1_218' title='bbox 1501 2311 1792 2380; x_wconf 60' lang='lat' dir='ltr'><strong>praefectus</strong></span> <span class='ocrx_word' id='word_1_219' title='bbox 1850 2314 1996 2371; x_wconf 87' lang='lat' dir='ltr'><strong>illius</strong></span> 
     </span>
    </p>
   </div>
   <div class='ocr_carea' id='block_1_31' title="bbox 411 2392 1994 2468">
    <p class='ocr_par' dir='ltr' id='par_1_31' title="bbox 411 2392 1994 2468">
     <span class='ocr_line' id='line_1_31' title="bbox 411 2392 1994 2468; baseline 0.009 -21"><span class='ocrx_word' id='word_1_220' title='bbox 411 2410 536 2449; x_wconf 84' lang='lat' dir='ltr'><strong>eum</strong></span> <span class='ocrx_word' id='word_1_221' title='bbox 568 2392 778 2449; x_wconf 88' lang='lat' dir='ltr'><strong>Joanne</strong></span> <span class='ocrx_word' id='word_1_222' title='bbox 807 2412 908 2451; x_wconf 91' lang='lat' dir='ltr'><strong>suo</strong></span> <span class='ocrx_word' id='word_1_223' title='bbox 936 2398 1003 2451; x_wconf 87' lang='lat' dir='ltr'><strong>ad</strong></span> <span class='ocrx_word' id='word_1_224' title='bbox 1040 2412 1295 2468; x_wconf 73' lang='lat' dir='ltr'><strong>magnum</strong></span> <span class='ocrx_word' id='word_1_225' title='bbox 1341 2401 1493 2456; x_wconf 87' lang='lat' dir='ltr'><strong>illum</strong></span> <span class='ocrx_word' id='word_1_226' title='bbox 1525 2403 1701 2459; x_wconf 87' lang='lat' dir='ltr'><strong>virum</strong></span> <span class='ocrx_word' id='word_1_227' title='bbox 1726 2403 1994 2462; x_wconf 88' lang='lat' dir='ltr'><strong>Joannem</strong></span> 
     </span>
    </p>
   </div>
   <div class='ocr_carea' id='block_1_32' title="bbox 415 2486 1995 2567">
    <p class='ocr_par' dir='ltr' id='par_1_32' title="bbox 415 2486 1995 2567">
     <span class='ocr_line' id='line_1_32' title="bbox 415 2486 1995 2567; baseline 0.01 -29"><span class='ocrx_word' id='word_1_228' title='bbox 415 2486 673 2541; x_wconf 82' lang='lat' dir='ltr'><strong>Subaiten</strong></span> <span class='ocrx_word' id='word_1_229' title='bbox 707 2486 944 2556; x_wconf 87' lang='lat' dir='ltr'><strong>devenit,</strong></span> <span class='ocrx_word' id='word_1_230' title='bbox 987 2489 1082 2561; x_wconf 90' lang='lat' dir='ltr'><strong>qui</strong></span> <span class='ocrx_word' id='word_1_231' title='bbox 1112 2490 1164 2546; x_wconf 91' lang='lat' dir='ltr'><strong>in</strong></span> <span class='ocrx_word' id='word_1_232' title='bbox 1193 2489 1400 2548; x_wconf 69' lang='lat' dir='ltr'><strong>Gudda:</strong></span> <span class='ocrx_word' id='word_1_233' title='bbox 1422 2494 1717 2553; x_wconf 84' lang='lat' dir='ltr'><strong>solitudine</strong></span> <span class='ocrx_word' id='word_1_234' title='bbox 1745 2497 1995 2567; x_wconf 72' lang='lat' dir='ltr'><strong>degebat.</strong></span> 
     </span>
    </p>
   </div>
   <div class='ocr_carea' id='block_1_33' title="bbox 378 2578 2000 2654">
    <p class='ocr_par' dir='ltr' id='par_1_33' title="bbox 378 2578 2000 2654">
     <span class='ocr_line' id='line_1_33' title="bbox 378 2578 2000 2654; baseline 0.012 -27"><span class='ocrx_word' id='word_1_235' title='bbox 378 2578 565 2643; x_wconf 84' lang='lat' dir='ltr'><strong>-Quos</strong></span> <span class='ocrx_word' id='word_1_236' title='bbox 593 2594 719 2634; x_wconf 89' lang='lat' dir='ltr'><strong>cum</strong></span> <span class='ocrx_word' id='word_1_237' title='bbox 753 2578 1003 2637; x_wconf 88' lang='lat' dir='ltr'><strong>Sabaites</strong></span> <span class='ocrx_word' id='word_1_238' title='bbox 1049 2598 1216 2639; x_wconf 83' lang='lat' dir='ltr'><strong>senex</strong></span> <span class='ocrx_word' id='word_1_239' title='bbox 1255 2585 1500 2654; x_wconf 76' lang='lat' dir='ltr'><strong>vidisset,</strong></span> <span class='ocrx_word' id='word_1_240' title='bbox 1566 2588 1713 2644; x_wconf 90' lang='lat' dir='ltr'><strong>illico</strong></span> <span class='ocrx_word' id='word_1_241' title='bbox 1769 2605 2000 2646; x_wconf 87' lang='lat' dir='ltr'><strong>consur-</strong></span> 
     </span>
    </p>
   </div>
   <div class='ocr_carea' id='block_1_34' title="bbox 412 2670 2002 2749">
    <p class='ocr_par' dir='ltr' id='par_1_34' title="bbox 412 2670 2002 2749">
     <span class='ocr_line' id='line_1_34' title="bbox 412 2670 2002 2749; baseline 0.01 -26"><span class='ocrx_word' id='word_1_242' title='bbox 412 2670 574 2737; x_wconf 71' lang='lat' dir='ltr'><strong>rexit,</strong></span> <span class='ocrx_word' id='word_1_243' title='bbox 605 2680 660 2726; x_wconf 89' lang='lat' dir='ltr'><strong>et</strong></span> <span class='ocrx_word' id='word_1_244' title='bbox 683 2687 824 2743; x_wconf 87' lang='lat' dir='ltr'><strong>aqua</strong></span> <span class='ocrx_word' id='word_1_245' title='bbox 859 2675 1022 2745; x_wconf 88' lang='lat' dir='ltr'><strong>pedes</strong></span> <span class='ocrx_word' id='word_1_246' title='bbox 1060 2692 1167 2731; x_wconf 93' lang='lat' dir='ltr'><strong>non</strong></span> <span class='ocrx_word' id='word_1_247' title='bbox 1199 2676 1464 2749; x_wconf 81' lang='lat' dir='ltr'><strong>Martyrii,</strong></span> <span class='ocrx_word' id='word_1_248' title='bbox 1495 2680 1590 2735; x_wconf 89' lang='lat' dir='ltr'><strong>sed</strong></span> <span class='ocrx_word' id='word_1_249' title='bbox 1625 2678 1855 2738; x_wconf 90' lang='lat' dir='ltr'><strong>Joannis</strong></span> <span class='ocrx_word' id='word_1_250' title='bbox 1893 2683 2002 2739; x_wconf 84' lang='lat' dir='ltr'><strong>Cli-</strong></span> 
     </span>
    </p>
   </div>
   <div class='ocr_carea' id='block_1_35' title="bbox 416 2760 2001 2844">
    <p class='ocr_par' dir='ltr' id='par_1_35' title="bbox 416 2760 2001 2844">
     <span class='ocr_line' id='line_1_35' title="bbox 416 2760 2001 2844; baseline 0.01 -32"><span class='ocrx_word' id='word_1_251' title='bbox 416 2760 557 2814; x_wconf 89' lang='lat' dir='ltr'><strong>maci</strong></span> <span class='ocrx_word' id='word_1_252' title='bbox 598 2761 753 2827; x_wconf 89' lang='lat' dir='ltr'><strong>lavit,</strong></span> <span class='ocrx_word' id='word_1_253' title='bbox 790 2779 954 2820; x_wconf 83' lang='lat' dir='ltr'><strong>manu</strong></span> <span class='ocrx_word' id='word_1_254' title='bbox 990 2766 1152 2821; x_wconf 86' lang='lat' dir='ltr'><strong>etiam</strong></span> <span class='ocrx_word' id='word_1_255' title='bbox 1216 2769 1407 2823; x_wconf 92' lang='lat' dir='ltr'><strong>osculo</strong></span> <span class='ocrx_word' id='word_1_256' title='bbox 1458 2769 1714 2825; x_wconf 85' lang='lat' dir='ltr'><strong>delibata.</strong></span> <span class='ocrx_word' id='word_1_257' title='bbox 1756 2769 2001 2844; x_wconf 85' lang='lat' dir='ltr'><strong>Martyrii</strong></span> 
     </span>
    </p>
   </div>
   <div class='ocr_carea' id='block_1_36' title="bbox 417 2853 2002 2933">
    <p class='ocr_par' dir='ltr' id='par_1_36' title="bbox 417 2853 2002 2933">
     <span class='ocr_line' id='line_1_36' title="bbox 417 2853 2002 2933; baseline 0.011 -29"><span class='ocrx_word' id='word_1_258' title='bbox 417 2859 599 2907; x_wconf 90' lang='lat' dir='ltr'><strong>autem</strong></span> <span class='ocrx_word' id='word_1_259' title='bbox 627 2853 789 2922; x_wconf 80' lang='lat' dir='ltr'><strong>pedes</strong></span> <span class='ocrx_word' id='word_1_260' title='bbox 822 2871 931 2911; x_wconf 91' lang='lat' dir='ltr'><strong>non</strong></span> <span class='ocrx_word' id='word_1_261' title='bbox 956 2857 1148 2912; x_wconf 87' lang='lat' dir='ltr'><strong>abluit.</strong></span> <span class='ocrx_word' id='word_1_262' title='bbox 1183 2858 1467 2926; x_wconf 63' lang='lat' dir='ltr'><strong>Quaerente</strong></span> <span class='ocrx_word' id='word_1_263' title='bbox 1500 2869 1683 2918; x_wconf 90' lang='lat' dir='ltr'><strong>autem</strong></span> <span class='ocrx_word' id='word_1_264' title='bbox 1726 2861 2002 2933; x_wconf 87' lang='lat' dir='ltr'><strong>Stephano</strong></span> 
     </span>
    </p>
   </div>
   <div class='ocr_carea' id='block_1_37' title="bbox 2093 1749 3675 1828">
    <p class='ocr_par' dir='ltr' id='par_1_37' title="bbox 2093 1749 3675 1828">
     <span class='ocr_line' id='line_1_37' title="bbox 2093 1749 3675 1828; baseline -0.004 -19"><span class='ocrx_word' id='word_1_265' title='bbox 2093 1772 2324 1828; x_wconf 90' lang='grc' dir='ltr'>ρευσεν;</span> <span class='ocrx_word' id='word_1_266' title='bbox 2360 1774 2379 1806; x_wconf 71' lang='grc' dir='ltr'><strong>ι</strong></span> <span class='ocrx_word' id='word_1_267' title='bbox 2437 1754 2496 1807; x_wconf 86' lang='lat'><strong>&#39;0</strong></span> <span class='ocrx_word' id='word_1_268' title='bbox 2538 1754 2594 1808; x_wconf 79' lang='grc' dir='ltr'>δὲ</span> <span class='ocrx_word' id='word_1_269' title='bbox 2641 1753 2790 1823; x_wconf 81' lang='grc' dir='ltr'><strong>λέγει</strong></span> <span class='ocrx_word' id='word_1_270' title='bbox 2838 1752 3019 1824; x_wconf 80' lang='grc' dir='ltr'>αὐτῷ·</span> <span class='ocrx_word' id='word_1_271' title='bbox 3085 1771 3104 1803; x_wconf 75' lang='grc' dir='ltr'><strong>ι</strong></span> <span class='ocrx_word' id='word_1_272' title='bbox 3143 1750 3337 1815; x_wconf 82' lang='grc' dir='ltr'>Δοῦλός</span> <span class='ocrx_word' id='word_1_273' title='bbox 3383 1749 3478 1804; x_wconf 83' lang='grc' dir='ltr'><strong>σού</strong></span> <span class='ocrx_word' id='word_1_274' title='bbox 3529 1751 3675 1816; x_wconf 76' lang='grc' dir='ltr'>ἐστι,</span> 
     </span>
    </p>
   </div>
   <div class='ocr_carea' id='block_1_38' title="bbox 2092 1843 3676 1921">
    <p class='ocr_par' dir='ltr' id='par_1_38' title="bbox 2092 1843 3676 1921">
     <span class='ocr_line' id='line_1_38' title="bbox 2092 1843 3676 1921; baseline -0.004 -19"><span class='ocrx_word' id='word_1_275' title='bbox 2092 1850 2291 1921; x_wconf 88' lang='grc' dir='ltr'>πάτερ,</span> <span class='ocrx_word' id='word_1_276' title='bbox 2323 1848 2417 1901; x_wconf 79' lang='grc' dir='ltr'>καὶ</span> <span class='ocrx_word' id='word_1_277' title='bbox 2449 1846 2561 1918; x_wconf 78' lang='grc' dir='ltr'><strong>ἐγὼ</strong></span> <span class='ocrx_word' id='word_1_278' title='bbox 2612 1847 2915 1920; x_wconf 80' lang='grc' dir='ltr'>ὲκούρευσα</span> <span class='ocrx_word' id='word_1_279' title='bbox 2959 1845 3140 1900; x_wconf 84' lang='grc' dir='ltr'><strong>αὐτόν.</strong></span> <span class='ocrx_word' id='word_1_280' title='bbox 3177 1863 3195 1896; x_wconf 76' lang='grc' dir='ltr'><strong>ι</strong></span> <span class='ocrx_word' id='word_1_281' title='bbox 3234 1844 3344 1898; x_wconf 75' lang='grc' dir='ltr'><strong>Καὶ</strong></span> <span class='ocrx_word' id='word_1_282' title='bbox 3389 1843 3540 1911; x_wconf 84' lang='grc' dir='ltr'>λέγει</span> <span class='ocrx_word' id='word_1_283' title='bbox 3570 1843 3676 1897; x_wconf 81' lang='grc' dir='ltr'><strong>αὐ-</strong></span> 
     </span>
    </p>
   </div>
   <div class='ocr_carea' id='block_1_39' title="bbox 2091 1934 3678 2013">
    <p class='ocr_par' dir='ltr' id='par_1_39' title="bbox 2091 1934 3678 2013">
     <span class='ocr_line' id='line_1_39' title="bbox 2091 1934 3678 2013; baseline -0.004 -18"><span class='ocrx_word' id='word_1_284' title='bbox 2091 1940 2168 2013; x_wconf 85' lang='grc' dir='ltr'>τῷ</span> <span class='ocrx_word' id='word_1_285' title='bbox 2196 1957 2210 1973; x_wconf 75' lang='grc'><strong><em>³</em></strong></span> <span class='ocrx_word' id='word_1_286' title='bbox 2248 1961 2268 1995; x_wconf 75' lang='grc' dir='ltr'><strong>ι</strong></span> <span class='ocrx_word' id='word_1_287' title='bbox 2303 1940 2498 2008; x_wconf 74' lang='grc' dir='ltr'>Βασαὶ,</span> <span class='ocrx_word' id='word_1_288' title='bbox 2538 1939 2684 1995; x_wconf 72' lang='lat' dir='ltr'><strong>assa</strong></span> <span class='ocrx_word' id='word_1_289' title='bbox 2707 1939 3025 2011; x_wconf 73' lang='grc' dir='ltr'>Μαρτὺριεῑ</span> <span class='ocrx_word' id='word_1_290' title='bbox 3051 1938 3137 2002; x_wconf 81' lang='grc' dir='ltr'>τῖς</span> <span class='ocrx_word' id='word_1_291' title='bbox 3163 1937 3309 1991; x_wconf 73' lang='grc' dir='ltr'>εἰπει</span> <span class='ocrx_word' id='word_1_292' title='bbox 3343 1934 3521 2009; x_wconf 72' lang='grc' dir='ltr'>[εἴπῃ]</span> <span class='ocrx_word' id='word_1_293' title='bbox 3549 1978 3564 2002; x_wconf 89' lang='grc'><strong>,</strong></span> <span class='ocrx_word' id='word_1_294' title='bbox 3588 1935 3678 1990; x_wconf 78' lang='grc' dir='ltr'>ὅτι</span> 
     </span>
    </p>
   </div>
   <div class='ocr_carea' id='block_1_40' title="bbox 2092 2026 3679 2105">
    <p class='ocr_par' dir='ltr' id='par_1_40' title="bbox 2092 2026 3679 2105">
     <span class='ocr_line' id='line_1_40' title="bbox 2092 2026 3679 2105; baseline -0.006 -17"><span class='ocrx_word' id='word_1_295' title='bbox 2092 2034 2397 2105; x_wconf 82' lang='grc' dir='ltr'>ἡγούμενον</span> <span class='ocrx_word' id='word_1_296' title='bbox 2418 2033 2512 2087; x_wconf 85' lang='grc' dir='ltr'><strong>τοῦ</strong></span> <span class='ocrx_word' id='word_1_297' title='bbox 2537 2032 2668 2087; x_wconf 82' lang='grc' dir='ltr'>Σινᾶ</span> <span class='ocrx_word' id='word_1_298' title='bbox 2693 2030 3055 2103; x_wconf 77' lang='grc' dir='ltr'>ὲκούρευσαςς</span> <span class='ocrx_word' id='word_1_299' title='bbox 3095 2048 3114 2082; x_wconf 71' lang='grc' dir='ltr'><strong>ι</strong></span> <span class='ocrx_word' id='word_1_300' title='bbox 3159 2028 3270 2082; x_wconf 75' lang='grc' dir='ltr'>Καὶ</span> <span class='ocrx_word' id='word_1_301' title='bbox 3298 2028 3399 2082; x_wconf 77' lang='grc' dir='ltr'><strong>οὐκ</strong></span> <span class='ocrx_word' id='word_1_302' title='bbox 3433 2026 3679 2097; x_wconf 76' lang='grc' dir='ltr'><strong>ἐψεύσθη</strong></span> 
     </span>
    </p>
   </div>
   <div class='ocr_carea' id='block_1_41' title="bbox 2092 2120 3681 2198">
    <p class='ocr_par' dir='ltr' id='par_1_41' title="bbox 2092 2120 3681 2198">
     <span class='ocr_line' id='line_1_41' title="bbox 2092 2120 3681 2198; baseline -0.004 -17"><span class='ocrx_word' id='word_1_303' title='bbox 2092 2129 2121 2181; x_wconf 89' lang='lat'><strong>0</strong></span> <span class='ocrx_word' id='word_1_304' title='bbox 2150 2128 2304 2196; x_wconf 81' lang='grc' dir='ltr'>ἆγιος</span> <span class='ocrx_word' id='word_1_305' title='bbox 2335 2146 2348 2158; x_wconf 89' lang='grc'><strong>·</strong></span> <span class='ocrx_word' id='word_1_306' title='bbox 2386 2126 2524 2197; x_wconf 85' lang='grc' dir='ltr'>μετὰ</span> <span class='ocrx_word' id='word_1_307' title='bbox 2549 2125 2659 2198; x_wconf 81' lang='grc' dir='ltr'><strong>γὰρ</strong></span> <span class='ocrx_word' id='word_1_308' title='bbox 2688 2123 3097 2195; x_wconf 86' lang='grc' dir='ltr'>τεσσαράκοντα</span> <span class='ocrx_word' id='word_1_309' title='bbox 3133 2121 3226 2193; x_wconf 80' lang='grc' dir='ltr'><strong>ἔτη</strong></span> <span class='ocrx_word' id='word_1_310' title='bbox 3251 2122 3478 2191; x_wconf 87' lang='grc' dir='ltr'>γέγονεν</span> <span class='ocrx_word' id='word_1_311' title='bbox 3502 2120 3681 2191; x_wconf 77' lang='grc' dir='ltr'>ἡγού-</span> 
     </span>
    </p>
   </div>
   <div class='ocr_carea' id='block_1_42' title="bbox 2099 2212 3682 2290">
    <p class='ocr_par' dir='ltr' id='par_1_42' title="bbox 2099 2212 3682 2290">
     <span class='ocr_line' id='line_1_42' title="bbox 2099 2212 3682 2290; baseline -0.004 -17"><span class='ocrx_word' id='word_1_312' title='bbox 2099 2236 2254 2290; x_wconf 83' lang='grc' dir='ltr'>μενος</span> <span class='ocrx_word' id='word_1_313' title='bbox 2301 2218 2478 2290; x_wconf 78' lang='grc' dir='ltr'>ἡμῶν.</span> <span class='ocrx_word' id='word_1_314' title='bbox 2522 2218 2691 2271; x_wconf 85' lang='grc' dir='ltr'>Πάλιν</span> <span class='ocrx_word' id='word_1_315' title='bbox 2747 2217 2934 2272; x_wconf 77' lang='grc' dir='ltr'>ἄλλοτε</span> <span class='ocrx_word' id='word_1_316' title='bbox 2979 2213 3313 2285; x_wconf 74' lang='grc' dir='ltr'>παραλαϐὼν</span> <span class='ocrx_word' id='word_1_317' title='bbox 3373 2213 3467 2266; x_wconf 76' lang='grc' dir='ltr'>τὸν</span> <span class='ocrx_word' id='word_1_318' title='bbox 3509 2212 3682 2267; x_wconf 81' lang='grc' dir='ltr'>αὑτὸν</span> 
     </span>
    </p>
   </div>
   <div class='ocr_carea' id='block_1_43' title="bbox 2109 2304 3687 2384">
    <p class='ocr_par' dir='ltr' id='par_1_43' title="bbox 2109 2304 3687 2384">
     <span class='ocr_line' id='line_1_43' title="bbox 2109 2304 3687 2384; baseline -0.005 -18"><span class='ocrx_word' id='word_1_319' title='bbox 2109 2311 2360 2384; x_wconf 75' lang='grc' dir='ltr'>Ἰωάννην</span> <span class='ocrx_word' id='word_1_320' title='bbox 2395 2310 2424 2363; x_wconf 85' lang='lat'><strong>0</strong></span> <span class='ocrx_word' id='word_1_321' title='bbox 2478 2309 2775 2381; x_wconf 73' lang='grc' dir='ltr'>ἐπιστάτης</span> <span class='ocrx_word' id='word_1_322' title='bbox 2809 2308 2972 2363; x_wconf 70' lang='grc' dir='ltr'>αὐτοῦ</span> <span class='ocrx_word' id='word_1_323' title='bbox 3025 2309 3054 2361; x_wconf 88' lang='lat'><strong>0</strong></span> <span class='ocrx_word' id='word_1_324' title='bbox 3121 2306 3295 2370; x_wconf 73' lang='grc' dir='ltr'><strong>ἀόϐἄς</strong></span> <span class='ocrx_word' id='word_1_325' title='bbox 3358 2304 3687 2377; x_wconf 83' lang='grc' dir='ltr'>Μαρτύριος</span> 
     </span>
    </p>
   </div>
   <div class='ocr_carea' id='block_1_44' title="bbox 2098 2399 3685 2475">
    <p class='ocr_par' dir='ltr' id='par_1_44' title="bbox 2098 2399 3685 2475">
     <span class='ocr_line' id='line_1_44' title="bbox 2098 2399 3685 2475; baseline -0.004 -17"><span class='ocrx_word' id='word_1_326' title='bbox 2098 2404 2309 2475; x_wconf 82' lang='grc' dir='ltr'>ἀπῆλθε</span> <span class='ocrx_word' id='word_1_327' title='bbox 2344 2402 2478 2475; x_wconf 79' lang='grc' dir='ltr'>πρὸς</span> <span class='ocrx_word' id='word_1_328' title='bbox 2503 2402 2594 2456; x_wconf 78' lang='grc' dir='ltr'>τὸν</span> <span class='ocrx_word' id='word_1_329' title='bbox 2629 2403 2804 2473; x_wconf 83' lang='grc' dir='ltr'>μέγαν</span> <span class='ocrx_word' id='word_1_330' title='bbox 2842 2402 3096 2472; x_wconf 81' lang='grc' dir='ltr'><strong>Ἰωάννην</strong></span> <span class='ocrx_word' id='word_1_331' title='bbox 3138 2400 3229 2454; x_wconf 80' lang='grc' dir='ltr'><strong>τὸν</strong></span> <span class='ocrx_word' id='word_1_332' title='bbox 3269 2399 3564 2470; x_wconf 82' lang='grc' dir='ltr'>Σαὸαῒτην,</span> <span class='ocrx_word' id='word_1_333' title='bbox 3618 2401 3685 2452; x_wconf 80' lang='grc' dir='ltr'>ἐν</span> 
     </span>
    </p>
   </div>
   <div class='ocr_carea' id='block_1_45' title="bbox 2058 2486 3689 2575">
    <p class='ocr_par' dir='ltr' id='par_1_45' title="bbox 2058 2486 3689 2575">
     <span class='ocr_line' id='line_1_45' title="bbox 2058 2486 3689 2575; baseline -0.005 -27"><span class='ocrx_word' id='word_1_334' title='bbox 2058 2498 2164 2575; x_wconf 30' lang='grc' dir='ltr'><strong>ι,τῇ</strong></span> <span class='ocrx_word' id='word_1_335' title='bbox 2199 2493 2299 2547; x_wconf 76' lang='grc' dir='ltr'>τοῦ</span> <span class='ocrx_word' id='word_1_336' title='bbox 2329 2494 2532 2548; x_wconf 83' lang='grc' dir='ltr'>Γουδδᾶ</span> <span class='ocrx_word' id='word_1_337' title='bbox 2563 2494 2758 2565; x_wconf 74' lang='grc' dir='ltr'>ἐρήμῳ</span> <span class='ocrx_word' id='word_1_338' title='bbox 2795 2492 2914 2546; x_wconf 87' lang='grc' dir='ltr'>τότε</span> <span class='ocrx_word' id='word_1_339' title='bbox 2951 2491 3192 2561; x_wconf 79' lang='grc' dir='ltr'><strong>διάγοντι</strong></span> <span class='ocrx_word' id='word_1_340' title='bbox 3224 2486 3552 2562; x_wconf 84' lang='grc' dir='ltr'>[διάγοντα].</span> <span class='ocrx_word' id='word_1_341' title='bbox 3588 2489 3689 2551; x_wconf 82' lang='grc' dir='ltr'><strong>Ὠς</strong></span> 
     </span>
    </p>
   </div>
   <div class='ocr_carea' id='block_1_46' title="bbox 2098 2577 3689 2653">
    <p class='ocr_par' dir='ltr' id='par_1_46' title="bbox 2098 2577 3689 2653">
     <span class='ocr_line' id='line_1_46' title="bbox 2098 2577 3689 2653; baseline -0.003 -14"><span class='ocrx_word' id='word_1_342' title='bbox 2098 2580 2192 2639; x_wconf 78' lang='grc' dir='ltr'>οὖν</span> <span class='ocrx_word' id='word_1_343' title='bbox 2219 2578 2356 2637; x_wconf 71' lang='grc' dir='ltr'>εἶδεν</span> <span class='ocrx_word' id='word_1_344' title='bbox 2397 2583 2593 2648; x_wconf 77' lang='grc' dir='ltr'>αὐτοὺς</span> <span class='ocrx_word' id='word_1_345' title='bbox 2622 2585 2651 2638; x_wconf 98' lang='lat'><strong>0</strong></span> <span class='ocrx_word' id='word_1_346' title='bbox 2688 2582 2865 2653; x_wconf 85' lang='grc' dir='ltr'>γέρων</span> <span class='ocrx_word' id='word_1_347' title='bbox 2888 2580 3127 2644; x_wconf 76' lang='grc' dir='ltr'>ἀναστὰς</span> <span class='ocrx_word' id='word_1_348' title='bbox 3169 2578 3361 2633; x_wconf 73' lang='grc' dir='ltr'>ἔϐαλεν</span> <span class='ocrx_word' id='word_1_349' title='bbox 3400 2577 3546 2651; x_wconf 78' lang='grc' dir='ltr'>ὕδωρ</span> <span class='ocrx_word' id='word_1_350' title='bbox 3581 2579 3689 2635; x_wconf 70' lang='grc' dir='ltr'><strong>καὶ</strong></span> 
     </span>
    </p>
   </div>
   <div class='ocr_carea' id='block_1_47' title="bbox 2100 2666 3689 2744">
    <p class='ocr_par' dir='ltr' id='par_1_47' title="bbox 2100 2666 3689 2744">
     <span class='ocr_line' id='line_1_47' title="bbox 2100 2666 3689 2744; baseline -0.004 -18"><span class='ocrx_word' id='word_1_351' title='bbox 2100 2673 2251 2744; x_wconf 72' lang='grc' dir='ltr'>ἔνιψε</span> <span class='ocrx_word' id='word_1_352' title='bbox 2281 2672 2410 2736; x_wconf 80' lang='grc' dir='ltr'>τοὺς</span> <span class='ocrx_word' id='word_1_353' title='bbox 2438 2672 2600 2737; x_wconf 82' lang='grc' dir='ltr'><strong>πόδας</strong></span> <span class='ocrx_word' id='word_1_354' title='bbox 2628 2670 2723 2725; x_wconf 79' lang='grc' dir='ltr'><strong>τοῦ</strong></span> <span class='ocrx_word' id='word_1_355' title='bbox 2746 2671 2891 2725; x_wconf 81' lang='grc' dir='ltr'><strong>ά66ἄ</strong></span> <span class='ocrx_word' id='word_1_356' title='bbox 2922 2670 3191 2734; x_wconf 83' lang='grc' dir='ltr'><strong>Ἰωάννου,</strong></span> <span class='ocrx_word' id='word_1_357' title='bbox 3226 2669 3322 2723; x_wconf 74' lang='grc' dir='ltr'>καὶ</span> <span class='ocrx_word' id='word_1_358' title='bbox 3342 2666 3689 2739; x_wconf 70' lang='grc' dir='ltr'>κατεφίλησε</span> 
     </span>
    </p>
   </div>
   <div class='ocr_carea' id='block_1_48' title="bbox 2100 2757 3689 2835">
    <p class='ocr_par' dir='ltr' id='par_1_48' title="bbox 2100 2757 3689 2835">
     <span class='ocr_line' id='line_1_48' title="bbox 2100 2757 3689 2835; baseline -0.004 -19"><span class='ocrx_word' id='word_1_359' title='bbox 2100 2765 2200 2835; x_wconf 83' lang='grc' dir='ltr'>τὴν</span> <span class='ocrx_word' id='word_1_360' title='bbox 2239 2765 2396 2835; x_wconf 84' lang='grc' dir='ltr'>χεῖρα</span> <span class='ocrx_word' id='word_1_361' title='bbox 2421 2760 2586 2817; x_wconf 80' lang='grc' dir='ltr'>αὑτοῦ</span> <span class='ocrx_word' id='word_1_362' title='bbox 2613 2777 2626 2791; x_wconf 86' lang='grc'><em>’</em></span> <span class='ocrx_word' id='word_1_363' title='bbox 2664 2760 2756 2815; x_wconf 81' lang='grc' dir='ltr'><strong>τοῦ</strong></span> <span class='ocrx_word' id='word_1_364' title='bbox 2781 2760 2839 2814; x_wconf 82' lang='grc' dir='ltr'><strong>δὲ</strong></span> <span class='ocrx_word' id='word_1_365' title='bbox 2872 2759 3017 2814; x_wconf 79' lang='grc' dir='ltr'><strong>ἀσϐἄ</strong></span> <span class='ocrx_word' id='word_1_366' title='bbox 3045 2758 3364 2831; x_wconf 80' lang='grc' dir='ltr'>Μαρτυρίου</span> <span class='ocrx_word' id='word_1_367' title='bbox 3393 2757 3496 2812; x_wconf 83' lang='grc' dir='ltr'>οὐκ</span> <span class='ocrx_word' id='word_1_368' title='bbox 3528 2758 3689 2828; x_wconf 49' lang='lat' dir='ltr'><strong>Evn};</strong></span> 
     </span>
    </p>
   </div>
   <div class='ocr_carea' id='block_1_49' title="bbox 2099 2845 3691 2922">
    <p class='ocr_par' dir='ltr' id='par_1_49' title="bbox 2099 2845 3691 2922">
     <span class='ocr_line' id='line_1_49' title="bbox 2099 2845 3691 2922; baseline -0.006 -13"><span class='ocrx_word' id='word_1_369' title='bbox 2099 2856 2227 2919; x_wconf 77' lang='grc' dir='ltr'>τοὺς</span> <span class='ocrx_word' id='word_1_370' title='bbox 2278 2851 2464 2916; x_wconf 79' lang='grc' dir='ltr'>πόδας.</span> <span class='ocrx_word' id='word_1_371' title='bbox 2507 2850 2920 2922; x_wconf 86' lang='grc' dir='ltr'>Πυνθανομένου</span> <span class='ocrx_word' id='word_1_372' title='bbox 2965 2848 3023 2903; x_wconf 80' lang='grc' dir='ltr'><strong>δὲ</strong></span> <span class='ocrx_word' id='word_1_373' title='bbox 3078 2847 3166 2903; x_wconf 76' lang='grc' dir='ltr'><strong>τοῦ</strong></span> <span class='ocrx_word' id='word_1_374' title='bbox 3219 2845 3464 2920; x_wconf 80' lang='grc' dir='ltr'><strong>μαθητοῦ</strong></span> <span class='ocrx_word' id='word_1_375' title='bbox 3515 2847 3691 2902; x_wconf 64' lang='grc' dir='ltr'>αὐτοῦ</span> 
     </span>
    </p>
   </div>
   <div class='ocr_carea' id='block_1_50' title="bbox 416 2939 2004 3048">
    <p class='ocr_par' dir='ltr' id='par_1_50' title="bbox 416 2942 1996 3023">
     <span class='ocr_line' id='line_1_50' title="bbox 416 2942 1996 3023; baseline 0.009 -26"><span class='ocrx_word' id='word_1_376' title='bbox 416 2942 689 3014; x_wconf 89' lang='lat' dir='ltr'><strong>discipulo</strong></span> <span class='ocrx_word' id='word_1_377' title='bbox 722 2945 977 3015; x_wconf 73' lang='lat' dir='ltr'><strong>Sabaitze,</strong></span> <span class='ocrx_word' id='word_1_378' title='bbox 1021 2951 1151 3021; x_wconf 80' lang='lat' dir='ltr'><strong>quid</strong></span> <span class='ocrx_word' id='word_1_379' title='bbox 1178 2951 1249 3007; x_wconf 88' lang='lat' dir='ltr'><strong>ita</strong></span> <span class='ocrx_word' id='word_1_380' title='bbox 1273 2952 1490 3010; x_wconf 78' lang='lat' dir='ltr'><strong>fecisset</strong></span> <span class='ocrx_word' id='word_1_381' title='bbox 1518 2954 1542 3009; x_wconf 84' lang='lat'>?</span> <span class='ocrx_word' id='word_1_382' title='bbox 1570 2973 1590 3007; x_wconf 75' lang='grc' dir='ltr'><strong>ι</strong></span> <span class='ocrx_word' id='word_1_383' title='bbox 1637 2955 1809 3010; x_wconf 91' lang='lat' dir='ltr'><strong>Crede</strong></span> <span class='ocrx_word' id='word_1_384' title='bbox 1842 2956 1996 3023; x_wconf 89' lang='lat' dir='ltr'><strong>mibi,</strong></span> 
     </span>
    </p>
   </div>
   <div class='ocr_carea' id='block_1_51' title="bbox 2107 2939 3695 3048">
    <p class='ocr_par' dir='ltr' id='par_1_51' title="bbox 2107 2939 3695 3048">
     <span class='ocr_line' id='line_1_51' title="bbox 2107 2939 3695 3048; baseline -0.007 -46"><span class='ocrx_word' id='word_1_385' title='bbox 2107 2949 2399 3017; x_wconf 84' lang='grc' dir='ltr'><strong>Στεφάνου,</strong></span> <span class='ocrx_word' id='word_1_386' title='bbox 2448 2946 2501 2999; x_wconf 82' lang='grc' dir='ltr'><strong>τι</strong></span> <span class='ocrx_word' id='word_1_387' title='bbox 2544 2944 2718 3008; x_wconf 76' lang='grc' dir='ltr'>οὕτως</span> <span class='ocrx_word' id='word_1_388' title='bbox 2746 2943 3050 3014; x_wconf 83' lang='grc' dir='ltr'>πεποίηκε,</span> <span class='ocrx_word' id='word_1_389' title='bbox 3093 2942 3243 3011; x_wconf 81' lang='grc' dir='ltr'>λέγει</span> <span class='ocrx_word' id='word_1_390' title='bbox 3293 2939 3445 3048; x_wconf 49' lang='lat' dir='ltr'><strong>abst}:</strong></span> <span class='ocrx_word' id='word_1_391' title='bbox 3471 2955 3488 2972; x_wconf 86' lang='grc'><strong>·</strong></span> <span class='ocrx_word' id='word_1_392' title='bbox 3530 2940 3695 3048; x_wconf 55' lang='lat' dir='ltr'><strong>(&quot;ﬂi-</strong></span> 
     </span>
    </p>
   </div>
   <div class='ocr_carea' id='block_1_52' title="bbox 418 3036 2000 3119">
    <p class='ocr_par' dir='ltr' id='par_1_52' title="bbox 418 3036 2000 3119">
     <span class='ocr_line' id='line_1_52' title="bbox 418 3036 2000 3119; baseline 0.009 -30"><span class='ocrx_word' id='word_1_393' title='bbox 418 3036 518 3103; x_wconf 85' lang='lat' dir='ltr'><strong>tili,</strong></span> <span class='ocrx_word' id='word_1_394' title='bbox 550 3036 725 3108; x_wconf 89' lang='lat' dir='ltr'><strong>inquit</strong></span> <span class='ocrx_word' id='word_1_395' title='bbox 764 3038 1035 3108; x_wconf 85' lang='lat' dir='ltr'><strong>Sabaites,</strong></span> <span class='ocrx_word' id='word_1_396' title='bbox 1067 3058 1168 3114; x_wconf 77' lang='lat' dir='ltr'><strong>ego</strong></span> <span class='ocrx_word' id='word_1_397' title='bbox 1193 3045 1318 3115; x_wconf 90' lang='lat' dir='ltr'><strong>quis</strong></span> <span class='ocrx_word' id='word_1_398' title='bbox 1369 3047 1460 3101; x_wconf 90' lang='lat' dir='ltr'><strong>ille</strong></span> <span class='ocrx_word' id='word_1_399' title='bbox 1486 3046 1863 3119; x_wconf 72' lang='lat' dir='ltr'><strong>(religiosus)</strong></span> <span class='ocrx_word' id='word_1_400' title='bbox 1935 3047 2000 3103; x_wconf 80' lang='grc' dir='ltr'>θ-</span> 
     </span>
    </p>
   </div>
   <div class='ocr_carea' id='block_1_53' title="bbox 419 3129 2002 3205">
    <p class='ocr_par' dir='ltr' id='par_1_53' title="bbox 419 3129 2002 3205">
     <span class='ocr_line' id='line_1_53' title="bbox 419 3129 2002 3205; baseline 0.008 -23"><span class='ocrx_word' id='word_1_401' title='bbox 419 3129 528 3185; x_wconf 84' lang='lat' dir='ltr'><strong>lius</strong></span> <span class='ocrx_word' id='word_1_402' title='bbox 556 3131 624 3185; x_wconf 87' lang='lat' dir='ltr'><strong>sit</strong></span> <span class='ocrx_word' id='word_1_403' title='bbox 660 3133 865 3199; x_wconf 90' lang='lat' dir='ltr'><strong>nescio,</strong></span> <span class='ocrx_word' id='word_1_404' title='bbox 892 3149 992 3205; x_wconf 77' lang='lat' dir='ltr'><strong>ego</strong></span> <span class='ocrx_word' id='word_1_405' title='bbox 1046 3136 1193 3191; x_wconf 89' lang='lat' dir='ltr'><strong>enim</strong></span> <span class='ocrx_word' id='word_1_406' title='bbox 1262 3138 1559 3195; x_wconf 86' lang='lat' dir='ltr'><strong>antistitem</strong></span> <span class='ocrx_word' id='word_1_407' title='bbox 1612 3140 1816 3197; x_wconf 88' lang='lat' dir='ltr'><strong>montis</strong></span> <span class='ocrx_word' id='word_1_408' title='bbox 1869 3140 2002 3196; x_wconf 91' lang='lat' dir='ltr'><strong>Sina</strong></span> 
     </span>
    </p>
   </div>
   <div class='ocr_carea' id='block_1_54' title="bbox 418 3220 2003 3297">
    <p class='ocr_par' dir='ltr' id='par_1_54' title="bbox 418 3220 2003 3297">
     <span class='ocr_line' id='line_1_54' title="bbox 418 3220 2003 3297; baseline 0.008 -24"><span class='ocrx_word' id='word_1_409' title='bbox 418 3220 629 3289; x_wconf 79' lang='lat' dir='ltr'><strong>excepi,</strong></span> <span class='ocrx_word' id='word_1_410' title='bbox 684 3221 913 3292; x_wconf 81' lang='lat' dir='ltr'><strong>ejusque</strong></span> <span class='ocrx_word' id='word_1_411' title='bbox 968 3226 1193 3297; x_wconf 71' lang='lat' dir='ltr'><strong>vestigia</strong></span> <span class='ocrx_word' id='word_1_412' title='bbox 1269 3226 1441 3283; x_wconf 87' lang='lat' dir='ltr'><strong>ablui.</strong></span> <span class='ocrx_word' id='word_1_413' title='bbox 1501 3226 1644 3296; x_wconf 79' lang='lat' dir='ltr'><strong>Quin</strong></span> <span class='ocrx_word' id='word_1_414' title='bbox 1723 3237 1778 3285; x_wconf 93' lang='lat' dir='ltr'><strong>et</strong></span> <span class='ocrx_word' id='word_1_415' title='bbox 1832 3230 2003 3286; x_wconf 88' lang='lat' dir='ltr'><strong>abbas</strong></span> 
     </span>
    </p>
   </div>
   <div class='ocr_carea' id='block_1_55' title="bbox 420 3311 2002 3389">
    <p class='ocr_par' dir='ltr' id='par_1_55' title="bbox 420 3311 2002 3389">
     <span class='ocr_line' id='line_1_55' title="bbox 420 3311 2002 3389; baseline 0.006 -22"><span class='ocrx_word' id='word_1_416' title='bbox 420 3311 728 3385; x_wconf 80' lang='lat' dir='ltr'><strong>Strategius</strong></span> <span class='ocrx_word' id='word_1_417' title='bbox 754 3315 873 3385; x_wconf 88' lang='lat' dir='ltr'><strong>ipso</strong></span> <span class='ocrx_word' id='word_1_418' title='bbox 906 3316 994 3371; x_wconf 88' lang='lat' dir='ltr'><strong>die</strong></span> <span class='ocrx_word' id='word_1_419' title='bbox 1046 3333 1156 3389; x_wconf 92' lang='lat' dir='ltr'><strong>quo</strong></span> <span class='ocrx_word' id='word_1_420' title='bbox 1213 3316 1457 3377; x_wconf 83' lang='lat' dir='ltr'><strong>Joannes</strong></span> <span class='ocrx_word' id='word_1_421' title='bbox 1518 3321 1816 3387; x_wconf 89' lang='lat' dir='ltr'><strong>Climacus,</strong></span> <span class='ocrx_word' id='word_1_422' title='bbox 1878 3338 2002 3378; x_wconf 89' lang='lat' dir='ltr'><strong>cum</strong></span> 
     </span>
    </p>
   </div>
   <div class='ocr_carea' id='block_1_56' title="bbox 423 3407 2008 3481">
    <p class='ocr_par' dir='ltr' id='par_1_56' title="bbox 423 3407 2008 3481">
     <span class='ocr_line' id='line_1_56' title="bbox 423 3407 2008 3481; baseline 0.008 -25"><span class='ocrx_word' id='word_1_423' title='bbox 423 3419 626 3458; x_wconf 89' lang='lat' dir='ltr'><strong>annum</strong></span> <span class='ocrx_word' id='word_1_424' title='bbox 687 3407 860 3463; x_wconf 81' lang='lat' dir='ltr'><strong>aetatis</strong></span> <span class='ocrx_word' id='word_1_425' title='bbox 889 3407 1205 3464; x_wconf 78' lang='lat' dir='ltr'><strong>vicesimum</strong></span> <span class='ocrx_word' id='word_1_426' title='bbox 1255 3420 1456 3481; x_wconf 74' lang='lat' dir='ltr'><strong>ageret,</strong></span> <span class='ocrx_word' id='word_1_427' title='bbox 1488 3411 1543 3466; x_wconf 89' lang='lat' dir='ltr'><strong>in</strong></span> <span class='ocrx_word' id='word_1_428' title='bbox 1572 3414 1902 3468; x_wconf 85' lang='lat' dir='ltr'><strong>monachum</strong></span> <span class='ocrx_word' id='word_1_429' title='bbox 1931 3421 2008 3469; x_wconf 91' lang='lat' dir='ltr'><strong>at-</strong></span> 
     </span>
    </p>
   </div>
   <div class='ocr_carea' id='block_1_57' title="bbox 425 3498 2006 3571">
    <p class='ocr_par' dir='ltr' id='par_1_57' title="bbox 425 3498 2006 3571">
     <span class='ocr_line' id='line_1_57' title="bbox 425 3498 2006 3571; baseline 0.008 -23"><span class='ocrx_word' id='word_1_430' title='bbox 425 3503 621 3551; x_wconf 90' lang='lat' dir='ltr'><strong>tonsus</strong></span> <span class='ocrx_word' id='word_1_431' title='bbox 652 3505 757 3562; x_wconf 91' lang='lat' dir='ltr'><strong>est,</strong></span> <span class='ocrx_word' id='word_1_432' title='bbox 819 3498 1067 3567; x_wconf 71' lang='lat' dir='ltr'><strong>pmdixit</strong></span> <span class='ocrx_word' id='word_1_433' title='bbox 1104 3500 1296 3571; x_wconf 79' lang='lat' dir='ltr'><strong>ingens</strong></span> <span class='ocrx_word' id='word_1_434' title='bbox 1325 3502 1476 3557; x_wconf 90' lang='lat' dir='ltr'><strong>illum</strong></span> <span class='ocrx_word' id='word_1_435' title='bbox 1516 3503 1668 3559; x_wconf 85' lang='lat' dir='ltr'><strong>orbis</strong></span> <span class='ocrx_word' id='word_1_436' title='bbox 1696 3504 1823 3559; x_wconf 90' lang='lat' dir='ltr'><strong>olim</strong></span> <span class='ocrx_word' id='word_1_437' title='bbox 1853 3506 2006 3561; x_wconf 82' lang='lat' dir='ltr'><strong>sidus</strong></span> 
     </span>
    </p>
   </div>
   <div class='ocr_carea' id='block_1_58' title="bbox 360 3587 2009 3663">
    <p class='ocr_par' dir='ltr' id='par_1_58' title="bbox 360 3587 2009 3663">
     <span class='ocr_line' id='line_1_58' title="bbox 360 3587 2009 3663; baseline 0.007 -23"><span class='ocrx_word' id='word_1_438' title='bbox 360 3628 363 3633; x_wconf 49' lang='grc' dir='ltr'>ν</span> <span class='ocrx_word' id='word_1_439' title='bbox 427 3587 696 3644; x_wconf 80' lang='lat' dir='ltr'><strong>futurum.</strong></span> <span class='ocrx_word' id='word_1_440' title='bbox 729 3589 915 3659; x_wconf 89' lang='lat' dir='ltr'><strong>Itaque</strong></span> <span class='ocrx_word' id='word_1_441' title='bbox 944 3590 1105 3645; x_wconf 87' lang='lat' dir='ltr'><strong>simul</strong></span> <span class='ocrx_word' id='word_1_442' title='bbox 1134 3602 1297 3663; x_wconf 88' lang='lat' dir='ltr'><strong>atque</strong></span> <span class='ocrx_word' id='word_1_443' title='bbox 1332 3593 1612 3650; x_wconf 83' lang='lat' dir='ltr'><strong>Climacus</strong></span> <span class='ocrx_word' id='word_1_444' title='bbox 1658 3604 1845 3651; x_wconf 88' lang='lat' dir='ltr'><strong>noster</strong></span> <span class='ocrx_word' id='word_1_445' title='bbox 1894 3609 2009 3651; x_wconf 72' lang='lat' dir='ltr'><strong>cte-</strong></span> 
     </span>
    </p>
   </div>
   <div class='ocr_carea' id='block_1_59' title="bbox 428 3679 2010 3757">
    <p class='ocr_par' dir='ltr' id='par_1_59' title="bbox 428 3679 2010 3757">
     <span class='ocr_line' id='line_1_59' title="bbox 428 3679 2010 3757; baseline 0.008 -24"><span class='ocrx_word' id='word_1_446' title='bbox 428 3679 576 3736; x_wconf 89' lang='lat' dir='ltr'><strong>nobii</strong></span> <span class='ocrx_word' id='word_1_447' title='bbox 607 3696 807 3751; x_wconf 68' lang='lat' dir='ltr'><strong>praeses</strong></span> <span class='ocrx_word' id='word_1_448' title='bbox 835 3692 1052 3740; x_wconf 77' lang='lat' dir='ltr'><strong>creatus</strong></span> <span class='ocrx_word' id='word_1_449' title='bbox 1078 3691 1182 3752; x_wconf 90' lang='lat' dir='ltr'><strong>est,</strong></span> <span class='ocrx_word' id='word_1_450' title='bbox 1216 3687 1458 3742; x_wconf 80' lang='lat' dir='ltr'><strong>sexcenti</strong></span> <span class='ocrx_word' id='word_1_451' title='bbox 1484 3687 1725 3757; x_wconf 89' lang='lat' dir='ltr'><strong>hospites</strong></span> <span class='ocrx_word' id='word_1_452' title='bbox 1776 3688 2010 3745; x_wconf 83' lang='lat' dir='ltr'><strong>advene-</strong></span> 
     </span>
    </p>
   </div>
   <div class='ocr_carea' id='block_1_60' title="bbox 427 3773 2007 3848">
    <p class='ocr_par' dir='ltr' id='par_1_60' title="bbox 427 3773 2007 3848">
     <span class='ocr_line' id='line_1_60' title="bbox 427 3773 2007 3848; baseline 0.004 -20"><span class='ocrx_word' id='word_1_453' title='bbox 427 3779 577 3839; x_wconf 89' lang='lat' dir='ltr'><strong>runt,</strong></span> <span class='ocrx_word' id='word_1_454' title='bbox 619 3773 858 3842; x_wconf 89' lang='lat' dir='ltr'><strong>quicum</strong></span> <span class='ocrx_word' id='word_1_455' title='bbox 887 3775 953 3829; x_wconf 89' lang='lat' dir='ltr'><strong>ad</strong></span> <span class='ocrx_word' id='word_1_456' title='bbox 976 3775 1159 3831; x_wconf 90' lang='lat' dir='ltr'><strong>cibum</strong></span> <span class='ocrx_word' id='word_1_457' title='bbox 1219 3778 1544 3848; x_wconf 85' lang='lat' dir='ltr'><strong>capiendum</strong></span> <span class='ocrx_word' id='word_1_458' title='bbox 1598 3778 2007 3847; x_wconf 84' lang='lat' dir='ltr'><strong>accubuissent,</strong></span> 
     </span>
    </p>
   </div>
   <div class='ocr_carea' id='block_1_61' title="bbox 430 3863 2014 3944">
    <p class='ocr_par' dir='ltr' id='par_1_61' title="bbox 430 3863 2014 3944">
     <span class='ocr_line' id='line_1_61' title="bbox 430 3863 2014 3944; baseline 0.008 -28"><span class='ocrx_word' id='word_1_459' title='bbox 430 3864 566 3919; x_wconf 85' lang='lat' dir='ltr'><strong>vidit</strong></span> <span class='ocrx_word' id='word_1_460' title='bbox 598 3863 715 3934; x_wconf 89' lang='lat' dir='ltr'><strong>ipse</strong></span> <span class='ocrx_word' id='word_1_461' title='bbox 743 3866 1032 3935; x_wconf 89' lang='lat' dir='ltr'><strong>quemdam</strong></span> <span class='ocrx_word' id='word_1_462' title='bbox 1069 3869 1227 3938; x_wconf 89' lang='lat' dir='ltr'><strong>quasi</strong></span> <span class='ocrx_word' id='word_1_463' title='bbox 1284 3869 1721 3940; x_wconf 89' lang='lat' dir='ltr'><strong>dispensatorem</strong></span> <span class='ocrx_word' id='word_1_464' title='bbox 1768 3872 2014 3944; x_wconf 85' lang='lat' dir='ltr'><strong>syndone</strong></span> 
     </span>
    </p>
   </div>
   <div class='ocr_carea' id='block_1_62' title="bbox 431 3955 2015 4037">
    <p class='ocr_par' dir='ltr' id='par_1_62' title="bbox 431 3955 2015 4037">
     <span class='ocr_line' id='line_1_62' title="bbox 431 3955 2015 4037; baseline 0.008 -28"><span class='ocrx_word' id='word_1_465' title='bbox 431 3957 488 4010; x_wconf 89' lang='lat' dir='ltr'><strong>in</strong></span> <span class='ocrx_word' id='word_1_466' title='bbox 517 3955 865 4013; x_wconf 66' lang='lat' dir='ltr'><strong>Hebraeorum</strong></span> <span class='ocrx_word' id='word_1_467' title='bbox 912 3974 1119 4015; x_wconf 90' lang='lat' dir='ltr'><strong>morem</strong></span> <span class='ocrx_word' id='word_1_468' title='bbox 1174 3961 1454 4029; x_wconf 86' lang='lat' dir='ltr'><strong>vestitum,</strong></span> <span class='ocrx_word' id='word_1_469' title='bbox 1509 3963 1602 4033; x_wconf 90' lang='lat' dir='ltr'><strong>qui</strong></span> <span class='ocrx_word' id='word_1_470' title='bbox 1635 3963 1875 4037; x_wconf 89' lang='lat' dir='ltr'><strong>undique</strong></span> <span class='ocrx_word' id='word_1_471' title='bbox 1905 3966 2015 4021; x_wconf 88' lang='lat' dir='ltr'><strong>cir-</strong></span> 
     </span>
    </p>
   </div>
   <div class='ocr_carea' id='block_1_63' title="bbox 433 4050 2017 4125">
    <p class='ocr_par' dir='ltr' id='par_1_63' title="bbox 433 4050 2017 4125">
     <span class='ocr_line' id='line_1_63' title="bbox 433 4050 2017 4125; baseline 0.005 -21"><span class='ocrx_word' id='word_1_472' title='bbox 433 4050 840 4118; x_wconf 88' lang='lat' dir='ltr'><strong>cumcursabat,</strong></span> <span class='ocrx_word' id='word_1_473' title='bbox 874 4059 1087 4107; x_wconf 90' lang='lat' dir='ltr'><strong>etcum</strong></span> <span class='ocrx_word' id='word_1_474' title='bbox 1155 4050 1388 4123; x_wconf 90' lang='lat' dir='ltr'><strong>imperio</strong></span> <span class='ocrx_word' id='word_1_475' title='bbox 1437 4054 1805 4125; x_wconf 59' lang='lat' dir='ltr'><strong>pracipiebat,</strong></span> <span class='ocrx_word' id='word_1_476' title='bbox 1870 4071 2017 4112; x_wconf 86' lang='lat' dir='ltr'><strong>nunc</strong></span> 
     </span>
    </p>
   </div>
   <div class='ocr_carea' id='block_1_64' title="bbox 433 4141 2013 4214">
    <p class='ocr_par' dir='ltr' id='par_1_64' title="bbox 433 4141 2013 4214">
     <span class='ocr_line' id='line_1_64' title="bbox 433 4141 2013 4214; baseline 0.006 -21"><span class='ocrx_word' id='word_1_477' title='bbox 433 4141 584 4194; x_wconf 89' lang='lat' dir='ltr'><strong>cocis</strong></span> <span class='ocrx_word' id='word_1_478' title='bbox 617 4148 672 4195; x_wconf 91' lang='lat' dir='ltr'><strong>et</strong></span> <span class='ocrx_word' id='word_1_479' title='bbox 697 4142 1024 4209; x_wconf 67' lang='lat' dir='ltr'><strong>oeconomia,</strong></span> <span class='ocrx_word' id='word_1_480' title='bbox 1051 4158 1196 4198; x_wconf 90' lang='lat' dir='ltr'><strong>nunc</strong></span> <span class='ocrx_word' id='word_1_481' title='bbox 1228 4143 1438 4212; x_wconf 84' lang='lat' dir='ltr'><strong>promis</strong></span> <span class='ocrx_word' id='word_1_482' title='bbox 1459 4145 1651 4201; x_wconf 91' lang='lat' dir='ltr'><strong>condis</strong></span> <span class='ocrx_word' id='word_1_483' title='bbox 1677 4154 1732 4201; x_wconf 90' lang='lat' dir='ltr'><strong>et</strong></span> <span class='ocrx_word' id='word_1_484' title='bbox 1755 4146 2013 4214; x_wconf 88' lang='lat' dir='ltr'><strong>cellariis,</strong></span> 
     </span>
    </p>
   </div>
   <div class='ocr_carea' id='block_1_65' title="bbox 436 4228 2016 4309">
    <p class='ocr_par' dir='ltr' id='par_1_65' title="bbox 436 4228 2016 4309">
     <span class='ocr_line' id='line_1_65' title="bbox 436 4228 2016 4309; baseline 0.004 -22"><span class='ocrx_word' id='word_1_485' title='bbox 436 4228 667 4302; x_wconf 85' lang='lat' dir='ltr'><strong>aliisque</strong></span> <span class='ocrx_word' id='word_1_486' title='bbox 691 4234 927 4289; x_wconf 71' lang='lat' dir='ltr'><strong>cmnobii</strong></span> <span class='ocrx_word' id='word_1_487' title='bbox 965 4234 1255 4290; x_wconf 89' lang='lat' dir='ltr'><strong>ministris.</strong></span> <span class='ocrx_word' id='word_1_488' title='bbox 1284 4234 1417 4290; x_wconf 80' lang='lat' dir='ltr'><strong>Post</strong></span> <span class='ocrx_word' id='word_1_489' title='bbox 1440 4235 1697 4292; x_wconf 88' lang='lat' dir='ltr'><strong>dimissos</strong></span> <span class='ocrx_word' id='word_1_490' title='bbox 1735 4253 1864 4309; x_wconf 83' lang='lat' dir='ltr'><strong>ergo</strong></span> <span class='ocrx_word' id='word_1_491' title='bbox 1920 4254 2016 4309; x_wconf 85' lang='lat' dir='ltr'><strong>pe-</strong></span> 
     </span>
    </p>
   </div>
   <div class='ocr_carea' id='block_1_66' title="bbox 436 4321 2013 4395">
    <p class='ocr_par' dir='ltr' id='par_1_66' title="bbox 436 4321 2013 4395">
     <span class='ocr_line' id='line_1_66' title="bbox 436 4321 2013 4395; baseline 0.006 -20"><span class='ocrx_word' id='word_1_492' title='bbox 436 4322 707 4392; x_wconf 76' lang='lat' dir='ltr'><strong>regrinos,</strong></span> <span class='ocrx_word' id='word_1_493' title='bbox 740 4338 864 4377; x_wconf 90' lang='lat' dir='ltr'><strong>cum</strong></span> <span class='ocrx_word' id='word_1_494' title='bbox 895 4321 1083 4378; x_wconf 81' lang='lat' dir='ltr'><strong>famuli</strong></span> <span class='ocrx_word' id='word_1_495' title='bbox 1112 4338 1331 4395; x_wconf 90' lang='lat' dir='ltr'><strong>quoque</strong></span> <span class='ocrx_word' id='word_1_496' title='bbox 1360 4323 1428 4378; x_wconf 85' lang='lat' dir='ltr'><strong>ad</strong></span> <span class='ocrx_word' id='word_1_497' title='bbox 1471 4340 1716 4381; x_wconf 84' lang='lat' dir='ltr'><strong>mensam</strong></span> <span class='ocrx_word' id='word_1_498' title='bbox 1773 4327 2013 4384; x_wconf 80' lang='lat' dir='ltr'><strong>assedis-</strong></span> 
     </span>
    </p>
   </div>
   <div class='ocr_carea' id='block_1_67' title="bbox 438 4410 2022 4487">
    <p class='ocr_par' dir='ltr' id='par_1_67' title="bbox 438 4410 2022 4487">
     <span class='ocr_line' id='line_1_67' title="bbox 438 4410 2022 4487; baseline 0.006 -24"><span class='ocrx_word' id='word_1_499' title='bbox 438 4419 582 4473; x_wconf 84' lang='lat' dir='ltr'><strong>sent,</strong></span> <span class='ocrx_word' id='word_1_500' title='bbox 620 4410 883 4480; x_wconf 63' lang='lat' dir='ltr'><strong>quaesitus</strong></span> <span class='ocrx_word' id='word_1_501' title='bbox 939 4420 1024 4468; x_wconf 86' lang='lat' dir='ltr'><strong>est</strong></span> <span class='ocrx_word' id='word_1_502' title='bbox 1078 4412 1170 4470; x_wconf 89' lang='lat' dir='ltr'><strong>ille</strong></span> <span class='ocrx_word' id='word_1_503' title='bbox 1221 4413 1445 4472; x_wconf 90' lang='lat' dir='ltr'><strong>sedulus</strong></span> <span class='ocrx_word' id='word_1_504' title='bbox 1491 4413 1857 4484; x_wconf 85' lang='lat' dir='ltr'><strong>dispensator,</strong></span> <span class='ocrx_word' id='word_1_505' title='bbox 1926 4417 2022 4487; x_wconf 91' lang='lat' dir='ltr'><strong>qui</strong></span> 
     </span>
    </p>
   </div>
   <div class='ocr_carea' id='block_1_68' title="bbox 438 4504 2024 4582">
    <p class='ocr_par' dir='ltr' id='par_1_68' title="bbox 438 4504 2024 4582">
     <span class='ocr_line' id='line_1_68' title="bbox 438 4504 2024 4582; baseline 0.006 -28"><span class='ocrx_word' id='word_1_506' title='bbox 438 4504 625 4558; x_wconf 85' lang='lat' dir='ltr'><strong>omnia</strong></span> <span class='ocrx_word' id='word_1_507' title='bbox 676 4505 1163 4566; x_wconf 86' lang='lat' dir='ltr'><strong>circumeursando</strong></span> <span class='ocrx_word' id='word_1_508' title='bbox 1214 4521 1268 4565; x_wconf 91' lang='lat' dir='ltr'><strong>et</strong></span> <span class='ocrx_word' id='word_1_509' title='bbox 1348 4511 1712 4582; x_wconf 90' lang='lat' dir='ltr'><strong>imperitando</strong></span> <span class='ocrx_word' id='word_1_510' title='bbox 1790 4510 2024 4565; x_wconf 86' lang='lat' dir='ltr'><strong>admini-</strong></span> 
     </span>
    </p>
   </div>
   <div class='ocr_carea' id='block_1_69' title="bbox 441 4598 2023 4672">
    <p class='ocr_par' dir='ltr' id='par_1_69' title="bbox 441 4598 2023 4672">
     <span class='ocr_line' id='line_1_69' title="bbox 441 4598 2023 4672; baseline 0.001 -16"><span class='ocrx_word' id='word_1_511' title='bbox 441 4606 665 4662; x_wconf 85' lang='lat' dir='ltr'><strong>strarat,</strong></span> <span class='ocrx_word' id='word_1_512' title='bbox 698 4606 756 4652; x_wconf 93' lang='lat' dir='ltr'><strong>ut</strong></span> <span class='ocrx_word' id='word_1_513' title='bbox 775 4607 828 4652; x_wconf 89' lang='lat' dir='ltr'><strong>et</strong></span> <span class='ocrx_word' id='word_1_514' title='bbox 852 4598 966 4668; x_wconf 88' lang='lat' dir='ltr'><strong>ipse</strong></span> <span class='ocrx_word' id='word_1_515' title='bbox 989 4601 1336 4657; x_wconf 86' lang='lat' dir='ltr'><strong>accumberet</strong></span> <span class='ocrx_word' id='word_1_516' title='bbox 1361 4619 1376 4670; x_wconf 93' lang='lat'><strong>;</strong></span> <span class='ocrx_word' id='word_1_517' title='bbox 1407 4600 1504 4658; x_wconf 79' lang='lat' dir='ltr'><strong>sed</strong></span> <span class='ocrx_word' id='word_1_518' title='bbox 1529 4602 1879 4672; x_wconf 81' lang='lat' dir='ltr'><strong>quantumvis</strong></span> <span class='ocrx_word' id='word_1_519' title='bbox 1897 4600 2023 4657; x_wconf 87' lang='lat' dir='ltr'><strong>dili-</strong></span> 
     </span>
    </p>
   </div>
   <div class='ocr_carea' id='block_1_70' title="bbox 442 4690 2023 4762">
    <p class='ocr_par' dir='ltr' id='par_1_70' title="bbox 442 4690 2023 4762">
     <span class='ocr_line' id='line_1_70' title="bbox 442 4690 2023 4762; baseline 0.003 -20"><span class='ocrx_word' id='word_1_520' title='bbox 442 4699 631 4760; x_wconf 76' lang='lat' dir='ltr'><strong>genter</strong></span> <span class='ocrx_word' id='word_1_521' title='bbox 660 4690 1038 4759; x_wconf 82' lang='lat' dir='ltr'><strong>investigatus,</strong></span> <span class='ocrx_word' id='word_1_522' title='bbox 1073 4691 1256 4748; x_wconf 91' lang='lat' dir='ltr'><strong>nullus</strong></span> <span class='ocrx_word' id='word_1_523' title='bbox 1285 4701 1468 4748; x_wconf 89' lang='lat' dir='ltr'><strong>tamen</strong></span> <span class='ocrx_word' id='word_1_524' title='bbox 1506 4692 1742 4762; x_wconf 84' lang='lat' dir='ltr'><strong>amplius</strong></span> <span class='ocrx_word' id='word_1_525' title='bbox 1790 4692 2023 4748; x_wconf 89' lang='lat' dir='ltr'><strong>inveniri</strong></span> 
     </span>
    </p>
   </div>
   <div class='ocr_carea' id='block_1_71' title="bbox 2111 3029 3691 3106">
    <p class='ocr_par' dir='ltr' id='par_1_71' title="bbox 2111 3029 3691 3106">
     <span class='ocr_line' id='line_1_71' title="bbox 2111 3029 3691 3106; baseline -0.008 -10"><span class='ocrx_word' id='word_1_526' title='bbox 2111 3056 2357 3105; x_wconf 86' lang='grc' dir='ltr'>στευσον,</span> <span class='ocrx_word' id='word_1_527' title='bbox 2406 3038 2620 3101; x_wconf 85' lang='grc' dir='ltr'>τέκνον,</span> <span class='ocrx_word' id='word_1_528' title='bbox 2647 3036 2780 3106; x_wconf 73' lang='grc' dir='ltr'>ἐγὼ,</span> <span class='ocrx_word' id='word_1_529' title='bbox 2814 3035 2899 3098; x_wconf 84' lang='grc' dir='ltr'>τίς</span> <span class='ocrx_word' id='word_1_530' title='bbox 2941 3035 3088 3088; x_wconf 76' lang='grc' dir='ltr'>ἐστιν</span> <span class='ocrx_word' id='word_1_531' title='bbox 3134 3035 3163 3087; x_wconf 90' lang='lat'><strong>0</strong></span> <span class='ocrx_word' id='word_1_532' title='bbox 3200 3034 3350 3100; x_wconf 88' lang='grc' dir='ltr'>παῖς,</span> <span class='ocrx_word' id='word_1_533' title='bbox 3388 3031 3490 3086; x_wconf 79' lang='grc' dir='ltr'><strong>οὒκ</strong></span> <span class='ocrx_word' id='word_1_534' title='bbox 3529 3029 3647 3085; x_wconf 73' lang='grc' dir='ltr'>οῖδα</span> <span class='ocrx_word' id='word_1_535' title='bbox 3676 3049 3691 3063; x_wconf 89' lang='grc'><strong>·</strong></span> 
     </span>
    </p>
   </div>
   <div class='ocr_carea' id='block_1_72' title="bbox 2110 3124 3697 3202">
    <p class='ocr_par' dir='ltr' id='par_1_72' title="bbox 2110 3124 3697 3202">
     <span class='ocr_line' id='line_1_72' title="bbox 2110 3124 3697 3202; baseline -0.006 -14"><span class='ocrx_word' id='word_1_536' title='bbox 2110 3132 2225 3189; x_wconf 85' lang='grc' dir='ltr'>ἀλλ’</span> <span class='ocrx_word' id='word_1_537' title='bbox 2251 3130 2362 3202; x_wconf 70' lang='grc' dir='ltr'><strong>ἐγὼ</strong></span> <span class='ocrx_word' id='word_1_538' title='bbox 2389 3130 2691 3202; x_wconf 78' lang='grc' dir='ltr'>ἡγούμενον</span> <span class='ocrx_word' id='word_1_539' title='bbox 2716 3126 2810 3182; x_wconf 81' lang='grc' dir='ltr'><strong>τοῦ</strong></span> <span class='ocrx_word' id='word_1_540' title='bbox 2833 3128 2963 3182; x_wconf 69' lang='lat' dir='ltr'><strong>me</strong></span> <span class='ocrx_word' id='word_1_541' title='bbox 3000 3124 3269 3197; x_wconf 78' lang='grc' dir='ltr'><strong>ἐδεξάμην</strong></span> <span class='ocrx_word' id='word_1_542' title='bbox 3308 3124 3403 3179; x_wconf 71' lang='grc' dir='ltr'>καὶ</span> <span class='ocrx_word' id='word_1_543' title='bbox 3432 3125 3559 3189; x_wconf 78' lang='grc' dir='ltr'>τοὺς</span> <span class='ocrx_word' id='word_1_544' title='bbox 3586 3126 3697 3179; x_wconf 79' lang='grc' dir='ltr'><strong>πό-</strong></span> 
     </span>
    </p>
   </div>
   <div class='ocr_carea' id='block_1_73' title="bbox 2110 3220 3694 3297">
    <p class='ocr_par' dir='ltr' id='par_1_73' title="bbox 2110 3220 3694 3297">
     <span class='ocr_line' id='line_1_73' title="bbox 2110 3220 3694 3297; baseline -0.006 -14"><span class='ocrx_word' id='word_1_545' title='bbox 2110 3229 2207 3291; x_wconf 85' lang='grc' dir='ltr'>δας</span> <span class='ocrx_word' id='word_1_546' title='bbox 2231 3226 2321 3280; x_wconf 81' lang='grc' dir='ltr'>τοῦ</span> <span class='ocrx_word' id='word_1_547' title='bbox 2348 3225 2648 3297; x_wconf 81' lang='grc' dir='ltr'>ἡγουμένου</span> <span class='ocrx_word' id='word_1_548' title='bbox 2676 3221 2849 3293; x_wconf 74' lang='grc' dir='ltr'>ἔνιψα.</span> <span class='ocrx_word' id='word_1_549' title='bbox 2881 3221 3043 3275; x_wconf 81' lang='grc' dir='ltr'>Ἀλλὰ</span> <span class='ocrx_word' id='word_1_550' title='bbox 3081 3220 3177 3276; x_wconf 71' lang='grc' dir='ltr'>καὶ</span> <span class='ocrx_word' id='word_1_551' title='bbox 3223 3221 3251 3275; x_wconf 92' lang='lat'><strong>0</strong></span> <span class='ocrx_word' id='word_1_552' title='bbox 3278 3220 3453 3285; x_wconf 79' lang='grc' dir='ltr'><strong>ἀσδᾶς</strong></span> <span class='ocrx_word' id='word_1_553' title='bbox 3479 3221 3694 3293; x_wconf 87' lang='grc' dir='ltr'>Στρατ-</span> 
     </span>
    </p>
   </div>
   <div class='ocr_carea' id='block_1_74' title="bbox 2111 3308 3702 3391">
    <p class='ocr_par' dir='ltr' id='par_1_74' title="bbox 2111 3308 3702 3391">
     <span class='ocr_line' id='line_1_74' title="bbox 2111 3308 3702 3391; baseline -0.006 -17"><span class='ocrx_word' id='word_1_554' title='bbox 2111 3320 2265 3391; x_wconf 88' lang='grc' dir='ltr'>ήγιος</span> <span class='ocrx_word' id='word_1_555' title='bbox 2295 3317 2395 3389; x_wconf 83' lang='grc' dir='ltr'><strong>τὴν</strong></span> <span class='ocrx_word' id='word_1_556' title='bbox 2422 3316 2660 3388; x_wconf 81' lang='grc' dir='ltr'>ἡμέραν,</span> <span class='ocrx_word' id='word_1_557' title='bbox 2684 3315 2743 3366; x_wconf 83' lang='grc' dir='ltr'><strong>ὲν</strong></span> <span class='ocrx_word' id='word_1_558' title='bbox 2847 3311 3209 3383; x_wconf 79' lang='grc' dir='ltr'>έκουρεύσατο</span> <span class='ocrx_word' id='word_1_559' title='bbox 3244 3313 3273 3365; x_wconf 91' lang='lat'><strong>0</strong></span> <span class='ocrx_word' id='word_1_560' title='bbox 3301 3311 3477 3374; x_wconf 78' lang='grc' dir='ltr'><strong>ἀϐϐᾶς</strong></span> <span class='ocrx_word' id='word_1_561' title='bbox 3511 3311 3702 3365; x_wconf 85' lang='grc' dir='ltr'>Ἰωάν-</span> 
     </span>
    </p>
   </div>
   <div class='ocr_carea' id='block_1_75' title="bbox 2100 3397 3700 3479">
    <p class='ocr_par' dir='ltr' id='par_1_75' title="bbox 2100 3397 3700 3479">
     <span class='ocr_line' id='line_1_75' title="bbox 2100 3397 3700 3479; baseline -0.007 -18"><span class='ocrx_word' id='word_1_562' title='bbox 2100 3425 2233 3479; x_wconf 71' lang='grc' dir='ltr'>νης,</span> <span class='ocrx_word' id='word_1_563' title='bbox 2256 3408 2462 3462; x_wconf 84' lang='grc' dir='ltr'>εῖκοσιν</span> <span class='ocrx_word' id='word_1_564' title='bbox 2490 3403 2629 3459; x_wconf 71' lang='grc' dir='ltr'>ἑτῶν</span> <span class='ocrx_word' id='word_1_565' title='bbox 2665 3402 2950 3474; x_wconf 78' lang='grc' dir='ltr'>ὑπάρχων,</span> <span class='ocrx_word' id='word_1_566' title='bbox 2988 3399 3286 3471; x_wconf 78' lang='grc' dir='ltr'>προείρηκε</span> <span class='ocrx_word' id='word_1_567' title='bbox 3331 3399 3462 3470; x_wconf 78' lang='grc' dir='ltr'>περὶ</span> <span class='ocrx_word' id='word_1_568' title='bbox 3501 3397 3700 3461; x_wconf 80' lang='grc' dir='ltr'>αὐτοῦ,</span> 
     </span>
    </p>
   </div>
   <div class='ocr_carea' id='block_1_76' title="bbox 2113 3485 3703 3568">
    <p class='ocr_par' dir='ltr' id='par_1_76' title="bbox 2113 3485 3703 3568">
     <span class='ocr_line' id='line_1_76' title="bbox 2113 3485 3703 3568; baseline -0.009 -15"><span class='ocrx_word' id='word_1_569' title='bbox 2113 3500 2197 3553; x_wconf 79' lang='grc' dir='ltr'>ὅτι</span> <span class='ocrx_word' id='word_1_570' title='bbox 2249 3497 2422 3568; x_wconf 87' lang='grc' dir='ltr'>μέγας</span> <span class='ocrx_word' id='word_1_571' title='bbox 2464 3492 2642 3565; x_wconf 80' lang='grc' dir='ltr'>ἀστὴρ</span> <span class='ocrx_word' id='word_1_572' title='bbox 2683 3493 2995 3563; x_wconf 85' lang='grc' dir='ltr'>γενήσεται.</span> <span class='ocrx_word' id='word_1_573' title='bbox 3044 3487 3260 3560; x_wconf 84' lang='grc' dir='ltr'>Ἀμέλει</span> <span class='ocrx_word' id='word_1_574' title='bbox 3285 3485 3418 3557; x_wconf 75' lang='grc' dir='ltr'>γοῦν</span> <span class='ocrx_word' id='word_1_575' title='bbox 3453 3487 3571 3557; x_wconf 76' lang='grc' dir='ltr'>ἅμα</span> <span class='ocrx_word' id='word_1_576' title='bbox 3615 3485 3703 3557; x_wconf 82' lang='grc' dir='ltr'>τῷ</span> 
     </span>
    </p>
   </div>
   <div class='ocr_carea' id='block_1_77' title="bbox 2114 3579 3706 3659">
    <p class='ocr_par' dir='ltr' id='par_1_77' title="bbox 2114 3579 3706 3659">
     <span class='ocr_line' id='line_1_77' title="bbox 2114 3579 3706 3659; baseline -0.006 -16"><span class='ocrx_word' id='word_1_577' title='bbox 2114 3588 2368 3659; x_wconf 78' lang='grc' dir='ltr'>γενέσθαι</span> <span class='ocrx_word' id='word_1_578' title='bbox 2391 3586 2554 3642; x_wconf 76' lang='grc' dir='ltr'>αὐτὸν</span> <span class='ocrx_word' id='word_1_579' title='bbox 2583 3586 2887 3658; x_wconf 77' lang='grc' dir='ltr'>ἡγούμενον</span> <span class='ocrx_word' id='word_1_580' title='bbox 2914 3584 3092 3656; x_wconf 85' lang='grc' dir='ltr'>ἡμῶν,</span> <span class='ocrx_word' id='word_1_581' title='bbox 3127 3582 3477 3637; x_wconf 70' lang='grc' dir='ltr'>εἰσελθόντων</span> <span class='ocrx_word' id='word_1_582' title='bbox 3506 3579 3706 3636; x_wconf 72' lang='grc' dir='ltr'><strong>ἐνταῦ-</strong></span> 
     </span>
    </p>
   </div>
   <div class='ocr_carea' id='block_1_78' title="bbox 2117 3666 3711 3753">
    <p class='ocr_par' dir='ltr' id='par_1_78' title="bbox 2117 3666 3711 3753">
     <span class='ocr_line' id='line_1_78' title="bbox 2117 3666 3711 3753; baseline -0.007 -17"><span class='ocrx_word' id='word_1_583' title='bbox 2117 3681 2185 3736; x_wconf 88' lang='grc' dir='ltr'>θα</span> <span class='ocrx_word' id='word_1_584' title='bbox 2210 3680 2339 3753; x_wconf 83' lang='grc' dir='ltr'>περι</span> <span class='ocrx_word' id='word_1_585' title='bbox 2367 3697 2469 3733; x_wconf 83' lang='grc' dir='ltr'><strong>που</strong></span> <span class='ocrx_word' id='word_1_586' title='bbox 2498 3679 2796 3745; x_wconf 79' lang='grc' dir='ltr'>ἑξακοσίων</span> <span class='ocrx_word' id='word_1_587' title='bbox 2824 3677 3012 3743; x_wconf 85' lang='grc' dir='ltr'>ξένων,</span> <span class='ocrx_word' id='word_1_588' title='bbox 3044 3677 3103 3730; x_wconf 83' lang='grc' dir='ltr'><strong>ὲν</strong></span> <span class='ocrx_word' id='word_1_589' title='bbox 3125 3673 3202 3747; x_wconf 84' lang='grc' dir='ltr'><strong>τῷ</strong></span> <span class='ocrx_word' id='word_1_590' title='bbox 3234 3672 3565 3740; x_wconf 77' lang='grc' dir='ltr'>καθέζεσθαι</span> <span class='ocrx_word' id='word_1_591' title='bbox 3604 3666 3711 3726; x_wconf 62' lang='grc' dir='ltr'>αΰέ</span> 
     </span>
    </p>
   </div>
   <div class='ocr_carea' id='block_1_79' title="bbox 2115 3765 3706 3851">
    <p class='ocr_par' dir='ltr' id='par_1_79' title="bbox 2115 3765 3706 3851">
     <span class='ocr_line' id='line_1_79' title="bbox 2115 3765 3706 3851; baseline -0.005 -24"><span class='ocrx_word' id='word_1_592' title='bbox 2115 3775 2243 3836; x_wconf 77' lang='grc' dir='ltr'>τοὺς</span> <span class='ocrx_word' id='word_1_593' title='bbox 2289 3773 2381 3827; x_wconf 82' lang='grc' dir='ltr'><strong>καὶ</strong></span> <span class='ocrx_word' id='word_1_594' title='bbox 2422 3772 2645 3838; x_wconf 78' lang='grc' dir='ltr'>ὲσθῖειν,</span> <span class='ocrx_word' id='word_1_595' title='bbox 2683 3769 2906 3842; x_wconf 75' lang='grc' dir='ltr'>ἐθεώρει</span> <span class='ocrx_word' id='word_1_596' title='bbox 2953 3769 3117 3834; x_wconf 82' lang='grc' dir='ltr'>αὑτός</span> <span class='ocrx_word' id='word_1_597' title='bbox 3153 3786 3273 3851; x_wconf 79' lang='grc' dir='ltr'>τινα</span> <span class='ocrx_word' id='word_1_598' title='bbox 3310 3765 3706 3838; x_wconf 81' lang='grc' dir='ltr'>κονδοκούρευ-</span> 
     </span>
    </p>
   </div>
   <div class='ocr_carea' id='block_1_80' title="bbox 2116 3857 3706 3936">
    <p class='ocr_par' dir='ltr' id='par_1_80' title="bbox 2116 3857 3706 3936">
     <span class='ocr_line' id='line_1_80' title="bbox 2116 3857 3706 3936; baseline -0.007 -17"><span class='ocrx_word' id='word_1_599' title='bbox 2116 3882 2209 3920; x_wconf 84' lang='grc' dir='ltr'><strong>τον</strong></span> <span class='ocrx_word' id='word_1_600' title='bbox 2242 3863 2315 3936; x_wconf 70' lang='grc' dir='ltr'><strong>(ι)</strong></span> <span class='ocrx_word' id='word_1_601' title='bbox 2346 3863 2783 3934; x_wconf 77' lang='grc' dir='ltr'>ἀναϐεϐλημένον</span> <span class='ocrx_word' id='word_1_602' title='bbox 2834 3859 3137 3924; x_wconf 83' lang='grc' dir='ltr'><strong>Ἰουδαϊκῶς</strong></span> <span class='ocrx_word' id='word_1_603' title='bbox 3174 3858 3410 3923; x_wconf 84' lang='grc' dir='ltr'>σινδόνα,</span> <span class='ocrx_word' id='word_1_604' title='bbox 3446 3857 3706 3929; x_wconf 81' lang='grc' dir='ltr'>περιτρέ-</span> 
     </span>
    </p>
   </div>
   <div class='ocr_carea' id='block_1_81' title="bbox 2119 3949 3706 4029">
    <p class='ocr_par' dir='ltr' id='par_1_81' title="bbox 2119 3949 3706 4029">
     <span class='ocr_line' id='line_1_81' title="bbox 2119 3949 3706 4029; baseline -0.007 -18"><span class='ocrx_word' id='word_1_605' title='bbox 2119 3973 2283 4029; x_wconf 85' lang='grc' dir='ltr'>χοντα</span> <span class='ocrx_word' id='word_1_606' title='bbox 2315 3998 2331 4024; x_wconf 90' lang='grc'><strong>,</strong></span> <span class='ocrx_word' id='word_1_607' title='bbox 2387 3957 2483 4011; x_wconf 73' lang='grc' dir='ltr'>καὶ</span> <span class='ocrx_word' id='word_1_608' title='bbox 2559 3953 2979 4022; x_wconf 85' lang='grc' dir='ltr'>ὲξουσιαστικῶς</span> <span class='ocrx_word' id='word_1_609' title='bbox 3036 3949 3401 4005; x_wconf 80' lang='grc' dir='ltr'>ἐπιτάσσοντα</span> <span class='ocrx_word' id='word_1_610' title='bbox 3455 3952 3565 4012; x_wconf 87' lang='grc' dir='ltr'>τοῖς</span> <span class='ocrx_word' id='word_1_611' title='bbox 3637 3965 3706 4000; x_wconf 83' lang='grc' dir='ltr'>τε</span> 
     </span>
    </p>
   </div>
   <div class='ocr_carea' id='block_1_82' title="bbox 2125 4040 3704 4122">
    <p class='ocr_par' dir='ltr' id='par_1_82' title="bbox 2125 4040 3704 4122">
     <span class='ocr_line' id='line_1_82' title="bbox 2125 4040 3704 4122; baseline -0.007 -20"><span class='ocrx_word' id='word_1_612' title='bbox 2125 4048 2407 4122; x_wconf 80' lang='grc' dir='ltr'>μαγείροις</span> <span class='ocrx_word' id='word_1_613' title='bbox 2456 4046 2548 4101; x_wconf 79' lang='grc' dir='ltr'>καὶ</span> <span class='ocrx_word' id='word_1_614' title='bbox 2582 4045 2886 4117; x_wconf 76' lang='grc' dir='ltr'>οἰκονόμοις</span> <span class='ocrx_word' id='word_1_615' title='bbox 2932 4042 3028 4098; x_wconf 69' lang='grc' dir='ltr'>καὶ</span> <span class='ocrx_word' id='word_1_616' title='bbox 3078 4040 3421 4112; x_wconf 78' lang='grc' dir='ltr'>κελλαρίταις</span> <span class='ocrx_word' id='word_1_617' title='bbox 3458 4040 3550 4095; x_wconf 78' lang='grc' dir='ltr'><strong>καὶ</strong></span> <span class='ocrx_word' id='word_1_618' title='bbox 3585 4041 3704 4104; x_wconf 84' lang='grc' dir='ltr'>τοῖς</span> 
     </span>
    </p>
   </div>
   <div class='ocr_carea' id='block_1_83' title="bbox 2120 4131 3703 4213">
    <p class='ocr_par' dir='ltr' id='par_1_83' title="bbox 2120 4131 3703 4213">
     <span class='ocr_line' id='line_1_83' title="bbox 2120 4131 3703 4213; baseline -0.008 -17"><span class='ocrx_word' id='word_1_619' title='bbox 2120 4142 2327 4204; x_wconf 80' lang='grc' dir='ltr'>λοιποῖς</span> <span class='ocrx_word' id='word_1_620' title='bbox 2361 4140 2674 4213; x_wconf 82' lang='grc' dir='ltr'>ὑπουργοῖς.</span> <span class='ocrx_word' id='word_1_621' title='bbox 2713 4137 2871 4192; x_wconf 82' lang='grc' dir='ltr'>Μετὰ</span> <span class='ocrx_word' id='word_1_622' title='bbox 2895 4133 2988 4191; x_wconf 79' lang='grc' dir='ltr'>οὖν</span> <span class='ocrx_word' id='word_1_623' title='bbox 3022 4136 3083 4191; x_wconf 83' lang='grc' dir='ltr'>τὸ</span> <span class='ocrx_word' id='word_1_624' title='bbox 3128 4134 3385 4190; x_wconf 81' lang='grc' dir='ltr'>ἀπελθεῖν</span> <span class='ocrx_word' id='word_1_625' title='bbox 3414 4133 3507 4186; x_wconf 79' lang='grc' dir='ltr'>τὸν</span> <span class='ocrx_word' id='word_1_626' title='bbox 3548 4131 3703 4198; x_wconf 81' lang='grc' dir='ltr'>λαὺν,</span> 
     </span>
    </p>
   </div>
   <div class='ocr_carea' id='block_1_84' title="bbox 2122 4224 3706 4301">
    <p class='ocr_par' dir='ltr' id='par_1_84' title="bbox 2122 4224 3706 4301">
     <span class='ocr_line' id='line_1_84' title="bbox 2122 4224 3706 4301; baseline -0.008 -15"><span class='ocrx_word' id='word_1_627' title='bbox 2122 4230 2496 4288; x_wconf 83' lang='grc' dir='ltr'>καθεσθέντων</span> <span class='ocrx_word' id='word_1_628' title='bbox 2526 4231 2720 4300; x_wconf 85' lang='grc' dir='ltr'>φαγεῖν</span> <span class='ocrx_word' id='word_1_629' title='bbox 2738 4228 2848 4283; x_wconf 82' lang='grc' dir='ltr'><strong>τῶν</strong></span> <span class='ocrx_word' id='word_1_630' title='bbox 2878 4226 3189 4301; x_wconf 79' lang='grc' dir='ltr'>ὑπηρετῶν,</span> <span class='ocrx_word' id='word_1_631' title='bbox 3221 4225 3466 4298; x_wconf 70' lang='grc' dir='ltr'>ἐζητεῖτο</span> <span class='ocrx_word' id='word_1_632' title='bbox 3494 4224 3706 4288; x_wconf 68' lang='grc' dir='ltr'>ἐκεῖνος</span> 
     </span>
    </p>
   </div>
   <div class='ocr_carea' id='block_1_85' title="bbox 2123 4314 3701 4393">
    <p class='ocr_par' dir='ltr' id='par_1_85' title="bbox 2123 4314 3701 4393">
     <span class='ocr_line' id='line_1_85' title="bbox 2123 4314 3701 4393; baseline -0.006 -16"><span class='ocrx_word' id='word_1_633' title='bbox 2123 4324 2152 4378; x_wconf 88' lang='lat'><strong>0</strong></span> <span class='ocrx_word' id='word_1_634' title='bbox 2179 4320 2453 4393; x_wconf 80' lang='grc' dir='ltr'>πανταχοῦ</span> <span class='ocrx_word' id='word_1_635' title='bbox 2477 4320 2821 4393; x_wconf 85' lang='grc' dir='ltr'>περιτρέχων</span> <span class='ocrx_word' id='word_1_636' title='bbox 2844 4318 2939 4373; x_wconf 76' lang='grc' dir='ltr'><strong>καὶ</strong></span> <span class='ocrx_word' id='word_1_637' title='bbox 2959 4317 3284 4384; x_wconf 73' lang='grc' dir='ltr'>ἐπιτάττων,</span> <span class='ocrx_word' id='word_1_638' title='bbox 3319 4318 3418 4387; x_wconf 83' lang='grc' dir='ltr'><strong>οὐχ</strong></span> <span class='ocrx_word' id='word_1_639' title='bbox 3447 4314 3701 4389; x_wconf 78' lang='grc' dir='ltr'>εὑρίσκε-</span> 
     </span>
    </p>
   </div>
   <div class='ocr_carea' id='block_1_86' title="bbox 2121 4403 3705 4478">
    <p class='ocr_par' dir='ltr' id='par_1_86' title="bbox 2121 4403 3705 4478">
     <span class='ocr_line' id='line_1_86' title="bbox 2121 4403 3705 4478; baseline -0.006 -11"><span class='ocrx_word' id='word_1_640' title='bbox 2121 4430 2203 4468; x_wconf 89' lang='grc' dir='ltr'><strong>το.</strong></span> <span class='ocrx_word' id='word_1_641' title='bbox 2229 4411 2363 4466; x_wconf 86' lang='grc' dir='ltr'>Τότε</span> <span class='ocrx_word' id='word_1_642' title='bbox 2417 4412 2446 4466; x_wconf 91' lang='lat'><strong>0</strong></span> <span class='ocrx_word' id='word_1_643' title='bbox 2484 4409 2579 4466; x_wconf 85' lang='grc' dir='ltr'>τοῦ</span> <span class='ocrx_word' id='word_1_644' title='bbox 2628 4408 2764 4465; x_wconf 84' lang='grc' dir='ltr'><strong>Θεοῦ</strong></span> <span class='ocrx_word' id='word_1_645' title='bbox 2823 4407 3007 4473; x_wconf 80' lang='grc' dir='ltr'>δοῦλος</span> <span class='ocrx_word' id='word_1_646' title='bbox 3050 4410 3079 4462; x_wconf 91' lang='lat'><strong>0</strong></span> <span class='ocrx_word' id='word_1_647' title='bbox 3110 4408 3258 4471; x_wconf 82' lang='grc' dir='ltr'>ὅσιος</span> <span class='ocrx_word' id='word_1_648' title='bbox 3313 4405 3496 4478; x_wconf 79' lang='grc' dir='ltr'>πατὴρ</span> <span class='ocrx_word' id='word_1_649' title='bbox 3546 4403 3705 4476; x_wconf 81' lang='grc' dir='ltr'>ἡμῶν</span> 
     </span>
    </p>
   </div>
   <div class='ocr_carea' id='block_1_87' title="bbox 2125 4488 3702 4573">
    <p class='ocr_par' dir='ltr' id='par_1_87' title="bbox 2125 4488 3702 4573">
     <span class='ocr_line' id='line_1_87' title="bbox 2125 4488 3702 4573; baseline -0.006 -15"><span class='ocrx_word' id='word_1_650' title='bbox 2125 4488 2381 4572; x_wconf 68' lang='grc' dir='ltr'>Ἰωάννης</span> <span class='ocrx_word' id='word_1_651' title='bbox 2403 4502 2550 4571; x_wconf 79' lang='grc' dir='ltr'>λέγει</span> <span class='ocrx_word' id='word_1_652' title='bbox 2588 4503 2721 4573; x_wconf 80' lang='grc' dir='ltr'>ἡμῖν</span> <span class='ocrx_word' id='word_1_653' title='bbox 2750 4516 2764 4532; x_wconf 81' lang='lat'><strong><em>°</em></strong></span> <span class='ocrx_word' id='word_1_654' title='bbox 2803 4518 2822 4553; x_wconf 71' lang='grc' dir='ltr'>ι</span> <span class='ocrx_word' id='word_1_655' title='bbox 2863 4499 3093 4554; x_wconf 86' lang='grc' dir='ltr'>Ἐάσατε</span> <span class='ocrx_word' id='word_1_656' title='bbox 3161 4498 3326 4554; x_wconf 82' lang='grc' dir='ltr'>αὐτόν</span> <span class='ocrx_word' id='word_1_657' title='bbox 3352 4515 3365 4528; x_wconf 94' lang='grc'>·</span> <span class='ocrx_word' id='word_1_658' title='bbox 3417 4497 3570 4551; x_wconf 69' lang='grc' dir='ltr'>οὐδὲν</span> <span class='ocrx_word' id='word_1_659' title='bbox 3612 4495 3702 4559; x_wconf 79' lang='grc' dir='ltr'>ξέ-</span> 
     </span>
    </p>
   </div>
   <div class='ocr_carea' id='block_1_88' title="bbox 2124 4588 3704 4669">
    <p class='ocr_par' dir='ltr' id='par_1_88' title="bbox 2124 4588 3704 4669">
     <span class='ocr_line' id='line_1_88' title="bbox 2124 4588 3704 4669; baseline -0.005 -18"><span class='ocrx_word' id='word_1_660' title='bbox 2124 4615 2215 4653; x_wconf 89' lang='grc' dir='ltr'>νον</span> <span class='ocrx_word' id='word_1_661' title='bbox 2248 4597 2505 4669; x_wconf 76' lang='grc' dir='ltr'>εποίησεν</span> <span class='ocrx_word' id='word_1_662' title='bbox 2552 4597 2581 4650; x_wconf 91' lang='lat'><strong>0</strong></span> <span class='ocrx_word' id='word_1_663' title='bbox 2629 4593 2820 4668; x_wconf 80' lang='grc' dir='ltr'>κύριος</span> <span class='ocrx_word' id='word_1_664' title='bbox 2853 4593 3100 4664; x_wconf 82' lang='grc' dir='ltr'><strong>Μωῦσῆς</strong></span> <span class='ocrx_word' id='word_1_665' title='bbox 3143 4594 3224 4658; x_wconf 74' lang='grc' dir='ltr'><strong>εἰς</strong></span> <span class='ocrx_word' id='word_1_666' title='bbox 3260 4592 3350 4648; x_wconf 79' lang='grc' dir='ltr'>τὸν</span> <span class='ocrx_word' id='word_1_667' title='bbox 3381 4592 3511 4645; x_wconf 76' lang='grc' dir='ltr'>ἴδιον</span> <span class='ocrx_word' id='word_1_668' title='bbox 3538 4588 3704 4643; x_wconf 78' lang='grc' dir='ltr'>τόπον</span> 
     </span>
    </p>
   </div>
   <div class='ocr_carea' id='block_1_89' title="bbox 2123 4691 2519 4763">
    <p class='ocr_par' dir='ltr' id='par_1_89' title="bbox 2123 4691 2519 4763">
     <span class='ocr_line' id='line_1_89' title="bbox 2123 4691 2519 4763; baseline -0.005 -16"><span class='ocrx_word' id='word_1_669' title='bbox 2123 4691 2345 4763; x_wconf 84' lang='grc' dir='ltr'>διακονή</span> <span class='ocrx_word' id='word_1_670' title='bbox 2355 4708 2469 4755; x_wconf 83' lang='grc' dir='ltr'>σας.</span> <span class='ocrx_word' id='word_1_671' title='bbox 2498 4710 2519 4744; x_wconf 74' lang='grc' dir='ltr'><strong>ι</strong></span> 
     </span>
    </p>
   </div>
   <div class='ocr_carea' id='block_1_90' title="bbox 444 4774 3699 4855">
    <p class='ocr_par' dir='ltr' id='par_1_90' title="bbox 444 4774 3699 4855">
     <span class='ocr_line' id='line_1_90' title="bbox 444 4774 3699 4855; baseline -0.002 -19"><span class='ocrx_word' id='word_1_672' title='bbox 444 4784 641 4851; x_wconf 87' lang='lat' dir='ltr'><strong>potuit.</strong></span> <span class='ocrx_word' id='word_1_673' title='bbox 675 4780 811 4837; x_wconf 87' lang='lat' dir='ltr'><strong>Tum</strong></span> <span class='ocrx_word' id='word_1_674' title='bbox 841 4782 936 4839; x_wconf 85' lang='lat' dir='ltr'><strong>Dei</strong></span> <span class='ocrx_word' id='word_1_675' title='bbox 991 4798 1186 4841; x_wconf 77' lang='lat' dir='ltr'><strong>servus</strong></span> <span class='ocrx_word' id='word_1_676' title='bbox 1222 4787 1570 4842; x_wconf 85' lang='lat' dir='ltr'><strong>venerandus</strong></span> <span class='ocrx_word' id='word_1_677' title='bbox 1614 4795 1770 4855; x_wconf 87' lang='lat' dir='ltr'><strong>pater</strong></span> <span class='ocrx_word' id='word_1_678' title='bbox 1826 4793 2013 4841; x_wconf 88' lang='lat' dir='ltr'><strong>noster</strong></span> <span class='ocrx_word' id='word_1_679' title='bbox 2049 4783 2290 4841; x_wconf 86' lang='lat' dir='ltr'><strong>Joannes</strong></span> <span class='ocrx_word' id='word_1_680' title='bbox 2328 4784 2461 4839; x_wconf 88' lang='lat' dir='ltr'><strong>dicit</strong></span> <span class='ocrx_word' id='word_1_681' title='bbox 2519 4781 2718 4837; x_wconf 89' lang='lat' dir='ltr'><strong>nobis:</strong></span> <span class='ocrx_word' id='word_1_682' title='bbox 2751 4797 2770 4828; x_wconf 73' lang='grc' dir='ltr'><strong>ι</strong></span> <span class='ocrx_word' id='word_1_683' title='bbox 2804 4777 2998 4834; x_wconf 81' lang='lat' dir='ltr'><strong>Mittite</strong></span> <span class='ocrx_word' id='word_1_684' title='bbox 3029 4792 3276 4849; x_wconf 66' lang='lat' dir='ltr'><strong>quaerere</strong></span> <span class='ocrx_word' id='word_1_685' title='bbox 3306 4777 3524 4849; x_wconf 85' lang='lat' dir='ltr'><strong>ipsum;</strong></span> <span class='ocrx_word' id='word_1_686' title='bbox 3557 4774 3699 4830; x_wconf 80' lang='lat' dir='ltr'><strong>nihil</strong></span> 
     </span>
    </p>
   </div>
   <div class='ocr_carea' id='block_1_91' title="bbox 443 4876 2822 4957">
    <p class='ocr_par' dir='ltr' id='par_1_91' title="bbox 443 4876 2822 4957">
     <span class='ocr_line' id='line_1_91' title="bbox 443 4876 2822 4957; baseline -0.004 -23"><span class='ocrx_word' id='word_1_687' title='bbox 443 4883 591 4936; x_wconf 64' lang='lat' dir='ltr'><strong>extim</strong></span> <span class='ocrx_word' id='word_1_688' title='bbox 620 4882 857 4937; x_wconf 86' lang='lat' dir='ltr'><strong>alienum</strong></span> <span class='ocrx_word' id='word_1_689' title='bbox 882 4881 1011 4940; x_wconf 79' lang='lat' dir='ltr'><strong>fecit</strong></span> <span class='ocrx_word' id='word_1_690' title='bbox 1039 4883 1298 4939; x_wconf 88' lang='lat' dir='ltr'><strong>dominus</strong></span> <span class='ocrx_word' id='word_1_691' title='bbox 1330 4881 1565 4957; x_wconf 84' lang='lat' dir='ltr'><strong>Moyses,</strong></span> <span class='ocrx_word' id='word_1_692' title='bbox 1597 4881 1819 4955; x_wconf 89' lang='lat' dir='ltr'><strong>quando</strong></span> <span class='ocrx_word' id='word_1_693' title='bbox 1844 4897 1946 4940; x_wconf 92' lang='lat' dir='ltr'><strong>suo</strong></span> <span class='ocrx_word' id='word_1_694' title='bbox 1979 4882 2032 4938; x_wconf 91' lang='lat' dir='ltr'><strong>in</strong></span> <span class='ocrx_word' id='word_1_695' title='bbox 2068 4882 2188 4938; x_wconf 92' lang='lat' dir='ltr'><strong>loco</strong></span> <span class='ocrx_word' id='word_1_696' title='bbox 2218 4878 2580 4936; x_wconf 89' lang='lat' dir='ltr'><strong>ministerium</strong></span> <span class='ocrx_word' id='word_1_697' title='bbox 2610 4876 2765 4932; x_wconf 89' lang='lat' dir='ltr'><strong>obiit.</strong></span> <span class='ocrx_word' id='word_1_698' title='bbox 2804 4892 2822 4924; x_wconf 74' lang='grc' dir='ltr'><strong>ι</strong></span> 
     </span>
    </p>
   </div>
   <div class='ocr_carea' id='block_1_92' title="bbox 448 5033 3698 5131">
    <p class='ocr_par' dir='ltr' id='par_1_92' title="bbox 448 5033 3698 5131">
     <span class='ocr_line' id='line_1_92' title="bbox 448 5033 3698 5131; baseline -0.006 -17"><span class='ocrx_word' id='word_1_699' title='bbox 448 5120 455 5125; x_wconf 58' lang='grc'><strong>,</strong></span> <span class='ocrx_word' id='word_1_700' title='bbox 527 5049 875 5131; x_wconf 89' lang='lat' dir='ltr'><strong>Sequentia</strong></span> <span class='ocrx_word' id='word_1_701' title='bbox 906 5067 1049 5113; x_wconf 88' lang='lat' dir='ltr'><strong>cum</strong></span> <span class='ocrx_word' id='word_1_702' title='bbox 1085 5049 1153 5112; x_wconf 88' lang='lat' dir='ltr'><strong>in</strong></span> <span class='ocrx_word' id='word_1_703' title='bbox 1184 5047 1450 5113; x_wconf 85' lang='lat' dir='ltr'><strong>Climaci</strong></span> <span class='ocrx_word' id='word_1_704' title='bbox 1495 5046 1640 5110; x_wconf 86' lang='lat' dir='ltr'><strong>Vita</strong></span> <span class='ocrx_word' id='word_1_705' title='bbox 1670 5045 2144 5118; x_wconf 85' lang='lat' dir='ltr'><strong>desiderentur,</strong></span> <span class='ocrx_word' id='word_1_706' title='bbox 2179 5044 2370 5105; x_wconf 86' lang='lat' dir='ltr'><strong>libuit</strong></span> <span class='ocrx_word' id='word_1_707' title='bbox 2409 5041 2665 5113; x_wconf 86' lang='lat' dir='ltr'><strong>addere,</strong></span> <span class='ocrx_word' id='word_1_708' title='bbox 2710 5047 2780 5104; x_wconf 90' lang='lat' dir='ltr'><strong>ut</strong></span> <span class='ocrx_word' id='word_1_709' title='bbox 2831 5040 3235 5120; x_wconf 77' lang='lat' dir='ltr'><strong>intelligatur</strong></span> <span class='ocrx_word' id='word_1_710' title='bbox 3296 5033 3539 5116; x_wconf 85' lang='lat' dir='ltr'><strong>quibus</strong></span> <span class='ocrx_word' id='word_1_711' title='bbox 3585 5049 3698 5097; x_wconf 91' lang='lat' dir='ltr'><strong>au-</strong></span> 
     </span>
    </p>
   </div>
   <div class='ocr_carea' id='block_1_93' title="bbox 447 5132 3707 5231">
    <p class='ocr_par' dir='ltr' id='par_1_93' title="bbox 447 5132 3707 5231">
     <span class='ocr_line' id='line_1_93' title="bbox 447 5132 3707 5231; baseline -0.006 -17"><span class='ocrx_word' id='word_1_712' title='bbox 447 5153 672 5231; x_wconf 85' lang='lat' dir='ltr'><strong>spiciis</strong></span> <span class='ocrx_word' id='word_1_713' title='bbox 694 5150 987 5213; x_wconf 87' lang='lat' dir='ltr'><strong>initiatus</strong></span> <span class='ocrx_word' id='word_1_714' title='bbox 1018 5151 1104 5214; x_wconf 91' lang='lat' dir='ltr'><strong>sit</strong></span> <span class='ocrx_word' id='word_1_715' title='bbox 1132 5167 1314 5214; x_wconf 91' lang='lat' dir='ltr'><strong>sacro</strong></span> <span class='ocrx_word' id='word_1_716' title='bbox 1344 5146 1652 5213; x_wconf 84' lang='lat' dir='ltr'><strong>antistitis</strong></span> <span class='ocrx_word' id='word_1_717' title='bbox 1702 5147 2094 5226; x_wconf 81' lang='lat' dir='ltr'><strong>magistratu.</strong></span> <span class='ocrx_word' id='word_1_718' title='bbox 2138 5143 2261 5206; x_wconf 88' lang='lat' dir='ltr'><strong>Sed</strong></span> <span class='ocrx_word' id='word_1_719' title='bbox 2295 5149 2356 5203; x_wconf 89' lang='lat' dir='ltr'><strong>et</strong></span> <span class='ocrx_word' id='word_1_720' title='bbox 2384 5141 2506 5203; x_wconf 87' lang='lat' dir='ltr'><strong>alia</strong></span> <span class='ocrx_word' id='word_1_721' title='bbox 2538 5140 2797 5204; x_wconf 88' lang='lat' dir='ltr'><strong>silentio</strong></span> <span class='ocrx_word' id='word_1_722' title='bbox 2821 5155 2948 5203; x_wconf 87' lang='lat' dir='ltr'><strong>non</strong></span> <span class='ocrx_word' id='word_1_723' title='bbox 2998 5132 3512 5208; x_wconf 87' lang='lat' dir='ltr'><strong>transmittenda,</strong></span> <span class='ocrx_word' id='word_1_724' title='bbox 3566 5150 3707 5215; x_wconf 68' lang='lat' dir='ltr'><strong>quae</strong></span> 
     </span>
    </p>
   </div>
   <div class='ocr_carea' id='block_1_94' title="bbox 449 5248 1692 5332">
    <p class='ocr_par' dir='ltr' id='par_1_94' title="bbox 449 5248 1692 5332">
     <span class='ocr_line' id='line_1_94' title="bbox 449 5248 1692 5332; baseline -0.006 -16"><span class='ocrx_word' id='word_1_725' title='bbox 449 5252 669 5316; x_wconf 85' lang='lat' dir='ltr'><strong>Daniel</strong></span> <span class='ocrx_word' id='word_1_726' title='bbox 703 5252 1092 5332; x_wconf 84' lang='lat' dir='ltr'><strong>biographus</strong></span> <span class='ocrx_word' id='word_1_727' title='bbox 1123 5252 1331 5332; x_wconf 90' lang='lat' dir='ltr'><strong>ipsius</strong></span> <span class='ocrx_word' id='word_1_728' title='bbox 1364 5248 1692 5331; x_wconf 70' lang='lat' dir='ltr'><strong>prmieriit.</strong></span> 
     </span>
    </p>
   </div>
   <div class='ocr_carea' id='block_1_95' title="bbox 520 5391 2028 5468">
    <p class='ocr_par' dir='ltr' id='par_1_95' title="bbox 520 5391 2028 5468">
     <span class='ocr_line' id='line_1_95' title="bbox 520 5391 2028 5468; baseline -0.007 -17"><span class='ocrx_word' id='word_1_729' title='bbox 520 5397 716 5467; x_wconf 79' lang='lat' dir='ltr'><strong>Ingens</strong></span> <span class='ocrx_word' id='word_1_730' title='bbox 771 5397 824 5453; x_wconf 93' lang='lat' dir='ltr'><strong>in</strong></span> <span class='ocrx_word' id='word_1_731' title='bbox 873 5396 1174 5456; x_wconf 63' lang='lat' dir='ltr'><strong>Palaestinae</strong></span> <span class='ocrx_word' id='word_1_732' title='bbox 1229 5397 1475 5468; x_wconf 85' lang='lat' dir='ltr'><strong>partibus</strong></span> <span class='ocrx_word' id='word_1_733' title='bbox 1543 5391 1763 5449; x_wconf 87' lang='lat' dir='ltr'><strong>siccitas</strong></span> <span class='ocrx_word' id='word_1_734' title='bbox 1801 5396 1939 5453; x_wconf 89' lang='lat' dir='ltr'><strong>erat,</strong></span> <span class='ocrx_word' id='word_1_735' title='bbox 1974 5396 2028 5442; x_wconf 91' lang='lat' dir='ltr'><strong>et</strong></span> 
     </span>
    </p>
   </div>
   <div class='ocr_carea' id='block_1_96' title="bbox 451 5482 2028 5561">
    <p class='ocr_par' dir='ltr' id='par_1_96' title="bbox 451 5482 2028 5561">
     <span class='ocr_line' id='line_1_96' title="bbox 451 5482 2028 5561; baseline -0.006 -16"><span class='ocrx_word' id='word_1_736' title='bbox 451 5507 608 5560; x_wconf 62' lang='lat' dir='ltr'><strong>aqua</strong></span> <span class='ocrx_word' id='word_1_737' title='bbox 662 5492 908 5551; x_wconf 73' lang='lat' dir='ltr'><strong>caelestes</strong></span> <span class='ocrx_word' id='word_1_738' title='bbox 932 5494 1283 5550; x_wconf 83' lang='lat' dir='ltr'><strong>vehementer</strong></span> <span class='ocrx_word' id='word_1_739' title='bbox 1303 5488 1725 5561; x_wconf 79' lang='lat' dir='ltr'><strong>exoptabantur.</strong></span> <span class='ocrx_word' id='word_1_740' title='bbox 1790 5482 2028 5552; x_wconf 75' lang='lat' dir='ltr'><strong>Rogatus</strong></span> 
     </span>
    </p>
   </div>
   <div class='ocr_carea' id='block_1_97' title="bbox 450 5572 2023 5652">
    <p class='ocr_par' dir='ltr' id='par_1_97' title="bbox 450 5572 2023 5652">
     <span class='ocr_line' id='line_1_97' title="bbox 450 5572 2023 5652; baseline -0.008 -13"><span class='ocrx_word' id='word_1_741' title='bbox 450 5599 580 5652; x_wconf 63' lang='lat' dir='ltr'><strong>ergo</strong></span> <span class='ocrx_word' id='word_1_742' title='bbox 605 5583 877 5642; x_wconf 88' lang='lat' dir='ltr'><strong>Climacus</strong></span> <span class='ocrx_word' id='word_1_743' title='bbox 910 5586 977 5641; x_wconf 91' lang='lat' dir='ltr'><strong>ab</strong></span> <span class='ocrx_word' id='word_1_744' title='bbox 1003 5584 1205 5641; x_wconf 89' lang='lat' dir='ltr'><strong>accolis</strong></span> <span class='ocrx_word' id='word_1_745' title='bbox 1246 5593 1300 5639; x_wconf 89' lang='lat' dir='ltr'><strong>et</strong></span> <span class='ocrx_word' id='word_1_746' title='bbox 1343 5581 1540 5637; x_wconf 90' lang='lat' dir='ltr'><strong>vicinis</strong></span> <span class='ocrx_word' id='word_1_747' title='bbox 1591 5574 1783 5632; x_wconf 85' lang='lat' dir='ltr'><strong>incolis</strong></span> <span class='ocrx_word' id='word_1_748' title='bbox 1843 5572 2023 5628; x_wconf 89' lang='lat' dir='ltr'><strong>statim</strong></span> 
     </span>
    </p>
   </div>
   <div class='ocr_carea' id='block_1_98' title="bbox 527 5754 2017 5837">
    <p class='ocr_par' dir='ltr' id='par_1_98' title="bbox 527 5754 2017 5837">
     <span class='ocr_line' id='line_1_98' title="bbox 527 5754 2017 5837; baseline -0.01 -13"><span class='ocrx_word' id='word_1_749' title='bbox 527 5773 605 5834; x_wconf 75' lang='lat' dir='ltr'><strong>(a)</strong></span> <span class='ocrx_word' id='word_1_750' title='bbox 641 5774 679 5823; x_wconf 77' lang='grc' dir='ltr'><strong>Δ</strong></span> <span class='ocrx_word' id='word_1_751' title='bbox 719 5773 987 5827; x_wconf 83' lang='lat' dir='ltr'><strong>monacho</strong></span> <span class='ocrx_word' id='word_1_752' title='bbox 1039 5769 1221 5837; x_wconf 78' lang='lat' dir='ltr'><strong>aliquo</strong></span> <span class='ocrx_word' id='word_1_753' title='bbox 1271 5762 1479 5819; x_wconf 76' lang='lat' dir='ltr'><strong>Sina’ita</strong></span> <span class='ocrx_word' id='word_1_754' title='bbox 1535 5756 1844 5830; x_wconf 77' lang='lat' dir='ltr'><strong>synchrouo</strong></span> <span class='ocrx_word' id='word_1_755' title='bbox 1905 5754 2017 5809; x_wconf 73' lang='lat' dir='ltr'><strong>lucc</strong></span> 
     </span>
    </p>
   </div>
   <div class='ocr_carea' id='block_1_99' title="bbox 453 5843 679 5909">
    <p class='ocr_par' dir='ltr' id='par_1_99' title="bbox 453 5843 679 5909">
     <span class='ocr_line' id='line_1_99' title="bbox 453 5843 679 5909; baseline -0.022 -9"><span class='ocrx_word' id='word_1_756' title='bbox 453 5843 679 5909; x_wconf 64' lang='lat' dir='ltr'><strong>scripta.</strong></span> 
     </span>
    </p>
   </div>
   <div class='ocr_carea' id='block_1_100' title="bbox 2205 5374 3703 5461">
    <p class='ocr_par' dir='ltr' id='par_1_100' title="bbox 2205 5374 3703 5461">
     <span class='ocr_line' id='line_1_100' title="bbox 2205 5374 3703 5461; baseline -0.01 -19"><span class='ocrx_word' id='word_1_757' title='bbox 2205 5390 2342 5444; x_wconf 81' lang='grc' dir='ltr'>Ποτὲ</span> <span class='ocrx_word' id='word_1_758' title='bbox 2371 5389 2632 5461; x_wconf 78' lang='grc' dir='ltr'><strong>ἀϐροχίας</strong></span> <span class='ocrx_word' id='word_1_759' title='bbox 2661 5389 2718 5441; x_wconf 79' lang='grc' dir='ltr'>ἐν</span> <span class='ocrx_word' id='word_1_760' title='bbox 2755 5389 2867 5451; x_wconf 86' lang='grc' dir='ltr'>τοῖς</span> <span class='ocrx_word' id='word_1_761' title='bbox 2889 5384 3033 5441; x_wconf 71' lang='grc' dir='ltr'>κατὰ</span> <span class='ocrx_word' id='word_1_762' title='bbox 3065 5383 3163 5455; x_wconf 85' lang='grc' dir='ltr'>τὴν</span> <span class='ocrx_word' id='word_1_763' title='bbox 3210 5380 3575 5449; x_wconf 78' lang='grc' dir='ltr'>Παλαιστίνην</span> <span class='ocrx_word' id='word_1_764' title='bbox 3613 5374 3703 5446; x_wconf 73' lang='grc' dir='ltr'><strong>μέο</strong></span> 
     </span>
    </p>
   </div>
   <div class='ocr_carea' id='block_1_101' title="bbox 2136 5467 3706 5554">
    <p class='ocr_par' dir='ltr' id='par_1_101' title="bbox 2136 5467 3706 5554">
     <span class='ocr_line' id='line_1_101' title="bbox 2136 5467 3706 5554; baseline -0.011 -18"><span class='ocrx_word' id='word_1_765' title='bbox 2136 5499 2253 5554; x_wconf 85' lang='grc' dir='ltr'>ρεσι</span> <span class='ocrx_word' id='word_1_766' title='bbox 2304 5480 2600 5551; x_wconf 79' lang='grc' dir='ltr'>γενομένης</span> <span class='ocrx_word' id='word_1_767' title='bbox 2649 5476 3023 5549; x_wconf 69' lang='grc' dir='ltr'>παρακληθεὶς</span> <span class='ocrx_word' id='word_1_768' title='bbox 3078 5476 3184 5529; x_wconf 80' lang='grc' dir='ltr'><strong>ὑπὸ</strong></span> <span class='ocrx_word' id='word_1_769' title='bbox 3247 5474 3357 5528; x_wconf 82' lang='grc' dir='ltr'>τῶν</span> <span class='ocrx_word' id='word_1_770' title='bbox 3416 5467 3706 5540; x_wconf 70' lang='grc' dir='ltr'>περιοίκεον</span> 
     </span>
    </p>
   </div>
   <div class='ocr_carea' id='block_1_102' title="bbox 2135 5558 3709 5645">
    <p class='ocr_par' dir='ltr' id='par_1_102' title="bbox 2135 5558 3709 5645">
     <span class='ocr_line' id='line_1_102' title="bbox 2135 5558 3709 5645; baseline -0.01 -19"><span class='ocrx_word' id='word_1_771' title='bbox 2135 5571 2501 5645; x_wconf 76' lang='grc' dir='ltr'>προσηύξατο,</span> <span class='ocrx_word' id='word_1_772' title='bbox 2534 5572 2628 5626; x_wconf 77' lang='grc' dir='ltr'>καὶ</span> <span class='ocrx_word' id='word_1_773' title='bbox 2654 5569 2961 5642; x_wconf 79' lang='grc' dir='ltr'>κατηνέχθη</span> <span class='ocrx_word' id='word_1_774' title='bbox 2992 5567 3248 5632; x_wconf 80' lang='grc' dir='ltr'>πλούσιος</span> <span class='ocrx_word' id='word_1_775' title='bbox 3282 5564 3456 5627; x_wconf 76' lang='grc' dir='ltr'>ὑετόςο</span> <span class='ocrx_word' id='word_1_776' title='bbox 3488 5560 3583 5615; x_wconf 70' lang='grc' dir='ltr'>καὶ</span> <span class='ocrx_word' id='word_1_777' title='bbox 3608 5558 3709 5610; x_wconf 69' lang='grc' dir='ltr'><strong>οὐκ</strong></span> 
     </span>
    </p>
   </div>
   <div class='ocr_carea' id='block_1_103' title="bbox 2203 5749 2928 5823">
    <p class='ocr_par' dir='ltr' id='par_1_103' title="bbox 2203 5749 2928 5823">
     <span class='ocr_line' id='line_1_103' title="bbox 2203 5749 2928 5823; baseline 0.001 -20"><span class='ocrx_word' id='word_1_778' title='bbox 2203 5752 2276 5823; x_wconf 81' lang='lat' dir='ltr'><strong>(b)</strong></span> <span class='ocrx_word' id='word_1_779' title='bbox 2318 5754 2430 5810; x_wconf 77' lang='lat' dir='ltr'><strong>Vox</strong></span> <span class='ocrx_word' id='word_1_780' title='bbox 2464 5749 2928 5808; x_wconf 36' lang='lat' dir='ltr'><strong>Crtecoeluu&#39;bara.</strong></span> 
     </span>
    </p>
   </div>
  </div>
