4062 6434
242 328 358 388 εοπ

1314 306 1639 371 ΙΞΑΕιΟῧΕ
1690 305 1789 365 AD
1816 302 2111 365 SCALAM
2148 300 2528 361 PARADISI.
2592 301 2597 305 ’

3419 297 3523 363 filo

243 441 510 494 ἄπιστον·
543 431 758 502 θέλημα
805 426 913 499 γὰρ
950 425 1057 479 τῶν
1094 422 1441 493 φοϐουμένων
1475 419 1639 474 αὐτὸν
1677 419 1833 488 ποιή-

1948 429 1963 468 I
2002 414 2111 468 Deo
2143 413 2398 484 precibus
2424 412 2704 483 cepiosum
2746 410 2976 466 imbrem
3023 410 3373 480 impetravit;
3425 430 3526 469 nec

242 545 333 583 σει
358 531 389 582 6
415 526 642 597 Κύριος,
672 524 768 576 καὶ
789 522 891 588 τῆς
917 518 1155 589 δεήσεως
1180 514 1358 593 αὐτῶν
1386 511 1787 566 είσακούσεται.

1943 506 2047 562 hoc
2119 515 2313 575 praeter
2368 506 2551 571 ﬁdem,
2610 504 2944 558 voluntatem
3015 504 3161 559 enim
3218 505 3524 559 timentium

1942 613 2002 650 se
2033 596 2200 652 faciet
2240 596 2527 662 Dominus,
2567 607 2621 651 et
2645 596 3086 666 deprecationem
3119 611 3309 651 eorum
3355 612 3527 651 exau-

1941 687 2073 741 diet.

320 811 595 891 Suhjicit
621 809 881 871 demum
915 810 1049 867 haec
1078 802 1159 885 de
1187 800 1495 864 extremis
1526 797 1737 876 ipsius
1766 796 1980 871 annis,
2014 804 2074 858 et
2104 801 2332 870 morte,
2377 794 2629 856 Danieli
2684 811 2948 874 quoque
2980 794 3167 857 tacita
3225 812 3240 851 :

324 938 528 994 ’ἰστέον
554 937 633 990 ὅτι
665 936 694 987 6
720 934 818 1005 τῆς
853 932 1133 1002 Κλίμακος
1184 928 1435 998 Ἰωάννης
1466 921 1580 997 εἶχε
1605 925 1830 996 γνήσιον

233 1032 494 1102 ἀδελφὺν,
520 1028 732 1083 τουτονὶ
762 1026 852 1080 τὸν
891 1022 1203 1094 θαυμαστὸν
1231 1020 1406 1074 άΰϐἄν
1442 1018 1737 1088 Γεώργιον,
1770 1014 1830 1069 δν

233 1127 318 1180 ἐτι
351 1123 465 1188 ζῶν
494 1121 826 1188 κατέστησεν
852 1116 1156 1188 ἡγούμενον
1181 1111 1275 1167 τοῦ
1302 1113 1452 1176 Σινᾶ,
1478 1111 1576 1181 τὴν
1597 1109 1831 1182 ἡσυχίαν

235 1217 411 1278 αὐτὸς
454 1211 856 1282 ἀσπαζόμενος,
897 1208 965 1278 ἣν
1014 1208 1109 1262 ἀπ’
1143 1205 1322 1277 ἀρχῆς
1376 1203 1598 1273 νύμφην
1652 1199 1832 1270 ἐαυτῷ

234 1309 485 1382 ἠγάγετο
507 1309 535 1360 6
564 1304 746 1374 σοφός.
771 1301 1073 1362 Μέλλοντος
1102 1298 1238 1368 πρὸς
1265 1295 1468 1365 Κύριον
1506 1291 1833 1363 πορεύεσθαι

235 1403 333 1457 τοῦ
366 1402 494 1455 νέου
552 1396 708 1469 ἡμῶν
754 1393 1037 1456 Μωῦσέως
1083 1389 1178 1444 τοῦ
1224 1388 1524 1443 ὁσιωτάτου
1586 1385 1837 1439 Ἰωάννου

232 1495 333 1550 τοῦ
385 1491 718 1565 ἡγουμένου,
771 1485 1072 1557 παρίστατο
1121 1481 1269 1552 αὐτῷ
1323 1478 1526 1533 κλαίων
1582 1477 1611 1530 6
1663 1475 1839 1539 άὸὁᾶς

235 1587 520 1657 Γεώργιος
551 1585 581 1636 6
613 1583 741 1645 ἴδιος
778 1578 944 1633 αὑτοῦ
972 1575 1197 1643 ἀδελφὸς
1233 1573 1427 1642 λέγων,
1481 1572 1564 1624 ὅτι
1635 1589 1653 1620 ι
1701 1568 1831 1622 ’ἰδοὺ

237 1678 427 1746 άφίεις
477 1691 548 1745 με
590 1673 685 1726 καὶ
732 1670 999 1737 ὐπάγειςς
1047 1667 1159 1734 ἐγὼ
1203 1664 1476 1735 ηὐχόμην,
1513 1661 1602 1716 ἵνα
1659 1660 1724 1714 σύ
1761 1675 1830 1731 με

2010 920 2308 976 Sciendum
2380 919 2623 977 Climaco
2673 919 2845 978 fuisse
2896 936 3216 992 germanum
3301 921 3523 977 fratrem

1938 1014 2254 1085 Georgium,
2287 1028 2449 1084 quem
2503 1013 2606 1069 sibi
2652 1013 2927 1069 Climacus
2980 1014 3105 1068 vivo
3147 1029 3523 1070 successorem

1937 1104 2251 1169 deStinavit,
2305 1114 2367 1160 ut
2437 1105 2752 1160 coenobium
2803 1107 3007 1160 montis
3058 1104 3221 1160 δὶηωὶ
3276 1121 3377 1161 suo
3403 1106 3526 1161 loco

1939 1211 2065 1252 cum
2099 1197 2315 1252 abbatis
2339 1204 2609 1265 potestate
2638 1197 3070 1258 administraret.
3099 1199 3240 1266 quod
3266 1198 3380 1267 ipse
3405 1209 3524 1254 stu-

1938 1290 2032 1345 dio
2062 1291 2233 1344 eremi
2266 1298 2319 1343 et
2353 1289 2666 1345 solitudinis
2689 1288 2709 1360 (
2730 1304 2892 1359 quam
2922 1288 3022 1342 sibi
3056 1289 3123 1343 ab
3156 1290 3311 1344 initio
3356 1306 3523 1360 spon—

1938 1397 2055 1439 sam
2087 1382 2322 1436 duxerat
2352 1382 2369 1449 )
2400 1396 2589 1437 amore
2624 1389 2921 1436 teneretur.
2980 1381 3115 1435 Cum
3170 1396 3301 1448 ergo
3350 1395 3526 1436 novus

1936 1483 2135 1531 noster
2167 1473 2381 1546 Moyses
2405 1483 2458 1528 et
2491 1474 2940 1544 religiosissimus
3009 1474 3237 1528 antistes
3290 1473 3527 1528 Joannes

1937 1566 2295 1623 merituriens
2343 1567 2411 1621 ad
2468 1559 2765 1620 Dominum
2824 1564 3286 1635 proﬁcisceretur,
3358 1566 3528 1619 Geor-

1935 1659 2057 1728 gius
2103 1657 2273 1715 abbas
2300 1673 2596 1727 germanus
2634 1657 2828 1727 ipsius,
2864 1668 2921 1711 ut
2968 1656 3103 1718 dixi,
3171 1656 3338 1712 frater
3380 1668 3527 1712 asta-

239 1738 583 1840 προπεμίίιῃς
603 1780 617 1793 ·
653 1762 777 1817 οὐδὲ
804 1761 914 1831 γάρ
941 1760 1055 1830 εἰμι
1088 1757 1271 1820 ἱκανὸς
1307 1754 1464 1818 ἐκτὸς
1498 1752 1592 1807 σοῦ
1624 1754 1829 1824 ποιμᾶ-

1948 1758 2045 1814 ωι,
2101 1757 2156 1803 et
2210 1747 2714 1820 Iaerymabuudus:
2784 1745 2887 1812 En,
2923 1747 3119 1815 inquit.
3176 1748 3383 1801 domine
3434 1750 3528 1811 mi.

239 1834 330 1916 ναι
358 1834 461 1931 τὴν
489 1834 772 1917 συνοδίαν,
807 1847 853 1907 ὦ
882 1850 1040 1924 κύριὲ
1100 1865 1238 1920 μου·
1285 1846 1486 1920 μᾶλλον
1517 1844 1575 1899 δὲ
1624 1844 1737 1914 ἐγώ
1772 1860 1832 1897 σε

1948 1853 2014 1892 ne
2074 1837 2306 1908 neglecto
2354 1837 2471 1889 abis
2492 1836 2519 1890 .9
2580 1834 2692 1905 Ego
2718 1836 2974 1904 precabar
3000 1835 3079 1888 uti
3105 1844 3159 1888 tu
3191 1852 3271 1889 me
3295 1837 3533 1905 puemit-

248 1924 584 2025 προπέμπω.
631 1966 649 1999 ι
685 1945 847 2013 Λέγει
879 1940 1027 2013 αὐτῷ
1053 1941 1081 1993 6
1118 1938 1291 2003 άόὁᾶς
1335 1935 1589 2008 Ἰωάννης
1625 1953 1639 1968 ο
1682 1953 1701 1986 t
1740 1933 1834 2005 Μὴ

1948 1939 2090 1991 teres,
2162 1940 2323 1996 neque
2390 1925 2535 1979 enim
2579 1925 2693 1978 sine
2719 1933 2769 1977 te
2805 1937 3016 1992 possum
3044 1924 3182 1977 hanc
3208 1940 3416 1978 sacram
3448 1924 3531 1994 fa-

252 2010 448 2107 ).nmt't,
490 2039 627 2111 μηδὲ
678 2010 918 2109 μερίμνα
949 2053 960 2064 ·
999 2010 1110 2086 ⁷ἐὰν
1166 2029 1275 2102 γὰρ
1334 2029 1481 2099 εὕρω
1521 2027 1834 2100 παρρησίαν

1948 2015 2142 2069 rniliam
2173 2024 2316 2067 tuam
2351 2014 2664 2085 gubernare,
2697 2021 2744 2066 et
2770 2026 2885 2065 ecce
2931 2010 3123 2079 infelix
3178 2028 3271 2082 ego
3320 2023 3368 2066 te
3391 2031 3532 2082 prcr-

253 2133 401 2204 πρδς
430 2102 627 2201 Κύρίον
659 2102 691 2193 ,’
727 2102 789 2179 οὐ
811 2102 910 2195 ’μή
932 2138 1007 2175 -σε
1064 2122 1211 2175 ἐάσω
1252 2118 1539 2172 τελειῶσαι
1587 2115 1836 2170 ἐνιαυτὸν

1948 2107 2111 2161 mitto.
2138 2106 2236 2162 Cui
2270 2105 2512 2160 Joannes
2542 2105 2751 2160 abbas:
2780 2102 2905 2157 Non
2972 2112 3051 2156 est
3113 2107 3254 2173 quod
3306 2106 3532 2160 tristeris

246 2195 445 2276 ὄπισθέ
480 2195 602 2293 μου.
640 2239 659 2270 ι
699 2216 878 2286 Ὅπερ
927 2215 1019 2267 καὶ
1057 2211 1282 2281 γέγονεν
1308 2225 1321 2239 ·
1368 2208 1522 2271 ὲντδς
1557 2205 1667 2279 γάρ
1701 2206 1832 2261 δέκα

1948 2207 1989 2254 et
2021 2199 2316 2270 aﬂligaris;
2345 2199 2392 2253 si
2417 2214 2521 2268 qua
2541 2197 2670 2251 mihi
2698 2212 2814 2266 spes
2848 2204 2898 2249 et
2929 2195 3128 2263 ﬁducia
3192 2199 3247 2250 in
3278 2197 3406 2264 Dea,
3430 2216 3533 2254 non
3562 2232 3568 2237 -

246 2315 465 2388 μηνῶν,
480 2287 708 2383 *ἀπῆλθε
740 2307 833 2363 κα)⁸
862 2304 1026 2369 αὐτὸς
1053 2303 1189 2374 πρὸς
1220 2301 1447 2374 Κύριον.

1948 2292 2121 2362 patiar
2164 2301 2220 2344 ut
2271 2305 2468 2344 annum
2505 2289 2644 2343 hunc
2709 2287 2970 2354 absolvas,
3010 2292 3134 2358 quin
3171 2307 3252 2345 me
3274 2293 3528 2363 sequaris.

1944 2382 2102 2449 Quod
2130 2390 2186 2437 et
2215 2381 2419 2436 factum
2447 2390 2572 2449 est;
2634 2382 2778 2437 intra
2836 2384 3113 2440 decimum
3170 2386 3317 2441 enim
3376 2401 3533 2440 meu-

1860 2522 1877 2537 .
1945 2488 2063 2530 sem
2097 2482 2152 2529 et
2183 2475 2302 2544 ipse
2330 2472 2594 2544 Georgius
2618 2473 2685 2529 ad
2748 2473 3040 2531 Dominum
3086 2476 3366 2547 proiectus
3423 2489 3527 2532 est.

324 2608 482 2669 Hac
510 2616 834 2682 requievus
858 2597 1137 2662 Climaco
1168 2611 1247 2656 ex
1277 2591 1505 2655 eodem
1536 2589 1965 2654 contubernio
1995 2600 2241 2654 auctor.
2302 2590 2649 2653 Enimvero
2678 2598 2742 2654 et
2773 2591 2886 2653 alii
2926 2593 3323 2656 sanctissimi
3358 2595 3534 2673 ejus-

244 2719 396 2778 dem
430 2706 708 2773 ccenobii
746 2705 1004 2768 abbates
1041 2699 1276 2780 passim
1303 2698 1733 2770 celebrantur,
1783 2711 1949 2776 quos
1981 2696 2150 2758 inter
2179 2695 2503 2774 Georgius
2536 2694 2825 2773 quidam,
2862 2695 3032 2759 haud
3063 2697 3197 2759 scio
3227 2714 3306 2759 an
3362 2698 3528 2759 idem

245 2814 521 2881 Climaci
552 2810 766 2884 frater,
805 2809 883 2870 de
924 2821 1055 2887 quo
1088 2804 1276 2865 modo
1307 2800 1708 2863 narravimus
1729 2799 2072 2880 (diversum
2116 2808 2330 2860 tamen
2368 2796 2807 2878 crediderim),
2841 2816 3036 2878 quem
3058 2802 3339 2863 Joannes
3380 2802 3534 2863 Evi-

248 2928 431 2982 ratus
454 2933 576 2979 seu
604 2911 906 2976 Moschus
935 2909 1005 2969 in
1034 2924 1155 2968 suo
1182 2903 1499 2965 Viridart'o
1531 2898 1863 2983 spiritualt'
1888 2900 2137 2971 laudat;
2162 2907 2224 2961 et
2248 2899 2554 2973 Orentus,
2583 2915 2777 2976 quem
2810 2898 2979 2962 idem
3004 2908 3227 2963 auctor
3254 2902 3533 2964 celebrat

250 3037 394 3099 cap.
430 3019 569 3080 126.
605 3017 697 3077 De
729 3010 1039 3089 Martyrio
1062 3008 1192 3087 jam
1226 3021 1421 3085 supra
1456 3003 1725 3077 dictum,
1764 3002 1845 3063 de
1880 3017 2013 3078 quo
2045 3006 2257 3063 tamen
2290 2999 2451 3061 nihil
2485 2997 2813 3078 singulare
2846 2999 3114 3067 memini
3154 3001 3388 3079 legere.
3533 2999 3539 3006 '

775 3131 1151 3201 SEQUITUR
1193 3128 1363 3184 VITA
1395 3125 1740 3184 EIUSDEM
1774 3126 1848 3184 Cl

1948 3123 2090 3181 lACI
2126 3112 2223 3177 EX
2256 3119 2583 3177 ΜΕΝΑῖιε
2610 3121 2682 3177 50
2714 3110 3006 3176 MART".

255 3258 371 3316 Τοῦ
412 3259 594 3314 ὁσίου
630 3256 861 3332 Πατρός
909 3249 1411 3332 ήρῶις-ςζωὰννου
1450 3247 1556 3303 τοῦ
1585 3262 1848 3319 συγγρα-

1950 3243 2012 3301 S.
2048 3242 2230 3297 Patris
2280 3241 2449 3295 nostri
2489 3238 2719 3293 Joannis
2773 3238 2865 3320 qui
2926 3236 3143 3292 Scalam
3208 3236 3323 3289 cali
3390 3251 3536 3288 com-

719 3310 876 3395 ᾦόωὶ-
910 3310 1019 3391 ἑῆς
1046 3322 1374 3390 Κλίμακος.
1679 3310 1693 3318 ⁷
1717 3310 1756 3319 ’⁷

2655 3310 2851 3378 posuit.

331 3435 505 3507 οὗτος
553 3438 847 3495 ἑκκαίδεκα
895 3437 1104 3508 χρόνων
1157 3433 1420 3506 ὑπάρχων
1457 3430 1553 3484 καὶ⁸
1590 3428 1846 3499 ἀγχίνους

255 3536 361 3600 ὢν,
402 3536 465 3606 τῇ
497 3529 771 3601 ὲγκυκλίῳ
810 3529 972 3597 σοφίᾳ
1015 3526 1412 3599 προσενήνοχεν
1459 3523 1652 3576 ἑαυτὸν
1695 3520 1847 3591 ϐῆμα

256 3622 460 3699 [θῦμα]
490 3621 783 3695 ἱερώτατον
815 3618 894 3690 τῷ
940 3615 1059 3687 Θεῷ
1094 3618 1153 3669 ὲν
1181 3614 1262 3685 τῷ
1300 3613 1500 3683 Σιναίῳ
1535 3612 1654 3683 ὄρει
1687 3609 1848 3664 ἀνελ-

256 3694 394 3779 ὖὼν,
437 3694 551 3768 καί
585 3709 848 3784 μονάσας,
897 3708 994 3761 καὶ
1044 3707 1103 3760 ὲν
1136 3705 1385 3774 ὑποταγῇ
1434 3702 1657 3770 διάγων.
1715 3694 1849 3752 Εἶτα

258 3808 409 3880 μετὰ
441 3804 670 3877 χρόνους
695 3798 1085 3856 ἐννεακαίδεκα
1112 3794 1352 3858 αναστὰς
1383 3794 1600 3865 ἔρχεται
1624 3790 1759 3863 πρὸς
1788 3789 1851 3843 τὸ

253 3901 360 3970 τῆς
378 3896 615 3969 ἡσυχίας
648 3893 886 3958 στάδιον,
917 3890 1027 3945 άπὸ
1064 3888 1309 3959 σημείων
1333 3885 1500 3939 πέντε
1527 3883 1623 3938 τοῦ
1652 3898 1851 3953 κυρια-

256 3992 383 4055 xm"),
416 3990 521 4061 τὴν
549 3988 650 4059 τῆς
707 3984 1048 4054 παλαίστρας
1091 3980 1240 4034 Θείαν
1296 3976 1461 4049 μονὴν
1508 3972 1852 4045 κατειληφὼς

258 4082 480 4158 (Θωλᾶς
511 4080 681 4150 ὄνομα
707 4077 786 4149 τῷ
807 4074 1016 4148 χώρῳ),
1046 4073 1140 4127 καὶ
1173 4069 1580 4140 τεσσαράκοντα
1610 4067 1703 4138 ἐτη
1740 4066 1853 4120 δια-

264 4156 518 4244 περάνας
571 4171 630 4222 ὲν
672 4168 886 4222 διακαεῐ
924 4163 1108 4236 ἔρωτι,
1147 4161 1243 4215 καὶ
1281 4160 1416 4232 πυρὶ
1446 4158 1598 4221 θείας
1620 4156 1853 4231 ’ἀγάπης

261 4261 738 4337 πυρπολούμενος.
771 4254 964 4311 Ἠσθιε
994 4254 1091 4325 μὲν
1117 4254 1183 4308 ὲκ
1221 4251 1438 4306 πάντων
1470 4250 1506 4304 ἃ.
1542 4249 1852 4319 ἀμέμπτως

261 4360 481 4428 ἐφεῖται
504 4353 584 4424 τῷ
623 4350 1022 4421 ἐπαγγέλματι,
1064 4346 1243 4419 βραχὺ
1271 4344 1329 4398 δὲ
1358 4343 1476 4397 λίαν
1507 4342 1602 4396 καὶ
1632 4341 1734 4394 οὐκ
1774 4341 1854 4403 είς

263 4451 454 4520 κόρον,
513 4446 611 4500 καὶ
659 4445 718 4498 ὲν
756 4441 954 4512 τούτῳ,
1004 4435 1181 4510 οἶμαι,
1227 4437 1289 4490 τὸ
1324 4435 1420 4490 τοῦ
1461 4433 1631 4502 τύφου
1687 4433 1855 4502 κέρας

264 4540 417 4597 add“
468 4536 783 4604 πανσόφως.
832 4529 997 4586 Ἀλλά
1056 4529 1156 4601 τὴν
1202 4527 1311 4581 τῶν
1373 4524 1625 4596 δακρύων
1671 4522 1856 4593 πηγὴν

2022 3429 2123 3484 Hic
2150 3443 2278 3483 cum
2326 3436 2544 3482 sextum
2602 3423 2884 3479 decimum
2946 3436 3152 3475 annum
3222 3426 3425 3492 aget-et,
3485 3429 3538 3473 et

1950 3520 2171 3591 ingenio
2243 3525 2546 3589 praestaret,
2610 3515 2891 3585 sapientiae
2951 3512 3270 3582 disciplinas
3343 3525 3540 3565 omnes

1949 3613 2286 3682 complexus,
2351 3611 2592 3678 seipsum
2643 3623 2740 3679 per
2767 3605 3098 3662 sacriﬁcium
3126 3602 3540 3658 sanctissimum

1953 3705 2004 3759 in
2037 3712 2222 3757 monte
2250 3700 2382 3754 Sina
2406 3696 2768 3762 consecravit,
2799 3705 2854 3751 et
2884 3694 3141 3766 religiose
3167 3694 3223 3749 in
3282 3692 3538 3749 cmttobio

1953 3795 2059 3850 sub
2113 3791 2347 3863 praeside
2385 3790 2540 3844 vixit.
2582 3789 2715 3843 Post
2745 3785 3019 3842 decimum
3052 3800 3258 3839 nouum
3290 3784 3415 3838 inde
3445 3797 3543 3839 an«

1952 3901 2084 3941 num
2118 3885 2184 3939 ad
2218 3882 2455 3938 stadium
2493 3877 2806 3935 solitudinis
2866 3874 3125 3948 (Tholas
3171 3876 3292 3928 loco
3341 3887 3541 3927 nomen

1954 3977 2104 4048 fuit)
2138 3976 2332 4046 quinto
2367 3972 2544 4043 lapide
2587 3986 2617 4025 a
2643 3969 2865 4025 basilica
2895 3974 3110 4023 remoto
3158 3980 3218 4020 se
3273 3964 3537 4028 contulit,

1953 4071 2088 4126 etin
2127 4083 2379 4129 arenam,
2421 4075 2586 4134 atque
2636 4071 2914 4118 certamen
2967 4059 3088 4112 vita:
3148 4055 3547 4109 anachoretica:

1954 4160 2255 4226 descendit,
2286 4157 2469 4226 ibique
2500 4167 2674 4208 annos
2706 4152 2854 4221 ipsos
2921 4148 3284 4219 quadraginta
3341 4143 3544 4200 divina:

1956 4251 2237 4308 cbarilatis
2265 4247 2479 4303 facibus
2513 4245 2884 4299 inflammatus
2929 4239 3128 4309 exegit.
3162 4237 3357 4292 Cibum
3414 4237 3542 4305 qui-

1956 4347 2076 4401 dem
2109 4341 2344 4412 sumpsit
2370 4340 2484 4408 lege
2534 4335 2786 4406 religiosa
2841 4347 2950 4387 non
3007 4329 3380 4391 interdictum,
3447 4326 3543 4380 sed

1957 4436 2235 4492 modicum
2294 4431 2496 4502 oppido
2553 4439 2609 4484 et
2668 4440 2949 4496 nunquam
3002 4422 3071 4478 ad
3121 4421 3544 4480 satietatem,ut

1960 4528 2160 4593 inanis,
2200 4525 2417 4595 opinor,
2449 4522 2637 4593 gloria:
2663 4517 2864 4573 fastum
2888 4527 3169 4583 cornuque
3196 4512 3540 4565 retunderet.

269 4630 484 4687 ἐκείνου
530 4630 615 4692 τίς
660 4601 729 4681 ἂν
769 4624 926 4693 λόγος
961 4622 1198 4689 sisteret;
1242 4618 1455 4672 ’Υπνου
1502 4616 1560 4670 δὲ
1594 4613 1848 4668 τοσούτου

1961 4620 2067 4676 Sed
2096 4620 2241 4689 quod
2270 4616 2470 4670 ﬁumen
2519 4610 2787 4667 orationis
2840 4621 3131 4680 perennem
3194 4605 3368 4674 ipsius
3420 4601 3545 4656 fon-

272 4719 709 4798 μετελάμϐανεν,
741 4716 867 4771 ὅσον
895 4715 994 4785 τὴν
1021 4712 1118 4766 τοῦ
1143 4710 1262 4775 νοὸς
1280 4709 1468 4763 οὐσίαν
1494 4709 1560 4779 τῇ
1584 4705 1860 4776 ἀγρυπνίᾳ

271 4793 350 4889 μὴ
388 4810 759 4885 λυμήνασθαι.
799 4809 859 4863 '0
905 4807 964 4861 δὲ
1017 4806 1216 4879 δρόμος
1261 4801 1427 4857 αὐτοῦ
1458 4800 1763 4889 προσευχὴῄ
1790 4793 1862 4869 ἦν

578 4905 675 4958 καὶ
712 4901 850 4971 πρὸς
893 4899 1026 4953 Θεὸν
1077 4897 1217 4969 ἔρως
1287 4896 1633 4956 άνείκαστος.
1692 4883 1862 4955 Οὗτος

268 4999 457 5053 τοίνυν
480 4999 666 5051 πᾶσαν
693 4992 898 5066 ἀρετὴν
936 4990 1270 5061 ὲξασκὴσας,
1319 4988 1415 5041 καὶ
1468 4984 1652 5048 καλῶς
1699 4982 1856 5037 πολι-ο

270 5092 633 5160 τευσὰμενος,
671 5086 769 5139 καὶ
810 5083 1082 5154 μεγίστων
1109 5078 1352 5152 θεωριῶν
1399 5078 1691 5148 γενόμενος
1730 5073 1862 5128 ἀνά-

273 5186 483 5246 πλεως,
538 5179 635 5234 καὶ
687 5176 782 5232 τὸν
831 5173 1079 5246 μαθητὴν
1123 5171 1396 5226 ὑπνοῦντα
1464 5169 1520 5222 ἓν
1560 5185 1667 5223 τινι
1712 5167 1862 5235 τόπῳ

275 5276 487 5345 πέτρας
529 5269 816 5341 μεγίστης,
854 5266 950 5319 καὶ
993 5262 1255 5334 μέλλοντα
1281 5260 1373 5314 ὑπ’
1407 5259 1579 5328 αὐτῆς
1628 5254 1862 5309 πιπτού-

275 5382 378 5434 σης
408 5363 514 5434 ἤδη
544 5358 924 5432 ἀναιρεθῆναι,
968 5356 1064 5410 καὶ
1105 5355 1187 5414 είς
1227 5353 1367 5425 μέρη
1406 5349 1767 5421 διαιρεθῆναι,
1801 5348 1861 5399 ἐν

271 5455 353 5526 τῷ
380 5452 584 5522 κελλίῳ
616 5451 691 5507 ὢν
719 5450 816 5505 καὶ
861 5446 1140 5518 Πνεύματι
1172 5444 1300 5514 θείῳ
1332 5443 1516 5512 γνοὺς,
1559 5441 1654 5494 τοῦ
1684 5439 1865 5494 τοιού-

272 5564 371 5602 του
403 5544 639 5598 θανάτου
673 5540 963 5615 ἐρρύσατο,
995 5537 1279 5608 ἐπιφανεὶς
1314 5533 1463 5617 αὑτῴ
1496 5533 1620 5588 καθ’
1660 5532 1865 5595 ὕπνους

1961 4725 2064 4768 tem
2091 4713 2452 4782 lacrymarum
2481 4700 2809 4760 exhauriat?
2861 4699 3066 4754 Somno
3128 4696 3392 4751 hactenus
3454 4694 3541 4747 irt-

1958 4803 2143 4867 dulsit,
2173 4817 2240 4856 ue
2272 4798 2544 4853 insomnia
2604 4802 2660 4849 et
2729 4790 3036 4862 pervigilio,
3096 4786 3294 4841 mentis
3339 4793 3546 4840 statum

1959 4900 2358 4965 corrumperet.
2386 4888 2506 4944 Jam
2535 4888 2645 4941 vita
2673 4886 2845 4955 ipsius
2874 4881 3055 4937 omnis
3109 4877 3366 4948 perennis
3430 4886 3550 4930 erat

1958 4987 2225 5060 precatio,
2308 4982 2673 5050 Numinisque
2747 4973 3129 5046 ineXplicabile
3188 4968 3545 5026 desiderium.

1960 5078 2118 5134 Hunc
2150 5078 2206 5133 in
2237 5075 2456 5130 modum
2485 5087 2608 5126 cum
2661 5085 2720 5125 se
2774 5068 2827 5122 in
2884 5067 3030 5120 otuni
3086 5063 3305 5117 virtutis
3349 5072 3549 5129 genere

1960 5171 2317 5231 exercuisset,
2354 5171 2655 5233 sancteque
2682 5161 2928 5222 vixisset,
2959 5155 3386 5221 etelestibusque
3416 5151 3548 5202 visis

1961 5259 2407 5336 frequentissime
2434 5263 2711 5312 recreatus
2743 5260 2909 5315 esset,
2953 5247 3277 5316 discipulum
3327 5256 3549 5312 quoque

1959 5330 2120 5410 suum
2166 5349 2310 5403 intra
2366 5344 2602 5416 ingentis
2662 5342 2779 5397 saxi
2828 5341 3034 5395 hiatum
3087 5337 3349 5406 sopitum,
3395 5338 3449 5385 et
3491 5331 3545 5382 iu
3650 5330 3653 5333 ’

1968 5452 2213 5498 extremo
2239 5439 2363 5494 vitae
2384 5435 2631 5508 periculo
2650 5442 2982 5498 versantem,
3017 5431 3070 5485 in
3112 5444 3211 5484 sua
3240 5426 3375 5482 cella
3407 5422 3550 5477 div-i—

1974 5534 2121 5587 uitus
2143 5530 2461 5587 admonitus
2487 5528 2556 5583 ab
2580 5526 2700 5598 ipso
2728 5526 2919 5581 mortis
2953 5524 3138 5578 limine
3171 5520 3380 5576 salvum
3438 5514 3552 5570 eri-

357 5746 441 5820 (a)
475 5742 601 5803 Haec
635 5742 775 5799 Vitae
812 5742 1057 5813 epitome
1110 5722 1274 5795 estde
1334 5733 1572 5791 Dauielis
1632 5734 1739 5789 vita
1788 5742 2057 5790 extracta.
