4062 6498
418 412 538 477 ωθ

505 527 779 589 Joannis
818 526 1202 591 Scholastict'
1234 524 1423 586 scala.

1731 407 2093 469 MATTH/E‘I
2132 406 2420 468 RADERI

3591 404 3707 471 στι

503 604 583 671 lln
616 606 990 669 Florentina
1025 604 1191 683 apud
1218 606 1279 665 S.
1322 605 1606 665 Marcum
1640 602 1708 665 in
1736 602 1957 682 pluteo
1989 618 2104 675 vn,
2129 601 2387 661 Possev.
2415 616 2476 679 p.
2518 600 2619 662 t1.

506 685 649 746 Vita
679 685 950 745 Joannis
982 681 1380 745 Scholastici.

506 763 732 824 Urbini
773 771 835 825 et
859 762 1107 825 Pisauri
1149 762 1411 822 Possev.
1450 759 1530 820 1ι2
1558 767 1621 823 et
1649 760 1748 821 b2.

508 842 781 902 Joannes
812 840 1082 911 Climax,
1111 841 1189 900 de
1218 840 1345 901 vita
1378 840 1760 901 monastica.

506 919 777 979 Joannis
808 917 1070 980 Climact‘
1102 917 1275 996 Scala
1317 926 1380 978 et
1408 919 1635 980 Sermo
1665 918 1744 979 ad
1782 925 2130 996 pastorem.

505 998 837 1058 Messanae.
868 997 1139 1057 Joannis
1171 994 1436 1058 Climaci
1469 996 1716 1059 abbatis
1758 992 1993 1057 montis
2031 994 2209 1056 Sinai
2241 1000 2672 1075 cognomento
2698 992 2907 1069 Scala,
2946 992 3235 1074 epistola
3273 998 3338 1060 et
3371 994 3698 1060 orationes

423 1092 594 1155 opus
619 1076 966 1155 integrum.

505 1150 787 1215 Joannes
810 1152 1073 1216 Climaci
1094 1152 1341 1215 abbatis
1382 1154 1619 1215 montis
1651 1151 1825 1214 Sinai
1860 1159 2286 1230 cognomento
2318 1151 2517 1227 Scala,
2557 1151 2725 1215 alius
2755 1150 2954 1215 codex
2982 1150 3138 1214 in-h.

504 1231 691 1311 Alius
719 1233 920 1311 codex
953 1232 1226 1293 Joannis
1259 1232 1525 1294 Climact‘
1550 1228 1982 1311 cognomento
2017 1228 2223 1291 Scala.

502 1310 691 1372 Nota.
719 1313 789 1372 1n
814 1310 916 1370 his
940 1311 1271 1372 codicibus
1298 1319 1451 1389 puto
1479 1307 1818 1388 legendum
1845 1316 2273 1389 cognomento
2297 1308 2697 1389 Scholastici.
2724 1309 2940 1371 Graece
2972 1307 3141 1370 haud
3173 1307 3370 1389 dubie
3402 1309 3706 1373 erittntx-

425 1400 525 1471 λην
548 1396 937 1471 Σκολαστικοῦ,
977 1390 1137 1469 quid
1193 1385 1367 1451 enim
1417 1390 1501 1451 sit
1542 1385 1809 1471 Ioannis
1850 1385 2111 1449 Climaci
2156 1395 2582 1467 cognomento
2621 1385 2906 1461 Climaci,
2939 1404 3084 1450 cum
3128 1388 3305 1451 Scala
3350 1394 3413 1450 et
3455 1389 3706 1451 Clima:

424 1468 598 1533 idem
632 1468 739 1529 sit.

507 1548 781 1608 Viennzn
806 1547 1086 1609 Austrite
1122 1546 1192 1609 in
1221 1548 1504 1610 Caesarea
1539 1545 1930 1610 bibliotheca
1963 1542 2169 1624 littera
2207 1545 2274 1619 C,
2319 1545 2579 1608 Climaci
2610 1544 3054 1624 interpretatio
3088 1544 3155 1605 in
3195 1544 3582 1624 Scripturam
3608 1562 3708 1607 sa-

426 1642 622 1689 cram.
661 1624 861 1706 (Poss.
888 1626 1013 1702 6h.)
1043 1627 1373 1705 Nusquam
1404 1626 1553 1706 legi,
1588 1626 1763 1706 quod
1794 1622 2238 1706 meminerim,
2267 1625 2616 1706 Climacum
2640 1622 2995 1706 scripsisse
3026 1625 3090 1685 in
3126 1622 3369 1706 sacram
3407 1624 3703 1706 scriptu-

426 1721 587 1795 r_am,
621 1700 1085 1795 suspicenesse
1107 1700 2096 1795 pseudoepigraphen._i’alatjna
2122 1700 2920 1795 Heidelbergen‘sis_(Bi_)ss.
2951 1720 3095 1792 pag.
3278 1720 3432 1763 num
3466 1700 3701 1775 XLIX,

428 1782 703 1844 Joannis
732 1780 1123 1843 Scholastici
1147 1780 1500 1845 abbatis'iﬁ
1536 1780 1750 1845 monte
1782 1783 1936 1845 Sina
1972 1782 2310 1843 Sermones
2365 1780 2528 1852 xxi,
2569 1781 2649 1842 de
2706 1780 2967 1843 totidem
3010 1780 3361 1843 virtutibus
3397 1798 3510 1842 seu

3551 1798 3705 1859 gra-

427 1861 927 1950 dibustquibus
967 1862 1045 1923 ad
1089 1861 1320 1925 coelum
1353 1863 1744 1935 ascenditur,
1778 1861 2107 1923 oreemissa
2138 1860 2430 1941 ejusdem
2461 1860 2608 1922 Vita
2635 1875 2672 1921 a
2701 1860 2971 1923 Daniele
3002 1859 3317 1923 monacho
3354 1858 3705 1923 Rhaithino

430 1951 814 2015 conscripta.

506 2019 683 2101 idem
718 2016 1530 2101 mutilu§_njim_._ia_)_£Xlx.
1563 2018 1968 2101 (Poss._101.)

506 2098 681 2185 Idem
719 2112 902 2184 num.
935 2096 1346 2185 (ΖῼΟΙΔςΧΧἶ
1392 2094 1804 2236 ἳΡοεέηῖιΞΒ.)

508 2178 788 2236 Scortact
834 2191 903 2235 1n
934 2174 1245 2236 Hisnama
1286 2176 1397 2236 blb
1431 2221 1445 2236 .
1491 2192 1690 2236 regia.
1731 2175 1804 2236 (Ρη

497 2173 788 2265 .Scoriaci
834 2173 903 2235 in
934 2174 1245 2263 Hispania
1286 2172 1445 2265 bibl.
1491 2177 1690 2265 regia.
1731 2172 1932 2254 (Poss.
1963 2190 2119 2265 pag.
2154 2174 2341 2265 .130).
2359 2174 2632 2264 Joannis
2685 2172 2949 2265 Cliniae;
2990 2174 3155 2265 liber
3195 2173 3531 2265 asceticus.
3567 2176 3701 2265 Nec

415 2255 724 2315 .dubitare
756 2267 1021 2330 possum
1062 2254 1225 2330 quin
1267 2252 1392 2314 alia
1436 2270 1530 2315 ms

1632 2253 1788 2316 ranae
1839 2253 2114 2326 exstent,
2150 2253 2218 2314 in
2263 2253 2408 2332 aliis
2460 2270 2726 2332 quoque
2777 2254 3188 2317 bibliothecis
3233 2254 3392 2314 mihi
3435 2253 3700 2332 ignotis.

432 2333 596 2411 Tum
643 2331 816 2411 enim
862 2329 1226 2411 celebratus
1268 2333 1452 2411 apud
1483 2332 1736 2411 Griecos
1780 2332 1884 2394 hic
1926 2341 2171 2405 auctor,
2212 2329 2501 2410 adeoque
2537 2329 2999 2411 πολυθρύλλητος,
3035 2342 3097 2395 et
3135 2329 3506 2394 decantatus
3550 2331 3703 2411 fuit,

435 2409 528 2469 uti
562 2409 803 2488 nullam
834 2415 1052 2488 putem
1080 2410 1272 2486 paulo
1303 2409 1691 2472 nobiliorem
1719 2411 2172 2473 bibliothecam
2210 2409 2481 2483 exstare,
2519 2410 2583 2470 in
2618 2409 2744 2488 qua
2776 2409 3094 2472 Cli‘macus
3122 2412 3227 2473 hic
3254 2427 3384 2473 non
3415 2410 3696 2488 reperia-

431 2495 560 2568 tur.
595 2486 1418 2568 Latinis‘seriuscognitus
1439 2498 1560 2561 est,
1603 2491 1774 2568 quod
1804 2488 2087 2568 primum,
2113 2490 2238 2551 sub
2268 2505 2509 2568 annum
2543 2486 2697 2549 129k
2734 2490 2819 2550 sit
2850 2506 2885 2551 ο
2917 2490 3136 2552 ϐιωοο
3168 2505 3420 2557 versus,
3442 2486 3615 2568 quos
3645 2489 3707 2551 si

423 2567 509 2627 ab
543 2565 732 2628 annis
771 2564 929 2628 1626
955 2564 1384 2640 subduxeris,
1421 2564 1769 2629 manebunt
1804 2564 2096 2630 'trecenti
2136 2567 2397 2646 triginta
2456 2568 2621 2641 duo;
2688 2570 2797 2630 sed
2838 2569 2968 2630 base
3010 2578 3356 2631 annotasse
3400 2564 3490 2629 sit
3518 2568 3702 2630 satis.

686 2776 720 2818 .s
738 2753 1064 2811 LITTERIE
1113 2755 1360 2814 SANCTI
1403 2756 1710 2824 JOANNIS,

806 2865 1062 2907 PRESIDIS
1094 2866 1329 2908 CGSNOBII
1359 2866 1642 2918 RAITHUNI,

436 2961 515 3015 Ad
542 2970 786 3016 sanctum
824 2962 1088 3018 Joannem
1120 2966 1290 3018 virum
1324 2965 1724 3031 admirandum,
1767 2965 2021 3018 asceterio

852 3037 907 3088 in
930 3044 1103 3089 monte
1124 3032 1254 3089 Sina
1270 3034 1594 3104 praefectum.

505 3144 635 3200 Viro
672 3145 1136 3201 excellentissimo
1203 3147 1560 3218 ctelitumque
1601 3146 1822 3213 aemulo,
1874 3143 2021 3199 Patri

432 3235 658 3292 Patrum
721 3238 1174 3307 praestantissimo
1225 3239 1482 3305 doctori,
1538 3237 1776 3293 Joannes
1826 3250 2021 3306 pecca-

430 3328 535 3383 tori
564 3327 1152 3386 itaithunimonasterii
1174 3331 1397 3386 anstites
1422 3333 1476 3386 in
1494 3330 1723 3388 Domino
1752 3329 2020 3390 Salutem.

501 3418 637 3473 Cum
663 3417 819 3474 nobis
857 3420 949 3489 qui
976 3419 1117 3473 inter
1157 3428 1695 3488 postremossumus
1739 3420 2019 3476 incuriosa

434 3516 527 3560 tua
557 3513 611 3560 et
638 3505 949 3563 indiscussa
985 3506 1247 3578 omnique
1283 3521 1481 3577 genere
1530 3507 1795 3563 virtutum
1822 3520 2019 3564 ornata

429 3597 750 3654 obedientia
798 3597 851 3651 in
910 3597 1145 3653 Domino
1194 3611 1300 3651 non
1342 3597 1526 3667 ignota
1582 3596 1674 3659 sit,
1716 3600 2018 3668 praesertim

431 3703 557 3743 cum
586 3703 685 3759 pro
736 3688 861 3744 data
893 3688 991 3744 tibi
1029 3705 1058 3743 e
1080 3688 1218 3745 ctelo
1246 3689 1419 3759 gratia
1448 3704 1544 3744 seu
1589 3689 1791 3745 talento
1810 3690 2022 3747 fructus

435 3788 520 3835 est
552 3779 910 3851 colligendus,
966 3780 1198 3851 supplici
1258 3790 1311 3836 te
1341 3780 1547 3848 libello,
1576 3789 1632 3835 et
1662 3781 1866 3836 inﬁmis
1900 3797 2022 3836 om-

436 3871 566 3928 nino
587 3873 842 3942 precibus
862 3873 1123 3942 adiimus,
1150 3873 1281 3929 illud
1307 3875 1582 3945 prophetae
1597 3875 1802 3931 dictum
1833 3877 2021 3932 animo

432 3964 704 4035 complexi
736 3981 750 4019 :
783 3963 1065 4035 Interroga
1118 3974 1325 4035 patrem
1377 3974 1549 4032 tuum,
1586 3977 1635 4021 et
1668 3967 2015 4022 annuntiabit

437 4055 567 4121 tibi;
625 4056 857 4111 seniores
914 4066 1055 4122 tuos,
1120 4066 1174 4111 et
1221 4057 1397 4112 dicent
1454 4059 1550 4112 tibi
1578 4058 1619 4112 ί.
1671 4058 2016 4130 Quapropter

2369 2760 2713 2814 ΕΠΙΣΤΟΛΠ
2749 2758 2886 2813 ΤΟΥ
2920 2756 3124 2810 ΛΠοΥ
3152 2755 3458 2810 ιΩΑΝΝοΥ

2475 2852 2582 2907 Τοῦ
2612 2852 2916 2924 ἡγουμένου
2942 2852 3040 2922 τῆς
3079 2849 3318 2905 Ῥαῖθοῦ.

2121 2965 2277 3034 Πρὸς
2337 2964 2627 3034 Ἰωάννην
2670 2963 3045 3034 ἀξιάγαστον
3086 2962 3196 3015 τὸν
3233 2960 3478 3014 Σιναίου
3527 2960 3709 3028 ὄρους

2737 3036 3097 3104 ἡγούμενον.

2193 3146 2285 3218 Τῷ
2325 3144 2756 3218 ὑπερφυεστάτῳ
2786 3145 2881 3198 καὶ
2947 3143 3221 3214 ῑσαγγέλῳ
3256 3144 3432 3215 Πατρὶ
3472 3143 3710 3215 Πατρῶν

2120 3238 2217 3293 καὶ
2240 3237 2547 3309 διδασκάλῳ
2572 3236 2651 3307 τῷ
2680 3237 2821 3308 ὑπὲρ
2850 3235 2991 3304 λίαν,
3022 3238 3049 3290 ό
3075 3236 3398 3308 ἁμαρτωλὸς
3420 3238 3521 3308 τῇς
3556 3236 3709 3290 Ῥαῖ-

2122 3328 2216 3382 θοῦ
2240 3326 2544 3399 ἡγούμενος
2565 3330 2622 3382 ὲν
2653 3329 2846 3399 Κυρίῳ
2872 3327 3104 3399 χαίρειν.

2191 3417 2558 3483 Γινώσκοντες
2585 3421 2748 3490 ἡμεῖς
2774 3422 2822 3472 oi
2848 3418 3084 3482 εὐτελεῖς
3107 3417 3205 3489 τὴν
3236 3419 3293 3473 ὲν
3324 3416 3517 3490 Κυρίῳ
3552 3416 3712 3474 ἀδιά-

2121 3511 2306 3585 κριτόν
2337 3529 2430 3566 σου
2461 3512 2591 3583 περὶ
2628 3511 2869 3579 πάντων,
2899 3512 2976 3575 ὡς
3005 3513 3100 3565 καὶ
3131 3513 3187 3564 ὲν
3226 3511 3430 3575 πάσαις
3480 3511 3708 3579 ἀρεταῖς

2120 3601 2696 3675 κατακεκοσμημένην
2735 3602 3002 3673 ὑπακοὴν,
3030 3602 3125 3656 καὶ
3153 3601 3386 3672 μάλιστα
3405 3602 3541 3655 ὅπου
3563 3601 3608 3654 δ’
3634 3601 3707 3655 ἂν

2119 3693 2475 3765 ἑπικερδῆσαι
2504 3692 2582 3764 τῷ
2613 3695 2765 3765 παρά
2780 3692 2914 3746 Θεοῦ
2936 3692 3143 3747 δοθέντι
3177 3708 3261 3745 σοι
3290 3693 3537 3763 ταλάντῳ
3561 3692 3702 3757 δέοι,

2121 3784 2328 3839 εὐτελεῖ
2350 3785 2426 3848 ὡς
2472 3783 2708 3854 ἀληθῶς,
2760 3785 2856 3839 καὶ
2914 3785 3108 3857 οἰκτρᾷ
3156 3782 3478 3855 κεχρήμεθα
3507 3784 3707 3837 συλλα-

2121 3875 2191 3948 ϐῇ
2224 3877 2285 3931 τὸ
2310 3876 2603 3948 εἰρημένον
2640 3877 2699 3931 ἐν
2737 3876 2814 3948 νῷ
2854 3877 3113 3942 λαϐόντες
3135 3893 3148 3907 ·
3189 3876 3528 3947 Ἐρώτησον
3573 3876 3703 3949 γὰρ,

2132 3967 2288 4037 φησι,
2323 3967 2431 4022 τὸν
2478 3967 2704 4037 πατέρα
2741 3987 2881 4033 σου,
2903 3968 3007 4024 καὶ
3035 3970 3360 4038 ἀναγγελεῖ
3395 3985 3529 4024 σοι·
3557 3970 3701 4037 τοὺς

2120 4057 2566 4128 πρεσϐυτέρους
2588 4074 2729 4123 σου,
2766 4059 2866 4113 καὶ
2893 4059 3103 4128 ἐροῦσί
3130 4076 3250 4114 σοι.
3287 4059 3490 4112 Τούτου
3518 4059 3706 4113 ἕνεκεν

436 4156 585 4203 tuam
616 4162 886 4203 summam
937 4148 1220 4215 virtutem,
1256 4149 1368 4204 imo
1406 4149 1614 4221 apicem
1643 4150 1927 4218 virtutum,
1961 4159 2011 4206 et

2120 4147 2190 4213 ὡς
2210 4146 2374 4220 κοινῷ
2404 4149 2620 4204 πάντων
2646 4150 2813 4222 πατρὶ
2848 4150 3204 4222 πρεσϐυτέρῳ
3234 4166 3294 4203 τε
3318 4149 3472 4221 παρὰ
3495 4150 3705 4215 πάντας

430 4252 781 4294 communem
826 4239 1075 4295 omnium
1116 4250 1421 4310 parentem,
1459 4241 1847 4312 optimumque
1869 4257 2011 4312 prae-

432 4337 729 4399 ceptorem,
758 4336 1021 4399 tanquam
1056 4330 1110 4386 in
1141 4330 1408 4401 religiosae
1460 4334 1582 4387 vitae
1635 4333 1896 4403 palaestra
1919 4333 2011 4388 diu

432 4435 547 4490 pra
580 4420 793 4475 caeteris
821 4417 1081 4477 Patribus
1128 4422 1487 4478 exercitatum
1515 4464 1531 4490 ,
1601 4432 1767 4493 atque
1817 4424 2018 4495 ingenii

433 4504 688 4563 acumine
751 4507 1154 4576 praepollentem
1203 4511 1478 4581 supplices
1512 4511 1897 4579 convenimus,
1935 4512 2017 4568 uti

434 4597 593 4654 nobis
635 4596 869 4654 rudibus
918 4613 1016 4669 per
1068 4600 1279 4657 litteras
1324 4604 1540 4672 aperias
1566 4620 1691 4676 qua:
1721 4607 1788 4661 ad
1820 4604 2018 4661 veteris

432 4691 740 4761 exemplum
759 4690 928 4747 Mosis
961 4691 1016 4746 in
1042 4694 1234 4750 eodem
1259 4704 1447 4752 monte
1472 4697 1661 4753 divino
1677 4695 1843 4769 [viso]
1862 4711 2018 4767 spec-

435 4782 620 4837 taculo
638 4781 896 4855 dignatus
913 4782 1218 4853 inspexisti,
1238 4801 1486 4856 quasque
1498 4787 1696 4843 divinae
1714 4788 1848 4859 legis
1864 4788 2020 4843 tabu-

434 4875 516 4928 las
547 4873 615 4930 ab
634 4875 824 4931 eodem
858 4875 914 4929 in
945 4884 1039 4931 tuo
1068 4876 1135 4932 ad
1161 4893 1257 4934 nos
1295 4879 1574 4937 docendos
1598 4880 1881 4953 (tanquam
1912 4893 2018 4935 no-

434 4979 532 5021 vos
566 4966 862 5034 lsraelitas,
896 4978 953 5024 et
997 4970 1161 5025 modo
1207 4971 1278 5026 ab
1313 4970 1515 5026 actuali
1545 4970 1733 5026 mundi
1761 4968 2016 5042 Egypto,

434 5058 666 5129 viaeque
695 5062 1045 5120 tumultuosae
1074 5063 1244 5119 maris
1276 5064 1533 5119 ﬂuctibus
1578 5064 1854 5134 egressos)
1879 5063 2020 5118 libro

434 5156 704 5213 destinato
731 5158 1021 5231 inscriptas
1043 5160 1322 5230 accepisti.
1346 5158 1484 5227 Ergo
1506 5160 1690 5213 divina
1715 5159 1899 5229 lingua
1927 5166 2017 5213 tua

439 5262 682 5317 anquam
714 5242 862 5321 virga
928 5268 1062 5307 usus
1088 5249 1217 5324 [ope
1246 5249 1482 5321 caelesti]
1515 5252 1817 5307 secundum
1848 5250 2017 5306 Deum

432 5347 545 5393 tam
586 5338 908 5396 admiranda
965 5340 1308 5412 perpetrasti.
1356 5337 1600 5410 Rogatus
1658 5342 1845 5413 igitur,
1870 5358 2023 5413 quae-

2117 4240 2175 4293 ἐν
2197 4257 2257 4293 τε
2287 4242 2353 4311 τῇ
2410 4241 2640 4312 ἀσκήσει
2682 4241 2776 4296 καὶ
2804 4242 2870 4312 τῇ
2916 4241 3206 4314 ἀγχινοίᾳ,
3257 4242 3353 4296 καὶ
3396 4240 3703 4312 διδασκάλῳ

2115 4327 2343 4400 ἀρίστῳ,
2369 4327 2458 4382 διὰ
2486 4328 2656 4383 τῶνδε
2704 4328 2861 4401 ἡμῶν
2889 4329 2998 4383 τῶν
3031 4331 3399 4402 γραμμάτων,
3451 4331 3549 4401 τὴν
3595 4331 3697 4402 σὴν

2116 4416 2548 4489 καθικετεύομεν
2578 4417 2687 4473 τῶν
2716 4417 2928 4490 ἀρετῶν
2955 4419 3244 4490 κορωνίδα,
3272 4418 3367 4472 τοῦ
3400 4418 3702 4477 ἐπιστεῖλαι

2119 4508 2251 4577 ἡμῖν
2285 4509 2394 4571 τοῖς
2423 4508 2713 4580 ἀμαθέσιν,
2758 4508 2904 4580 άπερ
2937 4509 2994 4563 ἐν
3041 4511 3108 4582 τῇ
3154 4509 3380 4583 θεοπτίᾳ
3431 4512 3575 4566 κατὰ
3607 4511 3701 4564 τὸν

2120 4596 2289 4649 πάλαι
2319 4597 2523 4651 Μωσέα
2543 4598 2602 4651 ὲν
2631 4596 2711 4669 τῷ
2751 4597 2904 4669 αὐτῷ
2943 4597 3060 4670 ὄρει
3088 4598 3364 4668 τεθέασαι,
3397 4601 3491 4654 καὶ
3535 4602 3699 4655 οἱονεὶ

2120 4687 2335 4751 πλάκας
2378 4687 2716 4762 θεογράφους
2772 4692 2839 4761 τῇ
2885 4690 3016 4762 παρ’
3064 4690 3228 4745 αὐτοῦ
3277 4692 3704 4767 έπιστελλομένη

2119 4778 2256 4851 πρὸς
2284 4781 2430 4851 ἡμᾶς
2466 4781 2625 4853 ἰιιμίᾳ⁵
2674 4780 2842 4854 δέλτῳ
2888 4782 3196 4853 ἐνθέμενον,
3244 4784 3324 4850 είς
3354 4784 3705 4842 διδασκαλίαν

2119 4869 2215 4923 τοῦ
2239 4870 2361 4924 νέου
2402 4871 2640 4944 Ἰσραὴλ,
2676 4874 2877 4946 ἀρτίως
2905 4875 3014 4930 τῶν
3044 4876 3249 4946 νοητῶν
3278 4878 3590 4947 Δίγυπτίων
3607 4880 3706 4933 καὶ

2121 4960 2221 5030 τῆς
2252 4959 2523 5033 θαλάσσης
2569 4962 2664 5016 τοῦ
2699 4964 2814 5034 βίου
2851 4965 3269 5037 ἐξεληλυθότων.
3304 4969 3497 5022 Τοίνυν
3517 4967 3706 5040 ὥσπερ

2120 5051 2242 5107 ἀντὶ
2273 5053 2469 5124 ῥάϐδου
2503 5056 2568 5125 τῇ
2600 5054 2928 5127 θεοῤῥήμονί
2956 5074 3060 5111 σου
3086 5058 3303 5131 γλώττῃ
3332 5061 3391 5113 ὲν
3418 5062 3487 5135 τῇ
3513 5060 3706 5115 θαλάτ-

2120 5160 2191 5220 τῃ
2219 5146 2356 5216 μετά
2389 5145 2521 5200 Θεὸν
2561 5150 2639 5220 (α)
2673 5149 3223 5223 ἐθαυματούργησας,
3258 5153 3354 5208 καὶ
3389 5156 3459 5209 τὰ
3488 5154 3583 5211 νῦν
3628 5157 3702 5227 μὴ

2122 5238 2442 5310 ἀπαξιώσῃς
2478 5242 2963 5314 παρακαλούμενος
2995 5245 3261 5317 εὐκρινῶς
3298 5246 3369 5301 τὰ
3412 5246 3599 5302 δέοντα
3636 5251 3702 5319 τῇ

2126 5328 2389 5401 μοναδικῇ
2419 5329 2680 5402 πολιτείᾳ,
2717 5333 2811 5387 καὶ⁹
2856 5335 3130 5406 πρέποντα
3175 5338 3384 5402 ἀόκνως
3425 5339 3482 5392 έν
3516 5339 3706 5411 Κυρίῳ

431 5443 652 5501 cunque
707 5433 776 5488 ad
816 5433 1085 5504 religiosae
1132 5433 1258 5489 vita:
1311 5432 1658 5500 disciplinam
1688 5446 1745 5490 et
1779 5434 2019 5492 ofﬁcium

2125 5419 2260 5491 πρὸς
2285 5423 2553 5494 σωτηρίαν
2579 5425 2711 5495 ἡμῖν
2734 5426 3053 5498 ἐγχαράξαι,
3081 5429 3156 5494 ὡς
3181 5431 3353 5500 μέγας
3387 5431 3705 5503 καθηγητὴς

430 5534 533 5587 pro
558 5523 736 5579 salute
768 5533 954 5580 nostra
981 5532 1206 5580 strenue
1241 5526 1293 5580 in
1326 5523 1557 5581 Domino
1606 5531 2016 5600 exsequendum

2130 5512 2346 5582 ἀληθῶς
2380 5516 2597 5569 πάντων
2628 5517 2736 5571 τῶν
2769 5520 3035 5592 ἑλομένων
3058 5522 3157 5592 τὴν
3181 5522 3389 5575 τοιάνδε
3411 5523 3704 5595 ἀγγελικὴν

431 5613 728 5680 pertinent,
761 5623 1021 5686 tanquam
1056 5627 1239 5672 certus
1272 5630 1463 5670 eorum
1490 5619 1735 5675 omnium
1777 5620 1871 5678 aui
1901 5638 2016 5680 cm-

2130 5605 2427 5675 πολιτείαν,
2471 5610 2546 5679 μὴ
2578 5609 2923 5683 λογιζόμενος
2957 5614 3198 5670 θωπείαν
3224 5611 3363 5670 εἶναι
3389 5632 3509 5670 τινα
3539 5614 3573 5685 ἤ
3614 5630 3705 5670 κο-

508 5704 527 5734 ¹
556 5704 710 5761 Deut.
742 5724 915 5774 xxx",
937 5709 991 5765 7.

504 5815 585 5886 (tr)
613 5814 826 5873 Mallem
854 5821 994 5888 μετά
1028 5819 1162 5876 Θεοῦ
1192 5822 1249 5878 id
1276 5829 1369 5878 est
1401 5820 1499 5876 σὺν
1527 5822 1664 5895 Θεῷ.
