4062 6418
275 388 391 455 625
1317 387 1645 451 ISAGOGE
1694 389 1802 451 AD
1826 387 1918 450 SC.

2001 387 2119 447 ,ΑΜ
2146 384 2526 447 PABADISI.
3450 386 3560 451 626

269 502 526 567 λακείαν,
559 500 630 557 τά
676 500 810 573 παρ’
839 499 999 573 ἡμῶν
1029 499 1318 574 είρημένα.
1364 503 1693 557 Ἐπίστασαι
1738 502 1873 575 γὰρ,
1904 532 1918 566 λ

2002 509 2119 557 este
2144 500 2250 556 hoc
2276 501 2401 555 vita:
2433 512 2606 570 genus
2635 495 2906 568 complexi
2939 502 3088 563 sint,
3118 494 3316 554 ductor
3336 495 3566 569 (nullam

266 590 317 649 ὦ
350 596 479 666 ἱερὰ
521 593 690 657 ὅντως
735 593 972 665 κορυφὴ,
1009 593 1093 647 ὅτι
1128 592 1386 668 ἀλλότρια
1430 594 1529 649 καὶ
1577 594 1874 665 λεγόμενον

2001 592 2140 649 lictis
2165 592 2534 663 palpationem
2582 590 2662 645 vel
2695 588 3068 645 adulationem
3093 589 3278 646 inesse
3315 589 3569 659 suspica-

268 687 435 758 παρά
468 687 707 743 πάντων.
761 685 853 739 Διὸ
895 684 1236 755 πεποίθαμεν
1278 687 1336 740 ὲν
1374 686 1566 758 Κυρίῳ
1614 685 1875 753 δέξασθαι

2005 684 2103 755 us)
2149 699 2260 739 non
2301 683 2685 753 dedignabcris
2742 682 2942 738 litteris
2998 680 3348 753 consignare.
3411 681 3570 736 Nosti

264 778 488 848 ταχέως
520 779 614 832 καὶ
636 777 1073 848 περιπτύξασθαι
1106 777 1176 831 τά
1206 779 1336 850 παρ’
1362 777 1521 849 ἡμῶν
1542 778 1878 849 ἐλπιζόμενα

264 870 436 942 τίμια
469 876 596 934 ταῖς
623 870 820 935 πλαξὶν
851 869 1253 942 ὲγχαράγματα
1284 869 1693 940 καθοδηγοῦντα
1741 870 1877 941 ἀλη-

267 960 391 1023 θῶς
422 962 550 1025 τοὺς
582 958 885 1031 ἑπομένους
932 959 1208 1025 ἀπλανῶς,
1248 958 1346 1013 καὶ
1385 958 1641 1029 καθάπερ
1674 957 1881 1029 κλίμαξ

264 1053 655 1126 ἑστηριγμένη
692 1054 854 1124 μέχρι
891 1051 1001 1105 τῶν
1033 1051 1128 1107 τοῦ
1177 1051 1412 1124 ούρανοῦ
1462 1049 1648 1103 πυλῶν
1688 1049 1882 1102 ἀναϐι-

266 1145 527 1210 ϐάζουσα
573 1146 704 1210 τοὺς
733 1145 1186 1217 πρωιρομένους,
1240 1143 1495 1206 ἀϐλαϐῶς
1532 1143 1629 1196 καὶ
1674 1142 1883 1207 ἀσινεῖς

266 1239 661 1301 διαϐαίνοντας
727 1239 824 1292 καὶ
873 1237 1171 1303 ἀκωλύτως
1237 1238 1309 1292 τά
1389 1237 1742 1308 πνευματικὰ
1784 1240 1907 1309 τῆς,

269 1331 571 1401 πονηρίας,
606 1330 700 1384 καῖ¹
727 1331 854 1394 τοὺς
891 1329 1346 1400 κοσμοκράτορας
1378 1330 1474 1383 τοῦ
1511 1331 1763 1394 σκότους,
1788 1331 1884 1385 καὶ

271 1425 405 1487 τοὺς
435 1423 711 1493 ἄρχοντας
741 1421 833 1476 τοῦ
886 1422 1068 1493 ἀέρος.
1111 1424 1176 1476 Ei
1216 1422 1328 1493 γάρ
1370 1422 1565 1477 Ἰακὼϐ
1597 1423 1887 1493 προϐάτων

274 1516 491 1585 ποιμὴν
513 1512 589 1567 ῶν
612 1514 712 1584 τὴν
737 1514 994 1585 τοιαύτην
1026 1514 1266 1588 φοϐερὰν
1291 1515 1555 1570 ὀπτασίαν
1585 1516 1644 1570 ὲν
1666 1519 1733 1589 τῇ
1766 1516 1888 1570 κλί-

279 1621 420 1675 μακι
446 1604 741 1671 τεθέαται,
774 1604 927 1675 πόσῳ
970 1606 1175 1674 μᾶλλον
1211 1607 1240 1660 ὁ
1284 1606 1519 1673 λογικῶν
1554 1606 1890 1679 θρεμμάτων

276 1695 711 1767 προϊστάμενος,
743 1696 845 1749 οὒκ
880 1695 1148 1749 ὀπτασίαν
1182 1697 1366 1768 μόνον,
1415 1697 1553 1751 ἀλλὰ
1592 1699 1686 1752 καὶ
1719 1697 1888 1769 ἔργῳ,

278 1788 377 1842 καὶ
397 1787 631 1859 ἀληθείᾳ
657 1786 875 1859 ἀπλανῆ
898 1789 1086 1843 ἄνοδον
1116 1787 1255 1861 πρὸς
1287 1788 1380 1842 τὸν
1406 1788 1541 1843 Θεὸν
1571 1790 1737 1843 πᾶσιν
1758 1789 1893 1843 ὐπο-

278 1879 836 1954 δείξειεν;”Ερρωσο
864 1882 924 1936 ὲν
949 1882 1164 1954 Κυρίῳ,
1193 1882 1492 1954 τιμιώτατε
1521 1883 1726 1955 Πάτερ.

1978 777 2198 848 quippe,
2228 776 2312 830 vir
2338 776 2668 841 venerande,
2718 790 2821 831 nos
2859 776 2929 830 ab
2952 775 3268 846 hujusmodi
3295 775 3574 831 blanditiis

1982 868 2295 934 abhorrere,
2312 868 2558 938 nihilque
2588 867 2693 923 nisi
2713 867 2855 938 quod
2881 876 2984 934 est,
3000 869 3290 938 palamque
3308 868 3378 923 ab
3392 867 3576 922 omni-

1980 965 2085 1021 bus
2100 964 2539 1031 scitur,cernitur
2554 974 2607 1019 et
2623 964 2884 1033 jactatur,
2905 964 3409 1034 praedicareﬂuare
3423 971 3576 1018 certa

1983 1070 2079 1126 spe
2106 1069 2202 1127 per
2237 1054 2528 1110 Dominum
2588 1054 2836 1119 nitimur,
2892 1054 3010 1110 lore
3039 1055 3117 1109 uti
3150 1054 3565 1125 quamprimum

1984 1163 2125 1219 opus
2151 1146 2258 1202 hoc
2277 1145 2564 1216 suscipias,
2592 1146 2901 1216 tabulisque
2938 1163 3000 1202 ea
3021 1162 3144 1218 quae
3167 1157 3572 1217 exspectamus,

1983 1246 2042 1294 et
2071 1248 2327 1307 optamus
2357 1237 2627 1307 religiosae
2664 1239 2789 1292 vitae
2822 1248 3089 1308 praecepta
3123 1238 3416 1303 inscribas,
3452 1251 3578 1308 quas

1987 1339 2213 1387 strenue
2245 1339 2469 1386 secutos
2501 1329 2622 1385 sine
2648 1342 2840 1386 ‘errore
2867 1345 2966 1400 per
3007 1345 3201 1385 verum
3253 1330 3448 1387 salutis
3470 1330 3577 1385 iter

1988 1423 2283 1489 deducant,
2340 1437 2546 1493 eosque
2598 1424 2694 1493 qui
2748 1422 2816 1477 ad
2846 1422 3046 1478 coelum
3075 1424 3377 1488 enituntur,
3405 1420 3579 1477 veluti

1988 1531 2085 1587 per
2119 1516 2393 1572 scalarum
2422 1516 2624 1585 gradus
2654 1516 2721 1571 ad
2752 1530 2928 1586 usque
2951 1514 3078 1571 caeli
3107 1515 3319 1569 aditum
3360 1520 3582 1585 portas-

1991 1621 2098 1677 que
2118 1606 2454 1677 pertinentes
2501 1621 2598 1676 per
2636 1605 2941 1676 spiritualia
2964 1603 3222 1674 nequitiae
3252 1610 3309 1659 et
3336 1611 3583 1658 rectores

1993 1698 2186 1754 mundi
2217 1698 2604 1770 principesque
2636 1698 2985 1754 tenebrarum
3012 1698 3455 1769 harum,perque
3492 1710 3584 1751 ae-

1996 1791 2113 1847 rias
2139 1799 2436 1862 potestates
2464 1791 2584 1859 sine
2600 1791 2845 1863 periculo
2872 1792 3054 1849 salvos
3076 1804 3131 1848 et
3157 1791 3462 1848 incolumes
3482 1803 3584 1845 ex—

1925 1875 1967 1930 B
1997 1883 2176 1954 pedite
2211 1884 2513 1953 provehant
2544 1892 2597 1938 et
2628 1883 2938 1953 deportent.
2970 1883 3106 1939 Nam
3131 1884 3178 1939 si
3200 1882 3367 1939 Iacob
3396 1882 3585 1938 ovium

292 1973 557 2029 duntaxat
586 1982 796 2040 custos,
835 1974 1183 2029 tremendum
1244 1973 1517 2044 ejusmodi
1550 1975 1605 2029 in
1654 1974 1803 2029 scala
1856 1973 2233 2044 spectaculum
2300 1971 2707 2041 contemplatus
2760 1980 2879 2036 est,
2934 1979 3145 2042 quanto
3184 1972 3362 2043 magis
3399 1969 3586 2042 gregis

292 2074 515 2128 ratione
545 2071 800 2143 pollentis
851 2072 1118 2142 magister
1157 2084 1268 2124 non
1308 2068 1487 2124 visum
1517 2078 1751 2132 tantum,
1779 2068 1876 2124 sed
1915 2074 2148 2133 certum,
2214 2074 2269 2121 et
2324 2065 2535 2135 absque
2568 2064 2681 2121 ullo
2701 2065 2915 2122 viarum
2943 2080 3132 2123 errore
3159 2066 3492 2137 esplicatuln
3514 2062 3584 2120 ad

290 2163 473 2222 Deum
507 2166 602 2221 iter
614 2164 873 2220 omnibus
900 2163 1203 2219 ascendet?
1227 2161 1382 2228 Vale,
1408 2172 1564 2234 pater
1590 2164 1645 2218 in
1669 2162 1903 2218 Domino
1940 2161 2239 2232 plurimum
2274 2160 2520 2215 colendo.

594 2302 927 2358 ιοΑΝΝΗΣ
957 2301 1248 2375 ΙΩΑΝΝῌ
1276 2301 1587 2356 ΧΑΙΡΕΙΝ.

2248 2292 2602 2349 JOANNES
2646 2290 2932 2349 JOANNI
2973 2290 3337 2350 SALUTEM.

1109 2414 1404 2485 Respondet
1440 2412 1711 2470 Ctimacus
1736 2411 1940 2467 Joanui
1974 2409 2481 2466 Raithunicaenobii
2512 2410 2773 2464 antistiti.

361 2511 753 2582 ’Υπεδεξάμην
799 2509 877 2574 ὼς
922 2508 1244 2582 πρέπουσαν
1299 2508 1377 2580 τῷ
1419 2507 1603 2580 σεμνῷ
1650 2525 1745 2562 σου
1792 2507 1887 2561 καὶ

280 2608 496 2663 ἀπαθεῖ
532 2606 611 2679 (a)
668 2606 769 2679 βίῳ
804 2607 898 2659 καὶ
930 2609 999 2679 τῇ
1038 2606 1258 2679 καθαρᾷ
1291 2608 1385 2661 καὶ
1434 2604 1890 2680 τεταπεινωμένῃ

286 2720 387 2757 σου
413 2700 640 2773 καρδίᾳ,
696 2699 876 2771 ἥνπερ
906 2699 1045 2769 πρὸς
1074 2700 1224 2770 ἡμᾶς
1250 2700 1377 2763 τοὺς
1402 2701 1654 2771 πτωχοὺς
1681 2699 1756 2771 (b)
1791 2699 1888 2753 καὶ

2064 2502 2447 2559 Venerandam
2499 2502 2789 2573 epistolam
2838 2509 2988 2557 tuam
3018 2502 3238 2572 dignam
3290 2502 3589 2561 sanctitate

1990 2604 2048 2650 et
2076 2597 2372 2652 emendata
2406 2596 2516 2650 vita
2552 2603 2667 2661 tua,
2723 2593 2944 2663 dignam
2992 2609 3133 2665 puro
3163 2605 3218 2651 et
3240 2595 3435 2651 humili
3465 2597 3591 2654 ani-

1989 2701 2080 2741 mo
2107 2696 2202 2742 tuo
2231 2688 2300 2742 ad
2330 2702 2432 2743 nos
2460 2686 2529 2741 ab
2558 2686 2708 2741 omni
2740 2686 2943 2740 virtute
2970 2685 3264 2742 destitutos
3295 2686 3582 2744 mendicos

283 2798 534 2867 πένητας
560 2796 672 2851 τῶν
702 2797 913 2866 ἀρετῶν
944 2797 1296 2860 ἀπέσταλκας
1327 2796 1516 2869 τιμίαν
1553 2813 1647 2850 σου
1686 2796 1888 2850 συλλα-
1918 2812 1963 2870 ο
1995 2794 2062 2835 ac
2090 2795 2363 2851 ΡἸυΡθΓθε
2419 2778 2752 2836 ἀθείίηδίθω
2785 2779 3003 2850 accepi;
3047 2780 3133 2836 νει
3161 2780 3344 2850 Ροιῖυε
3375 2796 3590 2851 01⁵80⁸⁸·

286 2896 426 2969 ϐὴν,
459 2898 668 2969 μᾶλλον
703 2897 762 2950 δὲ
805 2897 1100 2970 ἐπιταγὴν,
1159 2899 1256 2953 καὶ
1296 2898 1440 2969 ὑπὲρ
1485 2897 1586 2968 τὴν
1613 2896 1897 2969 ἡμετέραν

292 3001 451 3072 ίσχὺν
480 2999 758 3053 κέλευσιν.
785 3001 886 3054 Σὺν
916 3001 1031 3073 γὰρ
1050 2995 1119 3072 ἦν
1156 3000 1348 3066 ὅντως,
1389 2998 1503 3066 σὺν,
1536 3000 1631 3053 καὶ
1657 2999 1762 3069 τῆς
1794 2999 1896 3066 σῆς

289 3091 449 3160 ἱερᾶς
484 3090 670 3162 ψυχῆς
710 3091 863 3156 ἴδιον,
914 3090 976 3144 τὸ
1018 3092 1149 3163 παρ’
1185 3090 1345 3162 ἡμῶν
1381 3089 1490 3144 τῶν
1532 3089 1893 3156 ἀπαιδεύτων,

289 3182 388 3236 καὶ
433 3181 585 3252 λόγῳ
617 3181 713 3235 καὶ
748 3179 895 3253 ἔργῳ
923 3180 1156 3251 ἀμαθῶν
1179 3219 1197 3247 ,
1228 3179 1601 3243 διδασκαλίας,
1636 3180 1731 3234 καὶ
1771 3196 1896 3233 νου-

291 3274 491 3339 θεσίας
521 3275 680 3343 λόγον
708 3272 1061 3346 αἰτήσασθαι.
1108 3272 1445 3345 Σεσυνήθικε
1479 3272 1590 3344 γάρ
1624 3273 1714 3326 ἀεὶ
1763 3272 1897 3342 ἡμῖν

292 3369 361 3424 δι’
386 3369 589 3439 ἑαυτῆς
610 3370 781 3423 τύπον
801 3366 1304 3438 ταπεινοφροσύνης
1326 3363 1722 3419 ὑποδεικνύειν.
1750 3362 1899 3435 Πλὴν

299 3456 400 3512 νῦν
426 3456 581 3523 κάγὼ
612 3460 790 3512 ἐκεῖνο
826 3458 956 3530 ὲρῶ,
989 3457 1088 3520 ὼς,
1127 3457 1176 3508 εί
1220 3454 1296 3525 μὴ
1329 3453 1514 3523 φόϐος,
1551 3453 1646 3508 καὶ
1674 3452 1843 3517 πολὺς
1871 3454 1900 3506 ὁ

300 3545 569 3610 κίνδυνος,
596 3547 696 3617 τῆς
718 3547 926 3617 μητρὸς
948 3542 1139 3598 πασῶν
1164 3541 1274 3596 τῶν
1300 3541 1512 3613 ἀρετῶν
1534 3541 1782 3611 ὑπακοῆς
1802 3542 1901 3613 τῆς

296 3637 459 3702 ὁσίας
511 3638 605 3691 τὸν
643 3637 809 3707 ζυγὸν
858 3636 917 3704 ἐξ
943 3633 1155 3689 ἑαυτῶν
1192 3633 1627 3706 άπορῤίψασθαι,
1670 3633 1900 3703 ἐπῆρτο,

291 3731 400 3785 ούκ
430 3730 502 3784 ἂν
530 3731 742 3799 ἀλόγως
775 3732 834 3785 ὲν
879 3731 995 3792 τοῖς
1039 3727 1181 3799 ὑπὲρ
1211 3727 1445 3796 δύναμιν
1483 3726 1902 3798 κατετολμήσα-

296 3838 424 3891 μεν.
468 3821 623 3875 Ἔδει
650 3821 760 3891 γάρ
800 3837 882 3883 σε,
918 3814 965 3875 ῶ
1005 3819 1276 3891 θαυμάσιε
1311 3817 1530 3888 Πάτερ,
1572 3816 1682 3871 ἔδει
1727 3815 1904 3872 ταῦτα

294 3914 628 3986 πειθόμενον
652 3912 1005 3987 [πυθόμενον]
1028 3911 1181 3985 παρά
1207 3911 1318 3964 τῶν
1343 3906 1403 3965 εὖ
1434 3910 1655 3966 είδότων
1681 3911 1897 3982 μαθεῖν·

293 4010 468 4079 ἡμεῖς
501 4008 613 4078 γὰρ
641 4010 700 4060 ἐν
724 4009 792 4078 τῇ
818 4008 929 4062 τῶν
968 4002 1431 4078 μαθητευομένων
1457 4002 1612 4067 τάξει
1633 4002 1904 4073 καθεστή-

1994 2881 2152 2942 ptum
2208 2881 2265 2928 et
2290 2873 2582 2944 imperium
2638 2874 2730 2931 cui
2779 2889 2891 2929 non
2952 2889 3076 2930 sum
3128 2873 3376 2930 ferendo.
3410 2874 3594 2931 Tuum

1994 2964 2142 3018 enim
2172 2972 2311 3031 erat,
2333 2975 2390 3021 et
2409 2981 2536 3022 vere
2565 2974 2745 3033 tuum,
2776 2974 2992 3037 tuaeque
3017 2973 3223 3021 sanctae
3259 2967 3429 3022 menti
3456 2981 3595 3024 con-

1994 3056 2328 3123 venientius,
2361 3071 2392 3111 a
2424 3058 2585 3114 nobis
2632 3057 2904 3128 imperitis
2953 3072 3252 3127 rerumque
3295 3066 3352 3113 et
3389 3058 3595 3114 verbo-

1994 3163 2117 3202 rum
2140 3148 2367 3205 rudibus
2384 3148 2688 3219 disciplinae
2708 3156 2763 3204 et
2780 3149 2903 3204 vita:
2927 3160 3194 3220 praecepta
3219 3149 3470 3220 ﬂagitare
3492 3148 3593 3222 (ε),

1997 3254 2218 3310 semper
2269 3241 2414 3296 enim
2455 3242 2573 3311 ipsa
2605 3242 2783 3297 virtus
2809 3249 2901 3297 tua
2935 3256 3033 3313 per
3065 3256 3223 3298 suam
3258 3243 3433 3314 ipsius
3457 3242 3599 3299 sub-

1998 3332 2322 3389 missionem
2350 3334 2638 3391 consuevit
2669 3336 2833 3392 nobis
2867 3335 3103 3391 formam
3153 3337 3381 3393 vivendi
3401 3352 3597 3393 exem-

1998 3425 2090 3496 plo
2121 3425 2243 3496 ipso
2271 3426 2649 3496 praescribere.
2703 3426 2820 3499 Ego
2854 3429 3128 3499 vero,jam
3159 3438 3215 3485 et
3257 3429 3390 3486 illud
3429 3430 3600 3500 proﬁ-

1999 3518 2178 3582 tebor,
2211 3533 2301 3575 me
2326 3519 2433 3573 nisi
2465 3527 2649 3576 metus
2684 3528 2739 3575 et
2772 3520 2964 3591 ingens
2993 3521 3319 3591 periculum,
3356 3537 3426 3577 ne
3463 3536 3599 3577 san-

1999 3616 2104 3664 οιαὶ
2133 3608 2480 3677 obedientiae,
2521 3611 2783 3667 virtutum
2825 3613 3073 3667 omnium
3109 3613 3356 3683 parentis
3400 3613 3598 3684 jugum

2006 3709 2061 3756 et
2094 3701 2386 3771 imperium
2442 3702 2760 3773 abjicerom,
2822 3704 3181 3769 coercuisset,
3214 3714 3324 3760 tam
3362 3715 3601 3761 temera-

2008 3795 2152 3850 rium
2180 3810 2464 3865 nunquam
2495 3793 2741 3852 futurum
2771 3794 2967 3864 fuisse,
2987 3805 3048 3853 ut
3063 3811 3227 3861 onus,
3247 3797 3394 3867 quod
3425 3797 3604 3867 impar

2008 3886 2257 3943 humeris
2309 3887 2458 3944 vires
2500 3902 2653 3944 meas
2710 3887 2946 3953 excedit,
3009 3888 3093 3943 vel
3122 3887 3483 3957 susciperem,
3514 3885 3606 3942 vel

2008 3986 2295 4034 tentarem.
2334 3977 2633 4049 Oportebat
2662 3980 2823 4051 .enim
2877 3980 3015 4047 haec,
3048 3978 3356 4034 venerande
3412 3977 3602 4045 Pater,

298 4070 526 4171 δέδιμεν.⁷
549 4070 689 4154 ’Ᾰλλ’
716 4070 903 4171 ἐπειδὴ
937 4070 1166 4154 τοῦτο-οἱ
1197 4070 1318 4150 καθ’
1347 4098 1495 4168 ἡμᾶς
1515 4095 1789 4167 θεοφόροι,
1815 4070 1910 4149 καὶ

2012 4073 2322 4145 oportebat,
2354 4072 2603 4144 inquam,
2651 4072 2769 4127 haec
2827 4070 2896 4125 ah
2947 4071 3039 4137 iis,
3066 4071 3164 4140 qui
3188 4070 3382 4124 harum
3412 4083 3603 4125 rerum

296 4193 403 4262 τῆς
430 4192 606 4257 ὅντως
630 4192 889 4261 γνώσεως
917 4191 1121 4262 μύσται
1146 4190 1392 4262 ὑπακοὴν
1416 4189 1692 4261 ὁρίζονται
1714 4190 1771 4241 ὲν
1793 4189 1906 4252 τοῖς

298 4286 446 4356 ὑπὲρ
472 4284 705 4355 δύναμιν
740 4284 1086 4348 άδιστάκτως
1125 4285 1237 4349 τοῖς
1286 4282 1687 4355 προστάττουσι
1716 4278 1905 4333 πείθε-

301 4379 453 4444 σθαι,
502 4378 612 4433 ἰδοὺ
639 4378 710 4430 τά
757 4377 881 4432 καθ’
924 4377 1151 4440 ἑαυτοὺς
1190 4375 1524 4447 περιιδόντες
1571 4371 1814 4435 εὐσεϐῶς
1847 4373 1906 4425 ἐν

298 4475 418 4536 τοῖς
448 4471 593 4542 ὑπὲρ
621 4472 849 4533 ἑαυτοὺς
877 4468 1154 4533 ταπεινῶς
1181 4467 1281 4539 τὴν
1318 4466 1636 4537 ἐγχείρησιν
1667 4464 1904 4536 πεποιή-

301 4579 518 4633 καμενο
544 4562 645 4633 οὐχ
672 4560 746 4625 ῶς
773 4561 827 4615 τί
866 4578 949 4615 σοι
976 4559 1371 4633 χρησιμεῢσον,
1407 4556 1441 4627 ἢ
1472 4555 1670 4629 δηλοῦν
1701 4557 1901 4622 ἐκεῖνο,

302 4657 448 4728 ὅπερ
476 4653 574 4708 καὶ
604 4654 669 4708 σὺ
712 4648 868 4708 οἶσθα
904 4653 1004 4724 οὐχ
1058 4647 1228 4726 ἧττον
1260 4648 1441 4723 ἡμῶν,
1469 4641 1516 4704 ὦ
1541 4647 1664 4721 ἱερά
1692 4647 1906 4720 κορυφὴ

2004 4166 2311 4238 perfectam
2338 4166 2709 4238 cognitionem
2734 4163 2961 4228 habent,
2993 4177 3330 4234 cognoscere
3366 4161 3468 4233 (ά).
3489 4160 3606 4220 Nos

2003 4256 2183 4312 adhuc
2237 4257 2379 4312 inter
2413 4255 2714 4325 discipulos
2770 4252 3115 4325 proﬁtemur.
3145 4254 3439 4309 Enimvero
3473 4267 3604 4309 cum

2003 4350 2181 4407 sancti
2205 4349 2397 4408 Patres
2425 4351 2597 4409 nostri
2624 4357 2678 4407 et
2710 4365 2899 4406 rerum
2934 4349 3250 4405 divinarum
3278 4346 3602 4419 cognitione

2004 4443 2179 4514 probe
2211 4443 2412 4499 initiati
2448 4453 2503 4499 et
2534 4442 2775 4501 celestis
2802 4441 3109 4513 disciplina:
3146 4440 3418 4496 antistites
3473 4440 3608 4497 obe-

2010 4536 2276 4591 dientiam
2308 4535 2592 4604 deliniant,
2621 4535 2952 4606 obsequium
2981 4531 3132 4604 quod
3161 4531 3619 4604 przecipientibus

2017 4627 2136 4683 sine
2172 4626 2524 4683 cunctatione
2578 4634 2889 4698 praestatur,
2932 4625 3189 4698 quamvis
3238 4624 3294 4681 id
3328 4624 3477 4696 quod
3500 4624 3609 4679 im-

1796 4810 2142 4873 SCIIOLIA.

380 4932 466 5001 (a)
511 4928 779 4985 Ἀπάθειά
794 4932 940 4983 ἐστιν
959 4932 993 5001 ἠ
1028 4928 1285 5001 ἀκινησία
1306 4925 1509 5001 ψυχῆς,
1531 4925 1667 5001 πρὸς
1686 4923 1907 4980 κακίαν.

321 4996 543 5062 ’Ᾰλζὶα
580 5001 742 5055 Ἴδιον
774 4996 1048 5063 ἀπαθείας
1082 4996 1356 5070 διάκρισίς
1379 4996 1632 5070 ἀληθινῆ-

388 5072 779 5143 Τταηᾳυὶίίὶέαε
814 5080 893 5125 est
938 5072 1140 5143 animat
1174 5065 1424 5143 immotus
1450 5065 1756 5143 ad__uitium
1794 5074 1911 5120 sta-

314 5155 421 5201 tus.
455 5137 638 5199 Aliud.
678 5140 967 5212 Proprium
999 5151 1078 5196 est
1120 5140 1279 5210 hujus
1325 5137 1740 5209 tranquillitatis
1790 5152 1913 5191 uera

312 5218 590 5271 discretio.

391 5287 468 5357 ιι»)
504 5285 728 5357 "tur/31:
762 5284 861 5357 μὲν
882 5281 1032 5357 εστ.ιῖ
1064 5280 1228 5357 ᾇάτῑδ
1262 5280 1496 5357 τῖλούῖοξι
1527 5277 1810 5357 nisi“)!
1830 5279 1911 5357 εἷς

314 5344 547 5418 ενδείαν,
598 5344 775 5425 «ivga
802 5354 860 5425 at
891 5357 920 5408 ὁ
968 5354 1029 5420 ἐξ
1069 5353 1247 5425 ἀρχῆς
1291 5354 1375 5425 ιν*
1402 5351 1579 5425 ἐνδείᾳ
1606 5346 1704 5425 ὢν.
1755 5348 1918 5425 ὀδε

315 5427 487 5482 Δαυῖδ
526 5418 742 5495 πτωχὸς
794 5420 935 5478 εἶναι
992 5418 1268 5495 δμολογεῖ,
1317 5422 1459 5492 τάχα
1491 5418 1590 5491 μὲν
1601 5422 1707 5495 *είς
1742 5418 1915 5495 πρόμσ-

316 5514 472 5554 ωπον
502 5496 597 5550 τοῦ
628 5489 831 5566 Κύρίου
883 5495 977 5549 καὶ
1005 5489 1182 5566 ’τοῦτο
1206 5489 1627 5566 λέγων’πτωχοῦ
1657 5489 1920 5566 ὀνομαζο-

322 5569 514 5636 μένου,
544 5567 685 5620 κατά
716 5559 777 5620 τὸ
795 5609 810 5631 ,
849 5565 1082 5636 cogar
1122 5559 1630 5636 ﬁpdqimdaxeuqe
1649 5559 1918 5636 _1t_).0t3_6t0€

318 5630 420 5693 ῶψ
436 5659 457 5690 ι
481 5630 715 5705 πένητος
736 5630 814 5702 δὲ,
835 5635 955 5689 καθ’
977 5635 1006 5688 ὃ
1025 5635 1086 5688 ού
1116 5630 1372 5705 πλουσίου
1392 5630 1559 5698 τινὸς,
1578 5630 1716 5685 ἀλλὰ
1737 5631 1922 5683 τέκτο-

321 5726 415 5768 νος
442 5708 564 5771 ἑνὸς
585 5704 729 5761 κατὰ
760 5708 939 5777 σάρκα
972 5704 1384 5777 ἐχρημάτησενμ.

394 5777 670 5837 Heudicus
711 5787 786 5833 est
818 5770 907 5849 qui
951 5770 1264 5846 efo'p'ibus'
1302 5775 1373 5829 ad
1405 5773 1641 5845 inopiam
1671 5770 1918 5827 reduetus

2016 4936 2094 4979 est
2132 4942 2145 4978 :
2182 4921 2415 4995 Pauper,
2446 4926 2539 4994 qui
2573 4924 2834 4995 principio
2883 4924 2937 4996 in
2986 4933 3214 4996 egestate
3255 4925 3358 4994 fuit
3439 4922 3615 4996 Dauid

2017 5005 2196 5049 autem
2215 5012 2271 5050 se
2303 4994 2601 5049 mendicum
2625 4996 2829 5065 fatetur
2867 4994 3099 5064 fortasse
3122 4996 3179 5049 in
3217 5010 3445 5066 persona
3498 4994 3611 5050 Do-

2018 5068 2152 5119 mini
2182 5066 2414 5131 locutus,
2452 5081 2608 5136 quem
2656 5066 2953 5120 mendicum
2990 5068 3180 5136 dixit,_
3202 5066 3343 5136 quod
3379 5079 3500 5117 cum
3533 5066 3615 5120 di-

2018 5152 2102 5191 ves
2131 5146 2267 5191 esset
2295 5133 2511 5206 propter
2540 5152 2633 5189 nos
2649 5137 2800 5205 inops
2822 5137 2994 5206 factus
3019 5139 3110 5190 sit.
3143 5133 3607 5206 Pduperempero,

2017 5206 2158 5276 quod
2181 5202 2471 5261 secundum
2501 5222 2716 5260 carnem
2740 5202 2853 5260 ἠοὶι
2882 5207 3062 5261 divitis
3084 5202 3336 5276 alicujus,
3361 5202 3452 5257 sed
3479 5221 3614 5276 past-

2017 5280 2158 5347 peris
2190 5279 2398 5344 opificis
2434 5277 2591 5330 unius
2618 5276 2762 5346 filius
2795 5278 2962 5347 rideri
2991 5278 3235 5331 voluerit.

2092 5348 2165 5421 (ε)
2194 5352 2331 5421 Tam
2368 5347 2841 5421 humilemiuisse
2865 5346 3130 5421 Joannem
3170 5347 3316 5421 hunc
3349 5346 3610 5421 abbatem

2018 5417 2172 5485 dicit,
2212 5419 2291 5473 uti
2316 5417 2736 5489 propriaipsius
2767 5417 2953 5485 fuerit,
2987 5418 3240 5489 quamvis
3265 5418 3511 5472 melioris
3541 5424 3601 5472 et

2016 5488 2325 5554 doctioris,
2362 5488 2433 5543 ab
2464 5488 2589 5543 aliis
2651 5499 2833 5543 tamen
2858 5488 3072 5543 vivendi
3109 5496 3375 5558 praecepta
3393 5497 3605 5558 petere,

2019 5575 2143 5615 cum
2182 5561 2298 5629 ipse
2336 5559 2592 5629 exemplo
2614 5559 2742 5613 vita:
2763 5574 2956 5613 omnes
2989 5560 3230 5613 doceret.

2094 5630 2170 5701 (ά)
2204 5628 2342 5685 Cum
2376 5631 2480 5701 hac
2515 5628 2749 5701 Climaci
2784 5636 2965 5683 mente
2984 5638 3192 5698 pugnat
3232 5629 3619 5699 interpretati.

2022 5700 2482 5766 Catnaldulcusis,
2517 5700 2612 5759 sed
2640 5701 2757 5756 haec
2787 5713 3048 5771 germana
3079 5710 3181 5760 est.
