4062 6426
441 380 547 444 6‘27
1739 394 2027 457 MATTHI

2130 401 2421 466 BADERI
3611 410 3726 475 628

440 504 663 568 peratur
693 498 834 555 ultra
865 502 1006 556 vires
1046 500 1137 569 sit,
1178 516 1304 558 ecce
1331 503 1452 568 tibi,
1506 507 1814 575 posthabita
1850 510 2024 581 impe-

2133 518 2466 589 (πέπεισμαι
2496 520 2607 593 γὰρ
2635 518 2735 576 οὐκ
2774 520 2951 591 ἔγωγε
2985 522 3164 593 μόνον,
3198 518 3352 595 οἶμαι
3391 524 3447 580 δέ
3492 526 3582 580 καὶ
3609 526 3726 580 τῶν

441 591 581 645 mia:
631 605 767 646 meae
822 594 1177 660 conscientia,
1231 595 1319 665 pie
1352 605 1531 653 tamen
1577 601 1741 656 etiam
1773 619 1896 670 qua:
1923 618 2026 659 no-

441 692 613 739 stram
648 684 1073 743 imbecillitatem
1118 700 1398 759 superant,
1457 706 1581 746 cum
1630 694 1897 750 modestia
1929 710 2025 766 age-

442 776 616 846 gressi
641 792 831 831 sumus
861 795 875 832 :
904 793 1010 834 non
1041 779 1187 848 quod
1217 781 1349 837 utile
1389 782 1486 837 tibi
1512 784 1642 854 quid
1670 799 1702 839 a
1731 800 1818 839 me
1842 785 2024 842 an‘erri

441 864 616 933 possit
651 875 743 922 aut
787 870 1069 938 explicari,
1127 872 1272 942 quod
1312 873 1449 943 ipse,
1480 876 1791 933 venerande
1837 884 2022 947 pater,

442 957 682 1027 ignores,
710 969 806 1015 aut
836 962 1017 1018 minus
1056 978 1222 1034 quam
1249 980 1351 1020 nos
1374 966 1645 1038 intelligas
1679 968 2024 1039 (persuasum

439 1048 583 1103 enim
608 1049 801 1116 habeo,
834 1066 935 1108 nec
965 1069 1110 1110 unus
1133 1071 1255 1125 ego,
1300 1059 1393 1113 sed
1422 1058 1579 1128 juxta
1630 1075 1845 1114 mecum
1897 1062 2024 1132 qui-

437 1138 523 1192 vis
551 1138 902 1196 cordatorum
963 1145 1162 1200 mentis
1218 1155 1324 1202 tuae
1356 1150 1527 1203 aciem
1588 1148 1658 1203 ab
1692 1151 1841 1205 omni
1865 1161 2026 1209 terra:

437 1229 813 1299 concretione,
866 1234 1158 1305 noctisque
1188 1247 1243 1293 et
1286 1239 1610 1309 ignorantia:
1631 1239 1903 1298 oﬁ‘usione
1935 1259 2022 1298 re-

436 1329 721 1391 purgatam
747 1324 867 1379 sine
901 1326 1014 1382 ullo
1041 1327 1429 1398 impedimento
1459 1331 1514 1387 in
1549 1333 1725 1389 lucem
1768 1335 2024 1391 divinita-

435 1411 509 1466 tis
539 1411 689 1482 t'erri,
714 1416 786 1470 ab
812 1432 985 1489 eaque
1036 1420 1354 1492 illustrari);
1382 1424 1473 1479 sed
1509 1425 1715 1481 veritus
1746 1441 1814 1481 ne
1844 1426 2021 1482 refra-

435 1502 646 1557 ctarius
668 1518 768 1573 per
793 1511 1220 1578 contumaciam,
1243 1512 1437 1569 salutis
1460 1512 1731 1583 jacturam
1760 1514 2020 1584 facerem,

436 1591 505 1647 ad
528 1594 1017 1664 obtemperantium
1047 1602 1319 1673 impulsus
1354 1614 1501 1662 metu
1534 1608 1698 1664 simul
1729 1620 1784 1666 et
1809 1612 2023 1668 deside-

364 1748 370 1753 .
434 1684 521 1740 rio
559 1686 754 1744 ductus
807 1690 874 1745 ad
930 1693 1363 1752 exhauriendum
1424 1709 1675 1756 sanctum
1730 1703 2019 1773 imperium

434 1784 592 1832 tuum
635 1784 943 1851 properavi,
1004 1797 1293 1859 promptus
1358 1791 1580 1861 quidem
1641 1795 1891 1866 obsequi,
1924 1797 2021 1853 sed

434 1867 660 1925 inutiles
694 1872 888 1941 Optimi
927 1877 1154 1933 artiﬁcis
1184 1888 1237 1933 et
1271 1880 1496 1950 pictoris
1523 1883 1847 1955 discipulus,
1870 1888 2018 1942 tenui
2053 1873 2096 1929 Β

434 1967 491 2014 et
536 1963 664 2016 exili
720 1975 927 2021 nostra:
990 1970 1233 2025 scientia:
1302 1972 1590 2042 penicillo,
1685 1976 2024 2047 simplicique

434 2055 692 2112 dictionis
717 2059 862 2125 stilo,
903 2075 997 2130 per
1023 2070 1390 2120 atramentum
1434 2067 1637 2134 solum,
1683 2068 2022 2141 singulisque

435 2145 597 2202 lineis
629 2149 846 2219 eloquia
880 2151 1003 2206 viva
1028 2153 1380 2226 animataque
1399 2157 1730 2213 adumbrare
1755 2160 2022 2218 duntaxat

435 2246 669 2293 conatus
692 2254 837 2296 sum.
877 2239 1149 2298 Caeterum
1178 2253 1333 2300 tuum
1373 2248 1498 2312 erit,
1529 2249 1606 2303 uti
1634 2252 2020 2320 magistrorum

434 2326 677 2385 doctoris
711 2338 763 2384 et
787 2332 1059 2401 praesidis,
1095 2337 1239 2405 quod
1270 2337 1650 2408 imperfectum
1682 2349 1789 2406 est,
1816 2344 2019 2397 colori-

433 2416 539 2472 bus
555 2432 777 2486 ornare,
813 2429 867 2475 et
887 2422 1164 2478 illustrare
1216 2426 1534 2496 omissaque
1561 2427 1741 2498 legum
1772 2436 1825 2483 et
1862 2429 2022 2483 tabu-

433 2508 610 2564 larum
659 2523 930 2584 praecepta
973 2516 1271 2587 complere.
1332 2518 1569 2576 Proinde
1596 2521 1742 2577 hunc
1779 2521 2021 2577 laborem

431 2616 618 2657 meum
663 2619 773 2659 non
826 2607 949 2662 misi
996 2608 1062 2663 ad
1095 2619 1147 2664 te
1177 2608 1508 2677 docendum,
1546 2611 1691 2668 absit
1717 2613 1825 2669 hoc
1852 2628 1883 2669 a
1909 2629 2018 2678 me,

431 2704 693 2751 extremae
752 2697 1045 2754 dementiae
1099 2711 1511 2770 argumentum,
1556 2703 1733 2774 (potes
1787 2705 1933 2761 enim
1966 2707 2021 2761 in

433 2784 674 2844 Domino
729 2791 1063 2858 optimorum
1102 2793 1310 2863 optime
1366 2795 1681 2863 doctorum,
1727 2812 1836 2853 non
1884 2797 2021 2855 alios

436 2887 671 2947 tantum,
710 2883 805 2938 sed
835 2898 938 2940 nos
978 2884 1128 2956 ipsos
1154 2886 1473 2944 coelestibus
1498 2889 1744 2946 moribus
1769 2899 1825 2945 et
1860 2889 2023 2948 disci-

435 2971 602 3039 pliuis
645 2972 967 3046 informare)
1031 2975 1130 3032 sed
1168 2977 1237 3032 ad
1291 2986 1543 3035 nostrum
1575 2981 1669 3052 qui
1702 2992 1886 3039 tecum
1938 2992 2022 3040 est

431 3070 636 3117 cretum
669 3063 1088 3135 discipulorum,
1118 3069 1190 3123 ab
1213 3066 1324 3124 Deo
1358 3071 1425 3124 ad
1459 3071 1788 3143 religionem
1814 3075 2019 3130 electo-

2130 608 2541 683 ebtppovoﬁwwv
2566 613 2816 678 ἕκαστος,
2860 613 3190 685 καθαρεύειν
3221 632 3316 668 σου
3352 615 3444 671 τὸν
3472 617 3572 688 τῆς
3602 617 3728 671 δια-

2128 699 2278 766 νοίας
2306 700 2584 774 ὀφθαλμὸν
2622 704 2730 759 ἀπὸ
2770 705 2951 776 πάσης
2989 703 3251 773 γεώδους,
3286 705 3382 758 καὶ⁵
3432 708 3726 776 σκοτεινῆς

2125 790 2237 844 τῶν
2286 791 2580 846 σκοτεινῶν
2627 792 2952 863 ἐπιχύσεως,
3000 794 3095 847 καὶ
3139 793 3601 865 ἀπαραποδίστως
3639 792 3724 865 τῷ

2128 881 2258 954 θείῳ
2298 883 2438 954 φωτὶ
2481 884 2793 941 ἐπιϐάλλειν
2830 902 2913 950 τε,
2967 885 3062 939 καὶ
3104 885 3192 938 ὐπ’
3225 882 3392 939 αὐτοῦ
3429 886 3714 953 καταυγά-

2126 975 2361 1048 ζεσθαι)’
2394 976 2530 1032 ἀλλὰ
2561 977 2652 1032 τὸν
2681 981 2744 1032 ἐκ
2763 979 2861 1050 τῆς
2886 978 3172 1049 παρακοῆς
3199 977 3431 1031 θάνατον
3459 976 3717 1047 ἐκδειμα-

2126 1066 2409 1137 τούμενος,
2455 1068 2551 1122 καὶ
2595 1070 2688 1122 ὑπ’
2723 1069 2889 1123 αὐτοῦ
2950 1065 3140 1139 ῶσπερ
3174 1069 3253 1132 εἱς
3298 1066 3546 1137 ὑπακοὴν
3591 1083 3720 1120 συνο

2125 1159 2456 1231 ωθούμενος,
2489 1161 2625 1233 πρὸς
2670 1164 2771 1231 τὴν
2818 1160 3074 1215 πανόσιόν
3114 1176 3208 1213 σου
3256 1159 3506 1212 κέλευσιν
3554 1158 3716 1229 φόϐῳ

2125 1251 2221 1305 καὶ¹
2245 1251 2396 1323 πόθῳ
2432 1252 2687 1324 ἐλήλυθα,
2719 1251 2795 1317 ὡς
2840 1251 3142 1324 εὐγνώμων
3173 1252 3415 1321 ὑπήκοος
3452 1250 3547 1304 καὶ
3585 1252 3721 1315 παῖς

2124 1346 2343 1415 ἀχρεῖος
2374 1342 2668 1415 ζωγράφου
2703 1345 2960 1416 ἀρίστου,
3005 1347 3072 1416 τῇ
3114 1344 3214 1415 μὲν
3254 1343 3384 1414 ψιλῇ
3430 1342 3589 1413 ήμῶν
3620 1342 3720 1395 καὶ

2125 1438 2355 1509 ἐξιτήλῳ
2388 1437 2587 1507 γνώσει
2613 1439 2706 1491 καὶ
2727 1439 2793 1508 τῇ
2830 1436 3145 1507 ἱσχνοφώνῳ
3206 1435 3458 1506 προφορᾷ
3493 1434 3582 1486 διά
3613 1433 3715 1502 μέ-

2123 1530 2282 1594 λανος
2307 1530 2470 1600 μόνου
2496 1529 2783 1600 μονοειδῶς
2830 1530 2900 1583 τά
2931 1527 3109 1593 ζῶντα
3155 1524 3568 1598 ἐσκιακὸτεςία)
3614 1525 3716 1596 μό-

2124 1640 2214 1677 νον
2237 1622 2417 1691 λόγια.
2464 1622 2556 1675 Σοὶ
2583 1621 2641 1675 δέ
2675 1621 2886 1685 λοιπὸν,
2924 1614 2969 1674 ὦ
3008 1618 3346 1674 διδασκάλων
3385 1617 3583 1688 ἐξαρχε
3613 1617 3716 1672 καὶ

2122 1712 2416 1784 ταξιάρχα,
2440 1710 2845 1775 κατελελοιπὼς
2875 1709 3162 1783 [καταλελο
3175 1709 3317 1778 ιπὸς]
3336 1706 3713 1762 ἐπικαλλωπί-

2125 1823 2214 1860 σαι
2247 1806 2340 1860 καὶ
2381 1803 2679 1875 τρανῶσαι,
2721 1803 2816 1857 καὶ
2847 1801 2915 1856 τά
2954 1800 3288 1866 ἐλλείποντα,
3324 1799 3401 1864 ὡς
3444 1801 3710 1871 πληρωθῇ

2124 1898 2350 1953 πλακῶν
2380 1896 2475 1951 καὶ
2490 1897 2658 1967 νόμου
2686 1894 3063 1965 πνευματικοῦ
3087 1891 3300 1965 ἀναπλη
3311 1891 3505 1965 ρῶσαι.
3529 1893 3602 1946 Οὐ
3627 1892 3715 1945 σοὶ

2122 1991 2200 2058 δέ,
2235 1990 2344 2044 οὐδ’
2375 1989 2545 2061 αὐτὴν
2577 1987 2733 2060 ἡμῶν
2768 1987 2867 2059 τὴν
2899 1987 3215 2058 ἐγχείρησιν
3254 1984 3544 2038 ἐπέστειλα
3578 1983 3713 2046 (άπ-

2122 2082 2260 2152 αγεί
2289 2081 2449 2135 τοῦτο
2476 2079 2585 2152 γὰρ
2615 2079 2852 2150 ἐσχάτης
2877 2077 3133 2145 εὐηθείας
3162 2076 3229 2130 ἂν
3250 2075 3336 2145 εἴη
3378 2076 3711 2147 τεκμήριονο

2126 2177 2331 2238 ἱκανοῖς
2358 2174 2472 2245 γάρ
2503 2175 2561 2226 ἐν
2588 2172 2803 2243 Κυρίῳ,
2837 2172 2940 2241 οὐχ
2975 2170 3198 2241 ἐτέρους
3232 2169 3413 2238 μόνον,
3440 2167 3576 2221 ἀλλά
3612 2166 3714 2219 καὶ

2122 2266 2272 2335 ἡμᾶς
2301 2264 2497 2327 αὐτοὺς
2530 2265 2587 2316 ἐν
2633 2265 2748 2326 τοῖς
2794 2261 2961 2323 θείοις
3001 2258 3270 2333 ἐμπεδοῦν
3318 2257 3475 2329 ήθεσί
3513 2273 3574 2310 τε
3614 2256 3713 2310 καὶ

2123 2354 2491 2426 διδάγμασιν),
2521 2353 2659 2407 ἀλλά
2690 2355 2757 2424 τῇ
2791 2354 2887 2407 σὺν
2929 2354 3064 2423 ἡμῖν
3108 2350 3261 2421 παρά
3306 2351 3410 2414 σοὶ,
3440 2342 3486 2402 ὦ
3513 2347 3710 2418 κρατί-

2126 2465 2267 2501 στων
2289 2445 2625 2500 διδασκάλων
2645 2445 2905 2516 κράτιστε
2925 2483 2940 2508 ,
2980 2441 3397 2515 μαθητευομένῃ
3431 2439 3711 2511 θεοκλήτῳ

2125 2536 2366 2608 συνοδίᾳ,
2400 2532 2470 2609 ἦς
2498 2537 2592 2590 καὶ
2622 2536 2715 2589 σοῦ
2753 2535 2811 2590 δὲ
2836 2537 2956 2599 ταῖς
3003 2536 3208 2604 εὐχαῖς,
3261 2532 3452 2604 ὥσπερ
3492 2532 3712 2602 νοεραῖς

2123 2647 2263 2683 τισιν
2289 2628 2471 2682 ἐλπίσι
2500 2628 2603 2699 τῆς
2640 2628 2913 2701 άμαθείας
2957 2626 3371 2696 κουφιζόμενος,
3400 2625 3462 2678 τὺ
3492 2622 3586 2678 τοῦ
3617 2640 3714 2677 κα-

2124 2721 2298 2791 λάμου
2329 2721 2495 2774 ἱστίον
2544 2719 2857 2783 τετανυκὼς
2878 2761 2893 2785 ,
2928 2718 3004 2791 τῷ
3033 2718 3185 2789 καλῷ
3219 2717 3374 2789 ὑμῶν
3406 2715 3714 2787 συγκυϐερ-

2124 2813 2262 2885 νήτῃ
2288 2811 2380 2867 τὸν
2405 2812 2499 2867 τοῦ
2531 2812 2801 2885 ἡμετέρου
2828 2811 2988 2881 λόγου
3023 2812 3184 2865 οτακα
3224 2809 3363 2882 μετὰ
3392 2812 3583 2880 χεῖρας
3619 2808 3698 2862 6s-

2123 2903 2336 2971 δωκὼς,
2368 2905 2465 2959 σὺν
2498 2904 2678 2975 ἱκεσίᾳ
2717 2903 2868 2974 πάσῃ
2908 2902 3098 2956 τούτου
3131 2901 3266 2972 πρὸς
3307 2900 3507 2960 αὐτοὺς
3537 2897 3612 2969 (θ)
3642 2897 3713 2952 δι’

2124 2987 2279 3058 ὑμῶν
2314 2988 2647 3059 ἀπέρχομαι,
2691 2984 2860 3040 αἰτῶν
2893 2986 3022 3048 τοὺς
3065 2983 3502 3054 ἐντυγχάνοντας
3531 2982 3713 3036 ἃπαν-

2121 3097 2242 3145 τας,
2270 3080 2323 3133 εἴ
2350 3078 2435 3142 τίς
2458 3097 2513 3133 τι
2544 3081 2600 3133 ἐν
2638 3078 2814 3149 τούτῳ
2856 3076 3178 3149 ὀνησιφόρον
3215 3075 3489 3138 θεάσοιτο,
3516 3072 3713 3127 τούτου

431 3171 579 3220 rum,
600 3172 833 3227 quorum
851 3159 1009 3230 juxta
1039 3176 1104 3216 ac
1132 3162 1243 3217 tuis
1270 3163 1441 3229 ipsius
1471 3167 1728 3234 precibus
1758 3177 2019 3238 tanquam

435 3261 530 3270 η,
561 3249 790 3270 ψηλη,
1334 3255 1347 3267 .
1641 3258 1654 3270 .
1771 3269 1774 3270 ν
1907 3262 1920 3270 .

2126 3171 2214 3226 τὸν
2247 3173 2457 3242 καρπὸν
2477 3169 2555 3240 τῷ
2574 3170 2782 3241 ἀρίστῳ
2802 3168 2959 3240 ἡμῶν
2978 3168 3269 3241 ἐπιστάτῃ.
3293 3167 3369 3230 ὡς
3385 3164 3711 3235 εὐγνώμων,

433 3261 532 3316 spe
557 3249 793 3320 quadam
833 3251 1127 3322 spirituali,
1153 3270 1276 3325 quae
1333 3255 1608 3312 inscitiam
1641 3258 1803 3326 levet,
1838 3262 2020 3316 velum

2126 3263 2415 3331 λογίσαιτο.
2450 3265 2561 3317 Καὶ
2583 3263 2675 3316 τὸν
2696 3262 2800 3331 τῆς
2828 3263 3220 3334 ἐγχειρήσεως,
3252 3260 3346 3314 καί
3371 3256 3714 3330 μόνηςδοθῆ-

431 3340 631 3394 calamt
676 3345 929 3412 expandi,
962 3353 1016 3400 et
1073 3346 1331 3403 dictionis
1362 3358 1564 3404 nostra:
1591 3350 2020 3421 gubernaculum

2126 3372 2212 3409 ναι
2243 3354 2396 3425 παρά
2426 3354 2565 3409 Θεοῦ
2595 3353 2928 3426 ἐξαιτήσοιτο
2966 3354 3066 3423 τὴν
3096 3350 3424 3422 ἀντάμειψιν
3448 3367 3462 3380 ο
3505 3350 3570 3404 οὐ
3602 3349 3719 3413 τοῖς

428 3433 695 3502 praeclaro
742 3444 924 3491 vestro
953 3439 1311 3508 gubernatori
1356 3440 1676 3515 [navarcbo]
1726 3446 1780 3498 in
1830 3459 2027 3500 manus

2126 3446 2445 3516 λεγομένοις
2486 3445 2810 3511 ἐνατενίζων
2839 3444 3054 3516 (εὐτελῆ
3085 3444 3194 3516 γὰρ
3224 3442 3464 3515 ἀληθῶς,
3490 3443 3587 3496 καὶ
3615 3441 3715 3496 πά·

432 3524 656 3592 tradidi,
696 3526 857 3596 cujus
906 3529 1061 3599 juxta
1096 3546 1160 3587 ac
1189 3547 1434 3589 vestrum
1460 3535 1706 3589 omnium
1740 3537 2018 3605 appretia-

2129 3555 2227 3611 σης
2261 3538 2540 3607 ἀγνωσίας
2578 3537 2870 3607 ἀνάπλεα),
2916 3536 3051 3592 ἀλλά
3079 3537 3179 3606 τὴν
3215 3536 3311 3590 τοῦ
3345 3535 3717 3606 προσάγοντος

430 3615 676 3673 tionibus
710 3618 775 3672 ad
811 3634 947 3689 opus
974 3623 1197 3687 accedo,
1232 3623 1495 3680 lectorem
1522 3634 1799 3696 precatus,
1827 3627 1871 3681 si
1899 3628 2023 3699 quis

2129 3630 2526 3701 ἀποδεχόμενος
2574 3630 2862 3701 Κυριακὴν
2907 3629 3167 3701 πρόθεσιν
3195 3643 3209 3659 ·
3260 3627 3322 3681 οὐ
3363 3629 3472 3698 γὰρ
3515 3624 3714 3696 πλήθει

433 3710 566 3778 quid
616 3711 673 3765 in
724 3714 829 3767 hoc
878 3714 1008 3769 utile
1050 3715 1519 3782 animadverterit,
1559 3715 1799 3772 fructum
1851 3718 2018 3789 hujus

2130 3721 2318 3794 δώρων
2349 3722 2443 3775 καὶ
2467 3721 2752 3792 καμάτων,
2801 3719 2937 3776 ἀλλά
2973 3719 3169 3791 πλήθει
3192 3718 3505 3791 προθέσεως
3532 3717 3562 3769 ὁ
3580 3714 3715 3779 Θεὸς

432 3806 639 3876 optimo
661 3806 878 3878 prasidi
903 3816 1094 3862 nostro
1124 3822 1230 3862 non
1266 3808 1512 3881 ingratus
1531 3809 1767 3866 ascribat
1805 3828 1819 3865 :
1860 3810 2021 3868 nobis

2126 3813 2255 3878 τοὺς
2288 3814 2514 3885 μισθοὺς
2542 3812 2854 3870 ἀποδίδωσι.

428 3917 565 3958 vero
612 3902 784 3958 solius
836 3906 1091 3966 conatus,
1132 3909 1187 3954 et
1235 3899 1446 3955 laboris
1481 3901 1769 3972 prremium
1832 3900 1903 3957 ab
1962 3903 2071 3960 Deo
2106 3904 2424 3959 enixissime
2480 3904 2760 3975 deposcat,
2799 3918 2907 3957 non
2966 3904 3209 3959 intentus
3263 3902 3425 3957 dictis
3484 3897 3722 3961 nostris,

430 4002 563 4048 sunt
614 3993 764 4048 enim
817 3992 974 4047 rudia
1036 3999 1093 4047 et
1131 3992 1455 4062 ignorantiae
1483 3992 1666 4062 plena,
1704 3996 1799 4051 sed
1826 4003 2065 4054 attentus
2086 3998 2152 4054 ad
2174 4008 2486 4069 promptum
2507 3999 2711 4054 laboris
2732 4013 2829 4069 pro
2871 3997 3092 4052 Christo
3111 3996 3378 4053 subeundi
3405 3994 3649 4049 animum
3692 4011 3710 4048 :

430 4086 617 4154 neque
667 4082 813 4141 enim
850 4084 992 4139 Deus
1040 4099 1332 4140 munerum
1381 4087 1596 4157 copiam
1655 4098 1749 4143 aut
1803 4089 2051 4146 laborum
2093 4093 2524 4165 magnitudinem
2580 4102 2810 4165 spectat,
2863 4093 2960 4150 sed
3002 4094 3239 4148 alacrem
3298 4100 3353 4146 et
3394 4091 3463 4146 ad
3528 4089 3715 4145 omnia

431 4189 680 4250 paratum
749 4177 1043 4234 voluntatis
1094 4185 1351 4232 conatum
1382 4179 1602 4248 copiose
1665 4191 2063 4239 remuneratur.

909 4290 1546 4353 PREFATIUNCULA.

2669 4297 3030 4353 ΠΡΟΛΟΓΟΣ
3061 4298 3155 4371 (ο).

502 4409 830 4482 Quicunque
866 4416 1164 4483 properant
1226 4406 1305 4461 uti
1347 4418 1449 4460 sua
1481 4408 1707 4465 nomina
1737 4408 1792 4465 in
1821 4406 2023 4468 librum

2201 4412 2327 4478 Τοῖς
2369 4413 2429 4467 ἐν
2474 4414 2543 4484 τῇ
2581 4412 2748 4484 βίϐλῳ
2789 4412 2887 4485 τῆς
2917 4413 3063 4485 ζωῆς
3091 4413 3150 4468 ἐν
3183 4412 3434 4485 οὐρανοῖς
3471 4413 3703 4481 ἀπογρα-

432 4503 563 4559 vitae
596 4502 925 4568 referantur,
968 4504 1057 4558 his
1099 4501 1360 4573 Optimam
1405 4502 1666 4558 currendi
1695 4503 1840 4560 viam
1870 4504 2027 4561 volu-

2131 4504 2300 4577 φῆναι
2324 4505 2393 4560 τὰ
2423 4505 2631 4560 ἑαυτῶν
2663 4506 2903 4576 ὀνόματα
2941 4506 3228 4578 τρέχουσιν
3248 4502 3477 4576 ἀρίστην
3509 4501 3715 4573 δρόμου

439 4610 569 4651 men
605 4596 709 4650 hoc
737 4593 1011 4651 ostendit:
1038 4598 1183 4666 quod
1214 4595 1307 4651 ubi
1329 4595 1711 4663 evolverimus,
1735 4595 2027 4668 deprehen-

2130 4596 2248 4652 ὁδὸν
2296 4599 2329 4669 ἡ
2375 4596 2630 4670 παροῦσα
2678 4597 2858 4668 βίϐλος
2899 4598 3277 4653 ὑποδεικνύειν
3317 4595 3564 4665 πέφυκεν
3593 4609 3607 4623 ⁸
3657 4593 3717 4647 ἐν

441 4692 636 4746 demus
665 4691 722 4745 in
753 4705 820 4746 eo
886 4689 1177 4753 rationem,
1231 4706 1354 4760 qua:
1374 4690 1531 4760 quasi
1556 4705 1721 4745 manu
1744 4690 1910 4746 ducat
1943 4690 2027 4743 in-

2135 4690 2274 4761 αὐτῇ
2334 4687 2444 4762 γὰρ
2504 4688 2834 4757 διεξιόντες,
2902 4692 3211 4764 εὑρήσομεν
3269 4684 3717 4760 χειραγωγοῦσαν

441 4792 756 4853 sequentes,
790 4782 1053 4853 omnique
1092 4782 1256 4837 modo
1304 4783 1611 4853 provideat,
1645 4790 1706 4838 ut
1737 4782 1889 4838 illaesi
1916 4781 2038 4837 uul-

436 4874 555 4929 lum
584 4873 652 4929 ad
698 4890 890 4929 saxum
939 4872 1198 4939 offendat,
1231 4875 1449 4944 quando
1496 4874 1655 4930 nobis
1696 4878 1897 4930 scalam
1937 4874 2034 4928 ﬁr-

440 4967 746 5022 missimam
768 4965 949 5035 erigit,
970 4981 1076 5036 qua
1095 4965 1165 5021 ab
1214 4967 1451 5021 terrenis
1481 4966 1547 5020 ad
1578 4966 1821 5021 caelestia
1842 4964 2028 5020 enita-

441 5075 587 5125 mur,
621 5059 906 5128 Deumque
953 5059 1114 5115 nobis
1157 5058 1321 5126 capiti
1350 5057 1498 5115 illius
1523 5059 1772 5114 innixum
1800 5057 2031 5113 demon-

438 5162 579 5208 stret
603 5193 619 5217 ,
652 5167 842 5222 quam,
873 5158 1017 5218 reor,
1063 5153 1265 5206 scalam
1304 5148 1473 5205 Jacob
1512 5151 1623 5219 ille,
1661 5151 1905 5205 omnium
1937 5164 2034 5205 cu-

441 5240 729 5311 piditatqu
749 5254 970 5295 eversor
988 5242 1458 5312 etsupplantator,
1486 5241 1543 5295 in
1572 5240 1843 5311 religiosae
1874 5256 2033 5296 exer-

440 5333 726 5389 citationis
758 5333 962 5387 lectulo
993 5335 1345 5404 requiescens
1369 5332 1525 5386 vidit.
1558 5330 1672 5402 Age
1698 5345 1831 5401 ergo
1858 5339 1912 5385 et
1931 5344 2034 5385 nos

443 5428 676 5498 impigre
731 5427 1069 5497 ﬁdenterque
1140 5426 1308 5482 hosce
1371 5423 1437 5479 ad
1515 5425 1683 5478 vitam
1744 5422 2027 5477 caelestem

2137 5444 2237 5499 της
2277 5427 2373 5481 καὶ
2403 5427 2804 5500 οὐρανοδρόμου
2846 5430 3037 5484 ἀνόδου
3062 5447 3075 5461 ·
3130 5425 3198 5505 ἦς
3232 5431 3267 5501 ἡ
3301 5428 3493 5502 πρώτη
3522 5425 3720 5501 βαθμίο

445 5523 707 5577 dueeutes
755 5521 1127 5591 docentesque
1197 5519 1359 5575 scalae
1435 5516 1619 5572 radios
1692 5513 2028 5570 conscenda-

445 5624 591 5677 mus,
628 5627 862 5681 quorum
890 5613 1102 5683 primus
1129 5614 1274 5667 viam
1301 5611 1600 5667 loculenter
1631 5608 1841 5683 pandit.

520 5723 598 5790 (α)
629 5726 868 5792 σκιάζω,
886 5726 1179 5785 adumhro.

521 5793 597 5863 (ὁ)
630 5793 891 5866 βαθμοὺς,
929 5798 998 5853 ad
1020 5798 1158 5866 ipso:
1187 5794 1421 5869 gradus-

2133 4779 2393 4844 ἀπλανῶς
2436 4781 2562 4846 τοὺς
2591 4782 2913 4853 ἑπομένους,
2951 4783 3044 4838 καὶ
3078 4781 3281 4846 παντὸς
3313 4776 3577 4853 [πάντως]
3611 4778 3721 4832 ἀπδ

2137 4876 2342 4945 γηΐνων
2388 4873 2483 4927 ἐπὶ
2525 4874 2594 4927 τά
2645 4872 2776 4940 ἆγια
2818 4875 3225 4946 ἐστηριγμένην
3282 4870 3716 4944 προϐάλλουσαν,

2136 4967 2349 5023 καὶτὸν
2391 4965 2526 5021 Θεὸν
2562 4967 2650 5020 ἐπ’
2683 4967 2855 5039 αὐτῆς
2894 4968 3293 5040 ἐστηριγμένον
3333 4965 3435 5036 τῆς
3470 4963 3714 5034 κορυφῆς

2132 5059 2576 5130 ἐμφανίζουσαν
2622 5060 2820 5131 ἥνπερ,
2872 5056 3027 5132 οἶμαί
3070 5078 3195 5129 που,
3245 5060 3494 5134 κλιμακα
3544 5057 3640 5112 καὶ
3687 5058 3718 5111 ὁ

2135 5149 2467 5223 πτερνιστὴς
2493 5149 2603 5204 τῶν
2632 5150 2822 5206 παθῶν
2868 5151 3064 5206 Ἰακὼϐ
3093 5154 3151 5206 ἐν
3175 5155 3243 5225 τῇ
3283 5153 3561 5223 ἀσκητικῇ
3586 5149 3716 5220 εὐνῇ

2132 5242 2553 5313 ἀναπαυόμενος
2593 5241 2865 5300 τεθέαται.
2920 5245 3060 5299 Ἀλλ’
3110 5245 3391 5317 ὲπιϐῶμεν
3420 5242 3720 5316 προθύμως

2133 5336 2231 5391 καὶ
2264 5335 2494 5403 πιστῶς,
2526 5337 2833 5408 παρακαλῶ
2856 5378 2871 5401 ,
2902 5338 2995 5393 καί
3040 5339 3201 5409 ήμείς
3232 5339 3331 5410 τῆς
3366 5338 3559 5410 νοερᾶς
3587 5332 3720 5390 ταύ-

2136 5517 2242 5573 δων
2270 5517 2513 5573 διδάσκει
2546 5514 2605 5572 εὖ
2638 5518 2785 5591 μάλα
2819 5518 3028 5590 σαφῶς.

2214 5729 2285 5803 (ρ)
2310 5727 2428 5789 Non
2444 5740 2525 5788 est
2563 5727 2814 5787 Climaci.
