4062 6470
470 408 3682 460 W

1253 598 1477 685 ΤΟΥ
1515 597 1658 683 ΕΝ
1697 593 2062 680 ΑΓΙΟΙΣ
2101 590 2534 680 ΠΑΤΡΟΣ
2565 593 2893 683 ΗΜΩΝ

1202 932 1209 941 -
1362 800 2794 1012 ΙΟΑΝΝΟΥ

1711 1123 2433 1266 ΚΛΙΜΑΞ.

664 1576 883 1759 S.
948 1583 1146 1758 P.
1288 1580 1488 1788 N.
1587 1573 2106 1759 JOAlV

2168 1580 2508 1758 NIS
2616 1573 3509 1759 CLIMACI

1460 1917 1907 2078 SCALA
1985 1917 2702 2036 PARADISI.

1010 2323 1053 2392 ι
1094 2318 1487 2377 Ριιοιοουε

674 2437 822 2491 Libri
856 2439 943 2492 cui
975 2436 1163 2491 titulus
1206 2435 1427 2492 Tabula:
1459 2435 1791 2505 spirituales.

428 2539 436 2549 ’
525 2548 682 2603 Liber
715 2551 973 2604 asceticus
1006 2547 1237 2603 Joannis
1283 2546 1490 2602 abbatis
1525 2549 1768 2617 praesidis
1809 2548 2039 2603 cwnobi-

453 2650 631 2697 tarum
657 2642 714 2696 in
742 2650 918 2696 monte
948 2639 1107 2703 Sina,
1141 2656 1294 2711 quem
1325 2641 1397 2694 ad
1423 2640 1686 2696 Joannem
1724 2640 1963 2695 abbatem
1989 2648 2041 2694 et

449 2732 764 2804 pra'fectum
809 2733 1120 2788 monasterii
1176 2732 1375 2787 Rhaitu
1423 2734 1597 2795 misit,
1637 2732 1702 2787 ab
1746 2731 1928 2789 eodem
1968 2731 2040 2786 ad

452 2826 790 2881 scribendum
823 2825 1102 2880 incitatus.

943 2956 1228 3014 GRADUS
1265 2956 1530 3012 PRIMUS

788 3076 868 3131 De
900 3076 1237 3130 abdicatione
1268 3076 1395 3131 vita:
1420 3075 1706 3130 sa'cularis.

525 3190 607 3246 Ex
628 3189 885 3247 omnibus
908 3188 1235 3244 mortalibus
1250 3188 1407 3258 juxta
1427 3196 1593 3257 atque
1615 3188 2041 3256 immortalibus,

454 3294 598 3353 quos
643 3282 945 3352 imperator
972 3289 1161 3336 noster
1190 3280 1337 3336 Deus
1381 3282 1447 3335 Ο.
1478 3280 1551 3335 Μ.
1602 3279 1736 3352 (par
1765 3288 1849 3336 est
1893 3282 2043 3337 enim

455 3384 520 3435 ut
572 3376 639 3431 ad
692 3373 789 3429 Dei
834 3373 1069 3429 famulos
1103 3373 1365 3444 scripturi
1416 3388 1449 3429 a
1498 3373 1611 3429 Deo
1645 3387 1864 3429 summo
1897 3373 2043 3429 bono

456 3467 750 3523 exordium
780 3464 1070 3536 ducamus)
1111 3465 1387 3532 condidit,
1436 3474 1492 3520 et
1534 3465 1749 3520 ratione
1783 3466 2045 3535 praeditos

457 3555 648 3611 liberae
678 3555 986 3611 voluntatis
1015 3556 1225 3610 honore
1266 3553 1467 3620 affecit,
1510 3554 1603 3608 alii
1646 3554 1868 3624 quidem
1914 3564 2046 3611 sunt

2072 2329 2118 2386 Δ

2735 2320 2922 2373 ΙΠὊΔ
2932 2319 3119 2373 ΟΓΟΣ

2145 2433 2256 2488 Τοῦ
2280 2433 2493 2504 λόγου,
2537 2428 2611 2489 οὗ
2653 2432 2984 2502 ἐπωνυμία,
3038 2431 3279 2500 Πλὰκες
3308 2431 3737 2503 πνευματικοί.

2214 2547 2408 2617 Λόγος
2440 2548 2769 2618 ἁσκητικὸς
2798 2549 2905 2604 τοῦ
2932 2547 3083 2605 ἁϐϐἄ
3106 2549 3392 2605 Ἰωάννου
3418 2546 3524 2602 τοῦ
3550 2549 3733 2617 ἡγου-

2134 2638 2326 2708 μένου
2354 2637 2474 2692 τῶν
2495 2639 2567 2692 ἐν
2593 2637 2672 2705 τῷ
2698 2638 2845 2709 Σινᾷ
2882 2640 3003 2710 ὄρει
3024 2640 3331 2712 μοναχῶν,
3374 2640 3447 2695 ὃν
3489 2641 3588 2694 καί
3630 2640 3736 2692 ἐπ-

2138 2728 2378 2784 έστειλε
2397 2729 2476 2795 τῷ
2487 2731 2637 2800 ἁὸὄᾷ
2652 2731 2894 2800 Ἰωάννῃ
2911 2731 2992 2798 τῷ
3008 2731 3323 2802 ἡγουμένῳ
3343 2730 3455 2803 τῆς
3467 2729 3735 2798 Ῥατθοῦ,

2142 2823 2505 2892 προτραπεὶς
2548 2826 2684 2894 παρ’
2727 2825 2917 2880 αὐτοῦ
2960 2824 3279 2892 συντάξαι.

2664 2957 2882 3012 ΛΟΓΟΣ
2919 2957 3212 3012 ΠΡΩΤΟΣ.

2543 3072 2681 3141 Περὶ
2723 3071 2798 3141 (1)
2830 3071 3141 3143 ἀποτατῆς
3176 3072 3343 3138 βίου.

2216 3192 2325 3247 Τοῦ
2354 3187 2559 3260 ἀγαθοῦ
2586 3187 2682 3243 καὶ
2710 3186 3062 3259 ὑπεραγάθου
3093 3186 3189 3240 καὶ
3220 3185 3541 3255 παναγάθου
3574 3185 3737 3257 ἡμῶν

2144 3282 2306 3350 Θεοῦ,
2337 3282 2435 3337 καὶ
2475 3279 2742 3353 βασιλέως
2775 3277 2963 3349 (καλὸν
3009 3278 3121 3349 γὰρ
3160 3281 3226 3332 ὲκ
3274 3278 3413 3333 Θεοῦ
3442 3277 3580 3350 πρὸς
3609 3278 3741 3343 τοὺς

2148 3375 2287 3431 Θεοῦ
2324 3374 2664 3445 θεράποντας
2692 3368 3009 3442 ἄρξασθαι),
3051 3370 3270 3425 πάντων
3299 3369 3409 3424 τῶν
3438 3371 3533 3425 ὑπ’
3566 3368 3738 3424 αὐτοῦ

2147 3467 2482 3524 κτισθέντων
2529 3463 2764 3534 λογικῶν
2811 3463 2888 3535 (2)
2938 3460 3413 3534 αὑτεξουσιότητος
3460 3462 3736 3532 ἀξιώματι

2148 3559 2509 3631 τιμηθέντων,
2542 3559 2593 3611 οἱ
2626 3557 2727 3626 μέν
2774 3558 2913 3610 εἰσιν
2947 3555 3113 3609 αὑτοῦ
3143 3555 3310 3625 φίλοι,
3356 3556 3407 3609 oi
3435 3554 3494 3609 δὲ
3525 3556 3742 3624 γνήσιοι

458 3646 640 3714 ipsius
669 3645 867 3712 amici;
906 3646 958 3715 2
994 3645 1088 3700 alii
1115 3660 1242 3700 vero
1266 3637 1464 3700 sinceri
1495 3654 1549 3700 et
1575 3645 1825 3715 germani
1859 3647 2043 3714 servi;
2078 3673 2106 3733 ε

2159 3652 2347 3715 δοῦλοι,
2397 3650 2448 3703 οἱ
2492 3649 2549 3703 δὲ
2581 3649 2813 3719 ἀχρεῖοι,
2847 3649 2897 3701 oi
2928 3647 2987 3702 δὲ
3020 3648 3197 3718 πάντη
3232 3644 3658 3715 άπεξενωμένοι,
3684 3646 3741 3733 μοί

459 3734 556 3790 alii
590 3749 753 3804 porro
785 3735 996 3789 inutilia
1045 3733 1344 3804 mancipia;
1386 3733 1480 3789 alii
1522 3745 1705 3791 autem
1749 3750 1977 3806 prorsus
2016 3750 2050 3792 a
2082 3732 2097 3733 ί

2159 3741 2233 3806 δὲ,
2271 3742 2319 3793 εί
2351 3740 2447 3792 καὶ
2473 3738 2741 3800 ἀσθενεῖς,
2773 3739 2922 3807 ὅμως
2953 3735 3238 3790 ἀντίδικοι.
3282 3735 3392 3788 Καὶ
3421 3735 3608 3804 φίλους
3640 3732 3744 3803 μὲν

459 3825 575 3881 Dco
610 3826 809 3893 alieni;
863 3827 955 3880 alii
989 3827 1246 3896 denique,
1284 3841 1599 3898 quanquam
1648 3828 1769 3882 sine
1815 3827 2048 3892 viribus,

456 3917 650 3973 hostes
700 3918 813 3973 Dei.
867 3916 935 3973 Et
978 3919 1188 3974 amicos
1228 3918 1475 3989 quidem,
1521 3932 1554 3972 ο
1580 3917 1664 3972 vir
1699 3930 1907 3985 sancte,
1951 3931 2051 3974 nos

463 4011 869 4081 imperitissimi
916 4011 1250 4066 arbitramur
1287 4024 1412 4067 esse
1462 4009 1814 4075 verissimos,
1865 4010 2050 4065 beatas

464 4103 589 4158 illas
619 4111 852 4170 mentes,
885 4112 939 4158 et
967 4110 1194 4158 naturas
1227 4102 1298 4157 ab
1339 4101 1490 4158 omni
1534 4101 1886 4156 concretione
1924 4115 2049 4156 cor-

463 4196 615 4274 poris
641 4196 863 4261 liberas,
892 4212 1014 4266 qua:
1042 4210 1257 4266 semper
1280 4196 1485 4263 stipant
1522 4193 1713 4248 Deum.
1742 4193 2052 4248 Germanos

468 4296 651 4341 autem
685 4303 874 4355 servos
895 4301 1107 4353 omnes,
1130 4288 1225 4365 qui
1249 4288 1316 4343 ad
1339 4296 1533 4342 nutum
1558 4286 1857 4342 voluntatis
1881 4286 2054 4356 ipsius

467 4375 639 4441 facti,
693 4378 965 4448 quidquid
1013 4380 1278 4449 imperat,
1332 4380 1453 4434 sine
1495 4379 1845 4435 cunctatione
1894 4391 2055 4432 exse-

470 4479 737 4538 quuntur.
786 4469 942 4525 Servi
991 4480 1173 4525 autem
1227 4470 1450 4526 inutiles
1496 4480 1645 4537 sunt,
1701 4470 1797 4540 qui
1849 4470 2056 4524 honore

473 4560 697 4635 quidem
728 4561 935 4630 dignati
981 4561 1354 4632 baptismatis,
1400 4573 1559 4633 pacta
1595 4562 1686 4617 Dei
1718 4573 1901 4616 tamen
1935 4560 2054 4616 vio-

469 4651 613 4718 lant,
642 4665 815 4723 neque
844 4664 1110 4723 praecepta
1137 4654 1284 4710 illius
1317 4655 1699 4710 observarunt.
1729 4654 2057 4723 Peregrinos

472 4756 606 4796 vero
631 4750 687 4796 et
714 4742 926 4798 alienos
954 4743 1024 4797 ab
1053 4743 1149 4799 illo
1179 4744 1624 4800 existimabimus
1654 4744 1798 4810 illos,
1839 4744 1933 4814 qui
1971 4743 2058 4799 vel

471 4848 585 4887 non
612 4832 865 4901 credunt,
906 4835 990 4890 vel
1027 4849 1286 4922 perverse
1318 4836 1386 4891 de
1434 4834 1544 4891 Deo
1576 4835 1807 4890 credunt
1841 4843 1897 4889 et
1932 4849 2059 4890 sen-

475 4927 635 4980 tiunt.
660 4926 856 4983 Hostes
887 4928 1126 4999 denique
1144 4927 1526 4999 etperduelles
1550 4926 1645 4982 Dei
1662 4936 1810 4993 sunt,
1827 4927 1922 4998 qui
1948 4942 2059 4982 non

2159 3830 2365 3901 κυρίως
2405 3831 2569 3899 ἡμεῖς
2599 3830 2648 3881 oi
2685 3828 2910 3894 ίδιῶται,
2945 3820 3144 3899 ὧ-ίερὰ
3187 3825 3422 3896 κεφαλὴ,
3456 3825 3583 3897 περὶ
3604 3823 3744 3877 Θεοῦ

2163 3919 2343 3994 [Θεὸν]
2374 3920 2779 3991 ὑπειλήφαμεν,
2823 3918 2923 3982 τὰς
2965 3919 3094 3989 περὶ
3138 3917 3300 3971 αὐτὸν
3338 3916 3535 3988 νοεράς
3562 3932 3621 3968 τε
3648 3914 3747 3969 καὶ

2161 4012 2492 4083 ἀσωμάτους
2532 4011 2755 4074 οὐσίας·
2803 4010 3043 4081 γνησίως
3084 4006 3385 4085 [γνησίους]
3416 4007 3474 4061 δὲ
3502 4006 3742 4070 δούλους,

2164 4104 2375 4168 πάντας
2404 4104 2531 4167 τοὺς
2568 4101 2636 4157 τὸ
2674 4101 2886 4174 θέλημα
2934 4101 3099 4157 αὑτοῦ
3129 4101 3359 4165 ἀόκνως,
3401 4099 3500 4157 καὶ
3532 4100 3747 4167 ἀπαραο

2164 4196 2401 4259 λείπτως
2449 4193 2762 4257 ποιοῦντας,
2815 4195 2912 4248 καὶ
2966 4195 3338 4263 ποιήσανταςο
3387 4190 3642 4262 ἀχρείους
3687 4188 3750 4243 δὲ

2163 4288 2409 4353 δούλους,
2452 4288 2565 4342 ὅσοι
2598 4287 2697 4358 μὲν
2718 4285 2813 4341 τοῦ
2849 4287 3223 4358 βαπτίσματος
3257 4283 3554 4355 ἀξιωθῆναι
3586 4282 3747 4355 νομί-

2166 4380 2344 4447 ζουσι,
2390 4379 2488 4445 τὰς
2534 4379 2593 4434 δὲ
2644 4379 2784 4450 πρὸς
2836 4379 2999 4432 αὐτὸν
3040 4377 3313 4450 συνθήκας
3358 4376 3596 4447 γνησίως
3646 4376 3751 4429 οὐκ

2166 4470 2534 4542 ἐφυλάξαντο·
2587 4468 2770 4535 ξένους
2796 4469 2840 4523 δ’
2879 4469 2972 4521 ἐπὶ
3002 4465 3156 4540 [ἀπὸ]
3196 4466 3357 4532 Θεοῦ,
3398 4467 3490 4520 καὶ
3521 4464 3751 4536 ἐχθροὺς

2165 4564 2472 4633 νοήσωμεν,
2502 4562 2616 4615 ὅσοι
2645 4560 2679 4632 ἢ
2709 4560 2951 4625 ἄπιστοι,
2986 4559 3019 4631 ἢ
3047 4560 3371 4614 κακὸπιστοι
3395 4557 3747 4629 τυγχάνουσι.

2164 4655 2423 4725 Πολέμιοι
2453 4654 2500 4707 δ’
2539 4652 2676 4705 είσὶν
2720 4654 2769 4706 oi
2807 4651 2882 4723 μὴ
2920 4652 3083 4722 μόνον
3113 4651 3175 4704 τὸ
3204 4651 3300 4704 τοῦ
3339 4651 3546 4721 Κυρίου
3575 4647 3749 4720 πρόσο

2166 4761 2355 4814 ταγμα
2383 4741 2860 4814 διακρουσάμενοι,
2882 4741 2980 4795 καὶ
3002 4740 3062 4806 ἐξ
3089 4741 3299 4794 ἑαυτῶν
3321 4737 3752 4811 ἀπορρίψαντες,

2166 4834 2305 4890 ἀλλὰ
2337 4833 2434 4887 καὶ¹
2465 4832 2592 4896 τοὺς
2623 4831 2783 4886 τοῦτο
2820 4830 3334 4903 κατεργαζομένους
3367 4828 3608 4901 ἰσχυρῶς
3653 4844 3751 4881 πο⁴

2167 4925 2481 4998 λεμοῦντες.
2553 4924 2705 4979 Ἐπεὶ
2748 4919 2843 4979 οὖν
2894 4924 3111 4979 πάντων
3164 4924 3274 4977 τῶν
3332 4919 3753 4995 προειρημένων

474 5018 653 5073 solum
672 5019 842 5089 ipsius
854 5019 1024 5090 jussis
1051 5035 1158 5075 non
1188 5022 1659 5091 obtemperant,et
1681 5020 1908 5089 imperia
1933 5034 2061 5090 pro-
2087 5033 2106 5090 4

2165 5018 2395 5082 ἕκαστος
2442 5017 2573 5071 ῐδιόν
2601 5033 2743 5081 τινα,
2775 5016 2869 5070 καὶ
2919 5014 3201 5087 πρέποντα
3242 5014 3402 5083 λόγον
3430 5013 3752 5082 κέκτηνται,

467 5105 691 5183 jiciunt,
718 5111 814 5166 sed
848 5126 943 5167 eos
969 5113 1156 5179 etiam,
1184 5113 1279 5183 qui
1312 5111 1424 5168 Deo
1450 5112 1847 5183 obsequuntur,
1874 5112 2060 5167 illum-

474 5215 585 5269 que
614 5201 826 5266 colunt,
857 5203 1010 5258 omni
1045 5218 1149 5273 ope
1183 5211 1239 5258 et
1266 5203 1479 5258 viribus
1508 5213 1825 5274 oppugnant
1855 5212 1911 5260 et
1937 5219 2065 5275 per-

476 5300 806 5360 sequuntur.
868 5290 1167 5348 Enimvero
1201 5309 1327 5349 cum
1368 5293 1583 5365 singula
1623 5295 1820 5353 borum
1864 5309 2064 5365 genera

478 5382 730 5453 singulos
759 5383 929 5439 libros
959 5384 1293 5451 desiderent,
1334 5400 1511 5456 neque
1556 5385 1666 5441 mei
1700 5386 1944 5442 hominis
1976 5386 2064 5441 in-e

477 5474 648 5538 docti,
703 5476 938 5531 instituti
960 5476 1049 5541 sit,
1082 5492 1247 5548 super
1281 5477 1346 5533 iis
1385 5479 1663 5549 copiosius
1721 5480 1776 5533 in
1824 5493 2065 5548 prasens

480 5568 786 5636 disputare,
828 5572 1079 5641 agedum,
1115 5587 1236 5641 age,
1278 5574 1346 5627 ad
1378 5572 1670 5640 imperium
1728 5587 1943 5635 eorum,
1969 5571 2064 5641 qui

486 5669 588 5710 nos
624 5658 710 5725 pie
737 5669 963 5729 cogunt,
993 5671 1047 5715 et
1072 5662 1214 5716 bona
1245 5661 1348 5716 ﬁdo
1375 5669 1592 5733 urgent,
1628 5661 1938 5731 sincerique
1972 5660 2066 5716 Dei

2159 5111 2293 5181 ἡμῖν
2308 5109 2366 5163 δὲ
2385 5110 2498 5173 τοῖς
2516 5108 2787 5181 ἀμαθέσιν
2803 5109 2864 5161 οὐ
2879 5106 3152 5171 λυσιτελὲς
3168 5106 3374 5160 ὲπὶτοῦ
3398 5104 3670 5176 παρόντος
3683 5102 3755 5157 τὰ

2160 5202 2341 5257 τοιάδε
2356 5199 2752 5272 διεξέρχεσθαι,
2770 5199 2903 5271 φέρε
2925 5198 3013 5269 δὴ,
3028 5197 3162 5269 φέρε
3174 5199 3338 5269 ἡμεῖς
3350 5196 3445 5252 νῦν
3465 5197 3605 5270 πρὸς
3624 5196 3754 5260 τοὺς

2164 5293 2405 5357 εὐσεϐῶς
2432 5295 2583 5366 ἡμᾶς
2610 5293 3081 5364 τυραννήσαντας,
3110 5291 3206 5345 καὶ
3245 5290 3455 5354 πιστῶς
3480 5287 3753 5361 βιασαμέ-

2164 5406 2292 5453 νους
2319 5391 2431 5452 τοῖς
2474 5386 2655 5444 αὐτῶν
2702 5385 3116 5458 προστάγμασι,
3164 5384 3301 5439 Θεοῦ
3341 5383 3600 5455 γνησίους
3626 5381 3745 5436 δοῦ⁹

2164 5481 2312 5546 λους,
2333 5479 2431 5552 τὴν
2463 5478 2674 5535 ἑαυτῶν
2700 5478 2917 5546 ἀνάξιον
2944 5480 3101 5549 χεῖρα
3124 5476 3192 5531 δι’
3220 5476 3470 5545 ὑπακοῆς
3498 5472 3752 5544 ἀδιακρίο

2165 5588 2259 5625 του
2307 5572 2668 5637 ἐκτείναντες,
2700 5572 2795 5623 καὶ
2839 5568 2992 5641 παρὰ
3020 5569 3122 5640 τῆς
3150 5568 3332 5622 αὐτῶν
3362 5566 3618 5636 γνώσεως
3657 5564 3753 5618 τὸν

2168 5663 2263 5717 τοῦ
2298 5664 2459 5731 λόγου
2490 5662 2736 5735 κάλαμον
2767 5661 3073 5732 δεξάμενοι,
3108 5664 3173 5732 τῇ
3219 5661 3296 5732 ('5)
3331 5658 3630 5731 σκυθρωπῇ
3657 5657 3755 5713 καὶ

485 5746 631 5800 servi
660 5757 807 5812 sunt,
850 5749 1129 5821 indignam
1174 5769 1397 5808 manum
1449 5762 1732 5819 nostram,
1776 5770 1872 5823 per
1907 5755 2069 5810 obses.

2168 5755 2463 5828 λαμπούσῃ
2488 5752 2958 5827 ταπεινοφροσύνῃ
2992 5752 3280 5822 βάψαντες,
3306 5753 3365 5805 ὲν
3395 5753 3513 5814 ταῖς
3559 5749 3753 5813 λείαις,

487 5834 677 5911 quium
716 5839 1081 5900 indiscussum
1109 5848 1507 5915 extendamus,
1551 5856 1603 5904 ot
1633 5848 1901 5907 calamum
1944 5864 2068 5905 ora-

2171 5848 2263 5903 καὶ
2298 5846 2519 5914 λευκαῖς
2546 5847 2726 5904 αὐτῶν
2758 5845 3025 5919 καρδίαις,
3054 5844 3243 5916 ὥσπερ
3277 5844 3332 5897 ἓν
3355 5859 3464 5896 τισι
3498 5842 3749 5923 χάρταις,
