4062 6482
365 425 471 494 633

1399 426 1632 487 SCALA
1665 425 2045 488 PARADISI.
2085 450 2156 466 -
2189 425 2498 493 GRADUS
2526 431 2571 493 Ι.

3507 430 3617 498 634

362 538 563 611 μᾶλλον
591 535 652 590 δὲ
680 533 845 600 πλαξὶ
872 536 1273 606 πνευματικαῖς
1291 533 1480 589 τοῦτον
1508 537 1942 601 ἀναπαύσαντες,

2051 537 2215 595 tionis
2253 540 2322 594 ab
2352 541 2469 610 ipsa
2512 555 2704 596 eorum
2739 539 3053 611 cognitione
3083 548 3363 612 acceptum
3406 543 3636 599 submo-

357 628 429 683 τά
457 626 613 681 θεῖκά
641 624 809 699 [θεῖα]
855 627 1014 696 λόγια
1036 667 1051 691 ,
1090 626 1292 697 μᾶλλον
1332 626 1391 681 δὲ
1420 627 1715 699 σπέρματα
1743 626 1965 693 διαζω-“

357 720 703 791 γραφοῦντες
728 718 983 789 λέγωμεν
1013 712 1139 774 ὧδε.

2046 629 2183 705 lesta
2233 631 2493 699 quidem,
2543 632 2639 687 sed
2683 632 2885 687 illustri
2933 632 3215 703 alacrique
3262 632 3634 691 submissione

2048 720 2385 786 imbuamus,
2430 733 2594 793 atque
2638 723 2692 777 in
2723 723 2981 793 expolitis
3012 723 3373 792 candidisque
3408 723 3629 778 illorum

356 814 675 883 pectoribus
697 821 956 882 tanquam
986 811 1341 876 membranis,
1372 811 1540 881 aut3
1574 810 1818 883 mysticis
1876 809 2062 881 potius
2126 812 2329 869 tabulis
2385 830 2719 885 reponamus
2768 816 3014 871 caelestia
3080 815 3298 871 vivendi
3359 826 3633 885 praecepta

355 913 458 959 aut
485 906 697 960 semina
732 904 918 975 potius
951 904 1322 960 describentes
1355 902 1483 958 hinc
1524 901 1739 957 dicendi
1778 901 2067 957 exordium
2111 902 2399 960 ducamus.

430 997 664 1051 Πάντων
690 998 802 1051 τῶν
846 999 1300 1068 προαιρουμένων
1330 998 1406 1069 (4)
1437 1001 1464 1053 ὁ
1491 998 1623 1061 Θεὸς
1655 998 1872 1052 πάντων
1906 998 1940 1068 ὴ

353 1089 510 1161 ζωή·
564 1090 784 1144 πάντων
834 1091 867 1161 ἡ
931 1091 1175 1160 σωτηρία
1240 1090 1477 1157 πιστῶν,
1528 1091 1808 1144 ἀπίστων·
1867 1089 1945 1143 δι·

354 1181 557 1245 καίων,
583 1179 815 1234 ἀδίκων·
870 1179 1132 1248 εὐσεϐῶν,
1184 1180 1432 1235 ἀσεϐῶν·
1485 1181 1733 1244 ἀπαθῶν,
1763 1182 1945 1253 ἐμπα-

354 1272 504 1326 θῶν·
545 1272 817 1343 μοναχῶν,
852 1273 1135 1342 κοσμικῶν
1155 1291 1170 1306 ο
1220 1273 1422 1343 σοφῶν,
1451 1272 1675 1327 ἰδιωτῶν
1698 1289 1714 1304 ο
1753 1271 1944 1341 ὑγιῶν,

352 1366 608 1421 ἀσθενῶν
627 1382 645 1399 ο
674 1367 832 1433 νέων,
859 1366 1298 1437 προϐεϐηκότων.
1324 1369 1534 1438 Ὠσπερ
1564 1366 1742 1437 φωτὸς
1769 1364 1945 1436 χύσις,

2117 998 2376 1054 Omnium
2411 1002 2673 1067 omnino,
2719 1001 2812 1070 qui
2859 1015 2963 1057 suo
3020 999 3250 1055 consilio
3290 1007 3358 1053 ‘ct
3402 999 3632 1055 arbitrio

2045 1091 2261 1156 vivunt,
2309 1090 2455 1147 Deus
2496 1092 2607 1145 vita
2638 1101 2744 1157 est,
2777 1092 3022 1146 omnium
3055 1092 3226 1156 salus,
3263 1090 3377 1146 sive
3405 1092 3633 1146 credant

2047 1183 2269 1254 aliquod
2315 1198 2543 1246 numen,
2589 1183 2704 1239 sive
2737 1193 2968 1252 negent;
3024 1198 3118 1238 seu
3160 1182 3294 1251 justi
3325 1182 3471 1245 sint,
3515 1182 3632 1237 sive

2049 1278 2319 1348 improbi;
2365 1293 2463 1333 seu
2501 1278 2609 1348 pii,
2663 1281 2779 1334 sive
2819 1278 3002 1347 impii;
3035 1279 3147 1333 sive
3179 1294 3208 1330 a
3239 1280 3424 1348 pravis
3460 1279 3631 1334 animi

2048 1369 2337 1425 affectibus
2365 1369 2545 1435 liberi,
2573 1368 2690 1424 sive
2716 1369 2921 1423 eisdem
2953 1369 3214 1437 obnoxii;
3254 1371 3497 1441 religiosi
3532 1386 3631 1425 seu

355 1462 456 1513 xui.
488 1458 647 1529 ἡλίου
679 1458 800 1519 θέα,
838 1459 936 1513 καὶ
976 1460 1155 1530 ἀέρων
1185 1458 1481 1530 ἐναλλαγὴ,
1528 1460 1624 1512 καὶ
1660 1448 1951 1521 ἀλλοίωσις

2051 1460 2289 1532 profani;
2325 1461 2472 1516 docti
2511 1460 2672 1529 juxta
2701 1468 2867 1531 atque
2904 1461 3143 1529 indocti;
3193 1462 3438 1516 valentes
3468 1473 3632 1532 atque

353 1552 461 1604 οὒκ
503 1550 655 1604 ἐστιν
674 1565 689 1579 ·
724 1567 743 1599 ι
763 1549 839 1603 οὐ
871 1549 982 1619 γὰρ
1006 1549 1436 1620 προσωποληψία
1458 1548 1609 1620 παρά
1635 1546 1756 1618 Θεῷ
1784 1548 1882 1619 (5).
1914 1566 1934 1599 ι

2051 1552 2209 1623 aegri;
2236 1559 2346 1605 tam
2368 1552 2736 1606 adolescentes
2755 1566 2921 1621 quam
2942 1559 3101 1606 aetate
3130 1553 3368 1621 provecﬁ
3394 1571 3408 1617 ;
3437 1568 3632 1622 quem-

370 1640 608 1711 ’Δσεσής
656 1642 826 1704 ἐστιν,
876 1640 1039 1710 φύσις
1082 1642 1298 1712 λογικὴ,
1340 1640 1530 1713 θνητὴ,
1563 1640 1824 1704 ἑκουσίως
1850 1639 1948 1709 τὴν

2051 1642 2346 1699 admodum
2378 1643 2567 1697 videre
2603 1650 2687 1697 est
2726 1641 2779 1695 in
2813 1642 2917 1697 hac
2960 1642 3243 1697 communi
3272 1642 3411 1698 lucis
3443 1658 3630 1707 usura,

358 1734 508 1803 ζωὴν
541 1732 954 1802 ἀποφεύγουσα,
974 1734 1069 1787 καὶ
1092 1733 1186 1787 τὸν
1212 1734 1414 1786 οἰκεῖον
1445 1733 1711 1802 Ποιητὴν,
1740 1730 1831 1784 τὸν
1860 1731 1950 1784 ἀεὶ

358 1825 510 1890 ὄντα,
544 1825 649 1879 οὐκ
675 1824 807 1878 δντα
844 1823 1192 1896 λογιζομένη.
1238 1824 1564 1895 Παράνομός
1603 1824 1753 1877 ἐστιν
1798 1823 1828 1875 ό
1856 1820 1950 1883 τὸν
1979 1803 2023 1859 Β

362 1917 531 1989 νόμον
560 1915 655 1971 τὸν
696 1917 764 1971 ὲκ
793 1914 931 1970 Θεοῦ
969 1917 1088 1986 μετ’
1117 1915 1327 1979 οἰκείας
1359 1912 1646 1977 κακονοίας
1678 1912 1947 1983 κατέχων,

368 2008 467 2061 καὶ
497 2006 614 2077 μεθ’
647 2005 918 2078 αἱρέσεως
945 2005 1198 2068 ἐναντίας
1226 2004 1505 2059 πιστεύειν
1532 2004 1653 2076 Θεῷ
1686 2003 1947 2075 νομίζων.

379 2098 699 2169 Χριστιανός
728 2100 899 2164 ἐστιν,
933 2097 1163 2168 μίμημα
1200 2095 1436 2166 Χριστοῦ
1466 2095 1606 2149 κατά
1632 2094 1694 2148 τὸ
1727 2093 1951 2148 δυνατὸν

377 2190 697 2263 ἀνθρώπων,
729 2190 936 2257 λόγοις,
985 2190 1081 2243 καὶ
1109 2188 1315 2259 ἔργοις,
1367 2188 1461 2243 καὶ
1504 2186 1683 2258 ἐννοίᾳ
1725 2188 1807 2251 εἰς
1851 2184 1951 2254 τὴν

371 2283 536 2352 ἁγίαν
562 2281 769 2352 Τριάδα
790 2280 987 2353 ὀρθῶς,
1016 2281 1109 2334 καὶ⁵
1134 2279 1445 2350 ἀμέμπτως
1488 2277 1782 2331 πιστεύων.
1821 2276 1951 2330 Θεο-

364 2374 531 2444 φιλής
565 2374 715 2426 ἐστιν
748 2374 777 2426 ὀ
812 2373 1028 2426 πάντων
1058 2372 1168 2424 τῶν
1211 2370 1480 2441 φυσικῶν,
1516 2370 1610 2423 καὶ
1638 2367 1955 2439 ἀναμαρτή-

358 2482 477 2519 των
525 2468 586 2518 ἐν
632 2464 896 2534 μετουσίᾳ
940 2463 1238 2534 ὑπάρχωνο
1274 2461 1510 2516 καὶτῶν
1550 2458 1693 2515 κατὰ
1722 2459 1952 2529 δύναμιν

358 2552 591 2622 ἀγαθῶν
648 2552 724 2625 μὴ
772 2552 1014 2622 ἀμελῶν.
1076 2553 1381 2623 Ἐγκρατής
1422 2553 1572 2604 ἐστιν
1615 2553 1644 2604 ό
1685 2552 1743 2603 ἐν
1802 2549 1952 2618 μέσῳ

358 2645 718 2718 πειρασμῶν,
760 2646 854 2698 καὶ
900 2643 1166 2712 παγίδων,
1200 2643 1294 2696 καὶ
1327 2642 1573 2713 θορύὸων
1601 2638 1955 2711 ἀπηλλαγμέ-

355 2756 457 2792 νου
508 2738 750 2809 τρόπους
795 2736 946 2811 πάσῃ
989 2735 1219 2806 δυνάμει
1272 2735 1559 2806 μιμεῖσθαι
1610 2730 1949 2801 φιλονεικῶν.

2051 1735 2293 1805 solisque
2325 1734 2811 1805 contemplatione,
2842 1742 2899 1789 et
2928 1735 3054 1790 coeli
3087 1735 3343 1805 aerisque
3373 1735 3635 1791 varietate

2051 1826 2310 1883 omnibus
2360 1827 2480 1883 sine
2525 1826 2849 1884 discrimine
2892 1826 3192 1897 impertita.
3247 1845 3266 1879 ‹
3314 1824 3435 1880 Νοη
3487 1826 3632 1880 enim

2051 1933 2413 1988 personarum
2464 1918 2609 1987 apud
2656 1919 2829 1973 Deum
2872 1928 2958 1974 est
3002 1918 3312 1987 acceptio‘.
3358 1934 3378 1969 ι
3426 1915 3635 1986 Impius

2050 2018 2135 2067 est
2162 2010 2258 2081 qui
2297 2010 2546 2066 mortalis
2572 2011 2819 2080 quidem,
2873 2009 2969 2066 sed
3004 2009 3314 2079 intelligens
3342 2017 3522 2063 tamen
3549 2007 3637 2062 vi-

2051 2109 2162 2156 tam
2222 2116 2376 2157 suam
2433 2100 2652 2173 (Deum)
2697 2102 2844 2157 ultro
2886 2100 3054 2173 fugit,
3101 2100 3288 2156 αξιοι-ιιὶ
3318 2099 3635 2157 Conditoris

2052 2192 2137 2248 sui
2190 2193 2486 2262 (tanquam
2544 2207 2654 2248 non
2695 2193 2800 2261 sit)
2853 2194 3125 2248 rationem
3186 2192 3394 2247 nullam
3446 2190 3631 2246 habet.

2059 2300 2078 2334 ι
2116 2282 2265 2337 Dixit
2291 2282 2580 2352 insipiens,
2610 2298 2719 2338 non
2747 2291 2832 2339 est
2860 2283 3008 2339 Deus
3030 2284 3072 2340 '.
3112 2302 3130 2335 ι
3159 2282 3386 2353 Iniquus
3410 2292 3513 2348 est,
3536 2280 3631 2352 qui

2052 2375 2201 2444 leges
2228 2388 2257 2428 a
2288 2373 2399 2429 Deo
2429 2374 2567 2431 latas
2598 2389 2697 2445 pro
2730 2376 2817 2429 sui
2844 2376 3046 2445 ingenii
3083 2376 3349 2445 pravitate
3377 2374 3446 2429 ad
3470 2387 3634 2429 suum

2056 2473 2274 2536 torquet
2299 2466 2608 2532 cerebrum,
2662 2482 2931 2537 suamque
2956 2480 3272 2535 perversam
3305 2473 3359 2519 et
3385 2478 3637 2534 pugnan-

2053 2565 2160 2611 tem
2194 2571 2318 2611 cum
2346 2555 2464 2624 lege
2498 2555 2682 2609 divina
2721 2556 2980 2621 haeresin,
3024 2570 3124 2626 pro
3166 2555 3282 2624 lege
3309 2561 3363 2609 et
3389 2551 3636 2606 numinis

2052 2646 2378 2701 auctoritate
2415 2646 2600 2700 habet.
2632 2644 2983 2701 Christianus
3014 2653 3101 2700 est
3122 2685 3137 2710 ,
3169 2644 3263 2715 qui
3298 2658 3396 2714 pro
3427 2658 3526 2698 sua
3552 2642 3637 2696 vi-

2051 2739 2140 2792 rili
2174 2737 2456 2794 Christum
2502 2737 2685 2811 verbis
2731 2745 2786 2792 et
2821 2736 2982 2791 factis
3031 2735 3293 2790 imitando
3341 2734 3634 2803 sequitur,

356 2831 623 2902 Μοναχός
652 2833 820 2896 ἐστιν,
850 2830 1003 2895 τάξις
1032 2829 1126 2883 καὶ
1157 2829 1495 2891 κατάστασις
1532 2827 1861 2895 ἀσωμάτων,
1893 2825 1952 2878 ἐν

2055 2840 2282 2900 totaque
2310 2838 2492 2883 mente
2524 2829 2577 2883 in
2610 2828 3019 2884 sanctissimam
3047 2826 3352 2882 divinitatis
3395 2822 3638 2878 Trinita-

358 2922 585 2994 σώματι
619 2920 790 2993 ύλικῷ
837 2922 933 2975 καὶ
978 2921 1207 2991 ῥυπαρῷ
1244 2918 1659 2989 ἐπιτελουμένη.
1700 2916 1953 2987 Μοναχός

2055 2931 2161 2977 tem
2200 2928 2349 2976 recta
2378 2921 2504 2986 (ide,
2535 2921 2655 2976 sine
2678 2934 2871 2976 errore
2895 2929 2950 2975 et
2980 2920 3117 2974 vitio
3156 2918 3350 2974 fertur.
3389 2916 3637 2984 Amicus,

358 3020 518 3071 ἐστιν
542 3019 573 3072 ό
602 3016 763 3088 μόνον
788 3015 898 3069 τῶν
925 3013 1020 3067 τοῦ
1058 3012 1194 3066 Θεοῦ
1227 3012 1484 3083 ἐχόμενος
1525 3011 1688 3080 ὅρων,
1730 3010 1827 3062 καὶ
1863 3007 1953 3061 λό-

2054 3014 2170 3069 sive
2200 3029 2394 3069 amans
2445 3011 2540 3067 Dei
2579 3020 2685 3079 est,
2724 3012 2819 3082 qui
2861 3010 3028 3065 rebus
3065 3008 3325 3063 omnibus
3365 3019 3397 3060 ι
3439 3013 3637 3060 natura

358 3126 480 3174 γων
510 3110 572 3161 ἐν
615 3106 781 3162 παντὶ
803 3103 1007 3177 καιρῷ,
1040 3104 1137 3157 καὶ
1162 3103 1336 3173 τόπῳ,
1373 3102 1468 3156 καὶ
1497 3101 1803 3172 πράγματι.
1838 3101 1952 3152 Μο-

2054 3105 2199 3161 datis
2228 3113 2283 3160 et
2312 3105 2428 3176 lege
2452 3104 2739 3175 permissis
2772 3102 2966 3167 utitur,
3000 3114 3102 3155 nec
3131 3100 3271 3153 bona
3306 3112 3427 3167 qua:
3460 3094 3642 3149 facere

359 3201 531 3271 ναχός
559 3201 711 3253 ἐστιν
742 3196 856 3268 (6)·
905 3197 996 3268 βία
1032 3194 1246 3266 φύσεως
1290 3192 1565 3264 διηνεκὴς,
1599 3193 1694 3246 καὶ
1736 3189 1952 3262 φυλακὴ

2055 3206 2236 3269 potest
2291 3196 2677 3269 praetermittit.
2731 3194 3034 3250 Continens
3076 3198 3181 3257 est,
3224 3190 3316 3259 qui
3358 3189 3413 3243 in
3461 3186 3640 3242 medio

361 3291 681 3362 αἰσθήσεων
733 3289 1050 3360 ἀνελλιπής.
1115 3286 1366 3358 Μοναχός
1410 3286 1560 3338 ἐστιν
1621 3283 1953 3355 ἡγνισμένον

2055 3292 2275 3347 turbine
2318 3291 2718 3354 tentationum,
2772 3286 3139 3358 procellisque
3189 3283 3525 3338 tumultuum
3570 3294 3638 3335 ac

367 3383 553 3454 σῶμα,
589 3382 683 3436 καὶ
712 3380 1129 3451 κεκαθαρμένον
1158 3378 1353 3448 στόμα,
1399 3378 1494 3431 καὶ
1540 3374 1953 3445 πεφωτισμένος

2056 3382 2364 3445 turbarum,
2400 3395 2502 3435 nec
2529 3394 2637 3434 non
2666 3378 2881 3433 insidiis
2921 3377 3267 3446 laqueorum,
3315 3387 3496 3428 mores
3520 3371 3640 3440 ejus

371 3477 517 3540 νοῦς.
565 3475 817 3544 Μοναχός
867 3474 1018 3526 ἐστιν
1071 3468 1378 3532 κατώδυνος
1425 3465 1572 3539 ψυχὴ
1614 3468 1672 3519 ἐν
1711 3466 1953 3536 διηνεκεῖ

2055 3476 2148 3545 qui
2177 3483 2330 3529 extra
2375 3471 2613 3543 pericula
2645 3470 2857 3540 positus
2885 3477 3001 3535 est,
3050 3469 3180 3522 totis
3206 3465 3419 3520 viribus
3461 3463 3643 3518 studet

373 3571 564 3640 μνήμῃ
607 3567 841 3621 θανάτου
873 3562 1261 3634 ἀδολεσχοῦσα,
1308 3561 1404 3615 καὶ
1433 3559 1809 3623 ὑπνώττουσα,
1858 3556 1952 3611 καὶ

2056 3567 2283 3621 imitari.
2315 3564 2616 3619 Monachus
2641 3572 2745 3625 est,
2780 3562 2873 3631 qui
2908 3562 2961 3615 in
2998 3559 3241 3615 terrestri
3276 3566 3329 3613 et
3354 3555 3642 3624 inquinate

363 3652 742 3733 γρηγοροῦσα.
812 3655 1189 3729 Ἀναχώρησις
1240 3655 1446 3725 κόσμου
1500 3654 1648 3706 ἐστὶν
1706 3650 1954 3705 ἑκούσιον

366 3754 531 3825 μῖσος
564 3749 968 3821 ἐπαινουμένης
1018 3746 1173 3818 ὕλης,
1216 3745 1312 3800 καὶ
1358 3745 1434 3815 (7)
1465 3743 1696 3814 ἄρνησις
1737 3742 1955 3812 φύσεως

354 3844 429 3898 δι’
463 3841 751 3911 ἐπιτυχίαν
774 3838 886 3893 τῶν
929 3837 1071 3909 ὑπὲρ
1101 3837 1264 3906 φύσιν
1298 3833 1396 3907 (8).
1428 3835 1638 3898 Πάντες
1683 3834 1732 3886 οί
1763 3832 1832 3887 τά
1857 3831 1952 3885 τοῦ

358 3938 488 4009 βίου
544 3935 844 4004 προθύμως
899 3929 1317 3993 καταλιπόντες,
1365 3928 1583 3991 πάντως
1629 3927 1663 3996 ἢ
1710 3925 1798 3979 διὰ
1853 3924 1953 3994 τὴν

362 4028 680 4098 μέλλουσαν
719 4023 1026 4095 βασιλείανο
1059 4023 1093 4094 ἢ
1135 4021 1227 4075 διὰ
1261 4021 1465 4092 πλῆθος
1507 4020 1951 4091 ἁμαρτημάτων·

351 4117 390 4187 ἤ
426 4119 520 4173 διά
548 4118 648 4188 τὴν
683 4119 763 4181 είς
779 4116 912 4169 Θεὸν
937 4116 1160 4186 ἀγάπην
1185 4112 1345 4167 τοῦτο
1376 4112 1765 4181 πεποιήκασιν.
1803 4110 1869 4162 Ei
1905 4107 1952 4161 δ’

358 4210 543 4273 οὐδεὶς
583 4209 695 4262 τῶν
722 4207 1159 4279 προειρημένων
1204 4203 1422 4258 σκοπῶν
1473 4202 1657 4266 αὐτοῖς
1707 4200 1957 4271 προηγή-

360 4320 535 4366 σατο,
589 4302 786 4370 ἄλογος
843 4302 878 4372 ἡ
935 4301 1144 4352 τούτων
1205 4296 1557 4367 ἀναχώρησις
1618 4293 1951 4364 καθέστηκε.

358 4393 515 4464 Πλὴν
561 4391 626 4446 τὸ
674 4391 847 4464 πέρας
895 4390 992 4444 τοῦ
1038 4389 1242 4461 δρόμου
1277 4390 1460 4443 ὁποῖον
1509 4385 1873 4456 καθέστηκεν,
1923 4387 1953 4439 ό

2052 3674 2284 3729 corpore
2315 3669 2574 3728 tanquam
2601 3656 2658 3730 4
2678 3665 2829 3711 extra
2854 3670 3075 3725 corpus,
3106 3653 3413 3709 caelestium
3436 3658 3643 3705 statum

2053 3762 2109 3809 et
2141 3753 2304 3807 vitam
2342 3750 2649 3806 aemulatur.
2689 3747 2989 3803 Monachus
3022 3754 3125 3811 est,
3160 3744 3257 3814 qui
3300 3742 3451 3797 nullo
3501 3748 3644 3795 tem-

2053 3859 2208 3916 pore,
2237 3846 2381 3909 loco,
2412 3840 2653 3909 negotio,
2685 3842 2974 3896 occasione
3008 3853 3039 3891 a
3070 3836 3167 3891 Dei
3211 3845 3373 3900 nutu,
3412 3840 3467 3888 et
3503 3847 3646 3903 pra:-

2055 3937 2226 4006 ceptis
2266 3934 2351 3988 vel
2402 3934 2572 3987 latum
2636 3947 2872 4002 unguem
2909 3929 3137 3985 recedit.
3204 3925 3503 3980 Monachus
3560 3931 3647 3977 est

2056 4028 2334 4083 violentus
2371 4036 2427 4082 et
2475 4026 2737 4081 assiduus
2782 4031 2996 4079 natura:
3034 4021 3304 4083 domitor,
3349 4026 3404 4071 et
3448 4016 3645 4070 incon-

2058 4120 2252 4174 nivens
2287 4117 2624 4188 pervigilque
2655 4129 2919 4171 sensuum
2949 4119 3160 4167 custos.
3204 4106 3505 4161 Monachus
3537 4113 3643 4172 est,

2056 4209 2151 4279 qui
2180 4223 2383 4279 corpus
2423 4215 2701 4270 sanctum,
2756 4204 2997 4275 linguam
3027 4214 3244 4272 puram,
3294 4205 3646 4263 mentemque

2056 4297 2321 4355 divinitus
2348 4295 2674 4351 illustratum
2706 4292 2887 4347 habet.
2926 4288 3230 4345 Monachus
3255 4297 3357 4351 est,
3385 4284 3479 4354 qui
3507 4283 3649 4353 vigi-

2057 4390 2181 4446 lans
2207 4403 2272 4444 ac
2307 4386 2593 4444 dormiens
2622 4386 2677 4440 in
2704 4383 2932 4439 assiduo
2962 4383 3135 4447 luctu,
3164 4389 3219 4435 et
3242 4377 3437 4432 mortis
3471 4374 3649 4429 mcdi-

357 4486 531 4550 καλὸς
566 4485 727 4557 ἡμῶν
766 4482 1108 4553 ἀγωνοθέτης
1156 4480 1461 4553 ἐκδέχεται.
1492 4478 1786 4550 Μιμείσθω
1827 4480 1858 4532 ό
1885 4476 1949 4531 τὺ

2057 4481 2266 4537 latione
2290 4486 2567 4534 versatur.
2609 4475 2876 4531 Secessus
2907 4472 2977 4528 ab
3017 4469 3221 4526 saeculo
3250 4475 3353 4532 est,
3396 4464 3649 4519 volunta-

358 4574 564 4631 ἑαυτοῦ
619 4575 841 4646 φορτίον
887 4572 999 4627 τῶν
1051 4571 1470 4644 ἁμαρτημάτων
1513 4570 1806 4640 σκορπῖσαι
1855 4565 1950 4621 τοῦ

359 4666 577 4736 κόσμου
602 4662 963 4735 ἐξεληλυθὼς,
994 4663 1121 4726 τοὺς
1164 4662 1271 4732 πρὸ
1314 4662 1424 4716 τῶν
1475 4660 1554 4731 (9)
1585 4660 1773 4730 τάφων
1819 4657 1954 4713 καθ-

357 4758 605 4831 ημένους
628 4756 735 4822 ἐξω
761 4757 862 4829 τῆς
888 4756 1121 4818 πόλεως.
1149 4755 1261 4809 Καὶ
1297 4754 1374 4826 μὴ
1396 4752 1677 4825 παύσηται
1699 4752 1810 4807 τῶν
1827 4752 1953 4825 θερ-

363 4851 508 4923 μῶν,
559 4850 656 4905 καὶ
699 4849 981 4921 διαπύρων
1023 4848 1325 4917 σταγόνων,
1370 4847 1468 4901 καὶ
1500 4846 1733 4917 ἀφώνων
1763 4846 1953 4900 ὀλολυ-

357 4942 524 5013 γμῶν
549 4942 651 5012 τῆς
678 4940 929 5014 καρδίας,
960 4940 1065 5005 ἕως
1088 4934 1150 4995 οὗ
1175 4939 1262 5013 ἴδῃ
1293 4940 1387 4994 καὶ
1412 4939 1575 5004 αὐτὸς
1614 4938 1707 4994 τὸν
1743 4937 1951 5009 Ἰησοῦν

356 5034 696 5107 ἐληλυθότα,
743 5035 836 5088 καὶ
888 5033 982 5087 τὸν
1033 5032 1146 5105 (l0)
1197 5032 1344 5088 λίθον
1375 5034 1475 5105 τῆς
1542 5032 1841 5106 πυρώσεως
1888 5033 1954 5087 ἐκ

357 5130 464 5198 τῆς
523 5126 754 5198 καρδίας
803 5123 1208 5180 ἀποκυλίσαντα
1228 5142 1244 5157 ο
1305 5126 1403 5179 καὶ
1449 5123 1542 5179 τὸν
1611 5125 1736 5180 νοῦν
1794 5123 1954 5197 ήμῶν

357 5218 618 5291 Λάζαρον
659 5219 771 5273 τῶν
822 5217 1021 5290 σειρῶν
1059 5217 1170 5273 τῶν
1227 5219 1644 5291 ἁμαρτημάτων
1688 5217 1949 5283 λύσαντα,

361 5311 461 5365 καὶ
504 5310 619 5373 τοῖς
649 5310 944 5379 ὑπουργοῖς
976 5307 1261 5377 ἀγγέλοις,
1290 5309 1506 5362 Λύσατε
1535 5308 1699 5363 αὑτὸν
1740 5311 1806 5363 ἐκ
1840 5309 1949 5365 τῶν

360 5401 578 5468 παθῶν,
607 5403 703 5456 καὶ
729 5400 900 5471 ἄφετε
927 5402 1160 5471 ὑπάγειν
1190 5401 1327 5472 πρὸς
1351 5401 1452 5475 τὴν
1499 5399 1777 5472 μακαρίαν
1808 5400 1949 5456 ἀπά-

360 5494 540 5560 θειαν,
570 5493 921 5549 κελεύσαντα.
957 5494 1021 5549 El
1046 5494 1104 5549 δὲ
1144 5493 1222 5566 μὴ
1252 5493 1450 5560 οὕτως,
1473 5494 1627 5549 οὐδὲν
1656 5493 1945 5567 ὠφέλημα.

361 5587 525 5643 Ὅσοι
556 5587 617 5653 ἐξ
639 5587 750 5657 (li)
771 5586 1071 5657 Αἰγύπτου,
1098 5589 1194 5643 καὶ
1219 5588 1314 5642 τοῦ
1340 5587 1542 5661 Φαραῶ
1571 5587 1826 5654 ἐξελθεῖν,
1854 5589 1952 5643 καὶ

361 5682 563 5751 φυγεῖν
609 5678 932 5751 βουλόμεθα,
960 5679 1180 5744 πάντως
1212 5680 1457 5746 Μωσέως
1488 5680 1633 5745 τινὸς
1668 5680 1762 5735 καὶ
1787 5682 1950 5753 ἡμεῖς

449 5861 661 5925 ιιὶοιη.
694 5879 757 5930 ιι,
787 5865 873 5920 ll.
956 5865 974 5896 ²
1012 5862 1157 5923 Psal.
1197 5881 1320 5931 xtu,
1363 5867 1411 5924 ι.

2050 4575 2196 4629 rium
2247 4573 2510 4628 adversus
2554 4571 2609 4626 id
2647 4584 2840 4633 omne,
2882 4566 3027 4638 quod
3070 4564 3365 4620 saeculares
3395 4559 3647 4624 laudant,

2052 4664 2263 4729 odium,
2290 4676 2356 4718 ac
2382 4661 2550 4716 totius
2591 4671 2822 4725 naturae,
2853 4667 3077 4729 propter
3116 4669 3271 4725 spem
3304 4666 3490 4707 rerum
3518 4653 3645 4721 quae

2052 4771 2221 4826 supra
2267 4763 2522 4810 naturam
2580 4760 2730 4815 sunt,
2793 4748 3089 4805 abdicatio.
3148 4745 3352 4800 Omnes
3376 4743 3469 4814 qui
3504 4755 3649 4810 prae-

2052 4848 2226 4904 sentis
2265 4848 2395 4903 vitat
2437 4843 2729 4901 commoda
2770 4851 2965 4914 sponte
3011 4847 3374 4911 prompteque
3426 4833 3649 4904 abiece-

2050 4948 2201 5004 runt,
2233 4938 2287 4993 id
2319 4938 2401 4992 vel
2434 4937 2506 4992 ob
2542 4951 2694 5006 spem
2725 4933 2899 4989 futuri
2939 4930 3129 5003 regni;
3154 4930 3242 4984 vel
3263 4931 3334 4983 ob
3364 4927 3645 4997 ingentem

2051 5030 2329 5087 sarcinam
2362 5038 2753 5099 peccatorum;
2793 5026 2875 5081 vel
2900 5033 3128 5097 propter
3162 5022 3256 5076 Dei
3283 5018 3486 5075 summi
3512 5017 3640 5072 boni

2050 5136 2298 5178 amorem
2340 5120 2612 5177 fecerunt.
2665 5120 2770 5188 Qui
2806 5119 3012 5174 nullam
3055 5132 3124 5171 ex
3171 5116 3257 5169 his
3300 5111 3639 5183 prapositam

2048 5210 2246 5267 habuit
2269 5219 2494 5276 metam,
2516 5210 2584 5275 is,
2617 5209 2775 5279 quasi
2799 5208 2948 5264 nulla
2979 5207 3178 5262 ductus
3207 5201 3442 5265 ratione,
3468 5197 3643 5252 vitam

2050 5305 2295 5360 deseruit
2340 5318 2711 5358 communem.
2762 5301 2870 5357 Sed
2918 5300 3065 5356 enim
3113 5297 3237 5368 pius
3267 5291 3643 5365 agonistarum

2048 5397 2396 5452 munerarius
2424 5396 2590 5459 Deus,
2614 5408 2945 5466 quocunque
2970 5392 3081 5446 line
3103 5396 3302 5443 metam
3329 5381 3634 5454 attigerint,

2047 5500 2273 5543 cursum
2310 5485 2583 5556 religiosae
2622 5486 2748 5540 vitat
2776 5492 2957 5539 ratum
2993 5478 3175 5534 habet.
3210 5472 3477 5543 Quisquis
3505 5480 3629 5525 tur-

2049 5587 2149 5644 bas
2179 5586 2364 5644 steculi
2393 5600 2651 5658 egressus
2678 5592 2783 5653 est,
2829 5596 2972 5639 onus
3016 5585 3366 5649 peccatorum
3413 5586 3641 5628 suorum

2057 5689 2360 5763 positurus,
2391 5687 2636 5745 imitetur
2685 5686 2838 5753 illos,
2876 5684 2972 5755 qui
3024 5675 3457 5753 (lamentantes)
3486 5684 3642 5733 extra
