4062 6426
443 377 550 440 6115

1703 372 1763 432 S.
1795 371 2115 433 JOANNIS
2135 371 2444 435 CLIMACI

3605 389 3716 455 636

440 487 634 542 urbem
674 485 738 542 ad
778 493 1120 540 mortuorum
1150 491 1393 538 tumutos
1437 480 1703 546 resident,
1736 497 1838 539 nec
1863 484 2018 554 prius

2129 482 2344 553 μεσίτου
2394 484 2532 554 πρὸς
2573 483 2727 550 Θεὸν,
2773 487 2868 543 καὶ
2916 489 3055 558 μετά
3087 490 3221 547 Θεὸν
3265 495 3529 566 δεόμεθα,
3561 503 3714 570 ὅπως

443 587 736 642 calentium
759 585 1193 653 l‘crventiumque
1210 582 1576 652 lacrymarnm
1594 582 1822 638 imbrem
1840 583 2022 650 sistat,

444 695 544 734 nec
562 696 589 733 a
620 680 800 734 tacitis
819 677 1090 741 lamentis,
1116 674 1230 730 sive
1251 674 1548 744 eiulatibus
1566 684 1764 734 cesset.
1789 692 1954 746 quam
1971 685 2028 731 et

447 773 560 841 ipse
585 763 769 825 Jesum
795 771 860 824 ad
879 784 936 823 se
963 768 1290 832 venientem,
1319 783 1624 836 saxumque
1650 767 2028 826 obdurationis

444 863 661 918 acorde
698 877 797 917 suo
833 859 1181 914 amolientem
1209 869 1417 925 cernat,
1455 861 1548 927 qui
1587 858 1880 924 Lazarum,
1921 861 2030 916 hoc

444 968 528 1009 est
545 963 781 1008 mentem
804 961 1068 1014 nostram,
1085 966 1112 1003 a
1135 951 1371 1006 vinculis
1389 962 1734 1022 peccatorum
1749 953 2024 1021 expediat,

445 1047 494 1116 5
516 1046 888 1112 ministrisque
907 1043 1223 1097 cmicslibus
1244 1043 1376 1097 illud
1396 1044 1650 1113 imperet:
1677 1043 1882 1100 Solvite
1898 1060 2022 1099 eum

443 1137 790 1191 abomnibus
817 1135 981 1189 animi
1026 1135 1568 1204 perturbationibus,
1609 1147 1662 1191 et
1697 1137 1762 1190 ad
1811 1139 2024 1193 beatam

441 1233 639 1286 mentis
663 1231 1110 1298 tranquillitatem
1135 1229 1206 1284 ab
1223 1231 1369 1283 omni
1389 1231 1647 1284 vitiorum
1675 1233 1863 1285 morbo
1887 1231 2025 1288 libe-

439 1341 562 1378 rum
586 1322 821 1376 transire
845 1320 1027 1375 sinite.
1060 1317 1175 1374 Hoc
1197 1320 1288 1389 qui
1315 1336 1422 1373 non
1452 1322 1581 1390 agit.
1617 1321 1748 1373 nihil
1774 1321 1903 1391 agit,
1928 1321 2024 1376 sed

439 1420 597 1487 plane
629 1417 829 1470 frustra
849 1428 951 1470 est.
981 1413 1219 1468 Omnino
1241 1415 1555 1484 quicunque
1577 1431 1640 1468 ex
1671 1415 1906 1486 Aﬁgypto
1926 1432 2023 1470 ex-

440 1510 665 1571 cedere,
703 1518 756 1562 et
785 1508 1121 1562 Pharaonem
1154 1509 1390 1577 eﬂ‘ugere
1416 1522 1670 1561 conamur
1701 1547 1715 1570 ,
1749 1506 1896 1561 Mose
1924 1509 2024 1561 ali-

440 1617 551 1669 quo
581 1602 827 1661 ductore,
852 1601 944 1669 qui
983 1615 1084 1654 nos
1117 1600 1258 1654 inter
1291 1614 1354 1653 ac
1382 1597 1571 1662 Deum,
1601 1608 1654 1653 et
1679 1607 1800 1668 post
1831 1599 2019 1666 Deum,

442 1704 724 1761 sequester
759 1694 849 1756 sit,
900 1691 1234 1761 indigemus;
1281 1692 1372 1761 qui
1414 1689 1629 1744 medius
1673 1691 1812 1744 inter
1842 1691 2021 1746 studia

442 1785 675 1838 actionis
720 1793 773 1837 et
818 1784 1298 1852 contemplationis
1350 1797 1643 1852 perstans,
1700 1799 1898 1839 manus
1953 1784 2020 1838 ad

442 1874 613 1928 Deum
643 1875 912 1944 expendat
940 1894 950 1929 :
997 1875 1157 1943 cujus
1183 1876 1442 1944 auspiciis
1471 1877 1563 1943 qni
1590 1877 1902 1942 ducuntur,
1941 1877 2024 1930 in-

444 1968 643 2021 festum
682 1977 1028 2036 peccatorum
1081 1982 1231 2021 mare
1261 1967 1571 2036 trajiciant,
1615 1975 1671 2021 et
1713 1968 2023 2022 Amaleccm

443 2061 802 2129 pessimarum
843 2058 1201 2128 cupiditatum
1249 2059 1531 2112 dominum
1575 2067 1724 2128 terga
1767 2059 1899 2113 dare
1930 2073 2025 2113 co-

443 2162 591 2223 gant.
619 2151 983 2217 Quomobrem
1019 2150 1172 2204 valde
1202 2150 1408 2219 decepti
1447 2160 1602 2212 sunt,
1630 2151 1721 2219 qui
1757 2152 1857 2206 sibi
1889 2167 2027 2221 pra:-

444 2246 682 2299 sidentes
729 2245 879 2298 nullo
915 2245 1016 2298 via:
1055 2243 1191 2296 duce
1241 2243 1343 2296 sibi
1390 2258 1530 2311 opus
1577 2258 1700 2298 esse
1742 2245 2023 2300 existima-

444 2344 656 2388 verunt.
690 2335 790 2399 Qui
829 2333 1122 2402 Egyptum
1157 2342 1284 2386 sunt
1313 2334 1538 2402 egressi,
1576 2332 1759 2388 MOsen
1787 2352 1800 2401 ;
1833 2336 1924 2404 qui
1958 2350 2030 2390 ex

443 2427 698 2480 Sodomis
723 2468 736 2489 ,
785 2426 1035 2494 angelum
1081 2424 1318 2479 habuere
1347 2425 1655 2479 ductorem.
1693 2425 1759 2480 Et
1803 2429 2023 2496 quidem

440 2519 532 2572 alii
565 2518 731 2571 animi
763 2518 893 2571 vitia
924 2516 1164 2571 adhibita
1206 2517 1543 2571 medicorum
1589 2532 1722 2572 cura
1775 2519 2025 2573 sananti-

438 2611 542 2665 hus
577 2611 783 2666 similes
813 2619 982 2676 sunt;
1023 2609 1330 2679 cujusmodi
1367 2619 1526 2676 sunt,
1569 2610 1662 2680 qui
1693 2626 1757 2666 ex
1791 2611 2025 2682 Egypto

437 2703 898 2773 proﬁciscuntur;
941 2704 1030 2756 alii
1061 2718 1192 2757 vero
1223 2703 1408 2757 miseri
1445 2703 1694 2771 corporis
1716 2702 1904 2756 sordes
1930 2703 2028 2757 ab-

440 2803 678 2863 stergere
712 2795 968 2862 cupiunt;
1004 2794 1056 2848 hi
1096 2795 1276 2850 ccelite
1298 2835 1312 2859 ,
1341 2802 1435 2847 aut
1463 2803 1611 2847 certe
1639 2793 1889 2858 homine,
1930 2794 2025 2863 qui

438 2885 737 2948 cwlitibus,
774 2891 834 2938 ut
867 2884 946 2938 sic
973 2885 1318 2955 loquar,‘par
1350 2885 1440 2944 sit.
1476 2883 1720 2954 indigent
1751 2885 2022 2954 adjutore.

438 2974 576 3030 Nam
613 2992 711 3044 pro
743 2976 952 3030 ratione
981 2977 1270 3030 vulnerum
1307 2975 1449 3031 foeda
1485 2986 1832 3046 peccatorum
1873 2979 2026 3034 sanie

440 3069 767 3121 scatentinm
796 3105 811 3131 ,
847 3066 1160 3120 vulnerat-io
1194 3077 1246 3120 et
1286 3067 1498 3120 medico
1525 3066 1854 3137 indigemus.
1885 3066 2027 3122 Ulti-

439 3175 568 3214 mus
612 3174 742 3213 sane
777 3168 1039 3223 conatus,
1071 3174 1196 3213 cum
1235 3167 1441 3213 κίειηο
1479 3159 1728 3214 laborum
1782 3169 1838 3215 et
1886 3160 2024 3216 aﬂli-
2052 3176 2095 3233 α

439 3251 684 3306 ctionum
714 3249 897 3304 studio
936 3250 1280 3306 adhibendus
1309 3260 1391 3305 est
1423 3251 1491 3304 iis
1517 3291 1532 3314 ,
1573 3253 1664 3321 qui
1697 3268 1822 3306 cum
1859 3268 2028 3308 onere

440 3343 689 3413 corporis
731 3343 835 3397 iter
874 3343 1178 3397 moliuntur
1227 3344 1280 3396 in
1329 3343 1529 3398 cmlum
1570 3361 1583 3397 :
1619 3346 1922 3413 praesertim
1972 3347 2026 3402 in

440 3437 564 3506 ipso
597 3435 834 3505 religiosi
870 3435 1110 3489 tirocinii
1137 3435 1384 3497 exordio,
1411 3435 1594 3502 quoad
1621 3435 1834 3491 deliciis
1865 3437 2028 3491 innu-

442 3526 571 3578 trita
612 3532 666 3578 et
720 3522 935 3592 stupida
967 3521 1132 3575 animi
1165 3521 1416 3575 vecordia
1437 3561 1453 3586 ,
1485 3536 1582 3590 per
1607 3522 2028 3577 testatissimum

440 3615 777 3686 poenitentia
810 3615 1013 3669 luctum
1047 3613 1258 3668 cmlesti
1290 3612 1546 3667 Numinis
1579 3628 1768 3668 amore
1814 3613 2030 3668 inﬂam-

442 3719 644 3771 metur,
674 3709 1119 3778 emendetur-que.
1173 3707 1230 3778 6
1271 3707 1421 3778 Opus
1447 3716 1530 3762 est
1554 3745 1569 3771 ,
1602 3708 1824 3776 inquam
1849 3748 1863 3772 ,
1893 3722 2029 3776 opus

441 3813 633 3853 revera
677 3801 880 3870 ingenti
921 3800 1108 3854 labore
1134 3840 1148 3865 ,
1193 3800 1475 3868 multaque
1508 3809 1562 3853 et
1596 3800 1811 3853 occulta
1859 3799 2029 3853 animi

443 3891 738 3947 aiIlictione
783 3893 1057 3963 (maxime
1097 3894 1165 3947 iis
1207 3891 1300 3962 qui
1343 3892 1463 3947 sine
1502 3891 1610 3945 ulla
1655 3906 1790 3945 cura
1837 3892 2029 3964 salutis

439 3984 622 4038 vivere
642 3986 1094 4052 consueverunt),
1111 3985 1285 4038 donec
1306 3984 1473 4038 animi
1497 3999 1742 4050 sensum,
1766 3993 2028 4055 tanquam

440 4092 634 4131 canem
665 4077 952 4132 macellum
973 4118 986 4143 ,
1025 4091 1120 4131 seu
1158 4075 1398 4130 culinam
1434 4077 1668 4131 olentem
1691 4117 1706 4144 ,
1737 4087 1791 4132 et
1819 4078 2030 4132 latrati-

439 4171 545 4225 bus
566 4179 870 4235 assuetum,
903 4185 1002 4240 per
1028 4169 1434 4240 simplicitatem
1467 4185 1850 4241 summamque
1875 4187 2030 4226 man-

441 4263 809 4329 suetudinem,
838 4275 892 4318 et
922 4263 1259 4331 diligentiam
1292 4261 1360 4316 ad
1397 4277 1590 4333 puram
1626 4264 2023 4320 continentiam

442 4371 742 4425 curamque
779 4356 975 4410 salutis
1021 4354 1398 4410 traducamus.
1445 4353 1743 4411 Enimvero
1793 4356 2028 4413 fidamus

441 4443 555 4500 Deo
576 4483 590 4507 ,
625 4447 942 4514 quicunque
976 4443 1186 4498 morbis
1215 4443 1421 4508 animi,
1459 4443 1731 4513 malisque
1751 4443 2027 4513 cupidita-

2125 590 2186 626 τε
2238 573 2380 645 ὑπὲρ
2415 575 2573 646 ἡμῶν
2627 577 2792 648 μέσος
2840 580 3115 650 πράξεως,
3148 585 3241 639 καὶ
3275 585 3509 660 θεωρίας
3539 594 3716 662 ἑστὼς

2125 667 2225 729 τὰς
2251 671 2440 740 χεῖρας
2467 669 2603 739 πρὸς
2634 669 2768 725 Θεὸν
2798 673 3052 740 ἐκτείνοι,
3093 678 3183 734 ἵνα
3221 683 3270 734 oi
3306 684 3714 757 κεθοδηγούμε-

2123 775 2204 812 νοι
2239 761 2336 831 τήν
2379 777 2439 814 τε
2483 761 2756 818 θάλασσαν
2796 767 2906 820 τῶν
2951 769 3368 843 ἁμαρτημάτων
3398 779 3706 850 περάσωσι,

2126 852 2222 946 καὶ
2250 853 2339 906 τὸν
2380 856 2626 926 Ἀμαλὴκ
2653 857 2763 911 τῶν
2790 860 2982 914 παθῶν
3017 863 3428 930 τροπὼσωνται.
3480 871 3713 946 Ἠπατή.

2126 944 2298 1017 θησαν
2328 948 2504 1003 τοίνυν
2549 951 2600 1003 oi
2649 953 2878 1016 ἑαυτοὺς
2928 955 3291 1026 ἀποδιδόντες,
3343 962 3438 1015 καὶ
3485 944 3711 1036 μηδενὸς

2124 1039 2218 1092 τοῦ
2251 1042 2664 1112 προηγουμένου
2694 1045 2918 1116 χρῄζειν
2960 1047 3381 1118 ὑπονοήσαντες.
3413 1055 3478 1108 Οί
3523 1058 3622 1125 μὲν
3655 1058 3715 1124 ἐξ

2127 1129 2238 1201 (12)
2271 1132 2549 1200 Αἰγύπτου
2585 1135 2840 1202 ἐξιόντες,
2890 1141 3092 1194 Μωσέα
3113 1159 3130 1173 ·
3177 1143 3227 1195 οἰ
3259 1143 3315 1198 δὲ
3362 1147 3427 1199 ἐκ
3461 1148 3716 1219 Σοδόμων

2125 1224 2476 1292 ἐκφυγόντες,
2501 1227 2733 1295 ἄγγελον
2758 1231 2850 1283 τὸν
2876 1232 3225 1302 καθηγοῦντα
3260 1237 3574 1306 ἐκέκτηντο.
3602 1244 3716 1297 Καὶ

2125 1315 2174 1366 oi
2208 1315 2308 1384 μὲν
2331 1320 2446 1382 τοῖς
2471 1320 2540 1372 τὰ
2568 1320 2777 1391 ψυχικά
2825 1323 2974 1394 πάθη
3006 1326 3257 1396 ἰωμένοις
3281 1328 3352 1382 δι’
3390 1333 3715 1402 ἐπιμελείας

2129 1407 2325 1477 ἰατρῶν
2353 1410 2619 1473 ἐοίκασιν,
2650 1413 2846 1478 οἵτινές
2877 1419 3015 1470 εἰσιν
3041 1420 3090 1471 οἱ
3135 1419 3192 1486 ἐξ
3234 1421 3513 1489 Αἰγύπτου
3552 1425 3716 1478 ἐκπο-

2130 1501 2430 1570 ρευόμενοι.
2483 1505 2546 1557 Oi
2583 1505 2640 1558 δὲ
2688 1506 2788 1576 τὴν
2841 1508 2934 1561 τοῦ
2978 1510 3242 1582 δυστήνου
3290 1513 3542 1584 σώματος
3575 1518 3718 1572 ἀκαο

2126 1591 2356 1662 θαρσίαν
2407 1595 2758 1652 ἐπιποθοῦσιν
2793 1600 3142 1657 ἐκδύσασθαι.
3193 1605 3286 1659 Διὸ
3326 1607 3421 1659 καὶ
3454 1609 3713 1677 ἀγγέλου,

2126 1680 2158 1750 ἢ
2189 1681 2319 1750 γοῦν
2353 1685 2661 1754 ίσαγγέλου,
2698 1688 2783 1742 ἵνα
2813 1690 2986 1756 οὔτως
3019 1695 3181 1760 εῐπω,
3212 1695 3304 1749 τοῦ
3337 1697 3715 1768 σύμ-ϐοηθοῦν-

2125 1788 2217 1836 τος
2249 1774 2570 1832 ἐπιδέονται.
2603 1781 2714 1834 Καὶ
2742 1780 2850 1851 γὰρ
2883 1782 2983 1854 τὴν
3023 1787 3294 1855 σηπεδόνα
3325 1789 3437 1842 τῶν
3464 1792 3725 1862 τραυμά-

2128 1881 2257 1931 των,
2292 1868 2539 1937 τεχνίτου
2570 1870 2708 1937 λίαν,
2731 1874 2826 1926 καὶ
2851 1874 3036 1946 ἰατροῦ
3066 1878 3392 1949 ἐπιδέομεθα
3422 1883 3557 1952 (15).
3581 1883 3716 1948 Βίας

2127 1956 2344 2026 ἀληθῶς
2391 1964 2485 2014 καὶ
2529 1964 2828 2019 ἀπαύστων
2859 1967 3060 2022 ὀδυνῶν
3100 1972 3149 2023 oi
3183 1973 3264 2034 εἰς
3296 1973 3525 2045 οὐρανὸν
3576 1978 3715 2046 μετά

2130 2047 2382 2116 σώματος
2417 2054 2658 2108 ἀνελθεῖν
2687 2060 3140 2130 ἐπιχειρήσαντες
3176 2063 3428 2118 δέονται·
3473 2068 3570 2120 καὶ
3608 2067 3714 2139 μά-

2126 2141 2284 2196 λιστα
2313 2145 2370 2197 ἐν
2404 2150 2709 2218 προοιμίοις
2740 2152 2927 2213 αὐτοῖς
2975 2153 3076 2223 τῆς
3110 2155 3391 2228 ἀποταγῆς
3416 2175 3430 2189 '
3463 2159 3625 2231 ἄχρις
3653 2154 3716 2215 οῦ

2125 2234 2188 2287 τδ
2216 2236 2499 2306 φιλήδονον
2532 2242 2561 2311 ή
2573 2241 2689 2310 μῶν
2720 2238 2851 2313 ἦθος
2884 2244 2979 2297 καὶ
3011 2247 3317 2318 ἀνάλγητος
3367 2251 3583 2321 καρδία,
3633 2253 3717 2316 είς

2127 2327 2426 2395 φιλοθεταν,
2459 2332 2553 2385 καὶ
2587 2334 2850 2405 ἁγνισμὸν
2896 2337 2985 2390 διά
3019 2338 3249 2403 πένθους
3296 2341 3563 2413 ἐναργοῦς
3607 2361 3713 2398 κα-

2125 2421 2459 2475 τασταθῶσι.
2513 2424 2726 2493 Μόχθος
2753 2425 2862 2497 γὰρ
2906 2417 3096 2493 ὅντως,
3139 2430 3354 2499 μόχθος,
3403 2432 3499 2486 καὶ
3544 2433 3712 2506 πολλὴ

2127 2511 2224 2563 καὶ
2271 2512 2569 2584 ἁόρατοςή
2618 2517 2848 2586 πικρία,
2896 2518 2991 2570 καὶ
3048 2519 3283 2588 μάλιστα
3328 2523 3440 2584 τοῖς
3493 2521 3713 2592 ἀμελῶς

2127 2599 2510 2670 διακειμένοις,
2543 2604 2702 2674 ἄχρις
2744 2601 2805 2660 οὗ
2842 2607 2932 2659 τὸν
2979 2608 3372 2679 φιλομάκελλον
3403 2610 3543 2667 κύνα
3566 2612 3711 2676 νοῦν,

2127 2692 2224 2744 καὶ
2254 2692 2602 2764 φιλόὸρομον,
2639 2696 2899 2765 φίλαγνόν
2919 2716 3040 2754 τινα
3069 2702 3163 2754 καὶ
3196 2702 3613 2771 φιλεπίσκοπον,
3646 2703 3715 2758 δι’

2129 2781 2450 2853 ἁπλότητος,
2502 2786 2596 2838 καὶ
2641 2787 2943 2858 άοργησίας
2978 2791 3221 2860 βαθείας,
3257 2793 3348 2846 καὶ
3399 2794 3715 2865 ἐπιμελείας

2129 2877 2462 2945 ποιήσωμεν.
2503 2877 2647 2948 Πλὴν
2675 2879 2970 2951 θαρσῶμεν
2998 2885 3047 2936 οἱ
3096 2885 3386 2954 ἐμπαθεῖς,
3436 2887 3530 2940 καὶ
3577 2887 3707 2942 ἀδυ-

2128 2967 2372 3034 νάμενοι,
2409 2969 2590 3022 πίστει
2625 2970 2932 3042 ἀδιστάκτῳ
2965 2976 3064 3045 τὴν
3093 2976 3368 3047 ἡμετέραν
3394 2977 3701 3044 ἀσθένειαν,

2130 3057 2223 3109 καὶ
2272 3057 2509 3128 ψυχικὴν
2559 3060 2856 3131 ἀδυναμίαν
2909 3066 2976 3134 τῇ
3017 3065 3161 3135 χειρὶ
3210 3066 3407 3136 ήμῶν,
3459 3069 3526 3139 τῇ
3567 3068 3716 3138 δεξιᾷ

2128 3150 2350 3221 Χριστῷ
2405 3153 2841 3224 προσφέροντες,
2901 3157 2994 3209 καὶ
3051 3157 3567 3230 ἐξομολογούμενοι·
3619 3162 3716 3214 καὶ

2132 3242 2350 3305 πάντως
2394 3245 2492 3314 τὴν
2535 3245 2701 3298 αὐτοῦ
2735 3246 3008 3316 βοήθειαν,
3062 3251 3158 3302 καί.
3207 3251 3348 3322 ὑπὲρ
3377 3250 3477 3320 τὴν
3507 3251 3714 3305 ἑαυτῶν

2131 3335 2289 3398 ἀξίαν
2320 3337 2662 3406 κομιζόμεθα
2687 3356 2700 3370 ·
2736 3340 2794 3391 ἐν
2826 3338 2974 3409 βυθῷ
3003 3340 3186 3410 μέντοι
3216 3343 3718 3414 ταπεινοφροσύνης

2131 3427 2356 3490 ἑαυτοὺς
2387 3427 2648 3498 διηνεκῶς
2677 3429 3100 3500 καταφέροντες.
3136 3433 3558 3488 Γινωσκέτωσαν
3580 3435 3717 3488 πάν-

2129 3533 2222 3578 τες
2265 3518 2314 3570 οἱ
2359 3519 2418 3570 ἐν
2461 3518 2538 3589 τῷ
2574 3519 2722 3590 καλῷ
2775 3523 2946 3590 ἀγῶνι
2991 3524 3168 3595 τούτῳ
3213 3524 3292 3594 τῷ
3326 3525 3438 3596 (ﬂ)
3473 3527 3714 3598 σκληρῷ,

2131 3612 2228 3662 καὶ
2272 3610 2465 3681 στενῷ,
2510 3612 2606 3664 καὶ
2649 3612 2872 3684 ἐλαφρῷ
2905 3615 3359 3686 προσερχόμενοι,
3389 3619 3464 3682 ὡς
3494 3621 3574 3682 εἰς
3604 3619 3716 3692 πῦρ

2133 3701 2604 3772 προσεληλύθασιν
2681 3705 3031 3776 εἰσπηδῆσαι,
3080 3706 3240 3777 εἴπερ
3292 3707 3404 3778 πῦρ
3453 3708 3615 3762 άῡλον
3658 3712 3716 3764 ὲν

2131 3794 2344 3857 ἑαυτοῖς
2366 3794 2648 3864 ἐνοικῆσαι
2675 3795 3006 3866 ἐκδέχονται.
3034 3796 3388 3868 Δοκιμαζέτω
3407 3798 3466 3852 δὲ
3488 3800 3718 3863 ἕκαστος

2131 3884 2348 3949 ἐαυτὸν,
2381 3887 2475 3938 καὶ
2499 3882 2598 3939 εἷθ’
2627 3885 2802 3951 οὓτως
2834 3888 2900 3940 ἐκ
2930 3887 3025 3940 τοῦ
3058 3887 3224 3959 ἄρτου
3257 3889 3427 3960 αὐτῆς
3457 3891 3552 3943 τοῦ
3579 3891 3720 3962 μετά

2133 3976 2419 4049 πικρίδων,
2460 3980 2556 4032 καὶ
2586 3980 2651 4032 ἐκ
2681 3979 2775 4031 τοῦ
2810 3979 3074 4049 ποτηρίου
3107 3980 3281 4052 αὐτῆς
3323 3981 3420 4036 τοῦ
3454 3982 3591 4052 μετά
3623 3983 3719 4036 δα-

2131 4068 2314 4138 κρύων
2367 4067 2631 4131 ἐσθιέτω,
2686 4069 2781 4124 καὶ
2837 4071 3072 4135 πινέτω,
3124 4071 3214 4126 ίνα
3268 4073 3343 4144 μὴ
3401 4074 3482 4137 είς
3544 4076 3719 4144 κρῖμα

2131 4157 2310 4227 ἐαυτῷ
2345 4158 2730 4228 στρατεύηται.
2773 4160 2830 4213 Εἰ
2865 4160 2924 4214 οὐ
2973 4162 3080 4225 πᾶς
3113 4162 3143 4214 ό
3174 4161 3288 4233 (15)
3322 4163 3720 4234 βαπτιζόμενος

2133 4248 2424 4318 σέσωσται,
2453 4252 2516 4304 τὸ
2545 4252 2672 4322 ἐξῆς
2717 4253 3094 4324 σιωπήσομαι,
3144 4253 3324 4308 πάντα
3371 4257 3718 4326 ἀπαρνήσον-

2131 4355 2244 4405 ται,
2272 4341 2452 4395 πάντα
2479 4344 2955 4414 καταφρονήσουσι
2978 4360 2993 4375 ο
3015 4345 3192 4398 πάντα
3221 4345 3714 4414 καταγελάσονται’

2133 4432 2315 4486 πάντα
2361 4433 2734 4498 ἐκτινάξονται
2807 4436 2857 4490 οἱ
2906 4436 3369 4508 προσερχόμενοι,
3421 4438 3507 4491 ἵνα
3556 4438 3719 4492 καλὸν

443 4537 592 4592 tibus
617 4535 840 4610 obnoxii
874 4550 1068 4591 sumus
1093 4575 1106 4600 ,
1133 4535 1385 4605 quamvis
1410 4535 1801 4590 imbecillitatis
1829 4543 2028 4590 nostra:

2135 4524 2384 4596 θεμέλιον
2432 4525 2869 4584 καταδάλωνται.
2920 4528 3103 4592 Καλὸς
3151 4529 3405 4601 τρίδομος
3456 4532 3552 4586 καὶ
3602 4532 3721 4603 τρί-

443 4629 602 4686 nohis
627 4629 856 4695 conscii,
885 4629 1305 4700 certissimaqne
1329 4628 1434 4682 [ide
1463 4629 1600 4692 nixi,
1633 4627 1837 4682 fractas
1859 4626 2028 4681 animi

444 4730 761 4792 naturzeque
784 4722 927 4776 vires
953 4761 967 4786 ,
991 4721 1137 4776 haud
1163 4720 1392 4776 'iniiciati
1419 4719 1584 4775 simul
1615 4718 1900 4773 mollitiem
1925 4732 2029 4773 no-

445 4823 639 4877 stram,
669 4823 925 4884 protensa
960 4814 1155 4868 dextra
1188 4812 1411 4867 Christo
1437 4812 1752 4878 oﬂ‘eramus,
1783 4819 1837 4866 et
1864 4825 2029 4881 para-

447 4904 712 4959 tissimam
755 4920 912 4974 opem
938 4944 953 4970 ,
987 4904 1345 4974 quantumvis
1383 4901 1612 4973 indigni,
1647 4900 2026 4971 experiemur;

446 4997 745 5052 dummodo
789 5013 891 5052 nos
931 5006 1195 5067 perpetuo
1234 4996 1290 5050 in
1337 4994 1669 5066 profundum
1703 4991 2030 5048 humilitatis

446 5089 849 5160 demergamus.
883 5089 1187 5158 intelligant
1207 5105 1418 5154 omnes,
1450 5089 1765 5160 quicunque
1793 5089 1859 5142 ad
1891 5102 2032 5156 pne-

447 5180 654 5235 clarum
681 5222 695 5246 ,
744 5181 837 5237 sed
869 5181 1068 5236 durum
1100 5184 1443 5251 arduumque
1477 5180 1659 5250 (quod
1691 5194 1794 5249 ope
1847 5188 2029 5233 tamen

447 5272 629 5327 divina
664 5274 911 5346 levatur)
947 5283 1223 5330 certamen
1257 5275 1529 5344 religiosae
1566 5273 1774 5327 militiae
1802 5272 2032 5328 descen-

447 5362 585 5416 dunt
610 5403 624 5428 ,
666 5379 725 5418 se
761 5373 910 5419 recta
961 5365 1016 5440 i_n
1063 5366 1303 5419 medium
1343 5366 1687 5419 ﬂammarum
1722 5363 2060 5440 incendium.

447 5454 687 5518 desilire,
721 5455 766 5510 si
792 5437 1155 5511 tamen'intus
1183 5457 1388 5512 caelesti
1418 5457 1636 5510 ﬂamma
1666 5455 1919 5510 succensi
1946 5467 2034 5506 ar-

447 5545 632 5600 deant.
664 5547 742 5601 Ac
773 5546 1001 5617 proinde
1029 5562 1088 5601 se
1121 5548 1356 5617 quisque
1391 5555 1516 5602 ante
1555 5547 1724 5616 probe
1754 5544 2028 5613 exploret,

451 5645 506 5690 ct
543 5645 657 5690 tum
690 5639 910 5690 demum
941 5637 1009 5691 de
1036 5638 1304 5709 religiosae
1343 5646 1398 5692 et
1445 5637 1708 5693 solitariae
1733 5635 1860 5690 vitae
1889 5651 2029 5704 pane

455 5743 580 5782 cum
614 5727 843 5780 lactucis
881 5728 1186 5796 agrestibus
1215 5738 1414 5800 gustet,
1443 5738 1497 5784 et
1521 5729 1745 5783 calicem
1777 5727 2033 5796 lacrymis

455 5824 814 5888 temperatum
845 5817 1077 5886 hauriat,
1101 5835 1171 5876 ne
1197 5821 1249 5877 in
1277 5820 1544 5891 judicium
1580 5818 1684 5873 sibi
1720 5817 1864 5872 hanc
1895 5817 2034 5874 mili-

2134 4623 2326 4686 στυλος
2359 4622 2609 4693 θεμέλιος
2641 4623 2870 4688 ἀκακία,
2901 4624 3147 4693 νηστεία,
3181 4627 3526 4698 σωφροσύνη.
3575 4628 3723 4684 Πάν-

2131 4728 2222 4776 τες
2264 4714 2314 4766 οἰ
2361 4714 2420 4765 ἐν
2462 4711 2685 4783 Χριστῷ
2725 4714 2910 4785 νήπιοι
2952 4713 3041 4769 διὰ
3089 4715 3296 4772 τούτων
3341 4717 3720 4790 ἀρχέσθωσαν,

2131 4805 2434 4875 τεκμήριον
2481 4804 2851 4875 λαμϐάνοντες
2895 4807 2966 4861 τὰ
3015 4807 3252 4880 αἰσθητά
3306 4811 3498 4880 νήπια.
3554 4810 3722 4864 Οὐδὲν

2133 4896 2341 4964 γίνεται
2394 4896 2545 4968 παρά
2588 4897 2820 4962 ἐκείνοις
2851 4898 3044 4965 δεινὸν,
3089 4901 3242 4957 οὐδὲν
3288 4902 3525 4958 ὓπουλον
3565 4905 3724 4978 εὑρε-

2135 4986 2361 5057 θήσεται
2391 5005 2521 5041 ποτε
2545 5003 2560 5018 ο
2591 4989 2652 5042 οὐ
2682 4989 2842 5061 κόρος
2869 4991 3165 5064 ἀκόρεστος
3185 5011 3199 5024 ·
3235 4995 3300 5049 οὐ
3327 4996 3539 5068 γαστὴρ
3567 4997 3723 5068 ἀχόρ-

2134 5091 2359 5140 ταστος·
2397 5077 2458 5130 οὐ
2491 5077 2653 5149 σῶμα
2699 5079 3063 5151 πυρούμενον.
3106 5085 3269 5148 Ἴσως
3302 5087 3414 5160 γὰρ
3443 5087 3585 5140 κατὰ
3624 5087 3725 5158 τὴν

2133 5167 2364 5238 αὔξησιν
2391 5169 2500 5239 τῆς
2530 5171 2736 5243 τροφῆς
2782 5171 2968 5228 λοιπὸν
3003 5175 3442 5246 προκόπτονταιτ
3486 5177 3582 5232 καὶ
3625 5177 3724 5246 τὴν

2135 5260 2383 5332 πύρωσιν
2441 5263 2972 5334 προσλαμϐάνονται.
3043 5269 3290 5339 Μισητὸν
3347 5267 3565 5341 ἀληθῶς
3629 5269 3726 5324 καὶ

2135 5354 2476 5408 ἐπικίνδυνον
2501 5354 2563 5408 τὸ
2592 5355 2651 5423 ἐξ
2679 5357 2887 5411 εἰσόδου
2912 5361 3014 5429 τῆς
3043 5360 3222 5430 πάλης
3255 5361 3602 5431 χαυνωθῆναι
3633 5360 3726 5415 τὸν

2137 5447 2457 5513 παλαίοντα,
2487 5449 2622 5502 πᾶσι
2651 5449 2866 5504 διδόντα
2904 5451 3204 5522 τεκμήριον
3228 5452 3330 5522 τῆς
3359 5452 3555 5505 ἐαυτοῦ
3591 5469 3728 5522 σφα-

2134 5538 2264 5615 γῆς.
2300 5539 2481 5592 Ἔστω
2504 5542 2640 5610 ήμῖν
2673 5540 2892 5605 πάντως
2921 5543 2986 5595 ἐκ
3027 5542 3128 5612 τῆς
3155 5544 3389 5615 mappa;
3411 5542 3608 5612 ἀρχῆς,
3633 5542 3729 5595 καὶ

2135 5633 2198 5686 ἐν
2226 5633 2289 5702 τῇ
2335 5633 2452 5702 μετ’
2486 5632 2654 5703 αὐτὴν
2680 5634 2948 5703 χαυνὼσει
2989 5633 3250 5704 ὠφέλεια.
3279 5634 3442 5704 Ψυχὴ
3488 5634 3600 5703 γὰρ
3630 5634 3726 5686 άν-

2138 5726 2460 5797 δρισαμένη,
2494 5727 2588 5780 καὶ
2629 5727 3042 5797 ὑποχαλάσασα,
3094 5729 3200 5782 ὑπὸ
3244 5729 3341 5798 τῆς
3377 5727 3600 5798 μνήμης
3628 5726 3727 5796 τῆς

2133 5817 2374 5888 ’ἀρχαίας
2419 5817 2674 5888 σπουδῆς,
2708 5819 2784 5883 ὡς
2833 5819 2936 5875 ὑπὸ
2987 5820 3232 5892 κέντρου,
3269 5819 3585 5891 πλήσσεται.
3637 5815 3730 5871 Διὸ
