4062 6504
1428 414 1665 476 SCALA
1700 416 2081 481 PARADISI.
2107 445 2179 456 —
2206 422 2514 486 GRADUS
2540 427 2587 487 Ι.

361 507 461 564 καὶ
482 508 766 614 ἐκτούτου
806 513 1067 579 πολλάκις
1094 517 1241 584 τινὲς
1272 520 1498 590 ἑαυτοὺς
1543 527 1925 600 ἀνεπτέρωσαν

2057 533 2188 589 tiam
2227 538 2410 592 obeat.
2441 536 2598 606 Quod
2635 538 2682 596 si
2730 555 2839 596 non
2879 556 3073 599 omnes
3111 543 3456 614 baptismatis
3490 555 3634 606 unda

371 601 559 691 ὐπότ’
611 602 742 674 ἀνή
795 604 942 676 ψυχὴ
1002 608 1206 682 ἑαυτὴν
1252 615 1526 685 προδοῦσα
1578 619 1677 689 τὴν
1732 620 1946 691 θέρμην

355 690 606 764 ἀπολέσῃ
661 692 760 763 τὴν
810 696 1089 769 μακαρίαν
1144 701 1239 755 καὶ
1290 705 1599 775 ἐπήρατον,
1651 690 1947 780 ζητησάτω

352 784 636 855 ἐπιμελῶς
665 787 732 840 ἐκ
767 788 926 852 ποίας
956 791 1136 857 αἰτίας
1160 794 1330 866 αὐτῆς
1358 797 1670 870 ἐστέρηται,
1700 802 1795 855 καὶ
1822 803 1943 856 κατ’

350 877 575 948 ἐκείνης
593 879 713 932 ὅλον
742 880 835 934 τὸν
864 883 1052 950 πόθον,
1086 886 1182 939 καὶ
1204 887 1300 958 τὴν
1326 891 1560 962 σπουδὴν
1605 894 1940 952 ἀναλαϐέτω.

349 972 471 1025 οὐκ
507 972 625 1026 ἐστι
651 973 758 1045 γὰρ
781 974 848 1028 δι’
881 976 1075 1047 ἐτέρας
1102 979 1277 1050 πύλης
1305 983 1477 1052 αὐτὴν
1505 986 1938 1057 ἐπαναστρέψαι,

345 1066 399 1117 εἰ
434 1065 512 1136 μὴ
558 1066 627 1119 δι’
656 1061 727 1138 ἧς
760 1067 854 1121 καὶ
901 1069 1240 1141 ἐξελήλυθεν.
1291 1075 1349 1127 Ὀ
1390 1077 1486 1146 μὲν
1521 1078 1584 1130 ὲκ
1628 1078 1794 1147 φόϐου
1845 1079 1940 1151 τὴν

344 1157 637 1229 ὑποταγὴν
684 1160 1074 1232 ποιησάμενος,
1110 1166 1241 1228 ἴσως
1286 1166 1362 1235 τῷ
1412 1170 1688 1241 καιομένῳ
1738 1170 1939 1242 θυμιά-

347 1264 489 1316 ματι
524 1252 865 1320 προσέοικεν,
898 1255 955 1305 ἐν
987 1255 1185 1325 ἀρχαῖς
1217 1258 1319 1327 μὲν
1348 1258 1407 1323 ἐξ
1437 1260 1664 1324 εὐωδίας
1693 1263 1940 1333 ἀρξάμε-

344 1355 440 1391 νον
474 1339 671 1411 μαίας,
702 1342 1016 1417 ἀρξαμένῳ]
1054 1346 1279 1418 ὕστερον
1314 1350 1370 1404 δὲ
1408 1352 1489 1415 είς
1526 1354 1730 1409 καπνὸν
1772 1372 1940 1408 κατα-

343 1430 522 1499 λῆξαν
573 1430 1023 1508 [καταλήξαντιΓ
1060 1439 1089 1492 ὀ
1132 1438 1189 1491 δὲ
1239 1440 1304 1493 ἐκ
1346 1443 1457 1511 (l6)
1510 1443 1727 1513 μισθοῦ,
1759 1445 1938 1510 ὀνικὸς

347 1522 523 1592 μύλος
567 1524 913 1592 καθίσταται,
941 1529 1030 1583 διὰ
1064 1532 1265 1596 παντὸς
1295 1533 1559 1598 ὡσαύτως
1582 1536 1899 1607 κινούμενος
1917 1555 1931 1569 ⁸

343 1615 375 1668 ὀ
400 1614 460 1667 δὲ
497 1616 559 1680 ἐξ
603 1617 826 1689 ἀγάπης
871 1619 1021 1684 θείας
1062 1622 1163 1694 τὴν
1190 1625 1546 1698 ἀναχώρησιν
1593 1630 1933 1701 ποιούμενος,

340 1708 555 1772 εὐθέως
579 1710 692 1782 πῦρ
715 1713 773 1766 ἐν
802 1716 1110 1783 προοιμίοις
1139 1719 1432 1789 κέκτηται’
1470 1723 1564 1775 καὶ
1592 1724 1721 1788 ίσως
1751 1727 1807 1777 ἐν
1832 1723 1934 1796 ὕλῃ

346 1802 565 1873 βληθὲν,
599 1804 743 1859 κατά
769 1807 1063 1875 πρόσωπον
1101 1811 1466 1883 σφοδροτέραν
1493 1815 1592 1884 τὴν
1638 1816 1820 1886 πυρὰν
1847 1818 1934 1884 ἐξ·

345 1895 558 1966 ἀψοιεν.
590 1897 709 1950 Εἰσί
739 1897 852 1969 (l7)
883 1916 1029 1959 τινες
1055 1904 1106 1956 οί
1142 1904 1328 1959 ἐπάνω
1355 1905 1520 1960 λίθων
1568 1908 1823 1975 πλίνθους
1854 1913 1931 1964 οἰ-

349 1986 703 2057 κοδομοῦντες
723 2005 739 2021 ⁸
771 1988 868 2044 καὶ
894 1992 1034 2044 εἰσὶν
1067 1992 1264 2065 ἕτεροι,
1292 1996 1342 2049 οἳ
1371 1981 1556 2051 induis
1578 2000 1680 2068 γῆς
1708 2000 1933 2067 στύλους

355 2079 648 2149 ἐδραίωσαν
668 2096 682 2113 ’
720 2083 816 2136 καὶ
840 2083 979 2136 εἰσὶν
1007 2085 1158 2139 ἄλλοι
1207 2088 1400 2159 μικρὸν
1431 2091 1808 2158 πεζεύσαντες,
1836 2097 1932 2149 καὶ

348 2169 466 2222 τῶν
496 2170 710 2242 νεύρων,
744 2175 843 2226 καὶ
883 2174 1077 2244 ἁρμῶν
1105 2176 1456 2248 θαλφθέντες,
1496 2182 1764 2255 ὀξυτέρως
1799 2186 1926 2238 sese-

342 2258 524 2323 δισαν,
558 2262 587 2313 ό
638 2262 775 2314 νοῶν
831 2265 1019 2319 νοείτω
1067 2266 1224 2336 λόγον
1272 2270 1618 2342 συμϐολικόν.
1686 2274 1773 2339 Ὠς
1824 2277 1930 2331 ὑπὸ

338 2349 481 2403 Θεοῦ
515 2353 610 2406 καὶ
651 2351 917 2421 βασιλέως
948 2357 1238 2428 κληθέντες
1277 2361 1573 2434 προθύμως
1609 2364 1925 2438 δράμωμεν,

339 2442 545 2511 μήπως
574 2443 929 2515 ὀλιγοχρόνιοι
958 2448 1110 2511 ὄντες
1140 2452 1199 2503 ἐν
1239 2452 1423 2523 ἡμέρᾳ
1472 2452 1703 2509 θανάτου
1754 2459 1927 2530 ἄκαρ-

335 2548 433 2585 ποι
463 2533 805 2604 εύρεθῶμεν,
838 2538 932 2590 καὶ
958 2536 1035 2608 τῷ
1068 2540 1211 2611 λιμῷ
1237 2542 1669 2615 τελευτήσωμεν.
1720 2548 1929 2620 Εὑαρε-

333 2623 632 2693 στήσωμεν
703 2624 890 2697 Κυρίῳ
949 2628 1025 2691 ὡς
1082 2630 1411 2699 στρατιῶται
1477 2632 1705 2703 βασιλεῖ.
1772 2638 1927 2692 Μετά

330 2712 446 2784 γάρ
481 2713 777 2785 στρατείαν
822 2716 943 2770 τότε
978 2717 1077 2790 τήν
1123 2721 1328 2792 ἀκριϐῆ
1371 2723 1614 2779 δουλείαν
1659 2727 1927 2782 ἀπαιτού-

333 2803 504 2874 μεθα.
538 2804 872 2875 Φοϐηθῶμεν
914 2808 1006 2862 τὸν
1053 2809 1258 2881 Κύριον
1302 2812 1378 2878 ὡς
1410 2813 1481 2867 τὰ
1534 2814 1715 2886 θηρία.
1770 2815 1924 2872 Εἶδον

329 2895 445 2969 γὰρ
472 2895 677 2967 ἄνδρας
704 2897 932 2968 συλῆσαι
982 2902 1363 2972 πορευθέντας,
1398 2905 1492 2959 καὶ⁸
1532 2906 1665 2962 Θεὸν
1696 2908 1794 2980 μὲν
1821 2911 1924 2965 οὐκ

329 2986 704 3058 ἐφοϐήθησαν,
729 2989 909 3045 κυνῶν
932 2991 988 3045 δὲ
1019 2993 1201 3064 φωνὴν
1222 2997 1282 3048 ἐν
1310 2995 1387 3066 τῷ
1411 2997 1560 3069 τόπῳ
1590 3000 1923 3065 ἀκούσαντες

332 3079 536 3143 εὐθέως
554 3078 921 3150 ὑπέστρεψαν.
949 3083 1058 3136 Καὶ
1080 3082 1217 3155 ὅπερ
1243 3084 1405 3154 φόϐος
1432 3086 1568 3141 Θεοῦ
1600 3090 1702 3143 ούκ
1729 3092 1920 3163 ἐποίη-

2047 625 2192 692 loti,
2260 627 2398 683 salvi
2465 639 2634 697 sunt,
2709 631 2854 700 quod
2918 633 3045 688 inde
3121 637 3372 707 sequitur
3439 638 3634 698 silebo.

2046 715 2373 787 Quicunque
2410 732 2469 774 se
2506 719 2573 773 ad
2604 719 2914 791 religiosam
2948 725 3115 779 vitam
3147 726 3435 782 conferunt
3463 769 3479 793 ,
3515 744 3638 784 om-

2045 804 2209 861 nibus
2238 807 2402 861 rebus
2433 808 2685 865 nuntium
2716 811 3015 878 remittent,
3044 816 3226 871 omnia
3254 828 3629 884 contemnent,

2043 897 2227 950 omnia
2260 897 2530 966 ridebunt,
2553 902 2733 955 omnia
2759 903 3036 972 abjicient,
3065 916 3125 961 ut
3154 910 3477 978 praeclarum
3507 911 3634 966 fun-

2043 985 2359 1044 damentum
2389 990 2616 1061 jaciant.
2649 993 2977 1050 Przeclarum
3013 1013 3176 1068 porro
3208 999 3630 1058 fundamentum

2042 1078 2242 1148 triplici
2274 1087 2552 1135 structura
2582 1083 2944 1154 columnaque
2971 1100 3233 1145 constans
3266 1099 3349 1145 est
3375 1091 3425 1161 7
3468 1092 3633 1145 inno-

2040 1171 2240 1232 centia,
2272 1171 2564 1241 jejunium,
2600 1178 2976 1245 temperantia.
3007 1179 3231 1244 Omnes,
3261 1184 3353 1252 qui
3389 1185 3440 1236 in
3474 1184 3634 1237 Chri-

2040 1270 2124 1318 sto
2155 1272 2283 1318 sunt
2312 1262 2579 1331 infantes,
2622 1266 2690 1321 ab
2717 1268 2784 1323 iis
2814 1269 3018 1325 ducant
3048 1273 3301 1339 initium;
3343 1284 3397 1328 et
3422 1290 3487 1329 ex
3517 1275 3627 1330 illis

2039 1353 2192 1424 ipsis,
2227 1354 2321 1425 qui
2348 1354 2587 1411 infantes
2616 1373 2845 1428 corpore
2875 1368 3022 1427 sunt,
3048 1364 3355 1431 exemplum
3383 1364 3624 1433 capiant.

2037 1444 2181 1501 Nihil
2208 1447 2351 1517 apud
2385 1447 2621 1503 infantes
2681 1450 3015 1505 malitiosum
3045 1492 3059 1515 ,
3125 1453 3263 1506 nihil
3303 1454 3624 1517 subdolum,

2038 1554 2146 1593 non
2175 1540 2516 1609 inexplebilis
2550 1541 2638 1595 cib
2696 1544 2920 1597 satietas
2945 1583 2961 1607 ,
3008 1558 3114 1598 non
3157 1560 3357 1600 avarus
3387 1555 3577 1600 venter
3598 1587 3613 1610 ,

2037 1643 2144 1683 non
2190 1628 2582 1683 inflammatum
2635 1631 2890 1700 cupidine
2924 1646 3145 1701 corpus.
3193 1633 3447 1689 Fortasse
3497 1652 3622 1689 eum

2036 1720 2281 1775 auctiore
2320 1720 2463 1774 victu
2500 1728 2700 1790 augent
2734 1728 2789 1775 et
2817 1721 2940 1775 vilia
2981 1722 3265 1791 corporis,
3299 1724 3627 1793 venerisque

2038 1812 2263 1867 ardores
2289 1812 2682 1866 accenduntur.
2714 1810 2884 1880 Digna
2912 1821 3060 1868 certe
3089 1829 3176 1869 res
3200 1815 3327 1869 odio
3346 1855 3363 1883 ,
3394 1824 3447 1869 et
3477 1817 3627 1885 peri-

2039 1903 2162 1957 culo
2190 1902 2462 1973 proxima,
2497 1903 2754 1957 athletam
2790 1903 2843 1956 in
2883 1903 3002 1972 ipso
3031 1904 3188 1959 luctze
3220 1906 3371 1960 aditu
3398 1906 3625 1975 langue-

2036 2008 2192 2049 scere
2230 1994 2540 2048 certissimo
2579 2004 2847 2051 secuturae
2886 1997 3060 2049 ruitur
3112 2010 3225 2051 suae
3276 2007 3621 2067 argumento.

2036 2086 2113 2139 Ex
2150 2085 2309 2138 lirmo
2339 2085 2607 2156 religiosae
2639 2086 2762 2141 vita:
2787 2086 3057 2156 principio
3095 2086 3289 2157 ingens
3315 2088 3471 2141 nobis
3503 2087 3624 2142 fru-

2034 2183 2155 2230 ctus
2184 2176 2411 2230 exsistat
2437 2177 2721 2246 ,qnamvis
2760 2187 2946 2246 postea
2988 2178 3218 2245 languor
3250 2178 3449 2247 aliquis
3485 2180 3627 2233 suh-

2033 2274 2207 2335 repat.
2286 2265 2518 2321 Animus
2577 2281 2875 2338 generosus
2946 2276 3002 2322 et
3052 2266 3468 2333 inflammatus,
3522 2269 3618 2324 ubi

2031 2353 2161 2409 olim
2213 2355 2406 2426 incipit
2476 2353 2763 2421 fatiscere,
2846 2357 3107 2411 memoria
3166 2358 3356 2427 primae
3400 2359 3621 2415 virtutis

2030 2446 2198 2502 veluti
2224 2447 2530 2503 calcaribus
2572 2448 2806 2503 admotis
2846 2449 3245 2504 exstimulatur.
3297 2449 3432 2505 llinc
3475 2467 3620 2522 saepe

2028 2538 2280 2593 nonnulli
2327 2538 2536 2607 seipsos
2589 2554 2805 2592 rursum
2854 2537 2921 2591 ad
2975 2537 3242 2593 fervorem
3288 2541 3617 2597 excitarunt.

2029 2627 2252 2697 Quoties
2309 2631 2491 2685 anima
2537 2630 2623 2686 sui
2681 2631 2942 2698 proditrix
2997 2646 3028 2686 a
3082 2632 3390 2701 primo,ac
3437 2632 3616 2697 beato,

2026 2738 2081 2777 et
2121 2712 2435 2794 gratissimo
2500 2722 2781 2792 religionis
2831 2721 3028 2777 ardore
3073 2722 3333 2788 refrixit,
3383 2724 3611 2794 diligen-

2027 2813 2239 2869 tissime
2292 2827 2528 2878 causas,
2578 2818 2634 2867 et
2679 2810 2855 2867 fontes
2906 2811 3054 2866 illius
3133 2813 3475 2867 remissronis
3527 2814 3617 2867 iu-

2024 2905 2247 2977 quirat,
2305 2904 2506 2976 quibus
2557 2905 2948 2974 deprehensis,
2995 2913 3107 2960 toto
3161 2914 3362 2961 conatu
3426 2906 3622 2960 adver-

2024 3011 2120 3052 sus
2178 3011 2274 3051 eos
2331 3004 2608 3065 exsurgat.
2666 2993 2852 3066 Neque
2891 2997 3036 3050 enim
3082 2996 3196 3051 fieri
3263 3005 3482 3067 potest,
3537 2995 3617 3053 uti

2022 3101 2179 3141 mens
2223 3085 2292 3140 ad
2348 3085 2641 3155 pristinum
2687 3084 2902 3139 virtutis
2954 3085 3204 3140 ardorem
3266 3096 3322 3141 et
3376 3086 3619 3156 vigorem

334 3185 417 3233 σε,
464 3167 628 3224 τοῦτο
658 3170 821 3239 φόϐος
858 3171 1060 3244 θηρίων
1112 3174 1351 3245 ἴσχυσεν.
1405 3177 1805 3250 ’Δγαπήσωμεν
1827 3182 1919 3235 τὸν

2029 3177 2134 3232 nisi
2184 3193 2283 3248 per
2342 3176 2488 3230 illam
2546 3184 2758 3245 portam
2794 3214 2809 3239 ,
2863 3190 2969 3245 qua
3025 3177 3237 3243 exivit,
3291 3186 3617 3232 revertatur.

329 3259 564 3332 Κύριον,
594 3261 672 3326 ὡς
701 3264 830 3326 τοὺς
864 3263 1052 3333 φίλους
1083 3265 1374 3337 σεϐόμεθα.
1407 3264 1559 3323 Εἶδον
1587 3269 1695 3342 γὰρ
1724 3273 1923 3329 πολλά-

331 3371 422 3419 κις
450 3352 609 3418 τινὰς
632 3354 725 3409 τὸν
765 3354 900 3409 Θεὸν
928 3356 1308 3428 λυπήσαντας,
1351 3360 1445 3412 καὶ
1485 3360 1742 3428 οὐδεμίαν
1769 3365 1924 3435 μέρι.

339 3462 482 3516 μναν
507 3446 633 3517 περὶ
663 3446 855 3501 τούτου
891 3449 1194 3519 ἐσχηκότας
1219 3465 1234 3481 ⁶
1264 3451 1355 3506 καὶ
1381 3446 1522 3505 εἶδον
1547 3454 1675 3518 τοὺς
1701 3455 1921 3521 αὐτοὺς,

334 3539 468 3601 τοὺς
507 3537 718 3592 ἑαυτῶν
762 3539 1081 3610 ἅγαπητοὺς
1132 3540 1187 3594 ἐν
1234 3559 1340 3596 τινι
1378 3541 1521 3613 ψιλῷ
1570 3548 1927 3618 παραπικρα-

331 3647 559 3696 σαντας,
588 3631 686 3685 καὶ
715 3632 899 3685 πᾶσαν
935 3633 1205 3704 μηχανὴν,
1236 3635 1419 3688 πᾶσαν
1443 3635 1710 3703 ἐπίνοιαν,
1736 3640 1920 3694 πᾶσαν

323 3720 534 3791 θλίψιν,
571 3722 753 3776 πᾶσαν
798 3722 1185 3794 ἐξομολόγησιν
1227 3722 1293 3777 δι’
1329 3724 1562 3794 ἑαυτῶν,
1598 3725 1685 3780 διὰ
1729 3728 1920 3796 φίλων,

321 3814 417 3869 διά
455 3815 650 3887 δώρων
681 3817 1033 3887 ποιήσαντας,
1066 3816 1153 3870 ἵνα
1180 3818 1261 3881 είς
1282 3817 1382 3889 τὴν
1406 3818 1640 3889 ἀρχαίαν
1700 3820 1922 3892 ἀγάπην

321 3907 759 3978 ἐπιστρέψωσιν.
819 3909 908 3961 Ἐν
955 3908 1147 3972 αὑταῖς
1176 3910 1298 3972 ταῖς
1332 3911 1532 3981 ἀρχαῖς
1575 3911 1674 3983 τῆς
1719 3915 1921 3968 ἀποτα-

320 3999 433 4069 γῆς
478 3999 697 4063 πάντως
747 3999 889 4071 μετά
934 4000 1124 4065 κόπου,
1179 3999 1274 4054 καὶ
1308 4002 1534 4072 πικρίας
1572 4002 1670 4068 τάς
1718 4005 1920 4075 ἀρετὰς

321 4089 807 4161 κατεργαζόμεθα”
842 4090 1217 4162 προκόψαντες
1247 4092 1306 4146 δὲ
1343 4091 1556 4161 λοιπὸν,
1596 4094 1823 4160 ἀλύπως
1859 4100 1917 4150 ἐν

317 4182 540 4243 αὑταῖς,
580 4184 676 4235 καὶ
710 4180 907 4252 μικρὸν
926 4181 1255 4253 λυπούμενοι
1290 4182 1630 4254 διακείμεθα.
1655 4186 1822 4239 Ὅταν
1859 4186 1917 4240 δέ

317 4271 386 4325 τὸ
422 4270 621 4342 θνητὸν
663 4270 819 4342 ήμῶν
860 4273 1115 4344 φρόνημα
1155 4273 1460 4346 καταποθῇ,
1517 4276 1613 4329 καὶ
1651 4276 1913 4349 κυριευθῇ

320 4361 436 4416 ύπό
462 4362 568 4433 τῆς
592 4362 924 4433 προθυμίας,
975 4364 1035 4418 τὸ
1077 4364 1262 4418 λοιπὸν
1307 4367 1445 4437 μετά
1495 4367 1679 4437 πάσης
1715 4368 1911 4439 χαρᾶς,

321 4454 424 4510 καὶ
455 4454 714 4525 σπουδῆς,
742 4457 834 4509 καὶ
860 4455 1048 4522 πόθου,
1080 4457 1175 4512 καὶ
1204 4458 1400 4529 φλογὸς
1424 4457 1575 4522 θείας
1596 4459 1762 4522 αὐτὰς
1783 4475 1913 4513 κατ-

326 4639 473 4710 μίων
497 4637 641 4708 μετά
674 4638 857 4709 πάσης
885 4640 1079 4711 χαρᾶς,
1104 4641 1198 4694 καὶ
1233 4639 1544 4713 προθυμίας
1570 4644 1669 4706 τὰς
1702 4643 1921 4707 ἐντολὰς

322 4730 701 4794 ἐκτελοῦντες·
744 4730 886 4783 κατά
920 4730 1175 4785 τοσοῦτον
1204 4730 1452 4797 ἐλεεινοὶ,
1486 4733 1535 4785 οἱ
1565 4732 1625 4785 ἐν
1653 4735 1719 4804 τῇ
1748 4732 1922 4803 ἀσκή-

325 4837 414 4874 σει
446 4819 816 4893 χρονίσαντες,
844 4820 939 4874 καὶ
979 4820 1059 4875 ἐτι
1091 4822 1230 4893 μετὰ
1262 4823 1433 4876 κόπου
1465 4822 1636 4886 αὐτὰς
1662 4824 1923 4895 μετερχό-

324 4927 503 4980 μενοι,
568 4911 674 4967 κᾶν
737 4915 1112 4985 μετέρχονται.
1171 4914 1325 4985 Μηδέ
1371 4915 1474 4979 τὰς
1526 4916 1920 4985 περιστατικὰς

320 5003 610 5072 ἀππαγάς
637 5004 1021 5076 βδελυζώμεθα
1056 5007 1089 5078 ἢ
1130 5008 1569 5078 κατακρίνωμεν.
1607 5004 1759 5062 Εἶδον
1804 5008 1915 5081 γάρ

318 5113 479 5161 τινας
505 5097 829 5166 φεύγοντας,
855 5100 946 5153 καὶ
974 5101 1246 5165 ἀκουσίως
1271 5100 1351 5171 τῷ
1380 5100 1590 5172 βασιλεῖ
1617 5118 1918 5174 προσερχο-

327 5191 555 5259 μένους,
587 5194 681 5243 καὶ
708 5191 1068 5256 ἀπαντῶντας
1114 5194 1561 5265 προσερχομένῳ,
1597 5194 1693 5248 καὶ
1739 5194 1916 5265 τούτῳ

319 5280 512 5336 λοιπὸν
544 5282 815 5348 ἀκουσίως
848 5283 1266 5354 ὀψικεύσαντας,
1315 5288 1412 5341 καὶ
1458 5288 1518 5340 ἐν
1557 5285 1636 5357 τῷ
1667 5287 1916 5358 παλατίῳ

321 5372 476 5443 αὐτῷ
508 5375 976 5442 συνεισελθόντας,
1019 5377 1113 5430 καὶ
1155 5379 1328 5446 τούτῳ
1385 5379 1912 5450 συναριστήσαντας.

278 5453 287 5457 ⁸
317 5463 481 5521 Εἶδον
518 5468 721 5541 σπόρον
748 5470 805 5523 ἐν
830 5472 900 5542 γῇ
931 5470 1201 5536 ἀκουσίως
1231 5470 1551 5535 ἐκπεσόντα,
1582 5471 1674 5525 καὶ
1704 5469 1915 5541 καρπὸν

322 5558 517 5623 πολὺν,
551 5560 647 5613 καὶ
676 5559 876 5633 εὐθαλῆ
907 5563 1266 5632 πεποιηκότω
1304 5562 1494 5633 ὥσπερ
1532 5562 1626 5615 καὶ
1654 5561 1912 5632 ἔμπαλιν.

316 5646 481 5706 Εἶδον
510 5653 567 5705 ἐν
598 5652 818 5725 ἰατρείῳ
840 5653 963 5708 τινὰ
994 5655 1136 5708 κατά
1166 5672 1285 5707 τινα
1309 5653 1500 5726 ἐτέραν
1526 5654 1718 5725 χρείαν
1743 5671 1914 5725 παραυ

318 5741 638 5813 γενόμενον,
671 5743 766 5796 καὶ⁵
797 5744 903 5797 ὑπὸ
931 5743 1026 5800 τοῦ
1055 5744 1242 5816 ἰατροῦ
1274 5745 1579 5816 ἀστειότητι
1608 5744 1906 5818 κρατηθέν-

316 5849 415 5903 τα,
445 5833 535 5888 καὶ
562 5834 997 5905 ἀποστυφθέντα,
1030 5836 1124 5891 καὶ
1147 5838 1246 5911 τὴν
1278 5838 1631 5911 ἐπικειμένην
1665 5836 1740 5910 τῷ
1766 5839 1903 5911 φωτὶ

2039 3266 2144 3337 Qui
2181 3281 2248 3320 ex
2281 3274 2426 3319 metu
2465 3264 2732 3319 duntaxat
2762 3263 3123 3333 obtemperat,
3160 3267 3205 3320 is
3236 3265 3474 3320 incensis
3494 3265 3621 3337 thy-

2032 3336 2354 3418 miamatum
2408 3355 2672 3412 odoribus
2724 3372 2832 3411 nun
2880 3356 3147 3413 absimilis
3196 3336 3620 3429 videbitur,qui

2028 3454 2263 3525 primum
2295 3450 2511 3520 quidem
2549 3448 2916 3521 gratissimam
2943 3450 3224 3516 exspirant
3251 3463 3443 3504 auram
3468 3491 3482 3513 ,
3509 3465 3608 3520 po-

2026 3553 2233 3601 stremo
2260 3558 2391 3598 vero
2416 3541 2676 3597 desinunt
2706 3540 2761 3594 in
2800 3539 3034 3594 fumum.
3068 3538 3175 3605 Qui
3212 3556 3340 3595 vero
3368 3541 3439 3596 ob
3465 3556 3613 3597 mer-

2025 3636 2212 3692 cedem
2257 3643 2445 3703 parct.
2496 3634 2545 3689 is
2588 3632 2792 3687 molam
2836 3631 3174 3695 asinariam,
3223 3647 3347 3701 quae
3399 3648 3619 3702 semper

2023 3729 2214 3786 eodem
2241 3727 2407 3783 modo
2433 3724 2823 3796 circumagitur
2858 3724 2917 3795 8
2947 3722 3133 3779 refert.
3158 3722 3259 3791 Qui
3290 3736 3470 3780 autem
3499 3736 3618 3781 stu-

2023 3821 2115 3877 dio
2148 3829 2204 3875 et
2231 3835 2420 3875 amore
2452 3818 2544 3874 Dei
2575 3819 2776 3873 ductus
2810 3817 3124 3887 religiosam
3150 3817 3313 3871 vitam
3351 3825 3614 3882 sectatur,

2021 3913 2071 3969 is
2101 3913 2287 3968 statim
2314 3912 2366 3965 in
2398 3911 2517 3980 ipso
2545 3910 2724 3979 primo
2747 3909 2998 3978 ingressu
3031 3908 3310 3964 emlestem
3334 3906 3614 3963 ﬂammam

2020 4001 2299 4070 concipit;
2340 4013 2464 4070 qua
2490 3998 2650 4063 forte,
2685 4007 2945 4065 tanquam
2978 3998 3033 4052 in
3067 3997 3337 4066 objectam
3366 3996 3615 4067 conjecta

2021 4095 2238 4160 silvam,
2266 4093 2499 4148 ulterius
2531 4084 2817 4162 grassatur
2839 4129 2854 4154 ,
2886 4097 2942 4145 et
2970 4089 3027 4143 in
3058 4102 3317 4158 magnum
3342 4088 3616 4144 excressit

2018 4187 2355 4242 incendium.
2395 4182 2536 4239 Sunt
2570 4182 2666 4253 qui
2722 4196 2890 4251 supra
2921 4179 3133 4250 lapides
3160 4178 3433 4234 aedificant
3474 4178 3614 4236 late-

2017 4294 2137 4344 res;
2180 4287 2311 4333 sunt
2346 4276 2443 4347 qui
2473 4276 2531 4330 in
2561 4284 2705 4329 terra
2735 4275 3020 4329 columnas
3063 4282 3317 4342 ponunt;
3353 4280 3484 4327 sunt
3512 4271 3610 4342 qui

2014 4369 2249 4441 primam
2295 4366 2529 4437 pedibus
2570 4363 2803 4436 ingressi
2854 4364 2999 4418 viam
3025 4402 3041 4430 ,
3091 4361 3372 4419 calefactis
3416 4371 3609 4431 postea

2016 4467 2239 4515 artuum
2280 4458 2502 4525 nervis,
2538 4456 2845 4527 expeditius
2870 4463 3121 4512 currunt.
3154 4454 3259 4511 Cui
3293 4470 3491 4511 sensus
3522 4464 3611 4511 est

198 4600 205 4605 ,
319 4545 701 4618 εργαζόμεθα.
731 4545 979 4602 Καθόσον
1013 4549 1287 4604 ἐπαινετοὶ
1318 4550 1370 4603 oi
1395 4548 1600 4615 εὐθέως
1637 4551 1702 4605 ἐκ
1728 4567 1917 4621 προοι-

2027 4552 2250 4623 cogitet.
2280 4549 2414 4621 quid
2446 4550 2578 4606 llaec
2629 4547 2736 4603 sibi
2778 4546 3049 4619 figurata,
3087 4562 3185 4603 seu
3225 4546 3435 4617 tropica
3478 4546 3611 4601 velit
3660 4612 3670 4621 .

2018 4641 2216 4698 oratio.
2257 4640 2560 4695 Curramus
2597 4648 2852 4701 strenue,
2892 4647 3152 4707 tanquam
3196 4650 3228 4690 a
3257 4635 3463 4691 cmlesti
3503 4635 3610 4689 im-

2016 4740 2271 4803 peratore
2322 4729 2567 4796 evocati,
2620 4742 2689 4782 ne
2735 4726 2971 4782 fortasse
3031 4731 3270 4797 (sumus
3318 4727 3467 4779 enim
3505 4723 3608 4783 aevi

2019 4838 2126 4878 non
2154 4820 2444 4891 diuturni)
2488 4821 2542 4874 in
2583 4829 2728 4875 meta
2774 4818 2968 4874 mortis
3003 4818 3124 4874 sine
3153 4817 3378 4888 praemio
3409 4816 3607 4887 depre-

2018 4914 2323 4970 hendamur
2355 4950 2372 4978 ,
2433 4911 2688 4981 fameque
2732 4911 3171 4980 exstinguamur.
3225 4909 3560 4966 Studeamus
3587 4950 3605 4977 ,

2013 5016 2075 5062 ut
2114 5006 2429 5077 imperatori
2465 5005 2657 5068 miles,
2704 5003 2936 5060 Domino
2962 5004 3196 5074 probare
3222 5003 3478 5058 virtutem
3507 5016 3610 5057 no-

2014 5110 2207 5156 stram.
2266 5098 2403 5154 Nam
2463 5109 2587 5168 post
2613 5105 2926 5167 susceptam
2989 5095 3244 5150 militiam
3282 5136 3298 5161 ,
3355 5111 3383 5149 a
3445 5093 3607 5151 nobis

2012 5199 2271 5246 accurata
2312 5189 2596 5245 servitutis
2642 5188 2784 5244 ratio
2839 5187 3168 5259 reposcitur.
3217 5184 3605 5241 Formidemus

2014 5283 2309 5338 Dominum
2352 5293 2613 5352 tanquam
2658 5282 2865 5338 bestias
2902 5281 3139 5351 aliquas.
3167 5278 3289 5333 Vidi
3323 5285 3606 5348 grassato~

2017 5392 2106 5432 res
2125 5377 2192 5431 ad
2234 5373 2528 5430 furandum
2553 5372 2830 5444 profectos
2852 5410 2867 5436 ,
2908 5372 3059 5427 nullo
3093 5369 3312 5440 quidem
3357 5367 3604 5426 numinis

2017 5480 2190 5535 metu,
2217 5469 2315 5525 sed
2342 5483 2540 5523 canum
2570 5467 2962 5521 oblatrantium
2991 5463 3217 5520 vocibus
3237 5464 3457 5518 territos
3486 5468 3604 5516 sta-

2015 5562 2112 5617 tim
2154 5574 2432 5631 regressus
2463 5574 2605 5614 esse.
2630 5557 2706 5613 Ita
2745 5558 2890 5629 quod
2922 5558 3088 5612 timor
3117 5555 3209 5610 Dei
3242 5570 3350 5609 non
3382 5553 3599 5624 praesti-

2015 5651 2101 5713 tit.
2140 5650 2439 5706 bestiarum
2480 5650 2645 5705 timor
2666 5648 2921 5707 obtinuit.
2957 5645 3259 5719 Diligamus
3297 5644 3465 5701 Deum
3492 5683 3509 5709 .
3540 5654 3601 5699 ut

2016 5743 2225 5798 amicos
2251 5743 2433 5797 colere
2459 5742 2722 5798 solemus.
2764 5738 3137 5794 Animadverti
3161 5753 3305 5808 stt-pe
3329 5735 3597 5809 quosdam

2016 5837 2148 5893 laeso
2189 5833 2424 5893 Numine
2467 5834 2679 5891 nullum
2729 5831 2912 5887 animo
2952 5832 3196 5886 dolorem
3237 5828 3596 5903 concepisse:
