4062 6448
313 429 414 494 (uti

1358 443 1588 503 SCALA
1624 442 2006 502 PARADISI.
2039 465 2110 476 —
2141 441 2448 500 GRADUS
2487 439 2536 499 Ι.

3481 443 3600 506 θισι

311 551 506 606 ισεσθε
559 552 658 624 τῆς
693 551 971 622 βασιλείας
1015 552 1123 608 τῶν
1151 554 1418 627 οὐρανῶν.
1457 556 1892 628 Προσδράμωμει

2009 567 2108 608 vos
2132 554 2428 608 continete.
2466 553 2596 608 Haec
2632 553 2678 609 si
2714 551 3098 623 praestiterim,
3143 551 3289 608 haud
3340 554 3531 623 procul
3567 565 3598 606 ι

304 648 463 718 ,χαρᾷ
493 647 586 700 καὶ
623 646 776 718 φόϐῳ
801 644 879 718 τῷ
909 646 1061 718 καλῷ
1093 647 1290 716 ἀγῶνι,
1329 648 1404 720 μὴ
1442 649 1748 712 δειλιῶντες
1777 649 1903 712 τοὺς

307 736 546 808 ἐχθροὺς
577 739 759 808 ἡμῶν,
794 739 982 810 ἐπειδὴ
1014 740 1093 799 είς
1120 739 1233 810 (25)
1275 740 1565 810 πρόσωπον
1594 742 1693 811 τῆς
1722 741 1904 811 ψυχῆς

307 828 474 898 ἡμῶν
493 827 822 899 καθορῶσιν,
841 831 889 882 εἰ
915 829 1009 882 καὶ
1036 830 1132 899 οὐχ
1152 830 1405 900 ὁρῶνται·
1429 831 1532 884 κᾶν
1566 832 1746 885 ἴδωσιν
1770 831 1902 885 αὐτὸ

307 918 379 971 ὲκ
409 919 612 982 δειλίας
645 919 1028 992 ἀλλοτριωθὲν,
1060 921 1183 973 τότε
1219 920 1343 974 καθ’
1367 923 1528 992 ήμῶν
1557 923 1902 994 πικροτέρως

304 1010 650 1075 ὁπλίζονται,
689 1014 983 1082 νοήσαντες
1012 1011 1063 1062 οἱ
1086 1010 1250 1064 δόλιοι
1276 1011 1358 1064 ὅτι
1389 1011 1758 1082 ἐφοϐήθημεν.
1797 1013 1901 1064 Εὑ-

302 1097 500 1169 ψύχως
519 1097 613 1154 οὖν
640 1101 777 1170 πρὸς
801 1101 995 1164 αὐτοὺς
1022 1099 1393 1170 ὀπλισώμεθα·
1418 1101 1496 1170 τῷ
1527 1101 1634 1172 γὰρ
1661 1101 1903 1172 μαχομέ-

302 1207 388 1260 νῳ
415 1190 715 1262 προθύμως
743 1191 916 1254 οὐδεὶς
952 1191 1204 1262 μάχεται.
1240 1191 1612 1260 Οἰκονομικῶς
1641 1192 1670 1244 ό
1700 1191 1902 1265 Κύριος

303 1281 376 1332 ὲκ
414 1280 525 1334 τῶν
557 1280 846 1350 νεοπαγῶν
885 1282 1010 1346 τοὺς
1050 1281 1319 1352 πολέμους
1363 1282 1672 1350 ἐκούφισεν,
1710 1283 1796 1335 ἵνα
1830 1281 1904 1353 μὴ

304 1374 376 1424 ὲκ
408 1373 714 1443 προοιμίων
742 1372 944 1436 εὐθέως
983 1375 1064 1438 είς
1106 1373 1201 1427 τὸν
1245 1374 1449 1445 κόσμον
1496 1373 1902 1428 ὲπαναλύσωσι.

301 1462 403 1514 Διὸ
460 1463 681 1532 χαίρετε
735 1463 793 1515 ὲν
843 1463 1038 1533 Κυρίῳ
1093 1463 1344 1525 πάντοτε,
1377 1464 1583 1526 πάντες
1629 1465 1678 1515 oi
1727 1463 1904 1516 δοῦλοι

302 1552 447 1606 Θεοῦ
473 1569 486 1581 ·
522 1551 684 1606 τοῦτο
718 1552 938 1623 πρῶτον
971 1555 1198 1622 σημεῖον
1224 1553 1281 1605 ὲν
1315 1554 1527 1618 ἑαυτοῖς
1555 1555 1653 1624 τῆς
1682 1552 1774 1606 τοῦ
1803 1556 1900 1605 Δε-

307 1645 513 1698 σπότου
543 1645 765 1714 ἀγάπης
806 1644 942 1716 πρὸς
969 1647 1117 1716 ἡμᾶς
1155 1647 1544 1720 γνωρίσαντες,
1573 1648 1665 1700 καὶ
1693 1645 1766 1709 ὡς
1803 1647 1902 1698 αὺ-

304 1737 400 1800 τὸς
436 1737 585 1806 ὑμᾶς
613 1735 902 1807 κέκληκεν.

2004 643 2145 698 (ξαιιο
2171 643 2510 699 aberrahitis.
2554 643 2858 698 Curramus
2881 658 3006 698 cum
3061 643 3262 713 gaudio
3320 641 3488 698 simul
3543 651 3602 698 et

2003 742 2176 799 metu,
2209 734 2276 788 ad
2307 734 2488 788 nobile
2517 742 2811 799 certamen,
2832 734 3094 789 adversus
3119 733 3304 787 hostes
3342 731 3599 796 interriti,

2003 827 2100 896 qui
2169 826 2478 880 animorum
2556 835 2878 882 nostrorum
2943 826 3214 891 habitum,
3268 834 3321 878 et
3381 824 3598 890 faciem,

2013 920 2266 988 quamvis
2289 919 2390 988 ipsi
2419 920 2576 974 nobis
2603 921 3042 990 inaspectabiles,
3099 935 3284 974 coram
3350 931 3597 975 contem-

2009 1011 2260 1079 plantur:
2296 1017 2351 1063 et
2373 1013 2498 1064 cuin
2551 1011 3033 1065 animadverterint
3063 1011 3208 1065 illatn
3266 1023 3413 1065 metu
3474 1026 3599 1079 per-

2011 1102 2243 1165 culsam,
2283 1111 2396 1156 tum
2449 1117 2580 1155 vero
2628 1102 2683 1154 in
2747 1117 2866 1167 nos,
2915 1112 3173 1172 tauquam
3227 1103 3597 1167 exanimatos,

2015 1192 2263 1246 atrocius
2297 1191 2565 1255 insilittnt,
2609 1191 2974 1260 intelligentes
3005 1192 3262 1245 nimirum
3299 1206 3396 1259 pro
3423 1205 3489 1245 eo
3535 1205 3600 1244 ac

2012 1281 2195 1334 callidi
2239 1289 2371 1336 sunt
2418 1295 2519 1336 nos
2571 1288 2719 1334 metu
2777 1282 3060 1350 perculsos
3101 1298 3243 1337 esse.
3301 1281 3600 1350 Eapropter

2013 1373 2220 1441 paratis
2267 1373 2466 1428 animis
2490 1373 2755 1427 adversus
2786 1373 2908 1428 illos
2941 1390 3092 1428 arma
3119 1375 3419 1441 capiamus.
3461 1371 3596 1426 Nam

2011 1479 2136 1517 cum
2169 1473 2394 1519 strenuo
2421 1465 2616 1529 milite,
2645 1466 2896 1535 ultroque
2925 1465 3067 1520 hosti
3099 1475 3416 1520 occurrente
3437 1479 3598 1518 nemo

2010 1554 2208 1610 audeat
2272 1572 2492 1611 manum
2528 1575 2833 1615 conserere.
2876 1557 3159 1628 Sapienter
3204 1559 3468 1611 Dominus
3495 1573 3596 1612 no-

2010 1657 2123 1700 ster
2176 1649 2416 1702 tironum
2474 1651 2686 1706 labores
2714 1660 2902 1706 contra
2931 1651 3304 1719 autagonistas
3337 1651 3387 1701 in
3420 1649 3597 1718 primo

2009 1754 2204 1808 pugna:
2226 1756 2524 1810 congressu
2562 1745 2850 1813 mitigavit.
2881 1760 2947 1797 ne
2981 1760 3105 1796 mox
3140 1759 3167 1796 a
3221 1743 3472 1796 tirocinio
3529 1740 3596 1794 ad

305 1826 546 1894 priOrem
573 1827 757 1881 saeculi
791 1829 955 1882 vitam
1000 1839 1367 1884 recurrerent.
1427 1829 1524 1883 Est
1576 1843 1709 1900 ergo
1764 1827 1906 1898 quod
1947 1843 2276 1898 magnOpere
2329 1833 2627 1901 gaudeatis,
2690 1834 2828 1887 servi
2858 1832 2946 1886 Dei
2976 1850 2987 1884 :
3021 1833 3122 1886 hoc
3175 1833 3409 1901 primum
3467 1846 3592 1901 erga

308 1932 408 1972 vos
436 1917 635 1972 divinae
657 1918 946 1976 charitatis
975 1936 1359 1992 argumentum
1388 1923 1658 1990 arbitrati,
1715 1931 1769 1977 et
1830 1923 1974 1991 quod
2016 1922 2084 1975 ab
2115 1937 2182 1976 eo
2206 1923 2327 1978 sitis
2358 1924 2427 1979 ad
2454 1924 2555 1980 hoc
2592 1941 2764 1995 genus
2813 1926 2934 1979 vitae
2984 1925 3213 1979 evocati.

388 2059 502 2113 Kal.
524 2059 682 2113 τοῦτο
721 2061 780 2114 δὲ
807 2061 976 2114 ποιῶν
1007 2063 1035 2115 ὁ
1073 2063 1205 2127 Θεὸς
1244 2063 1504 2126 πολλάκις
1551 2063 1892 2136 γνωρίζεται·

2078 2059 2183 2116 Sed
2205 2060 2383 2116 ethoc
2413 2063 2760 2117 observatum
2796 2071 2878 2118 est
2918 2077 3062 2132 sarpe
3117 2063 3310 2128 Deum,
3360 2062 3451 2116 ubi
3496 2077 3592 2132 ge-

327 2149 452 2202 ἰδὼν
483 2151 583 2220 γὰρ
621 2151 873 2222 ἀνδρείας
925 2152 1104 2223 ψυχὰς
1155 2154 1358 2219 εὐθέως
1407 2157 1471 2208 ὲκ
1503 2156 1804 2226 προοιμίων
1841 2157 1899 2208 ὲν

316 2242 511 2303 αὐταῖς
540 2243 661 2306 τοὺς
688 2244 958 2315 πολέμους
994 2247 1360 2317 συνεχώρησε,
1406 2249 1750 2315 στεφανῶσαι
1803 2249 1899 2300 αὐο

310 2332 412 2392 τὰς
437 2333 716 2402 συντόμως
745 2333 1088 2405 βουλόμενος.
1134 2338 1476 2408 ’Λπέκρυψεν
1510 2340 1538 2390 ὁ
1566 2337 1768 2408 Κύριος
1791 2338 1898 2391 ἀπὸ

306 2421 422 2475 τῶν
448 2424 509 2476 ὲν
542 2425 733 2496 κόσμῳ
758 2426 856 2496 τὴν
878 2428 972 2480 τοῦ
999 2428 1214 2482 σταδίου
1243 2429 1354 2500 (24)
1384 2430 1724 2501 δυσχέρειαν,
1761 2430 1898 2500 μᾶλ-

305 2511 402 2564 λον
431 2512 492 2564 δὲ
523 2514 824 2584 εὐχέρειαν·
863 2519 911 2569 εί
958 2516 1067 2589 γὰρ
1120 2518 1324 2589 ταύτην
1384 2521 1650 2588 ἔγνωσαν,
1691 2522 1789 2574 οὐκ
1832 2521 1898 2575 ἂν

303 2604 658 2658 ἁπετάσσετο
688 2608 840 2660 πᾶσα
874 2608 1030 2679 σάρξ.
1067 2610 1218 2662 Δίδου
1253 2611 1364 2682 (95)
1413 2613 1613 2675 κόπους
1645 2612 1895 2681 νεότητός

304 2710 408 2746 σου
442 2695 742 2767 προθύμως
789 2699 1030 2770 Χριστῷ,
1077 2701 1168 2753 καὶ
1221 2703 1438 2775 χαρήσῃ
1490 2705 1548 2756 ἐν
1600 2705 1748 2776 γήρᾳ
1805 2705 1896 2758 ἐπὶ

303 2789 534 2861 πλούτῳ
572 2791 853 2859 ἀγαθείας’
884 2793 954 2846 τὰ
992 2797 1050 2848 ὲν
1089 2796 1302 2867 νεότητι
1336 2797 1680 2866 συναγόμενα
1730 2798 1788 2850 ἐν
1816 2797 1895 2869 τῷ

301 2882 461 2952 γήρα
495 2882 625 2944 τοὺς
646 2882 1076 2955 ὲξατονήσαντας
1099 2887 1380 2958 τρέφουσι,
1403 2889 1499 2940 καὶ
1516 2889 1896 2961 παραμυθοῦν-

303 2989 419 3025 ται.
448 2973 738 3044 Κάμωμεν
771 2976 879 3028 νέοι
919 2974 1172 3041 ζεόντως,
1197 2978 1492 3049 δράμωμεν
1533 2980 1830 3048 νηφόντωςο
1865 2979 1896 3032 δ

306 3063 418 3134 γὰρ
442 3063 676 3128 θάνατος
697 3065 909 3136 ἄδηλος·
943 3071 1214 3140 πονηροὺς
1229 3071 1446 3142 ἀληθῶς
1471 3073 1565 3126 καὶ
1595 3073 1889 3142 χαλεποὺς,

307 3151 541 3216 δολίους,
587 3153 928 3226 πανούργους
966 3159 1105 3228 μετὰ
1135 3159 1244 3228 (26)
1274 3163 1464 3230 χεῖρας
1493 3161 1604 3231 πῦρ
1637 3163 1896 3232 κατέχον-

305 3259 427 3307 τας,
478 3245 574 3297 καὶ
603 3245 692 3298 τὸν
724 3249 851 3300 ναὸν
879 3249 973 3301 τοῦ
1008 3249 1142 3302 Θεοῦ
1174 3251 1458 3322 ἐμπρῆσαι
1493 3253 1894 3324 ἐπιθυμοῦντας

304 3336 394 3388 διὰ
424 3337 526 3406 τῆς
564 3337 762 3407 φλογὸς
791 3340 890 3411 τῆς
921 3343 975 3393 ὲν
1000 3340 1170 3412 αὐτῷ,
1198 3343 1475 3408 δυνατοὺς,
1508 3346 1602 3398 καὶ
1629 3346 1889 3414 ἀΰπνους,

2007 2167 2239 2206 nerosos
2269 2153 2479 2208 animos
2501 2156 2694 2220 cernit,
2738 2169 3038 2209 consuesse
3079 2156 3262 2208 statim
3320 2155 3389 2208 ab
3439 2155 3594 2208 initio

2007 2259 2130 2297 cum
2161 2235 2316 2299 hoste
2345 2247 2704 2311 committere,
2732 2261 2798 2300 eo
2837 2248 3088 2313 consilio,
3120 2247 3197 2300 uti
3230 2247 3381 2300 brevi
3435 2247 3591 2301 debi-

2007 2334 2076 2388 tis
2101 2335 2222 2388 vita:
2251 2335 2420 2388 beata:
2451 2337 2685 2400 praemiis
2718 2336 2944 2389 alliciat:
2991 2335 3103 2390 Nec
3147 2337 3250 2390 hoc
3313 2337 3414 2405 12
3471 2336 3592 2390 sine

2005 2425 2250 2479 numinis
2291 2427 2627 2495 providentia
2661 2429 2775 2480 lieri
2809 2429 2964 2494 solet,
3007 2428 3081 2482 ttti
3125 2430 3328 2498 passim
3368 2427 3593 2482 difﬁcul-

2007 2526 2107 2579 tas,
2164 2532 2258 2570 seu
2316 2518 2566 2572 tuolestia
2631 2519 2866 2585 religidsi
2919 2519 3079 2572 stadii
3191 2521 3208 2589 (
3261 2521 3370 2572 imo
3401 2533 3586 2572 revera

2006 2606 2614 2677 facilitas)nesciatur;
2655 2609 2858 2678 alioqui
2913 2623 3075 2663 nemo
3102 2624 3167 2663 ex
3231 2611 3379 2663 onmi
3436 2624 3586 2664 mor-

2005 2700 2218 2766 talium,
2252 2717 2479 2755 numero
2509 2702 2574 2755 ad
2601 2702 2720 2755 illos
2774 2702 3156 2770 suscipiendos
3209 2702 3450 2756 animum
3502 2703 3590 2756 in-

2005 2794 2249 2850 duceret.
2275 2793 2510 2862 Propera
2545 2795 2763 2848 Christo
2801 2793 2987 2848 ﬂorem
3040 2794 3215 2849 artatis
3255 2794 3320 2846 ad
3371 2794 3590 2848 labores

2005 2886 2223 2951 otlerre,
2247 2897 2301 2940 et
2329 2887 2602 2956 ingentem
2632 2886 2762 2940 olim
2790 2900 2955 2940 senex
3000 2885 3066 2939 de
3119 2891 3266 2938 recte
3319 2883 3584 2939 factorum

2005 2979 2340 3033 conscientia
2379 2979 2710 3047 voluptatem
2743 2978 2944 3048 capies.
2983 2975 3256 3032 Sementis
3296 2978 3347 3031 in
3391 2977 3587 3046 juvene

2005 3079 2118 3124 tute
2154 3070 2622 3136 facta,scnectam
2673 3079 2888 3124 aetatem
2945 3069 3303 3132 debilitatam,
3357 3078 3412 3124 et
3475 3069 3586 3123 fra-

2003 3172 2143 3217 ctam
2166 3163 2262 3216 alit
2311 3170 2366 3218 et
2413 3161 2644 3216 solatur.
2716 3161 2852 3215 Dum
2873 3174 3005 3230 ergo
3058 3161 3325 3225 valemus,
3371 3159 3584 3215 ardenti

2004 3254 2186 3309 studio
2217 3253 2566 3316 desudemus,
2591 3252 2832 3320 siccique
2861 3261 2914 3306 et
2955 3251 3124 3306 sobrii
3170 3251 3405 3305 stadium
3456 3251 3586 3305 reli-

2004 3345 2180 3414 gionis
2207 3345 2583 3398 decurramus.
2623 3342 2767 3396 Mors
2788 3351 2873 3396 est
2923 3342 3169 3407 incerta;
3229 3343 3411 3396 hostes
3451 3357 3586 3396 sane

313 3426 533 3492 ἁΰλους,
572 3429 840 3499 ἀοράτους
868 3432 1097 3502 ἐχθροὺς
1133 3432 1350 3503 ἔχομεν.
1392 3435 1597 3505 Μηδεὶς
1626 3437 1736 3507 (27)
1777 3439 1892 3503 νέος

2003 3435 2282 3505 improbos
2302 3444 2355 3488 et
2375 3450 2570 3498 saevos,
2605 3434 2923 3502 facibusque
2948 3441 3211 3498 armatos,
3265 3448 3407 3502 quos
3447 3443 3587 3488 tem-

312 3518 574 3589 ὑπάρχων
606 3520 734 3583 τοὺς
769 3522 997 3592 ἐχθροὺς
1035 3524 1200 3578 αὐτοῦ
1231 3525 1492 3595 δαίμονας
1524 3529 1893 3598 παραδέξηται

302 3609 585 3679 λέγοντας
615 3613 707 3683 Μή
741 3629 834 3664 σου
857 3614 1196 3686 κατατρίψῃς
1224 3615 1322 3686 τὴν
1356 3617 1554 3688 σάρκα,
1587 3619 1672 3672 ἵνα
1707 3619 1782 3691 μὴ
1808 3621 1894 3672 νό-

301 3717 422 3764 σοις
463 3703 556 3755 καὶ
594 3703 896 3768 ἀσθενείαις
957 3706 1287 3778 περιπέσῃςο
1342 3707 1493 3777 μόλις
1550 3709 1658 3780 γὰρ
1711 3711 1770 3764 ὲν
1823 3713 1889 3784 τῇ

296 3793 561 3869 παρούσῃ
615 3797 848 3866 μάλιστα
897 3799 1059 3868 γενεᾷ
1111 3799 1463 3872 εὑρεθήσεται
1511 3802 1539 3854 ὁ
1584 3801 1892 3858 θανατῶσαι

293 3885 512 3956 ταύτην
541 3887 922 3958 προελόμενος·
955 3889 1058 3943 κᾶν
1084 3890 1294 3944 πολλῶν
1319 3894 1411 3946 καὶ
1435 3894 1734 3965 ἡδυνόντων
1758 3898 1892 3968 βρω-

295 3977 498 4046 μάτων
530 3979 720 4032 ὲαυτὸν
757 3983 1094 4051 στερήσειεν.
1124 3983 1331 4047 Σκοπὸς
1361 3984 1418 4037 δὲ
1457 3985 1630 4056 τούτῳ
1666 3988 1744 4060 τῷ
1772 3991 1891 4045 δαί-

296 4086 428 4138 μονι
461 4071 634 4141 αὐτὴν
666 4073 822 4144 ήμῶν
857 4076 954 4145 τὴν
997 4074 1055 4125 ὲν
1080 4073 1160 4146 τῷ
1191 4076 1390 4147 σταδίῳ
1427 4077 1630 4131 εἴσοδον
1661 4079 1888 4152 χαύνην,

292 4157 397 4209 καὶ
429 4157 677 4228 ῥᾴθυμον
700 4160 943 4231 ποιῆσαι*
972 4161 1068 4214 καὶ
1093 4161 1154 4215 τὸ
1183 4161 1338 4226 τέλος
1366 4163 1551 4216 λοιπὸν
1585 4165 1685 4235 τὴν
1713 4166 1890 4236 ἀρχὴν

292 4248 588 4318 ἁρμόδιον.
618 4251 733 4320 Πρὸ
758 4252 871 4320 (28)
905 4252 1122 4306 πάντων
1146 4253 1306 4306 τοῦτο
1332 4254 1425 4308 καὶ
1449 4253 1762 4326 ζητήσουσι,
1795 4259 1890 4311 καὶ

288 4341 624 4412 ποιήσουσιν
656 4344 703 4395 οἱ
733 4344 792 4396 ὲν
815 4344 1039 4415 Χριστῷ
1075 4345 1307 4414 γνησίως
1328 4346 1610 4400 δουλεῦσαι
1633 4347 1890 4419 βουλόμε-

287 4453 402 4500 νοι,
431 4434 522 4486 ἵνα
556 4434 649 4487 καὶ
692 4435 820 4498 τοὺς
862 4435 1084 4499 τόπους,
1121 4436 1218 4490 καὶ
1249 4439 1375 4499 τοὺς
1407 4437 1662 4509 τρόπους,
1695 4440 1789 4492 καὶ
1819 4439 1889 4493 τὰ

286 4525 637 4596 καθίσματα,
671 4526 766 4580 καὶ
808 4527 878 4580 τὰ
916 4527 1327 4598 ἐπιτηδεύματα
1369 4528 1459 4582 διὰ
1503 4531 1886 4600 πνευματικῶν

293 4615 592 4686 Πατέρων,
616 4617 710 4670 καὶ
739 4616 947 4679 οἰκείας
970 4617 1321 4686 ἐπιγνώσεως
1344 4618 1654 4689 ἁρμόζοντα
1673 4621 1886 4684 ἑαυτοῖς

1996 3528 2089 3596 plo
2151 3527 2244 3580 Dei
2305 3529 2578 3597 subjicere
2625 3537 2912 3590 conantur,
2957 3541 3052 3594 per
3110 3525 3408 3589 ﬂammam,
3461 3540 3586 3595 qua

1995 3635 2212 3689 semper
2242 3620 2296 3674 in
2321 3621 2416 3675 illo
2479 3620 2689 3690 flagrat,
2749 3629 3018 3689 potentes,
3074 3619 3384 3688 pervigiles,
3430 3618 3584 3672 nullo

1994 3722 2224 3778 corpore
2277 3724 2492 3780 graves,
2544 3709 2695 3762 nullo
2717 3710 2897 3762 colore
2941 3709 3266 3777 spectabiles
3337 3708 3578 3762 sustine-

1995 3822 2140 3861 mus.
2166 3803 2338 3860 Nemo
2359 3804 2678 3858 adolescens
2709 3804 2895 3857 audiat
2922 3812 3259 3857 veteratores
3287 3817 3410 3855 cum
3446 3818 3578 3871 sug-

1995 3909 2210 3969 gerunt,
2242 3912 2310 3951 ne
2341 3910 2541 3963 corpus
2561 3893 2789 3964 amigas,
2821 3893 3147 3961 morbosque
3171 3907 3321 3946 crees
3346 3900 3401 3947 et
3433 3892 3588 3946 fran-

1992 3991 2172 4060 garis:
2234 3989 2323 4043 vix
2351 3988 2520 4052 enim,
2544 3987 2648 4040 hac
2673 3986 2973 4056 praesertim
3001 3992 3320 4054 tempestate
3344 4000 3410 4040 ex
3453 3999 3578 4038 om-

1993 4078 2048 4132 ni
2074 4077 2228 4147 copia
2261 4076 2472 4147 generis
2499 4073 2722 4129 humani
2772 4083 2856 4127 est
2905 4074 2998 4143 qui
3048 4073 3266 4127 vincere
3311 4074 3576 4140 seipsum,

1991 4183 2231 4237 suasque
2252 4167 2574 4235 cupiditates
2623 4173 2865 4218 mactare
2927 4175 3175 4228 conetur,
3223 4163 3576 4232 quantumvis

1991 4259 2061 4313 ab
2089 4266 2351 4327 apparatu
2377 4256 2720 4324 delicataque
2748 4268 2938 4308 mensa
2993 4253 3281 4308 abstineat.
3337 4253 3568 4308 Insidia-

1990 4351 2124 4405 toris
2153 4349 2324 4403 nostri
2347 4347 2635 4402 consilium
2672 4360 2738 4400 eo
2790 4345 2978 4410 tendit,
3021 4346 3098 4398 uti
3153 4358 3275 4398 cum
3334 4345 3574 4412 primum

1990 4456 2093 4495 nos
2113 4439 2714 4503 stadiocommittimus,
2738 4437 2937 4492 inertes
2984 4436 3319 4506 ignavosque
3359 4436 3570 4498 reddat.

1989 4547 2100 4601 quo
2131 4532 2372 4600 reliquus
2402 4531 2658 4598 deinceps
2685 4542 2901 4592 cursus,
2933 4541 2999 4582 ac
3032 4527 3101 4580 ad
3159 4529 3322 4581 tinem
3375 4527 3574 4582 decur-

1991 4637 2087 4678 sus
2119 4621 2373 4685 languido
2400 4619 2668 4689 principio
2692 4615 3038 4684 reSpondeat.
3065 4615 3204 4668 Ante
3239 4615 3420 4669 omnia
3452 4629 3576 4684 ger-

287 4707 674 4774 ὲπιλέξωνται.
739 4706 816 4762 Οὐ
861 4709 970 4778 γὰρ
1025 4709 1241 4763 πάντων
1287 4709 1356 4762 τὰ
1393 4711 1653 4774 κοινόὸια,
1687 4712 1774 4768 διὰ
1824 4714 1885 4768 τὸ

1998 4711 2136 4766 mani
2167 4711 2258 4766 Dei
2277 4710 2464 4765 famuli
2489 4708 3116 4779 quaerantstudeantque
3139 4721 3236 4776 per
3285 4707 3573 4778 religiosos

286 4798 577 4871 λιχνῶδες-
627 4799 750 4852 οὐδὲ
813 4800 1031 4853 πάντων
1091 4801 1160 4854 τὰ
1223 4803 1636 4874 ήσυχαστήρια,
1690 4804 1778 4858 διὰ
1825 4806 1885 4859 τὸ

1998 4805 2103 4859 sive
2126 4803 2438 4872 spirituales
2463 4802 2674 4862 Patres,
2718 4814 2989 4867 suumque
3016 4799 3261 4868 ipsorum
3303 4798 3574 4869 cujusque

288 4890 573 4959 θυμῶδεςο
606 4891 836 4952 ἕκαστος
880 4889 937 4942 δὲ
978 4889 1333 4960 ἐπισκέψεται
1365 4895 1424 4944 ὲν
1466 4893 1607 4962 ποίῳ
1645 4892 1884 4948 πεποίω-

2009 4893 2268 4958 udicium,
2302 4906 2422 4961 qua:
2469 4889 2610 4954 loca,
2662 4903 2803 4958 quos
2866 4901 3070 4951 mores,
3130 4903 3293 4957 quam
3346 4887 3570 4943 domum

288 5000 408 5036 ται.
463 4981 552 5034 Ἔν
594 4981 743 5051 τρισὶ
775 4981 1166 5048 γενικωτάταις
1209 4983 1574 5037 καταστάσεσι
1608 4983 1881 5055 καθισμά·

286 5089 405 5126 των
454 5070 644 5126 ἅπασα
686 5073 720 5142 ὴ
768 5071 1033 5142 μοναχικὴ
1082 5072 1324 5125 πολιτεία
1373 5075 1704 5144 περιέχεται·
1752 5076 1784 5146 ἢ
1827 5077 1883 5128 ὲν

289 5162 565 5233 damma.
609 5164 976 5233 ἀναχωρήσει,
1023 5164 1118 5216 καὶ
1166 5165 1345 5235 μονίᾳ·
1386 5165 1419 5235 ῆ
1486 5164 1623 5234 μετὰ
1667 5166 1804 5228 ἑνὸς,
1847 5165 1881 5236 ἢ

292 5254 433 5306 πολὺ
468 5253 562 5307 δύο
597 5253 915 5324 ἡσυχάζειν·
963 5253 996 5324 ἢ
1053 5255 1111 5306 ὲν
1163 5256 1415 5327 κοινοϐίῳ
1463 5256 1882 5328 ύπομονητικῶς

292 5344 644 5409 καθέζεσθαι.
683 5344 779 5412 Μὴ
817 5345 928 5415 (29)
961 5346 1272 5413 ἐκκλίνῃς,
1304 5347 1470 5415 φησὶν
1493 5349 1520 5400 ὁ
1562 5347 1884 5417 Ἐκκλησια-

293 5439 452 5507 στὴς,
493 5441 581 5503 εις
619 5439 690 5491 τὰ
726 5437 916 5500 δεξιὰ,
946 5437 985 5505 ἢ
1015 5439 1102 5504 εις
1126 5438 1199 5490 τὰ
1229 5439 1529 5505 ἀριστερά*
1571 5457 1588 5490 ι
1628 5439 1744 5492 ἀλλ’
1780 5439 1884 5510 ὀδῷ

294 5526 554 5596 βασιλικῇ
603 5526 898 5596 πορευθῇςο
943 5528 975 5595 ἡ
1019 5526 1126 5595 γὰρ
1161 5526 1297 5596 μέση
1328 5527 1436 5578 τῶν
1471 5528 1882 5597 προειρημένων

294 5617 516 5679 πολλοῖς
571 5618 828 5686 ἁρμόδιος
876 5617 1230 5687 καθέστηκεν.
1285 5618 1367 5683 Τῷ
1398 5619 1494 5686 μὲν
1539 5617 1644 5689 γὰρ
1690 5623 1875 5686 μόνῳ,

287 5708 459 5769 Οὐαὶ,
501 5706 688 5777 φησὶν,
722 5708 811 5760 ὅτι
834 5708 944 5761 ἐὰν
972 5709 1134 5774 πέσῃ
1167 5710 1244 5769 είς
1277 5707 1526 5773 ἀκηδίαν,
1561 5709 1593 5777 ἢ
1628 5708 1812 5773 ὕπνον,
1844 5711 1876 5780 ἢ

296 5798 595 5870 ῥᾳθυμίαν,
630 5799 664 5870 ἢ
694 5800 1024 5870 ἀπόγνωσιν,
1057 5801 1170 5854 οὐκ
1198 5799 1370 5853 ἔστιν
1415 5802 1448 5853 ὀ
1475 5800 1719 5869 ἐγείρων
1757 5805 1879 5856 αὺ-

1983 4995 2076 5038 aut
2099 4984 2306 5047 sedem,
2333 4999 2472 5054 quas
2496 4981 2915 5038 exercitationes
2946 4977 3053 5032 sibi
3114 4969 3450 5048 opportunas
3479 4996 3574 5048 po-

1982 5076 2256 5131 tissimum
2294 5075 2396 5145 13
2425 5073 2683 5144 deligant,
2702 5085 2878 5141 neque
2909 5069 3054 5123 enim
3083 5085 3112 5126 e
3133 5085 3192 5123 re
3213 5070 3569 5125 delicatorum

1981 5175 2085 5229 est,
2114 5165 2167 5219 in
2196 5166 2450 5220 ccenobio
2480 5165 2674 5234 degere
2706 5181 2720 5229 ;
2765 5176 2942 5233 neque
2983 5161 3370 5217 iracundorum
3394 5159 3448 5213 in
3477 5175 3559 5214 so-

1979 5259 2206 5313 litudine
2245 5258 2595 5320 viverc,cum
2641 5256 2797 5310 multi
2835 5257 3136 5328 praecipites
3181 5255 3237 5308 in
3296 5253 3430 5306 iram
3491 5251 3571 5307 fe-

1981 5357 2190 5402 rantur.
2235 5346 2469 5400 Proinde
2497 5346 2698 5417 singttli
2730 5348 3044 5414 dispiciant,
3075 5346 3220 5416 quod
3249 5359 3419 5415 genus
3443 5345 3568 5398 vita:

1981 5437 2084 5491 sibi
2154 5436 2498 5505 aptissimum
2558 5437 2910 5490 arbitrentur.
2962 5437 3178 5504 Triplex
3229 5434 3565 5486 omninoest

1981 5529 2161 5582 omnis
2197 5527 2462 5597 religiosae
2495 5536 2549 5581 et
2595 5542 2872 5596 generosa:
2907 5527 3030 5580 vita:
3064 5526 3201 5578 ratio
3229 5540 3242 5586 ;
3271 5523 3352 5575 vel
3383 5531 3438 5576 ut
3476 5537 3567 5574 so-

1987 5619 2074 5672 lus
2102 5628 2155 5671 et
2191 5616 2469 5670 solitarius
2511 5617 2840 5670 decertando
2895 5617 3077 5679 vivas;
3142 5617 3222 5667 vel
3283 5628 3402 5665 cum
3456 5627 3568 5665 uno

1987 5712 2229 5765 alterove
2261 5710 2473 5776 sodali;
2524 5710 2608 5764 vel
2638 5720 2694 5764 ut
2734 5710 2787 5763 in
2824 5711 3074 5765 coenobio
3139 5723 3264 5762 cum
3318 5707 3565 5776 pluribus

1986 5820 2082 5874 per
2117 5805 2433 5874 patientiam
2462 5803 2842 5872 conquiescas.
2902 5800 3024 5856 Non
3055 5800 3282 5854 declines
3323 5797 3393 5852 ad
3436 5796 3566 5850 duo
