4062 6480
468 444 582 509 643

1737 443 1798 504 S.
1821 442 2144 505 JOANNIS
2171 447 2480 510 CLIMACI

3642 439 3757 508 6H

472 567 611 610 tram
637 566 730 611 aut
756 550 1040 610 sinistram
1067 554 1091 588 ⁸
1114 594 1130 619 ,
1166 553 1345 625 inquit
1394 551 1772 618 Ecclesiastes,
1814 553 1908 609 sed
1974 553 2062 607 via

2178 561 2275 614 rdr
2304 561 2363 613 ὲν
2389 558 2720 630 ἀνθρώποις.
2748 556 2859 629 (30)
2896 559 3073 612 Ὅπου
3103 557 3160 612 δέ
3185 559 3348 612 εισιν
3373 557 3757 629 συνηγμένοι

471 651 620 721 regia
657 651 1008 721 progredere.
1044 648 1251 702 Medius
1294 647 1385 701 ille
1447 646 1571 700 vita:
1636 655 1812 701 status
1882 646 2067 701 multis

475 744 713 798 maxime
763 742 1039 797 convenit.
1105 739 1213 806 Vae,
1258 738 1434 807 Inquit
1507 736 1887 801 Ecclesiastes,
1942 737 2064 805 soli,

479 840 733 909 quoniam
772 856 893 894 cum
930 838 1013 892 vel
1048 838 1102 890 in
1131 836 1462 901 socordiam,
1506 835 1589 889 vel
1647 849 1925 897 somnum,
1987 836 2071 889 vel

478 933 778 1003 ignaviam,
830 931 913 983 vel
966 929 1404 998 desperationem
1446 927 1710 992 ceciderit,
1765 943 1867 980 non
1916 926 2070 981 habet

470 1026 615 1080 inter
674 1026 923 1097 hgmines
980 1023 1338 1077 sublevantem
1374 1039 1429 1076 se
1448 1021 1492 1076 ⁸.
1535 1022 1640 1078 Ubi
1680 1036 1809 1075 vero
1852 1021 1957 1074 duo
1989 1021 2070 1075 vel

472 1125 577 1170 tres
606 1116 805 1184 fuerint
844 1115 1148 1185 congregati
1176 1114 1231 1167 in
1265 1115 1475 1168 nomine
1519 1130 1652 1179 meo,
1685 1113 1756 1167 ibi
1790 1113 1847 1165 in
1897 1112 2069 1166 medio

470 1222 655 1260 eorum
683 1223 823 1273 sum,
849 1206 983 1261 dicit
1007 1206 1268 1260 Dominus
1300 1204 1340 1258 ‘.
1379 1203 1513 1270 Quis
1552 1215 1711 1274 putas
1765 1212 1849 1259 est
1897 1205 2072 1259 lidelis

2166 655 2296 719 δύο,
2320 655 2359 724 ἣ
2387 654 2545 723 τρεῖς
2565 657 2654 721 εις
2676 655 2742 708 τὸ
2762 653 2910 723 ἐμὸν
2936 655 3144 723 ὄνομα,
3167 652 3299 709 ἐκεῖ
3323 656 3440 723 ειμι
3477 652 3763 724 ἐνμέσῳ

2166 745 2387 811 αὐτῶν,
2434 747 2463 798 ὁ
2497 744 2703 817 Κύριος
2738 742 2979 814 εἴρηκεν.
3020 743 3119 807 Τις
3144 743 3253 814 ἄρα
3278 743 3426 795 ἐστὶν
3464 744 3492 796 ὁ
3536 744 3755 805 πιστὸς,

2167 837 2263 890 καὶ
2291 836 2555 907 φρόνιμος
2599 834 2852 906 μοναχὸς,
2901 835 2956 898 ὃς
3003 833 3102 905 τὴν
3150 833 3361 905 Θέρμην
3403 834 3504 904 τὴν
3555 831 3760 886 ἑαυτοῦ

2166 927 2433 998 ἐφύλαξεν
2490 927 2774 982 ἂιῖϐεσίεον⁴
2828 929 2924 982 καὶ
2978 925 3141 999 μέχρι
3196 925 3297 997 τῆς
3348 924 3513 978 αὐτοῦ
3568 924 3758 991 ἐξόδου

2167 1019 2291 1073 καθ’
2337 1019 2553 1091 ἡμέραν
2611 1017 2970 1092 [προστιθεὶς]
3018 1018 3130 1089 πῦρ
3182 1018 3337 1089 πυρὶ,
3398 1016 3492 1070 καὶ
3541 1014 3760 1087 θέρμην

2170 1109 2372 1184 θέρμῃ,
2414 1113 2509 1164 καὶ
2549 1112 2785 1182 σπουδὴν
2838 1111 3065 1182 σπουδῇ,
3096 1110 3192 1165 καὶ
3235 1109 3399 1163 πόθον
3450 1107 3605 1179 πόθῳ
3655 1107 3760 1187 οὐκ

2166 1201 2446 1256 ἐπαύσατο
2466 1218 2481 1266 ;

469 1304 525 1351 et
598 1297 842 1367 prudens
903 1300 1230 1360 monachus,
1292 1295 1389 1365 qui
1438 1296 1673 1366 primum
1728 1297 1798 1351 ab
1853 1297 2101 1366 ingressu
2141 1296 2426 1366 religionis
2492 1296 2744 1350 ardorem
2799 1296 3023 1361 spiritus
3071 1295 3461 1351 inexstinctum
3501 1291 3756 1348 retinuit?

466 1389 560 1459 qui
598 1403 773 1458 usque
812 1389 877 1442 ad
907 1388 1032 1441 vitae
1070 1396 1269 1441 metam
1342 1386 1659 1457 exitumque
1726 1386 1907 1457 ignem
1969 1386 2107 1457 igni,
2143 1388 2382 1442 calorem
2457 1389 2648 1453 calori,
2683 1389 2926 1445 studium
2981 1389 3187 1452 studio,
3237 1388 3571 1445 desiderium
3602 1385 3759 1443 desi-

466 1480 621 1535 derio
659 1495 875 1550 semper
904 1478 1152 1533 addendo
1187 1473 1418 1535 cd'natus
1447 1488 1532 1534 est
1572 1478 1817 1550 augere?

536 1571 788 1642 Quisquis
813 1570 951 1625 hunc
974 1571 1196 1641 gradum
1223 1571 1531 1637 ascendisti,
1556 1584 1695 1625 retro
1735 1588 1796 1625 ne
1826 1587 2068 1641 respexe-
2103 1575 2143 1633 Β

537 1772 561 1805 ⁸
583 1772 743 1830 Prov.
784 1789 858 1838 tv,
894 1773 981 1827 27.
1060 1773 1081 1804 ⁸
1112 1771 1290 1827 Eccle.
1328 1788 1403 1839 tv,
1432 1771 1519 1826 10.
1597 1772 1618 1803 ⁸
1647 1772 1838 1826 Matth.
1866 1788 2022 1835 xvm,
2050 1771 2145 1825 20.

2024 1927 2320 1937 Μ

487 1944 767 1957 unm—

2293 1571 2355 1625 Ὀ
2384 1569 2749 1638 ἐπιϐεϐηκὼς
2774 1570 2860 1640 μὴ
2890 1569 3166 1640 στροφῆς
3197 1573 3285 1637 εις
3317 1569 3390 1624 τὰ
3429 1570 3646 1625 ὀπίσω.

2508 1917 3752 1950 m

1436 2099 2127 2229 SCHOLIA
2224 2094 2806 2225 GRAECA

1815 2352 2390 2446 ANONYMI

1095 2577 1186 2640 Ad
1218 2581 1282 2642 S.
1314 2576 1568 2640 Climaci
1597 2550 1839 2637 Scalam
1869 2573 2172 2651 Paradisi,
2207 2576 2355 2634 ante
2387 2569 2506 2634 hac
2552 2586 2882 2649 nunquam
2941 2573 3135 2648 edita,

581 2740 686 2803 Ea:
736 2739 881 2801 Elia
932 2739 1217 2801 Cretensi
1272 2736 1742 2815 archiepiscopo
1786 2734 2217 2873 potissimum;
2264 2741 2322 2795 et
2360 2731 2507 2794 aliis
2537 2730 2842 2793 Patribus
2869 2740 2927 2793 et
2954 2732 3377 2813 scriptoribus
3406 2736 3641 2799 Gra’cis

2010 2832 2189 2873 ecern
2221 2832 2259 2872 a

2010 2832 2259 2891 εςενρια

1236 2970 1360 3019 Cum
1408 2968 1575 3017 Latina
1616 2961 2014 3028 interpretatione
2041 2963 2262 3017 Mattluri
2286 2964 2488 3020 Raderi.
2514 2979 2541 3016 e
2565 2963 2806 3017 Sorietate
2829 2968 2969 3018 που.

749 3315 855 3388 14
892 3314 1187 3371 scaeua
1210 3313 1301 3368 AD
1333 3312 1622 3370 GRADUM
1658 3315 1696 3369 I.

780 3430 858 3484 De
891 3430 1225 3484 abdicatione
1255 3432 1376 3484 vitm
1402 3429 1702 3485 mentiaris.

1106 3536 1358 3593 Scholion
1381 3540 1433 3593 i.

533 3649 716 3705 Prima
763 3650 1059 3717 abdicatio,
1112 3666 1207 3707 seu
1239 3653 1571 3708 renuntiatio
1592 3658 1676 3709 est
1708 3655 2051 3722 negotiorum

465 3738 595 3814 fuga
629 3761 643 3797 :
679 3743 850 3796 altera
877 3750 931 3797 et
965 3744 1145 3805 tertia,
1211 3756 1295 3799 cst
1342 3744 1667 3801 vitiosarum
1713 3743 2064 3801 aﬂ'ectionum

463 3830 519 3888 et
549 3833 891 3904 ignorantiae.
929 3831 1095 3889 Facili
1128 3836 1329 3906 quippe
1386 3838 1630 3908 negotio.
1652 3836 1746 3907 qui
1809 3838 2064 3895 voluerit.

465 3922 524 3979 Se
558 3924 794 3995 negotiis
819 3924 1139 3993 abdicabit;
1177 3927 1269 3982 sed
1312 3942 1420 3982 non
1462 3929 1581 3985 sine
1638 3929 1858 4000 negotio
1902 3938 2068 3986 exuet

462 4015 529 4071 ad
558 4014 650 4069 illa
684 4014 963 4070 allectum.

821 4129 940 4185 Scin
961 4133 1070 4187 lion
1106 4131 1346 4205 Gregorii
1385 4131 1634 4205 Nysseni.
1655 4135 1711 4190 2.

533 4241 793 4300 Liberum
825 4244 1117 4301 arbitrium
1144 4254 1231 4300 est
1282 4246 1482 4300 animae
1535 4247 1824 4303 rationalis
1872 4248 2070 4303 volun-

463 4345 570 4402 tas,
598 4351 719 4405 qua
749 4344 1001 4407 prompte
1019 4338 1089 4391 ad
1114 4337 1192 4404 id,
1225 4338 1374 4407 quod
1412 4339 1549 4402 vult,
1578 4350 1869 4408 movetur;
1902 4356 2067 4411 quam

463 4427 766 4498 dirigamus
784 4438 841 4482 ut
869 4436 1120 4498 prompte
1153 4429 1223 4484 ad
1249 4431 1304 4485 id
1336 4431 1537 4493 solum,
1579 4433 1726 4501 quod
1757 4434 2072 4489 honestum.

464 4520 781 4590 bonumque
809 4529 913 4583 est,
940 4520 1228 4591 alIiciatur,
1263 4537 1375 4593 quo
1403 4523 1644 4580 exclusis
1675 4525 1857 4591 malis,
1922 4529 2069 4582 sem-‘-

463 4626 563 4681 per
586 4610 748 4666 bonis
770 4611 1198 4681 cogitationibus
1245 4629 1600 4684 occupemar.

1164 4722 1349 4776 Aliud.

538 4832 798 4889 Liberum
843 4834 1129 4890 arbitrium
1170 4845 1255 4891 est
1295 4835 1605 4910 intelligens
1634 4839 1831 4895 anima!
1860 4854 2063 4902 motus,

466 4926 560 4999 qui
595 4942 694 4997 pro
735 4942 837 4982 suo
876 4928 1144 4983 arbitratu
1181 4931 1312 5000 agit.
1346 4929 1502 4987 Unde
1532 4931 1708 4987 bruta:
1762 4933 2067 4991 animantes

467 5006 574 5074 non
611 5019 779 5075 libere
828 5029 1020 5092 agunt,
1053 5021 1147 5076 sed
1219 5021 1399 5092 potius
1442 5038 1473 5078 a
1531 5032 1726 5079 natura
1807 5036 2066 5097 aguntur,

467 5109 688 5180 quando
719 5120 907 5180 agunt.
939 5109 1290 5181 QuaprOpter
1328 5128 1427 5168 nec
1481 5113 1810 5171 obnituntur
1870 5127 2065 5174 contra

468 5191 681 5258 natura:
743 5203 1040 5274 impulsum
1091 5214 1146 5260 ct
1196 5205 1553 5273 desiderium,
1611 5211 1705 5265 sed
1774 5211 1940 5267 simul
2004 5228 2070 5269 ac

467 5284 739 5349 desiderio
774 5294 1046 5361 feruntur,
1087 5296 1235 5352 illico
1286 5297 1353 5352 ad
1411 5302 1684 5356 actionem
1752 5305 2067 5375 prosiliunt.

468 5384 576 5440 Sed
605 5386 772 5442 homo
802 5402 926 5444 cum
969 5388 1042 5443 sit
1065 5389 1296 5444 rationis
1343 5390 1639 5462 particeps,
1696 5394 1874 5464 ipsam
1906 5405 2069 5452 natu-

468 5492 585 5532 ram
626 5488 806 5535 movet
839 5482 1028 5551 potius
1060 5497 1224 5551 quam
1256 5490 1313 5536 ut
1339 5483 1409 5538 ab
1444 5483 1536 5538 illa
1604 5499 1909 5544 moveatur.
1970 5490 2070 5544 At-

467 5583 576 5635 que
604 5569 729 5623 hinc
755 5579 860 5635 est,
890 5572 1059 5641 quod,
1102 5588 1227 5628 cum
1258 5572 1537 5631 desiderio
1569 5579 1647 5633 rei
1675 5578 1912 5647 alicujus
1959 5579 2067 5635 fcr-

468 5668 579 5722 tur,
614 5664 788 5729 possit
832 5661 963 5716 illud
1013 5663 1346 5720 desiderium
1378 5682 1480 5737 pro
1510 5683 1611 5724 suo
1652 5671 1946 5736 arbitratu,
1981 5675 2065 5729 vel

2096 3158 2165 3173 β

2473 3315 2726 3371 ΣΧΟΛῙΑ
2757 3316 2866 3371 ΕΙΣ
2908 3317 3047 3371 ΤΟΝ
3085 3317 3313 3372 ΛΟΓΟΝ
3339 3320 3421 3374 A'.

2702 3428 2842 3496 Περὶ
2883 3425 3215 3497 ἀποταγῆς.

2787 3543 3047 3612 Σχόλιον
3083 3547 3157 3597 α’.

2257 3652 2531 3724 Ἀποταγὴ
2564 3650 2756 3723 πρώτη
2787 3655 2821 3723 ἡ
2884 3651 2994 3705 τῶν
3031 3650 3374 3724 πραγμάτων
3449 3648 3764 3719 ἀπαλλαγή.

2168 3744 2409 3818 Δευτέρα
2430 3746 2505 3812 δὲ,
2532 3747 2628 3799 καὶ
2657 3746 2837 3816 τρίτη,
2862 3746 2895 3816 ἡ
2920 3744 3028 3797 τῶν
3062 3743 3251 3799 παθῶν
3278 3743 3372 3796 καὶ
3395 3742 3495 3812 τῆς
3522 3742 3767 3811 ἀγνοίας.

2181 3836 2410 3908 Ῥᾳδίως
2433 3854 2517 3900 τις
2554 3836 2857 3908 βουληθεὶς,
2892 3835 3004 3889 τῶν
3041 3835 3384 3906 πραγμάτων
3424 3834 3771 3888 ἀπαλλάττε-

2169 3944 2292 3980 ται’
2346 3928 2448 3982 οὐκ
2498 3927 2663 4001 ὀλίγῳ
2718 3928 2779 3982 δὲ
2832 3928 3067 3998 καμάτῳ
3100 3926 3210 3983 τῶν
3244 3927 3383 3997 πρὸς
3420 3925 3560 3979 αὐτὰ
3592 3926 3771 3997 παθη·

2175 4018 2383 4091 μάτων.

2446 4196 2449 4199 _
2478 4136 2738 4204 Σχόλιον
2772 4138 3108 4206 Γρηγορίου
3149 4136 3352 4190 Νύσσ.
3378 4135 3462 4199 β’.

2241 4248 2670 4321 Αὐτεξουσιότης
2697 4252 2814 4304 ἐστὶ
2840 4250 3020 4321 ψυχῆς
3079 4249 3303 4321 λογικῆς
3353 4248 3573 4320 θέλησις
3626 4248 3772 4300 ἑτοι-

2176 4360 2292 4414 μως
2321 4343 2616 4414 κινουμένη
2644 4346 2724 4404 εἰς
2757 4342 2895 4414 ὅπερ
2936 4342 3003 4396 ἂν
3030 4341 3181 4416 θέλῃ,
3247 4342 3438 4413 ἥντινα
3485 4341 3614 4412 περὶ
3668 4339 3770 4411 μό-

2173 4452 2263 4488 νον
2288 4436 2351 4489 τὸ
2380 4435 2543 4489 καλὸν
2576 4435 2808 4504 ἑτοίμως
2841 4432 2987 4505 ἔχειν
3026 4434 3324 4504 πείσωμεν,
3361 4432 3449 4486 ἵνα
3500 4433 3586 4487 ἀεὶ
3645 4434 3770 4495 ταῖς

2173 4524 2409 4593 ἀγαθαῖς
2468 4526 2700 4589 ἐννοίαις
2753 4524 2855 4596 τὴν
2922 4526 3146 4596 μνήμην
3232 4523 3613 4592 ἀναλίσκωμεν
3670 4521 3768 4574 τοῦ

2176 4632 2347 4669 κακον
2354 4655 2368 4671 ο

2857 4729 3066 4784 Ἀλλο.

2238 4843 2665 4914 Αὐτεξουσιὸτης
2694 4838 2851 4908 αὖθις
2886 4846 3004 4898 ἐστι
3037 4843 3198 4916 νοερὰ
3231 4843 3332 4915 τῆς
3363 4842 3544 4914 ψυχῆς
3613 4842 3766 4910 κίνη-

2170 4953 2255 5002 σις
2301 4937 2672 5007 αὐτοκρατὴς.
2719 4936 2884 4990 Ὅθεν
2941 4936 3128 4991 καὶτὰ
3160 4936 3333 5005 ἄλογα
3359 4936 3461 4989 οὐκ
3483 4935 3624 4989 εἰσὶν
3673 4936 3772 4987 αὑ-

2167 5030 2420 5096 τεξούσια
2444 5048 2458 5064 ·
2493 5031 2718 5101 ἄγονται
2745 5030 2854 5103 γὰρ
2885 5031 3087 5101 μᾶλλον
3140 5030 3247 5085 ὑπὸ
3305 5029 3405 5100 τῆς
3440 5027 3678 5098 φύσεως,
3703 5028 3771 5098 ἧς·

2172 5140 2279 5196 περ
2312 5123 2527 5192 ἄγουσι.
2561 5123 2654 5177 Διὸ
2697 5102 2831 5176 οὔτε
2850 5123 3195 5192 ἀντιλέγουσι
3223 5125 3290 5194 τῇ
3320 5102 3524 5192 (ῥυσικῇ
3566 5120 3767 5193 ὀρέξει.

2183 5215 2325 5270 Ἀλλ’
2353 5216 2471 5286 ἅμα
2497 5213 2766 5286 ὀρεχθῶσί
2807 5230 2973 5281 τινος,
3009 5214 3219 5286 ὁρμῶσι
3248 5214 3388 5286 πρὸς
3414 5213 3515 5285 τὴν
3542 5212 3764 5284 πρᾶξιν.

2186 5311 2246 5365 'U
2269 5311 2324 5363 δὲ
2352 5308 2639 5380 ἅνθρωπος
2672 5309 2887 5378 λογικὸς
2923 5309 3024 5374 ὢν,
3062 5309 3186 5378 ἄγει
3216 5307 3422 5378 μᾶλλον
3446 5305 3545 5378 τὴν
3576 5305 3762 5376 φύσιν,

2177 5401 2322 5473 ἥπερ
2356 5401 2570 5468 ἄγεται.
2597 5399 2689 5453 Διὸ
2718 5400 2813 5453 καὶ
2837 5399 3187 5470 ὀρεγόμενος,
3208 5400 3369 5470 εἴπερ
3391 5398 3587 5464 ἐθέλει,
3617 5396 3768 5462 £500-

2177 5494 2298 5548 σίαν
2330 5496 2443 5563 ἔχει
2467 5492 2824 5563 ἀναχαιτῖσαι·
2857 5492 3056 5565 ὄρεξιν,
3094 5493 3125 5564 ἢ
3183 5492 3552 5563 ἀκολουθῆσαι
3605 5491 3765 5562 αὐτῇ.

2176 5585 2340 5638 Ὅθεν
2396 5584 2465 5638 τὰ
2508 5585 2606 5656 μὲν
2630 5585 2800 5654 ἄλογα
2831 5586 2952 5639 οὐδὲ
2985 5588 3311 5651 ὲπαιναξται,
3337 5585 3458 5640 οὐδὲ
3492 5584 3725 5656 ψέγεται
3746 5598 3760 5613 ·

2170 5678 2199 5730 ὁ
2227 5678 2281 5732 δὲ
2311 5678 2616 5751 ἄνθρωπος,
2643 5679 2739 5733 καί
2779 5680 3102 5745 ἐπαινεῖται,
3138 5679 3231 5736 καὶ
3265 5678 3517 5748 ψέγεται.

468 5754 784 5826 ι’βιιτίητοτον
820 5770 901 5815 νει
934 5760 1110 5830 sequi.
1141 5760 1273 5818 inde
1336 5773 1420 5821 est
1471 5767 1617 5837 quod
1671 5768 1978 5824 animantes
2035 5777 2246 5832 ratione
2286 5786 2556 5847 carentes,
2590 5792 2687 5832 nec
2713 5775 2952 5839 laudem,
2990 5791 3087 5831 nec
3141 5774 3594 5845 vituperationem
3653 5786 3766 5825 uie-

471 5854 722 5915 rea:-.tur;
761 5850 923 5908 homo
953 5869 1082 5908 vero
1125 5852 1248 5924 jure
1276 5859 1528 5916 laudatur
1573 5870 1626 5917 et
1684 5864 2037 5935 vituperatur.
