4062 6428
329 399 442 464 645
1374 407 1607 467 SCALA
1641 405 1899 467 PARADI

2009 452 2023 466 .
2044 429 2113 442 --
2145 407 2451 470 GRADUS
2490 410 2536 473 Ι.

935 519 1195 589 Σχόλιον
1247 517 1317 589 τ’.
1951 529 1994 582 Α

401 626 753 699 Σκυθρωπὸν,
776 631 870 683 και)⁹
895 630 1218 703 λάμπουσαν
1238 632 1464 687 ἐκάλεσε
1537 635 1637 704 τὴν
1666 648 1923 687 ταπεινο-

3510 425 3615 491 646

2611 527 2714 599 15
2750 528 3001 586 Scholion
3029 532 3085 588 ’5.

2094 635 2285 694 Merito
2305 640 2512 697 tristem
2567 657 2621 700 et
2649 647 2854 702 claram
2888 650 3053 705 simul
3096 651 3456 710 humilitatem
3513 671 3613 729 ap-

326 719 630 791 φροσύνην,
661 720 887 785 εἰκότως
909 739 924 753 ο
956 723 1280 794 σκυθρωπὸν
1320 726 1416 796 μὲν
1449 723 1690 813 διὰῄτὴν
1724 723 1899 794 ὐπομο

2021 726 2275 797 pellavit:
2317 733 2527 789 tristem
2559 749 2780 809 propter
2806 744 3129 813 patientiam
3157 755 3217 801 et
3237 719 3612 806 molestiarum

322 811 449 883 νὴν,
471 812 569 866 καὶ
616 813 716 884 τὴν
749 814 1049 885 καρτερίαν
1076 816 1185 869 τῶν
1214 815 1494 889 λυπηρῶν,
1543 806 1618 870 ὧν
1639 817 1699 868 ὲν
1753 815 1899 887 πείρς

2021 822 2389 895 tolerantiam,
2429 806 2575 898 quas
2595 806 2868 890 sustinent
2893 848 2948 891 et
3006 838 3253 908 quotidie
3315 843 3614 912 experiun-

318 904 467 956 εἰσὶν
496 903 549 956 oi.
588 906 1163 975 ταπειωφρονοῦντες·
1188 907 1514 979 λάμπουσαν
1536 907 1594 962 δὲ
1627 908 1794 962 πάλιν
1831 908 1899 961 διὲ

2021 920 2111 966 tur
2139 914 2420 987 humiles;
2470 920 2674 977 claram
2735 928 2882 996 quod
2926 903 3253 988 humilitatis
3312 903 3612 992 sectatores

318 993 425 1064 τὴν
461 990 623 1060 δόξαν
662 996 754 1050 καὶ
790 995 1022 1066 eorum,
1059 998 1126 1069 ἢν
1152 999 1406 1070 προξενεῖ
1433 1002 1548 1064 τοῖς
1575 999 1746 1072 αὐτὴν
1779 1015 1899 1053 κατ-

2018 1017 2283 1074 scquatur
2308 1009 2502 1079 gloria,
2535 990 2859 1074 ctsublimis
2904 1020 3101 1086 honor,
3132 1039 3295 1093 quem
3326 990 3610 1081 humilitas

316 1084 671 1157 ορθώσασιν⁶
719 1087 753 1158 ἦ
806 1088 1129 1161 σκυθρωπὸν
1176 1092 1275 1163 μὲν
1318 1095 1431 1156 τοῖς
1469 1091 1756 1165 ῥᾳθύμοις,
1823 1093 1899 1147 κα

2018 1095 2125 1152 illis
2155 1100 2431 1187 conciliat.
2481 1103 2609 1170 Aut,
2677 1108 2884 1165 tristem
2940 1084 3171 1182 ignavis,
3232 1130 3334 1172 nec
3391 1119 3610 1187 quidvis

318 1170 448 1243 μηδ’
480 1172 658 1227 ὁτιοῦν
686 1172 774 1229 διὰ
803 1173 935 1228 Θεὸν
965 1175 1216 1232 θέλουσιν
1237 1177 1530 1248 ὑπομένειν
1549 1195 1562 1207 ·
1592 1177 1899 1248 λάμπουσαη

2015 1201 2115 1257 pro
2148 1186 2260 1245 Deo
2291 1193 2563 1251 sustinere
2591 1197 2936 1268 volentibus;
2963 1203 3165 1259 claram
3211 1222 3343 1262 vero
3395 1170 3610 1278 patien-

312 1263 380 1317 δὲ
426 1267 544 1328 τοῖς
585 1268 959 1338 καμερικοίς,
988 1268 1083 1322 καὶ
1144 1269 1431 1342 ἀνδρείοις,
1462 1271 1558 1324 καὶ
1584 1270 1760 1347 πάντα
1825 1268 1899 1323 διὸ

2016 1277 2163 1333 tibus
2196 1290 2249 1335 et
2275 1280 2527 1350 fortibus,
2569 1294 2622 1341 et
2654 1288 2790 1344 nihil
2816 1263 2933 1346 non
2989 1308 3088 1363 pro
3143 1294 3256 1352 Deo
3320 1263 3601 1356 sustinere

312 1351 453 1408 Θεὸν
465 1355 798 1426 ὑπομένουσι
847 1358 941 1411 καὶ
966 1357 1067 1412 τὸν
1082 1358 1250 1430 αὐτῆς
1268 1360 1628 1429 γινώσκουσιν
1646 1360 1899 1431 ὠφέλειαι

2012 1370 2241 1436 paratis,
2264 1380 2318 1427 et
2352 1373 2442 1440 iis,
2487 1378 2581 1446 qui
2607 1392 2812 1450 quanta
2839 1384 2913 1438 sit
2937 1351 3087 1442 illius
3155 1388 3365 1446 utilitas
3435 1392 3607 1461 probe

310 1441 513 1514 ὁπόση.

922 1563 1184 1630 Σχόλιον
1227 1562 1298 1618 δ’.

386 1663 465 1721 Τὸ
498 1666 632 1733 Θεὸς
670 1670 842 1740 ὄνομα
874 1673 1094 1742 λέγεται
1122 1674 1155 1747 ἢ
1188 1676 1253 1729 ὲκ
1280 1674 1372 1728 τοῦ
1399 1674 1563 1738 θέειν.
1603 1676 1695 1731 καὶ
1748 1695 1905 1749 περι-

311 1760 473 1813 έπειν
500 1759 572 1813 τὰ
599 1760 891 1832 σύμπαντα
912 1781 925 1795 °
956 1764 989 1835 ἢ
1022 1768 1086 1820 ἐκ
1113 1765 1208 1820 τοῦ
1240 1765 1435 1832 αἴθειν,
1487 1769 1515 1821 ὃ
1543 1769 1659 1821 ἐστι
1703 1770 1899 1825 καίειν.

2010 1473 2371 1532 cognoscunt.

2635 1563 2887 1622 Scholion
2909 1570 2964 1625 4.

2078 1665 2220 1727 Deus
2256 1671 2442 1749 Graece
2476 1676 2609 1742 Θεὸς
2632 1680 2852 1748 dicitur,
2905 1694 2959 1739 et
2996 1684 3285 1742 deducitur
3346 1702 3376 1742 a
3432 1690 3598 1754 θέειν,

2004 1763 2152 1833 quod
2173 1774 2259 1820 est
2292 1783 2516 1823 currere
2545 1779 2600 1824 et
2623 1787 2819 1829 curare
2858 1776 3042 1831 omnia
3077 1795 3091 1832 :
3140 1779 3223 1834 vel
3273 1780 3342 1833 ab
3403 1780 3597 1846 αἴθειν,

324 1852 384 1904 '0
413 1852 523 1922 γὰρ
549 1852 684 1917 Θεὸς
713 1853 825 1926 πῦρ
856 1859 1252 1913 καταναλίσκον
1282 1862 1463 1914 πᾶσαν
1490 1861 1690 1913 κακίαν
1720 1862 1868 1916 ἐστίν
1892 1879 1899 1894 ·

2012 1854 2157 1922 quod
2189 1860 2273 1910 est
2302 1872 2481 1912 urere.
2509 1857 2654 1917 Deus
2686 1864 2832 1917 enim
2875 1873 2960 1920 est
3017 1867 3180 1937 ignis,
3231 1870 3325 1939 qui
3376 1885 3596 1925 omnem

312 1942 351 2012 ἢ
398 1944 508 1999 ἀπὸ
528 1943 622 1998 τοῦ
659 1944 885 2002 θεᾶσθαι
913 1948 982 2003 τὰ
1003 1949 1201 2004 πάντα·
1237 1951 1506 2022 ἁλὰθητος
1534 1953 1645 2026 γάρ
1674 1955 1904 2009 ἐστικαὶ

320 2037 536 2090 πάντων
568 2039 814 2110 ἐπόπτης
837 2057 849 2071 ·
880 2041 1145 2096 ἐθεάσατο
1190 2042 1302 2113 γὰρ
1340 2044 1519 2098 πάντα
1572 2048 1702 2117 πρὶν
1746 2048 1903 2116 γενέ-

326 2143 467 2191 σεως
491 2129 679 2185 αὐτῶν.
1438 2148 1443 2153 ⁷

920 2335 1179 2404 Σχόλιον
1236 2341 1302 2393 ε’.

395 2443 625 2517 ’Δσεόής
651 2448 766 2501 ἐστι
788 2447 884 2501 καὶ
911 2450 938 2503 ὁ
984 2452 1354 2522 προσεγγίσας
1386 2453 1463 2526 τῷ
1495 2453 1898 2526 ἐπαγγέλματι,

303 2538 403 2589 καὶ
458 2538 800 2608 ἀποθέμενος
848 2541 999 2598 αὑτό.
1038 2543 1268 2616 Ἀσεόὴς
1293 2545 1349 2600 δὲ
1380 2546 1526 2601 καὶὸ
1577 2548 1713 2618 μηδὲ
1770 2566 1902 2620 προ-

300 2629 538 2698 εγγίσας
600 2631 670 2685 δι’
726 2633 1060 2707 ἀφροσύνην.
1113 2637 1271 2691 Κατὰ
1316 2640 1398 2705 τὸ,
1450 2636 1637 2695 Εἶπεν
1695 2644 1903 2712 ἄφρων

294 2721 375 2773 ἐν
404 2722 628 2791 καρδίᾳ
654 2725 866 2779 αὐτοῦ’
906 2729 1028 2782 οὐκ
1053 2727 1187 2783 ἔστι
1224 2733 1368 2799 Θεὸς
1387 2749 1400 2763 ·
1425 2733 1501 2799 ὡς
1523 2735 1594 2789 τὰ
1624 2738 1899 2811 κτίσματα

295 2811 399 2866 τοῦ
431 2814 697 2869 ἀκτίστου
732 2820 1214 2891 πρπιμησάμενος
1243 2822 1488 2878 κτίστου.

915 2937 1179 3007 Σχόλιον
1206 2943 1283 3003 ς’.

372 3040 509 3095 Βίαν
542 3042 772 3098 ἐκάλεσε
794 3043 893 3117 τὴν
920 3044 1027 3099 τῶν
1063 3046 1334 3117 σωμάτων
1395 3051 1786 3125 καταπόνησιν,
1830 3057 1900 3128 ἢν

301 3131 639 3204 ὑπομένουσι
674 3136 937 3202 ἑκουσίως
962 3139 1011 3193 oi
1047 3138 1143 3193 τοῦ
1182 3140 1418 3211 Χριστοῦ
1450 3144 1690 3217 μαθηταὶ
1716 3149 1776 3203 ἐν
1828 3153 1893 3222 τῇ

298 3225 529 3298 ἀρνήσει
557 3226 669 3281 τῶν
713 3226 931 3284 οίκείων
979 3228 1324 3301 θελημάτων,
1357 3233 1452 3288 καὶ
1487 3236 1588 3308 τῆς
1635 3239 1776 3294 κατὰ
1833 3241 1896 3294 τὸ

299 3315 466 3388 σῶμα
515 3319 900 3387 ἀναπαύσεως,
930 3321 1026 3376 ἐπὶ
1078 3321 1292 3394 φυλακῇ
1346 3324 1456 3380 τῶν
1508 3328 1739 3386 ἐντολῶν
1801 3332 1896 3388 τοῦ

301 3407 565 3478 Χριστοῦ.

907 3532 1171 3602 Σχόλιον
1232 3534 1308 3596 ζ’.

389 3636 715 3712 Ἐπειδήπερ
777 3642 836 3698 ὲν
859 3643 938 3715 τῷ
971 3644 1074 3717 τῆς
1101 3647 1316 3717 φύσεως
1348 3651 1644 3727 λογιστικῷ
1684 3656 1742 3711 αί
1773 3658 1897 3729 σχέ-
1972 3665 1977 3669 ’

293 3744 418 3791 σεις
447 3731 631 3825 είσινέ
656 3733 715 3825 ἐν
740 3733 831 3825 ,τῷ
867 3735 1082 3809 θυμικῷ
1114 3741 1265 3814 μὲνὴ
1302 3744 1481 3825 ἀρχή·
1513 3746 1575 3801 ἓν
1595 3747 1674 3820 τῷ
1709 3750 1896 3805 ἐπιθυο

290 3820 545 3892 μητικῷ,
612 3824 648 3896 ἡ
689 3823 871 3899 λύπηο
933 3830 963 3883 ὁ
1034 3831 1282 3904 ὑπερϐὰς
1337 3820 1512 3892 ταῦτα
1578 3839 1678 3911 τὴν
1732 3840 1895 3911 φύσιν

286 3913 440 3986 ὶρνή
448 3931 603 3970 σατο.

905 4035 1170 4105 Σχόλιον
1215 4045 1289 4109 η’.

369 4136 471 4200 El;
498 4138 626 4209 τρία
658 4141 858 4215 διαιρεῖ
892 4144 983 4199 τὸν
1014 4150 1115 4220 τῆς
1150 4149 1441 4220 μετανοίας
1466 4153 1645 4225 λόγον,
1674 4160 1768 4213 καὶ
1798 4159 1895 4216 ἐὰν

292 4227 552 4323 pta-ﬁla)
586 4233 849 4306 ὁποτέρου
876 4237 956 4310 τῷ
982 4239 1437 4313 ἀναλαμϐάνοντι,
1468 4247 1676 4315 γίνεται
1693 4250 1897 4323 ἄχρησ-

281 4337 393 4418 τος
438 4321 510 4418 ξι*
539 4323 663 4418 ὅλου
697 4327 731 4399 ή
761 4330 946 4385 τοιάδε
982 4334 1311 4406 καθέστηκε.
1352 4338 1683 4411 Προκριτέον
1701 4321 1893 4418 δὲ-τὴν

282 4410 387 4506 δια
411 4410 508 4465 τὸν
534 4412 718 4506 τρίτον
746 4418 965 4490 τρόπον,
995 4422 1162 4494 ἤγουν
1193 4425 1287 4479 τὸν
1326 4410 1573 4497 ἔσχατον.
1613 4429 1765 4505 Αὕτη
1783 4410 1891 4506 γὰρ

2009 1946 2273 2001 malitiam
2301 1952 2580 2005 consumit
2612 1963 2742 2009 :aut
2766 1971 2797 2009 a
2837 1958 3005 2015 verbo
3038 1959 3284 2025 θεᾶσθαι,
3347 1963 3489 2032 quod
3517 1974 3602 2019 est

2004 2035 2193 2093 videre
2221 2053 2319 2092 seu
2356 2042 2624 2112 inspicere
2642 2049 2847 2102 omnia.
2877 2047 3046 2106 Deum
3079 2052 3224 2107 enim
3252 2052 3390 2106 nihil
3445 2054 3595 2119 latet,

2003 2128 2096 2196 qui
2123 2128 2348 2199 inspicit
2376 2134 2607 2190 omnia:
2666 2139 2852 2195 omnia
2887 2141 3035 2195 enim
3093 2143 3225 2197 vidit
3273 2143 3596 2215 priusquam

2004 2233 2342 2279 crearentur.

2637 2340 2888 2399 Scholion
2923 2345 2977 2400 5.

2074 2449 2282 2521 Impius
2312 2464 2416 2521 est,
2448 2455 2543 2525 qui
2579 2455 2981 2526 professionem
3042 2461 3302 2531 suscepit,
3360 2471 3414 2518 et
3473 2478 3597 2519 eam

2003 2544 2252 2600 abdicat.
2277 2544 2453 2600 Etiam
2486 2546 2576 2604 hic
2608 2548 2830 2620 impius,
2881 2550 2975 2621 qui
3040 2563 3264 2623 propter
3311 2554 3595 2611 stultitiam

2002 2631 2071 2686 ad
2103 2632 2252 2687 illam
2288 2649 2395 2689 non
2429 2635 2657 2692 accedit.
2692 2636 2767 2692 De
2802 2653 2913 2708 quo
2950 2640 3081 2695 illud
3114 2660 3127 2695 :
3158 2642 3308 2697 Dixit
3341 2645 3595 2715 insipiens

2001 2724 2057 2778 in
2080 2725 2235 2779 corde
2258 2743 2377 2794 suo,
2404 2743 2509 2782 non
2532 2736 2611 2783 est
2646 2728 2783 2785 Deus
2822 2731 2876 2783 σε
2919 2741 2979 2787 ιιι
3004 2733 3096 2805 qui
3132 2750 3296 2806 opera
3353 2735 3447 2792 Dei
3511 2738 3596 2792 iu-

2000 2818 2170 2873 creati
2197 2821 2466 2890 praeponit
2490 2836 2593 2876 suo
2623 2823 2881 2881 creatori.

2604 2931 2849 2989 Scholion
2874 2935 2929 2991 6.

2082 3041 2403 3098 Violentiam
2451 3044 2743 3115 appellavit
2802 3046 3245 3118 defatigationem
3270 3064 3591 3119 corporum,

2000 3150 2165 3205 quam
2194 3137 2470 3192 sustinent
2509 3137 2568 3204 ii,
2604 3141 2696 3209 qui
2726 3136 3004 3195 Christum
3032 3139 3084 3193 in
3116 3140 3416 3197 voluntatis
3463 3157 3596 3213 pro-

2001 3226 2156 3299 priae,
2194 3242 2293 3284 nec
2322 3244 2430 3284 non
2473 3232 2721 3301 corporis
2772 3231 2972 3301 quietis
3027 3233 3408 3303 abnegalione,
3463 3249 3596 3304 plo-

1997 3328 2119 3391 pter
2175 3321 2613 3379 observationem
2666 3335 3063 3395 praeceptorum
3136 3325 3364 3393 Christi,
3400 3338 3594 3397 sperne

1998 3425 2323 3487 sequuntur.

2634 3507 2883 3591 scholion
2901 3535 2956 3590 '7.

2067 3642 2523 3716 Quandoquidem
2554 3645 2610 3700 in
2646 3647 2930 3703 rationalis
2960 3658 3171 3705 natum
3200 3650 3466 3707 facultate
3494 3651 3594 3706 ha-

1994 3734 2143 3797 bitus
2176 3737 2501 3802 sunt;etin
2540 3739 2811 3803 irascendi
2856 3740 3100 3809 quidem,
3123 3742 3245 3811 ira;
3302 3743 3356 3797 in
3419 3758 3590 3812 appe-

1995 3822 2165 3890 tendi,
2197 3823 2459 3892 tristitia;
2486 3825 2580 3895 qui
2606 3825 2724 3881 baac
2781 3828 2935 3895 vicit,
2998 3838 3252 3885 naturam
3289 3835 3506 3903 negavit
3539 3840 3593 3885 et

1995 3916 2293 3973 abdicavit.

2633 4026 2889 4085 Scholion
2916 4032 2971 4086 8.

2077 4138 2139 4193 In
2167 4138 2272 4193 tria
2295 4152 2494 4208 genera
2529 4139 2766 4209 partitur
2796 4156 3106 4198 sermonem
3137 4142 3206 4198 de
3234 4140 3587 4212 poenitentia:

1996 4246 2063 4286 ex
2091 4231 2421 4303 quibusnisi
2487 4232 2760 4301 pmnitens
2825 4248 2997 4288 unum
3051 4234 3273 4304 aliquod
3339 4235 3587 4305 arripiat,

1963 4336 2106 4381 ’tota
2134 4326 2285 4381 illius
2324 4325 2649 4397 poenitentia
2706 4325 2855 4380 nulla
2917 4335 3022 4381 est.
3077 4325 3356 4396 Optimum
3404 4335 3587 4382 autem

1992 4426 2132 4475 este
2161 4418 2338 4475 tribus
2364 4418 2642 4485 ultimum,
2682 4402 2801 4474 si've
2854 4418 3049 4475 tertius
3097 4418 3397 4490 paenitendi
3462 4435 3578 4474 mo-

280 4503 394 4600 κσςὶ
422 4505 794 4600 Δάνοᾉίγωρος,
856 4511 952 4566 καὶ
1016 4514 1347 4586 πολύμισθος
1396 4518 1475 4591 τῷ
1523 4503 1886 4596 κτησαμένῳ-ο

2005 4511 2119 4567 dus.
2151 4509 2279 4567 Haec
2308 4511 2456 4567 enim
2484 4510 2769 4581 pmnitudo
2793 4521 2876 4567 est
2932 4519 3219 4576 accurata;
3282 4521 3338 4567 et
3394 4515 3583 4582 acqui-

282 4593 388 4649 διὰ
417 4594 700 4666 βασιλείαν
748 4603 1016 4674 οὐρανῶν,
1063 4605 1153 4662 διὰ
1199 4609 1404 4683 πλῆθος
1467 4593 1770 4685 ἁμαρτιῶν,
1823 4593 1892 4671 δι’

282 4687 524 4761 ἀγάπην
554 4692 636 4753 είς
662 4693 819 4747 Θεόν.

906 4898 1168 4968 Σχόλιον
1225 4905 1293 4959 θ’.

366 5005 507 5080 Περὶ
534 5005 762 5074 πένθους
789 5008 938 5079 λέγει
968 5013 1521 5083 διηνεκοῦς.ὄτικατὰ
1545 5021 1639 5076 τὸν
1667 5024 1889 5080 εἰπόντα

284 5096 453 5166 ἆγιον
502 5100 756 5173 γέροντα.
824 5104 1023 5172 πένθος
1091 5110 1385 5181 ἐργάζεται
1447 5113 1543 5168 καὶ
1598 5110 1885 5185 φυλάσσει.

1994 4604 2098 4659 sita
2122 4604 2416 4675 plurimam
2456 4602 2742 4674 pmniteuti
2771 4603 3078 4659 mercedem
3108 4612 3409 4674 comparat.
3489 4604 3581 4660 Vil

1989 4698 2136 4752 enim
2173 4696 2471 4766 suscipitur
2489 4704 2713 4765 pr0pter
2741 4711 2968 4767 regnum
3024 4696 3312 4762 calorum,
3370 4698 3453 4752 vel
3515 4699 3587 4753 ob

1990 4789 2397 4844 multitudinem
2436 4797 2812 4859 peccatorum,
2860 4788 2943 4843 vel
2974 4803 3040 4843 ex
3071 4804 3259 4844 amore
3290 4790 3344 4843 in
3388 4787 3581 4845 Deum.

2584 4901 2692 4974 ιθ
2718 4899 2970 4958 Scholion
3000 4903 3055 4959 9.

2058 5010 2134 5066 De
2156 5008 2384 5066 assiduo
2411 5008 2632 5080 planctu
2661 5008 2928 5081 loquitur,
2979 5009 3076 5080 qui
3142 5019 3311 5081 prout
3357 5017 3586 5066 sanctus

1984 5107 2077 5162 ille
2111 5115 2265 5176 pater
2290 5102 2452 5168 dixit,
2480 5103 2664 5159 luctus
2695 5110 2975 5173 operatur,
3012 5110 3071 5157 et
3097 5117 3264 5172 opera
3318 5101 3582 5159 custodit.

299 5190 445 5245 Ἰδοὺ
479 5192 590 5264 γὰρ
613 5195 825 5268 καὶτῆς
856 5201 1134 5272 μακαρίας
1165 5203 1438 5271 ἀπαθείας
1468 5206 1728 5277 πρόξενον
1754 5210 1887 5266 αὐτὸ

2005 5199 2121 5255 Ecce
2166 5196 2315 5251 enim
2343 5197 2434 5251 hic
2465 5196 2587 5267 ipse
2631 5196 2833 5262 luctus,
2887 5195 3087 5266 inquit,
3150 5195 3363 5250 beatam
3412 5197 3584 5249 animi

291 5282 469 5351 λέγει.

755 5401 1022 5468 Exulto».
1085 5404 1328 5461 Ἡσαΐου
1357 5413 1411 5461 ι’.

377 5507 808 5582 ’Δγωνισώμεθα
838 5509 955 5577 οὖν,
988 5514 1227 5587 ἀδελφοὶ,
1263 5518 1406 5572 κατὰ
1442 5520 1544 5591 τῆς
1603 5521 1886 5594 ὀκνηρίας,

292 5598 390 5650 καὶ
420 5600 810 5672 ἀποσχίσωμεν
825 5602 885 5657 τὸ
905 5604 1188 5676 σουδάριον
1211 5606 1306 5661 τοῦ
1340 5608 1565 5673 σκότους
1590 5612 1685 5682 ἀφ’
1708 5614 1742 5683 ἡ
1750 5612 1888 5683 μῶν,

370 5759 561 5815 'Psal.
588 5776 687 5828 ur,
726 5762 780 5818 l.

377 5876 457 5945 (α)
492 5874 721 5934 Videtur
742 5876 1045 5935 desiderari
1073 5876 1301 5949 aliquid.

1981 5290 2433 5363 tranquillitatem
2465 5287 2672 5359 lugenti
2696 5287 2981 5344 conciliat.

2388 5402 2642 5458 Scholion
2670 5400 2882 5458 abbatis
2901 5398 3084 5455 Isaia.
3104 5400 3192 5455 l0.

2066 5518 2445 5590 Depugnemus
2465 5527 2597 5585 ergo
2633 5511 2830 5568 fratres
2871 5513 3136 5567 adversus
3179 5509 3471 5580 ignaviam,
3526 5517 3585 5564 et

1997 5613 2179 5671 velum
2216 5607 2566 5664 tenebrarum
2590 5604 2968 5662 rescindamus
2993 5618 3024 5659 a
3053 5599 3246 5676 _nobis,
3291 5598 3438 5672 quod
3496 5610 3585 5658 est
