4062 6420
472 418 579 484 647

1735 401 1797 459 S.
1830 397 2149 460 IOANNIS
2167 396 2475 459 CLIMACI

3626 389 3741 458 648

470 528 695 590 oblivio,
725 532 780 579 et
799 519 1155 590 respiciamus
1202 516 1385 570 lumen
1422 510 1772 583 paenitentiae.
1827 511 2064 582 Compa-

2177 511 2370 565 5ὲστιν
2399 511 2432 580 ἡ
2460 508 2597 579 λήθη
2619 523 2633 537 ·
2670 505 2761 561 καὶ
2775 501 3034 577 ὀψὼμεθα
3065 505 3127 560 ea
3157 504 3273 575 φῶς
3300 502 3398 573 τῆς
3433 504 3739 577 μετανοίας.

471 633 659 675 remus
696 614 854 670 nobis
879 611 1146 666 Martham
1186 616 1239 662 et
1279 604 1529 670 Mariam,
1566 620 1689 674 quae
1725 612 1856 659 sunt
1891 604 2064 658 malo-

471 702 595 763 rum
637 702 945 765 tolerantia,
974 711 1029 754 et
1059 700 1269 753 luctus:
1303 709 1426 762 quas
1465 695 1678 764 plorant
1705 706 1891 748 coram
1946 690 2066 745 Sal-

472 810 663 854 vatore
723 805 781 850 ut
829 792 1098 848 Lazarum
1146 791 1364 852 excitet,
1416 787 1520 842 hoc
1567 794 1671 850 est,
1709 794 1769 840 ut
1828 793 2066 839 mentem

473 889 661 943 multis
693 884 916 947 institis,
962 895 1057 935 seu
1098 876 1291 932 fasciis
1318 875 1667 947 propriarum
1720 873 2066 928 voluntatum

473 978 736 1048 illigatam
770 982 826 1029 et
853 972 1093 1028 vinctam
1119 969 1321 1024 solvat.

1048 1081 1302 1137 Scholion
1333 1080 1395 1135 Η
1412 1118 1426 1134 .

545 1197 813 1270 Egyptus
869 1193 1174 1265 spiritualis
1230 1200 1318 1248 est
1369 1190 1741 1245 obtenebratio
1792 1188 2071 1259 perturba-

473 1290 686 1346 tionum
719 1286 909 1353 animi,
935 1301 1031 1340 seu
1060 1285 1403 1354 passionum,
1441 1283 1495 1336 in
1533 1295 1699 1351 quam
1750 1295 1913 1335 nemo
1961 1278 2069 1335 nisi

473 1383 621 1439 fame
658 1388 884 1436 coactus
919 1378 1224 1433 descendit.

1152 1489 1339 1543 Aliud.

547 1608 669 1665 Non
704 1609 948 1679 negligas
1004 1605 1301 1669 actionem,
1352 1604 1478 1674 quia
1525 1603 1663 1674 (per
1694 1601 1913 1673 otium)
1967 1601 2073 1657 mi-

480 1702 673 1757 nuitur
729 1700 992 1770 regnitio.
1041 1707 1093 1752 ct
1154 1698 1298 1751 fame
1380 1704 1605 1765 cogente
1673 1695 1959 1749 descendis
2013 1694 2067 1748 in

478 1791 792 1864 Egyptum.
845 1789 1141 1862 Egyptum
1187 1788 1374 1842 Patres
1428 1788 1854 1857 interpretantur
1881 1788 2075 1843 volun-

2168 600 2513 672 κτησώμεθα
2550 601 2759 661 ἑαυτοῖς
2798 597 2896 669 τὴν
2931 596 3161 668 Μάρθαν
3193 595 3290 649 καὶ
3344 597 3444 663 τὴν
3503 595 3744 666 Μαρίαν.

2166 691 2371 757 αἵτινές
2386 693 2573 761 είσινή
2601 689 2964 755 κακοπάθεια,
2997 691 3091 743 καὶ
3115 689 3177 742 τὸ
3201 689 3416 751 πένθος·
3446 686 3503 743 αἳ
3529 686 3749 742 κλαίου-

2168 800 2253 837 σιν
2297 782 2528 836 ἐνώπιον
2566 780 2659 834 τοῦ
2699 781 2984 851 Σωτῆροςο
3016 779 3104 833 ἶνα
3131 779 3319 851 ἐγείρῃ
3348 780 3437 832 τὸν
3471 779 3745 848 Λάζαρον,

2166 872 2309 927 τοῦτ’
2340 873 2453 927 ἔστι
2486 873 2575 926 τὸν
2603 871 2729 925 νοῦν
2775 871 2868 925 τὸν
2916 870 3197 942 δεδεμένον
3253 870 3475 934 πολλάς
3510 871 3749 942 κειρίαις

2168 963 2278 1017 τῶν
2326 962 2470 1017 ἰδίων
2498 960 2626 1032 θελη
2634 960 2839 1031 μάτων.

2766 1079 2811 1130 Σ
2812 1077 3025 1144 χόλων
3066 1082 3160 1129 ια’.

2240 1191 2512 1260 Αἴγυπτός
2542 1191 2660 1244 ὲστι
2685 1190 2873 1263 νοητὴ,
2902 1192 2931 1244 ό
2952 1188 3255 1261 σκοτασμὸς
3284 1187 3395 1243 τῶν
3422 1187 3634 1256 παθῶν,
3674 1189 3757 1252 εἰς

2171 1286 2237 1357 ἢν
2284 1284 2457 1348 οὐδεὶς
2488 1282 2807 1337 καταδαίνει
2836 1283 2885 1334 εί
2922 1281 2996 1353 μὴ
3027 1280 3173 1351 λιμῴ
3213 1281 3507 1354 περιπέσῃ.

2865 1482 3066 1536 Ἄλλο.

2241 1598 2334 1669 Μὴ
2376 1598 2565 1669 ἀμέλει
2605 1598 2705 1669 τῆς
2749 1597 3038 1669 πράξεωςο
3085 1597 3208 1650 ἐπεὶ
3253 1596 3561 1670 μειοῦταιή
3609 1599 3761 1666 γνῶ-

2176 1709 2281 1756 σις,
2324 1691 2417 1743 καὶ
2451 1688 2611 1760 λιμοῦ
2632 1691 2917 1760 γινομένου
2946 1688 3297 1751 κατασαίνεις
3328 1689 3408 1752 είς
3457 1689 3759 1759 Αἴγυπτον.

2174 1782 2448 1852 Αἴγυπτον
2477 1782 2735 1850 λέγουσιν
2763 1782 2811 1835 οί
2860 1781 3104 1852 Πατέρες
3135 1781 3195 1834 τὸ
3229 1780 3437 1853 θέλημα
3476 1780 3537 1833 τό
3566 1798 3761 1853 σαρκι-

479 1893 647 1937 tatem
669 1882 871 1946 carnis,
943 1895 1065 1950 quze
1092 1895 1191 1936 nos
1238 1878 1403 1931 trahit
1464 1878 1531 1931 ad
1593 1877 1768 1932 otium
1804 1886 1858 1932 et
1916 1879 2071 1948 quie-

2177 1875 2269 1927 κον
2320 1874 2381 1926 τὸ
2416 1873 2598 1927 κλίνον
2632 1874 2778 1944 ἡμᾶς
2828 1874 2908 1937 είς
2949 1872 3048 1945 τὴν
3080 1875 3399 1944 σωματικὴν
3426 1873 3761 1937 ἀνάπαυσιν,

479 1980 587 2027 tem
623 1971 895 2042 corporis,
938 1977 1284 2037 mentemque
1316 1967 1493 2021 reddit
1530 1967 1855 2022 molliorem.

1122 2080 1369 2135 Scholion
1397 2080 1486 2134 12.

549 2194 762 2251 Passim
823 2194 1071 2249 nominat
1122 2193 1460 2257 violentiam,
1496 2200 1557 2246 ut
1607 2192 1826 2262 quando
1879 2193 2061 2248 dicit:

481 2286 787 2342 Monachus
815 2285 1141 2341 estassidua
1187 2291 1397 2339 natura
1445 2283 1724 2338 violentia.
1774 2282 1903 2339 Vult
1942 2298 2075 2355 ergo

479 2382 680 2444 dicere,
713 2379 858 2448 quod
888 2377 1290 2433 consuetudine
1324 2392 1418 2447 per
1465 2376 1712 2431 habitum
1768 2377 1959 2443 inllxa,
2020 2384 2076 2431 ct

480 2472 537 2525 in
586 2481 862 2534 naturam,
916 2478 976 2522 ut
1034 2468 1195 2537 vulgo
1244 2467 1465 2531 dicitur,
1520 2475 1729 2521 mutata
1780 2477 1835 2521 et
1892 2482 2071 2527 versa.

479 2561 741 2615 violentia
783 2560 855 2615 sit
877 2561 1207 2614 inveteratos
1234 2573 1417 2613 mores
1467 2568 1701 2623 mutare,
1733 2567 1787 2613 et
1820 2557 1874 2612 in
1910 2558 2072 2613 aliam

482 2652 697 2707 vivendi
735 2652 1002 2706 rationem
1031 2649 1362 2706 transferre:
1409 2651 1553 2707 unde
1596 2649 1850 2707 Christus
1904 2650 2071 2707 dicit:

481 2737 720 2810 Regnum
745 2739 995 2793 caelorum
1018 2741 1121 2794 vim
1151 2740 1376 2809 patitur.

1104 2850 1355 2907 Scholion
1383 2852 1471 2907 15.

556 2962 714 3019 Scias
734 2972 970 3034 oportet.
1000 2965 1145 3034 quod
1169 2965 1457 3020 abdicatus
1479 2965 1682 3020 saeculo
1723 2965 1829 3020 nisi
1862 2964 1918 3020 in
1965 2980 2077 3021 cte-

482 3055 651 3111 nobio
677 3056 1129 3125 perseveraverit,
1188 3065 1335 3112 certe
1390 3064 1546 3111 extra
1592 3058 1906 3111 coenobium
1963 3066 2077 3112 tam

483 3145 578 3201 diu
606 3147 709 3200 sub
739 3145 962 3199 alterius
993 3145 1307 3217 magisterio
1334 3146 1499 3209 vivat,
1532 3147 1709 3216 quoad
1736 3147 2076 3214 instituatur,

2176 1965 2270 2019 καὶ
2295 1964 2543 2019 διδάσκον
2566 1963 2659 2019 τδν
2683 1964 2809 2019 νοῦν
2837 1966 2869 2034 ἡ
2879 1964 2995 2035 μῶν
3017 1964 3473 2038 ἡδυπαθέστερον.

2764 2078 3023 2148 Σχόλιον
3049 2079 3146 2142 ιβ’.

2245 2186 2522 2260 Πολλα-χοῦ
2555 2187 2654 2260 τὴν
2688 2188 2808 2260 βίαν
2854 2189 3269 2260 προσκαλεῖται,
3304 2189 3379 2252 ὡς
3421 2189 3549 2243 ὅταν
3573 2189 3724 2257 λέγει
3745 2205 3761 2220 ο

2173 2282 2421 2353 Μοναχός
2455 2285 2571 2335 ἐστι
2641 2281 2732 2352 βία
2779 2281 2993 2352 φύσεως
3020 2281 3296 2352 διηνεκὴς.
3340 2281 3526 2333 Ἔστιν
3556 2276 3653 2333 οῦν
3678 2280 3765 2332 είς

2176 2375 2298 2426 πεῖν
2347 2376 2429 2427 ὅτι
2455 2374 2552 2442 τῆς
2584 2373 2870 2443 συνηθείας
2900 2376 2957 2426 ὲν
3000 2372 3112 2437 ’ἐξει
3143 2373 3518 2443 πηγνυμένης,
3550 2374 3645 2425 καὶ
3676 2373 3764 2435 είς

2175 2464 2357 2533 φύσιν,
2413 2465 2474 2518 τὸ
2502 2462 2566 2535 δὴ
2596 2462 2903 2536 λεγόμενον,
2940 2463 3365 2535 μεθισταμένης,
3399 2462 3488 2533 βία
3519 2462 3639 2515 ἐστὶ
3666 2479 3773 2531 με·

2173 2554 2437 2618 ταθεῖναι,
2474 2557 2570 2608 καὶ
2622 2556 3029 2623 μετασκευάσαι
3069 2555 3427 2626 πολυχρόνιον
3460 2548 3609 2624 ἦθος.
3649 2552 3748 2606 Διὸ

2175 2648 2269 2699 καὶ
2300 2648 2328 2699 ὁ
2354 2644 2556 2717 Κύριός
2604 2658 2770 2715 φησιο
2803 2647 3132 2702 Βιαστικόν
3178 2646 3353 2700 ἐστιν
3389 2645 3430 2715 ἠ
3466 2646 3768 2713 ,βασιλεία

2175 2736 2295 2793 τῶν
2318 2735 2611 2806 οὐρανῶν.

2801 2851 3059 2921 Σχόλιον
3079 2857 3167 2921 ιγ’.

2260 2964 2615 3024 Ἐπίστασθαι
2672 2965 2801 3037 χρὴ,
2862 2965 2939 3029 ὼς
2994 2966 3530 3036 ἁποτασσόμενος,εί
3574 2964 3651 3037 μὴ
3706 2964 3776 3017 ιν

2174 3059 2425 3131 κοινοὸίῳ
2470 3058 2655 3113 αὐτόθι
2693 3059 3104 3132 διακαρτερήσῃ
3131 3099 3144 3121 ,
3194 3057 3271 3131 (α)
3302 3057 3376 3130 μὴ
3408 3060 3466 3110 ὲν
3516 3056 3777 3129 κοινοὸίῳ

2175 3148 2314 3211 τέως
2343 3148 2448 3202 ὑπὸ
2506 3146 2825 3219 καθηγητὴν
2879 3148 3019 3201 ἔστω
3072 3148 3208 3219 πρὸς
3267 3148 3620 3217 στοιχείωσιν.
3673 3148 3778 3199 καὶ

485 3246 543 3292 et
594 3237 775 3291 discat
832 3237 1146 3291 discernere
1202 3238 1519 3291 varietatem
1573 3238 1968 3309 cegitationum
2026 3248 2076 3293 et

2186 3240 2420 3308 μάθησιν
2490 3238 2818 3309 διακρίσεως
2890 3236 3188 3309 λογισμῶν,
3249 3237 3344 3290 καὶ
3417 3237 3774 3307 πνευμάτων.

486 3327 801 3397 spirituum.
834 3325 947 3380 Hoc
994 3326 1139 3379 enim
1181 3342 1278 3396 per
1309 3325 1511 3397 Moysis
1540 3335 1594 3383 ct
1614 3328 1790 3397 angeli
1828 3328 2079 3392 ductum,

485 3433 594 3488 qua
642 3417 1035 3480 lsraelitarum,
1072 3433 1182 3487 qua
1231 3417 1355 3471 Loti
1409 3418 1749 3474 subobscure
1808 3419 2083 3488 signiﬁca-

487 3517 599 3564 tur.
635 3508 1108 3573 Quemadmodum
1136 3516 1191 3563 et
1218 3508 1358 3563 alius
1402 3507 1564 3563 Pater
1606 3509 1741 3564 dicit
1785 3528 1799 3565 :
1859 3508 2082 3565 81ὁίΠί-

487 3601 593 3654 cile
615 3609 700 3655 est
729 3602 783 3655 in
824 3614 1153 3669 quacunque
1186 3600 1292 3654 alia
1318 3608 1434 3655 arte
1458 3601 1576 3655 sine
1629 3601 1894 3671 magistro
1948 3617 2079 3672 pro-

487 3690 671 3755 licere,
702 3701 759 3746 et
791 3691 1000 3761 aliquid
1032 3700 1180 3747 recte
1201 3700 1481 3761 prastare,
1511 3702 1718 3761 quanto
1737 3692 1911 3763 magis
1939 3707 2080 3763 opus

487 3778 595 3838 erit
656 3783 887 3841 ductore
945 3784 1001 3838 in
1048 3784 1154 3840 bac
1202 3784 1450 3839 omnium
1479 3784 1680 3839 artium
1720 3795 1839 3840 arte
1864 3785 2078 3840 difﬁcil-

488 3869 667 3925 lima?
703 3888 725 3922 ι

1096 3983 1348 4041 Scholion
1373 3985 1460 4040 lt.

541 4094 644 4168 17
659 4093 807 4152 Duro
820 4097 1039 4167 quidem
1058 4109 1112 4152 et
1127 4113 1342 4169 aspero,
1358 4108 1576 4170 propter
1591 4110 1796 4157 arctam
1819 4116 2082 4159 sensuum

488 4189 829 4255 custodiam;
867 4200 1107 4260 angusto
1142 4207 1271 4246 vero
1296 4202 1351 4247 et
1375 4193 1549 4248 arduo
1583 4207 1803 4265 prepter
1836 4197 2083 4266 corporis

488 4280 829 4335 vexationem
863 4291 917 4337 et
949 4284 1384 4353 castigationem,
1414 4295 1529 4339 tum
1552 4287 1716 4341 etiam
1747 4298 1966 4358 propter
1994 4288 2081 4343 in-

490 4371 867 4424 veteratiorem
899 4372 1356 4429 consuetudinu’m
1384 4391 1507 4429 cum
1562 4377 1858 4432 acerbitate
1894 4393 2014 4433 eme
2060 4406 2084 4419 -

490 4455 810 4524 dationem;
847 4462 941 4514 sed
972 4461 1074 4515 levi
1129 4462 1380 4532 facilique
1427 4464 1498 4518 ob
1525 4464 1779 4521 ﬁduciam
1819 4467 2083 4534 divinam,

491 4553 588 4599 aut
614 4547 913 4615 perfectum
946 4550 1000 4603 in
1026 4559 1305 4621 posterum
1336 4553 1665 4621 faciendum,
1697 4565 1793 4612 aut
1818 4571 1970 4627 spem
1994 4558 2086 4613 fu-

495 4645 551 4691 tu
560 4652 743 4692 rerum
773 4640 1063 4695 bonorum.

1111 4752 1359 4811 Scholion
1390 4758 1477 4812 15.

2182 3332 2353 3386 Τοῦτο
2385 3331 2493 3403 γὰρ
2523 3330 2611 3385 διὰ
2656 3331 2753 3401 τῆς
2782 3328 2878 3383 τοῦ
2916 3331 3161 3393 Μωσέως
3191 3329 3530 3400 εἰσηγήσεως
3558 3328 3775 3383 καὶτοῦ

2179 3424 2415 3494 ἀγγέλου
2446 3423 2589 3478 κατά
2620 3440 2680 3476 τε
2726 3422 2818 3476 τὸν
2854 3422 3070 3493 Ἰσραὴλ
3102 3422 3195 3475 καὶ
3234 3421 3326 3475 τὸν
3350 3420 3474 3474 Λὼτ
3531 3420 3777 3473 αἰνίττε-

2180 3531 2304 3570 ται·
2341 3514 2522 3579 καθὼς
2566 3516 2658 3568 καὶ
2690 3514 2847 3578 ἄλλος
2904 3513 3091 3586 Πατὴρ
3122 3512 3274 3582 λέγει
3304 3551 3318 3577 ,
3347 3513 3430 3566 ὃτι
3489 3512 3615 3565 ‘Enl.
3657 3511 3778 3565 τῶν

2181 3608 2357 3663 ἄλλων
2397 3606 2622 3679 τεχνῶν,
2665 3607 2902 3678 ιιχωρὶς
2932 3605 3247 3677 καθηγητοῦ
3310 3602 3609 3675 κατορθοῦν
3636 3602 3779 3658 δυσ-

2180 3700 2361 3772 χερὲς,
2403 3701 2460 3753 ὲν
2487 3702 2555 3771 τῇ
2585 3698 2694 3752 τῶν
2722 3697 2927 3769 τεχνῶν
2955 3697 3021 3769 δὴ
3060 3698 3231 3770 ταύτῃ
3267 3696 3431 3767 τέχνῃ
3466 3695 3632 3749 πόσον
3645 3695 3778 3748 τού·

2181 3808 2275 3845 του
2305 3792 2464 3864 χρεία
2493 3809 2509 3859 ;

2760 4064 2765 4069 _
2789 3991 3052 4061 Σχόλιον
3075 3990 3164 4044 ιδ’.

2252 4107 2483 4180 Σκληρῷ
2508 4106 2630 4178 μὶν,
2658 4105 2748 4161 διὰ
2802 4107 2901 4177 τὴν
2926 4106 3033 4158 τῶν
3077 4102 3450 4175 αἰσθητηρίων
3486 4098 3774 4171 φυλακὴν,

2182 4199 2355 4272 στενῷ
2400 4200 2457 4253 δὲ
2500 4200 2589 4253 διὰ
2610 4198 2702 4271 ¹τὸν
2746 4197 3112 4268 ὑπωπιασμδν
3149 4197 3248 4269 τῆς
3283 4194 3506 4267 σαρκὸς,
3547 4190 3779 4245 καὶτῶν

2182 4292 2413 4365 χρονίων
2454 4292 2593 4345 ἐθῶν
2633 4292 2731 4360 τὴν
2790 4289 2928 4361 μετὰ
2978 4289 3199 4360 πικρίας
3228 4288 3504 4341 ἀπόθεσιν·
3545 4282 3777 4355 ἐλαφρῷ

2183 4381 2242 4434 δὲ
2264 4380 2350 4433 διὰ
2398 4379 2495 4453 τὴν
2521 4380 2658 4452 πρὸς
2692 4379 2823 4433 Θεὸν
2851 4377 3195 4447 πεποίθησιν,
3224 4375 3257 4448 ἢ
3303 4374 3392 4428 διὰ
3413 4378 3511 4446 τὴν
3541 4375 3621 4436 είς
3670 4372 3773 4427 ὓσο

2186 4489 2343 4543 τερον
2376 4472 2680 4543 προκοπὴν,
2717 4472 2811 4527 καὶ
2841 4472 2945 4542 τὴν
2977 4469 3086 4524 τῶν
3116 4467 3415 4540 μελλόντων
3445 4463 3664 4535 ἀγαθῶν
3677 4463 3779 4518 ιλ.

2186 4564 2335 4619 πίδα.

2784 4761 3044 4828 Σκολιον
3068 4764 3151 4812 ιε’.

566 4861 685 4919 Non
719 4866 901 4921 omnis
936 4867 1031 4939 qui
1059 4883 1223 4926 sacro
1251 4872 1597 4943 baptismatis
1640 4872 1787 4929 fonte
1814 4873 2076 4931 lustratus

2255 4868 2328 4922 Οὐ
2362 4868 2467 4932 πᾶς
2500 4870 2529 4920 ὁ
2555 4865 2974 4940 βαπτιζόμενος,
3007 4868 3121 4923 ἀλλ’
3151 4869 3179 4922 ὁ
3218 4867 3385 4924 ποιῶν
3414 4869 3485 4923 τὰ
3512 4868 3650 4941 ἔργα
3671 4870 3775 4924 τοῦ

492 4967 600 5025 est,
638 4967 709 5016 oo
745 4973 868 5013 eam
906 4976 1135 5019 causam
1161 4964 1349 5019 salvus
1379 4974 1485 5029 est,
1519 4964 1614 5021 sed
1640 4963 1733 5036 qui
1761 4962 1893 5020 facit
1918 4980 2083 5035 opera

495 5055 614 5112 Dei.
651 5055 855 5129 Utique
898 5076 1031 5132 ergo
1063 5060 1165 5119 nec
1193 5064 1376 5119 omnis
1406 5063 1462 5118 in
1490 5065 1820 5121 monachum
1869 5076 2082 5130 tonsus,

497 5148 706 5221 sedqui
740 5150 984 5208 ofﬁcium
1020 5155 1275 5210 monachi
1298 5152 1458 5209 facit.

1200 5266 1382 5320 Aliud.

564 5372 865 5444 Baptizavit
887 5387 942 5431 ct
974 5374 1188 5444 Moyses
1224 5376 1277 5429 in
1315 5377 1480 5443 nube,
1504 5386 1559 5432 et
1590 5380 1758 5446 mari;
1786 5364 2081 5450 baptiiavi.

494 5476 543 5519 et
575 5466 814 5523 Jnannes
868 5479 927 5523 ut
976 5470 1260 5522 crederent
1318 5469 1370 5522 in
1420 5471 1695 5525 Christum
1755 5482 2077 5534 venturum;

494 5556 736 5626 baptizat
758 5558 1006 5625 etlesus,
1029 5561 1125 5615 sed
1152 5560 1209 5613 in
1240 5557 1445 5630 Spiritu
1474 5570 1687 5628 sancto,
1717 5572 1774 5618 et
1803 5564 1856 5617 in
1882 5561 2078 5617 remis-

575 5714 599 5746 ⁸
621 5712 814 5767 Matth.
853 5729 932 5777 ιι,
966 5712 1055 5767 12.

2183 4959 2340 5015 Θεοῦ.
2385 4962 2637 5032 Δηλονότι
2671 4961 2793 5016 οὐδὲ
2826 4964 2935 5028 πᾶς
2988 4964 3019 5016 ὁ
3065 4963 3589 5034 ἀποκουρευόμενος,
3647 4962 3775 5019 ἀλλ’

2182 5061 2212 5112 ὁ
2241 5058 2527 5127 φυλάττων
2554 5058 2623 5112 τὰ
2651 5060 2763 5123 τοῖς
2790 5060 3045 5131 μοναχοῖς
3069 5058 3368 5131 πρέποντα.

2869 5267 3070 5321 Ἄλλο.

2260 5378 2369 5432 Καὶ
2390 5378 2500 5450 γὰρ
2527 5378 2786 5433 ὲδὰπτισε
2806 5379 3047 5449 Μωῠσῆς
3093 5381 3154 5433 ιν
3172 5382 3238 5451 τῇ
3264 5379 3464 5453 νεφέλῃ
3490 5380 3584 5434 καὶ
3609 5379 3668 5433 ιν
3695 5383 3770 5451 τῇ

2189 5468 2433 5540 θαλάσσῃ
2463 5484 2477 5498 ·
2521 5470 2781 5523 ὲὸάπτισε
2817 5471 2909 5523 καὶ
2950 5470 3203 5542 Ἰωάννης
3252 5471 3340 5525 ἴνα
3404 5469 3775 5526 πιστεύσωσιν

2186 5562 2267 5625 είς
2311 5562 2404 5616 τὸν
2447 5562 2740 5634 ἐρχόμενον
2767 5576 2781 5592 ·
2815 5562 3065 5632 βαπτίζει
3109 5563 3204 5617 καὶ
3246 5561 3476 5635 Ἰησοῦς,
3553 5560 3666 5616 ἀλλ’
3702 5563 3768 5613 ἑν

570 5825 647 5897 (a)
681 5823 859 5881 Locus
893 5826 1106 5882 videtur
1139 5844 1189 5882 m
1216 5829 1457 5886 :ndosus.
1498 5829 1624 5887 llaec
1652 5831 1755 5885 tria
1796 5829 1955 5885 verba
1987 5830 2062 5902 μὴ
2092 5831 2152 5885 ὲν
2183 5832 2438 5904 xamen?
2473 5836 2723 5894 videntur
2760 5834 3086 5895 redundare.
