4062 6446
300 378 410 444 διθ

1356 379 1587 441 SCALA
1615 373 1997 440 PARADISI.
2031 396 2102 411 —
2130 376 2440 442 GRADUS
2470 380 2519 441 Ι.

3476 384 3590 447 650

302 492 587 565 [πνεύματι
617 490 760 565 ἁγίῳ
796 493 892 547 καὶ
920 491 1000 556 εἰς
1026 490 1220 561 ἄφεσιν
1248 490 1555 564 ἁμαρτιῶν.
1590 490 1761 544 Τοῦτο
1782 506 1879 543 σω-

1995 488 2205 545 sionem
2235 501 2617 562 peccatorum;
2656 502 2712 551 et
2751 493 2858 551 hoc
2881 500 2967 551 est
3022 494 3279 552 salutare.
3311 494 3370 552 Si
3403 508 3587 555 autem

295 589 510 659 τήριον.
550 586 610 639 El
630 585 688 639 δὲ
720 585 803 639 ὅτι
833 585 979 648 τινὲς
1008 583 1509 655 ἐπαναστρέφονται
1537 584 1617 647 είς
1638 583 1730 636 τὸν
1761 581 1894 635 ἴδιον

294 680 536 751 εμετον,
572 677 671 731 καὶ
732 676 1062 730 ἐκπίπτουσι
1107 676 1206 747 τῆς
1252 679 1530 746 σωτηρίας
1558 675 1707 751 ,καὶ
1762 673 1895 728 αὐτὸ

293 769 526 840 εὔλογόν
551 770 700 822 ἐστιν
730 769 926 823 εἰπεῖν.
956 820 961 827 ,

905 887 1165 956 Σχόλιον
1187 883 1286 949 ις’.

380 1004 442 1059 ’0
472 1005 539 1059 δι’
567 1002 925 1057 ἀνταπόδοσιν
986 999 1421 1071 ἀποταξάμενος.
1450 1001 1537 1056 ἀεὶ
1599 1000 1701 1071 τῆς
1754 999 1901 1055 κατὰ

284 1104 527 1175 δύναμιν
561 1098 826 1172 ἐργασίας
852 1096 1218 1169 ἐπιμελεῖται,
1245 1094 1595 1167 λογιζόμενος
1618 1096 1695 1159 ὡς
1727 1095 1895 1148 αὐτοῦ

288 1196 498 1268 μικρὸν
529 1193 971 1266 ῥαθυμήσαντος,
1018 1191 1113 1245 καὶ
1159 1189 1252 1244 τὸν
1297 1189 1492 1261 μισθὸν
1523 1186 1893 1258 ἐλαττωθῆναι

286 1287 665 1360 συμϐήσεται.

902 1399 1162 1469 Σχόλιον
1193 1393 1279 1456 ιζ’.

359 1515 551 1589 Οἶμαι,
582 1516 711 1579 τοὺς
738 1511 1218 1582 ἀποτασσομὲνους
1245 1508 1415 1578 λέγει.
1430 1509 1541 1563 Καὶ
1569 1511 1617 1562 oi
1643 1509 1741 1580 μὲν
1763 1507 1889 1571 τοὺς

283 1611 553 1675 πλίνθους
603 1605 1015 1678 οἰκοδομοῦντες
1042 1603 1229 1657 ἐπάνω
1269 1602 1456 1667 λίθων,
1494 1601 1635 1655 εἰσὶν
1683 1601 1733 1653 οί
1778 1618 1889 1672 χω-

285 1706 377 1779 ρὶς
423 1700 708 1771 ὑποταγῆς
743 1697 999 1771 μεγάλων
1050 1693 1264 1767 ἀρετῶν
1296 1695 1357 1748 ὲν
1397 1693 1709 1765 προοιμίοις
1743 1693 1890 1745 οἰκο-

282 1797 459 1868 δομὴν
491 1791 853 1865 ποιησάμενοι
884 1785 1307 1863 [ποιησόμενοι],
1335 1786 1433 1839 καὶ
1480 1784 1571 1838 διὰ
1598 1783 1660 1838 τὸ
1722 1780 1884 1839 ἀπεί-

1998 582 2244 637 nonnulli
2273 592 2623 641 revertuntur
2650 585 2718 641 ad
2744 587 3008 642 vomitum
3038 602 3221 657 suum,
3255 597 3309 645 et
3327 590 3592 647 excidunt

1997 673 2194 741 salute,
2215 685 2271 730 et
2312 676 2417 733 hoc
2451 692 2559 731 non
2603 678 2722 735 sine
2762 680 2977 737 ratione
3021 681 3262 752 permitti
3293 681 3587 742 dicendum

1995 775 2099 822 est.

2616 882 2865 939 Scholion
2899 885 2985 940 16.

2066 989 2170 1057 Qui
2205 1000 2426 1063 propter
2456 996 2761 1051 mercedem
2821 1011 2882 1053 se
2922 998 3073 1055 curis
3118 998 3378 1057 humanis
3428 1002 3588 1058 abdi-

1996 1082 2140 1136 cavit
2191 1098 2409 1155 semper
2444 1101 2545 1157 pro
2575 1088 2784 1145 viribus
2811 1090 3044 1159 laborat,
3081 1093 3380 1151 arbitratus
3412 1096 3583 1167 quod,

1995 1174 2349 1242 quantumvis
2375 1191 2571 1247 parum
2626 1181 2947 1247 cessaverit,
2994 1183 3128 1239 illud
3167 1186 3349 1256 ipsum
3401 1194 3585 1242 tamen

1994 1278 2188 1333 parum
2225 1267 2439 1323 minuat
2463 1269 2771 1326 mercedem
2810 1272 3136 1331 laborantis.

2606 1381 2858 1439 Scholion
2884 1385 2972 1442 l7.

2064 1495 2360 1553 Ahdicatos
2372 1498 2602 1565 saeculo,
2626 1500 2842 1571 Opinor,
2872 1501 3147 1575 intelligit,
3167 1520 3231 1560 ex
3255 1507 3457 1577 quibus
3487 1510 3584 1578 qui

1994 1585 2193 1644 lateres
2240 1604 2405 1659 super
2455 1589 2664 1660 lapides
2720 1593 3015 1662 aediﬁcant,
3072 1603 3201 1650 sunt
3228 1596 3287 1659 ii,
3314 1598 3408 1667 qui
3465 1601 3587 1656 sine

1994 1678 2352 1736 fundamento
2396 1682 2755 1752 subiectionis
2818 1685 3012 1750 ingens
3043 1702 3366 1756 magnarum
3405 1691 3587 1744 virtu~

1996 1782 2110 1825 tum
2140 1786 2280 1843 Opus
2301 1773 2406 1828 sub
2431 1772 2614 1844 ipsum
2654 1776 2870 1831 initium
2894 1776 3165 1848 religiosa:
3192 1780 3318 1837 vita:
3344 1783 3585 1838 moliun-

287 1844 452 1868 "r"c'
497 1844 716 1865 ""’l"'|
758 1844 761 1845 ν
884 1844 907 1863 ι.
1022 1844 1034 1860 ι
1108 1844 1122 1858 ι
1263 1844 1306 1860 ,ιν

286 1905 418 1960 ρους
447 1886 648 1949 αὐτοὺς
714 1883 825 1937 τῶν
867 1878 1139 1935 ταπεινῶν
1189 1877 1290 1948 τῆς
1356 1875 1637 1945 ὑποταγῆς
1705 1873 1879 1928 ἄθλων

1993 1868 2102 1917 tur.
2122 1860 2187 1916 Et
2220 1878 2343 1917 cum
2376 1862 2663 1919 humilium
2695 1844 3082 1935 certaminum,
3119 1885 3241 1938 qua:
3297 1872 3403 1927 sub
3449 1874 3585 1928 obe-

286 1979 579 2050 ὑπάρχειν,
609 1973 945 2048 ήττήθησαν,
981 1971 1077 2025 καὶ
1114 1969 1213 2040 τὴν
1280 1966 1571 2037 οἰκοδομὴν
1636 1965 1774 2037 πρὸς
1824 1966 1886 2019 τὸ

292 2068 694 2139 ταπεινότερον,
725 2065 824 2120 καὶ
887 2062 1281 2132 ἀσθενέστερον
1337 2058 1658 2129 ὲνήλλαξαν.
1717 2058 1781 2111 Oi
1828 2056 1887 2109 δὲ

295 2162 487 2215 ἐπάνω
511 2161 606 2231 τῆς
639 2162 746 2231 γῆς
804 2157 1033 2222 στύλους
1064 2153 1458 2228 ὲδραιὼσαντες
1486 2154 1597 2215 τοῖς
1630 2149 1791 2216 εὐθὺς
1818 2154 1886 2206 ὲκ

289 2253 591 2325 προοιμίων
634 2250 715 2322 τῷ
742 2245 1144 2322 ἀναχωρητικῷ
1195 2245 1298 2318 βίῳ
1338 2243 1733 2318 προσελθοῦσιν
1783 2243 1881 2313 (a),

279 2345 372 2398 διὰ
402 2343 562 2398 τοῦτο
595 2343 766 2415 χωρίς
799 2341 954 2405 ὄντες
983 2338 1250 2410 θεμελίων
1309 2335 1765 2393 καταϐάλλονται.
1819 2337 1882 2390 Ui

279 2434 339 2488 δὲ
366 2432 790 2498 πεζεύοντες,οί
834 2430 912 2503 τῷ
964 2428 1157 2501 ἀτύφῳ
1188 2430 1286 2500 τῆς
1341 2427 1626 2498 ὑποταγῆς
1697 2425 1884 2497 δρόμῳ

277 2525 404 2581 κατ’
436 2523 622 2593 ὀλίγον
674 2522 1024 2593 ἀναχθέντες,
1053 2520 1150 2575 καὶ
1184 2517 1625 2587 ἀκαταγὼνιστοι
1655 2512 1884 2586 γενόμε-

275 2629 378 2680 νοι,
410 2611 510 2667 ἅτε
541 2614 740 2683 πεῖραν
772 2609 879 2665 τῶν
908 2609 1164 2681 πολέμων
1201 2607 1519 2680 ἐσχηκότες.
1870 2604 1879 2613 ’

893 2811 1154 2881 Σχόλιον
1176 2814 1274 2879 ιη’.

346 2924 760 2996 Περιστατικὰς
787 2924 1073 2993 ἀποταγάς
1098 2922 1199 2987 τὰς
1240 2922 1384 2977 κατά
1426 2920 1726 2992 σύμϐασιν,
1782 2920 1880 2973 καὶ

276 3017 581 3090 συμφορῶν
620 3034 786 3071 τινων
824 3017 1110 3071 ὲπὲλευσιν
1137 3015 1431 3086 γινομένας
1472 3014 1643 3084 λέγει.
1692 3013 1909 3089 Φυγάοο

275 3112 360 3175 δες
384 3111 447 3165 δὲ
480 3107 842 3181 ὀνομάζονται
869 3111 921 3162 οἱ
960 3109 1061 3180 τῆς
1090 3108 1353 3180 πατρίδος
1397 3105 1490 3162 διά
1512 3125 1566 3160 τι
1612 3105 1877 3180 πλημμέ-

1990 1952 2195 2009 dientia
2232 1955 2392 2021 (lunt,
2438 1956 2682 2027 imperiti
2718 1959 2850 2025 sint,
2882 1961 3013 2016 victi
3073 1960 3339 2019 fabricam
3391 1965 3582 2020 humi-

1976 2042 2125 2103 liore
2155 2057 2209 2103 et
2241 2049 2547 2104 inﬁrmiore
2594 2059 2902 2107 mutarunt.
2940 2052 3046 2120 Qui
3073 2063 3256 2112 autem
3295 2058 3585 2116 columnas

1989 2155 2154 2210 super
2186 2151 2386 2195 terram
2412 2141 2855 2207 collocarunt,iis
2871 2144 3082 2201 similes
3113 2154 3243 2202 sunt
3265 2148 3360 2218 qui
3394 2148 3585 2206 statim

1989 2233 2058 2289 ab
2090 2234 2246 2289 initio
2286 2235 2561 2307 religiosae
2588 2235 2714 2290 vitae
2735 2250 2795 2291 se
2824 2236 2891 2290 ad
2919 2237 3222 2293 solitariam
3250 2240 3418 2295 vitam
3447 2257 3583 2296 con-

1988 2324 2250 2393 tulerunt,
2293 2341 2530 2397 cumque
2598 2326 2965 2383 fundamentis
3025 2339 3298 2394 carerent,
3365 2331 3583 2387 subruti

1987 2417 2366 2474 conciderunt.
2391 2419 2497 2487 Qui
2533 2430 2719 2477 autem
2770 2421 3002 2492 pedibus
3029 2422 3312 2484 incedunt.
3342 2423 3424 2492 hi,
3458 2441 3582 2480 mo-

1985 2510 2143 2567 desto
2206 2527 2271 2568 ac
2301 2514 2537 2586 simplici
2588 2514 2911 2570 obedientiaa
2947 2530 3115 2571 cursu
3157 2516 3417 2588 paulatim
3447 2533 3580 2588 pro-

1985 2602 2188 2674 gressi,
2219 2604 2673 2676 inexpugnabiles
2727 2601 2861 2659 facti
2908 2614 3057 2672 sunt,
3096 2615 3159 2660 ut
3206 2606 3300 2677 qui
3344 2607 3581 2663 multum

1984 2697 2093 2755 sibi
2126 2695 2397 2754 bellorum
2447 2713 2611 2755 usum
2638 2708 2695 2753 et
2723 2698 3120 2768 experientiam
3181 2701 3577 2770 compararim.

2530 2812 2637 2883 18
2661 2811 2912 2867 Scholion
2938 2811 3027 2867 18.

2055 2927 2327 2999 Loquitur
2387 2926 2667 2984 Climacus
2706 2926 2775 2983 de
2826 2925 3401 2984 abrenuntiationibus
3463 2943 3576 2984 nou

1982 3020 2269 3084 absolutis,
2293 3019 2391 3075 sed
2413 3032 2537 3089 quae
2580 3033 2647 3073 ex
2691 3032 2825 3073 casu
2874 3017 3060 3088 aliquo
3118 3026 3174 3073 et
3201 3017 3574 3072 calamitatum

1983 3113 2296 3183 aliquarum
2321 3111 2504 3166 subito
2535 3109 2920 3167 exsistentium
2961 3116 3157 3165 eventu
3194 3108 3349 3162 ﬁunt.
3387 3109 3573 3165 Exsu-

277 3204 425 3276 λημα
456 3203 799 3275 διωκόμενοι.
869 3201 1123 3256 Ἐπειδὰν
1159 3197 1252 3256 οὖν
1290 3218 1438 3265 τινος
1497 3200 1679 3255 αὐτῶν
1729 3200 1875 3255 κατὰ

1982 3202 2060 3260 les
2076 3214 2259 3260 autem
2296 3212 2588 3265 vocantur,
2618 3202 2712 3272 qui
2759 3202 2832 3257 ob
2888 3201 3107 3256 facinus
3142 3201 3362 3271 aliquod
3395 3201 3575 3270 patria

272 3297 373 3369 τὴν
431 3296 621 3368 χώραν
681 3294 982 3363 διάγοντος,
1037 3292 1221 3365 συμϐῇ
1277 3291 1565 3363 βασιλικὴν
1618 3290 1876 3361 γενέσθαι

274 3390 516 3460 πάροδον
558 3387 790 3455 ἐκεῖθεν,
832 3383 952 3441 εἶτα
983 3385 1254 3457 μηνυθείη
1282 3385 1338 3439 τί
1366 3384 1488 3439 κατ’
1519 3383 1688 3439 αὐτοῦ
1713 3400 1874 3439 σκαι-

276 3482 433 3553 opst,
472 3478 560 3551 βία
589 3478 692 3550 μὲν
719 3478 882 3534 αὑτὸν
922 3477 1155 3549 ἀχθῆναι
1206 3476 1489 3548 προστάξῃ
1510 3491 1539 3505 ’⁷
1571 3476 1877 3547 ἐρευνήσας

272 3574 360 3638 δὲ,
390 3572 486 3628 καὶ
518 3570 706 3645 μαθὼν
759 3571 926 3644 μηδὲν
972 3572 1054 3634 είς
1118 3569 1282 3624 αὐτὸν
1348 3569 1730 3641 ἡμαρτηκέναι
1780 3567 1873 3622 τόν

268 3664 587 3735 ἄνθρωπον,
619 3664 721 3735 τῆς
745 3663 803 3717 δὲ
819 3663 1119 3734 φυγαδείας
1148 3660 1584 3731 ἀνακαλέσηται,
1616 3661 1711 3715 καὶ
1734 3676 1876 3714 παν-

263 3756 437 3821 τοίοις
470 3754 798 3828 δεξιώσηται
841 3754 1048 3823 καλοῖς,
1100 3755 1178 3818 ὡς
1204 3754 1301 3808 καὶ
1333 3751 1723 3824 συνδειπνῆσαι
1750 3753 1874 3805 ὲπι-

258 3843 470 3917 τρέψαι
517 3844 691 3916 αὐτῷ.
737 3846 804 3898 Ἦ
857 3846 915 3899 δὲ
984 3844 1209 3917 τοιαύτη
1272 3842 1561 3915 παραϐολὴ
1612 3843 1708 3897 τὸν
1769 3859 1874 3913 μα-

260 3942 469 4013 κάριόν
495 3959 581 3997 σοι
604 3938 757 4012 δηλοί
781 3936 1015 4005 Παῦλον,
1058 3937 1154 3990 καὶ
1198 3935 1396 3999 ἄλλους
1444 3935 1675 3998 πολλοὺς
1727 3935 1866 4005 Χρι-

259 4033 379 4105 στῷ
434 4031 713 4096 ἀκουσίως
740 4029 1180 4100 ἀπαντήσαντας,
1207 4027 1305 4080 σὺν
1326 4023 1476 4096 αὐτῷ
1505 4024 1562 4078 δὲ
1600 4021 1871 4077 εἰσελθόν-

257 4139 390 4189 τας,
426 4124 528 4178 καὶ
556 4119 1120 4193 συμϐασιλεύσαντας.

874 4418 1134 4487 Σχόλιον
1162 4418 1253 4470 ιϐ’.

1978 3297 2278 3369 pelluntur.
2319 3294 2458 3351 Cum
2491 3295 2658 3365 igitur
2704 3309 2851 3349 unus
2895 3293 3118 3364 quidem
3158 3308 3225 3347 ex
3274 3292 3359 3347 his
3399 3293 3452 3347 in
3488 3309 3573 3347 rc-

1979 3392 2143 3463 gione
2192 3396 2543 3451 versaretur,
2584 3386 2786 3441 accidit
2840 3394 2900 3441 ut
2948 3400 3044 3441 rex
3108 3384 3235 3440 illac
3282 3370 3570 3445 transirct.

1980 3484 2141 3554 eique
2166 3481 2590 3554 signiﬁcaretur,
2624 3481 2803 3550 ipsum
2844 3478 3110 3534 adversus
3145 3494 3206 3535 se
3240 3492 3411 3546 prava
3434 3492 3571 3532 con-

1981 3575 2103 3631 silia
2129 3573 2367 3646 agitare;
2417 3580 2535 3627 tum
2598 3585 2697 3626 rex
2744 3570 2994 3640 praecipit
3046 3569 3202 3624 illum
3230 3569 3284 3623 vi
3317 3568 3513 3625 adduci
3553 3586 3570 3622 :

1977 3670 2072 3740 qui
2101 3675 2287 3723 tamen
2317 3680 2445 3721 cum
2479 3665 2664 3720 habita
2692 3662 2996 3733 quaestione
3024 3662 3356 3732 intelligeret
3386 3662 3570 3715 homi-

1977 3773 2101 3815 nem
2150 3758 2304 3812 illum
2331 3756 2467 3811 nihil
2496 3755 2551 3810 in
2581 3770 2642 3811 se
2670 3768 2955 3825 peccasse,
2985 3761 3040 3808 et
3069 3753 3221 3807 illum
3255 3753 3326 3807 ab
3374 3751 3572 3806 exsilio

1976 3850 2272 3915 revocavit,
2291 3857 2347 3905 et
2370 3849 2525 3905 omni
2570 3861 2772 3919 genere
2815 3846 3091 3901 honorum
3136 3843 3372 3913 excepit,
3407 3843 3481 3898 ita
3508 3851 3571 3896 ut

1976 3944 2130 4000 illum
2148 3943 2321 3999 etiam
2370 3956 2563 3998 mensa
2592 3955 2694 3997 sua
2722 3939 3063 4010 dignaretur.
3096 3935 3225 3991 Haec
3255 3935 3381 3990 talis
3406 3949 3570 4004 para~

1973 4035 2099 4090 bola
2119 4043 2175 4090 et
2197 4032 2504 4090 similitudo
2542 4031 2767 4086 beatum
2801 4027 3056 4093 Paulum,
3094 4034 3151 4082 et
3194 4025 3397 4081 multos
3426 4024 3567 4079 alios

1972 4127 2068 4198 qui
2100 4126 2340 4196 primum
2364 4123 2523 4178 inviti
2541 4120 2765 4176 Christo
2790 4125 3178 4184 occurrerunt,
3207 4116 3305 4172 sed
3338 4115 3565 4170 demum

1974 4234 2100 4275 cum
2126 4233 2194 4275 eo
2214 4218 2439 4275 caeleste
2464 4230 2694 4286 regnum
2722 4222 2854 4269 sunt
2892 4210 3149 4283 ingressi,
3205 4216 3262 4265 et
3305 4223 3432 4264 cum
3470 4208 3566 4262 illo

1975 4316 2032 4369 in
2050 4313 2196 4371 caelo
2214 4318 2540 4383 regnarunt,
2569 4307 2732 4365 nobis
2767 4305 3025 4363 ostendit.

2587 4420 2839 4478 Scholion
2865 4420 2955 4477 l9.

328 4536 519 4591 Ὅπου
551 4533 717 4606 βάρος
743 4532 1002 4606 φορτίων,
1045 4533 1165 4586 ἐκεῖ
1201 4525 1643 4601 συμϐοηθοῦντος
1668 4527 1825 4600 χρεία
1844 4541 1858 4557 ·

2044 4539 2146 4597 Ubi
2166 4552 2419 4603 onerum,
2450 4550 2547 4590 seu
2578 4541 2925 4605 peccatorum
2948 4530 3178 4586 nimium
3209 4537 3295 4585 est
3320 4529 3559 4600 pondus,

256 4631 359 4685 καὶ
396 4625 826 4704 ὅπουεβόρϐορος
846 4625 1045 4698 ψυχῆς,
1076 4625 1197 4679 ἐκεῖ
1250 4621 1505 4695 δακρύων
1533 4620 1715 4694 χρεία.

889 4826 1148 4897 Σχόλιον
1184 4830 1255 4879 κ’.

334 4944 537 5013 ’Υγεία
569 4943 690 4997 ἐστὶ
708 4940 910 5014 ψυχῆς,
942 4944 977 5014 ἠ
1024 4942 1120 4995 τοῦ
1161 4940 1307 4996 θείου
1358 4938 1671 5010 θελήματος
1725 4934 1865 4989 εὐω-

250 5036 342 5091 δία
380 5055 395 5070 ο
438 5036 636 5107 ὥσπερ
678 5035 744 5106 δὴ
801 5034 1039 5106 ἔμπαλιν
1084 5035 1146 5091 τὺ
1190 5035 1446 5088 ἐκπεσεῖν
1501 5030 1600 5083 τοῦ
1650 5028 1857 5100 ἀγαθοῦ

254 5129 593 5201 θελήματος,
623 5127 776 5190 νόσος
798 5126 918 5180 ἐστὶ
945 5126 1128 5198 ψυχῆς
1186 5123 1530 5194 τελευτώσης
1598 5122 1678 5185 είς
1758 5120 1856 5174 θά-

252 5237 436 5277 ναίων.
955 5252 960 5256 ~

860 5331 1121 5402 Σχόλιον
1149 5330 1263 5384 κα’.

336 5437 405 5493 Ὀ
445 5445 734 5511 δεχόμενος
817 5446 978 5516 λόγον
1059 5444 1342 5517 ἀληθείας,
1394 5443 1722 5508 ὑποδέξεται
1769 5444 1862 5498 τόν

257 5530 419 5599 Θεὸν,
448 5530 637 5599 λέγει·
692 5538 825 5601 φησὶ
879 5538 988 5612 γὰρ
1047 5540 1077 5592 ὁ
1126 5537 1367 5610 Κύριος·
1429 5538 1484 5590 '0
1536 5537 1864 5607 δεχόμενος

261 5623 420 5689 ὑμᾶς
454 5622 562 5693 ἐμὲ
594 5621 851 5692 δέχεται.

337 5742 359 5773 ⁸
385 5740 583 5795 Matth.
610 5756 667 5807 x,
704 5741 794 5797 40.

1969 4636 2042 4692 ibi
2096 4634 2275 4689 alieno
2321 4629 2528 4685 auxilio
2584 4642 2723 4699 opus
2764 4635 2871 4694 est,
2921 4633 2976 4681 et
3014 4624 3105 4680 ubi
3139 4623 3328 4680 multa:
3362 4622 3562 4678 animai

1968 4725 2180 4787 sordes,
2208 4722 2280 4777 ibi
2315 4721 2505 4777 multis
2530 4717 2791 4790 lacrymis
2819 4731 2974 4773 usus.

2578 4832 2831 4890 Scholion
2849 4832 2939 4888 20.

2041 4958 2243 5013 Gratus
2265 4952 2465 5009 divinae
2495 4948 2795 5005 voluntatis
2813 4946 2953 5003 odor
2985 4954 3070 5003 est
3098 4945 3307 5002 sanitas
3335 4943 3557 5008 animae,

1970 5056 2161 5107 contra
2196 5061 2327 5103 vero
2378 5043 2566 5100 divina
2616 5043 2898 5098 voluntate
2942 5036 3199 5096 excidere
3247 5044 3333 5095 est
3386 5038 3561 5108 pestis

1970 5142 2168 5198 animae
2188 5140 2243 5195 in
2278 5147 2510 5193 mortem
2532 5133 2827 5206 vergentis.
3269 5158 3273 5165 ~

2578 5336 2831 5392 Scholion
2858 5334 2950 5411 2i.

2036 5455 2299 5526 Quisquis
2353 5451 2581 5509 verbum
2644 5447 2893 5505 veritatis
2949 5441 3208 5508 admittit,
3262 5437 3432 5493 Deum
3465 5452 3555 5495 re-

1964 5550 2118 5621 cipit.
2145 5554 2381 5605 testante
2413 5544 2652 5602 Domino
2679 5560 2694 5598 :
2726 5540 2834 5608 Qui
2859 5554 2971 5605 vos,
2999 5530 3198 5606 inquit,
3233 5528 3440 5600 recipit,
3472 5544 3555 5583 nu

1966 5642 2149 5710 recipit
2174 5642 2219 5697 ’.

341 5853 424 5929 (a)
466 5856 687 5927 Ὅμοιοι
746 5854 965 5909 videtur
1005 5852 1309 5909 desiderari
1363 5857 1452 5909 vel
1506 5860 1717 5939 aliqua.
1754 5876 1863 5919 vox
1917 5859 2136 5917 similis.

587 5949 860 6009 PATBOL.
906 5948 1027 6007 Gn.
1050 5947 1267 6007 LXXX
1286 5948 1442 6010 Vlll.

3154 5938 3230 6002 21
