4062 6434
477 387 590 453 651
1771 375 1827 433 δ.
1885 373 2205 435 JOANNIS
2241 373 2548 435 CLIMACl
3537 461 3542 468 _
3681 347 3802 425 652'

1100 492 1346 548 Scholion
1374 491 1464 546 2‘2.

559 595 708 652 Mens
744 592 889 647 b0no
916 590 1022 644 line
1069 592 1344 644 commota
1376 583 1616 639 inveniet
1634 583 1942 650 veritatem,
1981 585 2075 641 sed

485 701 552 742 ex
575 685 772 742 vitioso
799 682 996 738 affectu
1021 678 1246 736 incitata
1271 692 1377 732 non
1404 684 1728 747 assequetur
1759 676 1928 732 illam.

1095 768 1346 825 Scholion
1373 767 1464 823 25.

553 869 764 924 Anima:
808 864 1025 928 faciem,
1083 860 1359 933 potentias
1404 875 1502 916 seu
1561 858 1851 915 facultates
1877 859 2075 916 animae

484 957 774 1030 appellavit
800 970 900 1011 :ex
923 952 1270 1010 naturalibus
1298 951 1446 1006 enim
1480 949 1656 1020 signis
1684 949 1872 1007 hostes
1895 950 2077 1006 nostri

481 1051 760 1106 demones
838 1054 1045 1102 statum
1109 1043 1460 1100 aiiectiouum
1539 1051 1596 1096 et
1658 1041 2075 1098 inclinationum

480 1148 798 1196 nostrarum
820 1137 1085 1208 colligunt
1142 1144 1198 1191 et
1226 1133 1602 1206 perspiciunt;
1633 1147 1760 1188 nam
1795 1148 1863 1190 ex
1895 1133 1947 1187 vi
1977 1148 2078 1190 sua

479 1233 546 1289 ad
594 1231 956 1302 cogitationes
997 1237 1222 1284 nostras
1297 1236 1587 1298 penetrare
1619 1241 1748 1282 non
1819 1234 2076 1296 possunt.

480 1324 640 1380 Solas
678 1337 810 1379 suas
849 1321 1069 1376 fraudes
1126 1321 1422 1391 ingerunt,
1475 1327 1530 1372 et
1587 1325 1912 1388 exspectant
1969 1332 2080 1388 quo

481 1431 606 1472 cum
647 1429 812 1470 sensu
845 1413 1074 1469 insidias
1120 1411 1358 1474 illorum,
1393 1417 1448 1464 et
1480 1409 1859 1479 suggestiones
1879 1408 2079 1464 admit-

480 1517 662 1562 tamus
695 1521 792 1562 seu
844 1504 1224 1576 excipiamus:
1260 1513 1314 1559 et
1345 1518 1470 1558 cum
1537 1517 1647 1559 non
1706 1501 1952 1567 videant,
1980 1516 2079 1572 per

479 1596 754 1666 ignaviam
783 1605 965 1652 tamen
998 1605 1264 1659 nostram,
1294 1605 1354 1650 ut
1383 1595 1603 1650 videant
1627 1591 1926 1649 efﬁcimus.

981 1685 1089 1758 ιθ
1114 1684 1369 1742 Scholion
1399 1685 1471 1740 24
1498 1726 1512 1740 .

529 1782 876 1852 "Complures
927 1786 1172 1851 spectata
1226 1778 1467 1851 religiosi
1536 1778 1700 1835 stadii
1761 1776 2082 1835 difficultate

2108 500 2156 556 Α

2773 486 2820 537 Σ
2822 483 3035 552 χόλιον
3081 482 3188 534 κθ.

2254 582 2397 647 Νοῦς
2427 582 2486 647 ἐξ
2528 579 2823 652 ὀρθότητος
2851 577 3193 648 κινούμενος,
3230 572 3476 645 εὑρίσκει
3501 569 3802 642 ἀλήθειανο

2177 677 2207 730 ὁ
2234 675 2292 730 δὲ
2336 679 2400 729 ἐκ
2435 674 2643 738 πάθους
2674 671 2842 736 τινὸς,
2883 665 3244 732 ἀποτεύξεται
3279 662 3476 733 αὐτῆς.

2783 764 3048 834 Σχόλιον
3073 766 3180 830 κγ’.

2251 861 2550 932 Πρόσωπον
2605 859 2806 930 ψυχῆς,
2836 855 2937 920 τὰς
2961 852 3222 923 δυνάμεις
3246 849 3436 921 εἴρηκε
3462 849 3561 918 τῆς
3583 845 3792 916 ψυχῆς

2179 957 2280 1012 καὶ
2305 954 2416 1026 γὰρ
2457 955 2523 1007 ἐκ
2549 951 2660 1008 τῶν
2688 951 3030 1022 αίνιγμάτων
3057 946 3165 1001 τῶν
3195 943 3441 1015 ψυχικῶν
3468 941 3791 1008 διαθέσεων,

2181 1048 2280 1102 καὶ
2309 1047 2597 1118 μιμήσεων
2641 1043 2801 1116 ήμῶν
2857 1042 3152 1114 βλέπουσιν
3205 1035 3306 1104 τὴν
3349 1035 3686 1090 κατάστασιν
3741 1031 3794 1085 οἱ

2180 1139 2370 1212 ἐχθροὶ
2391 1138 2553 1210 ήμῶν
2591 1137 2882 1208 δαίμονεςο
2926 1135 3051 1186 ἐπεὶ
3110 1131 3210 1185 οὐκ
3262 1128 3325 1194 ἐξ
3376 1125 3586 1182 ἑαυτῶν
3627 1123 3794 1194 γινώ-

2185 1248 2376 1286 σκουσι
2436 1230 2537 1295 τὰς
2568 1229 2728 1300 ἡμῶν
2778 1227 3042 1290 διανοίας,
3092 1225 3256 1296 μόνας
3300 1223 3358 1276 δὲ
3389 1222 3488 1285 τὰς
3534 1220 3670 1283 ἰδίας
3704 1218 3793 1271 τέο

2186 1341 2322 1396 χνας
2361 1323 2768 1394 ἐπισπείρουσι,
2812 1322 2908 1375 καὶ
2963 1319 3280 1389 ἐκδέχονται
3325 1314 3388 1368 τὸ
3426 1313 3563 1385 μετά
3628 1311 3797 1374 ποίας

2181 1416 2476 1480 διαθέσεως
2501 1413 2857 1486 εἰσδεχόμεθα
2889 1411 2990 1476 τὰς
3025 1407 3318 1472 ἐπιϐουλάς
3343 1423 3355 1436 ·
3386 1408 3482 1460 καὶ
3511 1405 3587 1475 μὴ
3613 1403 3793 1474 δρῶν-

2181 1525 2282 1572 τας
2333 1509 2467 1578 ὁρᾷν
2510 1505 2775 1576 ποιοῦμεν
2839 1503 3040 1566 αὐτοὺς
3105 1499 3194 1555 διὰ
3240 1500 3339 1570 τῆς
3409 1497 3568 1568 ήμῶν
3623 1494 3794 1566 ρᾳθυ-

2188 1600 2340 1673 μίας.

2777 1692 2824 1745 Σ
2825 1691 3040 1760 χόνιιον
3076 1688 3184 1742 κδ’.

2259 1784 2458 1840 Πολλοὶ
2478 1784 2577 1856 τὴν
2611 1784 2937 1856 δυσχέρειαν
2955 1781 3192 1855 δρῶντες
3222 1779 3320 1834 τοῦ
3351 1778 3567 1833 σταδίου
3596 1777 3788 1846 φασιν,

483 1873 696 1940 dicunt,
726 1887 850 1928 cum
875 1868 1133 1926 Christus
1153 1869 1341 1942 jugum
1379 1885 1540 1926 suum
1579 1884 1748 1926 suave
1777 1878 1834 1926 et
1865 1871 1982 1927 leve
2004 1868 2086 1926 af-

2214 1883 2271 1934 ὲτι
2317 1877 2554 1952 χρηστὸν
2611 1878 2706 1932 καὶ
2738 1874 2975 1948 ἐλαφρὸν
3004 1875 3240 1950 Χριστὸς
3267 1874 3361 1929 τὸν
3396 1874 3559 1943 ζυγὸν
3581 1872 3788 1942 ὀνομά-

479 1968 680 2031 Irtnet,
729 1963 1008 2036 quomodo
1037 1962 1149 2018 vim
1196 1961 1426 2028 faciunt,
1499 1963 1591 2033 qui
1659 1962 1856 2018 tollunt
1906 1963 2088 2019 illud?

2214 1975 2338 2040 ζων,
2392 1971 2513 2035 πῶς
2566 1970 2850 2042 βιάζονται
2894 1971 2944 2024 οἱ
2990 1969 3277 2041 αἴροντεςς
3326 1963 3677 2037 ἀγνοοῦντες,
3713 1962 3792 2025 ὡς

480 2059 680 2129 ignari,
716 2067 776 2113 ut
801 2071 948 2124 reor,
986 2055 1133 2127 quod
1165 2055 1204 2109 ii
1235 2055 1424 2110 omnia
1459 2055 1603 2110 levia
1632 2065 1686 2110 et
1712 2053 1892 2111 facilia
1946 2054 2088 2111 dicta

2214 2059 2364 2136 Ιμαι,
2393 2063 2474 2129 ὅτι
2503 2063 2640 2135 πρὸς
2672 2062 2772 2133 τήν
2802 2061 3250 2134 ἀποκαραδοκίαν
3273 2060 3375 2130 τῆς
3427 2055 3792 2118 ἀναπαύσεως

467 2152 614 2215 sint,
638 2151 732 2221 qui
767 2149 835 2204 ad
872 2147 1164 2208 sollicitam
1197 2145 1398 2202 futura:
1419 2150 1621 2218 quietis
1674 2155 1729 2202 et
1792 2146 2088 2218 voluptatis

2214 2157 2286 2212 ιαὶ
2331 2154 2692 2218 ἀπολαύσεως
2729 2157 2845 2218 τοῖς
2881 2153 3163 2224 ἀφορῶσιν
3191 2149 3405 2224 ἐλαφρὰ
3469 2148 3560 2204 καί
3587 2147 3791 2219 εὐχερῆ

487 2258 587 2299 seu
610 2242 830 2300 fructus
887 2241 1350 2310 exspectationem
1377 2240 1721 2310 respiciunt:
1788 2239 1897 2295 illis
1957 2253 2088 2297 vero

2214 2249 2443 2320 l’p'qvcctt
2473 2265 2487 2280 ·
2512 2248 2625 2312 τοῖς
2659 2247 2717 2302 δὲ
2742 2246 3054 2318 χαμερπέσι
3084 2246 3182 2301 καὶ
3213 2239 3428 2320 σκληρὰ
3454 2244 3548 2297 καὶ
3581 2245 3792 2314 ἀπροσ-

490 2335 588 2406 qui
619 2334 770 2390 humi
804 2341 1021 2404 repunt,
1054 2347 1150 2389 seu
1185 2332 1252 2388 ad
1288 2335 1400 2388 haec
1428 2343 1642 2388 terrena
1675 2341 1888 2389 tantum
1915 2333 2088 2406 respi-

2214 2341 2449 2394 τέλαστα,
2487 2339 2598 2392 Καὶ
2631 2337 2740 2412 γὰρ
2777 2339 2806 2391 ὀ
2840 2337 3313 2402 δυσαποσπάστως
3344 2341 3482 2409 ἔχων
3534 2337 3662 2407 περὶ
3717 2336 3788 2387 τὰ

496 2427 672 2489 ciunt,
699 2439 890 2496 aspera
919 2433 974 2480 et
1011 2424 1397 2481 intolerabilia.
1445 2421 1550 2491 Qui
1611 2427 1758 2480 enim
1825 2440 1966 2496 aegre
2017 2426 2088 2482 ab

2214 2433 2363 2497 ιάτω,
2398 2429 2652 2502 βιάζεται
2686 2432 2827 2504 πρὸς
2863 2430 2962 2504 τὴν
2989 2432 3176 2487 ἄνοδον
3199 2446 3214 2463 ο
3257 2429 3402 2484 οὕτω
3434 2429 3528 2484 καὶ
3549 2429 3578 2481 ὁ
3607 2426 3793 2481 νεανί-

477 2520 570 2577 his
611 2520 818 2576 inlimis
851 2519 1125 2588 avellitur,
1153 2535 1263 2575 non
1310 2520 1415 2575 nisi
1477 2535 1572 2590 per
1624 2520 1735 2575 vim
1791 2521 1857 2577 ad
1923 2537 2088 2592 supe-

2214 2541 2320 2588 τκος
2349 2524 2529 2578 πάντα
2569 2525 2797 2596 ποιῆσαι
2834 2525 3204 2596 ὁμολογήσας,
3249 2527 3386 2595 πρὸς
3419 2522 3480 2576 τδ
3509 2521 3792 2576 τελειότα-

483 2613 636 2668 riora
664 2614 910 2667 enititur.
955 2611 1048 2668 Sic
1111 2611 1433 2667 adolescens
1487 2609 1868 2683 Evangelicus,
1904 2613 2088 2669 omnia

2214 2633 2280 2671 ὀν
2302 2616 2619 2689 ἀπεσφάλη.
2657 2616 2720 2672 '0
2750 2617 2809 2671 δὲ
2841 2617 3022 2672 πάντα
3053 2616 3550 2687 ἁποτιναξάμενος,
3585 2613 3792 2682 κοῦφος

487 2719 548 2759 se
583 2703 841 2759 mandata
887 2717 1138 2759 servasse
1184 2701 1495 2774 professus,
1559 2705 1627 2758 ad
1690 2703 2086 2775 perfectionem

2214 2709 2558 2780 »περνήχεται
2591 2709 2681 2764 τὸν
2716 2711 2856 2782 ἀέρα
2893 2710 3105 2765 τοῦτον.

489 2797 757 2855 invitatus
814 2796 1031 2853 defecit.
1100 2796 1206 2864 Qui
1263 2809 1389 2852 vero
1437 2796 1624 2851 omnia
1682 2797 1924 2853 humana
1969 2799 2038 2854 ab
2101 2813 2163 2857 se
2202 2801 2468 2872 excussit,
2527 2801 2663 2858 levis
2730 2810 2786 2858 et
2846 2801 3136 2873 expeditus
3191 2818 3357 2873 super
3404 2802 3554 2856 hunc
3606 2812 3791 2855 aerem

471 2903 642 2950 .natat
666 2901 722 2950 et
747 2891 951 2949 evolat.

1087 2987 1339 3043 Scholion
1375 2987 1468 3043 ‘25.

557 3079 768 3134 Bonum
805 3090 884 3134 est
923 3081 1053 3145 viro,
1093 3082 1140 3134 si
1201 3080 1266 3134 ab
1327 3080 1684 3136 adolescentia
1736 3097 1837 3135 sua
1888 3082 2082 3154 ﬁgunt

472 3176 775 3247 portaverit
799 3175 866 3228 “.

1108 3265 1363 3322 Scholion
1385 3265 1476 3322 26.

560 3359 644 3414 Ad
692 3358 1208 3415 ardentissimarum
1263 3357 1615 3415 aﬂ’ectionum
1683 3369 1738 3414 et
1799 3358 2089 3429 perturba-

488 3449 726 3512 tionum,
757 3447 873 3514 irae,
904 3447 1152 3519 inquam,
1185 3456 1242 3503 et
1267 3447 1755 3518 concupiscentia,
1785 3463 1952 3520 opera
1981 3459 2089 3505 nos

490 3539 727 3611 improbi
787 3539 1084 3606 daemones,
1135 3549 1396 3610 tanquam
1453 3540 1708 3598 manibus
1754 3539 2088 3614 quibusdam

475 3631 796 3698 actionum,
816 3632 1164 3702 pertrahunt.

1105 3722 1356 3780 Scholion
1384 3725 1475 3781 27.

565 3815 692 3873 Haec
717 3816 969 3872 nonnulli
1018 3817 1254 3888 simplici
1298 3818 1466 3874 nimis
1512 3819 1699 3874 animo
1760 3817 2089 3882 lectitantes,

491 3908 870 3979 imprudenter
901 3909 1050 3964 illata
1081 3908 1188 3966 sibi
1220 3907 1273 3964 vi
1297 3907 1636 3966 defecerunt.
1683 3908 1804 3966 Non
1833 3908 2092 3965 manibus

439 4008 449 4018 '
492 4016 625 4072 ergo
651 4001 770 4057 hac
799 4001 1138 4072 prazscripsit
1189 4001 1490 4083 Climacus,
1553 4001 1650 4060 sed
1697 4003 1767 4058 iis
1825 4003 2095 4058 duntaxat

493 4095 590 4164 qui
631 4095 962 4152 sucientes
993 4095 1062 4152 ad
1086 4110 1207 4152 eam
1268 4109 1385 4152 rem
1410 4096 1560 4153 vires
1618 4095 1905 4161 haberent,
1955 4111 2095 4168 quo-

494 4202 729 4258 rumque
763 4202 966 4258 corpus
995 4187 1164 4244 nimis
1180 4189 1480 4256 lasciviret,
1509 4197 1568 4245 et
1617 4191 1711 4260 qui
1773 4189 2009 4260 gratiam
2061 4203 2094 4244 a

495 4281 608 4338 Deo
640 4284 1005 4354 accepissent.
1053 4283 1301 4355 Reliquis
1327 4293 1540 4346 autem,
1561 4295 1624 4339 ut
1647 4297 1747 4354 pro
1775 4299 1876 4340 sua
1939 4283 2096 4354 quis-

2793 2995 3054 3064 Σχόλιοιν
3111 2999 3217 3048 κε’.

2275 3085 2519 3156 Ἀγαθὸν
2568 3085 2775 3155 ἀνδρὶ,
2840 3085 2992 3140 ὅταν
3023 3083 3137 3156 ἄρῃ
3184 3083 3364 3156 ζυγὸν
3402 3083 3473 3139 ὲκ
3504 3085 3793 3153 νεότητος

2190 3175 2402 3232 αὑτοῦ.

2785 3269 3050 3341 Σχόυιιον
3083 3277 3201 3336 iis".

2265 3364 2409 3436 Πρὸς
2443 3365 2543 3438 τὴν
2567 3366 2857 3439 ἐνέργειαν
2874 3363 2984 3419 τῶν
3015 3363 3370 3435 φλεγμάτων,
3412 3359 3508 3416 καὶ
3547 3360 3660 3416 τῶν
3691 3377 3794 3414 παι

2195 3457 2327 3520 θῶν,
2357 3457 2557 3529 θυμοῦ,
2595 3459 2765 3531 φημὶ,
2815 3457 2910 3511 καὶ
2959 3457 3280 3528 ἐπιθυμίας,
3311 3456 3390 3520 ὡς
3430 3455 3520 3508 διὰ
3567 3453 3792 3525 χειρῶν,

2193 3550 2306 3605 τῶν
2334 3551 2628 3624 ἐνεργειῶν
2679 3552 2729 3606 οῑ
2769 3552 3004 3624 πονηροὶ
3033 3551 3285 3606 ἕλκουσιν
3313 3551 3462 3622 ἡμᾶς
3511 3547 3792 3619 δαίμονες.

2779 3731 3054 3801 Σχόλιον
3089 3729 3196 3792 κζ’.

2268 3820 2459 3876 Ταῦτά
2507 3835 2654 3885 τινες
2700 3822 2892 3894 ἁπλῶς
2933 3825 3284 3892 ἀναγνόντες,
3322 3820 3417 3876 καὶ
3455 3806 3792 3890 ἀδιακρίτως

2200 3913 2293 3986 βίᾳ
2320 3914 2550 3979 ἑαυτοὺς
2579 3915 2828 3981 ἐκδόντες
2854 3917 3362 3988 διαπεφωνήκασιν.
3394 3912 3470 3967 οὐ
3492 3914 3660 3967 πᾶσιν
3676 3906 3796 3976 οὖν,

2197 4006 2337 4063 ἀλλὰ
2362 4009 2477 4072 τοῖς
2513 4007 2782 4072 δυνατοῖς,
2815 4010 2918 4062 καὶ
2958 4007 3121 4079 σιῖιμα
3156 4007 3410 4080 σφριγῶν
3438 4007 3647 4077 ἔχουσι,
3695 4004 3794 4074 καὶ

2197 4101 2359 4174 χάριν
2383 4102 2442 4156 ἐν
2462 4101 2674 4165 τούτοις
2695 4100 2978 4164 λαϐοῦσιν,
3010 4101 3185 4155 ταῦτα
3215 4100 3504 4172 νομοθετεί
3528 4101 3557 4153 ὁ
3583 4096 3791 4166 πατήρ.

2199 4193 2328 4258 Τοῖς
2379 4193 2438 4247 δέ
2492 4194 2701 4257 λοιποῖς
2751 4191 2892 4246 κατά
2947 4192 3179 4263 δύναμιν
3221 4192 3355 4246 αὐτὸ
3403 4189 3793 4258 δουλαγωγετν,

2201 4282 2463 4356 προνοίας
2491 4282 2659 4338 αὐτοῦ
2689 4285 2771 4347 είς
2806 4281 3107 4352 ἐπιθυμίαν
3151 4280 3225 4352 μὴ
3263 4278 3629 4351 ποιουμένοις.

499 4387 610 4444 que
667 4371 956 4439 facultate,
1013 4383 1069 4430 et
1128 4375 1340 4431 viribus
1394 4373 1525 4430 illud
1591 4374 1650 4428 in
1708 4375 2028 4430 servitutem
2067 4373 2356 4446 redigeret,
2382 4382 2438 4430 et
2469 4372 2797 4444 provideret,
2834 4387 2905 4430 ne
2955 4371 3014 4427 in
3070 4385 3269 4441 pravas
3313 4369 3642 4440 cupiditates
3696 4381 3796 4422 seu

497 4465 977 4536 concupiscentias
1000 4467 1398 4536 prolaberetur.

1143 4561 1396 4616 Scholion
1423 4560 1514 4616 28.

571 4650 678 4719 Qui
717 4649 1122 4708 inconsiderate
1153 4668 1211 4709 se
1234 4652 1465 4707 nimium
1490 4651 1702 4723 fatigat,
1749 4650 1977 4706 omnino
2025 4650 2094 4705 ad

489 4742 908 4800 mendicitatem
941 4743 1207 4812 redigitur
1258 4743 1364 4811 Qui
1402 4759 1528 4801 cum
1553 4759 1650 4813 spe
1706 4741 1902 4810 currit,
1940 4750 2095 4797 tanto

493 4833 736 4904 amplius
761 4833 1206 4904 locupletabitur.

1000 4925 1344 4998 Augustam:
1376 4926 1562 4981 codex.

573 5015 679 5085 Qui
702 5017 842 5074 duce
873 5026 930 5074 et
964 5019 1330 5090 gubernatore
1385 5027 1594 5082 carent,
1663 5027 1923 5090 tanquam
1969 5017 2096 5073 folia

505 5111 804 5168 decidunt:
836 5120 889 5166 et
910 5111 1003 5182 qui
1033 5111 1438 5168 inconsiderate
1462 5111 1736 5177 laborant,
1786 5112 1855 5167 ad
1913 5119 2098 5167 estre-

506 5218 652 5258 mam
680 5203 1084 5259 mendicitatem
1122 5203 1466 5274 rediguntur.
1529 5203 1634 5269 Qui
1717 5214 1898 5260 autem
1967 5219 2093 5259 cum

508 5312 606 5368 spe
629 5303 882 5363 currunt,
906 5295 1072 5367 duplo
1109 5295 1346 5367 amplius
1397 5296 1738 5354 ditabuntur.

1120 5389 1375 5446 Scholion
1411 5390 1586 5446 aliud.

577 5483 873 5555 Nunquam
910 5498 1136 5540 recuses
1169 5482 1403 5548 discere,
1458 5485 1816 5553 quantumvis
1873 5483 2056 5551 sapias
2087 5499 2100 5538 :

513 5575 699 5631 utilior
735 5584 819 5631 est
837 5575 982 5630 enim
1015 5575 1212 5630 divina:
1257 5573 1670 5644 gubernationis
1722 5575 1864 5631 ratio
1916 5581 2102 5628 nostra

512 5669 806 5738 prudentia
818 5711 830 5725 .

592 5847 635 5878 "
670 5846 875 5903 Thren.
903 5863 988 5914 tn,
1021 5850 1111 5903 ‘27.

2127 4563 2176 4619 Ῑ)

2806 4557 3064 4625 Σχόλιον
3087 4549 3201 4623 κήν.

2284 4649 2343 4704 ⁸0
2373 4648 2689 4720 ἀϐουλήτως
2726 4648 2936 4703 κοπιῶν
2965 4646 3274 4711 καθολικῶς
3305 4645 3599 4718 πτωχεύει.
3648 4647 3704 4700 '0
3732 4647 3801 4715 es

2204 4744 2325 4814 μετ’
2351 4741 2568 4806 ἐλπίδος
2593 4742 2830 4814 τρέχων,
2863 4741 3149 4806 δίπλουτος
3186 4739 3365 4795 ἐσται.

2557 4921 2737 4978 Codex
2769 4924 3114 4992 Auguslanus
3141 4923 3219 4976 ita
3247 4921 3401 4976 habet
3425 4936 3445 4975 :

2279 5011 2376 5074 Οἷς
2438 5013 2512 5084 μὴ
2556 5012 2794 5084 ὑπάρχει
2841 5013 3195 5086 κυϐέρνησις,
3240 5012 3567 5077 πίπτουσιν,
3613 5011 3806 5083 ὥσπερ

2207 5107 2402 5178 φύλλα,
2440 5108 2536 5161 καὶ
2557 5108 2606 5160 οἱ
2638 5107 2954 5178 ἀϐουλήτως
2989 5106 3292 5169 κοπιῶντες
3316 5106 3623 5169 καθολικῶς
3655 5123 3804 5159 πτω-

2207 5201 2480 5273 χεύουσιν.
2529 5201 2594 5253 Ol
2641 5200 2699 5253 δὲ
2756 5201 2876 5271 μετ’
2934 5199 3149 5264 ἐλπίδος
3191 5200 3481 5271 τρέχοντες
3533 5197 3804 5252 δίπλουτοι

2209 5291 2444 5346 ἔσονται.

2775 5387 2820 5438 Σ
2823 5385 3036 5452 χόλων
3068 5383 3243 5438 ἄλλο.

2282 5475 2376 5546 Μὴ
2405 5477 2712 5530 ἁπαναίνου
2740 5477 3055 5548 μανθάνειν,
3088 5477 3194 5532 κᾶν
3228 5477 3352 5531 λίαν
3379 5476 3638 5538 φρόνιμος
3669 5484 3808 5539 τυγ-

2209 5569 2416 5640 χάνεις.
2473 5570 2538 5622 Ἦ
2589 5569 2700 5642 γὰρ
2748 5571 3034 5639 οἰκονομία
3081 5567 3178 5624 τοῦ
3227 5558 3360 5614 Θεοῦ
3403 5558 3810 5631 ὠφελιμωτέρα

2204 5666 2322 5718 ἐστὶ
2350 5664 2448 5734 τῆς
2478 5665 2756 5736 ἡμετέρας
2793 5665 3131 5738 φρονήσεως·
