4062 6446
429 399 561 467 "655

1720 407 1779 467 S.
1807 402 2126 467 JOANNIS
2143 394 2450 463 CLIMACI

3633 397 3743 464 656

456 518 589 568 sunt
612 511 853 583 benigni,
880 526 1089 583 nosque
1119 513 1350 569 miseros
1372 514 1640 582 dictitare,
1673 517 1817 586 quod
1839 516 2049 587 ejusce-

2157 512 2459 583 ἀποταγην,
2490 510 2676 564 λοιπὸν
2704 510 2830 574 τοὺς
2862 510 3159 580 ἐλεήμονας
3192 511 3345 582 ἡμῖν,
3387 509 3480 564 καὶ
3514 527 3745 582 συμπα-

455 605 609 663 modi
680 607 1053 663 misericordia
1119 608 1276 663 omni
1303 610 1501 665 virtute
1551 610 1797 667 destituti
1853 612 2048 667 simus.

435 698 760 755 'Consilium
786 709 968 755 autem
994 699 1233 755 hostium
1258 698 1362 766 est,
1393 702 1474 756 uti
1538 717 1642 759 nos
1696 718 1795 774 per
1846 702 2051 759 demis-

456 789 631 846 sionis
694 790 955 861 speciem,
1016 798 1110 846 aut
1168 792 1237 848 ad
1294 794 1583 863 profanam
1644 796 1831 851 saeculi
1879 796 2049 851 vitam

427 884 769 951 -retrahant;
797 892 891 939 aut
931 883 986 937 in
1014 884 1278 956 religione
1301 897 1722 957 perseverantes
1760 890 1827 945 ad
1858 887 2051 960 despe-

454 976 684 1031 rationis
741 975 999 1047 laqueum
1028 976 1270 1046 adigant.
1306 979 1447 1035 Sunt
1470 981 1564 1051 qui
1594 982 1734 1038 alios
1768 982 1821 1036 in
1847 970 2097 1037 saeculo“

430 1079 736 1123 «versantes
763 1081 863 1136 per
885 1068 1054 1123 animi
1085 1068 1378 1127 elationem
1406 1087 1517 1142 pra:
1545 1088 1606 1129 se
1639 1083 1998 1129 contemnunt
2031 1090 2047 1141 ;

436 1169 584 1214 sunt
610 1158 703 1229 qui
732 1159 955 1215 eosdem
1003 1160 1258 1219 absentes
1288 1164 1397 1234 22
1432 1167 1763 1235 despiciunt,
1827 1174 1889 1220 ut
1945 1165 2047 1236 ipsi

450 1266 564 1306 non
592 1251 905 1321 desperent,
944 1262 998 1309 et
1048 1256 1296 1310 animum
1350 1258 1613 1327 ampliore
1654 1274 1752 1328 spe
1807 1259 2045 1313 ﬁrment.

448 1342 756 1399 Audiamus
784 1343 1081 1401 Dominum
1108 1348 1442 1403 adolescenti
1467 1349 1569 1417 illi,
1595 1349 1691 1421 qui
1729 1350 2044 1404 divinorum

453 1443 850 1506 praeceptorum
875 1436 1022 1508 leges
1087 1435 1203 1492 fere
1257 1454 1453 1495 omnes
1506 1438 1863 1506 custodierat,
1918 1455 2047 1495 sua-

453 1526 670 1582 dentem
695 1545 708 1582 :
751 1525 925 1582 Unum
955 1529 1050 1582 tibi
1079 1528 1243 1593 deest,
1269 1540 1328 1583 ut
1355 1532 1522 1586 cadas
1559 1541 1609 1583 et
1637 1531 1829 1585 vendas
1865 1532 2047 1586 omnia

2156 603 2269 667 θεῖς
2347 603 2455 657 τῶν
2506 604 2787 673 κοσμικῶν
2835 602 3164 674 μακαρίζειν
3217 601 3591 668 ὑποτίθενται,
3646 603 3745 657 καὶ

2153 698 2383 760 ἑαυτοὺς
2432 697 2939 768 ἀποστερήσαντας.
3009 695 3221 758 Σκοπὸς
3257 694 3313 747 δὲ
3358 698 3469 758 τοῖς
3522 694 3746 766 ἐχθροῖς

2152 788 2311 861 ἡμῶν
2347 788 2436 842 διὰ
2481 787 2638 842 νόθου
2677 787 3095 853 ταπεινώσεως,
3147 786 3181 857 ἢ
3231 786 3370 858 πρὸς
3404 787 3496 840 τὸν
3533 787 3743 857 κόσμον

2152 882 2301 954 ἡμᾶς
2341 878 2704 952 ἐπιπρέψαι,
2747 878 2780 949 ἦ
2820 877 3081 949 μένοντας
3130 878 3401 948 μοναχοὺς
3454 876 3592 948 πρὸς
3640 877 3742 946 τὴν

2152 973 2465 1043 ἀπόγνωσιν
2506 973 2976 1041 κατακρημνῖσαι.
3031 969 3221 1022 Ἔστιν
3270 968 3564 1034 εὐτελίζειν
3609 970 3742 1032 τοὺς

2150 1060 2209 1113 ὲν
2267 1061 2459 1131 κόσμῳ
2510 1060 2600 1114 διὰ
2655 1061 2851 1132 οἴησιν,
2906 1060 3002 1113 καὶ
3061 1058 3211 1113 ἔστιν
3257 1061 3458 1123 αὐτοὺς
3495 1061 3741 1123 ἀπόντας

2151 1153 2472 1220 ἐξουθενεῖν,
2510 1153 2599 1207 διὰ
2636 1152 2698 1206 τὸ
2738 1154 2931 1222 φυγεῖν
2978 1152 3078 1221 τὴν
3121 1152 3454 1220 ἀπόγνωσιν,
3495 1152 3588 1206 καὶ
3640 1153 3743 1219 τὴν

2149 1245 2338 1300 ἐλπίδα
2371 1245 2843 1319 προσκτήσασθαι.
2892 1244 3239 1316 Ἀκούσωμεν
3274 1240 3367 1299 οὖν
3400 1244 3494 1301 τοῦ
3529 1246 3740 1316 Κυρίου

2150 1339 2287 1409 πρὸς
2325 1340 2530 1392 ἐκεῖνον
2570 1338 2663 1392 τὸν
2696 1339 3000 1402 νεανίσκον,
3050 1337 3143 1391 τὸν
3189 1338 3367 1401 πάσας
3415 1338 3599 1408 σχεδὸν
3639 1340 3742 1402 τὰς

2147 1430 2366 1494 ἐντολὰς
2395 1429 2773 1501 ἐργασάμενον
2794 1431 3054 1502 εἰρηκότα
3081 1448 3097 1463 θ
3129 1430 3211 1483 ὅτι
3250 1429 3362 1484 Ἕν
3383 1446 3484 1484 σοι
3515 1431 3737 1495 λείπει,

2145 1522 2215 1578 τὸ
2251 1522 2329 1595 (6)
2357 1522 2639 1592 πωλῆσαι
2673 1520 2746 1576 τὰ
2774 1521 3146 1592 ὑπάρχοντα.
3175 1522 3276 1577 καί
3313 1522 3526 1577 δοῦναι
3578 1537 3738 1575 πτω-

432 1635 570 1689 ψιω
599 1620 855 1689 possides,
910 1629 957 1673 et
984 1620 1074 1673 des
1106 1622 1424 1691 pauperibus
1452 1623 1519 1687 η,
1553 1632 1611 1677 ιιι
1674 1623 1789 1693 ipse
1838 1639 2046 1694 pauper

2148 1614 2298 1687 κοῖς,
2340 1616 2433 1668 καὶ
2479 1614 2669 1669 ἑαυτὸν
2714 1614 2929 1685 πτωχὸν
2971 1614 3311 1687 καταστῆσαι
3360 1615 3741 1687 ἐλεημοσύνην

412 1712 687 1767 aliorum
720 1713 1131 1768 misericordiae
1194 1714 1469 1785 indigeas,
1541 1726 1596 1771 et
1656 1716 1849 1786 stipem
1897 1718 2044 1772 acci-

418 1832 427 1841 -
452 1818 594 1873 pias.

2143 1708 2452 1779 δεχόμενον.

522 1894 850 1965 Quicunque
898 1894 1129 1966 impigre
1187 1905 1243 1951 et
1305 1905 1525 1952 strenue
1586 1899 1857 1970 religiosae
1918 1900 2041 1955 vitae

2216 1882 2278 1935 Οἱ
2336 1882 2633 1954 προθύμως
2691 1884 2787 1938 καὶ
2843 1884 2981 1949 ζέως
3034 1883 3352 1957 διαδραμεῖν
3402 1884 3734 1956 βουλόμενοι,

454 1986 691 2041 stadium
717 1985 1011 2042 decurrere
1057 1988 1348 2057 ctepimus,
1401 1996 1609 2044 attente
1677 1992 2036 2059 pensitemus.

451 2093 565 2148 quo
592 2087 753 2149 pacto
777 2077 1043 2133 Dominus
1071 2093 1264 2134 omnes
1298 2081 1592 2137 sarculares
1656 2090 1711 2137 et
1771 2083 2038 2147 viventes,

455 2183 639 2227 tamen
671 2180 919 2227 mortuos
946 2170 1198 2226 indicarit
1224 2189 1239 2239 ;
1267 2173 1493 2242 quando
1545 2174 1622 2229 illi
1649 2175 1820 2230 dixit:
1859 2175 2039 2231 Relin-

433 2280 550 2333 ιςιιι
572 2273 809 2318 mrtuos
839 2262 1152 2327 saeulares,
1194 2274 1445 2319 mortuos
1469 2280 1593 2319 suos
1636 2263 1895 2338 'corpore,
1958 2285 2043 2323 se-

447 2356 637 2426 pelire.
674 2354 819 2410 Nihil
844 2368 976 2425 opes
1000 2353 1406 2411 adolescentem
1472 2357 1650 2424 illum,
1704 2374 1815 2429 quo
1859 2361 2043 2416 minus

452 2445 520 2499 ad
568 2446 898 2516 baptismum
969 2444 1275 2509 accederet,
1337 2446 1759 2516 impediverunt.
1816 2449 2041 2507 Frustra

452 2536 682 2605 proinde
731 2546 883 2604 sunt,
932 2536 1026 2607 qui
1090 2537 1286 2593 stolide
1322 2540 1664 2594 contendunt
1712 2540 1899 2611 juveni
1957 2543 2047 2599 ba-

451 2629 637 2699 ptismi
671 2629 1005 2698 suscipiendi
1037 2629 1234 2700 gratia,
1281 2638 1342 2684 ut
1392 2632 1578 2686 omnia
1620 2634 1899 2700 venderet,
1933 2635 2042 2690 im-

450 2724 701 2789 peratum
727 2714 918 2773 fuisse.
950 2714 1096 2772 Satis
1121 2718 1195 2774 sit
1254 2718 1413 2776 nobis
1472 2721 1587 2777 base
1650 2720 1856 2779 Christi
1920 2726 2045 2781 talis

451 2807 755 2865 auctoritas
788 2808 855 2862 ad
891 2808 1258 2865 certissimam
1292 2811 1547 2868 maximae
1575 2811 1863 2883 cujusdam
1923 2817 2044 2888 glo-

454 2896 571 2962 riae,
611 2910 737 2967 quae
760 2894 1090 2966 professioni
1121 2906 1325 2953 nostra:
1352 2908 1437 2954 est
1473 2901 1746 2969 promissa
1777 2903 2044 2960 testiﬁca-

420 2986 683 3043 'tionem.
725 2983 1095 3053 Quaarendum
1118 3001 1288 3056 porro
1367 2989 1499 3057 quid
1565 2990 1636 3046 sit
1684 2994 2043 3062 quamobrem

453 3076 553 3142 illi,
579 3077 674 3145 qui
701 3077 757 3133 in
792 3077 989 3133 mediis
1021 3078 1207 3134 seculi
1235 3080 1414 3137 turbis
1455 3092 1765 3148 versantur,
1813 3093 1869 3140 et
1916 3101 2044 3155 per-

418 3168 676 3242 ‘vvigiliis,
754 3167 1208 3240 jejunationibus,
1291 3171 1594 3240 laboribus,
1656 3175 2046 3248 malorumque

454 3263 701 3317 omnium
740 3263 1198 3334 perpessionibus
1233 3278 1352 3320 sese
1377 3264 1665 3331 aﬂlictant,
1697 3269 1920 3338 quando
1975 3272 2042 3325 ad
2070 3259 2114 3315 C

455 3354 622 3409 vitam
660 3352 986 3422 solitariam,
1021 3363 1284 3426 tanquam
1310 3370 1583 3427 germana:
1605 3358 1824 3416 virtutis
1849 3361 2043 3431 explo-

430 3445 738 3512 «ratrieem,
773 3451 828 3501 et
858 3443 992 3515 justi
1028 3445 1189 3501 stadii
1208 3447 1439 3514 circum,
1471 3461 1569 3504 seu
1599 3460 2045 3507 scammatrans-

428 3547 608 3605 eunt,
674 3538 885 3609 priores
915 3538 1040 3595 vitae
1077 3536 1519 3610 exercitationes,
1574 3551 1835 3614 tanquam
1892 3543 2049 3600 adul-

459 3631 666 3686 terinas
721 3640 777 3686 et
830 3631 1050 3702 spurias
1134 3632 1603 3705 praetermittam?
1671 3635 2047 3693 Animadverti

459 3723 801 3793 plurima,et
831 3724 1033 3779 diversi
1070 3724 1287 3795 generis
1318 3725 1584 3782 virtutum
1636 3728 1926 3797 plantaria,
1981 3728 2050 3784 ab

458 3816 550 3880 iis,
573 3815 666 3886 qui
696 3814 749 3869 in
775 3814 983 3871 mundo
1005 3814 1231 3887 degunt,
1254 3817 1492 3884 consita,
1532 3828 1794 3890 tanquam
1828 3835 1896 3876 ex
1949 3835 2049 3877 oc-

456 3907 591 3961 culti
619 3906 863 3965 cuniculi
894 3915 1139 3963 ventosae
1163 3909 1352 3979 gloria:
1401 3910 1620 3967 sentina
1675 3911 1910 3984 irrigari,
1963 3920 2049 3968 at-

460 4013 566 4068 que
604 3997 711 4069 23
745 4014 810 4054 ex
845 4000 1216 4057 ostentatione
1263 4001 1503 4071 quadam
1549 4013 1829 4075 suscepta,
1874 4005 2051 4062 laudi-

460 4091 673 4161 busque
718 4091 866 4147 velut
918 4101 1161 4149 stercore
1194 4093 1398 4149 nutrita
1461 4104 1518 4150 et
1561 4095 1866 4167 inquinata,
1899 4108 2055 4170 post-

456 4199 625 4254 quam
686 4184 742 4238 in
795 4184 912 4241 sola
966 4184 1136 4242 eremi
1196 4186 1338 4251 loca,
1374 4198 1428 4243 et
1467 4189 1827 4248 saecularibus
1884 4194 2051 4248 invita

460 4276 721 4330 translata
776 4288 926 4345 sunt,
976 4278 1236 4350 nullaque
1278 4281 1642 4352 graveolentis
1694 4282 2048 4353 profanarum

459 4381 642 4422 rerum
704 4367 909 4438 uligine
978 4369 1171 4431 tincta,
1236 4380 1459 4439 repente
1504 4372 1806 4430 exaruisse.
1862 4373 2050 4445 Neque

460 4458 607 4513 enim
644 4457 699 4512 in
743 4459 968 4516 humido
1006 4471 1148 4516 natae
1183 4463 1381 4531 stirpes
1411 4463 1590 4519 solent
1619 4464 1674 4519 in
1702 4467 1911 4534 asperis
1938 4468 2050 4522 ari-

460 4552 656 4622 disque
681 4550 951 4619 religiosae
974 4552 1282 4623 disciplinae
1306 4553 1540 4611 officinis
1566 4554 1779 4613 fructus
1800 4558 2045 4628 gignere.

459 4642 563 4710 Qui
598 4643 861 4698 mundum
895 4645 1030 4712 o-.lit,
1073 4645 1119 4701 is
1159 4647 1435 4703 tristitiam
1469 4647 1678 4719 eﬂ'ugit.
1726 4648 1829 4716 Qui
1863 4666 2047 4706 rerum

459 4736 641 4791 adhuc
678 4738 1092 4807 aspectabilium
1126 4739 1399 4797 desiderio
1436 4741 1696 4809 trahitur,
1730 4742 1779 4798 is
1808 4745 2052 4800 nondum

456 4828 531 4883 ab
563 4829 749 4883 animo
778 4831 1097 4886 maestitiam
1129 4832 1407 4888 abstersit.
1443 4833 1694 4903 Quonam
1718 4845 1879 4905 pacto
1907 4835 2054 4891 enim

461 4934 570 4976 non
607 4920 855 4977 tristetur
906 4923 972 4988 is,
1026 4925 1121 4995 qui
1171 4926 1334 4982 rebus
1386 4926 1634 4995 privatur
1690 4927 1781 4992 iis,
1817 4942 2052 4998 quarum

420 5028 649 5084 pamore
694 5014 1005 5072 detinetur?
1038 5017 1306 5074 Omnibus
1339 5019 1559 5089 quidem
1602 5018 1655 5073 in
1701 5020 1868 5075 rebus
1913 5035 2054 5090 opus

460 5118 544 5165 est
594 5110 753 5166 nobis
785 5111 942 5167 valde
975 5114 1156 5168 sobria
1196 5123 1403 5180 mente;
1458 5114 1552 5169 sed
1607 5115 1709 5171 hoc
1745 5130 1856 5185 prae
1893 5122 2055 5171 cate-

463 5204 542 5257 ris
600 5213 687 5259 est
748 5204 908 5260 nobis
963 5205 1202 5261 maxime
1253 5208 1581 5262 curandum.
1640 5208 1797 5263 [laud
1847 5223 2053 5278 paucos

463 5298 800 5365 notavimus,
827 5299 955 5352 dum
997 5299 1177 5354 adhuc
1209 5300 1262 5354 in
1311 5302 1540 5370 strepitu
1577 5302 1920 5372 negotiorum
1948 5314 2051 5357 srr-

462 5393 571 5448 culi
602 5403 972 5459 versarentur,
1006 5409 1117 5463 prae
1155 5409 1437 5462 curarum,
1467 5396 2053 5463 sollicitudinum,nu—

463 5499 675 5553 garum,
701 5485 1111 5556 pervigiliarum
1144 5487 1494 5543 contentione
1524 5498 1577 5543 et
1611 5487 1815 5552 labore,
1851 5500 2052 5557 corpo-

465 5578 539 5628 ris
566 5577 649 5628 sui
683 5578 947 5631 furiosam
984 5578 1327 5647 tyrannidem
1379 5578 1635 5648 ctiugisse
1667 5594 1681 5631 :
1716 5578 1936 5633 eosdem
1963 5588 2046 5633 ta-

465 5679 588 5722 men
636 5675 821 5734 postea
873 5684 1037 5737 quam
1091 5684 1149 5723 se
1188 5671 1252 5723 ad
1290 5670 1557 5739 religiosae
1596 5668 1816 5738 quietis,
1859 5678 1910 5724 et
1958 5686 2046 5725 sc-

533 5839 577 5873 “
605 5840 797 5898 Matth.
832 5861 943 5911 six,
982 5850 1067 5904 2i.

2143 1974 2413 2046 νουνεχῶς
2445 1976 2874 2047 ἐπισκεψώμεθα
2917 1978 3033 2042 πῶς
3061 1981 3091 2032 ό
3126 1979 3330 2050 Κύριος
3358 1980 3566 2042 πάντας
3608 1981 3739 2043 τοὺς

2144 2067 2202 2118 ὲν
2236 2067 2429 2138 κόσμῳ
2450 2067 2848 2136 διατρίϐοντας,
2879 2070 2976 2124 καὶ
3007 2069 3217 2135 ζῶντχς
3245 2073 3321 2143 (ἶ)
3347 2073 3575 2144 νεκροὺς
3610 2090 3740 2125 κατα

2142 2159 2418 2227 εδίκασεν,
2474 2161 2644 2214 εἰπὼν
2691 2162 2827 2230 πρός
2860 2180 3019 2216 τινα·
3062 2165 3246 2233 ’Λφες
3282 2165 3426 2231 τοὺς
3479 2164 3742 2234 νεκροὺς

2143 2253 2466 2324 κοσμικοὺς,
2515 2253 2641 2317 τοὺς
2692 2252 2772 2324 τῷ
2820 2253 3034 2325 σώματι
3076 2254 3153 2326 (8)
3198 2256 3457 2325 ’νεκροὺς
3500 2254 3693 2324 θάψαι
3719 2271 3735 2286 ο

2143 2347 2297 2401 οὐδὲν
2358 2346 2600 2400 ἐκώλυσε
2652 2346 2744 2400 τὸν
2803 2347 3087 2401 νεανίσκον
3155 2349 3361 2401 ἐκεῖνον
3420 2350 3449 2402 ὀ
3505 2347 3741 2411 πλοῦτος

2145 2438 2468 2509 προσελθεῖν
2523 2437 2600 2510 τῷ
2652 2438 3010 2509 βαπτίσματι.
3055 2438 3512 2509 Ἐματαιὼθησαν
3555 2439 3740 2492 τοίνυν

2146 2531 2447 2600 φάσκοντες
2484 2548 2649 2595 τινες,
2688 2531 2767 2584 ὅτι
2811 2530 2904 2583 τοῦ
2937 2530 3312 2600 βαπτίσματος
3359 2531 3521 2600 χάριν
3558 2532 3585 2582 ὁ
3621 2530 3738 2583 Κύ-

2148 2643 2264 2699 ριος
2296 2625 2544 2696 πωλῆσαι
2570 2624 2733 2679 αὐτὸν
2756 2622 2848 2677 τὸν
2875 2623 3108 2677 πλοῦτον
3129 2624 3423 2676 διέταττεν.
3468 2624 3737 2693 Ἀρκείτω

2146 2721 2277 2790 ἡμῖν
2309 2719 2390 2782 εἰς
2424 2717 2690 2789 μεγίστην
2722 2714 3101 2788 πληροφορίαν
3139 2717 3239 2785 τῆς
3276 2717 3546 2787 μεγίστης
3577 2716 3739 2787 δόξης

2144 2811 2239 2867 τοῦ
2271 2810 2542 2883 ἡμετέρου
2569 2809 3009 2880 ἐπαγγέλματος,
3031 2810 3063 2880 ἡ
3086 2809 3309 2881 τοιαύτη
3367 2810 3735 2881 πληροφορία.

2150 2905 2427 2979 Ζητητέον
2472 2904 2592 2968 πῶς
2635 2906 2686 2958 οί
2736 2906 2796 2957 ἐν
2830 2906 3022 2975 κόσμῳ
3062 2904 3371 2973 διάγοντες,
3428 2904 3525 2957 καὶ
3566 2905 3739 2974 ἀγρυ-

2146 3000 2357 3063 πνίαις,
2391 2999 2488 3053 καὶ
2522 2998 2820 3068 νηστείαις,
2847 2998 2941 3050 καὶ
2970 2999 3180 3062 κόποις,
3212 2999 3306 3052 καὶ
3332 2997 3737 3062 κακοπαθείαις

2102 3136 2109 3141 .
2145 3091 2551 3163 διατρίϐοντες,
2585 3090 2645 3143 ὲν
2674 3090 2898 3160 μονήρει
2939 3088 3039 3160 βίῳ
3068 3088 3259 3157 ὥσπερ
3305 3091 3362 3142 ὲν
3396 3090 3737 3160 δοκιμαστη-

2151 3182 2271 3253 ρίῳ,
2300 3183 2396 3236 καὶ
2422 3183 2712 3252 σκάμματι
2736 3182 2802 3235 ἐκ
2831 3181 2939 3235 τῶν
2963 3181 3267 3254 ἀνθρώπων
3297 3180 3734 3253 ἀναχωροῦντες.

2147 3274 2248 3344 τὴν
2283 3271 2554 3345 προτέραν
2580 3272 2816 3342 ἄσκησιν
2855 3273 3038 3325 αὐτῶν
3077 3272 3177 3344 τὴν
3210 3271 3602 3343 νενοθευμένην
3630 3272 3734 3340 (9),

2110 3364 2245 3433 ,καὶ
2315 3363 2647 3418 ἐπίπλαστον
2696 3364 2802 3419 ούκ
2878 3364 2959 3417 ἔτι
3018 3364 3412 3435 μετέρχονται;
3480 3363 3742 3436 Ἑώρακα

2149 3455 2398 3520 πλεῖστα,
2433 3454 2530 3509 καὶ⁸
2554 3454 2790 3526 διάφορα
2819 3454 2961 3524 φυτά
2989 3455 3099 3508 τῶν
3140 3447 3353 3527 ἀρετῶν
3396 3455 3525 3527 παρ’
3555 3454 3741 3510 αὐτῶν

2150 3549 2210 3602 ὲν
2244 3550 2437 3620 κόσμῳ
2468 3545 2959 3617 καταφυτευόμενα
2985 3563 2999 3577 ·
3030 3546 3125 3601 καὶ
3151 3546 3341 3619 ὥσπερ
3369 3545 3430 3612 ἐξ
3460 3546 3740 3616 ὑπονόμου

2152 3640 2439 3712 βορΰόρου,
2469 3639 2576 3694 ὑπὸ
2619 3642 2722 3712 τῆς
2763 3639 3073 3706 κενοδοξίας
3101 3640 3454 3712 ποτιζόμενα,
3499 3641 3595 3694 καὶ
3634 3640 3744 3693 ὑπὸ

2151 3732 2538 3804 φανητιασμοῦ
2582 3732 2938 3803 κελευόμενα,
2983 3732 3082 3787 καὶ
3111 3732 3218 3785 ὑπὸ
3256 3732 3497 3788 ἐπαίνων
3539 3749 3744 3805 κοπριο·

2150 3825 2359 3896 ζόμενα
2386 3841 2402 3856 °
2439 3825 2534 3879 καὶ
2575 3825 2758 3895 μέντοι
2801 3824 3283 3895 μεταφυτευθέντα
3324 3825 3383 3878 ἐν
3420 3826 3491 3896 γῇ
3523 3826 3740 3896 ἐρήμῳ,

2152 3918 2247 3973 καὶ
2280 3916 2470 3989 ἀϐάτῳ
2499 3916 2804 3987 κοσμικῶν,
2838 3916 2934 3970 καὶ
2958 3916 3176 3988 ἀνύδρῳ
3200 3915 3609 3983 κενοδοξιακού,
3644 3920 3747 3973 καὶ

2156 4010 2489 4083 βρωμώδους
2524 4008 2738 4074 ὓδατος,
2771 4008 2975 4072 εὐθέως
3021 4007 3493 4082 ὲπεξηράνθησαν.
3527 4010 3603 4064 Ού
3631 4010 3745 4083 γὰρ

2153 4105 2433 4174 πεφύκασι
2456 4102 2526 4155 τὰ
2553 4101 2751 4172 ἔνυδρα
2780 4101 2926 4170 φυτά
2958 4101 3016 4153 ἑν
3050 4099 3186 4170 σγλη
3199 4101 3309 4168 ροῖς
3361 4100 3458 4155 καὶ
3487 4099 3746 4171 ἀνύδροις

2126 4194 2584 4268 ’γυμναστηρίοις
2613 4194 3007 4264 καρποφορεῖν.
3041 4191 3109 4245 Ei'
3130 4209 3212 4257 τις
3243 4192 3357 4263 (10)
3382 4193 3587 4264 κόσμον
3619 4193 3748 4265 ἐμί-

2155 4288 2342 4361 σησεν,
2370 4285 2528 4353 οὗτος
2548 4288 2729 4358 λύπην
2760 4287 3018 4356 διέφυγεν
3039 4301 3052 4315 ·
3082 4285 3133 4338 εἰ
3171 4285 3230 4339 δέ
3264 4302 3348 4349 τις
3383 4287 3519 4357 πρός
3552 4304 3602 4340 τι
3632 4285 3745 4340 τῶν

2152 4381 2450 4454 ὁρωμένων
2473 4378 2851 4452 πῳσπάθειαν
2873 4377 3156 4447 κέκτηται,
3187 4375 3402 4430 οὐδέπω
3433 4378 3478 4447 (l
3495 4374 3544 4448 Ι)
3565 4377 3748 4447 λύπης

2153 4473 2509 4546 λελύτρωται.
2558 4471 2683 4535 Πῶς
2709 4471 2820 4541 γὰρ
2866 4471 2931 4524 ἂν
2970 4470 3064 4523 καὶ
3114 4468 3188 4540 μὴ
3226 4468 3601 4540 λυπηθήσεται
3650 4471 3748 4523 ἐπὶ

2152 4570 2220 4639 τῇ
2254 4566 2512 4637 στερήσει
2541 4562 2636 4617 τοῦ
2660 4563 3070 4633 ἀγαπωμένου;
3114 4562 3204 4615 Ἐν
3244 4564 3380 4615 πᾶσι
3413 4561 3512 4633 μὲν
3544 4561 3750 4633 πολλῆς

2154 4662 2290 4732 ἡμῖν
2320 4657 2483 4730 χρεία
2519 4656 2620 4727 τῆς
2668 4655 2910 4726 νήψεως,
2944 4654 3229 4708 ὲπιπλεῖον
3258 4653 3314 4707 δὲ
3356 4655 3532 4724 τούτῳ
3571 4672 3750 4726 προσ-

2154 4753 2343 4809 εκτέον
2364 4749 2643 4820 ’νουνεχῶς
2672 4749 2781 4819 πρδ
2806 4746 2913 4802 τῶν
2942 4747 3168 4801 λοιπῶν.
3202 4746 3440 4810 Πολλοὺς
3484 4746 3739 4800 τεθεάκαι

2158 4857 2258 4912 μεν
2291 4841 2350 4893 ὲν
2381 4837 2595 4909 κόσμῳ,
2632 4836 2743 4889 ὑπὸ
2794 4835 3100 4908 μεριμνῶν,
3150 4836 3245 4889 καὶ
3294 4836 3614 4907 φροντίδων,
3652 4837 3748 4890 καὶ

2153 4930 2501 5005 ἀδολεσχιῶν,
2550 4931 2648 4985 καὶ
2684 4928 3003 5001 ἀγρυπνιῶν
3046 4929 3377 5001 σωματικῶν
3404 4930 3503 5000 τὴν
3536 4927 3629 4982 τοῦ
3671 4932 3749 4983 οἰ-

2154 5024 2303 5079 κείου
2366 5022 2623 5093 σώματος
2673 5021 2872 5094 μανίαν
2904 5022 3247 5091 ἐκφυγόντας
3277 5037 3291 5051 ο
3339 5022 3396 5073 ὲν
3443 5020 3751 5093 ἀμεριμνίᾳ

2153 5117 2212 5171 δὲ
2243 5117 2394 5188 πάσῃ
2426 5117 2521 5170 ἐπὶ
2547 5115 2638 5170 τὸν
2671 5116 2884 5186 μονήρη
2923 5113 3037 5183 βίον
3064 5113 3395 5184 ἐληλυθότας
3424 5126 3438 5141 ⁸
3481 5114 3531 5166 οἱ
3566 5112 3755 5165 τοιοῦ-

2153 5227 2235 5263 τοι
2258 5208 2509 5272 ἐλεεινῶς
2540 5208 2646 5262 ὐπὸ
2671 5208 2773 5278 τῆς
2799 5207 2894 5260 τοῦ
2927 5208 3180 5276 σώματος
3204 5206 3477 5275 κινήσεως
3503 5204 3615 5275 (12)
3656 5207 3757 5277 ἐρ-

2152 5299 2524 5372 ρυπώθησανο
2575 5299 2905 5370 πρόσχωμεν
2963 5300 3178 5361 ἑαυτοῖς
3239 5299 3452 5368 μήποτε
3504 5300 3597 5351 ἐπὶ
3648 5300 3756 5371 τὴν

2154 5393 2350 5464 στενὴν
2401 5393 2497 5448 καὶ⁸
2518 5391 2904 5463 τεθλιμμένην
2942 5391 3056 5461 (l5)
3088 5391 3207 5445 ὁδὸν
3236 5390 3489 5460 λέγοντες
3519 5390 3749 5452 ἐδεύειν,

2159 5486 2259 5557 τὴν
2289 5485 2554 5538 πλατεῖαν
2581 5485 2673 5538 καὶ
2704 5484 3020 5556 εὐρύχωρον
3080 5483 3406 5553 κατέχοντες
3435 5477 3751 5548 ἐπλανήῧη-

2162 5595 2262 5649 μεν
2284 5578 2421 5647 (14).
2455 5577 2655 5647 Στενὴν
2696 5577 2817 5630 ὁδὸν
2864 5568 3152 5647 ὲμςανίσει
3188 5592 3269 5628 σοι
3302 5572 3477 5637 θλίψις
3509 5566 3746 5634 κοιλίας,

2160 5666 2354 5731 στάσις
2383 5664 2696 5737 παννύχιος,
2733 5667 2932 5736 μέτρον
2964 5664 3175 5726 ὕδατος,
3197 5663 3364 5712 ᾶοτου
3394 5657 3593 5726 ἔνδεια,
3623 5659 3744 5712 ἁτιο
