4062 6460
777 495 1026 552 Scholion
1062 495 1256 551 Basilii
1289 497 1495 567 Magni.
1523 497 1573 551 9.

449 588 716 660 Quisquis
758 590 928 646 Deum
964 605 1086 646 vere
1130 591 1288 660 sequi
1341 589 1546 656 studet,
1573 600 1786 661 oportet
1841 600 1901 647 ut
1950 607 1981 647 a

382 682 620 738 vinculis
653 682 1001 738 aﬂ'eetionum
1049 681 1214 752 hujus
1247 681 1369 736 vitae
1399 681 1690 737 solvatur:
1730 682 1834 738 hoc
1881 699 1982 740 au—

383 783 494 828 tem
522 782 668 829 recte
691 772 804 839 ﬁet,
835 774 880 829 si
916 773 986 828 ab
1029 772 1316 827 hominum
1343 772 1586 827 tumultu
1633 773 1862 828 omnino
1887 788 1978 829 re-

384 866 735 932 cesserimus,
765 873 820 921 et
843 864 1042 935 prioris
1067 865 1194 919 vita:
1235 879 1440 930 mores,
1461 874 1518 920 et
1549 866 1983 925 consuetudines

383 967 590 1013 aeterna
613 957 890 1012 oblivione
917 956 1356 1027 sepeliverimus.
1389 955 1504 1012 Nisi
1543 959 1748 1029 quippe
1787 973 1891 1015 nos
1917 960 1986 1016 ab

385 1047 887 1104 necessitudini-bus
953 1049 1267 1120 sanguinis,
1315 1058 1370 1104 et
1424 1049 1850 1120 propinquitatis
1895 1066 1988 1107 se-

380 1140 747 1208 junxeriue,
775 1148 832 1196 et
861 1139 1059 1198 aﬂeetu
1093 1141 1262 1197 animi
1295 1142 1440 1198 velut
1467 1143 1520 1198 in
1554 1143 1783 1199 alteram
1819 1144 1987 1199 vitam

386 1232 831 1299 transiverimus,
862 1233 1328 1304 quemdmodum
1360 1235 1456 1291 ille
1489 1236 1627 1291 dixit
1661 1255 1674 1290 :
1705 1237 1819 1309 κ
1868 1235 1988 1292 Νο-

342 1337 497 1380 ιδηγι
541 1337 721 1380 autem
769 1328 1099 1384 conversatio
1155 1333 1212 1381 in
1253 1329 1400 1383 caelis
1445 1340 1520 1384 est
1549 1331 1615 1396 ³⁸,
1670 1329 1786 1385 ﬁeri
1839 1331 1990 1386 nullo

346 1412 552 1501 Emodo
582 1431 784 1492 potest,
821 1430 882 1478 ut
915 1431 1118 1480 metam
1165 1423 1327 1480 nobis
1371 1423 1713 1495 propositam
1754 1425 1988 1492 attinga-

391 1528 541 1580 mus,
573 1512 796 1584 Deoquo
832 1515 1168 1584 placeamus,
1199 1514 1434 1580 Domino
1459 1517 1540 1570 sic
1574 1515 1829 1571 absolute
1861 1530 1991 1585 pro-

390 1604 715 1659 nuntiante:
749 1603 1016 1670 Quom’am
1042 1607 1215 1662 omnis
1238 1621 1304 1660 ea:
1333 1604 1500 1669 vobis,
1534 1605 1626 1675 qui
1659 1611 1761 1659 han
1795 1621 1992 1660 renuu-

397 1695 496 1749 tiat
524 1695 764 1750 omnibus
797 1712 916 1766 qua
943 1698 1198 1766 possidet,
1233 1713 1336 1752 nou
1373 1706 1542 1767 potest
1576 1713 1722 1754 meus
1753 1713 1863 1752 esse
1904 1697 1992 1750 di-

397 1787 638 1857 scipulus
657 1788 728 1841 ”.

1034 1880 1283 1936 Scholion
1311 1884 1364 1936 5.

467 1970 586 2030 Hoc
611 1988 747 2045 ergo
770 1973 1008 2046 primum
1036 1985 1140 2035 est.
1175 1990 1288 2046 quo
1329 1990 1428 2044 par
1455 1983 1541 2029 est
1567 1987 1758 2028 verum
1786 1979 1842 2026 et
1885 1971 2000 2024 sin.

398 2080 586 2122 eorum
612 2065 986 2124 Christianum
1015 2069 1363 2138 potissimum
1381 2067 1506 2122 exui
1524 2075 1578 2121 et
1597 2063 1815 2130 nudari,
1847 2063 1999 2128 mali,

397 2159 657 2230 inquam,
683 2173 814 2230 erga
843 2159 976 2216 vitia
1012 2171 1066 2215 et
1093 2160 1245 2215 varia
1276 2169 1332 2215 et
1362 2159 1601 2225 diversa,
1632 2172 1729 2226 per
1759 2171 1882 2226 quae
1910 2155 2000 2210 inv

397 2253 662 2323 quinatur
694 2252 904 2317 anima,
937 2251 1186 2310 allectus.
1219 2249 1327 2306 Sed
1357 2250 1504 2307 enim
1534 2249 1681 2321 quod
1721 2247 2000 2306 secundus

401 2343 628 2415 gradus,
675 2358 772 2400 seu
821 2356 1006 2402 sermo
1050 2341 1381 2413 praescribit,
1413 2341 1702 2412 ponendus
1731 2339 1896 2396 etiam
1945 2347 2005 2394 et

399 2435 690 2497 cauendus
713 2433 945 2492 allectus
979 2441 1064 2492 est
1091 2449 1221 2505 erga
1261 2433 1434 2490 bona.

917 2525 1140 2583 Desidia
1189 2526 1436 2584 Ieremia:
1472 2525 1526 2582 4.

471 2618 579 2675 Per
603 2618 1007 2676 abdicationem
1028 2620 1154 2675 vitae
1175 2617 1456 2676 saecularis
1480 2616 1712 2677 feliciter
1738 2614 1858 2687 (ait)
1877 2627 2006 2685 pro-

402 2712 557 2782 gredi
595 2727 747 2780 eum,
777 2713 874 2783 qui
911 2711 980 2768 ad
1013 2711 1307 2768 sublimem
1352 2709 1634 2781 religionis
1665 2707 1831 2766 vitam
1858 2705 2006 2776 napi-

403 2813 514 2870 rat,
531 2819 598 2860 eo
619 2804 767 2875 quod
792 2805 1029 2861 multum
1059 2803 1258 2861 animos
1287 2803 1567 2874 negotium
1593 2817 1780 2859 rerum
1809 2814 2008 2871 corpo—

402 2909 625 2955 rearum
656 2910 791 2954 cura
821 2905 877 2952 et
901 2895 1217 2952 sollicitudo
1253 2893 1508 2952 facessat.

975 2987 1136 3042 Aliud
1187 2987 1448 3042 scholion.

476 3078 670 3136 Omnis
703 3095 834 3151 erga
885 3093 977 3138 res
1025 3079 1214 3134 mundi
1258 3077 1566 3137 aﬂ'ectionis
1609 3077 1908 3142 abdicatio,
1952 3083 2009 3130 et

405 3187 532 3228 eam
570 3171 766 3228 humili
813 3187 1004 3239 sensu,
1029 3185 1270 3242 veraque
1303 3170 1626 3243 pmuiteutia
1671 3167 2006 3240 contemptio

406 3358 743 3415 constitutae.

1047 3449 1295 3506 Scholion
1329 3451 1383 3506 5.

482 3542 958 3611 Quemadmodum
992 3543 1227 3600 moritur
1260 3542 1489 3609 mundo,
1521 3541 1617 3612 qui
1659 3542 1850 3598 mundi
1873 3542 2012 3598 θεε-

411 3639 622 3694 ιιιὶοιιεε
649 3646 705 3694 et
755 3652 978 3693 sensum
1027 3645 1268 3706 superat,
1298 3636 1373 3692 ita
1435 3636 1670 3696 moritur
1713 3635 1860 3703 vitas,
1915 3637 2012 3707 qui

407 3727 534 3784 vita:
561 3736 832 3799 praecepta
865 3741 974 3786 non
1006 3724 1155 3781 facit.
1191 3725 1255 3784 Et
1275 3725 1738 3797 quemadmodum
1772 3725 2000 3792 animal,

408 3835 538 3876 cum
569 3835 678 3876 non
707 3807 945 3890 amplius
973 3827 1227 3880 movetur
1281 3828 1339 3882 et
1379 3819 1515 3879 nihil
1548 3819 1684 3891 agit,
1731 3826 2013 3875 mortuum

411 3911 676 3976 dicimus,
706 3910 788 3974 ita
825 3911 1140 3982 religiosus,
1165 3909 1260 3981 qui
1311 3926 1409 3981 per
1456 3909 1877 3980 abnegationem
1911 3921 2014 3965 vo-

332 3989 341 3999 ’
410 4003 688 4062 hintatum
724 4016 974 4068 suarum,
1010 4017 1077 4056 eo
1107 4001 1254 4072 quod
1288 4017 1396 4057 non
1429 4011 1692 4072 sequetur
1721 4000 1903 4060 studia
1934 3999 2016 4054 vi-

408 4104 503 4163 ta,
530 4109 658 4152 vere
685 4094 989 4150 secundum
1029 4095 1334 4164 spiritalem
1369 4109 1592 4160 sensum
1659 4101 1915 4155 mortuus
1957 4100 2018 4153 et

409 4198 526 4260 est,
549 4197 606 4247 et
627 4188 856 4246 dicitur.

1049 4279 1302 4336 Scholion
1350 4281 1405 4336 6.

486 4371 636 4427 Bona
669 4371 908 4428 vendere
932 4381 988 4428 et
1014 4373 1147 4438 dare
1173 4374 1529 4445 pauperibus,
1564 4383 1620 4433 et
1669 4372 1862 4433 tollere
1892 4386 2019 4432 cru-

415 4476 538 4519 eem
567 4475 750 4528 suam,
784 4471 841 4517 et
867 4465 1024 4534 sequi
1060 4479 1121 4520 se
1159 4465 1425 4522 Dominus
1453 4464 1732 4536 praeripit,
1758 4472 1819 4522 ut
1855 4462 2018 4526 nobis

1661 387 1718 444 S.
1753 385 2074 447 JOANNIS
2102 387 2408 447 CLIMACI

2010 508 2057 563 Δ

3573 390 3682 455 660

2285 503 2546 570 Σχόλιον
2579 499 2684 553 τοῦ
2710 499 2980 570 μεγάλου
3016 503 3341 558 Βασιλειόυ
3373 506 3457 569 β’.

2159 591 2399 662 Λυθῆναι
2433 590 2512 643 δεῖ
2532 590 2622 644 τὸν
2651 590 2847 661 δεσμὸν
2870 592 2972 662 τῆς
3001 595 3383 660 προσπαθείας
3413 596 3506 649 τοῦ
3539 596 3680 669 βίου,

2087 686 2180 739 τόν
2203 702 2266 754 γε
2292 683 2562 754 ἀληθινῶς
2591 683 2670 755 τῷ
2696 683 2815 756 Θεῷ
2848 687 3343 760 κατακολουθήσειν
3396 689 3683 760 μέλλοντα.

2087 775 2260 830 Τοῦτο
2289 775 2348 828 δὲ
2374 775 2461 829 διὰ
2490 775 2785 842 παντελοῦς
2809 777 3228 850 ἀναχωρήσεως,
3253 780 3350 833 καὶ
3375 780 3549 852 λήθης
3575 783 3685 835 τῶν

2088 868 2334 922 παλαιῶν
2370 868 2516 939 ἠθῶν
2545 869 2923 940 κατορθοῦται,
2977 871 3066 934 Ὣς
3093 871 3143 924 εἰ
3189 872 3264 946 μή
3298 889 3364 942 γε
3407 873 3689 941 ἀποξενώ-

2092 977 2275 1031 σωμεν
2305 961 2531 1025 ἑαυτοὺς
2560 961 2656 1016 καὶ
2685 961 3006 1031 συγγενείας
3038 967 3334 1035 σαρκικῆς,
3368 966 3462 1018 καὶ
3488 982 3685 1019 κοινω-

2089 1049 2211 1115 νίας
2244 1050 2382 1121 βίου,
2412 1053 2576 1106 οἱονεὶ
2621 1053 2755 1124 πρὸς
2795 1054 2982 1123 ἓτερον
3011 1054 3128 1125 βίον
3173 1054 3262 1111 διὰ
3299 1055 3402 1126 τῆς
3443 1056 3689 1127 σχέσεως

2093 1143 2452 1213 μεταϐάντες,
2487 1145 2628 1199 κατά
2649 1146 2743 1201 τὸν
2768 1146 3015 1200 εἰπόντα·
3055 1145 3249 1216 Ἠμῶν
3275 1148 3388 1221 γὰρ
3414 1150 3480 1201 τὸ
3508 1149 3692 1202 ,πολι-

2091 1251 2280 1306 τευμα
2317 1236 2389 1290 ἐν
2408 1239 2686 1306 οὐρανοῖς
2709 1239 2985 1308 ὑπάρχει·
3030 1239 3314 1310 ἀμήχανον
3345 1239 3495 1310 ἡμᾶς
3525 1257 3688 1313 περι-

2092 1327 2348 1396 γενέσθαι
2385 1327 2478 1382 τοῦ
2512 1328 2718 1382 σκοποῦ
2754 1331 2853 1401 τῆς
2893 1329 3031 1402 πρὸς
3069 1330 3202 1383 Θεὸν
3245 1329 3692 1401 εὐαρεστήσεωῖν

2092 1416 2188 1471 τοῦ
2221 1418 2430 1489 Κυρίου
2462 1417 2758 1491 όριστικῶς
2795 1421 3042 1485 εἰπόντος
3087 1419 3284 1485 οῦτωςο
3322 1423 3443 1476 Ὀτι
3470 1422 3592 1488 πᾶς
3618 1423 3692 1489 ἐξ

2093 1509 2263 1580 ὑμῶν
2295 1511 2363 1577 ὃς
2395 1513 2505 1565 οὐκ
2543 1510 2954 1566 ἀποτάσσεται
2982 1511 3106 1579 τοῖς
3135 1512 3354 1570 ἑαυτοῦ
3375 1514 3692 1585 ὑπάρχου-

2096 1617 2223 1667 σιν,
2247 1603 2320 1657 οὐ
2339 1601 2593 1656 δύναταί
2615 1620 2736 1673 μου
2773 1599 2927 1658 εἶναι
2955 1604 3252 1674 μαθητής.

2709 1867 2967 1938 Σχόλιον
2996 1864 3070 1935 τ’.

2168 1970 2243 2024 Τὸ
2271 1971 2368 2041 μὲν
2392 1964 2486 2026 οῦν
2520 1971 2934 2042 προηγούμενόν
2957 1972 3127 2036 ἐστιν,
3149 1963 3213 2024 οὗ
3244 1970 3482 2042 μάλιστα
3517 1987 3692 2043 προσ-

2095 2065 2221 2135 ήκει
2245 2062 2336 2116 τὸν
2355 2063 2526 2127 ὅντως
2554 2063 2909 2134 γυμνωθῆναι
2945 2064 3295 2135 Χριστιανὸν,
3329 2063 3398 2122 τὰ
3426 2064 3568 2118 κατὰ
3586 2081 3689 2118 κα·-

2097 2156 2223 2219 κίας
2255 2154 2425 2224 πάθη,
2453 2154 2522 2208 τὰ
2549 2153 2769 2209 ποικίλα
2795 2171 2878 2221 τε,
2905 2155 3000 2209 καὶ
3027 2155 3283 2226 διάφορα,
3313 2153 3381 2208 δι’
3415 2147 3493 2209 ὧν
3527 2152 3692 2225 uolti-

2098 2263 2249 2302 νεται
2277 2247 2310 2318 ἡ
2335 2245 2505 2318 ψυχή.
2534 2246 2656 2318 Χρὴ
2698 2246 2757 2300 δὲ
2795 2247 2935 2301 κατὰ
2969 2231 3224 2318 δεύτερον
3258 2246 3438 2316 λόγον,
3474 2246 3569 2300 καί
3590 2245 3694 2316 τὴν

2097 2337 2207 2394 τῶν
2233 2338 2591 2409 ὑπαρχόντων
2627 2339 3023 2409 προσπάθειαν.

2597 2531 2778 2586 eam
2811 2530 3100 2601 Ἱερεμίας
3133 2528 3204 2582 δ’.

2191 2626 2504 2698 Ἀποταγὴν
2555 2623 2970 2696 κατορθωθῆναι
3016 2621 3111 2675 τὸν
3159 2618 3298 2691 πρὸς
3343 2617 3437 2673 τὸν
3493 2617 3702 2689 ὑψηλὸν

2107 2721 2488 2779 ἀποϐλέποντα
2545 2717 2680 2789 βίον·
2720 2716 2854 2770 διότι
2908 2713 3077 2768 πολὺν
3121 2711 3353 2786 παρέχει
3394 2710 3703 2782 πειρασμὸν

2109 2822 2175 2890 τῇ
2209 2818 2355 2889 ψυχῇ
2399 2817 2433 2887 ἡ
2481 2813 2590 2868 τῶν
2621 2813 2822 2867 ὑλικῶν
2859 2807 3207 2884 πραγμάτων
3231 2804 3455 2878 φροντίς
3483 2820 3565 2868 τε,
3606 2800 3703 2856 καὶ

2111 2913 2202 2966 ἐπι
2210 2910 2418 2982 μέλεια.

2681 2997 2940 3067 Σχόλιον
2969 2994 3145 3049 ἄλλο.

2185 3095 2374 3168 Πάσης
2407 3093 2648 3171 σχέσεως
2674 3089 2955 3154 ἀπόθεσις,
2989 3088 3085 3142 καὶ
3116 3084 3524 3156 καταφρόνησις
3561 3080 3704 3152 μετά

2035 3197 2082 3270 C
2115 3189 2466 3262 φρονήματος
2493 3181 2775 3250 ταπεινοῦ,
2811 3181 2905 3236 καὶ
2935 3178 3227 3270 μετανοίας
3258 3171 3583 3270 ειλικρινοῦς
3618 3171 3706 3226 εύ-

403 3265 762 3326 vehementer
807 3274 1043 3336 prosunt
1088 3264 1288 3322 anima:
1325 3265 1381 3321 in
1433 3265 1631 3321 mortis
1678 3264 2008 3322 necessitate

2112 3279 2468 3352 εργετήματά
2495 3280 2612 3337 ἐστι
2645 3277 2748 3349 τῆς
2777 3273 2922 3328 κατὰ
2953 3271 3056 3342 τὴν
3078 3269 3258 3338 ἔξοδον
3283 3267 3552 3338 ἀνάγκης.

2733 3461 2997 3533 Σχόλιον
3023 3464 3089 3512 ε’.

2195 3558 2406 3630 Ὠσπερ
2429 3555 2541 3630 γὰρ
2574 3552 2867 3625 νεκροῦται
2912 3547 2993 3619 τῷ
3041 3548 3236 3618 κόσμῳ
3269 3546 3298 3599 ό
3331 3542 3404 3598 τὰ
3445 3540 3710 3612 ἰδιώματα

2115 3651 2212 3712 τοῦ
2260 3651 2468 3721 κόσμου
2498 3645 2897 3720 ὑπεκδραμὼν,
2938 3640 3083 3696 οὕτω
3109 3638 3404 3712 νεκροῦται
3439 3638 3509 3708 τῇ
3544 3632 3657 3706 ζωῇ
3681 3635 3709 3688 ό

2117 3743 2188 3799 τὰ
2237 3743 2340 3815 τῆς
2388 3741 2537 3816 ζωῆς
2575 3741 2649 3812 μὴ
2692 3737 2862 3792 ποιῶν
2899 3734 3232 3806 ἐντάλματα.
3265 3730 3380 3785 Καὶ
3412 3727 3599 3791 καθὼς
3627 3723 3708 3782 διὰ

2117 3836 2180 3890 τὸ
2203 3835 2458 3908 ἀκίνητον
2507 3832 2602 3886 καὶ
2634 3828 2998 3900 ἀνενέργητον
3028 3824 3284 3894 γενέσθαι
3323 3823 3387 3877 τὸ
3413 3820 3581 3886 ζῶον,
3614 3835 3709 3908 ,νε-

2119 3927 2252 3999 κρὸν
2280 3907 2420 3979 εἶναι
2455 3938 2658 3995 φαμεν,
2685 3919 2831 3975 οὕτω
2862 3919 2954 3972 καὶ
2987 3917 3076 3972 διὰ
3107 3915 3169 3969 τὸ
3210 3913 3286 3986 μὴ
3325 3907 3713 3999 ὲπακολουθεξν

2117 3995 2186 4090 τῇ
2213 4015 2350 4087 ζωῇ,
2382 4013 2472 4067 διὰ
2496 4013 2593 4084 τῆς
2621 4010 2985 4082 ἀπαρνήσεως
3011 4005 3122 4066 τῶν
3149 4002 3497 4074 θελημάτων,
3522 3995 3714 4068 νεκρὸς

2121 4105 2313 4181 νοητὸς
2329 4106 2429 4160 καὶ
2456 4104 2574 4158 ἔστι
2606 4102 2703 4158 καὶ
2732 4101 2970 4170 λέγεται.

2729 4285 2776 4337 Σ
2777 4282 2995 4353 χόλιον
3026 4279 3104 4344 ς’.

2204 4379 2557 4451 ’Υπάρχοντα
2581 4375 2834 4446 πωλῆσαι
2857 4372 2952 4427 καὶ
2977 4369 3160 4424 δοῦναι
3180 4367 3441 4438 πτωχοῖς,
3465 4362 3557 4419 καὶ
3581 4355 3714 4432 ἆραι

2121 4473 2214 4527 τὸν
2251 4472 2488 4544 σταυρὸν
2527 4467 2716 4530 αὑτοῦ,
2755 4467 2856 4521 καὶ
2893 4462 3210 4521 ἀκολουθεῖν
3251 4459 3403 4530 αὑτῷ
3452 4459 3480 4510 ὁ
3510 4453 3716 4526 Κύριος

413 4552 746 4622 ostenderet,
793 4555 941 4624 quod
989 4555 1324 4612 voluntatem
1370 4558 1650 4628 propriam
1707 4555 2004 4618 rescinderr

2123 4564 2526 4626 διεκελεύσατο,
2551 4559 2815 4614 δεικνύων
2843 4557 2976 4628 ἡμῖν
3009 4555 3092 4608 ὃτι
3120 4553 3181 4606 τὸ
3206 4550 3372 4620 κόψαι
3391 4549 3453 4602 τὸ
3481 4547 3720 4615 θέλημα,

414 4647 490 4702 sit
517 4644 739 4701 salvari.
769 4645 929 4712 Quod
952 4661 1079 4702 cum
1103 4649 1350 4704 audisset
1373 4648 1487 4719 (ille
1511 4647 1864 4719 evangelicus
1889 4647 2024 4701 ado-

413 4739 654 4810 lescens)
712 4740 885 4796 tristis
930 4739 1109 4796 factus
1142 4741 1496 4796 vehementer
1543 4741 1698 4798 abiit.
1745 4740 2021 4797 Didicerat

414 4834 564 4888 enim
593 4834 741 4904 quod
776 4849 994 4904 parum,
1027 4843 1123 4890 aut
1175 4835 1310 4890 nihil
1359 4834 1568 4906 negotii
1619 4835 1712 4902 sit,
1741 4835 1874 4889 dare
1923 4848 2021 4888 sua

415 4927 754 4997 pauperibus
785 4941 900 4997 pro:
951 4927 1052 4984 illo
1083 4927 1230 4996 quod
1264 4928 1430 4984 etiam
1468 4926 1708 4982 tollenda
1758 4941 1894 4981 crux
1923 4927 2016 4982 sit.

416 5021 561 5077 Dare
587 5022 734 5077 enim
768 5037 867 5077 sua
896 5021 1242 5092 pauperibus
1273 5038 1380 5077 una
1411 5020 1662 5092 quaedam
1695 5020 1872 5086 virtus
1913 5027 2018 5083 est,

417 5130 586 5182 quam
641 5114 830 5180 homo,
862 5116 992 5170 dum
1047 5131 1264 5171 erucem
1316 5117 1476 5180 tollit,
1506 5115 1657 5171 facit.
1717 5115 1862 5170 Crux
1891 5129 2022 5168 vero

415 5207 537 5276 ipsa
568 5209 806 5263 cessatio
843 5216 930 5265 est
979 5209 1050 5263 ab
1081 5209 1230 5262 omni
1260 5220 1508 5280 peccato,
1539 5219 1593 5263 et
1618 5208 1761 5278 parit
1784 5207 2024 5261 charita-

415 5307 556 5364 tem;
590 5298 712 5352 sine
739 5298 1012 5355 eharitate
1048 5299 1253 5370 quippe
1304 5315 1484 5370 neque
1534 5315 1668 5354 crux
1713 5308 1820 5354 est.
1881 5296 2021 5350 Ilum

415 5391 562 5445 enim
619 5406 777 5447 suam
822 5392 953 5462 quis
999 5392 1337 5447 voluntatem
1383 5391 1674 5456 exscindit,
1728 5393 1833 5446 hoc
1893 5391 2013 5460 ipso

417 5485 652 5556 acquirit
682 5487 751 5541 ab
775 5487 926 5542 omni
950 5502 1119 5557 pravo
1147 5486 1343 5541 affectu
1372 5487 1770 5552 liberationem,
1801 5501 1864 5540 ex
1901 5500 2008 5555 qua

419 5577 487 5628 ad
525 5575 819 5645 perfectam
854 5593 980 5634 cum
1023 5579 1134 5632 Deo
1164 5578 1369 5646 aspirat
1419 5576 1586 5630 animi
1641 5576 2008 5646 tranquillita-

417 5671 553 5717 tem.

498 5842 535 5872 τε
569 5838 798 5909 Phiiipp.
838 5858 919 5906 tu,
947 5843 1033 5898 20.
1119 5847 1161 5877 ὀ
1194 5844 1327 5900 Luc.
1358 5859 1472 5907 xxv,
1508 5844 1598 5898 53.

2122 4657 2268 4711 τοῦτ’
2293 4656 2410 4710 ἐστι
2435 4655 2500 4710 τὸ
2527 4652 2790 4724 σωθῆναι.
2835 4647 3103 4711 Ἀκούσας
3127 4645 3238 4717 γὰρ
3271 4641 3571 4714 περίλυπος
3599 4636 3724 4707 ὲγέ-

2123 4765 2244 4804 νετο
2273 4746 2503 4818 σφόδρα,
2535 4744 2632 4799 καὶ
2665 4739 3036 4812 ἀνεχώρησεν.
3080 4733 3298 4805 Ἔμαθε
3343 4732 3453 4802 γὰρ
3493 4730 3579 4783 ὅτι
3621 4727 3723 4780 οὐκ

2123 4841 2239 4895 ἔστι
2289 4841 2458 4902 κόπος
2505 4836 2568 4891 τὸ
2609 4835 2795 4891 δοῦναι
2833 4832 2904 4886 τὰ
2951 4827 3150 4886 ἑαυτοῦ
3193 4830 3308 4890 τοῖς
3335 4825 3594 4894 πτωχοῖς,
3624 4819 3724 4890 μία

2124 4931 2292 5002 ἀρετή
2326 4931 2466 4994 ἐστι,
2498 4926 2594 4990 καὶ
2623 4926 2772 4985 ποιεῖ
2799 4921 2971 4993 αὐτὴν
3000 4922 3030 4976 ό
3054 4917 3344 4991 ἄνθρωπος
3379 4914 3468 4968 διὰ
3496 4910 3594 4966 τοῦ
3623 4909 3722 4982 βα-

2125 5024 2319 5077 στάσαι
2351 5021 2443 5076 τὸν
2477 5017 2734 5090 σταυρόν.
2777 5016 2838 5070 ὐ
2871 5015 2926 5068 δὲ
2967 5012 3200 5083 σταυρὸς
3236 5005 3578 5078 κατάργησίς
3608 5006 3724 5057 ἐστι

2125 5116 2307 5185 πάσης
2347 5110 2648 5184 ἁμαρτίας,
2683 5109 2778 5163 καὶ
2806 5107 2984 5162 τίκτει
3013 5104 3114 5177 τὴν
3138 5103 3384 5172 ἀγάπην,
3417 5098 3510 5153 καὶ
3556 5093 3723 5185 χωρὶς

2122 5183 2344 5278 ἀγάπης
2373 5183 2497 5260 οὐδὲ
2523 5202 2782 5274 σταυρός.
2820 5201 2921 5256 Ἐκ
2951 5197 3046 5254 τοῦ
3087 5197 3196 5266 γὰρ
3229 5195 3457 5247 κόπτειν
3508 5187 3635 5241 τινὰ
3663 5183 3726 5237 τὸ

2124 5301 2339 5372 θέλημα
2389 5297 2577 5362 αὐτοῦ,
2626 5297 2826 5350 κτᾶται
2876 5292 2976 5366 τὴν
3033 5286 3474 5360 ἁπροσπάθειαν,
3516 5280 3614 5372 καὶ
3647 5278 3726 5372 ’ὲκ

2137 5394 2238 5463 τῆς
2276 5389 2692 5464 ἀπροσπαθείας
2725 5387 2945 5460 ἔρχεται
2982 5384 3079 5438 σὺν
3109 5380 3229 5452 Θεῷ
3269 5382 3349 5445 εἰς
3378 5376 3476 5448 τὴν
3515 5368 3726 5427 τελείαν

2136 5484 2430 5543 ἀπάθειαν.
