4062 6420
265 368 365 438 861

336 569 628 641 Δίσθητῶς
667 569 761 622 καὶ
788 569 1022 636 νοητῶς·
1059 569 1224 641 διχῶς
1276 571 1386 643 γὰρ
1421 574 1636 647 εἴρηται
1667 574 1872 646 νέκρωι

270 676 378 721 σις.
436 659 596 714 Ἔστι
644 658 863 730 νεκρὸς,
904 659 1084 714 θανὼν
1117 659 1207 716 διὰ
1249 662 1312 715 τὸ
1345 663 1604 735 ἀκίνητον
1649 666 1744 718 καὶ
1785 668 1872 720 ἀν-

263 753 582 822 ενέργητον.
617 751 730 805 Καὶ
774 750 894 804 ἐστι
937 753 1150 825 νεκρὸς,
1181 755 1211 807 ὁ
1255 757 1322 826 τῇ
1365 753 1512 827 ψυχῇ
1549 755 1867 827 νεκρωθεὶς,

261 843 356 897 διὰ
380 843 444 897 τὸ
476 843 553 915 μὴ
579 842 891 899 ἀκολουθεῖν
914 848 983 914 τῇ
1016 844 1154 916 ζωῇ.

876 937 1138 1006 Σχόλιον
1164 946 1242 1006 η’.

339 1027 637 1098 Νέκρωσον
688 1026 788 1099 τὴν
844 1029 1067 1094 κακίαν,
1124 1031 1210 1084 ἵνα
1248 1032 1323 1102 μὴ
1375 1035 1567 1106 νεκρὸς
1610 1037 1867 1107 ἀναστῇς,

262 1121 367 1176 καὶ
393 1120 460 1173 ἐκ
494 1120 698 1191 μικροῦ
731 1118 968 1174 θανάτου
993 1124 1075 1187 εἰς
1109 1123 1286 1193 μέγαν
1318 1126 1584 1198 μεταϐῇς.

881 1217 1145 1284 Σχόλιον
1177 1220 1246 1272 θ’.

340 1305 519 1369 Νόθος
545 1306 801 1377 ἄσκησις,
825 1309 858 1378 ἡ
893 1308 962 1362 δι’
993 1307 1219 1363 ἔπαινον
1248 1311 1556 1381 ἀνθρώπων
1581 1317 1866 1388 γινομένη.

267 1393 346 1447 Τδ
366 1395 424 1448 δδ
448 1395 592 1467 μετά
618 1397 944 1468 δοκιμασίας
973 1399 1236 1470 Πατέρων
1264 1402 1608 1474 τελούμενον,
1645 1408 1870 1479 γνήσιον

268 1487 417 1542 κατὰ
437 1489 535 1542 τὸν
561 1489 811 1558 λέγοντα·
849 1492 971 1545 Ὅτι
1001 1493 1103 1563 ἀφ’
1126 1493 1346 1550 ἑαυτοῦ
1384 1497 1534 1552 ποιῶ
1563 1498 1767 1558 οὐδέν.
1803 1501 1868 1556 Ὃ

273 1578 416 1650 μετά
451 1577 547 1633 τοῦ
577 1579 785 1634 τέλειον
814 1577 978 1648 εἴναι,
1011 1587 1260 1655 τηρεῖται
1295 1587 1392 1640 καὶ
1418 1588 1758 1654 ἀκενὸδοξον.

901 1853 949 1904 Σ
949 1852 1163 1920 χόλιον
1197 1860 1250 1908 ι’.

347 1935 574 2006 Κόσμον
605 1937 754 2006 λέγει
788 1939 972 1994 ὑλικὸν
998 1943 1031 2012 ἡ
1074 1943 1287 2016 Γραφὴ,
1320 1945 1388 2000 τὰ
1419 1948 1580 2004 ὑλικά
1609 1951 1871 2024 πράγμα-

281 2040 375 2078 τα.
421 2027 534 2081 Καὶ
560 2030 818 2100 κοσμικοί
855 2033 996 2086 είσιν
1027 2035 1078 2086 οἱ
1105 2034 1320 2102 τούτοις
1353 2039 1445 2094 τδν
1484 2040 1613 2096 νοῦν
1649 2045 1875 2116 ένασχο-

287 2114 526 2207 λοῦντες,
575 2121 709 2192 πρὸς
749 2122 844 2188 οὓς
887 2124 984 2178 καὶ
1031 2125 1180 2194 λέγει
1221 2129 1744 2206 ἐντρεπιττικιίιτερον⁹
1775 2114 1872 2207 Μὴ

283 2205 553 2274 ἀγαπᾶτε
577 2210 680 2264 τὸν
713 2213 971 2282 κόσμον,
994 2216 1154 2285 μηδὲ
1189 2218 1261 2272 τὰ
1279 2220 1350 2274 ἐν
1378 2223 1603 2292 κόσμῳ.
1633 2205 1714 2280 ΫἮ
1753 2205 1874 2282 ἔπιέ

283 2297 456 2367 θυμία
484 2302 592 2354 τῶν
619 2303 940 2376 ὀφθαλμῶν,
971 2310 1066 2362 καὶ
1111 2311 1144 2382 ὴ
1175 2311 1463 2378 ἀλαζονεία
1491 2317 1587 2371 τοῦ
1625 2318 1743 2388 βίου
1774 2323 1876 2375 οὐκ

275 2388 399 2442 ἔστι
439 2392 505 2445 ὲκ
532 2392 629 2447 τοῦ
665 2394 824 2462 Θεοῦ,
855 2397 974 2452 ἀλλ’
1000 2399 1066 2454 ὲκ
1102 2401 1196 2456 τοῦ
1233 2403 1439 2476 κόσμου
1478 2408 1596 2462 ἐστί
1625 2425 1639 2440 ο
1664 2410 1757 2465 καὶ
1810 2411 1877 2466 τὰ

276 2478 436 2550 ἑξῆς.

887 2582 1148 2650 Σχόλιον
1178 2583 1272 2639 ια’.

350 2662 453 2758 μὴ
485 2667 718 2740 νομίσῃς
759 2670 840 2724 ὅτι
874 2673 967 2725 τοῦ
1003 2677 1229 2745 χρυσίου
1265 2679 1360 2731 καὶ
1407 2680 1502 2734 τοῦ
1532 2684 1798 2754 ἀργυρίου
1841 2689 1874 2758 ἡ

275 2753 481 2844 κτῆσις
512 2758 650 2828 μόνη
679 2761 1121 2838 φιλοκτημοσύνη
1149 2770 1297 2823 ἐστίν
1315 2788 1330 2803 ο
1353 2772 1488 2827 ἀλλὰ
1528 2777 1636 2829 πᾶν
1677 2753 1876 2844 δῃοῦν,

278 2849 343 2900 ἐν
372 2840 421 2916 ᾧ
450 2849 514 2902 τὸ
539 2848 754 2922 θέλημά
783 2870 877 2907 σου
901 2857 1196 2927 κρέμαται.

893 2950 939 3002 Σ
942 2950 1156 3017 χόλιον
1189 2953 1286 3016 ιβ’.

355 3027 574 3082 Γίνεται
597 3029 756 3085 τοῦτο
785 3031 846 3098 ἐξ
874 3036 1158 3105 ἀμελείας,
1195 3039 1254 3104 ἐξ
1281 3042 1636 3113 ἀπροσεξίας,
1675 3045 1880 3117 ὲξ-οίή-

293 3134 447 3186 σεως,
480 3119 540 3187 ἐξ
573 3121 928 3194 ίδιορυθμίας,
963 3131 1058 3180 καὶ
1080 3129 1137 3196 ἐξ
1168 3131 1535 3190 παιδευόντων
1561 3137 1880 3206 ἐγκαταλεί-

291 3210 456 3279 ψεως,
499 3213 638 3283 ὅπερ
671 3214 918 3281 κίνδυνος
945 3217 1041 3272 τοῦ
1066 3224 1429 3290 προεστῶτος.

893 3395 1157 3463 Σχόλιον
1183 3405 1276 3466 ιγ’.

381 3476 561 3544 Ὁδοὺς
599 3484 630 3550 ἠ
661 3484 855 3556 Γραφὴ
885 3486 986 3551 τὰς
1028 3489 1231 3558 ἀρετὰς
1274 3490 1556 3562 ὀνομάζει.
1593 3495 1798 3560 Μεῖζον
1825 3497 1884 3552 δὲ

297 3570 494 3624 πασῶν
516 3575 720 3643 ἀρετῶν
749 3579 781 3646 ἠ
818 3579 1008 3650 ἀγάπη
1036 3580 1364 3652 καθέστηκε.
1397 3585 1496 3638 Διά
1533 3586 1693 3642 τοῦτο
1733 3588 1882 3659 λέγει

287 3661 321 3712 ὁ
366 3661 701 3727 ’Δπόστολος’
735 3667 844 3720 Kal
893 3668 982 3723 ἐτι
1021 3673 1152 3725 καθ’
1194 3674 1544 3744 ὑπερϐολὴν
1587 3677 1734 3732 ὁδὸν
1761 3678 1883 3734 δεί-

284 3768 496 3844 acrium.
539 3754 626 3818 Ὠς
683 3765 1044 3830 καταφρονεῖν
1103 3764 1397 3819 πείθουσαν
1450 3767 1585 3840 ὕλης
1641 3772 1881 3844 ἁπάσης,

285 3843 389 3895 καὶ
420 3844 588 3915 μηδὲν
616 3847 724 3902 τῶν
757 3853 1108 3925 προσκαίρων
1138 3858 1560 3930 προτιμήσασαν
1595 3863 1704 3918 τῶν
1748 3843 1882 3920 αἰὼ-

281 3947 316 3983 ν
323 3947 447 3988 ιων.

886 4036 1148 4103 Σχόλιον
1184 4039 1276 4096 ιδ’.

379 4114 602 4188 Ἐπειδὴ
649 4123 706 4175 αἱ
746 4122 974 4194 θλίψεις,
1011 4130 1108 4183 καὶ
1139 4131 1190 4184 οἱ
1234 4133 1470 4189 κίνδυνοι
1501 4138 1885 4196 ἀποκτείνουσι

281 4208 398 4278 τὴν
440 4209 802 4279 ἡδυπάθειαν,
838 4220 870 4288 ἡ
905 4218 962 4273 δὲ
1007 4221 1313 4288 ἀνάπαυσις
1343 4227 1555 4298 τρέφει,
1592 4231 1686 4284 καὶ
1732 4233 1886 4300 αὔξει

285 4301 502 4396 αυτῄν·
551 4304 641 4359 διὰ
682 4307 838 4362 τοῦτο
869 4312 1131 4384 μακάριοι
1162 4318 1212 4369 οί
1247 4317 1345 4390 τὴν
1372 4319 1740 4396 τεθλιμμένην
1768 4325 1888 4380 ὁδὸν

285 4395 595 4462 ὁδεύοντες.

919 4500 966 4551 Σ
967 4501 1180 4566 χόλιον
1203 4508 1269 4556 ιε’

369 4580 513 4635 Κατ’
566 4582 701 4636 αὐτὸ
761 4585 922 4639 τοῦτο
988 4591 1086 4642 καὶ
1137 4592 1239 4661 τὴν
1291 4593 1555 4660 ξενιτείαν
1615 4599 1889 4671 ὁρίζονται

289 4673 626 4746 χρημάτων,
681 4677 998 4746 κτημάτων,
1040 4682 1330 4753 σωμάτων,
1361 4686 1520 4758 δόξης
1570 4693 1665 4745 καὶ
1721 4691 1882 4766 θελή-

294 4781 501 4836 ματος.

905 4865 1164 4932 Σχόλιον
1191 4873 1291 4932 ις’.

370 4953 450 5005 οὐ
488 4952 624 5006 καθὸ
663 4953 889 5026 ἐκτίσθη
950 4957 1046 5010 καὶ
1088 4959 1305 5028 ἐγένετο
1350 4961 1636 5034 ἄνθρωπος
1672 4966 1893 5036 λέγεται

293 5044 638 5115 ἀκάθαρτος,
689 5045 827 5100 ἀλλά
878 5047 1016 5101 καθὸ
1081 5050 1197 5115 τοῖς
1253 5051 1524 5123 θελήμασι
1594 5056 1892 5133 ἐξετράπη.

297 5138 415 5192 Καὶ
475 5137 785 5210 ἀκάθαρτος
845 5140 998 5212 παρὰ
1059 5142 1248 5215 Κυρίῳ
1305 5147 1417 5210 πᾶς
1480 5148 1894 5224 ὑψηλοκάρδιος.

314 5228 664 5301 ’Δκαθαρσία
710 5230 919 5303 κόσμου
971 5234 1038 5288 τὸ
1083 5235 1387 5308 φιλήδονον,
1425 5239 1488 5293 τὸ
1528 5241 1797 5312 φιλόῦλον,
1837 5246 1900 5300 τὸ

303 5339 342 5389 φ
351 5321 608 5388 ιλόδοξον.

942 5511 990 5562 Σ
991 5510 1202 5578 χόλιον
1225 5509 1318 5572 ιζ’.

387 5595 655 5666 Ἄκαιρον
681 5596 794 5666 πῦρ
823 5598 994 5666 λέγει,
1022 5599 1104 5653 ὃτι
1131 5598 1230 5668 τῆς
1257 5600 1573 5672 ἐπιθυμίας,
1608 5608 1702 5661 καὶ
1733 5626 1900 5681 προσ-

394 5801 437 5832 ²¹
463 5800 620 5857 Joan.
654 5817 771 5869 vm,
805 5805 892 5861 ‘28.

1318 376 1548 435 SCALA
1597 375 1978 440 PARADISI.
2008 402 2080 413 ··-
2107 379 2415 440 GRADUS
2439 380 2522 440 II.

892 481 1144 548 Σχόλιον
1178 481 1250 541 ζ’.
1891 491 1940 548 Α

2525 486 2633 556 27
2666 485 2914 541 Scholion
2944 486 2995 540 7.

2045 577 2166 642 Quo
2206 592 2390 642 sensu,
2422 592 2530 647 qua
2559 577 2788 631 ratione.
2830 575 3109 646 Duplicem
3147 576 3291 631 enim
3349 577 3554 633 dictum

1973 676 2059 724 est
2080 683 2201 724 esse
2230 669 2726 724 mortiﬁcationem.
2757 668 2855 723 Est
2885 675 3136 723 mortuus
3173 669 3267 739 qui
3298 677 3472 735 motu,
3507 681 3555 723 et

1974 759 2190 815 actione
2244 768 2444 815 caret:
2488 767 2656 815 etest
2709 770 2982 826 mortuus,
3029 762 3124 830 qui
3198 762 3558 816 mortitlcatus

1973 851 2181 918 animo,
2206 867 2316 907 non
2365 851 2496 905 vivit
2520 852 2818 907 secundum
2848 867 3070 908 sensum
3097 852 3220 908 vita:
3260 851 3558 908 saecularis.
3614 837 3617 841 ”

2598 942 2846 998 Scholion
2873 929 2906 998 8

2043 1039 2188 1097 Neca
2219 1039 2504 1102 malitiam,
2539 1054 2605 1093 ne
2638 1049 2891 1094 mortuus
2939 1040 3180 1109 (sensus)
3213 1049 3482 1110 resurgat,
3511 1049 3568 1094 et

1971 1149 2038 1190 ex
2070 1150 2238 1206 prava
2271 1144 2444 1190 morte
2485 1133 2644 1188 ruina
2673 1133 2863 1202 ingens
2885 1142 3166 1202 sequatur.

2596 1229 2849 1286 Scholion
2875 1231 2928 1284 9.

2043 1323 2378 1380 Exercitatio
2409 1322 2534 1378 [leta
2578 1329 2633 1378 et
2691 1323 2878 1392 spuria
2911 1329 3014 1386 est,
3048 1336 3166 1390 qua:
3205 1329 3427 1390 propter
3460 1318 3559 1372 hu-

1971 1430 2192 1471 manam
2216 1416 2430 1471 laudem
2457 1415 2774 1487 suscipittu'.
2825 1413 2976 1479 Quod
3009 1428 3106 1482 per
3137 1411 3360 1467 Patrum
3396 1409 3560 1479 spiri-

1973 1509 2203 1564 tualium
2262 1509 2643 1580 probationem
2683 1507 2982 1577 perlicitur,
3041 1505 3314 1560 sincerum
3354 1512 3454 1567 est,
3483 1503 3560 1554 uti

1971 1609 2204 1656 testatur
2247 1603 2340 1671 qui
2373 1599 2505 1656 dicit
2548 1619 2561 1654 :
2607 1600 2744 1666 Quia
2779 1617 2811 1654 a
2867 1616 2947 1654 me
2991 1600 3107 1668 ipso
3169 1599 3310 1668 facio
3349 1595 3562 1649 nihil".

1971 1690 2131 1757 Quod
2159 1707 2282 1748 cum
2322 1690 2652 1761 perfectione
2696 1692 3057 1762 conjunctum
3090 1698 3196 1749 est.
3233 1689 3398 1744 etiam
3428 1701 3564 1741 vana

1973 1784 2147 1853 gloria
2179 1793 2356 1839 vacat.

2581 1873 2832 1930 Scholion
2872 1875 2954 1929 l0.

2048 1966 2308 2022 Mundam
2343 1965 2626 2037 Scriptura
2654 1982 2809 2022 sacra
2841 1975 3001 2022 vocat
3025 1967 3241 2036 negotia
3277 1963 3564 2018 mundana

1975 2065 2032 2112 et
2076 2056 2359 2112 saecularia
2401 2075 2413 2110 :
2456 2056 2716 2111 mundani
2765 2067 2894 2112 sunt
2928 2057 3024 2124 qui
3089 2063 3328 2110 mentem
3370 2053 3566 2123 hujus-

1976 2146 2127 2202 modi
2190 2147 2422 2218 negotiis
2488 2157 2782 2218 occupant,
2851 2165 2990 2218 quos
3038 2148 3220 2203 acrius
3268 2145 3568 2201 hortatur:

1983 2237 2167 2292 Nolite
2203 2238 2424 2310 diligere
2466 2239 2743 2304 mundum,
2774 2255 2934 2308 neque
2985 2255 3049 2292 ea
3105 2253 3221 2307 qua:
3251 2237 3308 2290 in
3364 2235 3562 2290 mundo

1978 2333 2187 2387 sunt“.
2214 2330 2671 2402 Concupiscentia
2729 2331 3036 2396 oculorum,
3077 2339 3131 2386 et
3160 2329 3416 2399 superbia
3447 2328 3572 2384 vita

1979 2438 2091 2478 non
2138 2431 2322 2478 estex
2372 2421 2502 2488 Deo,
2550 2420 2646 2480 sed
2698 2437 2762 2476 ex
2814 2420 3021 2474 mundo
3066 2427 3172 2484 est,
3211 2426 3264 2473 et
3313 2431 3437 2488 qua:
3475 2429 3567 2471 se-

1983 2523 2253 2586 quuntur.

2603 2603 2853 2660 Scholion
2891 2603 2972 2655 ll.

2053 2695 2176 2754 Non
2209 2707 2292 2755 est
2335 2697 2482 2769 quod
2521 2697 2806 2752 existimes
2867 2695 2986 2750 auri
3017 2703 3250 2758 tantum,
3277 2700 3332 2747 et
3360 2690 3573 2761 argenti

1980 2789 2392 2860 possessionem
2433 2789 2680 2844 avaritiae
2727 2787 2951 2843 nomine
2999 2783 3312 2842 contineri:
3343 2781 3575 2838 avaritia

1983 2889 2066 2936 est
2093 2896 2124 2935 a
2153 2895 2487 2952 quocunque
2527 2888 2615 2934 tua
2642 2878 2898 2933 voluntas
2925 2876 3143 2948 pendet.

2590 2969 2842 3024 Scholion
2873 2968 2960 3022 12.

2056 3063 2170 3120 Hoc
2209 3065 2270 3120 ﬁt
2301 3079 2368 3120 ex
2403 3062 2751 3136 negligentia,
2777 3069 2832 3118 et
2873 3059 3202 3116 remissione
3235 3055 3574 3120 attentionis,

1905 3180 1948 3240 ο
1987 3158 2183 3228 suique
2231 3156 2400 3228 ipsius
2455 3155 2894 3218 existimatione,
2941 3152 3164 3240 proprio
3207 3149 3448 3240 judicio,
3487 3148 3578 3202 in-

1985 3243 2342 3300 formantium
2390 3259 2485 3299 seu
2519 3241 2920 3298 instituentium
2947 3239 3278 3304 cessatione,
3297 3235 3444 3308 quod
3480 3250 3576 3306 pe-

1985 3335 2223 3392 riculum
2257 3333 2497 3402 religiosi
2528 3332 2778 3404 praesidis
2797 3339 2900 3386 est.
3002 3365 3012 3374 -

2589 3422 2841 3480 Scholion
2870 3423 2957 3477 i3.

2065 3517 2192 3574 Vias
2219 3517 2502 3588 Scriptura
2532 3517 2768 3572 virtutes
2797 3515 3050 3586 appellat.
3085 3513 3365 3593 Virtutum
3394 3519 3578 3566 autem

1989 3611 2236 3666 omnium
2262 3609 2515 3680 princeps
2547 3616 2631 3663 est
2668 3608 2930 3663 Charitas.
2953 3606 3247 3676 Propterea
3270 3604 3409 3661 dixit
3430 3603 3577 3671 Apo-

1988 3700 2163 3758 stolus
2197 3719 2210 3756 :
2244 3698 2313 3753 Et
2343 3699 2516 3753 adhuc
2543 3699 2965 3754 excellentior-em
3011 3699 3153 3754 uiam
3183 3699 3488 3754 demonstro
3506 3698 3576 3765 ’³,

1989 3807 2112 3864 quae
2139 3791 2467 3864 persuadeat
2497 3799 2558 3846 ut
2587 3791 2774 3846 omnia
2801 3806 3064 3862 corporea
3097 3791 3489 3855 contemnatis,
3522 3799 3580 3846 et

1988 3885 2126 3941 nihil
2160 3884 2508 3956 praesentium
2547 3884 2767 3939 aeternis
2804 3883 3155 3954 praeponatis.

2601 4057 2850 4112 Scholion
2876 4057 2962 4111 N.

2063 4152 2196 4207 Cum
2229 4150 2550 4206 alllictiones
2581 4159 2635 4205 et
2660 4150 2899 4220 pericula
2935 4155 3173 4204 mactent
3218 4147 3575 4216 voluptatem,

1992 4246 2147 4316 quies
2184 4255 2365 4300 autem
2421 4243 2532 4298 alat
2564 4251 2618 4297 et
2657 4249 2854 4312 augeat
2905 4241 3193 4306 eamdem;
3254 4239 3396 4294 beati
3455 4247 3584 4295 sunt

1993 4337 2087 4407 qui
2122 4338 2266 4391 viam
2299 4343 2509 4391 arctam
2557 4332 2941 4404 ingrediuntur
2971 4340 3024 4388 et
3051 4331 3311 4388 incedunt
3334 4330 3402 4385 “.

2592 4498 2834 4557 Scholion
2862 4498 2946 4553 15.

2065 4593 2276 4649 Eodem
2312 4593 2480 4647 modo
2535 4605 2817 4646 secessum
2861 4605 2890 4645 a
2951 4590 3152 4645 saeculo
3199 4585 3486 4652 deﬁniunt,
3525 4593 3587 4638 ut

1991 4687 2313 4757 peregrinus
2350 4683 2643 4755 religiosus
2687 4683 2903 4738 deserat
2949 4682 3060 4752 28
3097 4680 3375 4752 pecunias,
3430 4691 3584 4748 opes,

1993 4794 2245 4850 corpora,
2273 4778 2529 4850 gloriam,
2572 4776 2908 4831 voluntatem
2941 4789 3120 4828 suam.

2611 4867 2862 4923 Scholion
2895 4866 2982 4921 16.

2068 4965 2184 5020 Non
2208 4972 2482 5035 quatenus
2513 4961 2678 5016 homo
2707 4959 2905 5025 factus,
2929 4967 2983 5012 et
3011 4968 3229 5013 creatus
3256 4965 3362 5022 est,
3385 4956 3588 5012 dicitur

1995 5056 2243 5127 impurus
2278 5073 2291 5109 :
2322 5054 2416 5109 sed
2466 5065 2739 5124 quatenus
2784 5067 3038 5122 perversa
3093 5065 3192 5106 sua
3245 5050 3528 5104 voluntate
3557 5065 3588 5102 a

1995 5147 2108 5204 Deo
2138 5145 2454 5204 declinavit.
2487 5145 2680 5200 Omnis
2730 5153 2909 5199 autem
2972 5157 3002 5196 a
3043 5141 3154 5196 Deo
3195 5140 3446 5209 impurus
3486 5139 3586 5194 ba-

1996 5242 2178 5302 betur.
2207 5239 2300 5310 qui
2333 5246 2417 5293 est
2443 5251 2728 5308 arrogans.
2761 5235 3053 5308 lmpuritas
3079 5231 3268 5290 mundi
3290 5240 3394 5297 est,
3425 5231 3587 5302 quid-

1999 5333 2131 5405 quid
2160 5331 2515 5402 voluptatem,
2559 5346 2646 5386 res
2675 5344 2990 5400 corporeas,
3036 5337 3090 5384 et
3122 5340 3316 5382 vanam
3353 5323 3584 5396 gloriam

2006 5432 2268 5483 sectatur.

2619 5513 2862 5569 Scholion
2899 5511 2983 5565 17.

2081 5611 2456 5681 importunum
2504 5606 2682 5676 ignem
2735 5614 2913 5673 vocat,
2957 5604 3100 5676 quod
3134 5602 3480 5673 cupiditatem
3533 5610 3587 5654 ει

976 5810 1018 5840 ¹¹
1049 5807 1062 5863 Ι
1093 5808 1247 5866 Joan.
1282 5827 1341 5876 ιι,
1384 5812 1464 5866 15.
1547 5814 1587 5846 ³³
1615 5812 1632 5866 1
1658 5816 1779 5869 Cor.
1814 5827 1907 5881 xu,
1943 5813 2025 5867 51.
2108 5813 2152 5845 ⁸⁸
2187 5813 2380 5870 Matth.
2425 5831 2518 5878 vn,
2571 5814 2652 5870 H.
