  <div class='ocr_page' id='page_1' title='image "/cluster/home/n/w/nwhite01/storage/ocr_20150623/88/coo.31924054869924/353.png"; bbox 0 0 4062 6480; ppageno 0'>
   <div class='ocr_carea' id='block_1_1' title="bbox 443 376 554 443">
    <p class='ocr_par' dir='ltr' id='par_1_1' title="bbox 443 376 554 443">
     <span class='ocr_line' id='line_1_1' title="bbox 443 376 554 443; baseline 0 0"><span class='ocrx_word' id='word_1_1' title='bbox 443 376 554 443; x_wconf 78' lang='lat'><em>663</em></span> 
     </span>
    </p>
   </div>
   <div class='ocr_carea' id='block_1_2' title="bbox 1715 368 2467 437">
    <p class='ocr_par' dir='ltr' id='par_1_2' title="bbox 1715 368 2467 437">
     <span class='ocr_line' id='line_1_2' title="bbox 1715 368 2467 437; baseline 0 -4"><span class='ocrx_word' id='word_1_2' title='bbox 1715 374 1774 433; x_wconf 93' lang='lat' dir='ltr'><strong>S.</strong></span> <span class='ocrx_word' id='word_1_3' title='bbox 1810 368 2131 434; x_wconf 81' lang='lat' dir='ltr'><strong>JOANNIS</strong></span> <span class='ocrx_word' id='word_1_4' title='bbox 2154 369 2467 437; x_wconf 81' lang='lat' dir='ltr'><strong>CLIMACI</strong></span> 
     </span>
    </p>
   </div>
   <div class='ocr_carea' id='block_1_3' title="bbox 3624 375 3736 442">
    <p class='ocr_par' dir='ltr' id='par_1_3' title="bbox 3624 375 3736 442">
     <span class='ocr_line' id='line_1_3' title="bbox 3624 375 3736 442; baseline 0 0"><span class='ocrx_word' id='word_1_5' title='bbox 3624 375 3736 442; x_wconf 68' lang='grc' dir='ltr'>σοι</span> 
     </span>
    </p>
   </div>
   <div class='ocr_carea' id='block_1_4' title="bbox 450 482 2049 562">
    <p class='ocr_par' dir='ltr' id='par_1_4' title="bbox 450 483 2042 562">
     <span class='ocr_line' id='line_1_4' title="bbox 450 483 2042 562; baseline -0.009 -15"><span class='ocrx_word' id='word_1_6' title='bbox 450 492 708 547; x_wconf 71' lang='lat' dir='ltr'><strong>aﬂ&#39;ectum</strong></span> <span class='ocrx_word' id='word_1_7' title='bbox 731 504 862 562; x_wconf 85' lang='lat' dir='ltr'><strong>erga</strong></span> <span class='ocrx_word' id='word_1_8' title='bbox 895 497 1184 561; x_wconf 85' lang='lat' dir='ltr'><strong>cognatos,</strong></span> <span class='ocrx_word' id='word_1_9' title='bbox 1220 494 1275 542; x_wconf 91' lang='lat' dir='ltr'><strong>et</strong></span> <span class='ocrx_word' id='word_1_10' title='bbox 1300 501 1390 542; x_wconf 88' lang='lat' dir='ltr'><strong>res</strong></span> <span class='ocrx_word' id='word_1_11' title='bbox 1421 485 1730 541; x_wconf 84' lang='lat' dir='ltr'><strong>mundanas</strong></span> <span class='ocrx_word' id='word_1_12' title='bbox 1756 483 2042 543; x_wconf 85' lang='lat' dir='ltr'><strong>accendat,</strong></span> 
     </span>
    </p>
   </div>
   <div class='ocr_carea' id='block_1_5' title="bbox 2158 482 3731 562">
    <p class='ocr_par' dir='ltr' id='par_1_5' title="bbox 2158 483 3731 559">
     <span class='ocr_line' id='line_1_5' title="bbox 2158 483 3731 559; baseline 0.006 -24"><span class='ocrx_word' id='word_1_13' title='bbox 2158 483 2382 547; x_wconf 85' lang='grc' dir='ltr'>παθείας</span> <span class='ocrx_word' id='word_1_14' title='bbox 2405 483 2517 539; x_wconf 83' lang='grc' dir='ltr'>τῶν</span> <span class='ocrx_word' id='word_1_15' title='bbox 2537 486 2836 553; x_wconf 78' lang='grc' dir='ltr'><strong>συγγενῶν,</strong></span> <span class='ocrx_word' id='word_1_16' title='bbox 2866 487 3087 542; x_wconf 77' lang='grc' dir='ltr'>καὶτῶν</span> <span class='ocrx_word' id='word_1_17' title='bbox 3105 487 3198 541; x_wconf 82' lang='grc' dir='ltr'>τοῦ</span> <span class='ocrx_word' id='word_1_18' title='bbox 3223 488 3429 559; x_wconf 77' lang='grc' dir='ltr'><strong>κόσμου</strong></span> <span class='ocrx_word' id='word_1_19' title='bbox 3466 490 3731 556; x_wconf 81' lang='grc' dir='ltr'>ἀνάπτον,</span> 
     </span>
    </p>
   </div>
   <div class='ocr_carea' id='block_1_6' title="bbox 449 576 2035 647">
    <p class='ocr_par' dir='ltr' id='par_1_6' title="bbox 449 576 2035 647">
     <span class='ocr_line' id='line_1_6' title="bbox 449 576 2035 647; baseline -0.006 -9"><span class='ocrx_word' id='word_1_20' title='bbox 449 595 502 638; x_wconf 87' lang='lat' dir='ltr'><strong>et</strong></span> <span class='ocrx_word' id='word_1_21' title='bbox 541 584 842 638; x_wconf 83' lang='lat' dir='ltr'><strong>inﬂammet</strong></span> <span class='ocrx_word' id='word_1_22' title='bbox 881 597 1003 647; x_wconf 88' lang='lat' dir='ltr'><strong>nos,</strong></span> <span class='ocrx_word' id='word_1_23' title='bbox 1060 591 1117 636; x_wconf 92' lang='lat' dir='ltr'><strong>ut</strong></span> <span class='ocrx_word' id='word_1_24' title='bbox 1150 580 1205 633; x_wconf 92' lang='lat' dir='ltr'><strong>in</strong></span> <span class='ocrx_word' id='word_1_25' title='bbox 1251 593 1440 633; x_wconf 88' lang='lat' dir='ltr'><strong>eorum</strong></span> <span class='ocrx_word' id='word_1_26' title='bbox 1479 576 1675 632; x_wconf 79' lang='lat' dir='ltr'><strong>aﬂ‘ectu</strong></span> <span class='ocrx_word' id='word_1_27' title='bbox 1710 578 2035 631; x_wconf 66' lang='lat' dir='ltr'><strong>haareamus.</strong></span> 
     </span>
    </p>
   </div>
   <div class='ocr_carea' id='block_1_7' title="bbox 449 666 2040 746">
    <p class='ocr_par' dir='ltr' id='par_1_7' title="bbox 449 666 2040 746">
     <span class='ocr_line' id='line_1_7' title="bbox 449 666 2040 746; baseline -0.006 -14"><span class='ocrx_word' id='word_1_28' title='bbox 449 674 805 746; x_wconf 82' lang='lat' dir='ltr'><strong>Opportunus</strong></span> <span class='ocrx_word' id='word_1_29' title='bbox 837 675 983 730; x_wconf 89' lang='lat' dir='ltr'><strong>enim</strong></span> <span class='ocrx_word' id='word_1_30' title='bbox 1016 682 1122 740; x_wconf 88' lang='lat' dir='ltr'><strong>est,</strong></span> <span class='ocrx_word' id='word_1_31' title='bbox 1149 670 1242 742; x_wconf 86' lang='lat' dir='ltr'><strong>qui</strong></span> <span class='ocrx_word' id='word_1_32' title='bbox 1277 686 1310 725; x_wconf 89' lang='lat' dir='ltr'><strong>a</strong></span> <span class='ocrx_word' id='word_1_33' title='bbox 1338 669 1604 726; x_wconf 81' lang='lat' dir='ltr'><strong>cbaritate</strong></span> <span class='ocrx_word' id='word_1_34' title='bbox 1636 668 1731 724; x_wconf 89' lang='lat' dir='ltr'><strong>Dei</strong></span> <span class='ocrx_word' id='word_1_35' title='bbox 1764 666 2040 739; x_wconf 78' lang='lat' dir='ltr'><strong>profectus</strong></span> 
     </span>
    </p>
   </div>
   <div class='ocr_carea' id='block_1_8' title="bbox 450 770 784 827">
    <p class='ocr_par' dir='ltr' id='par_1_8' title="bbox 450 770 784 827">
     <span class='ocr_line' id='line_1_8' title="bbox 450 770 784 827; baseline -0.012 -1"><span class='ocrx_word' id='word_1_36' title='bbox 450 770 784 827; x_wconf 73' lang='lat' dir='ltr'><strong>accenditur.</strong></span> 
     </span>
    </p>
   </div>
   <div class='ocr_carea' id='block_1_9' title="bbox 1056 855 1424 913">
    <p class='ocr_par' dir='ltr' id='par_1_9' title="bbox 1056 855 1424 913">
     <span class='ocr_line' id='line_1_9' title="bbox 1056 855 1424 913; baseline -0.011 0"><span class='ocrx_word' id='word_1_37' title='bbox 1056 855 1306 913; x_wconf 84' lang='lat' dir='ltr'><strong>Scholion</strong></span> <span class='ocrx_word' id='word_1_38' title='bbox 1336 855 1424 911; x_wconf 83' lang='grc'><strong>18.</strong></span> 
     </span>
    </p>
   </div>
   <div class='ocr_carea' id='block_1_10' title="bbox 520 946 2040 1021">
    <p class='ocr_par' dir='ltr' id='par_1_10' title="bbox 520 946 2040 1021">
     <span class='ocr_line' id='line_1_10' title="bbox 520 946 2040 1021; baseline -0.005 -13"><span class='ocrx_word' id='word_1_39' title='bbox 520 951 713 1009; x_wconf 83' lang='lat' dir='ltr'><strong>Omnis</strong></span> <span class='ocrx_word' id='word_1_40' title='bbox 751 951 830 1006; x_wconf 86' lang='lat' dir='ltr'><strong>rei</strong></span> <span class='ocrx_word' id='word_1_41' title='bbox 857 965 979 1021; x_wconf 74' lang='lat' dir='ltr'><strong>qua:</strong></span> <span class='ocrx_word' id='word_1_42' title='bbox 1007 950 1062 1004; x_wconf 91' lang='lat' dir='ltr'><strong>in</strong></span> <span class='ocrx_word' id='word_1_43' title='bbox 1093 964 1318 1006; x_wconf 84' lang='lat' dir='ltr'><strong>sensum</strong></span> <span class='ocrx_word' id='word_1_44' title='bbox 1355 946 1502 1003; x_wconf 90' lang='lat' dir='ltr'><strong>cadit</strong></span> <span class='ocrx_word' id='word_1_45' title='bbox 1530 946 1812 1017; x_wconf 85' lang='lat' dir='ltr'><strong>cogitatio,</strong></span> <span class='ocrx_word' id='word_1_46' title='bbox 1835 946 1891 1000; x_wconf 90' lang='lat' dir='ltr'><strong>in</strong></span> <span class='ocrx_word' id='word_1_47' title='bbox 1929 961 2040 1016; x_wconf 85' lang='lat' dir='ltr'><strong>qua</strong></span> 
     </span>
    </p>
   </div>
   <div class='ocr_carea' id='block_1_11' title="bbox 448 1038 2039 1113">
    <p class='ocr_par' dir='ltr' id='par_1_11' title="bbox 448 1038 2039 1113">
     <span class='ocr_line' id='line_1_11' title="bbox 448 1038 2039 1113; baseline -0.006 -12"><span class='ocrx_word' id='word_1_48' title='bbox 448 1062 605 1102; x_wconf 88' lang='lat' dir='ltr'><strong>mens</strong></span> <span class='ocrx_word' id='word_1_49' title='bbox 634 1044 726 1100; x_wconf 87' lang='lat' dir='ltr'><strong>diu</strong></span> <span class='ocrx_word' id='word_1_50' title='bbox 784 1043 953 1098; x_wconf 84' lang='lat' dir='ltr'><strong>haeret</strong></span> <span class='ocrx_word' id='word_1_51' title='bbox 985 1043 1213 1098; x_wconf 86' lang='lat' dir='ltr'><strong>omnino</strong></span> <span class='ocrx_word' id='word_1_52' title='bbox 1269 1041 1417 1113; x_wconf 86' lang='lat' dir='ltr'><strong>quod</strong></span> <span class='ocrx_word' id='word_1_53' title='bbox 1458 1040 1711 1098; x_wconf 85' lang='lat' dir='ltr'><strong>all‘ectum</strong></span> <span class='ocrx_word' id='word_1_54' title='bbox 1744 1040 1948 1096; x_wconf 78' lang='lat' dir='ltr'><strong>habeas</strong></span> <span class='ocrx_word' id='word_1_55' title='bbox 1971 1038 2039 1092; x_wconf 88' lang='lat' dir='ltr'><strong>ad</strong></span> 
     </span>
    </p>
   </div>
   <div class='ocr_carea' id='block_1_12' title="bbox 449 1135 879 1194">
    <p class='ocr_par' dir='ltr' id='par_1_12' title="bbox 449 1135 879 1194">
     <span class='ocr_line' id='line_1_12' title="bbox 449 1135 879 1194; baseline -0.005 -1"><span class='ocrx_word' id='word_1_56' title='bbox 449 1139 599 1193; x_wconf 86' lang='lat' dir='ltr'><strong>illam</strong></span> <span class='ocrx_word' id='word_1_57' title='bbox 624 1135 879 1194; x_wconf 79' lang='lat' dir='ltr'><strong>ostendit.</strong></span> 
     </span>
    </p>
   </div>
   <div class='ocr_carea' id='block_1_13' title="bbox 1057 1227 1420 1285">
    <p class='ocr_par' dir='ltr' id='par_1_13' title="bbox 1057 1227 1420 1285">
     <span class='ocr_line' id='line_1_13' title="bbox 1057 1227 1420 1285; baseline -0.006 -1"><span class='ocrx_word' id='word_1_58' title='bbox 1057 1227 1307 1284; x_wconf 80' lang='lat' dir='ltr'><strong>Scholion</strong></span> <span class='ocrx_word' id='word_1_59' title='bbox 1335 1227 1420 1285; x_wconf 78' lang='lat' dir='ltr'><strong>l9.</strong></span> 
     </span>
    </p>
   </div>
   <div class='ocr_carea' id='block_1_14' title="bbox 519 1318 2041 1395">
    <p class='ocr_par' dir='ltr' id='par_1_14' title="bbox 519 1318 2041 1395">
     <span class='ocr_line' id='line_1_14' title="bbox 519 1318 2041 1395; baseline -0.005 -16"><span class='ocrx_word' id='word_1_60' title='bbox 519 1324 764 1379; x_wconf 84' lang='lat' dir='ltr'><strong>Luxuria</strong></span> <span class='ocrx_word' id='word_1_61' title='bbox 782 1367 797 1392; x_wconf 95' lang='lat'><strong>,</strong></span> <span class='ocrx_word' id='word_1_62' title='bbox 824 1332 1047 1395; x_wconf 82' lang='lat' dir='ltr'><strong>propter</strong></span> <span class='ocrx_word' id='word_1_63' title='bbox 1076 1321 1514 1387; x_wconf 80' lang='lat' dir='ltr'><strong>fornicationem,</strong></span> <span class='ocrx_word' id='word_1_64' title='bbox 1543 1329 1598 1376; x_wconf 88' lang='lat' dir='ltr'><strong>et</strong></span> <span class='ocrx_word' id='word_1_65' title='bbox 1621 1320 1818 1375; x_wconf 88' lang='lat' dir='ltr'><strong>mentis</strong></span> <span class='ocrx_word' id='word_1_66' title='bbox 1840 1318 2041 1375; x_wconf 91' lang='lat' dir='ltr'><strong>obseu-</strong></span> 
     </span>
    </p>
   </div>
   <div class='ocr_carea' id='block_1_15' title="bbox 448 1411 2039 1486">
    <p class='ocr_par' dir='ltr' id='par_1_15' title="bbox 448 1411 2039 1486">
     <span class='ocr_line' id='line_1_15' title="bbox 448 1411 2039 1486; baseline -0.004 -15"><span class='ocrx_word' id='word_1_67' title='bbox 448 1417 719 1472; x_wconf 85' lang='lat' dir='ltr'><strong>rationem</strong></span> <span class='ocrx_word' id='word_1_68' title='bbox 750 1434 766 1485; x_wconf 89' lang='lat'><strong>;</strong></span> <span class='ocrx_word' id='word_1_69' title='bbox 816 1416 1023 1471; x_wconf 88' lang='lat' dir='ltr'><strong>malitia</strong></span> <span class='ocrx_word' id='word_1_70' title='bbox 1051 1423 1258 1480; x_wconf 87' lang='lat' dir='ltr'><strong>autem,</strong></span> <span class='ocrx_word' id='word_1_71' title='bbox 1294 1423 1514 1486; x_wconf 78' lang='lat' dir='ltr'><strong>propter</strong></span> <span class='ocrx_word' id='word_1_72' title='bbox 1545 1411 2039 1484; x_wconf 88' lang='lat' dir='ltr'><strong>reprehensionum</strong></span> 
     </span>
    </p>
   </div>
   <div class='ocr_carea' id='block_1_16' title="bbox 447 1511 721 1583">
    <p class='ocr_par' dir='ltr' id='par_1_16' title="bbox 447 1511 721 1583">
     <span class='ocr_line' id='line_1_16' title="bbox 447 1511 721 1583; baseline -0.004 -18"><span class='ocrx_word' id='word_1_73' title='bbox 447 1511 721 1583; x_wconf 86' lang='lat' dir='ltr'><strong>querelas.</strong></span> 
     </span>
    </p>
   </div>
   <div class='ocr_carea' id='block_1_17' title="bbox 469 1645 921 1660">
    <p class='ocr_par' dir='ltr' id='par_1_17' title="bbox 469 1645 921 1660">
     <span class='ocr_line' id='line_1_17' title="bbox 469 1645 921 1660; baseline 0 -2"><span class='ocrx_word' id='word_1_74' title='bbox 469 1645 921 1660; x_wconf 60' lang='grc' dir='ltr'><strong>...α’-*-</strong></span> 
     </span>
    </p>
   </div>
   <div class='ocr_carea' id='block_1_18' title="bbox 1116 1714 1528 1772">
    <p class='ocr_par' dir='ltr' id='par_1_18' title="bbox 1116 1714 1528 1772">
     <span class='ocr_line' id='line_1_18' title="bbox 1116 1714 1528 1772; baseline -0.005 -1"><span class='ocrx_word' id='word_1_75' title='bbox 1116 1714 1405 1772; x_wconf 77' lang='lat' dir='ltr'><strong>GRADUS</strong></span> <span class='ocrx_word' id='word_1_76' title='bbox 1436 1714 1528 1770; x_wconf 83' lang='lat' dir='ltr'><strong>Ill.</strong></span> 
     </span>
    </p>
   </div>
   <div class='ocr_carea' id='block_1_19' title="bbox 499 1823 1987 1905">
    <p class='ocr_par' dir='ltr' id='par_1_19' title="bbox 499 1823 1987 1905">
     <span class='ocr_line' id='line_1_19' title="bbox 499 1823 1987 1905; baseline -0.004 -17"><span class='ocrx_word' id='word_1_77' title='bbox 499 1823 586 1890; x_wconf 77' lang='grc' dir='ltr'>ὀε</span> <span class='ocrx_word' id='word_1_78' title='bbox 614 1834 1056 1905; x_wconf 76' lang='lat' dir='ltr'><strong>peregrinatione,</strong></span> <span class='ocrx_word' id='word_1_79' title='bbox 1083 1834 1190 1905; x_wconf 80' lang='lat' dir='ltr'><strong>sive</strong></span> <span class='ocrx_word' id='word_1_80' title='bbox 1209 1834 1272 1887; x_wconf 87' lang='lat' dir='ltr'><strong>de</strong></span> <span class='ocrx_word' id='word_1_81' title='bbox 1302 1832 1428 1901; x_wconf 80' lang='lat' dir='ltr'><strong>fuga</strong></span> <span class='ocrx_word' id='word_1_82' title='bbox 1458 1829 1641 1884; x_wconf 85' lang='lat' dir='ltr'><strong>mundi</strong></span> <span class='ocrx_word' id='word_1_83' title='bbox 1668 1837 1718 1885; x_wconf 81' lang='lat' dir='ltr'><strong>et</strong></span> <span class='ocrx_word' id='word_1_84' title='bbox 1745 1830 1987 1901; x_wconf 80' lang='lat' dir='ltr'><strong>ingressu</strong></span> 
     </span>
    </p>
   </div>
   <div class='ocr_carea' id='block_1_20' title="bbox 562 1904 1454 1979">
    <p class='ocr_par' dir='ltr' id='par_1_20' title="bbox 562 1904 1454 1979">
     <span class='ocr_line' id='line_1_20' title="bbox 562 1904 1454 1979; baseline -0.003 -21"><span class='ocrx_word' id='word_1_85' title='bbox 562 1971 578 1979; x_wconf 32' lang='grc' dir='ltr'><strong>η</strong></span> <span class='ocrx_word' id='word_1_86' title='bbox 742 1904 745 1905; x_wconf 56' lang='grc'><strong><em>⁷</em></strong></span> <span class='ocrx_word' id='word_1_87' title='bbox 1030 1904 1292 1974; x_wconf 65' lang='lat' dir='ltr'><strong>religiosa</strong></span> <span class='ocrx_word' id='word_1_88' title='bbox 1314 1905 1454 1956; x_wconf 65' lang='lat' dir='ltr'><strong>vitae.</strong></span> 
     </span>
    </p>
   </div>
   <div class='ocr_carea' id='block_1_21' title="bbox 521 2016 2042 2087">
    <p class='ocr_par' dir='ltr' id='par_1_21' title="bbox 521 2016 2042 2087">
     <span class='ocr_line' id='line_1_21' title="bbox 521 2016 2042 2087; baseline -0.001 -16"><span class='ocrx_word' id='word_1_89' title='bbox 521 2016 918 2087; x_wconf 77' lang='lat' dir='ltr'><strong>Peregrinatio,</strong></span> <span class='ocrx_word' id='word_1_90' title='bbox 949 2033 1045 2073; x_wconf 88' lang='lat' dir='ltr'><strong>seu</strong></span> <span class='ocrx_word' id='word_1_91' title='bbox 1091 2017 1215 2087; x_wconf 73' lang='lat' dir='ltr'><strong>fuga</strong></span> <span class='ocrx_word' id='word_1_92' title='bbox 1245 2017 1454 2083; x_wconf 70' lang='lat' dir='ltr'><strong>smeuli,</strong></span> <span class='ocrx_word' id='word_1_93' title='bbox 1499 2024 1581 2071; x_wconf 89' lang='lat' dir='ltr'><strong>est</strong></span> <span class='ocrx_word' id='word_1_94' title='bbox 1611 2017 1858 2071; x_wconf 91' lang='lat' dir='ltr'><strong>omnium</strong></span> <span class='ocrx_word' id='word_1_95' title='bbox 1890 2030 2042 2071; x_wconf 87' lang='lat' dir='ltr'><strong>com-</strong></span> 
     </span>
    </p>
   </div>
   <div class='ocr_carea' id='block_1_22' title="bbox 453 2109 2041 2179">
    <p class='ocr_par' dir='ltr' id='par_1_22' title="bbox 453 2109 2041 2179">
     <span class='ocr_line' id='line_1_22' title="bbox 453 2109 2041 2179; baseline -0.003 -15"><span class='ocrx_word' id='word_1_96' title='bbox 453 2109 769 2172; x_wconf 86' lang='lat' dir='ltr'><strong>modorum,</strong></span> <span class='ocrx_word' id='word_1_97' title='bbox 808 2124 931 2179; x_wconf 83' lang='lat' dir='ltr'><strong>quae</strong></span> <span class='ocrx_word' id='word_1_98' title='bbox 964 2110 1034 2164; x_wconf 94' lang='lat' dir='ltr'><strong>ab</strong></span> <span class='ocrx_word' id='word_1_99' title='bbox 1074 2110 1342 2164; x_wconf 85' lang='lat' dir='ltr'><strong>destinata</strong></span> <span class='ocrx_word' id='word_1_100' title='bbox 1379 2116 1428 2161; x_wconf 89' lang='lat' dir='ltr'><strong>te</strong></span> <span class='ocrx_word' id='word_1_101' title='bbox 1472 2109 1688 2176; x_wconf 89' lang='lat' dir='ltr'><strong>pietatis</strong></span> <span class='ocrx_word' id='word_1_102' title='bbox 1734 2116 1875 2162; x_wconf 84' lang='lat' dir='ltr'><strong>meta</strong></span> <span class='ocrx_word' id='word_1_103' title='bbox 1903 2121 2041 2178; x_wconf 79' lang='lat' dir='ltr'><strong>prae-</strong></span> 
     </span>
    </p>
   </div>
   <div class='ocr_carea' id='block_1_23' title="bbox 450 2199 2042 2272">
    <p class='ocr_par' dir='ltr' id='par_1_23' title="bbox 450 2199 2042 2272">
     <span class='ocr_line' id='line_1_23' title="bbox 450 2199 2042 2272; baseline -0.003 -15"><span class='ocrx_word' id='word_1_104' title='bbox 450 2201 698 2272; x_wconf 80' lang='lat' dir='ltr'><strong>pediunt.</strong></span> <span class='ocrx_word' id='word_1_105' title='bbox 729 2202 782 2256; x_wconf 91' lang='lat' dir='ltr'><strong>in</strong></span> <span class='ocrx_word' id='word_1_106' title='bbox 817 2217 1036 2257; x_wconf 89' lang='lat' dir='ltr'><strong>omnem</strong></span> <span class='ocrx_word' id='word_1_107' title='bbox 1074 2203 1243 2256; x_wconf 81' lang='lat' dir='ltr'><strong>vitam</strong></span> <span class='ocrx_word' id='word_1_108' title='bbox 1303 2202 1633 2271; x_wconf 87' lang='lat' dir='ltr'><strong>repudiatio.</strong></span> <span class='ocrx_word' id='word_1_109' title='bbox 1668 2199 2042 2269; x_wconf 75' lang='lat' dir='ltr'><strong>Peregrinatio</strong></span> 
     </span>
    </p>
   </div>
   <div class='ocr_carea' id='block_1_24' title="bbox 451 2291 2042 2364">
    <p class='ocr_par' dir='ltr' id='par_1_24' title="bbox 451 2291 2042 2364">
     <span class='ocr_line' id='line_1_24' title="bbox 451 2291 2042 2364; baseline -0.004 -13"><span class='ocrx_word' id='word_1_110' title='bbox 451 2303 538 2351; x_wconf 86' lang='lat' dir='ltr'><strong>est</strong></span> <span class='ocrx_word' id='word_1_111' title='bbox 576 2309 791 2349; x_wconf 89' lang='lat' dir='ltr'><strong>morum</strong></span> <span class='ocrx_word' id='word_1_112' title='bbox 836 2295 1144 2364; x_wconf 89' lang='lat' dir='ltr'><strong>disciplina,</strong></span> <span class='ocrx_word' id='word_1_113' title='bbox 1180 2295 1362 2363; x_wconf 81' lang='lat' dir='ltr'><strong>ignota</strong></span> <span class='ocrx_word' id='word_1_114' title='bbox 1412 2293 1700 2362; x_wconf 77' lang='lat' dir='ltr'><strong>sapientia,</strong></span> <span class='ocrx_word' id='word_1_115' title='bbox 1738 2291 2042 2345; x_wconf 88' lang='lat' dir='ltr'><strong>abhorrens</strong></span> 
     </span>
    </p>
   </div>
   <div class='ocr_carea' id='block_1_25' title="bbox 451 2382 2042 2458">
    <p class='ocr_par' dir='ltr' id='par_1_25' title="bbox 451 2382 2042 2458">
     <span class='ocr_line' id='line_1_25' title="bbox 451 2382 2042 2458; baseline -0.004 -17"><span class='ocrx_word' id='word_1_116' title='bbox 451 2402 482 2442; x_wconf 89' lang='lat' dir='ltr'><strong>a</strong></span> <span class='ocrx_word' id='word_1_117' title='bbox 507 2386 727 2458; x_wconf 89' lang='lat' dir='ltr'><strong>publico</strong></span> <span class='ocrx_word' id='word_1_118' title='bbox 778 2401 965 2453; x_wconf 84' lang='lat' dir='ltr'><strong>sensu,</strong></span> <span class='ocrx_word' id='word_1_119' title='bbox 1003 2386 1324 2441; x_wconf 89' lang='lat' dir='ltr'><strong>abscondita</strong></span> <span class='ocrx_word' id='word_1_120' title='bbox 1347 2382 1740 2458; x_wconf 86' lang='lat' dir='ltr'><strong>[dissimulata]</strong></span> <span class='ocrx_word' id='word_1_121' title='bbox 1779 2382 1908 2447; x_wconf 80' lang='lat' dir='ltr'><strong>vita,</strong></span> <span class='ocrx_word' id='word_1_122' title='bbox 1933 2396 2042 2436; x_wconf 91' lang='lat' dir='ltr'><strong>non</strong></span> 
     </span>
    </p>
   </div>
   <div class='ocr_carea' id='block_1_26' title="bbox 450 2474 2045 2551">
    <p class='ocr_par' dir='ltr' id='par_1_26' title="bbox 450 2474 2045 2551">
     <span class='ocr_line' id='line_1_26' title="bbox 450 2474 2045 2551; baseline -0.004 -16"><span class='ocrx_word' id='word_1_123' title='bbox 450 2495 724 2551; x_wconf 89' lang='lat' dir='ltr'><strong>apparens</strong></span> <span class='ocrx_word' id='word_1_124' title='bbox 778 2480 904 2536; x_wconf 79' lang='lat' dir='ltr'><strong>ﬁnis</strong></span> <span class='ocrx_word' id='word_1_125' title='bbox 951 2488 1007 2535; x_wconf 84' lang='lat' dir='ltr'><strong>et</strong></span> <span class='ocrx_word' id='word_1_126' title='bbox 1045 2492 1268 2549; x_wconf 86' lang='lat' dir='ltr'><strong>scopus,</strong></span> <span class='ocrx_word' id='word_1_127' title='bbox 1313 2479 1477 2533; x_wconf 89' lang='lat' dir='ltr'><strong>tacita</strong></span> <span class='ocrx_word' id='word_1_128' title='bbox 1526 2476 1830 2540; x_wconf 80' lang='lat' dir='ltr'><strong>meditatio,</strong></span> <span class='ocrx_word' id='word_1_129' title='bbox 1862 2474 2045 2543; x_wconf 81' lang='lat' dir='ltr'><strong>despi-</strong></span> 
     </span>
    </p>
   </div>
   <div class='ocr_carea' id='block_1_27' title="bbox 450 2566 2044 2641">
    <p class='ocr_par' dir='ltr' id='par_1_27' title="bbox 450 2566 2044 2641">
     <span class='ocr_line' id='line_1_27' title="bbox 450 2566 2044 2641; baseline -0.004 -15"><span class='ocrx_word' id='word_1_130' title='bbox 450 2568 667 2627; x_wconf 78' lang='lat' dir='ltr'><strong>cientiae</strong></span> <span class='ocrx_word' id='word_1_131' title='bbox 698 2570 1034 2641; x_wconf 90' lang='lat' dir='ltr'><strong>appetenlia,</strong></span> <span class='ocrx_word' id='word_1_132' title='bbox 1077 2569 1411 2625; x_wconf 88' lang='lat' dir='ltr'><strong>desiderium</strong></span> <span class='ocrx_word' id='word_1_133' title='bbox 1467 2567 1800 2634; x_wconf 79' lang='lat' dir='ltr'><strong>amictionis,</strong></span> <span class='ocrx_word' id='word_1_134' title='bbox 1872 2566 2044 2622; x_wconf 89' lang='lat' dir='ltr'><strong>divini</strong></span> 
     </span>
    </p>
   </div>
   <div class='ocr_carea' id='block_1_28' title="bbox 450 2660 2046 2732">
    <p class='ocr_par' dir='ltr' id='par_1_28' title="bbox 450 2660 2046 2732">
     <span class='ocr_line' id='line_1_28' title="bbox 450 2660 2046 2732; baseline -0.001 -14"><span class='ocrx_word' id='word_1_135' title='bbox 450 2661 685 2719; x_wconf 79' lang='lat' dir='ltr'><strong>ail‘ectus</strong></span> <span class='ocrx_word' id='word_1_136' title='bbox 731 2672 1139 2732; x_wconf 78' lang='lat' dir='ltr'><strong>argumentum,</strong></span> <span class='ocrx_word' id='word_1_137' title='bbox 1189 2661 1396 2717; x_wconf 87' lang='lat' dir='ltr'><strong>amoris</strong></span> <span class='ocrx_word' id='word_1_138' title='bbox 1431 2660 1606 2731; x_wconf 91' lang='lat' dir='ltr'><strong>copia,</strong></span> <span class='ocrx_word' id='word_1_139' title='bbox 1657 2676 1815 2716; x_wconf 79' lang='lat' dir='ltr'><strong>vanae</strong></span> <span class='ocrx_word' id='word_1_140' title='bbox 1858 2660 2046 2730; x_wconf 74' lang='lat' dir='ltr'><strong>glorize</strong></span> 
     </span>
    </p>
   </div>
   <div class='ocr_carea' id='block_1_29' title="bbox 449 2751 2047 2824">
    <p class='ocr_par' dir='ltr' id='par_1_29' title="bbox 449 2751 2047 2824">
     <span class='ocr_line' id='line_1_29' title="bbox 449 2751 2047 2824; baseline -0.001 -15"><span class='ocrx_word' id='word_1_141' title='bbox 449 2754 818 2824; x_wconf 85' lang='lat' dir='ltr'><strong>proscriptio,</strong></span> <span class='ocrx_word' id='word_1_142' title='bbox 856 2753 1028 2808; x_wconf 84' lang='lat' dir='ltr'><strong>altum</strong></span> <span class='ocrx_word' id='word_1_143' title='bbox 1061 2753 1360 2809; x_wconf 91' lang='lat' dir='ltr'><strong>silentium.</strong></span> <span class='ocrx_word' id='word_1_144' title='bbox 1390 2751 1538 2808; x_wconf 88' lang='lat' dir='ltr'><strong>Solet</strong></span> <span class='ocrx_word' id='word_1_145' title='bbox 1568 2761 1832 2823; x_wconf 69' lang='lat' dir='ltr'><strong>prazterea</strong></span> <span class='ocrx_word' id='word_1_146' title='bbox 1853 2761 1906 2807; x_wconf 87' lang='lat' dir='ltr'><strong>et</strong></span> <span class='ocrx_word' id='word_1_147' title='bbox 1932 2753 2047 2807; x_wconf 70' lang='lat' dir='ltr'><strong>haec</strong></span> 
     </span>
    </p>
   </div>
   <div class='ocr_carea' id='block_1_30' title="bbox 452 2845 2044 2919">
    <p class='ocr_par' dir='ltr' id='par_1_30' title="bbox 452 2845 2044 2919">
     <span class='ocr_line' id='line_1_30' title="bbox 452 2845 2044 2919; baseline -0.003 -17"><span class='ocrx_word' id='word_1_148' title='bbox 452 2846 717 2919; x_wconf 78' lang='lat' dir='ltr'><strong>cogitatio</strong></span> <span class='ocrx_word' id='word_1_149' title='bbox 748 2846 818 2902; x_wconf 88' lang='lat' dir='ltr'><strong>ab</strong></span> <span class='ocrx_word' id='word_1_150' title='bbox 844 2847 965 2917; x_wconf 82' lang='lat' dir='ltr'><strong>ipso</strong></span> <span class='ocrx_word' id='word_1_151' title='bbox 1000 2847 1185 2902; x_wconf 86' lang='lat' dir='ltr'><strong>statim</strong></span> <span class='ocrx_word' id='word_1_152' title='bbox 1230 2846 1503 2915; x_wconf 85' lang='lat' dir='ltr'><strong>principio</strong></span> <span class='ocrx_word' id='word_1_153' title='bbox 1539 2845 1757 2899; x_wconf 88' lang='lat' dir='ltr'><strong>Domini</strong></span> <span class='ocrx_word' id='word_1_154' title='bbox 1806 2854 2044 2900; x_wconf 88' lang='lat' dir='ltr'><strong>sectato-</strong></span> 
     </span>
    </p>
   </div>
   <div class='ocr_carea' id='block_1_31' title="bbox 450 2935 2048 3009">
    <p class='ocr_par' dir='ltr' id='par_1_31' title="bbox 450 2935 2048 3009">
     <span class='ocr_line' id='line_1_31' title="bbox 450 2935 2048 3009; baseline -0.003 -14"><span class='ocrx_word' id='word_1_155' title='bbox 450 2939 631 3005; x_wconf 78' lang='lat' dir='ltr'><strong>ribus,</strong></span> <span class='ocrx_word' id='word_1_156' title='bbox 667 2947 928 3009; x_wconf 84' lang='lat' dir='ltr'><strong>tanquam</strong></span> <span class='ocrx_word' id='word_1_157' title='bbox 959 2937 1084 3008; x_wconf 89' lang='lat' dir='ltr'><strong>igne</strong></span> <span class='ocrx_word' id='word_1_158' title='bbox 1125 2938 1332 2993; x_wconf 77' lang='lat' dir='ltr'><strong>cmlesti</strong></span> <span class='ocrx_word' id='word_1_159' title='bbox 1360 2936 1646 2992; x_wconf 86' lang='lat' dir='ltr'><strong>succensis</strong></span> <span class='ocrx_word' id='word_1_160' title='bbox 1675 2935 1898 2992; x_wconf 90' lang='lat' dir='ltr'><strong>assidue</strong></span> <span class='ocrx_word' id='word_1_161' title='bbox 1954 2952 2048 2991; x_wconf 75' lang='lat' dir='ltr'><strong>ve—</strong></span> 
     </span>
    </p>
   </div>
   <div class='ocr_carea' id='block_1_32' title="bbox 452 3027 2050 3101">
    <p class='ocr_par' dir='ltr' id='par_1_32' title="bbox 452 3027 2050 3101">
     <span class='ocr_line' id='line_1_32' title="bbox 452 3027 2050 3101; baseline -0.004 -15"><span class='ocrx_word' id='word_1_162' title='bbox 452 3031 849 3101; x_wconf 85' lang='lat' dir='ltr'><strong>hementerque</strong></span> <span class='ocrx_word' id='word_1_163' title='bbox 904 3029 1015 3101; x_wconf 77' lang='lat'><strong>29</strong></span> <span class='ocrx_word' id='word_1_164' title='bbox 1061 3029 1379 3098; x_wconf 82' lang='lat' dir='ltr'><strong>obstrepere</strong></span> <span class='ocrx_word' id='word_1_165' title='bbox 1410 3038 1466 3083; x_wconf 91' lang='lat' dir='ltr'><strong>et</strong></span> <span class='ocrx_word' id='word_1_166' title='bbox 1499 3028 1840 3095; x_wconf 84' lang='lat' dir='ltr'><strong>incumbere,</strong></span> <span class='ocrx_word' id='word_1_167' title='bbox 1870 3027 2050 3098; x_wconf 88' lang='lat' dir='ltr'><strong>sejun-</strong></span> 
     </span>
    </p>
   </div>
   <div class='ocr_carea' id='block_1_33' title="bbox 455 3120 2050 3194">
    <p class='ocr_par' dir='ltr' id='par_1_33' title="bbox 455 3120 2050 3194">
     <span class='ocr_line' id='line_1_33' title="bbox 455 3120 2050 3194; baseline -0.003 -15"><span class='ocrx_word' id='word_1_168' title='bbox 455 3124 567 3180; x_wconf 88' lang='lat' dir='ltr'><strong>ctio</strong></span> <span class='ocrx_word' id='word_1_169' title='bbox 638 3131 695 3180; x_wconf 88' lang='lat' dir='ltr'><strong>et</strong></span> <span class='ocrx_word' id='word_1_170' title='bbox 757 3123 1034 3194; x_wconf 86' lang='lat' dir='ltr'><strong>separatio</strong></span> <span class='ocrx_word' id='word_1_171' title='bbox 1094 3122 1163 3176; x_wconf 86' lang='lat' dir='ltr'><strong>ab</strong></span> <span class='ocrx_word' id='word_1_172' title='bbox 1213 3122 1365 3187; x_wconf 90' lang='lat' dir='ltr'><strong>suis,</strong></span> <span class='ocrx_word' id='word_1_173' title='bbox 1431 3138 1555 3192; x_wconf 67' lang='lat' dir='ltr'><strong>quae</strong></span> <span class='ocrx_word' id='word_1_174' title='bbox 1641 3138 1750 3176; x_wconf 89' lang='lat' dir='ltr'><strong>non</strong></span> <span class='ocrx_word' id='word_1_175' title='bbox 1788 3122 1895 3176; x_wconf 92' lang='lat' dir='ltr'><strong>alio</strong></span> <span class='ocrx_word' id='word_1_176' title='bbox 1943 3120 2050 3175; x_wconf 80' lang='lat' dir='ltr'><strong>fine</strong></span> 
     </span>
    </p>
   </div>
   <div class='ocr_carea' id='block_1_34' title="bbox 2143 575 3739 655">
    <p class='ocr_par' dir='ltr' id='par_1_34' title="bbox 2143 575 3739 655">
     <span class='ocr_line' id='line_1_34' title="bbox 2143 575 3739 655; baseline 0.006 -28"><span class='ocrx_word' id='word_1_177' title='bbox 2143 575 2237 628; x_wconf 70' lang='grc' dir='ltr'><strong>καὶ</strong></span> <span class='ocrx_word' id='word_1_178' title='bbox 2261 576 2481 628; x_wconf 83' lang='grc' dir='ltr'>ὲκκαίον</span> <span class='ocrx_word' id='word_1_179' title='bbox 2510 577 2658 646; x_wconf 78' lang='grc' dir='ltr'>ἡμᾶς</span> <span class='ocrx_word' id='word_1_180' title='bbox 2683 577 2764 640; x_wconf 85' lang='grc' dir='ltr'><strong>είς</strong></span> <span class='ocrx_word' id='word_1_181' title='bbox 2791 578 2856 631; x_wconf 82' lang='grc' dir='ltr'><strong>τδ</strong></span> <span class='ocrx_word' id='word_1_182' title='bbox 2879 579 3047 632; x_wconf 78' lang='grc' dir='ltr'><strong>εἰσέτι</strong></span> <span class='ocrx_word' id='word_1_183' title='bbox 3071 582 3139 650; x_wconf 78' lang='grc' dir='ltr'>τῇ</span> <span class='ocrx_word' id='word_1_184' title='bbox 3170 578 3352 633; x_wconf 78' lang='grc' dir='ltr'>αὐτῶν</span> <span class='ocrx_word' id='word_1_185' title='bbox 3386 582 3739 655; x_wconf 79' lang='grc' dir='ltr'>προσπαθείᾳ</span> 
     </span>
    </p>
   </div>
   <div class='ocr_carea' id='block_1_35' title="bbox 2143 665 3735 744">
    <p class='ocr_par' dir='ltr' id='par_1_35' title="bbox 2143 665 3735 744">
     <span class='ocr_line' id='line_1_35' title="bbox 2143 665 3735 744; baseline 0.006 -26"><span class='ocrx_word' id='word_1_186' title='bbox 2143 666 2425 734; x_wconf 82' lang='grc' dir='ltr'>ἐμμένειν.</span> <span class='ocrx_word' id='word_1_187' title='bbox 2471 665 2743 738; x_wconf 76' lang='grc' dir='ltr'>Εὔκαιρον</span> <span class='ocrx_word' id='word_1_188' title='bbox 2795 669 2906 741; x_wconf 83' lang='grc' dir='ltr'>γὰρ</span> <span class='ocrx_word' id='word_1_189' title='bbox 2949 670 3011 724; x_wconf 86' lang='grc' dir='ltr'><strong>τὸ</strong></span> <span class='ocrx_word' id='word_1_190' title='bbox 3059 671 3166 724; x_wconf 82' lang='grc' dir='ltr'>ὑπὸ</span> <span class='ocrx_word' id='word_1_191' title='bbox 3212 672 3313 742; x_wconf 82' lang='grc' dir='ltr'>τῆς</span> <span class='ocrx_word' id='word_1_192' title='bbox 3363 672 3589 744; x_wconf 82' lang='grc' dir='ltr'>ἀγάπης</span> <span class='ocrx_word' id='word_1_193' title='bbox 3636 674 3735 728; x_wconf 79' lang='grc' dir='ltr'>τοῦ</span> 
     </span>
    </p>
   </div>
   <div class='ocr_carea' id='block_1_36' title="bbox 2143 756 2825 831">
    <p class='ocr_par' dir='ltr' id='par_1_36' title="bbox 2143 756 2825 831">
     <span class='ocr_line' id='line_1_36' title="bbox 2143 756 2825 831; baseline 0.009 -22"><span class='ocrx_word' id='word_1_194' title='bbox 2143 756 2280 810; x_wconf 79' lang='grc' dir='ltr'>Θεοῦ</span> <span class='ocrx_word' id='word_1_195' title='bbox 2302 758 2663 828; x_wconf 71' lang='grc' dir='ltr'><strong>ἐκκαιόμενον</strong></span> <span class='ocrx_word' id='word_1_196' title='bbox 2694 759 2765 814; x_wconf 82' lang='grc' dir='ltr'>πῦ</span> <span class='ocrx_word' id='word_1_197' title='bbox 2775 777 2825 831; x_wconf 92' lang='grc' dir='ltr'><strong>ρ.</strong></span> 
     </span>
    </p>
   </div>
   <div class='ocr_carea' id='block_1_37' title="bbox 2736 856 3132 924">
    <p class='ocr_par' dir='ltr' id='par_1_37' title="bbox 2736 856 3132 924">
     <span class='ocr_line' id='line_1_37' title="bbox 2736 856 3132 924; baseline -0.01 -15"><span class='ocrx_word' id='word_1_198' title='bbox 2736 856 2997 924; x_wconf 67' lang='grc' dir='ltr'>Σχόλιον</span> <span class='ocrx_word' id='word_1_199' title='bbox 3029 858 3132 923; x_wconf 80' lang='grc' dir='ltr'>ιη’.</span> 
     </span>
    </p>
   </div>
   <div class='ocr_carea' id='block_1_38' title="bbox 2214 941 3729 1021">
    <p class='ocr_par' dir='ltr' id='par_1_38' title="bbox 2214 941 3729 1021">
     <span class='ocr_line' id='line_1_38' title="bbox 2214 941 3729 1021; baseline 0 -20"><span class='ocrx_word' id='word_1_200' title='bbox 2214 948 2330 1001; x_wconf 82' lang='grc' dir='ltr'><strong>Πᾶν</strong></span> <span class='ocrx_word' id='word_1_201' title='bbox 2377 949 2558 1020; x_wconf 86' lang='grc' dir='ltr'>νόημα</span> <span class='ocrx_word' id='word_1_202' title='bbox 2609 950 2933 1021; x_wconf 82' lang='grc' dir='ltr'>πράγματος</span> <span class='ocrx_word' id='word_1_203' title='bbox 2982 948 3267 1019; x_wconf 76' lang='grc' dir='ltr'><strong>αἰσθητοῦ,</strong></span> <span class='ocrx_word' id='word_1_204' title='bbox 3318 950 3377 1003; x_wconf 84' lang='grc' dir='ltr'>ὲν</span> <span class='ocrx_word' id='word_1_205' title='bbox 3432 941 3480 1016; x_wconf 81' lang='grc' dir='ltr'>ᾧ</span> <span class='ocrx_word' id='word_1_206' title='bbox 3533 949 3729 1019; x_wconf 72' lang='grc' dir='ltr'>ἐγχρο-</span> 
     </span>
    </p>
   </div>
   <div class='ocr_carea' id='block_1_39' title="bbox 2139 1026 3731 1113">
    <p class='ocr_par' dir='ltr' id='par_1_39' title="bbox 2139 1026 3731 1113">
     <span class='ocr_line' id='line_1_39' title="bbox 2139 1026 3731 1113; baseline 0.002 -21"><span class='ocrx_word' id='word_1_207' title='bbox 2139 1035 2278 1103; x_wconf 77' lang='grc' dir='ltr'>νίζει</span> <span class='ocrx_word' id='word_1_208' title='bbox 2311 1041 2340 1092; x_wconf 97' lang='lat'><strong>6</strong></span> <span class='ocrx_word' id='word_1_209' title='bbox 2376 1040 2524 1106; x_wconf 84' lang='grc' dir='ltr'><strong>νοῦς,</strong></span> <span class='ocrx_word' id='word_1_210' title='bbox 2556 1041 2774 1106; x_wconf 85' lang='grc' dir='ltr'>πάντως</span> <span class='ocrx_word' id='word_1_211' title='bbox 2807 1043 2890 1096; x_wconf 84' lang='grc' dir='ltr'>ὅτι</span> <span class='ocrx_word' id='word_1_212' title='bbox 2921 1026 3093 1106; x_wconf 78' lang='grc' dir='ltr'>πᾶθος</span> <span class='ocrx_word' id='word_1_213' title='bbox 3119 1041 3236 1112; x_wconf 73' lang='grc' dir='ltr'>ἔχει</span> <span class='ocrx_word' id='word_1_214' title='bbox 3283 1040 3424 1113; x_wconf 82' lang='grc' dir='ltr'>πρὸς</span> <span class='ocrx_word' id='word_1_215' title='bbox 3456 1040 3592 1095; x_wconf 80' lang='grc' dir='ltr'>αὐτὸ</span> <span class='ocrx_word' id='word_1_216' title='bbox 3623 1042 3731 1095; x_wconf 84' lang='grc' dir='ltr'>δεί-</span> 
     </span>
    </p>
   </div>
   <div class='ocr_carea' id='block_1_40' title="bbox 2141 1146 2322 1183">
    <p class='ocr_par' dir='ltr' id='par_1_40' title="bbox 2141 1146 2322 1183">
     <span class='ocr_line' id='line_1_40' title="bbox 2141 1146 2322 1183; baseline 0.006 -1"><span class='ocrx_word' id='word_1_217' title='bbox 2141 1146 2322 1183; x_wconf 89' lang='grc' dir='ltr'>κνυσι.</span> 
     </span>
    </p>
   </div>
   <div class='ocr_carea' id='block_1_41' title="bbox 2739 1227 3135 1294">
    <p class='ocr_par' dir='ltr' id='par_1_41' title="bbox 2739 1227 3135 1294">
     <span class='ocr_line' id='line_1_41' title="bbox 2739 1227 3135 1294; baseline -0.003 -13"><span class='ocrx_word' id='word_1_218' title='bbox 2739 1228 2787 1281; x_wconf 83' lang='grc' dir='ltr'><strong><em>Σ</em></strong></span> <span class='ocrx_word' id='word_1_219' title='bbox 2790 1227 3002 1294; x_wconf 58' lang='lat'><strong>16.2407-</strong></span> <span class='ocrx_word' id='word_1_220' title='bbox 3046 1228 3135 1280; x_wconf 79' lang='grc' dir='ltr'><strong>ιϐ’.</strong></span> 
     </span>
    </p>
   </div>
   <div class='ocr_carea' id='block_1_42' title="bbox 2213 1314 3737 1390">
    <p class='ocr_par' dir='ltr' id='par_1_42' title="bbox 2213 1314 3737 1390">
     <span class='ocr_line' id='line_1_42' title="bbox 2213 1314 3737 1390; baseline -0.002 -19"><span class='ocrx_word' id='word_1_221' title='bbox 2213 1319 2325 1388; x_wconf 82' lang='grc' dir='ltr'><strong>Τῆς</strong></span> <span class='ocrx_word' id='word_1_222' title='bbox 2384 1318 2600 1390; x_wconf 81' lang='grc' dir='ltr'><strong>τρυφῆς</strong></span> <span class='ocrx_word' id='word_1_223' title='bbox 2668 1318 2759 1372; x_wconf 80' lang='grc' dir='ltr'>διὰ</span> <span class='ocrx_word' id='word_1_224' title='bbox 2813 1318 2914 1387; x_wconf 79' lang='grc' dir='ltr'>τὴν</span> <span class='ocrx_word' id='word_1_225' title='bbox 2970 1316 3252 1388; x_wconf 82' lang='grc' dir='ltr'><strong>πορνείαν,</strong></span> <span class='ocrx_word' id='word_1_226' title='bbox 3317 1319 3413 1371; x_wconf 76' lang='grc' dir='ltr'><strong>καὶ</strong></span> <span class='ocrx_word' id='word_1_227' title='bbox 3474 1316 3573 1387; x_wconf 76' lang='grc' dir='ltr'>τὴν</span> <span class='ocrx_word' id='word_1_228' title='bbox 3636 1314 3737 1369; x_wconf 80' lang='grc' dir='ltr'>τοῦ</span> 
     </span>
    </p>
   </div>
   <div class='ocr_carea' id='block_1_43' title="bbox 2140 1407 3741 1481">
    <p class='ocr_par' dir='ltr' id='par_1_43' title="bbox 2140 1407 3741 1481">
     <span class='ocr_line' id='line_1_43' title="bbox 2140 1407 3741 1481; baseline -0.005 -13"><span class='ocrx_word' id='word_1_229' title='bbox 2140 1412 2261 1477; x_wconf 77' lang='grc' dir='ltr'>νοὸς</span> <span class='ocrx_word' id='word_1_230' title='bbox 2319 1412 2614 1467; x_wconf 83' lang='grc' dir='ltr'>σκότωσιν·</span> <span class='ocrx_word' id='word_1_231' title='bbox 2673 1410 2772 1481; x_wconf 82' lang='grc' dir='ltr'>τῆς</span> <span class='ocrx_word' id='word_1_232' title='bbox 2817 1410 2874 1464; x_wconf 79' lang='grc' dir='ltr'>δὲ</span> <span class='ocrx_word' id='word_1_233' title='bbox 2939 1408 3207 1480; x_wconf 77' lang='grc' dir='ltr'><strong>πονηρίας</strong></span> <span class='ocrx_word' id='word_1_234' title='bbox 3258 1410 3346 1463; x_wconf 63' lang='grc' dir='ltr'>διὰ</span> <span class='ocrx_word' id='word_1_235' title='bbox 3408 1408 3469 1462; x_wconf 82' lang='grc' dir='ltr'>τὺ</span> <span class='ocrx_word' id='word_1_236' title='bbox 3525 1407 3741 1480; x_wconf 81' lang='grc' dir='ltr'>μεμψί-</span> 
     </span>
    </p>
   </div>
   <div class='ocr_carea' id='block_1_44' title="bbox 2142 1522 2359 1578">
    <p class='ocr_par' dir='ltr' id='par_1_44' title="bbox 2142 1522 2359 1578">
     <span class='ocr_line' id='line_1_44' title="bbox 2142 1522 2359 1578; baseline 0.009 -19"><span class='ocrx_word' id='word_1_237' title='bbox 2142 1523 2235 1578; x_wconf 91' lang='grc' dir='ltr'><strong>μοι</strong></span> <span class='ocrx_word' id='word_1_238' title='bbox 2243 1522 2359 1577; x_wconf 83' lang='grc' dir='ltr'>ρον.</span> 
     </span>
    </p>
   </div>
   <div class='ocr_carea' id='block_1_45' title="bbox 2776 1709 3100 1764">
    <p class='ocr_par' dir='ltr' id='par_1_45' title="bbox 2776 1709 3100 1764">
     <span class='ocr_line' id='line_1_45' title="bbox 2776 1709 3100 1764; baseline -0.003 0"><span class='ocrx_word' id='word_1_239' title='bbox 2776 1709 2998 1764; x_wconf 85' lang='grc' dir='ltr'><strong>ΛΟΓΟΣ</strong></span> <span class='ocrx_word' id='word_1_240' title='bbox 3023 1710 3100 1763; x_wconf 86' lang='grc' dir='ltr'><strong>Γ’.</strong></span> 
     </span>
    </p>
   </div>
   <div class='ocr_carea' id='block_1_46' title="bbox 2675 1824 3188 1895">
    <p class='ocr_par' dir='ltr' id='par_1_46' title="bbox 2675 1824 3188 1895">
     <span class='ocr_line' id='line_1_46' title="bbox 2675 1824 3188 1895; baseline 0 -15"><span class='ocrx_word' id='word_1_241' title='bbox 2675 1826 2816 1895; x_wconf 77' lang='grc' dir='ltr'>Περὶ</span> <span class='ocrx_word' id='word_1_242' title='bbox 2872 1824 3188 1893; x_wconf 77' lang='grc' dir='ltr'><strong>ξενιτείας.</strong></span> 
     </span>
    </p>
   </div>
   <div class='ocr_carea' id='block_1_47' title="bbox 2216 2022 3743 2098">
    <p class='ocr_par' dir='ltr' id='par_1_47' title="bbox 2216 2022 3743 2098">
     <span class='ocr_line' id='line_1_47' title="bbox 2216 2022 3743 2098; baseline 0.001 -19"><span class='ocrx_word' id='word_1_243' title='bbox 2216 2027 2294 2098; x_wconf 87' lang='grc' dir='ltr'><strong>(Ι)</strong></span> <span class='ocrx_word' id='word_1_244' title='bbox 2330 2024 2578 2080; x_wconf 86' lang='grc' dir='ltr'>Ξενιτεία</span> <span class='ocrx_word' id='word_1_245' title='bbox 2597 2024 2714 2078; x_wconf 65' lang='grc' dir='ltr'>ἐστὶ</span> <span class='ocrx_word' id='word_1_246' title='bbox 2741 2022 3059 2093; x_wconf 80' lang='grc' dir='ltr'>κατάλειψις</span> <span class='ocrx_word' id='word_1_247' title='bbox 3087 2023 3488 2095; x_wconf 71' lang='grc' dir='ltr'>ἁνεπίστροφος</span> <span class='ocrx_word' id='word_1_248' title='bbox 3518 2026 3743 2080; x_wconf 79' lang='grc' dir='ltr'>πάντων</span> 
     </span>
    </p>
   </div>
   <div class='ocr_carea' id='block_1_48' title="bbox 2144 2119 3742 2194">
    <p class='ocr_par' dir='ltr' id='par_1_48' title="bbox 2144 2119 3742 2194">
     <span class='ocr_line' id='line_1_48' title="bbox 2144 2119 3742 2194; baseline -0.001 -19"><span class='ocrx_word' id='word_1_249' title='bbox 2144 2122 2251 2176; x_wconf 84' lang='grc' dir='ltr'><strong>τῶν</strong></span> <span class='ocrx_word' id='word_1_250' title='bbox 2291 2124 2349 2177; x_wconf 84' lang='grc' dir='ltr'>ὲν</span> <span class='ocrx_word' id='word_1_251' title='bbox 2386 2124 2453 2194; x_wconf 82' lang='grc' dir='ltr'>τῇ</span> <span class='ocrx_word' id='word_1_252' title='bbox 2485 2121 2729 2193; x_wconf 86' lang='grc' dir='ltr'>πατρίδι,</span> <span class='ocrx_word' id='word_1_253' title='bbox 2785 2120 2925 2189; x_wconf 78' lang='grc' dir='ltr'>πρὸς</span> <span class='ocrx_word' id='word_1_254' title='bbox 2952 2119 3043 2176; x_wconf 87' lang='grc' dir='ltr'><strong>τδν</strong></span> <span class='ocrx_word' id='word_1_255' title='bbox 3076 2121 3177 2192; x_wconf 78' lang='grc' dir='ltr'><strong>τῆς</strong></span> <span class='ocrx_word' id='word_1_256' title='bbox 3203 2121 3492 2185; x_wconf 74' lang='grc' dir='ltr'>εὐσεϐείας</span> <span class='ocrx_word' id='word_1_257' title='bbox 3532 2124 3742 2176; x_wconf 80' lang='grc' dir='ltr'>σκοπὸν</span> 
     </span>
    </p>
   </div>
   <div class='ocr_carea' id='block_1_49' title="bbox 2144 2211 3742 2286">
    <p class='ocr_par' dir='ltr' id='par_1_49' title="bbox 2144 2211 3742 2286">
     <span class='ocr_line' id='line_1_49' title="bbox 2144 2211 3742 2286; baseline 0.001 -20"><span class='ocrx_word' id='word_1_258' title='bbox 2144 2214 2276 2283; x_wconf 84' lang='grc' dir='ltr'>ἡμῖν</span> <span class='ocrx_word' id='word_1_259' title='bbox 2298 2212 2797 2283; x_wconf 82' lang='grc' dir='ltr'>ἀντιπραττόντων.</span> <span class='ocrx_word' id='word_1_260' title='bbox 2830 2211 2906 2282; x_wconf 85' lang='lat' dir='ltr'><strong>(a)</strong></span> <span class='ocrx_word' id='word_1_261' title='bbox 2929 2211 3173 2266; x_wconf 86' lang='grc' dir='ltr'>Ξενιτεία</span> <span class='ocrx_word' id='word_1_262' title='bbox 3206 2213 3356 2265; x_wconf 77' lang='grc' dir='ltr'>ἐστὶν</span> <span class='ocrx_word' id='word_1_263' title='bbox 3384 2215 3742 2286; x_wconf 73' lang='grc' dir='ltr'>ἀπαρρησία-</span> 
     </span>
    </p>
   </div>
   <div class='ocr_carea' id='block_1_50' title="bbox 2148 2299 3741 2375">
    <p class='ocr_par' dir='ltr' id='par_1_50' title="bbox 2148 2299 3741 2375">
     <span class='ocr_line' id='line_1_50' title="bbox 2148 2299 3741 2375; baseline 0.001 -18"><span class='ocrx_word' id='word_1_264' title='bbox 2148 2321 2274 2358; x_wconf 88' lang='grc' dir='ltr'>στον</span> <span class='ocrx_word' id='word_1_265' title='bbox 2325 2299 2481 2375; x_wconf 80' lang='grc' dir='ltr'>ἦθος,</span> <span class='ocrx_word' id='word_1_266' title='bbox 2529 2304 2808 2372; x_wconf 77' lang='grc' dir='ltr'>ἄγνωστος</span> <span class='ocrx_word' id='word_1_267' title='bbox 2847 2304 3033 2373; x_wconf 80' lang='grc' dir='ltr'>σοφία,</span> <span class='ocrx_word' id='word_1_268' title='bbox 3065 2304 3458 2375; x_wconf 75' lang='grc' dir='ltr'>ἀδημοσίευτος</span> <span class='ocrx_word' id='word_1_269' title='bbox 3497 2306 3741 2370; x_wconf 86' lang='grc' dir='ltr'>σύνεσις,</span> 
     </span>
    </p>
   </div>
   <div class='ocr_carea' id='block_1_51' title="bbox 2143 2396 3743 2469">
    <p class='ocr_par' dir='ltr' id='par_1_51' title="bbox 2143 2396 3743 2469">
     <span class='ocr_line' id='line_1_51' title="bbox 2143 2396 3743 2469; baseline 0 -18"><span class='ocrx_word' id='word_1_270' title='bbox 2143 2397 2465 2467; x_wconf 83' lang='grc' dir='ltr'>ἀπόκρυφος</span> <span class='ocrx_word' id='word_1_271' title='bbox 2518 2396 2654 2466; x_wconf 89' lang='grc' dir='ltr'>βίος,</span> <span class='ocrx_word' id='word_1_272' title='bbox 2694 2396 3010 2469; x_wconf 80' lang='grc' dir='ltr'>ἀθεώρητος</span> <span class='ocrx_word' id='word_1_273' title='bbox 3050 2397 3277 2462; x_wconf 82' lang='grc' dir='ltr'>σκοπὸς,</span> <span class='ocrx_word' id='word_1_274' title='bbox 3332 2399 3546 2468; x_wconf 76' lang='grc' dir='ltr'>ἀφανὴς</span> <span class='ocrx_word' id='word_1_275' title='bbox 3591 2399 3743 2466; x_wconf 83' lang='grc' dir='ltr'>λογι-</span> 
     </span>
    </p>
   </div>
   <div class='ocr_carea' id='block_1_52' title="bbox 2146 2487 3743 2560">
    <p class='ocr_par' dir='ltr' id='par_1_52' title="bbox 2146 2487 3743 2560">
     <span class='ocr_line' id='line_1_52' title="bbox 2146 2487 3743 2560; baseline -0.001 -17"><span class='ocrx_word' id='word_1_276' title='bbox 2146 2489 2304 2559; x_wconf 80' lang='grc' dir='ltr'>σμὸς,</span> <span class='ocrx_word' id='word_1_277' title='bbox 2335 2487 2613 2553; x_wconf 82' lang='grc' dir='ltr'>εὐτελείας</span> <span class='ocrx_word' id='word_1_278' title='bbox 2633 2488 2833 2560; x_wconf 74' lang='grc' dir='ltr'>ὄρεξις,</span> <span class='ocrx_word' id='word_1_279' title='bbox 2867 2489 3231 2560; x_wconf 82' lang='grc' dir='ltr'>στενοχωρίας</span> <span class='ocrx_word' id='word_1_280' title='bbox 3259 2489 3545 2560; x_wconf 77' lang='grc' dir='ltr'>ἐπιθυμία,</span> <span class='ocrx_word' id='word_1_281' title='bbox 3571 2488 3743 2543; x_wconf 83' lang='grc' dir='ltr'>πόθου</span> 
     </span>
    </p>
   </div>
   <div class='ocr_carea' id='block_1_53' title="bbox 2146 2580 3738 2656">
    <p class='ocr_par' dir='ltr' id='par_1_53' title="bbox 2146 2580 3738 2656">
     <span class='ocr_line' id='line_1_53' title="bbox 2146 2580 3738 2656; baseline -0.001 -20"><span class='ocrx_word' id='word_1_282' title='bbox 2146 2581 2294 2636; x_wconf 89' lang='grc' dir='ltr'>θείου</span> <span class='ocrx_word' id='word_1_283' title='bbox 2331 2581 2612 2647; x_wconf 83' lang='grc' dir='ltr'>ὑπόθεσις,</span> <span class='ocrx_word' id='word_1_284' title='bbox 2655 2581 2859 2656; x_wconf 76' lang='grc' dir='ltr'>ἔρωτος</span> <span class='ocrx_word' id='word_1_285' title='bbox 2898 2580 3124 2652; x_wconf 79' lang='grc' dir='ltr'>πλῆθος,</span> <span class='ocrx_word' id='word_1_286' title='bbox 3151 2581 3459 2647; x_wconf 81' lang='grc' dir='ltr'>κενοδοξίας</span> <span class='ocrx_word' id='word_1_287' title='bbox 3485 2582 3738 2653; x_wconf 76' lang='grc' dir='ltr'>ἄρνησις,</span> 
     </span>
    </p>
   </div>
   <div class='ocr_carea' id='block_1_54' title="bbox 2147 2665 3821 2746">
    <p class='ocr_par' dir='ltr' id='par_1_54' title="bbox 2147 2665 3821 2746">
     <span class='ocr_line' id='line_1_54' title="bbox 2147 2665 3821 2746; baseline -0.002 -18"><span class='ocrx_word' id='word_1_288' title='bbox 2147 2675 2361 2745; x_wconf 80' lang='grc' dir='ltr'><strong>σιωπῆς</strong></span> <span class='ocrx_word' id='word_1_289' title='bbox 2393 2674 2573 2746; x_wconf 82' lang='grc' dir='ltr'>βυθός.</span> <span class='ocrx_word' id='word_1_290' title='bbox 2603 2674 2827 2743; x_wconf 71' lang='grc' dir='ltr'><strong>Πέφυκὲ</strong></span> <span class='ocrx_word' id='word_1_291' title='bbox 2858 2691 2975 2738; x_wconf 86' lang='grc' dir='ltr'><strong>πως</strong></span> <span class='ocrx_word' id='word_1_292' title='bbox 3026 2674 3122 2727; x_wconf 81' lang='grc' dir='ltr'><strong>καὶ</strong></span> <span class='ocrx_word' id='word_1_293' title='bbox 3147 2665 3302 2736; x_wconf 69' lang='grc' dir='ltr'>οὗτος</span> <span class='ocrx_word' id='word_1_294' title='bbox 3328 2675 3357 2726; x_wconf 95' lang='lat'><strong>6</strong></span> <span class='ocrx_word' id='word_1_295' title='bbox 3386 2672 3648 2744; x_wconf 79' lang='grc' dir='ltr'>λογισμὸς</span> <span class='ocrx_word' id='word_1_296' title='bbox 3683 2674 3741 2726; x_wconf 80' lang='grc' dir='ltr'>ἑν</span> <span class='ocrx_word' id='word_1_297' title='bbox 3814 2726 3821 2733; x_wconf 77' lang='grc'><strong>,</strong></span> 
     </span>
    </p>
   </div>
   <div class='ocr_carea' id='block_1_55' title="bbox 2146 2765 3741 2840">
    <p class='ocr_par' dir='ltr' id='par_1_55' title="bbox 2146 2765 3741 2840">
     <span class='ocr_line' id='line_1_55' title="bbox 2146 2765 3741 2840; baseline -0.003 -19"><span class='ocrx_word' id='word_1_298' title='bbox 2146 2769 2454 2840; x_wconf 79' lang='grc' dir='ltr'>προοιμίοις</span> <span class='ocrx_word' id='word_1_299' title='bbox 2482 2770 2595 2830; x_wconf 87' lang='grc' dir='ltr'>τοῖς</span> <span class='ocrx_word' id='word_1_300' title='bbox 2625 2768 2883 2839; x_wconf 79' lang='grc' dir='ltr'>ἐρασταῖς</span> <span class='ocrx_word' id='word_1_301' title='bbox 2914 2766 3121 2836; x_wconf 87' lang='grc' dir='ltr'>Κυρίου</span> <span class='ocrx_word' id='word_1_302' title='bbox 3144 2765 3407 2831; x_wconf 78' lang='grc' dir='ltr'>ἁεννὰως,</span> <span class='ocrx_word' id='word_1_303' title='bbox 3436 2767 3741 2819; x_wconf 74' lang='grc' dir='ltr'>γ.α“ι“ὲπιτεο</span> 
     </span>
    </p>
   </div>
   <div class='ocr_carea' id='block_1_56' title="bbox 2146 2859 3740 2933">
    <p class='ocr_par' dir='ltr' id='par_1_56' title="bbox 2146 2859 3740 2933">
     <span class='ocr_line' id='line_1_56' title="bbox 2146 2859 3740 2933; baseline -0.002 -18"><span class='ocrx_word' id='word_1_304' title='bbox 2146 2862 2397 2933; x_wconf 84' lang='grc' dir='ltr'>ταμένως</span> <span class='ocrx_word' id='word_1_305' title='bbox 2425 2861 2740 2932; x_wconf 81' lang='grc' dir='ltr'>διενοχλεϊν,</span> <span class='ocrx_word' id='word_1_306' title='bbox 2773 2861 2851 2924; x_wconf 86' lang='grc' dir='ltr'>ὡς</span> <span class='ocrx_word' id='word_1_307' title='bbox 2873 2862 2931 2914; x_wconf 78' lang='grc' dir='ltr'><strong>ἐν</strong></span> <span class='ocrx_word' id='word_1_308' title='bbox 2962 2859 3091 2928; x_wconf 82' lang='grc' dir='ltr'>θείῳ</span> <span class='ocrx_word' id='word_1_309' title='bbox 3116 2861 3274 2931; x_wconf 85' lang='grc' dir='ltr'>πυρί·</span> <span class='ocrx_word' id='word_1_310' title='bbox 3306 2860 3449 2929; x_wconf 78' lang='grc' dir='ltr'>λέγω</span> <span class='ocrx_word' id='word_1_311' title='bbox 3477 2859 3537 2913; x_wconf 70' lang='grc' dir='ltr'>δὲ</span> <span class='ocrx_word' id='word_1_312' title='bbox 3577 2862 3608 2913; x_wconf 91' lang='lat'><strong>6</strong></span> <span class='ocrx_word' id='word_1_313' title='bbox 3632 2860 3740 2913; x_wconf 82' lang='grc' dir='ltr'><strong>τῶν</strong></span> 
     </span>
    </p>
   </div>
   <div class='ocr_carea' id='block_1_57' title="bbox 2152 2950 3742 3025">
    <p class='ocr_par' dir='ltr' id='par_1_57' title="bbox 2152 2950 3742 3025">
     <span class='ocr_line' id='line_1_57' title="bbox 2152 2950 3742 3025; baseline -0.001 -19"><span class='ocrx_word' id='word_1_314' title='bbox 2152 2954 2297 3006; x_wconf 76' lang='grc' dir='ltr'>ἰδίων</span> <span class='ocrx_word' id='word_1_315' title='bbox 2322 2953 2411 3024; x_wconf 77' lang='grc' dir='ltr'><strong>[Α.</strong></span> <span class='ocrx_word' id='word_1_316' title='bbox 2433 2950 2673 3025; x_wconf 80' lang='grc' dir='ltr'>οἰκείων]</span> <span class='ocrx_word' id='word_1_317' title='bbox 2714 2951 3051 3022; x_wconf 77' lang='grc' dir='ltr'>μακρισμὸς,</span> <span class='ocrx_word' id='word_1_318' title='bbox 3089 2953 3278 3006; x_wconf 80' lang='grc' dir='ltr'>σκοπῶ</span> <span class='ocrx_word' id='word_1_319' title='bbox 3313 2951 3610 3018; x_wconf 81' lang='grc' dir='ltr'>εὐτελείας,</span> <span class='ocrx_word' id='word_1_320' title='bbox 3645 2953 3742 3006; x_wconf 84' lang='grc' dir='ltr'>καὶ</span> 
     </span>
    </p>
   </div>
   <div class='ocr_carea' id='block_1_58' title="bbox 2151 3042 3740 3115">
    <p class='ocr_par' dir='ltr' id='par_1_58' title="bbox 2151 3042 3740 3115">
     <span class='ocr_line' id='line_1_58' title="bbox 2151 3042 3740 3115; baseline -0.001 -18"><span class='ocrx_word' id='word_1_321' title='bbox 2151 3042 2405 3113; x_wconf 76' lang='grc' dir='ltr'>θλίψεως,</span> <span class='ocrx_word' id='word_1_322' title='bbox 2442 3043 2888 3115; x_wconf 83' lang='grc' dir='ltr'>προτρεπόμενος</span> <span class='ocrx_word' id='word_1_323' title='bbox 2918 3045 3045 3107; x_wconf 74' lang='grc' dir='ltr'>τοὺς</span> <span class='ocrx_word' id='word_1_324' title='bbox 3085 3043 3322 3113; x_wconf 73' lang='grc' dir='ltr'>ἐραστὰς</span> <span class='ocrx_word' id='word_1_325' title='bbox 3366 3043 3462 3096; x_wconf 78' lang='grc' dir='ltr'>τοῦ</span> <span class='ocrx_word' id='word_1_326' title='bbox 3498 3042 3740 3097; x_wconf 86' lang='grc' dir='ltr'>τοιούτου</span> 
     </span>
    </p>
   </div>
   <div class='ocr_carea' id='block_1_59' title="bbox 2153 3135 3739 3208">
    <p class='ocr_par' dir='ltr' id='par_1_59' title="bbox 2153 3135 3739 3208">
     <span class='ocr_line' id='line_1_59' title="bbox 2153 3135 3739 3208; baseline -0.003 -16"><span class='ocrx_word' id='word_1_327' title='bbox 2153 3136 2342 3193; x_wconf 83' lang='grc' dir='ltr'>καλοῦ.</span> <span class='ocrx_word' id='word_1_328' title='bbox 2389 3137 2535 3208; x_wconf 84' lang='grc' dir='ltr'><strong>Πλὴν</strong></span> <span class='ocrx_word' id='word_1_329' title='bbox 2564 3136 2689 3190; x_wconf 86' lang='grc' dir='ltr'>καθ’</span> <span class='ocrx_word' id='word_1_330' title='bbox 2719 3137 2843 3190; x_wconf 80' lang='grc' dir='ltr'>ὅσον</span> <span class='ocrx_word' id='word_1_331' title='bbox 2897 3137 3073 3207; x_wconf 87' lang='grc' dir='ltr'>μέγας</span> <span class='ocrx_word' id='word_1_332' title='bbox 3113 3135 3209 3188; x_wconf 67' lang='grc' dir='ltr'><strong>καλ⁵</strong></span> <span class='ocrx_word' id='word_1_333' title='bbox 3250 3135 3562 3199; x_wconf 73' lang='grc' dir='ltr'>ἀξιέπαινός</span> <span class='ocrx_word' id='word_1_334' title='bbox 3601 3137 3739 3199; x_wconf 73' lang='grc' dir='ltr'>ἐστι,</span> 
     </span>
    </p>
   </div>
   <div class='ocr_carea' id='block_1_60' title="bbox 453 3211 3739 3307">
    <p class='ocr_par' dir='ltr' id='par_1_60' title="bbox 453 3211 3739 3307">
     <span class='ocr_line' id='line_1_60' title="bbox 453 3211 3739 3307; baseline -0.002 -24"><span class='ocrx_word' id='word_1_335' title='bbox 453 3216 538 3307; x_wconf 51' lang='lat' dir='ltr'><strong>“fi</strong></span> <span class='ocrx_word' id='word_1_336' title='bbox 590 3227 755 3283; x_wconf 66' lang='grc' dir='ltr'><strong>φησι</strong></span> <span class='ocrx_word' id='word_1_337' title='bbox 803 3212 989 3307; x_wconf 56' lang='grc' dir='ltr'><strong>ευξάίο</strong></span> <span class='ocrx_word' id='word_1_338' title='bbox 1042 3213 1260 3307; x_wconf 43' lang='grc' dir='ltr'><strong>ΡΥΟΡΓῘῘ-</strong></span> <span class='ocrx_word' id='word_1_339' title='bbox 1296 3221 1644 3307; x_wconf 58' lang='grc' dir='ltr'><strong>οθηίθξηῐξῑυε</strong></span> <span class='ocrx_word' id='word_1_340' title='bbox 1686 3221 1741 3267; x_wconf 66' lang='grc' dir='ltr'><strong>ει</strong></span> <span class='ocrx_word' id='word_1_341' title='bbox 1800 3211 2049 3307; x_wconf 32' lang='lat' dir='ltr'><strong>“me?”</strong></span> <span class='ocrx_word' id='word_1_342' title='bbox 2074 3248 2121 3307; x_wconf 69' lang='grc' dir='ltr'><strong>ρ</strong></span> <span class='ocrx_word' id='word_1_343' title='bbox 2153 3229 2297 3284; x_wconf 83' lang='grc' dir='ltr'>κατὰ</span> <span class='ocrx_word' id='word_1_344' title='bbox 2326 3229 2582 3282; x_wconf 79' lang='grc' dir='ltr'>τοσοῦτον</span> <span class='ocrx_word' id='word_1_345' title='bbox 2637 3227 2841 3299; x_wconf 82' lang='grc' dir='ltr'>πολλὴν</span> <span class='ocrx_word' id='word_1_346' title='bbox 2869 3227 2967 3281; x_wconf 74' lang='grc' dir='ltr'><strong>καὶ</strong></span> <span class='ocrx_word' id='word_1_347' title='bbox 3004 3227 3104 3297; x_wconf 77' lang='grc' dir='ltr'><strong>τὴν</strong></span> <span class='ocrx_word' id='word_1_348' title='bbox 3143 3227 3417 3297; x_wconf 80' lang='grc' dir='ltr'>διάκρισιν</span> <span class='ocrx_word' id='word_1_349' title='bbox 3456 3226 3739 3297; x_wconf 76' lang='grc' dir='ltr'>κέκτηται.</span> 
     </span>
    </p>
   </div>
   <div class='ocr_carea' id='block_1_61' title="bbox 455 3299 2049 3373">
    <p class='ocr_par' dir='ltr' id='par_1_61' title="bbox 455 3299 2049 3373">
     <span class='ocr_line' id='line_1_61' title="bbox 455 3299 2049 3373; baseline -0.003 -16"><span class='ocrx_word' id='word_1_350' title='bbox 455 3303 575 3367; x_wconf 78' lang='lat' dir='ltr'><strong>nis,</strong></span> <span class='ocrx_word' id='word_1_351' title='bbox 640 3316 752 3373; x_wconf 82' lang='lat' dir='ltr'><strong>quo</strong></span> <span class='ocrx_word' id='word_1_352' title='bbox 831 3302 897 3355; x_wconf 89' lang='lat' dir='ltr'><strong>ad</strong></span> <span class='ocrx_word' id='word_1_353' title='bbox 962 3310 1172 3355; x_wconf 88' lang='lat' dir='ltr'><strong>tantum</strong></span> <span class='ocrx_word' id='word_1_354' title='bbox 1229 3301 1390 3355; x_wconf 81' lang='lat' dir='ltr'><strong>decus</strong></span> <span class='ocrx_word' id='word_1_355' title='bbox 1459 3300 1551 3355; x_wconf 89' lang='lat' dir='ltr'><strong>Dei</strong></span> <span class='ocrx_word' id='word_1_356' title='bbox 1612 3308 1886 3354; x_wconf 84' lang='lat' dir='ltr'><strong>amatores</strong></span> <span class='ocrx_word' id='word_1_357' title='bbox 1943 3299 2049 3353; x_wconf 88' lang='lat' dir='ltr'><strong>im-</strong></span> 
     </span>
    </p>
   </div>
   <div class='ocr_carea' id='block_1_62' title="bbox 454 3388 2045 3464">
    <p class='ocr_par' dir='ltr' id='par_1_62' title="bbox 454 3388 2045 3464">
     <span class='ocr_line' id='line_1_62' title="bbox 454 3388 2045 3464; baseline -0.002 -18"><span class='ocrx_word' id='word_1_358' title='bbox 454 3394 750 3464; x_wconf 90' lang='lat' dir='ltr'><strong>pelluntur.</strong></span> <span class='ocrx_word' id='word_1_359' title='bbox 815 3389 948 3457; x_wconf 65' lang='lat' dir='ltr'><strong>Quae</strong></span> <span class='ocrx_word' id='word_1_360' title='bbox 1007 3391 1236 3460; x_wconf 65' lang='lat' dir='ltr'><strong>ttuidem</strong></span> <span class='ocrx_word' id='word_1_361' title='bbox 1300 3399 1505 3460; x_wconf 87' lang='lat' dir='ltr'><strong>quanto</strong></span> <span class='ocrx_word' id='word_1_362' title='bbox 1566 3388 1855 3445; x_wconf 85' lang='lat' dir='ltr'><strong>sublimior</strong></span> <span class='ocrx_word' id='word_1_363' title='bbox 1924 3397 2045 3455; x_wconf 90' lang='lat' dir='ltr'><strong>est,</strong></span> 
     </span>
    </p>
   </div>
   <div class='ocr_carea' id='block_1_63' title="bbox 404 3470 2050 3552">
    <p class='ocr_par' dir='ltr' id='par_1_63' title="bbox 404 3470 2050 3552">
     <span class='ocr_line' id='line_1_63' title="bbox 404 3470 2050 3552; baseline -0.002 -17"><span class='ocrx_word' id='word_1_364' title='bbox 404 3470 411 3477; x_wconf 79' lang='grc'><em>’</em></span> <span class='ocrx_word' id='word_1_365' title='bbox 461 3480 780 3552; x_wconf 83' lang='lat' dir='ltr'><strong>majoreque</strong></span> <span class='ocrx_word' id='word_1_366' title='bbox 835 3479 994 3534; x_wconf 83' lang='lat' dir='ltr'><strong>laude</strong></span> <span class='ocrx_word' id='word_1_367' title='bbox 1034 3479 1293 3549; x_wconf 87' lang='lat' dir='ltr'><strong>dignior,</strong></span> <span class='ocrx_word' id='word_1_368' title='bbox 1354 3488 1508 3534; x_wconf 84' lang='lat' dir='ltr'><strong>tanto</strong></span> <span class='ocrx_word' id='word_1_369' title='bbox 1580 3478 1791 3548; x_wconf 88' lang='lat' dir='ltr'><strong>majore</strong></span> <span class='ocrx_word' id='word_1_370' title='bbox 1840 3478 2050 3549; x_wconf 85' lang='lat' dir='ltr'><strong>judicio</strong></span> 
     </span>
    </p>
   </div>
   <div class='ocr_carea' id='block_1_64' title="bbox 457 3570 2051 3643">
    <p class='ocr_par' dir='ltr' id='par_1_64' title="bbox 457 3570 2051 3643">
     <span class='ocr_line' id='line_1_64' title="bbox 457 3570 2051 3643; baseline -0.001 -13"><span class='ocrx_word' id='word_1_371' title='bbox 457 3583 514 3630; x_wconf 88' lang='lat' dir='ltr'><strong>et</strong></span> <span class='ocrx_word' id='word_1_372' title='bbox 571 3572 861 3643; x_wconf 88' lang='lat' dir='ltr'><strong>prudentia</strong></span> <span class='ocrx_word' id='word_1_373' title='bbox 894 3571 1123 3643; x_wconf 75' lang='lat' dir='ltr'><strong>indiget.</strong></span> <span class='ocrx_word' id='word_1_374' title='bbox 1171 3570 1357 3641; x_wconf 80' lang='lat' dir='ltr'><strong>Neque</strong></span> <span class='ocrx_word' id='word_1_375' title='bbox 1390 3573 1537 3629; x_wconf 88' lang='lat' dir='ltr'><strong>enim</strong></span> <span class='ocrx_word' id='word_1_376' title='bbox 1592 3572 1773 3628; x_wconf 91' lang='lat' dir='ltr'><strong>omnis</strong></span> <span class='ocrx_word' id='word_1_377' title='bbox 1812 3574 2051 3628; x_wconf 86' lang='lat' dir='ltr'><strong>secessio</strong></span> 
     </span>
    </p>
   </div>
   <div class='ocr_carea' id='block_1_65' title="bbox 457 3661 2047 3734">
    <p class='ocr_par' dir='ltr' id='par_1_65' title="bbox 457 3661 2047 3734">
     <span class='ocr_line' id='line_1_65' title="bbox 457 3661 2047 3734; baseline -0.001 -17"><span class='ocrx_word' id='word_1_378' title='bbox 457 3678 663 3734; x_wconf 86' lang='lat' dir='ltr'><strong>magno</strong></span> <span class='ocrx_word' id='word_1_379' title='bbox 732 3661 899 3716; x_wconf 91' lang='lat' dir='ltr'><strong>animi</strong></span> <span class='ocrx_word' id='word_1_380' title='bbox 953 3661 1157 3730; x_wconf 89' lang='lat' dir='ltr'><strong>impetu</strong></span> <span class='ocrx_word' id='word_1_381' title='bbox 1217 3661 1358 3716; x_wconf 87' lang='lat' dir='ltr'><strong>iacta</strong></span> <span class='ocrx_word' id='word_1_382' title='bbox 1411 3662 1693 3732; x_wconf 88' lang='lat' dir='ltr'><strong>probanda</strong></span> <span class='ocrx_word' id='word_1_383' title='bbox 1751 3671 1853 3718; x_wconf 87' lang='lat' dir='ltr'><strong>est.</strong></span> <span class='ocrx_word' id='word_1_384' title='bbox 1913 3663 2047 3717; x_wconf 83' lang='lat' dir='ltr'><strong>Nam</strong></span> 
     </span>
    </p>
   </div>
   <div class='ocr_carea' id='block_1_66' title="bbox 459 3752 2049 3825">
    <p class='ocr_par' dir='ltr' id='par_1_66' title="bbox 459 3752 2049 3825">
     <span class='ocr_line' id='line_1_66' title="bbox 459 3752 2049 3825; baseline 0 -15"><span class='ocrx_word' id='word_1_385' title='bbox 459 3755 529 3820; x_wconf 77' lang='lat' dir='ltr'><strong>si,</strong></span> <span class='ocrx_word' id='word_1_386' title='bbox 598 3762 736 3809; x_wconf 87' lang='lat' dir='ltr'><strong>teste</strong></span> <span class='ocrx_word' id='word_1_387' title='bbox 794 3752 1029 3807; x_wconf 90' lang='lat' dir='ltr'><strong>Domino</strong></span> <span class='ocrx_word' id='word_1_388' title='bbox 1086 3753 1153 3814; x_wconf 79' lang='grc'><strong>³⁵.</strong></span> <span class='ocrx_word' id='word_1_389' title='bbox 1216 3753 1399 3810; x_wconf 90' lang='lat' dir='ltr'><strong>nullus</strong></span> <span class='ocrx_word' id='word_1_390' title='bbox 1446 3753 1499 3808; x_wconf 90' lang='lat' dir='ltr'><strong>in</strong></span> <span class='ocrx_word' id='word_1_391' title='bbox 1549 3753 1725 3824; x_wconf 89' lang='lat' dir='ltr'><strong>patria</strong></span> <span class='ocrx_word' id='word_1_392' title='bbox 1788 3755 2049 3825; x_wconf 84' lang='lat' dir='ltr'><strong>propheta</strong></span> 
     </span>
    </p>
   </div>
   <div class='ocr_carea' id='block_1_67' title="bbox 464 3845 2053 3918">
    <p class='ocr_par' dir='ltr' id='par_1_67' title="bbox 464 3845 2053 3918">
     <span class='ocr_line' id='line_1_67' title="bbox 464 3845 2053 3918; baseline 0.001 -17"><span class='ocrx_word' id='word_1_393' title='bbox 464 3860 578 3901; x_wconf 89' lang='lat' dir='ltr'><strong>non</strong></span> <span class='ocrx_word' id='word_1_394' title='bbox 622 3846 1017 3911; x_wconf 88' lang='lat' dir='ltr'><strong>contemnitur,</strong></span> <span class='ocrx_word' id='word_1_395' title='bbox 1074 3845 1371 3901; x_wconf 78' lang='lat' dir='ltr'><strong>videndum</strong></span> <span class='ocrx_word' id='word_1_396' title='bbox 1421 3855 1507 3902; x_wconf 93' lang='lat' dir='ltr'><strong>est</strong></span> <span class='ocrx_word' id='word_1_397' title='bbox 1554 3862 1625 3902; x_wconf 87' lang='lat' dir='ltr'><strong>ne</strong></span> <span class='ocrx_word' id='word_1_398' title='bbox 1659 3846 1915 3918; x_wconf 79' lang='lat' dir='ltr'><strong>fugiendo</strong></span> <span class='ocrx_word' id='word_1_399' title='bbox 1957 3864 2053 3917; x_wconf 90' lang='lat' dir='ltr'><strong>pa-</strong></span> 
     </span>
    </p>
   </div>
   <div class='ocr_carea' id='block_1_68' title="bbox 463 3941 2052 4014">
    <p class='ocr_par' dir='ltr' id='par_1_68' title="bbox 463 3941 2052 4014">
     <span class='ocr_line' id='line_1_68' title="bbox 463 3941 2052 4014; baseline 0.001 -19"><span class='ocrx_word' id='word_1_400' title='bbox 463 3941 625 3997; x_wconf 87' lang='lat' dir='ltr'><strong>triam</strong></span> <span class='ocrx_word' id='word_1_401' title='bbox 655 3984 671 4011; x_wconf 91' lang='lat'><strong>,</strong></span> <span class='ocrx_word' id='word_1_402' title='bbox 712 3941 948 4013; x_wconf 85' lang='lat' dir='ltr'><strong>patriam</strong></span> <span class='ocrx_word' id='word_1_403' title='bbox 1008 3956 1342 4012; x_wconf 78' lang='lat' dir='ltr'><strong>quaeramus,</strong></span> <span class='ocrx_word' id='word_1_404' title='bbox 1406 3942 1512 3998; x_wconf 89' lang='lat' dir='ltr'><strong>hoc</strong></span> <span class='ocrx_word' id='word_1_405' title='bbox 1558 3950 1645 3998; x_wconf 87' lang='lat' dir='ltr'><strong>est</strong></span> <span class='ocrx_word' id='word_1_406' title='bbox 1685 3959 1838 3998; x_wconf 65' lang='lat' dir='ltr'><strong>vanae</strong></span> <span class='ocrx_word' id='word_1_407' title='bbox 1864 3944 2052 4014; x_wconf 74' lang='lat' dir='ltr'><strong>gloriae</strong></span> 
     </span>
    </p>
   </div>
   <div class='ocr_carea' id='block_1_69' title="bbox 462 4034 2051 4106">
    <p class='ocr_par' dir='ltr' id='par_1_69' title="bbox 462 4034 2051 4106">
     <span class='ocr_line' id='line_1_69' title="bbox 462 4034 2051 4106; baseline 0.002 -15"><span class='ocrx_word' id='word_1_408' title='bbox 462 4044 701 4106; x_wconf 79' lang='lat' dir='ltr'><strong>segetem</strong></span> <span class='ocrx_word' id='word_1_409' title='bbox 762 4048 1051 4092; x_wconf 88' lang='lat' dir='ltr'><strong>metamus.</strong></span> <span class='ocrx_word' id='word_1_410' title='bbox 1114 4034 1213 4093; x_wconf 88' lang='lat' dir='ltr'><strong>Est</strong></span> <span class='ocrx_word' id='word_1_411' title='bbox 1257 4037 1405 4091; x_wconf 89' lang='lat' dir='ltr'><strong>enim</strong></span> <span class='ocrx_word' id='word_1_412' title='bbox 1448 4052 1705 4093; x_wconf 88' lang='lat' dir='ltr'><strong>secessus</strong></span> <span class='ocrx_word' id='word_1_413' title='bbox 1777 4037 1865 4093; x_wconf 90' lang='lat' dir='ltr'><strong>hie</strong></span> <span class='ocrx_word' id='word_1_414' title='bbox 1914 4039 2051 4094; x_wconf 87' lang='lat' dir='ltr'><strong>nihil</strong></span> 
     </span>
    </p>
   </div>
   <div class='ocr_carea' id='block_1_70' title="bbox 461 4131 2052 4204">
    <p class='ocr_par' dir='ltr' id='par_1_70' title="bbox 461 4131 2052 4204">
     <span class='ocr_line' id='line_1_70' title="bbox 461 4131 2052 4204; baseline 0.003 -18"><span class='ocrx_word' id='word_1_415' title='bbox 461 4132 649 4204; x_wconf 86' lang='lat' dir='ltr'><strong>aliud,</strong></span> <span class='ocrx_word' id='word_1_416' title='bbox 713 4148 878 4204; x_wconf 88' lang='lat' dir='ltr'><strong>quam</strong></span> <span class='ocrx_word' id='word_1_417' title='bbox 933 4141 994 4187; x_wconf 91' lang='lat' dir='ltr'><strong>ut</strong></span> <span class='ocrx_word' id='word_1_418' title='bbox 1048 4132 1382 4202; x_wconf 85' lang='lat' dir='ltr'><strong>cogitatione</strong></span> <span class='ocrx_word' id='word_1_419' title='bbox 1427 4131 1496 4186; x_wconf 90' lang='lat' dir='ltr'><strong>ab</strong></span> <span class='ocrx_word' id='word_1_420' title='bbox 1564 4131 1730 4187; x_wconf 87' lang='lat' dir='ltr'><strong>rebus</strong></span> <span class='ocrx_word' id='word_1_421' title='bbox 1795 4134 2052 4190; x_wconf 90' lang='lat' dir='ltr'><strong>omnibus</strong></span> 
     </span>
    </p>
   </div>
   <div class='ocr_carea' id='block_1_71' title="bbox 462 4226 2052 4297">
    <p class='ocr_par' dir='ltr' id='par_1_71' title="bbox 462 4226 2052 4297">
     <span class='ocr_line' id='line_1_71' title="bbox 462 4226 2052 4297; baseline -0.003 -14"><span class='ocrx_word' id='word_1_422' title='bbox 462 4227 775 4296; x_wconf 86' lang='lat' dir='ltr'><strong>separeris,</strong></span> <span class='ocrx_word' id='word_1_423' title='bbox 818 4241 919 4297; x_wconf 93' lang='lat' dir='ltr'><strong>pro</strong></span> <span class='ocrx_word' id='word_1_424' title='bbox 950 4241 1017 4282; x_wconf 93' lang='lat' dir='ltr'><strong>eo</strong></span> <span class='ocrx_word' id='word_1_425' title='bbox 1058 4226 1204 4297; x_wconf 89' lang='lat' dir='ltr'><strong>quod</strong></span> <span class='ocrx_word' id='word_1_426' title='bbox 1259 4241 1414 4280; x_wconf 90' lang='lat' dir='ltr'><strong>mens</strong></span> <span class='ocrx_word' id='word_1_427' title='bbox 1468 4235 1561 4280; x_wconf 86' lang='lat' dir='ltr'><strong>tua</strong></span> <span class='ocrx_word' id='word_1_428' title='bbox 1615 4241 1725 4281; x_wconf 90' lang='lat' dir='ltr'><strong>non</strong></span> <span class='ocrx_word' id='word_1_429' title='bbox 1768 4235 2052 4297; x_wconf 86' lang='lat' dir='ltr'><strong>separatur</strong></span> 
     </span>
    </p>
   </div>
   <div class='ocr_carea' id='block_1_72' title="bbox 461 4316 2054 4391">
    <p class='ocr_par' dir='ltr' id='par_1_72' title="bbox 461 4316 2054 4391">
     <span class='ocr_line' id='line_1_72' title="bbox 461 4316 2054 4391; baseline 0.001 -18"><span class='ocrx_word' id='word_1_430' title='bbox 461 4335 493 4373; x_wconf 88' lang='lat' dir='ltr'><strong>a</strong></span> <span class='ocrx_word' id='word_1_431' title='bbox 536 4316 668 4373; x_wconf 87' lang='lat' dir='ltr'><strong>Deo.</strong></span> <span class='ocrx_word' id='word_1_432' title='bbox 728 4316 856 4375; x_wconf 79' lang='lat' dir='ltr'><strong>Haec</strong></span> <span class='ocrx_word' id='word_1_433' title='bbox 900 4318 1266 4391; x_wconf 87' lang='lat' dir='ltr'><strong>peregrinatio</strong></span> <span class='ocrx_word' id='word_1_434' title='bbox 1305 4328 1423 4386; x_wconf 84' lang='lat' dir='ltr'><strong>est,</strong></span> <span class='ocrx_word' id='word_1_435' title='bbox 1459 4318 1665 4375; x_wconf 89' lang='lat' dir='ltr'><strong>assidui</strong></span> <span class='ocrx_word' id='word_1_436' title='bbox 1718 4318 1897 4375; x_wconf 89' lang='lat' dir='ltr'><strong>luctus</strong></span> <span class='ocrx_word' id='word_1_437' title='bbox 1941 4320 2054 4376; x_wconf 90' lang='lat' dir='ltr'><strong>cul-</strong></span> 
     </span>
    </p>
   </div>
   <div class='ocr_carea' id='block_1_73' title="bbox 465 4409 2052 4481">
    <p class='ocr_par' dir='ltr' id='par_1_73' title="bbox 465 4409 2052 4481">
     <span class='ocr_line' id='line_1_73' title="bbox 465 4409 2052 4481; baseline 0 -16"><span class='ocrx_word' id='word_1_438' title='bbox 465 4410 569 4465; x_wconf 81' lang='lat' dir='ltr'><strong>trix</strong></span> <span class='ocrx_word' id='word_1_439' title='bbox 617 4418 673 4465; x_wconf 90' lang='lat' dir='ltr'><strong>et</strong></span> <span class='ocrx_word' id='word_1_440' title='bbox 713 4409 980 4467; x_wconf 76' lang='lat' dir='ltr'><strong>effectrix.</strong></span> <span class='ocrx_word' id='word_1_441' title='bbox 1024 4409 1353 4480; x_wconf 84' lang='lat' dir='ltr'><strong>Peregrinus</strong></span> <span class='ocrx_word' id='word_1_442' title='bbox 1412 4421 1515 4475; x_wconf 89' lang='lat' dir='ltr'><strong>est,</strong></span> <span class='ocrx_word' id='word_1_443' title='bbox 1571 4411 1664 4481; x_wconf 79' lang='lat' dir='ltr'><strong>qui</strong></span> <span class='ocrx_word' id='word_1_444' title='bbox 1705 4427 1923 4468; x_wconf 89' lang='lat' dir='ltr'><strong>omnem</strong></span> <span class='ocrx_word' id='word_1_445' title='bbox 1983 4410 2052 4465; x_wconf 88' lang='lat' dir='ltr'><strong>ad</strong></span> 
     </span>
    </p>
   </div>
   <div class='ocr_carea' id='block_1_74' title="bbox 462 4504 2051 4578">
    <p class='ocr_par' dir='ltr' id='par_1_74' title="bbox 462 4504 2051 4578">
     <span class='ocr_line' id='line_1_74' title="bbox 462 4504 2051 4578; baseline 0.001 -21"><span class='ocrx_word' id='word_1_446' title='bbox 462 4519 585 4568; x_wconf 86' lang='lat' dir='ltr'><strong>sua,</strong></span> <span class='ocrx_word' id='word_1_447' title='bbox 621 4511 675 4558; x_wconf 92' lang='lat' dir='ltr'><strong>et</strong></span> <span class='ocrx_word' id='word_1_448' title='bbox 705 4504 882 4559; x_wconf 86' lang='lat' dir='ltr'><strong>aliena</strong></span> <span class='ocrx_word' id='word_1_449' title='bbox 928 4504 1183 4561; x_wconf 75' lang='lat' dir='ltr'><strong>allectum</strong></span> <span class='ocrx_word' id='word_1_450' title='bbox 1235 4505 1388 4578; x_wconf 78' lang='lat' dir='ltr'><strong>fugit.</strong></span> <span class='ocrx_word' id='word_1_451' title='bbox 1422 4504 1542 4574; x_wconf 87' lang='lat' dir='ltr'><strong>Tu(</strong></span> <span class='ocrx_word' id='word_1_452' title='bbox 1568 4506 1660 4576; x_wconf 91' lang='lat' dir='ltr'><strong>qui</strong></span> <span class='ocrx_word' id='word_1_453' title='bbox 1701 4505 2051 4561; x_wconf 86' lang='lat' dir='ltr'><strong>solitudinem</strong></span> 
     </span>
    </p>
   </div>
   <div class='ocr_carea' id='block_1_75' title="bbox 2158 3316 3744 3393">
    <p class='ocr_par' dir='ltr' id='par_1_75' title="bbox 2158 3316 3744 3393">
     <span class='ocr_line' id='line_1_75' title="bbox 2158 3316 3744 3393; baseline -0.004 -16"><span class='ocrx_word' id='word_1_454' title='bbox 2158 3323 2235 3377; x_wconf 80' lang='grc' dir='ltr'><strong>Οὐ</strong></span> <span class='ocrx_word' id='word_1_455' title='bbox 2260 3322 2368 3393; x_wconf 80' lang='grc' dir='ltr'><strong>γὰρ</strong></span> <span class='ocrx_word' id='word_1_456' title='bbox 2393 3322 2543 3376; x_wconf 80' lang='grc' dir='ltr'>πᾶσα</span> <span class='ocrx_word' id='word_1_457' title='bbox 2567 3321 2642 3393; x_wconf 74' lang='grc'><strong>(2)</strong></span> <span class='ocrx_word' id='word_1_458' title='bbox 2675 3322 2909 3387; x_wconf 82' lang='grc' dir='ltr'>ξενιτεία</span> <span class='ocrx_word' id='word_1_459' title='bbox 2934 3320 3119 3392; x_wconf 79' lang='grc' dir='ltr'>ἄκρως</span> <span class='ocrx_word' id='word_1_460' title='bbox 3148 3320 3414 3389; x_wconf 76' lang='grc' dir='ltr'>γενομένη</span> <span class='ocrx_word' id='word_1_461' title='bbox 3437 3316 3744 3391; x_wconf 72' lang='grc' dir='ltr'>[γινομένη]</span> 
     </span>
    </p>
   </div>
   <div class='ocr_carea' id='block_1_76' title="bbox 2158 3410 3740 3486">
    <p class='ocr_par' dir='ltr' id='par_1_76' title="bbox 2158 3410 3740 3486">
     <span class='ocr_line' id='line_1_76' title="bbox 2158 3410 3740 3486; baseline -0.005 -17"><span class='ocrx_word' id='word_1_462' title='bbox 2158 3416 2300 3486; x_wconf 76' lang='grc' dir='ltr'>καλή</span> <span class='ocrx_word' id='word_1_463' title='bbox 2329 3431 2342 3445; x_wconf 89' lang='grc'><strong>·</strong></span> <span class='ocrx_word' id='word_1_464' title='bbox 2384 3417 2433 3468; x_wconf 82' lang='grc' dir='ltr'>εἰ</span> <span class='ocrx_word' id='word_1_465' title='bbox 2468 3416 2572 3477; x_wconf 82' lang='grc' dir='ltr'><strong>πᾶς</strong></span> <span class='ocrx_word' id='word_1_466' title='bbox 2610 3415 2898 3486; x_wconf 81' lang='grc' dir='ltr'>προφήτης</span> <span class='ocrx_word' id='word_1_467' title='bbox 2939 3414 3134 3483; x_wconf 78' lang='grc' dir='ltr'>ἄτιμος</span> <span class='ocrx_word' id='word_1_468' title='bbox 3169 3415 3226 3466; x_wconf 79' lang='grc' dir='ltr'><strong>ἐν</strong></span> <span class='ocrx_word' id='word_1_469' title='bbox 3263 3415 3328 3483; x_wconf 80' lang='grc' dir='ltr'>τῇ</span> <span class='ocrx_word' id='word_1_470' title='bbox 3364 3412 3471 3483; x_wconf 79' lang='grc' dir='ltr'>ἰδίᾳ</span> <span class='ocrx_word' id='word_1_471' title='bbox 3501 3410 3740 3481; x_wconf 83' lang='grc' dir='ltr'>πατρίδι,</span> 
     </span>
    </p>
   </div>
   <div class='ocr_carea' id='block_1_77' title="bbox 2157 3502 3743 3578">
    <p class='ocr_par' dir='ltr' id='par_1_77' title="bbox 2157 3502 3743 3578">
     <span class='ocr_line' id='line_1_77' title="bbox 2157 3502 3743 3578; baseline -0.004 -17"><span class='ocrx_word' id='word_1_472' title='bbox 2157 3505 2233 3570; x_wconf 85' lang='grc' dir='ltr'>ὥς</span> <span class='ocrx_word' id='word_1_473' title='bbox 2262 3523 2429 3578; x_wconf 83' lang='grc' dir='ltr'>φησιν</span> <span class='ocrx_word' id='word_1_474' title='bbox 2459 3509 2487 3561; x_wconf 90' lang='lat'><strong>6</strong></span> <span class='ocrx_word' id='word_1_475' title='bbox 2521 3505 2746 3577; x_wconf 78' lang='grc' dir='ltr'>Κύριος,</span> <span class='ocrx_word' id='word_1_476' title='bbox 2806 3507 3174 3576; x_wconf 81' lang='grc' dir='ltr'>σκοπήσωμεν</span> <span class='ocrx_word' id='word_1_477' title='bbox 3231 3505 3305 3574; x_wconf 88' lang='grc' dir='ltr'>μή</span> <span class='ocrx_word' id='word_1_478' title='bbox 3356 3521 3472 3566; x_wconf 86' lang='grc' dir='ltr'><strong>πως</strong></span> <span class='ocrx_word' id='word_1_479' title='bbox 3519 3502 3743 3573; x_wconf 80' lang='grc' dir='ltr'>γένηται</span> 
     </span>
    </p>
   </div>
   <div class='ocr_carea' id='block_1_78' title="bbox 2158 3593 3744 3670">
    <p class='ocr_par' dir='ltr' id='par_1_78' title="bbox 2158 3593 3744 3670">
     <span class='ocr_line' id='line_1_78' title="bbox 2158 3593 3744 3670; baseline -0.006 -17"><span class='ocrx_word' id='word_1_480' title='bbox 2158 3601 2291 3670; x_wconf 78' lang='grc' dir='ltr'>ἡμῖν</span> <span class='ocrx_word' id='word_1_481' title='bbox 2316 3595 2547 3664; x_wconf 77' lang='grc' dir='ltr'>ξενιτεία</span> <span class='ocrx_word' id='word_1_482' title='bbox 2570 3595 2872 3662; x_wconf 79' lang='grc' dir='ltr'>κενοδοξίας</span> <span class='ocrx_word' id='word_1_483' title='bbox 2900 3595 3177 3658; x_wconf 83' lang='grc' dir='ltr'>ὑπόθεσις.</span> <span class='ocrx_word' id='word_1_484' title='bbox 3200 3593 3444 3647; x_wconf 82' lang='grc' dir='ltr'>Ξενιτεία</span> <span class='ocrx_word' id='word_1_485' title='bbox 3465 3593 3575 3664; x_wconf 86' lang='grc' dir='ltr'>γάρ</span> <span class='ocrx_word' id='word_1_486' title='bbox 3601 3594 3744 3645; x_wconf 78' lang='grc' dir='ltr'>ἐστιν</span> 
     </span>
    </p>
   </div>
   <div class='ocr_carea' id='block_1_79' title="bbox 2157 3684 3743 3762">
    <p class='ocr_par' dir='ltr' id='par_1_79' title="bbox 2157 3684 3743 3762">
     <span class='ocr_line' id='line_1_79' title="bbox 2157 3684 3743 3762; baseline -0.006 -17"><span class='ocrx_word' id='word_1_487' title='bbox 2157 3692 2187 3744; x_wconf 87' lang='lat'><strong>6</strong></span> <span class='ocrx_word' id='word_1_488' title='bbox 2219 3692 2297 3762; x_wconf 82' lang='grc'><strong>(5)</strong></span> <span class='ocrx_word' id='word_1_489' title='bbox 2326 3691 2545 3743; x_wconf 81' lang='grc' dir='ltr'>πάντων</span> <span class='ocrx_word' id='word_1_490' title='bbox 2574 3688 2873 3759; x_wconf 81' lang='grc' dir='ltr'>χωρισμὸς,</span> <span class='ocrx_word' id='word_1_491' title='bbox 2902 3687 2990 3742; x_wconf 83' lang='grc' dir='ltr'>διὰ</span> <span class='ocrx_word' id='word_1_492' title='bbox 3016 3687 3078 3741; x_wconf 73' lang='grc' dir='ltr'>τὸ</span> <span class='ocrx_word' id='word_1_493' title='bbox 3110 3688 3203 3741; x_wconf 72' lang='grc' dir='ltr'>τὸν</span> <span class='ocrx_word' id='word_1_494' title='bbox 3237 3686 3496 3757; x_wconf 81' lang='grc' dir='ltr'>λογισμὸν</span> <span class='ocrx_word' id='word_1_495' title='bbox 3521 3684 3743 3753; x_wconf 77' lang='grc' dir='ltr'>ποιῆσαι</span> 
     </span>
    </p>
   </div>
   <div class='ocr_carea' id='block_1_80' title="bbox 2159 3776 3744 3853">
    <p class='ocr_par' dir='ltr' id='par_1_80' title="bbox 2159 3776 3744 3853">
     <span class='ocr_line' id='line_1_80' title="bbox 2159 3776 3744 3853; baseline -0.004 -18"><span class='ocrx_word' id='word_1_496' title='bbox 2159 3782 2297 3837; x_wconf 76' lang='grc' dir='ltr'>Θεοῦ</span> <span class='ocrx_word' id='word_1_497' title='bbox 2319 3781 2640 3853; x_wconf 86' lang='grc' dir='ltr'>ἀχώριστον.</span> <span class='ocrx_word' id='word_1_498' title='bbox 2672 3781 2918 3834; x_wconf 83' lang='grc' dir='ltr'>Ξενιτεία</span> <span class='ocrx_word' id='word_1_499' title='bbox 2941 3780 3091 3833; x_wconf 75' lang='grc' dir='ltr'>ἐστὶν</span> <span class='ocrx_word' id='word_1_500' title='bbox 3108 3779 3492 3850; x_wconf 80' lang='grc' dir='ltr'>ἀνεμπλήστου</span> <span class='ocrx_word' id='word_1_501' title='bbox 3517 3776 3744 3838; x_wconf 78' lang='grc' dir='ltr'>πένθους</span> 
     </span>
    </p>
   </div>
   <div class='ocr_carea' id='block_1_81' title="bbox 2159 3867 3746 3945">
    <p class='ocr_par' dir='ltr' id='par_1_81' title="bbox 2159 3867 3746 3945">
     <span class='ocr_line' id='line_1_81' title="bbox 2159 3867 3746 3945; baseline -0.005 -18"><span class='ocrx_word' id='word_1_502' title='bbox 2159 3873 2421 3945; x_wconf 77' lang='grc' dir='ltr'>ἐραστὴς,</span> <span class='ocrx_word' id='word_1_503' title='bbox 2441 3874 2535 3926; x_wconf 77' lang='grc' dir='ltr'>καὶ</span> <span class='ocrx_word' id='word_1_504' title='bbox 2564 3873 2803 3943; x_wconf 82' lang='grc' dir='ltr'>ἐργάτης</span> <span class='ocrx_word' id='word_1_505' title='bbox 2825 3872 2925 3940; x_wconf 74' lang='grc'><strong>(4).</strong></span> <span class='ocrx_word' id='word_1_506' title='bbox 2954 3869 3118 3935; x_wconf 82' lang='grc' dir='ltr'>Ξένος</span> <span class='ocrx_word' id='word_1_507' title='bbox 3146 3871 3295 3923; x_wconf 74' lang='grc' dir='ltr'>ἐστὶν</span> <span class='ocrx_word' id='word_1_508' title='bbox 3316 3871 3344 3923; x_wconf 89' lang='lat'><strong>6</strong></span> <span class='ocrx_word' id='word_1_509' title='bbox 3375 3869 3559 3940; x_wconf 80' lang='grc' dir='ltr'>πάσης</span> <span class='ocrx_word' id='word_1_510' title='bbox 3601 3867 3746 3922; x_wconf 82' lang='grc' dir='ltr'>ἰδίων</span> 
     </span>
    </p>
   </div>
   <div class='ocr_carea' id='block_1_82' title="bbox 2160 3959 3747 4036">
    <p class='ocr_par' dir='ltr' id='par_1_82' title="bbox 2160 3959 3747 4036">
     <span class='ocr_line' id='line_1_82' title="bbox 2160 3959 3747 4036; baseline -0.006 -17"><span class='ocrx_word' id='word_1_511' title='bbox 2160 3966 2255 4019; x_wconf 72' lang='grc' dir='ltr'>καὶ</span> <span class='ocrx_word' id='word_1_512' title='bbox 2286 3965 2586 4036; x_wconf 77' lang='grc' dir='ltr'>ἀλλοτρίων</span> <span class='ocrx_word' id='word_1_513' title='bbox 2615 3963 2855 4033; x_wconf 80' lang='grc' dir='ltr'>σχέσεως</span> <span class='ocrx_word' id='word_1_514' title='bbox 2888 3963 3087 4031; x_wconf 74' lang='grc' dir='ltr'>φυγάς.</span> <span class='ocrx_word' id='word_1_515' title='bbox 3140 3962 3233 4032; x_wconf 81' lang='grc' dir='ltr'>Μὴ</span> <span class='ocrx_word' id='word_1_516' title='bbox 3262 3961 3501 4031; x_wconf 81' lang='grc' dir='ltr'>ἀνάμενε</span> <span class='ocrx_word' id='word_1_517' title='bbox 3527 3960 3620 4012; x_wconf 72' lang='grc' dir='ltr'>ἐπὶ</span> <span class='ocrx_word' id='word_1_518' title='bbox 3646 3959 3747 4031; x_wconf 75' lang='grc' dir='ltr'><strong>τὴν</strong></span> 
     </span>
    </p>
   </div>
   <div class='ocr_carea' id='block_1_83' title="bbox 2164 4051 3749 4129">
    <p class='ocr_par' dir='ltr' id='par_1_83' title="bbox 2164 4051 3749 4129">
     <span class='ocr_line' id='line_1_83' title="bbox 2164 4051 3749 4129; baseline -0.005 -18"><span class='ocrx_word' id='word_1_519' title='bbox 2164 4057 2376 4129; x_wconf 87' lang='grc' dir='ltr'>μονίαν,</span> <span class='ocrx_word' id='word_1_520' title='bbox 2413 4057 2446 4128; x_wconf 83' lang='grc' dir='ltr'>ἢ</span> <span class='ocrx_word' id='word_1_521' title='bbox 2497 4057 2591 4109; x_wconf 78' lang='grc' dir='ltr'><strong>ὲπὶ</strong></span> <span class='ocrx_word' id='word_1_522' title='bbox 2635 4055 2736 4126; x_wconf 83' lang='grc' dir='ltr'>τὴν</span> <span class='ocrx_word' id='word_1_523' title='bbox 2777 4053 3045 4119; x_wconf 80' lang='grc' dir='ltr'>ξενιτείαν</span> <span class='ocrx_word' id='word_1_524' title='bbox 3089 4053 3445 4124; x_wconf 86' lang='grc' dir='ltr'>ἐπειγόμενος</span> <span class='ocrx_word' id='word_1_525' title='bbox 3472 4053 3570 4115; x_wconf 87' lang='grc' dir='ltr'>τὰς</span> <span class='ocrx_word' id='word_1_526' title='bbox 3598 4051 3749 4120; x_wconf 83' lang='grc' dir='ltr'>φιλο-</span> 
     </span>
    </p>
   </div>
   <div class='ocr_carea' id='block_1_84' title="bbox 2161 4141 3745 4220">
    <p class='ocr_par' dir='ltr' id='par_1_84' title="bbox 2161 4141 3745 4220">
     <span class='ocr_line' id='line_1_84' title="bbox 2161 4141 3745 4220; baseline -0.006 -16"><span class='ocrx_word' id='word_1_527' title='bbox 2161 4150 2402 4220; x_wconf 86' lang='grc' dir='ltr'>κόσμους</span> <span class='ocrx_word' id='word_1_528' title='bbox 2459 4148 2636 4219; x_wconf 78' lang='grc' dir='ltr'>ψυχάς</span> <span class='ocrx_word' id='word_1_529' title='bbox 2659 4161 2673 4175; x_wconf 82' lang='lat'><strong><em>°</em></strong></span> <span class='ocrx_word' id='word_1_530' title='bbox 2739 4146 2807 4200; x_wconf 79' lang='grc' dir='ltr'>δι’</span> <span class='ocrx_word' id='word_1_531' title='bbox 2853 4146 2937 4200; x_wconf 83' lang='grc' dir='ltr'>ὅτι</span> <span class='ocrx_word' id='word_1_532' title='bbox 2993 4147 3023 4199; x_wconf 86' lang='lat'><strong>6</strong></span> <span class='ocrx_word' id='word_1_533' title='bbox 3073 4145 3315 4215; x_wconf 82' lang='grc' dir='ltr'>κλέπτης</span> <span class='ocrx_word' id='word_1_534' title='bbox 3361 4141 3745 4211; x_wconf 83' lang='grc' dir='ltr'>ἁνυπονόητος.</span> 
     </span>
    </p>
   </div>
   <div class='ocr_carea' id='block_1_85' title="bbox 2161 4220 3747 4307">
    <p class='ocr_par' dir='ltr' id='par_1_85' title="bbox 2161 4220 3747 4307">
     <span class='ocr_line' id='line_1_85' title="bbox 2161 4220 3747 4307; baseline -0.009 -12"><span class='ocrx_word' id='word_1_535' title='bbox 2161 4240 2358 4295; x_wconf 57' lang='grc' dir='ltr'><strong>Πολλοὶ⁵</strong></span> <span class='ocrx_word' id='word_1_536' title='bbox 2400 4239 2681 4292; x_wconf 84' lang='grc' dir='ltr'>συσσῶσαι</span> <span class='ocrx_word' id='word_1_537' title='bbox 2727 4234 3084 4307; x_wconf 83' lang='grc' dir='ltr'>πειραθέντες</span> <span class='ocrx_word' id='word_1_538' title='bbox 3135 4220 3417 4305; x_wconf 74' lang='grc' dir='ltr'>ῥᾳθύμους</span> <span class='ocrx_word' id='word_1_539' title='bbox 3460 4231 3551 4284; x_wconf 70' lang='grc' dir='ltr'><strong>καὶ</strong></span> <span class='ocrx_word' id='word_1_540' title='bbox 3585 4229 3747 4298; x_wconf 84' lang='grc' dir='ltr'>ὀκνη-</span> 
     </span>
    </p>
   </div>
   <div class='ocr_carea' id='block_1_86' title="bbox 2163 4320 3749 4407">
    <p class='ocr_par' dir='ltr' id='par_1_86' title="bbox 2163 4320 3749 4407">
     <span class='ocr_line' id='line_1_86' title="bbox 2163 4320 3749 4407; baseline -0.013 -16"><span class='ocrx_word' id='word_1_541' title='bbox 2163 4336 2312 4407; x_wconf 79' lang='grc' dir='ltr'>ροὺς,</span> <span class='ocrx_word' id='word_1_542' title='bbox 2344 4330 2748 4393; x_wconf 83' lang='grc' dir='ltr'>συναπώλοντο,</span> <span class='ocrx_word' id='word_1_543' title='bbox 2772 4328 2866 4382; x_wconf 82' lang='grc' dir='ltr'>τοῦ</span> <span class='ocrx_word' id='word_1_544' title='bbox 2894 4326 3067 4399; x_wconf 79' lang='grc' dir='ltr'>πυρὸς</span> <span class='ocrx_word' id='word_1_545' title='bbox 3088 4324 3164 4395; x_wconf 82' lang='grc' dir='ltr'>τῷ</span> <span class='ocrx_word' id='word_1_546' title='bbox 3190 4325 3369 4396; x_wconf 86' lang='grc' dir='ltr'>χρόνῳ</span> <span class='ocrx_word' id='word_1_547' title='bbox 3393 4320 3749 4378; x_wconf 78' lang='grc' dir='ltr'>ἀποσϐεσθέν-</span> 
     </span>
    </p>
   </div>
   <div class='ocr_carea' id='block_1_87' title="bbox 2161 4411 3746 4496">
    <p class='ocr_par' dir='ltr' id='par_1_87' title="bbox 2161 4411 3746 4496">
     <span class='ocr_line' id='line_1_87' title="bbox 2161 4411 3746 4496; baseline -0.012 -13"><span class='ocrx_word' id='word_1_548' title='bbox 2161 4445 2272 4491; x_wconf 87' lang='grc' dir='ltr'>τος.</span> <span class='ocrx_word' id='word_1_549' title='bbox 2312 4426 2615 4496; x_wconf 83' lang='grc' dir='ltr'>Δεξάμενος</span> <span class='ocrx_word' id='word_1_550' title='bbox 2645 4422 2819 4493; x_wconf 83' lang='grc' dir='ltr'>φλόγα</span> <span class='ocrx_word' id='word_1_551' title='bbox 2848 4419 3031 4493; x_wconf 82' lang='grc' dir='ltr'>τρέχε.</span> <span class='ocrx_word' id='word_1_552' title='bbox 3069 4418 3143 4472; x_wconf 82' lang='grc' dir='ltr'><strong>Οὐ</strong></span> <span class='ocrx_word' id='word_1_553' title='bbox 3180 4418 3290 4489; x_wconf 76' lang='grc' dir='ltr'>γὰρ</span> <span class='ocrx_word' id='word_1_554' title='bbox 3318 4413 3628 4485; x_wconf 85' lang='grc' dir='ltr'>γινώσκεις,</span> <span class='ocrx_word' id='word_1_555' title='bbox 3662 4411 3746 4477; x_wconf 79' lang='grc' dir='ltr'><strong>τὸ,</strong></span> 
     </span>
    </p>
   </div>
   <div class='ocr_carea' id='block_1_88' title="bbox 2165 4505 3749 4583">
    <p class='ocr_par' dir='ltr' id='par_1_88' title="bbox 2165 4505 3749 4583">
     <span class='ocr_line' id='line_1_88' title="bbox 2165 4505 3749 4583; baseline -0.013 -7"><span class='ocrx_word' id='word_1_556' title='bbox 2165 4522 2297 4575; x_wconf 82' lang='grc' dir='ltr'>πότε</span> <span class='ocrx_word' id='word_1_557' title='bbox 2328 4518 2632 4577; x_wconf 75' lang='grc' dir='ltr'>σϐέννυται,</span> <span class='ocrx_word' id='word_1_558' title='bbox 2661 4515 2755 4568; x_wconf 71' lang='grc' dir='ltr'>καὶ</span> <span class='ocrx_word' id='word_1_559' title='bbox 2778 4515 2836 4567; x_wconf 77' lang='grc' dir='ltr'>ὲν</span> <span class='ocrx_word' id='word_1_560' title='bbox 2863 4511 3053 4583; x_wconf 84' lang='grc' dir='ltr'>σκοτίᾳ</span> <span class='ocrx_word' id='word_1_561' title='bbox 3080 4527 3138 4564; x_wconf 89' lang='grc' dir='ltr'><strong>σε</strong></span> <span class='ocrx_word' id='word_1_562' title='bbox 3171 4507 3492 4579; x_wconf 70' lang='grc' dir='ltr'>καταλήψει.</span> <span class='ocrx_word' id='word_1_563' title='bbox 3523 4505 3749 4566; x_wconf 70' lang='grc' dir='ltr'>Ἄλλους</span> 
     </span>
    </p>
   </div>
   <div class='ocr_carea' id='block_1_89' title="bbox 464 4594 2049 4682">
    <p class='ocr_par' dir='ltr' id='par_1_89' title="bbox 464 4597 2049 4669">
     <span class='ocr_line' id='line_1_89' title="bbox 464 4597 2049 4669; baseline 0.001 -18"><span class='ocrx_word' id='word_1_564' title='bbox 464 4597 734 4668; x_wconf 84' lang='lat' dir='ltr'><strong>c0gitas),</strong></span> <span class='ocrx_word' id='word_1_565' title='bbox 779 4598 890 4653; x_wconf 90' lang='lat' dir='ltr'><strong>noli</strong></span> <span class='ocrx_word' id='word_1_566' title='bbox 938 4610 1257 4669; x_wconf 84' lang='lat' dir='ltr'><strong>exspectare</strong></span> <span class='ocrx_word' id='word_1_567' title='bbox 1313 4601 1445 4655; x_wconf 92' lang='lat' dir='ltr'><strong>dum</strong></span> <span class='ocrx_word' id='word_1_568' title='bbox 1497 4615 1558 4655; x_wconf 89' lang='lat' dir='ltr'><strong>se</strong></span> <span class='ocrx_word' id='word_1_569' title='bbox 1612 4600 1689 4655; x_wconf 89' lang='lat' dir='ltr'><strong>tui</strong></span> <span class='ocrx_word' id='word_1_570' title='bbox 1752 4599 2049 4655; x_wconf 80' lang='lat' dir='ltr'><strong>familiares</strong></span> 
     </span>
    </p>
   </div>
   <div class='ocr_carea' id='block_1_90' title="bbox 2158 4594 3751 4682">
    <p class='ocr_par' dir='ltr' id='par_1_90' title="bbox 2162 4594 3751 4682">
     <span class='ocr_line' id='line_1_90' title="bbox 2162 4594 3751 4682; baseline -0.011 -18"><span class='ocrx_word' id='word_1_571' title='bbox 2162 4611 2263 4682; x_wconf 84' lang='grc' dir='ltr'><strong>μὲν</strong></span> <span class='ocrx_word' id='word_1_572' title='bbox 2298 4609 2470 4664; x_wconf 84' lang='grc' dir='ltr'>σῶσαι</span> <span class='ocrx_word' id='word_1_573' title='bbox 2504 4608 2567 4661; x_wconf 82' lang='grc' dir='ltr'>οὒ</span> <span class='ocrx_word' id='word_1_574' title='bbox 2594 4607 2798 4669; x_wconf 82' lang='grc' dir='ltr'>πάντες</span> <span class='ocrx_word' id='word_1_575' title='bbox 2822 4600 3225 4673; x_wconf 79' lang='grc' dir='ltr'>ἁπαιτούμεθα.</span> <span class='ocrx_word' id='word_1_576' title='bbox 3251 4600 3390 4670; x_wconf 75' lang='grc' dir='ltr'>Φησὶ</span> <span class='ocrx_word' id='word_1_577' title='bbox 3410 4598 3521 4669; x_wconf 79' lang='grc' dir='ltr'>γὰρ</span> <span class='ocrx_word' id='word_1_578' title='bbox 3549 4599 3577 4651; x_wconf 88' lang='lat'><strong>6</strong></span> <span class='ocrx_word' id='word_1_579' title='bbox 3606 4594 3751 4657; x_wconf 85' lang='grc' dir='ltr'>θεῖος</span> 
     </span>
    </p>
   </div>
   <div class='ocr_carea' id='block_1_91' title="bbox 464 4689 2057 4762">
    <p class='ocr_par' dir='ltr' id='par_1_91' title="bbox 464 4689 2057 4762">
     <span class='ocr_line' id='line_1_91' title="bbox 464 4689 2057 4762; baseline 0.003 -19"><span class='ocrx_word' id='word_1_580' title='bbox 464 4689 535 4745; x_wconf 83' lang='lat' dir='ltr'><strong>ab</strong></span> <span class='ocrx_word' id='word_1_581' title='bbox 586 4690 778 4747; x_wconf 90' lang='lat' dir='ltr'><strong>mundi</strong></span> <span class='ocrx_word' id='word_1_582' title='bbox 835 4691 1069 4761; x_wconf 81' lang='lat' dir='ltr'><strong>negotiis</strong></span> <span class='ocrx_word' id='word_1_583' title='bbox 1117 4691 1430 4762; x_wconf 67' lang='lat' dir='ltr'><strong>expediant,</strong></span> <span class='ocrx_word' id='word_1_584' title='bbox 1494 4708 1563 4747; x_wconf 92' lang='lat' dir='ltr'><strong>ne</strong></span> <span class='ocrx_word' id='word_1_585' title='bbox 1593 4701 1645 4748; x_wconf 89' lang='lat' dir='ltr'><strong>te</strong></span> <span class='ocrx_word' id='word_1_586' title='bbox 1680 4708 1829 4749; x_wconf 88' lang='lat' dir='ltr'><strong>mors</strong></span> <span class='ocrx_word' id='word_1_587' title='bbox 1860 4695 1936 4749; x_wconf 88' lang='lat' dir='ltr'><strong>uti</strong></span> <span class='ocrx_word' id='word_1_588' title='bbox 1969 4692 2057 4748; x_wconf 87' lang='lat' dir='ltr'><strong>l‘ur</strong></span> 
     </span>
    </p>
   </div>
   <div class='ocr_carea' id='block_1_92' title="bbox 346 4780 2055 4854">
    <p class='ocr_par' dir='ltr' id='par_1_92' title="bbox 346 4780 2055 4854">
     <span class='ocr_line' id='line_1_92' title="bbox 346 4780 2055 4854; baseline 0.004 -21"><span class='ocrx_word' id='word_1_589' title='bbox 346 4828 351 4833; x_wconf 82' lang='lat'><strong>.</strong></span> <span class='ocrx_word' id='word_1_590' title='bbox 465 4780 751 4851; x_wconf 81' lang='lat' dir='ltr'><strong>inopinato</strong></span> <span class='ocrx_word' id='word_1_591' title='bbox 820 4783 1205 4852; x_wconf 83' lang='lat' dir='ltr'><strong>deprehendat.</strong></span> <span class='ocrx_word' id='word_1_592' title='bbox 1274 4782 1428 4838; x_wconf 88' lang='lat' dir='ltr'><strong>Haud</strong></span> <span class='ocrx_word' id='word_1_593' title='bbox 1493 4783 1653 4854; x_wconf 89' lang='lat' dir='ltr'><strong>pauci</strong></span> <span class='ocrx_word' id='word_1_594' title='bbox 1698 4799 1867 4850; x_wconf 88' lang='lat' dir='ltr'><strong>sane,</strong></span> <span class='ocrx_word' id='word_1_595' title='bbox 1923 4786 2055 4840; x_wconf 92' lang='lat' dir='ltr'><strong>dum</strong></span> 
     </span>
    </p>
   </div>
   <div class='ocr_carea' id='block_1_93' title="bbox 468 4874 2058 4946">
    <p class='ocr_par' dir='ltr' id='par_1_93' title="bbox 468 4874 2058 4946">
     <span class='ocr_line' id='line_1_93' title="bbox 468 4874 2058 4946; baseline 0.002 -20"><span class='ocrx_word' id='word_1_596' title='bbox 468 4874 696 4943; x_wconf 85' lang='lat' dir='ltr'><strong>ignavos</strong></span> <span class='ocrx_word' id='word_1_597' title='bbox 759 4883 813 4929; x_wconf 90' lang='lat' dir='ltr'><strong>et</strong></span> <span class='ocrx_word' id='word_1_598' title='bbox 857 4874 1097 4942; x_wconf 88' lang='lat' dir='ltr'><strong>desides,</strong></span> <span class='ocrx_word' id='word_1_599' title='bbox 1155 4890 1296 4943; x_wconf 87' lang='lat' dir='ltr'><strong>quos</strong></span> <span class='ocrx_word' id='word_1_600' title='bbox 1350 4891 1573 4931; x_wconf 87' lang='lat' dir='ltr'><strong>servare</strong></span> <span class='ocrx_word' id='word_1_601' title='bbox 1620 4892 1806 4931; x_wconf 90' lang='lat' dir='ltr'><strong>secum</strong></span> <span class='ocrx_word' id='word_1_602' title='bbox 1873 4878 2058 4946; x_wconf 83' lang='lat' dir='ltr'><strong>cupie-</strong></span> 
     </span>
    </p>
   </div>
   <div class='ocr_carea' id='block_1_94' title="bbox 465 4966 2056 5036">
    <p class='ocr_par' dir='ltr' id='par_1_94' title="bbox 465 4966 2056 5036">
     <span class='ocr_line' id='line_1_94' title="bbox 465 4966 2056 5036; baseline 0.001 -14"><span class='ocrx_word' id='word_1_603' title='bbox 465 4966 619 5032; x_wconf 84' lang='lat' dir='ltr'><strong>bant,</strong></span> <span class='ocrx_word' id='word_1_604' title='bbox 672 4966 970 5036; x_wconf 72' lang='lat' dir='ltr'><strong>preestolati</strong></span> <span class='ocrx_word' id='word_1_605' title='bbox 1049 4977 1198 5031; x_wconf 87' lang='lat' dir='ltr'><strong>sunt.</strong></span> <span class='ocrx_word' id='word_1_606' title='bbox 1272 4967 1452 5023; x_wconf 86' lang='lat' dir='ltr'><strong>calore</strong></span> <span class='ocrx_word' id='word_1_607' title='bbox 1520 4968 1760 5025; x_wconf 76' lang='lat' dir='ltr'><strong>caelestis</strong></span> <span class='ocrx_word' id='word_1_608' title='bbox 1822 4968 2056 5025; x_wconf 68' lang='lat' dir='ltr'><strong>ﬂamma:</strong></span> 
     </span>
    </p>
   </div>
   <div class='ocr_carea' id='block_1_95' title="bbox 468 5057 2055 5131">
    <p class='ocr_par' dir='ltr' id='par_1_95' title="bbox 468 5057 2055 5131">
     <span class='ocr_line' id='line_1_95' title="bbox 468 5057 2055 5131; baseline 0 -17"><span class='ocrx_word' id='word_1_609' title='bbox 468 5058 675 5114; x_wconf 84' lang='lat' dir='ltr'><strong>sensim</strong></span> <span class='ocrx_word' id='word_1_610' title='bbox 733 5057 1139 5128; x_wconf 75' lang='lat' dir='ltr'><strong>refrigescente,</strong></span> <span class='ocrx_word' id='word_1_611' title='bbox 1192 5074 1317 5113; x_wconf 92' lang='lat' dir='ltr'><strong>cum</strong></span> <span class='ocrx_word' id='word_1_612' title='bbox 1381 5059 1488 5114; x_wconf 90' lang='lat' dir='ltr'><strong>illis</strong></span> <span class='ocrx_word' id='word_1_613' title='bbox 1558 5059 1858 5130; x_wconf 87' lang='lat' dir='ltr'><strong>perierunt.</strong></span> <span class='ocrx_word' id='word_1_614' title='bbox 1912 5058 2055 5131; x_wconf 85' lang='lat' dir='ltr'><strong>Ergo</strong></span> 
     </span>
    </p>
   </div>
   <div class='ocr_carea' id='block_1_96' title="bbox 469 5150 2061 5223">
    <p class='ocr_par' dir='ltr' id='par_1_96' title="bbox 469 5150 2061 5223">
     <span class='ocr_line' id='line_1_96' title="bbox 469 5150 2061 5223; baseline 0.001 -17"><span class='ocrx_word' id='word_1_615' title='bbox 469 5158 735 5223; x_wconf 88' lang='lat' dir='ltr'><strong>concepto</strong></span> <span class='ocrx_word' id='word_1_616' title='bbox 800 5151 905 5205; x_wconf 84' lang='lat' dir='ltr'><strong>hoc</strong></span> <span class='ocrx_word' id='word_1_617' title='bbox 976 5150 1118 5205; x_wconf 84' lang='lat' dir='ltr'><strong>intra</strong></span> <span class='ocrx_word' id='word_1_618' title='bbox 1178 5159 1230 5206; x_wconf 90' lang='lat' dir='ltr'><strong>te</strong></span> <span class='ocrx_word' id='word_1_619' title='bbox 1314 5151 1482 5205; x_wconf 67' lang='lat' dir='ltr'><strong>divini</strong></span> <span class='ocrx_word' id='word_1_620' title='bbox 1535 5154 1741 5207; x_wconf 87' lang='lat' dir='ltr'><strong>amoris</strong></span> <span class='ocrx_word' id='word_1_621' title='bbox 1806 5153 2061 5209; x_wconf 87' lang='lat' dir='ltr'><strong>incendio</strong></span> 
     </span>
    </p>
   </div>
   <div class='ocr_carea' id='block_1_97' title="bbox 468 5243 2063 5315">
    <p class='ocr_par' dir='ltr' id='par_1_97' title="bbox 468 5243 2063 5315">
     <span class='ocr_line' id='line_1_97' title="bbox 468 5243 2063 5315; baseline -0.001 -15"><span class='ocrx_word' id='word_1_622' title='bbox 468 5260 680 5311; x_wconf 87' lang='lat' dir='ltr'><strong>curre;</strong></span> <span class='ocrx_word' id='word_1_623' title='bbox 746 5260 873 5299; x_wconf 89' lang='lat' dir='ltr'><strong>eum</strong></span> <span class='ocrx_word' id='word_1_624' title='bbox 926 5243 1144 5312; x_wconf 86' lang='lat' dir='ltr'><strong>ignores</strong></span> <span class='ocrx_word' id='word_1_625' title='bbox 1204 5243 1425 5313; x_wconf 84' lang='lat' dir='ltr'><strong>quando</strong></span> <span class='ocrx_word' id='word_1_626' title='bbox 1475 5243 1892 5315; x_wconf 80' lang='lat' dir='ltr'><strong>exstinguatur,</strong></span> <span class='ocrx_word' id='word_1_627' title='bbox 1936 5255 1990 5300; x_wconf 85' lang='lat' dir='ltr'><strong>et</strong></span> <span class='ocrx_word' id='word_1_628' title='bbox 2013 5255 2063 5298; x_wconf 89' lang='lat' dir='ltr'><strong>te</strong></span> 
     </span>
    </p>
   </div>
   <div class='ocr_carea' id='block_1_98' title="bbox 471 5336 2061 5406">
    <p class='ocr_par' dir='ltr' id='par_1_98' title="bbox 471 5336 2061 5406">
     <span class='ocr_line' id='line_1_98' title="bbox 471 5336 2061 5406; baseline -0.002 -11"><span class='ocrx_word' id='word_1_629' title='bbox 471 5339 526 5395; x_wconf 84' lang='lat' dir='ltr'><strong>in</strong></span> <span class='ocrx_word' id='word_1_630' title='bbox 580 5338 820 5394; x_wconf 87' lang='lat' dir='ltr'><strong>tenebris</strong></span> <span class='ocrx_word' id='word_1_631' title='bbox 868 5337 1120 5392; x_wconf 86' lang='lat' dir='ltr'><strong>relictnm</strong></span> <span class='ocrx_word' id='word_1_632' title='bbox 1186 5336 1466 5393; x_wconf 87' lang='lat' dir='ltr'><strong>destituat.</strong></span> <span class='ocrx_word' id='word_1_633' title='bbox 1525 5336 1600 5393; x_wconf 92' lang='lat' dir='ltr'><strong>De</strong></span> <span class='ocrx_word' id='word_1_634' title='bbox 1638 5338 1870 5392; x_wconf 86' lang='lat' dir='ltr'><strong>aliorum</strong></span> <span class='ocrx_word' id='word_1_635' title='bbox 1915 5340 2061 5406; x_wconf 83' lang='lat' dir='ltr'><strong>peri-</strong></span> 
     </span>
    </p>
   </div>
   <div class='ocr_carea' id='block_1_99' title="bbox 471 5429 2062 5498">
    <p class='ocr_par' dir='ltr' id='par_1_99' title="bbox 471 5429 2062 5498">
     <span class='ocr_line' id='line_1_99' title="bbox 471 5429 2062 5498; baseline -0.001 -13"><span class='ocrx_word' id='word_1_636' title='bbox 471 5431 753 5487; x_wconf 63' lang='lat' dir='ltr'><strong>culo‘non</strong></span> <span class='ocrx_word' id='word_1_637' title='bbox 785 5431 1042 5485; x_wconf 78' lang='lat' dir='ltr'><strong>omnibus</strong></span> <span class='ocrx_word' id='word_1_638' title='bbox 1068 5429 1228 5485; x_wconf 88' lang='lat' dir='ltr'><strong>nobis</strong></span> <span class='ocrx_word' id='word_1_639' title='bbox 1269 5438 1582 5498; x_wconf 85' lang='lat' dir='ltr'><strong>reposcetur</strong></span> <span class='ocrx_word' id='word_1_640' title='bbox 1610 5430 1770 5493; x_wconf 87' lang='lat' dir='ltr'><strong>ratio,</strong></span> <span class='ocrx_word' id='word_1_641' title='bbox 1827 5430 2062 5485; x_wconf 79' lang='lat' dir='ltr'><strong>utidivi-</strong></span> 
     </span>
    </p>
   </div>
   <div class='ocr_carea' id='block_1_100' title="bbox 474 5520 2057 5593">
    <p class='ocr_par' dir='ltr' id='par_1_100' title="bbox 474 5520 2057 5593">
     <span class='ocr_line' id='line_1_100' title="bbox 474 5520 2057 5593; baseline -0.003 -15"><span class='ocrx_word' id='word_1_642' title='bbox 474 5539 580 5579; x_wconf 87' lang='lat' dir='ltr'><strong>nus</strong></span> <span class='ocrx_word' id='word_1_643' title='bbox 610 5523 768 5579; x_wconf 83' lang='lat' dir='ltr'><strong>docet</strong></span> <span class='ocrx_word' id='word_1_644' title='bbox 788 5522 1119 5593; x_wconf 85' lang='lat' dir='ltr'><strong>Apostolus:</strong></span> <span class='ocrx_word' id='word_1_645' title='bbox 1150 5540 1170 5573; x_wconf 82' lang='grc' dir='ltr'><strong>ι</strong></span> <span class='ocrx_word' id='word_1_646' title='bbox 1209 5520 1396 5592; x_wconf 80' lang='lat' dir='ltr'><strong>Itaque</strong></span> <span class='ocrx_word' id='word_1_647' title='bbox 1422 5523 1779 5592; x_wconf 81' lang='lat' dir='ltr'><strong>unusquisque</strong></span> <span class='ocrx_word' id='word_1_648' title='bbox 1818 5533 2057 5577; x_wconf 79' lang='lat' dir='ltr'><strong>nostrum</strong></span> 
     </span>
    </p>
   </div>
   <div class='ocr_carea' id='block_1_101' title="bbox 473 5610 2057 5685">
    <p class='ocr_par' dir='ltr' id='par_1_101' title="bbox 473 5610 2057 5685">
     <span class='ocr_line' id='line_1_101' title="bbox 473 5610 2057 5685; baseline 0 -17"><span class='ocrx_word' id='word_1_649' title='bbox 473 5630 568 5683; x_wconf 75' lang='lat' dir='ltr'><strong>pro</strong></span> <span class='ocrx_word' id='word_1_650' title='bbox 592 5631 649 5671; x_wconf 76' lang='lat' dir='ltr'><strong>se</strong></span> <span class='ocrx_word' id='word_1_651' title='bbox 682 5616 963 5680; x_wconf 85' lang='lat' dir='ltr'><strong>rationem,</strong></span> <span class='ocrx_word' id='word_1_652' title='bbox 995 5614 1212 5685; x_wconf 76' lang='lat' dir='ltr'><strong>fratres,</strong></span> <span class='ocrx_word' id='word_1_653' title='bbox 1244 5612 1350 5667; x_wconf 89' lang='lat' dir='ltr'><strong>Deo</strong></span> <span class='ocrx_word' id='word_1_654' title='bbox 1375 5613 1552 5667; x_wconf 80' lang='lat' dir='ltr'><strong>reddet</strong></span> <span class='ocrx_word' id='word_1_655' title='bbox 1581 5612 1648 5668; x_wconf 78' lang='lat'><strong>&quot;.</strong></span> <span class='ocrx_word' id='word_1_656' title='bbox 1679 5632 1696 5665; x_wconf 76' lang='grc' dir='ltr'><strong>ι</strong></span> <span class='ocrx_word' id='word_1_657' title='bbox 1732 5610 1798 5669; x_wconf 80' lang='lat' dir='ltr'><strong>Et</strong></span> <span class='ocrx_word' id='word_1_658' title='bbox 1827 5612 2057 5670; x_wconf 87' lang='lat' dir='ltr'><strong>iterum:</strong></span> 
     </span>
    </p>
   </div>
   <div class='ocr_carea' id='block_1_102' title="bbox 546 5760 1636 5859">
    <p class='ocr_par' dir='ltr' id='par_1_102' title="bbox 546 5792 1636 5859">
     <span class='ocr_line' id='line_1_102' title="bbox 546 5792 1636 5859; baseline 0.001 -13"><span class='ocrx_word' id='word_1_659' title='bbox 546 5792 596 5824; x_wconf 79' lang='grc'><strong>³⁸</strong></span> <span class='ocrx_word' id='word_1_660' title='bbox 621 5792 810 5848; x_wconf 74' lang='lat' dir='ltr'><strong>Matth.</strong></span> <span class='ocrx_word' id='word_1_661' title='bbox 843 5809 965 5856; x_wconf 83' lang='lat' dir='ltr'><strong>xm.</strong></span> <span class='ocrx_word' id='word_1_662' title='bbox 987 5794 1076 5849; x_wconf 81' lang='lat'><strong>57.</strong></span> <span class='ocrx_word' id='word_1_663' title='bbox 1153 5794 1198 5826; x_wconf 78' lang='lat'><strong>&quot;</strong></span> <span class='ocrx_word' id='word_1_664' title='bbox 1227 5793 1386 5848; x_wconf 78' lang='lat' dir='ltr'><strong>Rom.</strong></span> <span class='ocrx_word' id='word_1_665' title='bbox 1414 5794 1636 5859; x_wconf 73' lang='lat' dir='ltr'><strong>x1v,l2.</strong></span> 
     </span>
    </p>
   </div>
   <div class='ocr_carea' id='block_1_103' title="bbox 550 5880 2053 5959">
    <p class='ocr_par' dir='ltr' id='par_1_103' title="bbox 550 5880 2053 5959">
     <span class='ocr_line' id='line_1_103' title="bbox 550 5880 2053 5959; baseline 0.003 -22"><span class='ocrx_word' id='word_1_666' title='bbox 550 5880 627 5949; x_wconf 77' lang='grc' dir='ltr'>(ιι)</span> <span class='ocrx_word' id='word_1_667' title='bbox 657 5883 949 5942; x_wconf 82' lang='lat' dir='ltr'><strong>Mcndosus</strong></span> <span class='ocrx_word' id='word_1_668' title='bbox 990 5887 1077 5944; x_wconf 87' lang='lat' dir='ltr'><strong>hic</strong></span> <span class='ocrx_word' id='word_1_669' title='bbox 1111 5887 1232 5943; x_wconf 84' lang='lat' dir='ltr'><strong>cod.</strong></span> <span class='ocrx_word' id='word_1_670' title='bbox 1268 5884 1377 5953; x_wconf 86' lang='grc' dir='ltr'><strong>Μ.;</strong></span> <span class='ocrx_word' id='word_1_671' title='bbox 1409 5903 1614 5957; x_wconf 83' lang='lat' dir='ltr'><strong>sequor</strong></span> <span class='ocrx_word' id='word_1_672' title='bbox 1649 5887 2053 5959; x_wconf 75' lang='lat' dir='ltr'><strong>Augustanum.</strong></span> 
     </span>
    </p>
   </div>
   <div class='ocr_carea' id='block_1_104' title="bbox 2174 4687 3750 4767">
    <p class='ocr_par' dir='ltr' id='par_1_104' title="bbox 2174 4687 3750 4767">
     <span class='ocr_line' id='line_1_104' title="bbox 2174 4687 3750 4767; baseline -0.01 -11"><span class='ocrx_word' id='word_1_673' title='bbox 2174 4701 2496 4764; x_wconf 84' lang='grc' dir='ltr'>Ἀπόστολος</span> <span class='ocrx_word' id='word_1_674' title='bbox 2520 4715 2532 4728; x_wconf 81' lang='lat'><strong><em>°</em></strong></span> <span class='ocrx_word' id='word_1_675' title='bbox 2583 4694 2729 4767; x_wconf 70' lang='grc' dir='ltr'><strong>Ἆρα</strong></span> <span class='ocrx_word' id='word_1_676' title='bbox 2780 4692 2897 4752; x_wconf 80' lang='grc' dir='ltr'><strong>οὖν</strong></span> <span class='ocrx_word' id='word_1_677' title='bbox 2943 4695 3203 4760; x_wconf 79' lang='grc' dir='ltr'>ἕκαστος</span> <span class='ocrx_word' id='word_1_678' title='bbox 3250 4691 3425 4763; x_wconf 69' lang='grc' dir='ltr'><strong>ἡμῶν</strong></span> <span class='ocrx_word' id='word_1_679' title='bbox 3476 4687 3750 4758; x_wconf 65' lang='grc' dir='ltr'>ἀδελφοί,</span> 
     </span>
    </p>
   </div>
   <div class='ocr_carea' id='block_1_105' title="bbox 2162 4782 3753 4863">
    <p class='ocr_par' dir='ltr' id='par_1_105' title="bbox 2162 4782 3753 4863">
     <span class='ocr_line' id='line_1_105' title="bbox 2162 4782 3753 4863; baseline -0.008 -16"><span class='ocrx_word' id='word_1_680' title='bbox 2162 4791 2539 4863; x_wconf 66' lang='grc' dir='ltr'>περίέαυτοῦ</span> <span class='ocrx_word' id='word_1_681' title='bbox 2563 4793 2752 4859; x_wconf 76' lang='grc' dir='ltr'>λόγον</span> <span class='ocrx_word' id='word_1_682' title='bbox 2784 4789 2964 4844; x_wconf 85' lang='grc' dir='ltr'>δώσει</span> <span class='ocrx_word' id='word_1_683' title='bbox 2999 4787 3079 4854; x_wconf 81' lang='grc' dir='ltr'>τῷ</span> <span class='ocrx_word' id='word_1_684' title='bbox 3110 4786 3252 4852; x_wconf 85' lang='grc' dir='ltr'><strong>Θεῷ.</strong></span> <span class='ocrx_word' id='word_1_685' title='bbox 3293 4786 3402 4840; x_wconf 76' lang='grc' dir='ltr'><strong>Καὶ</strong></span> <span class='ocrx_word' id='word_1_686' title='bbox 3437 4784 3600 4838; x_wconf 82' lang='grc' dir='ltr'>πάλιν</span> <span class='ocrx_word' id='word_1_687' title='bbox 3631 4799 3646 4813; x_wconf 89' lang='grc'><strong>·</strong></span> <span class='ocrx_word' id='word_1_688' title='bbox 3690 4782 3753 4835; x_wconf 89' lang='lat'><strong>&#39;0</strong></span> 
     </span>
    </p>
   </div>
   <div class='ocr_carea' id='block_1_106' title="bbox 2161 4874 3749 4952">
    <p class='ocr_par' dir='ltr' id='par_1_106' title="bbox 2161 4874 3749 4952">
     <span class='ocr_line' id='line_1_106' title="bbox 2161 4874 3749 4952; baseline -0.008 -14"><span class='ocrx_word' id='word_1_689' title='bbox 2161 4885 2489 4949; x_wconf 76' lang='grc' dir='ltr'>διδάσκων,</span> <span class='ocrx_word' id='word_1_690' title='bbox 2527 4883 2714 4952; x_wconf 61' lang='grc' dir='ltr'>φησιν,</span> <span class='ocrx_word' id='word_1_691' title='bbox 2756 4881 2964 4948; x_wconf 75' lang='grc' dir='ltr'>ἕτερον</span> <span class='ocrx_word' id='word_1_692' title='bbox 3008 4879 3272 4935; x_wconf 79' lang='grc' dir='ltr'>σεαυτὸν</span> <span class='ocrx_word' id='word_1_693' title='bbox 3311 4879 3383 4931; x_wconf 87' lang='grc' dir='ltr'>οὐ</span> <span class='ocrx_word' id='word_1_694' title='bbox 3418 4874 3749 4939; x_wconf 80' lang='grc' dir='ltr'>διδάσκεις.</span> 
     </span>
    </p>
   </div>
   <div class='ocr_carea' id='block_1_107' title="bbox 2162 4964 3753 5049">
    <p class='ocr_par' dir='ltr' id='par_1_107' title="bbox 2162 4964 3753 5049">
     <span class='ocr_line' id='line_1_107' title="bbox 2162 4964 3753 5049; baseline -0.009 -17"><span class='ocrx_word' id='word_1_695' title='bbox 2162 4978 2375 5049; x_wconf 83' lang='grc' dir='ltr'>Ὥσπερ</span> <span class='ocrx_word' id='word_1_696' title='bbox 2404 4976 2560 5040; x_wconf 83' lang='grc' dir='ltr'>ἔλεγε</span> <span class='ocrx_word' id='word_1_697' title='bbox 2587 4992 2599 5004; x_wconf 90' lang='grc'><strong>·</strong></span> <span class='ocrx_word' id='word_1_698' title='bbox 2634 4976 2771 5046; x_wconf 70' lang='grc' dir='ltr'>Περὶ</span> <span class='ocrx_word' id='word_1_699' title='bbox 2802 4974 2978 5029; x_wconf 81' lang='grc' dir='ltr'>ἄλλων</span> <span class='ocrx_word' id='word_1_700' title='bbox 3008 4974 3109 5043; x_wconf 78' lang='grc' dir='ltr'>μὲν</span> <span class='ocrx_word' id='word_1_701' title='bbox 3134 4971 3235 5025; x_wconf 80' lang='grc' dir='ltr'><strong>οὐκ</strong></span> <span class='ocrx_word' id='word_1_702' title='bbox 3266 4966 3403 5033; x_wconf 82' lang='grc' dir='ltr'>οἶδα,</span> <span class='ocrx_word' id='word_1_703' title='bbox 3441 4968 3665 5029; x_wconf 76' lang='grc' dir='ltr'>ἑαυτοὺς</span> <span class='ocrx_word' id='word_1_704' title='bbox 3694 4964 3753 5019; x_wconf 72' lang='grc' dir='ltr'>δὲ</span> 
     </span>
    </p>
   </div>
   <div class='ocr_carea' id='block_1_108' title="bbox 2160 5059 3755 5137">
    <p class='ocr_par' dir='ltr' id='par_1_108' title="bbox 2160 5059 3755 5137">
     <span class='ocr_line' id='line_1_108' title="bbox 2160 5059 3755 5137; baseline -0.009 -10"><span class='ocrx_word' id='word_1_705' title='bbox 2160 5073 2361 5136; x_wconf 80' lang='grc' dir='ltr'>πάντες</span> <span class='ocrx_word' id='word_1_706' title='bbox 2374 5072 2607 5134; x_wconf 81' lang='grc' dir='ltr'>πάντως.</span> <span class='ocrx_word' id='word_1_707' title='bbox 2625 5069 2921 5123; x_wconf 81' lang='grc' dir='ltr'>Ξενιτεύων</span> <span class='ocrx_word' id='word_1_708' title='bbox 2937 5068 3233 5137; x_wconf 79' lang='grc' dir='ltr'>ἁσφαλίζου</span> <span class='ocrx_word' id='word_1_709' title='bbox 3249 5064 3340 5121; x_wconf 83' lang='grc' dir='ltr'>τὸν</span> <span class='ocrx_word' id='word_1_710' title='bbox 3353 5082 3422 5134; x_wconf 88' lang='grc' dir='ltr'><strong>γυ</strong></span> <span class='ocrx_word' id='word_1_711' title='bbox 3430 5062 3651 5135; x_wconf 62' lang='grc' dir='ltr'>ρευτὴν,</span> <span class='ocrx_word' id='word_1_712' title='bbox 3661 5059 3755 5114; x_wconf 75' lang='grc' dir='ltr'>καὶ</span> 
     </span>
    </p>
   </div>
   <div class='ocr_carea' id='block_1_109' title="bbox 2161 5148 3754 5233">
    <p class='ocr_par' dir='ltr' id='par_1_109' title="bbox 2161 5148 3754 5233">
     <span class='ocr_line' id='line_1_109' title="bbox 2161 5148 3754 5233; baseline -0.008 -16"><span class='ocrx_word' id='word_1_713' title='bbox 2161 5163 2444 5233; x_wconf 78' lang='grc' dir='ltr'>φιλήδονον</span> <span class='ocrx_word' id='word_1_714' title='bbox 2473 5162 2725 5232; x_wconf 83' lang='grc' dir='ltr'>δαίμονα.</span> <span class='ocrx_word' id='word_1_715' title='bbox 2774 5161 2838 5214; x_wconf 85' lang='lat' dir='ltr'><strong>&#39;ll</strong></span> <span class='ocrx_word' id='word_1_716' title='bbox 2867 5160 2976 5232; x_wconf 80' lang='grc' dir='ltr'><strong>γὰρ</strong></span> <span class='ocrx_word' id='word_1_717' title='bbox 3020 5158 3251 5224; x_wconf 83' lang='grc' dir='ltr'>ξενιτεία</span> <span class='ocrx_word' id='word_1_718' title='bbox 3299 5156 3558 5227; x_wconf 75' lang='grc' dir='ltr'>ἀφορμὴν</span> <span class='ocrx_word' id='word_1_719' title='bbox 3606 5148 3754 5220; x_wconf 85' lang='grc' dir='ltr'>αὐτῷ</span> 
     </span>
    </p>
   </div>
   <div class='ocr_carea' id='block_1_110' title="bbox 2160 5240 3752 5323">
    <p class='ocr_par' dir='ltr' id='par_1_110' title="bbox 2160 5240 3752 5323">
     <span class='ocr_line' id='line_1_110' title="bbox 2160 5240 3752 5323; baseline -0.009 -15"><span class='ocrx_word' id='word_1_720' title='bbox 2160 5255 2363 5310; x_wconf 79' lang='grc' dir='ltr'>δίδωσι.</span> <span class='ocrx_word' id='word_1_721' title='bbox 2414 5252 2569 5322; x_wconf 83' lang='grc' dir='ltr'>Καλὴ</span> <span class='ocrx_word' id='word_1_722' title='bbox 2623 5254 2656 5322; x_wconf 90' lang='grc' dir='ltr'><strong>ἡ</strong></span> <span class='ocrx_word' id='word_1_723' title='bbox 2707 5249 3131 5323; x_wconf 70' lang='grc' dir='ltr'>ἀπροσπάθεια,</span> <span class='ocrx_word' id='word_1_724' title='bbox 3167 5247 3373 5318; x_wconf 83' lang='grc' dir='ltr'>ταύτης</span> <span class='ocrx_word' id='word_1_725' title='bbox 3418 5245 3473 5298; x_wconf 67' lang='grc' dir='ltr'>δὲ</span> <span class='ocrx_word' id='word_1_726' title='bbox 3517 5240 3752 5310; x_wconf 80' lang='grc' dir='ltr'>ξενιτεία</span> 
     </span>
    </p>
   </div>
   <div class='ocr_carea' id='block_1_111' title="bbox 2166 5334 3754 5417">
    <p class='ocr_par' dir='ltr' id='par_1_111' title="bbox 2166 5334 3754 5417">
     <span class='ocr_line' id='line_1_111' title="bbox 2166 5334 3754 5417; baseline -0.007 -20"><span class='ocrx_word' id='word_1_727' title='bbox 2166 5347 2347 5417; x_wconf 75' lang='grc' dir='ltr'>μήτηρ</span> <span class='ocrx_word' id='word_1_728' title='bbox 2373 5362 2385 5374; x_wconf 93' lang='grc'>·</span> <span class='ocrx_word' id='word_1_729' title='bbox 2439 5348 2468 5399; x_wconf 87' lang='grc' dir='ltr'>ὁ</span> <span class='ocrx_word' id='word_1_730' title='bbox 2511 5344 2586 5417; x_wconf 81' lang='lat'><strong>(5)</strong></span> <span class='ocrx_word' id='word_1_731' title='bbox 2639 5342 2949 5409; x_wconf 80' lang='grc' dir='ltr'>ξενιτεύσας</span> <span class='ocrx_word' id='word_1_732' title='bbox 2993 5340 3083 5395; x_wconf 83' lang='grc' dir='ltr'>διὰ</span> <span class='ocrx_word' id='word_1_733' title='bbox 3127 5340 3219 5394; x_wconf 80' lang='grc' dir='ltr'><strong>τὸν</strong></span> <span class='ocrx_word' id='word_1_734' title='bbox 3252 5338 3476 5409; x_wconf 80' lang='grc' dir='ltr'>Κύριον,</span> <span class='ocrx_word' id='word_1_735' title='bbox 3530 5337 3632 5389; x_wconf 79' lang='grc' dir='ltr'><strong>οὐκ</strong></span> <span class='ocrx_word' id='word_1_736' title='bbox 3674 5334 3754 5387; x_wconf 78' lang='grc' dir='ltr'>ἔτι</span> 
     </span>
    </p>
   </div>
   <div class='ocr_carea' id='block_1_112' title="bbox 2166 5427 3753 5508">
    <p class='ocr_par' dir='ltr' id='par_1_112' title="bbox 2166 5427 3753 5508">
     <span class='ocr_line' id='line_1_112' title="bbox 2166 5427 3753 5508; baseline -0.008 -16"><span class='ocrx_word' id='word_1_737' title='bbox 2166 5438 2381 5508; x_wconf 77' lang='grc' dir='ltr'>σχέσεις</span> <span class='ocrx_word' id='word_1_738' title='bbox 2409 5437 2661 5507; x_wconf 76' lang='grc' dir='ltr'>ἔσχηκεν,</span> <span class='ocrx_word' id='word_1_739' title='bbox 2697 5435 2785 5488; x_wconf 85' lang='grc' dir='ltr'><strong>ἵνα</strong></span> <span class='ocrx_word' id='word_1_740' title='bbox 2814 5434 2889 5506; x_wconf 82' lang='grc' dir='ltr'>μὴ</span> <span class='ocrx_word' id='word_1_741' title='bbox 2920 5435 3060 5504; x_wconf 77' lang='grc' dir='ltr'>φανῇ</span> <span class='ocrx_word' id='word_1_742' title='bbox 3093 5428 3184 5486; x_wconf 84' lang='grc' dir='ltr'>διά.</span> <span class='ocrx_word' id='word_1_743' title='bbox 3213 5430 3360 5502; x_wconf 78' lang='grc' dir='ltr'>πάθη</span> <span class='ocrx_word' id='word_1_744' title='bbox 3394 5427 3753 5497; x_wconf 76' lang='grc' dir='ltr'>πλαζόμενος.</span> 
     </span>
    </p>
   </div>
   <div class='ocr_carea' id='block_1_113' title="bbox 2179 5517 3750 5598">
    <p class='ocr_par' dir='ltr' id='par_1_113' title="bbox 2179 5517 3750 5598">
     <span class='ocr_line' id='line_1_113' title="bbox 2179 5517 3750 5598; baseline -0.009 -15"><span class='ocrx_word' id='word_1_745' title='bbox 2179 5531 2239 5583; x_wconf 86' lang='grc' dir='ltr'>Ὀ</span> <span class='ocrx_word' id='word_1_746' title='bbox 2271 5530 2477 5598; x_wconf 78' lang='grc' dir='ltr'>κόσμου</span> <span class='ocrx_word' id='word_1_747' title='bbox 2513 5527 2820 5593; x_wconf 78' lang='grc' dir='ltr'>ξενιτεύων,</span> <span class='ocrx_word' id='word_1_748' title='bbox 2863 5525 3062 5596; x_wconf 78' lang='grc' dir='ltr'>μηκέτι</span> <span class='ocrx_word' id='word_1_749' title='bbox 3111 5524 3316 5593; x_wconf 85' lang='grc' dir='ltr'>κόσμου</span> <span class='ocrx_word' id='word_1_750' title='bbox 3354 5517 3750 5592; x_wconf 70' lang='grc' dir='ltr'>προσψαύσῃςο</span> 
     </span>
    </p>
   </div>
   <div class='ocr_carea' id='block_1_114' title="bbox 2170 5605 3753 5691">
    <p class='ocr_par' dir='ltr' id='par_1_114' title="bbox 2170 5605 3753 5691">
     <span class='ocr_line' id='line_1_114' title="bbox 2170 5605 3753 5691; baseline -0.009 -15"><span class='ocrx_word' id='word_1_751' title='bbox 2170 5621 2445 5691; x_wconf 79' lang='grc' dir='ltr'>πεφύκασι</span> <span class='ocrx_word' id='word_1_752' title='bbox 2481 5619 2589 5689; x_wconf 83' lang='grc' dir='ltr'>γὰρ</span> <span class='ocrx_word' id='word_1_753' title='bbox 2617 5618 2684 5673; x_wconf 76' lang='grc' dir='ltr'>τὰ</span> <span class='ocrx_word' id='word_1_754' title='bbox 2725 5615 2872 5688; x_wconf 75' lang='grc' dir='ltr'>πάθη</span> <span class='ocrx_word' id='word_1_755' title='bbox 2912 5614 3312 5685; x_wconf 80' lang='grc' dir='ltr'>φιλεπίστροφα</span> <span class='ocrx_word' id='word_1_756' title='bbox 3348 5605 3507 5664; x_wconf 76' lang='grc' dir='ltr'>εἶναι.</span> <span class='ocrx_word' id='word_1_757' title='bbox 3553 5608 3753 5675; x_wconf 70' lang='grc' dir='ltr'>Ἐξορί-</span> 
     </span>
    </p>
   </div>
  </div>
