4062 6428
328 366 437 429 865
1364 371 1590 432 SCALA
1622 370 2007 432 PARADISI.
2027 395 2102 407 -
2127 371 2436 433 GRADUS
2470 371 2588 432 III.
2690 368 2695 375 ’
3506 370 3617 433 6C6

330 481 487 546 ξεται
521 477 794 542 ἀκουσίως
822 479 857 548 ἡ
888 475 1002 533 Εὕα
1040 479 1137 532 τοῦ
1170 483 1522 553 παραδείσου,
1565 483 1660 535 καὶ
1692 482 1923 550 μοναχδς
1954 535 1955 543 χ

2057 481 2135 548 lui
2188 484 2342 536 doces
2388 482 2579 545 alium,
2625 488 2673 535 te
2715 481 2892 548 ipsum
2955 495 3061 533 non
3103 480 3257 533 doces
3288 478 3355 534 ".
3396 480 3622 549 perinde

334 571 603 634 ἑκουσίως
644 572 742 641 τῆς
774 572 971 625 ἑαυτοῦ
1025 573 1301 645 πατρίδος.
1357 575 1418 627 Ἦ
1474 574 1573 644 μὲν
1616 574 1725 645 γὰρ
1760 575 1922 627 πάλιν

2057 575 2189 645 μιοεὶ
2259 573 2610 629 diceretzbe
2661 574 2783 629 aliis
2839 571 3059 643 quidem
3123 571 3269 626 haud
3334 572 3487 637 scio;
3538 586 3625 624 se—

332 665 434 718 τοῦ
467 663 628 728 ξύλου
676 663 776 732 τῆς
847 663 1138 734 παρακοῆς
1180 664 1469 734 ἐπιθυμεῖν
1518 664 1826 734 ἔμελλεΨὸ
1872 664 1927 717 δὲ

2057 683 2209 736 psum
2256 676 2408 722 certe
2465 665 2575 736 30
2621 666 2855 736 quisque
2903 680 3068 719 nosse
3132 665 3368 733 penitus.
3429 673 3480 718 et
3512 678 3625 716 ser-

331 755 583 807 κὶνδυνον
614 756 679 808 ἐκ
704 753 814 806 τῶν
857 754 1002 807 κατὰ
1032 754 1212 826 σάρκα
1246 755 1524 823 συγγενῶν
1560 755 1779 819 πάντως
1802 754 1928 824 ὑφί-

2038 774 2171 812 vare
2218 758 2455 827 cogitur.
2504 758 3042 827 Peregrinabundus,
3073 773 3204 812 cave
3245 757 3627 825 vagabundum

336 862 507 899 στατο
548 844 648 916 (6).
712 844 1017 913 Ἀτεόφευγε
1060 845 1138 908 ὡς
1173 847 1282 899 ἀπὸ
1328 847 1612 916 μάστιγος,
1654 847 1781 909 τοὺς
1825 846 1932 899 τῶν

2057 861 2086 905 et
2175 850 2545 919 voluptarium
2616 851 2921 906 daemonem
2976 849 3395 920 :peregriualio
3480 848 3627 903 enim

336 936 652 1007 πτωμάτων
698 937 917 1000 τόπους.
983 937 1216 1008 Καρποῦ
1264 938 1376 1008 γὰρ
1431 938 1505 1009 μὴ
1551 939 1821 1011 παρόντος
1870 939 1933 991 οὐ

336 1029 588 1099 συνεχῶς
612 1027 944 1099 ὀρεγόμεθα.
972 1030 1124 1100 Μηδὲ
1174 1023 1329 1093 οὗτος
1357 1032 1386 1082 ὁ
1410 1030 1638 1101 τρόπος,
1669 1031 1765 1085 καὶ
1786 1031 1938 1095 δόλος

339 1119 455 1174 τῶν
491 1120 741 1173 κλεπτῶν
773 1119 1086 1175 λανθανέτω
1123 1137 1185 1174 σε
1212 1137 1226 1151 ·
1271 1121 1633 1176 ὑποϐάλλουσι
1664 1123 1775 1194 γὰρ
1806 1124 1938 1193 ἡμῖν

336 1212 455 1266 τῶν
478 1210 763 1284 κωμικῶν
791 1210 865 1281 μὴ
886 1210 1242 1281 χωρίζεσθαι,
1270 1211 1437 1264 πολὺν
1458 1212 1550 1265 τὸν
1575 1212 1768 1283 μισθὸν
1792 1214 1941 1284 ἡμᾶς

338 1303 595 1371 λέγοντες
630 1303 977 1373 κομίζεσθαι,
1008 1304 1169 1374 εἴπερ
1200 1302 1437 1373 ὁρῶντες
1466 1302 1529 1356 τὸ
1565 1302 1699 1373 Θῆλυ
1734 1304 1943 1358 ἑαυτῶν

341 1395 746 1467 κρατήσωμεν,
794 1389 1030 1446 οἷστισιν
1076 1394 1139 1446 οὐ
1174 1393 1459 1447 πείθεσθαι
1493 1394 1609 1459 δεῖ,
1649 1395 1851 1465 μᾶλλον
1884 1393 1943 1447 δὲ

341 1485 658 1540 τούναντίον
686 1487 883 1539 ποιεῖν.
911 1484 1082 1538 Ὅταν
1111 1484 1220 1537 τῶν
1249 1485 1466 1539 οἰκείων
1501 1485 1661 1556 ἡμῶν
1691 1487 1785 1539 ἐπὶ
1813 1486 1947 1557 χρό-

343 1595 457 1643 νον,
507 1576 542 1648 ἢ
590 1576 818 1648 χρόνους
864 1577 1327 1649 ἀναχωρήσαντες
1360 1579 1564 1648 μικράν
1611 1595 1733 1631 τινα
1776 1577 1939 1632 εὑλά·

345 1668 524 1732 σειαν,
560 1668 593 1736 ἢ
627 1667 943 1732 κατάνυξιν,
971 1666 1004 1738 ἢ
1041 1667 1372 1738 ἐγκράτειαν
1402 1668 1617 1730 ἑαυτοῖς
1647 1684 1941 1738 περιποιη-

348 1760 576 1830 σώμεθα
592 1778 607 1791 ·
634 1760 758 1813 τότε
779 1759 965 1812 λοιπὸν
986 1760 1036 1812 οἱ
1057 1759 1310 1829 λογισμοὶ
1329 1759 1429 1828 τῆς
1454 1759 1812 1830 ματαιότητος
1834 1760 1951 1812 ἔπι-

2038 942 2112 996 illi
2171 942 2518 997 occasionem
2592 943 2861 1013 propinat.
2938 944 3269 999 Prmclarum
3328 951 3414 997 est
3477 939 3630 995 omni

2038 1046 2222 1085 rerum
2287 1031 2652 1087 humanarum
2736 1032 2929 1087 aﬂ'ectu
2998 1046 3232 1097 vacare,
3292 1046 3455 1101 quam
3514 1044 3630 1084 rem

2043 1121 2206 1177 elﬁcit
2259 1123 2348 1179 hic
2386 1138 2658 1179 secessus.
2722 1123 2826 1189 Qui
2888 1124 3088 1179 Christi
3164 1139 3329 1179 causa
3387 1121 3634 1192 peregri-

2045 1224 2229 1280 natur,
2262 1214 2468 1270 nullius
2507 1217 2585 1271 rei
2636 1215 2912 1271 desiderio
2956 1216 3211 1279 trahitur,
3246 1215 3355 1269 nisi
3384 1210 3630 1277 Christi;

2045 1306 2249 1376 alioqui
2299 1307 2647 1363 errabundus
2681 1307 2849 1361 animi
2899 1306 2984 1361 sui
3033 1307 3257 1361 allectus
3303 1305 3636 1373 morbosque

2049 1400 2204 1467 sequi
2265 1399 2563 1454 videbitur.
2642 1399 2746 1465 Qui
2802 1398 3070 1454 mundum
3130 1396 3462 1461 deseruisti,
3514 1409 3637 1463 qua:

2051 1490 2242 1545 mundi
2317 1498 2448 1545 sunt
2504 1506 2572 1545 ne
2618 1490 2936 1560 contigeris.
3010 1489 3213 1543 Amant
3274 1488 3421 1541 enim
3459 1486 3635 1555 sopita

2051 1581 2327 1636 desideria
2364 1582 2709 1637 reviviscere.
2759 1581 2868 1636 Eva
2902 1595 3046 1651 aegre
3080 1595 3110 1634 a
3164 1578 3417 1649 paradiso
3448 1576 3635 1630 avulsa

2052 1677 2140 1724 est
2170 1669 2500 1737 :religiosus
2532 1679 2726 1737 sponte
2771 1671 2938 1724 animi
2984 1685 3015 1722 a
3050 1670 3223 1737 patria
3261 1666 3495 1721 exsulat.
3542 1663 3638 1717 Illa

2054 1760 2200 1815 enim
2262 1760 2468 1832 lignum
2540 1760 2922 1815 inobedientiaa
3000 1774 3221 1812 rursum
3280 1754 3638 1825 concupitura

347 1823 577 1914 στάντες
602 1849 933 1922 πορεύεσθαι
953 1852 1086 1921 ἡμῖν
1109 1823 1272 1904 πάλιν
1292 1823 1494 1922 ἐπὶ-τήν
1512 1823 1722 1904 οἰκείαν
1743 1849 1944 1921 πατρί-

2057 1860 2167 1907 erat
2216 1851 2354 1906 :hic
2439 1850 2811 1907 certissimum
2885 1849 3080 1905 salutis
3158 1847 3459 1918 periculum
3528 1859 3625 1912 per

346 1943 415 1996 δα
438 1942 829 2013 ἐπιτρέπουσιν
849 1944 929 2005 είς
949 1943 1242 2013 οἰκοδομὴν
1264 1942 1498 2009 πολλῶν,
1521 1943 1710 2013 φησὶν,
1731 1945 1827 1996 καὶ
1849 1944 1945 1997 τύ-

355 2051 481 2098 πον,
530 2032 625 2086 καὶ
656 2031 928 2100 ὠφέλειαν
956 2031 1066 2086 τῶν
1101 2033 1202 2095 τὰς
1232 2031 1461 2103 πράξεις
1495 2033 1653 2104 ἡμῶν
1676 2033 1775 2096 τὰς
1802 2032 1934 2087 ἀθε-

363 2124 559 2195 μίτους
580 2124 944 2179 σκοπούντων.
975 2125 1039 2179 Ei
1067 2125 1125 2178 δὲ
1158 2125 1252 2177 καὶ
1279 2125 1463 2193 λόγου,
1484 2126 1582 2179 καὶ
1617 2126 1779 2195 φίλης
1801 2126 1945 2195 γνώο

360 2233 504 2279 σεως
535 2216 892 2288 εὐποροῦντες
908 2217 1274 2287 τυγχάνομεν,
1308 2218 1432 2270 τότε
1468 2217 1651 2270 λοιπὸν
1675 2216 1750 2281 ώς
1769 2218 1947 2291 σωτῆ-

352 2325 458 2379 ρας
502 2308 713 2378 ψυχῶν,
752 2308 849 2362 καὶ
885 2308 1247 2372 διδασκάλους
1284 2311 1434 2379 ἡμᾶς
1472 2310 1534 2362 ὲν
1568 2310 1720 2380 αὐτῷ
1748 2311 1944 2382 κόσμῳ

347 2399 772 2463 ὑποϐάλλουσιν,
824 2397 913 2452 ἵνα
957 2398 1026 2452 τὰ
1055 2401 1115 2452 ὲν
1143 2399 1222 2469 τῷ
1253 2399 1434 2468 λιμένι
1469 2400 1809 2471 συναχθέντα
1843 2419 1945 2455 κα-

345 2489 481 2554 λῶς,
510 2493 568 2543 ὲν
600 2490 682 2560 τῷ
717 2491 945 2560 πελάγει
981 2492 1170 2554 κακῶς
1208 2491 1574 2561 σκορπίσωσι.
1617 2493 1710 2562 Μὴ
1739 2494 1840 2564 τὴν
1868 2493 1946 2565 (7)

346 2584 616 2650 γυναῖκα,
669 2582 787 2636 ἀλλ’
836 2582 1008 2636 αὑτὸν
1058 2582 1153 2636 τὺν
1207 2582 1334 2637 Λὼτ
1380 2582 1670 2653 μιμεῖσθαι
1713 2585 1951 2636 σπουδά-

349 2692 579 2744 σωμεν-
623 2676 774 2746 ψυχὴ
816 2676 927 2745 γὰρ
967 2676 1047 2744 (8)
1083 2677 1391 2744 στραφεῖσα
1420 2674 1545 2728 ὅθεν
1579 2674 1830 2745 ἐξῆλθεν,
1869 2676 1945 2739 ὡς

344 2768 414 2822 τὺ
444 2768 588 2831 ἃλας
621 2767 1065 2839 μωρανθήσεται,
1110 2767 1206 2821 καὶ
1248 2767 1511 2838 ἀκίνητος
1542 2768 1731 2821 λοιπὸν
1771 2769 1946 2837 μένει.

346 2861 531 2929 Φεῦγε
581 2859 860 2930 Αἴγυπτον
903 2859 1338 2930 ἀμεταστρεπτί.
1372 2861 1440 2912 Al
1479 2858 1590 2930 γὰρ
1618 2862 1951 2930 στραφεῖσαι

351 2954 583 3025 καρδίαι
616 2953 738 3007 ἐκεῖ
759 2951 861 3020 τὴν
882 2951 1002 3020 ’γῆν
1026 2953 1128 3022 τῆς
1157 2950 1433 3015 ἀπαθείας
1468 2951 1830 3023 Ἰερουσαλὴμ
1851 2954 1953 3006 οὐκ

349 3046 675 3102 ἐθεάσαντο.
711 3032 909 3099 Ἔστιν
953 3045 1011 3097 ὲν
1072 3044 1388 3115 προοιμίοις
1441 3044 1532 3097 διὰ
1596 3043 1658 3097 τὸ
1682 3044 1953 3114 νηπιῶδες

352 3141 730 3203 ἀπολιπόντας
773 3140 844 3193 τὰ
887 3139 1088 3205 οἰκεῖα,
1139 3139 1236 3193 καὶ
1289 3138 1515 3203 τελείως
1550 3139 1949 3209 καθαρθέντας,
1981 3181 2024 3209 ,,

2007 3221 2025 3238 ⁴
2060 3223 2263 3291 pimus,
2329 3229 2385 3276 et
2429 3219 2822 3275 continentiam
2854 3215 3321 3285 comparavimus,
3351 3221 3465 3265 tum
3521 3223 3654 3264 vero

352 3234 495 3301 πρὸς
525 3232 671 3287 αὐτὰ
701 3231 1098 3303 συμφερόντως
1127 3232 1559 3302 ἐπιστραφῆναι,
1604 3232 1735 3295 ῖσως
1761 3231 1953 3303 σκοπῷ

334 3326 454 3380 -τοῦ
510 3326 653 3397 μετὰ
703 3325 764 3379 τὸ
795 3325 1036 3396 σωθῆναι
1062 3324 1239 3378 σῶσαί
1266 3341 1441 3388 τινας.
1471 3324 1694 3396 Καίπερ
1726 3326 1791 3378 ὲκ
1818 3324 1955 3378 Θεοῦ

362 3420 571 3490 Μωσῆς
617 3421 832 3481 ἐκεῖνος
873 3420 902 3471 ὁ
927 3418 1188 3488 θεόπτης,
1226 3417 1367 3487 πρὸς
1393 3417 1672 3488 σωτηρίαν
1699 3416 1795 3472 τοῦ
1825 3419 1958 3487 ὀμο-

366 3509 754 3577 φύλουγένους
782 3508 1131 3571 ἀποσταλεὶς,
1183 3506 1414 3570 πολλοὺς
1446 3508 1506 3560 ὲν
1533 3508 1798 3580 Αἰγύπτῳ
1823 3510 1956 3572 τοὺς

367 3600 662 3663 κινδύνους,
680 3602 851 3671 ἧγουν
868 3601 928 3652 ἐν
939 3599 1015 3670 τῷ
1030 3598 1222 3670 κόσμῳ
1236 3599 1361 3662 τοὺς
1375 3601 1720 3671 σκοτασμοὺς
1735 3600 1956 3671 ἔσχηκε.

361 3693 545 3747 Καλὸν
584 3693 828 3763 λυπῆσαι
861 3695 1062 3761 γονεῖς,
1099 3693 1193 3745 καὶ
1241 3693 1315 3762 μὴ
1374 3691 1582 3763 Κύριον
1611 3709 1625 3723 ·
1652 3695 1681 3745 ὁ
1726 3695 1822 3764 μὲν
1849 3694 1959 3767 γὰρ

358 3785 460 3838 καὶ
486 3784 713 3847 ἔπλασε,
753 3784 849 3837 κα“ι⁵
877 3784 1082 3837 ἔσωσεν
1105 3800 1120 3814 ·
1151 3784 1201 3836 oi
1237 3783 1293 3836 δὲ
1317 3783 1578 3848 πολλάκις
1610 3784 1706 3849 οὓς
1733 3787 1958 3858 ἠγάπη-

366 3892 495 3938 σαν,
529 3874 821 3939 ἀπόλεσαν,
873 3875 969 3929 καὶ
1008 3878 1073 3945 τῇ
1134 3875 1356 3929 κολάσει
1397 3876 1729 3946 παρέδωκαν
1762 3895 1775 3908 ·
1810 3875 1959 3942 ξένος

369 3966 581 4029 ἐκεῖνος
602 3983 737 4020 εστι·
778 3968 807 4020 ὁ
843 3965 920 4028 ὡς
954 3965 1032 4036 (9)
1058 3964 1437 4033 ἀλλόγλωσσος
1456 3967 1513 4018 ὲν
1534 3966 1960 4037 ἑτερογλώσσοις

371 4056 628 4130 [ἔθνεσι]
663 4060 721 4112 ἐν
755 4057 957 4127 γνώσει
1009 4056 1342 4127 καθήμενος.
1385 4058 1462 4111 Οὐ
1519 4058 1632 4128 (10)
1669 4057 1959 4130 μισοῦντες

366 4153 536 4221 ἡμεῖς
579 4152 702 4215 τοὺς
747 4149 983 4215 οἰκείους
1015 4148 1246 4215 ἑαυτῶν,
1277 4150 1311 4221 ἢ
1341 4151 1467 4214 τοὺς
1509 4150 1714 4214 τόπους
1745 4153 1959 4222 ἀναχω-

365 4238 595 4309 ροῦμεν,
634 4239 709 4310 μὴ
732 4238 945 4307 γένοιτο
975 4239 990 4291 l
1022 4237 1157 4291 ἀλλά
1186 4238 1301 4310 κτὴν
1333 4237 1392 4305 ἐξ
1407 4236 1586 4292 αὐτῶν
1616 4241 1751 4309 ἡμῖν
1774 4256 1953 4312 προσ-

362 4331 667 4402 γινομένην
714 4330 922 4401 βλάϐην
960 4330 1353 4400 ἐκφεύγοντες.
1414 4328 1503 4396 Ὦς
1550 4334 1611 4386 ὲν
1653 4334 1812 4393 πᾶσι,
1865 4332 1960 4386 καὶ

364 4427 425 4479 ὲν
438 4422 658 4487 τούτοις
685 4423 898 4492 γίνεται
922 4425 1054 4494 ἡμῖν
1078 4424 1121 4476 Χ
1131 4423 1312 4493 ριστδς
1327 4424 1441 4486 τοῖς
1452 4422 1679 4492 ἀγαθοῖς
1698 4423 1959 4479 διδάσκαι·

2046 1950 2308 2012 cognatos
2375 1943 2645 1998 aditurus.
2690 1941 2922 2012 Refuge,
2970 1956 3080 1996 non
3153 1954 3313 1995 secus
3384 1947 3548 2007 atque
3609 1950 3640 1989 a

2046 2030 2241 2102 ﬂagro,
2304 2034 2425 2088 loca
2476 2049 2601 2102 quae
2649 2032 2744 2088 tibi
2801 2032 2987 2102 lapsus
3072 2037 3128 2085 et
3200 2028 3410 2099 peccati
3479 2039 3641 2080 occa-

2049 2123 2261 2179 sionem
2309 2124 2575 2193 prtebent.
2631 2121 2865 2177 Pomum
2925 2122 3128 2176 absens
3174 2135 3282 2175 non
3319 2118 3395 2173 ita
3449 2131 3646 2187 perpe-
3722 2157 3730 2166 .

2048 2222 2147 2269 tuo
2194 2216 2489 2285 appetitur,
2546 2230 2611 2270 ac
2670 2228 2929 2283 praesens.
2998 2211 3110 2267 Nec
3184 2212 3288 2266 iste
3351 2219 3405 2265 te
3481 2207 3643 2263 dolus

2049 2314 2315 2374 astusque
2372 2303 2675 2373 stygiorum
2730 2300 3111 2357 tenebrionum
3176 2297 3369 2368 fugiat.
3434 2296 3647 2364 Sugge-

2049 2408 2181 2452 runt
2225 2397 2369 2451 enim
2407 2395 2667 2450 nobisne
2719 2394 2790 2447 ab
2844 2390 3128 2446 hominum
3193 2389 3367 2443 turbis
3415 2386 3648 2443 seceda—

2053 2507 2212 2555 mus,
2246 2490 2390 2560 quod
2430 2503 2686 2558 magnum
2731 2486 2857 2541 inde
2896 2485 3083 2555 gloria:
3125 2482 3411 2553 praemium
3470 2480 3647 2535 simus

2053 2581 2318 2647 relaturi,
2372 2580 2418 2635 si
2476 2579 2738 2634 feminam
2797 2576 2976 2631 oculis
3021 2573 3397 2643 contemplati,
3447 2571 3515 2625 ab
3553 2569 3647 2624 illa

2053 2682 2235 2729 tamen
2307 2688 2410 2727 nos
2472 2670 2925 2726 abstinuerimus.
2997 2667 3118 2721 Non
3168 2674 3299 2721 sunt
3351 2665 3406 2717 hi
3486 2662 3650 2716 nobis

2054 2764 2347 2830 audiendi,
2382 2763 2496 2819 imo
2545 2770 2737 2818 contra
2782 2760 3088 2815 nitendum.
3143 2757 3376 2824 Quando
3423 2770 3452 2808 a
3488 2754 3651 2808 fami-

2054 2857 2283 2912 liaribus
2332 2864 2389 2910 et
2436 2853 2756 2911 domesticis
2785 2866 2956 2906 unum
3003 2852 3342 2912 alterumve,
3382 2855 3479 2902 aut
3506 2861 3653 2901 com-

2057 2951 2242 3020 plures
2291 2949 2457 3002 etiam
2510 2960 2687 3000 annos
2744 2944 3016 3015 sejuncti,
3085 2940 3524 3012 qualemqualem
3592 2939 3649 2992 in

2061 3040 2358 3096 solitudine
2415 3037 2634 3108 pietatis
2678 3035 2919 3090 fructum
2980 3034 3233 3096 tulimus,
3290 3030 3653 3098 doloremque

2059 3133 2126 3187 de
2179 3139 2371 3186 exacta
2430 3144 2556 3185 cum
2613 3127 2857 3198 peccatis
2918 3125 3031 3179 vita
3081 3139 3203 3180 cum
3265 3123 3412 3176 luctu
3454 3133 3654 3175 conce-

2059 3315 2220 3369 nobis
2286 3313 2485 3382 ineptae
2564 3327 2691 3366 mox
2771 3307 3134 3385 cogitatiopes
3207 3305 3276 3360 de
3350 3301 3650 3373 repetenda

2060 3406 2233 3476 patria
2290 3412 2607 3467 occursant,
2669 3403 2751 3457 uti
2815 3401 3025 3462 multis,
3074 3413 3215 3467 quos
3265 3404 3395 3451 ante
3436 3408 3653 3448 morum

2058 3499 2329 3568 pravitate
2378 3495 2731 3559 offendimus,
2788 3492 3039 3562 exemplo
3080 3490 3185 3560 31
3222 3487 3348 3541 vita:
3403 3497 3657 3551 novaque

2058 3590 2276 3644 vivendi
2347 3589 2561 3643 ratione
2638 3588 2704 3642 ad
2775 3585 3136 3640 imitationem
3207 3591 3650 3651 permoveamus.

2061 3682 2221 3751 Quod
2274 3682 2322 3737 si
2390 3695 2500 3751 qua
2550 3679 2712 3734 nobis
2751 3676 2968 3732 dicendi
3027 3673 3280 3738 facultas,
3324 3678 3418 3725 aut
3475 3669 3658 3737 aliqua

2061 3790 2245 3831 rerum
2296 3773 2538 3843 cognitio
2592 3770 2778 3834 inerit,
2817 3778 2930 3824 tum
2986 3782 3088 3821 nos
3132 3765 3366 3819 eximios
3423 3761 3658 3815 aliorum

2062 3866 2389 3933 magistros,
2459 3873 2513 3918 et
2580 3864 2836 3916 doctores
2891 3859 3261 3925 ductoresque
3337 3853 3532 3907 salutis
3602 3850 3657 3902 in

2063 3959 2269 4030 populo
2330 3957 2447 4012 fore
2508 3955 2831 4025 praedicant,
2900 3951 2977 4006 uti
3036 3948 3327 4003 collectum
3385 3944 3439 3997 in
3494 3949 3656 4011 portu

2062 4053 2382 4107 thesaurum
2427 4048 2511 4121 [ut
2577 4048 2717 4102 bene
2769 4053 2949 4116 parta,
2999 4042 3142 4095 male
3190 4032 3546 4105 dissipemus]
3601 4033 3658 4087 in

2063 4143 2289 4214 pelagus
2330 4154 2656 4210 spargamus
2692 4135 2773 4207 [in
2832 4133 2969 4187 mari
3018 4123 3394 4199 dissipemos].
3436 4123 3659 4214 Lotum,

2040 4211 2462 4290 Vnon'uxorem
2518 4230 2637 4285 Loti
2689 4225 2891 4283 imitari
2926 4221 3266 4278 studeamus.
3310 4216 3445 4270 Nam
3502 4211 3659 4282 quis-

2063 4325 2189 4396 quis
2235 4323 2301 4378 ad
2366 4335 2429 4377 ea
2504 4319 2650 4373 unde
2698 4315 2832 4370 abiit
2885 4311 3209 4376 revertitur,
3259 4316 3520 4375 tanquam
3577 4299 3661 4355 sal

2065 4415 2457 4476 infatuabitur,
2499 4420 2554 4466 et
2592 4409 2852 4476 deinceps
2890 4404 2974 4475 (ut
3012 4411 3192 4458 statua
3228 4398 3342 4467 illa)
3399 4396 3661 4450 immotus

364 4513 481 4575 λος.
511 4484 772 4567 Φαίνεται
804 4512 914 4584 γὰρ
935 4484 1033 4565 καὶ
1053 4484 1217 4574 αὐτὸς
1247 4484 1375 4574 τοὺς
1397 4484 1578 4580 γονεῖς
1600 4484 1745 4565 κατὰ
1778 4511 1955 4583 σάρκα

2070 4508 2421 4562 obdurescet.
2471 4501 2768 4571 Egyptum
2824 4497 2943 4551 sine
3006 4507 3102 4562 spe
3158 4488 3443 4545 reditionis
3487 4484 3659 4554 fuge:

365 4604 635 4667 πολλάκις
681 4603 1000 4658 καταλιπών
1024 4619 1040 4633 ·
1088 4603 1186 4655 καὶ
1215 4603 1369 4673 παρά
1411 4619 1573 4656 τινων
1614 4603 1854 4658 ἀκούων·
1904 4603 1955 4659 Ἐ

2076 4613 2203 4653 nam
2244 4610 2481 4667 quorum
2535 4592 2704 4647 animi
2756 4588 2993 4645 cordave
3034 4586 3166 4640 illuc
3236 4594 3456 4636 reversa
3509 4584 3661 4638 sunt,

366 4698 566 4767 μήτηρ
583 4711 721 4758 σου,
753 4697 855 4751 καὶ
877 4699 933 4750 οἱ
948 4694 1202 4764 ἀδελφοί
1221 4708 1340 4748 σου
1359 4692 1604 4762 ζητοῦσι
1633 4710 1709 4749 σε
1732 4712 1745 4726 ⁶
1778 4695 1974 4750 θᾶττον

367 4792 397 4843 ό
435 4789 606 4852 καλὸς
629 4788 788 4859 ήμῶν
830 4789 1060 4859 Κύριος,
1091 4786 1187 4841 καὶ⁵
1203 4785 1530 4849 διδάσκαλος
1561 4786 1773 4849 ἀπαθὲς
1807 4789 1968 4857 μῖσος

370 4881 656 4948 ἐπέδειξεν
672 4880 862 4935 εἰπών·
880 4883 1093 4947 Μήτηρ
1104 4896 1245 4949 μου,
1266 4881 1367 4934 καὶ
1389 4879 1644 4949 ἀδελφοί
1676 4880 1794 4948 μού
1813 4882 1974 4933 εἰσιν

372 4977 427 5028 ci
443 4973 764 5039 ποιοῦντες
779 4973 848 5027 τὸ
870 4971 1104 5042 θέλημα
1131 4974 1239 5029 τοῦ
1252 4973 1486 5042 Πατρός
1497 4989 1618 5041 μου
1636 4971 1742 5025 τοῦ
1756 4971 1827 5025 ἐν
1849 4970 1972 5036 τοῖς

372 5066 682 5133 οὐρανοῖς.
712 5066 895 5120 Ἔστω
923 5082 1017 5120 σου
1052 5064 1235 5137 πατὴρ
1287 5066 1319 5121 b
1354 5063 1490 5135 πρὸς
1517 5064 1580 5116 τὸ
1604 5062 1827 5134 φορτίον
1861 5063 1973 5117 τῶν

374 5160 797 5230 ἁμαρτημάτων
840 5157 1212 5227 συγκοπιάσαι
1259 5155 1579 5226 δυνάμενος,
1631 5156 1728 5208 καὶ
1790 5152 1976 5224 βουλό-

380 5270 565 5321 μενος,
596 5254 781 5324 μήτηρ
824 5253 903 5315 δὲ,
939 5253 974 5321 ή
1009 5247 1329 5314 κατάνυξις,
1358 5251 1391 5320 ἡ
1427 5247 1740 5301 ἀποπλῦναι
1784 5263 1845 5300 σε
1878 5248 1972 5301 τοῦ

381 5344 559 5414 ῥύπου
592 5344 853 5415 ἰσχύουσα
871 5360 888 5376 ο
912 5342 1145 5412 ἁδελφὸς
1175 5342 1254 5405 δὲ,
1277 5344 1307 5396 ὁ
1342 5342 1485 5414 πρὸς
1516 5340 1608 5395 τὸν
1638 5339 1844 5412 δρόμον
1871 5340 1968 5393 τὸν

380 5437 499 5490 ἄνω
545 5436 839 5507 συμπονῶν
887 5435 986 5490 καὶ
1034 5434 1520 5505 συναμιλλώμενος
1547 5449 1562 5466 ο
1595 5432 1799 5503 κτῆσαι
1843 5433 1980 5503 σύμ-

384 5532 506 5582 ὕιον
557 5528 984 5583 άναπὸσπαστον
1027 5527 1249 5598 μνήμην
1295 5524 1556 5579 θανάτου-
1589 5524 1759 5578 τέκνα
1788 5523 1844 5578 δέ
1882 5541 1978 5578 σου

384 5623 590 5693 φιλητὰ
613 5623 859 5676 ἔστωσαν
897 5620 1196 5691 στεναγμοὶ
1241 5617 1492 5689 καρδίας.
1535 5618 1734 5672 Δοῦλον
1780 5618 1982 5689 κτῆσαι

468 5825 512 5857 ³⁷
553 5825 708 5880 “om.
737 5839 796 5888 ιι,
820 5823 912 5875 2|.

2076 4690 2261 4745 sedem
2332 4687 2486 4758 pacis
2565 4693 2620 4740 et
2691 4677 3101 4751 tranquillitatis
3171 4672 3475 4729 Jerusalem
3553 4682 3663 4722 non

2073 4783 2355 4837 viderunt.
2419 4778 2562 4834 Sunt
2618 4786 2799 4831 tamen
2861 4772 2957 4843 qui
3029 4769 3269 4840 primum
3339 4760 3666 4820 innocentia:

2074 4871 2293 4927 tuendae
2385 4884 2552 4925 causa
2621 4867 2854 4938 patriam
2926 4863 3255 4923 deseruere,
3326 4872 3395 4912 ac
3446 4854 3667 4909 demum

2077 4963 2409 5021 confirmato
2448 4969 2856 5030 repurgatoquc
2892 4956 3099 5019 animo,
3153 4968 3265 5007 non
3299 4950 3419 5005 sine
3462 4947 3665 5010 fructu,

2078 5057 2145 5111 ad
2180 5055 2429 5110 eamdem
2481 5052 2809 5108 reviserunt.
2843 5063 2912 5103 eo
2966 5061 3095 5101 reor
3145 5043 3367 5106 animo,
3425 5038 3505 5093 uti
3539 5050 3666 5106 par-

2079 5156 2188 5200 tam
2247 5144 2352 5200 sibi
2410 5143 2639 5197 salutem
2707 5141 2831 5195 aliis
2865 5139 3031 5193 etiam
3086 5132 3362 5191 nonnullis
3430 5126 3670 5197 imperti—

2076 5249 2290 5294 rentur.
2362 5235 2595 5303 Quanlo
2662 5234 2883 5289 divinus
2926 5231 3017 5286 ille
3064 5235 3361 5298 spectator,
3419 5228 3478 5277 et
3539 5234 3663 5275 con-

2082 5332 2373 5402 templator
2425 5327 2683 5383 Numinis
2763 5325 2982 5396 Moyses
3052 5321 3121 5376 ad
3204 5325 3422 5390 gentem
3484 5326 3667 5378 suam,

2081 5424 2313 5496 publica:
2371 5420 2567 5476 salutis
2623 5434 2810 5484 causa,
2876 5433 2908 5471 a
2958 5414 3072 5469 Deo
3125 5410 3413 5470 remissus,
3467 5403 3672 5496 multo.

2078 5492 2455 5588 periculorum
2516 5528 2678 5568 casus
2723 5510 2878 5575 adiit,
2931 5506 3214 5574 multaque
3268 5496 3460 5554 mundi
3539 5492 3671 5588 cali-

2078 5581 2211 5685 -gine
2279 5617 2333 5667 et
2412 5616 2572 5664 nocte
2635 5620 2775 5675 saepe
2832 5602 3109 5657 involutus
3155 5602 3260 5651 est.
3316 5590 3542 5647 Prastat
3592 5581 3676 5641 of-
