4062 6428
441 333 545 396 667

1714 344 1773 402 S.
1809 343 2130 404 JOANNIS
2150 345 2458 406 CLIMACI

3617 368 3723 432 668

439 444 665 499 fendere
736 455 1026 515 parentes,
1089 465 1254 518 quam
1318 449 1610 506 Dominum
1694 466 2027 521 parentum:

2144 457 2230 511 σὺν
2261 459 2440 529 σῶμα.
2491 459 2617 529 (Η)
2659 461 2852 524 Φίλους
2902 462 2959 514 δὲ
3002 465 3098 528 τὰς
3135 467 3296 536 ἁγίας
3325 470 3606 542 δυνάμεις,
3637 481 3722 533 ατ.

441 538 531 592 hic
596 537 742 591 enim
819 547 869 594 te
949 540 1201 595 formavit
1263 552 1315 596 et
1397 543 1688 608 liberavit;
1740 546 1815 601 illi
1871 563 2034 616 saepe,

441 644 585 699 quos
654 631 1004 698 dilexerunt,
1071 635 1389 702 perdidere,
1447 639 2037 710 mternisque-infero-

442 736 565 774 rum
637 722 968 776 cruciatibus
1026 724 1315 779 tradidere.
1385 725 1723 798 Peregrinus
1774 739 1891 794 est,
1942 732 2034 801 qui

442 813 592 865 velut
642 821 822 866 mutus
886 814 1025 868 inter
1088 817 1392 886 peregrinae
1435 818 1632 889 lingua:
1677 830 1866 891 gentes
1913 838 2036 876 om-

442 905 596 958 nium
689 907 1000 975 intelligens
1072 918 1336 965 moratur.
1419 909 1555 965 Cum
1613 914 1799 968 relicta
1860 917 2034 985 patria

441 997 499 1051 in
556 995 905 1051 solitudinem
946 998 1275 1063 secedimus,
1343 1015 1450 1055 non
1495 1002 1547 1058 id
1584 1004 2033 1070 domesticorum,

430 1087 530 1157 :vel
591 1087 836 1141 locorum
882 1088 1009 1142 odio
1078 1087 1310 1147 facimus
1359 1110 1372 1146 :
1419 1092 1561 1148 absit
1634 1094 1740 1150 hoc
1795 1111 1828 1152 a
1876 1096 2036 1152 nobis

443 1176 720 1246 piaculum
751 1196 764 1232 :
795 1179 890 1233 sed
926 1179 1052 1234 inde
1077 1180 1318 1252 fugimus
1343 1183 1450 1253 32
1490 1195 1549 1239 ut
1585 1185 1846 1242 damnum
1876 1188 2036 1245 nobis

442 1267 661 1322 illorum
720 1282 886 1323 causa
951 1271 1246 1326 imminens
1296 1275 1580 1330 evitemus.
1663 1275 2034 1342 Quemadmo-

429 1335 580 1446 :dum
643 1359 767 1415 aliis
817 1361 1075 1418 omnibus
1127 1364 1179 1417 in
1243 1365 1448 1430 rebus,
1507 1367 1578 1421 ita
1633 1335 1711 1424 in—
1743 1369 1845 1426 hac
1899 1385 2036 1440 quo-

430 1466 556 1528 Ique
613 1467 673 1507 re
725 1452 992 1510 Dominus
1047 1455 1203 1511 nobis
1260 1457 1542 1525 magister,
1601 1468 1657 1513 et
1725 1462 2033 1529 exemplum

445 1543 679 1598 exstitit.
751 1545 978 1600 Videtur
1025 1547 1209 1614 enim,
1269 1557 1324 1602 et
1381 1549 1498 1619 ipse
1576 1566 1719 1620 saepe
1785 1561 2037 1622 parentes

429 1622 580 1706 fsuos
637 1638 947 1708 reliquisse.
1008 1638 1142 1694 Nam
1206 1656 1331 1697 cum
1377 1643 1445 1696 ab
1480 1643 1809 1712 quibusdam
1871 1646 2032 1704 audi-

430 1716 548 1812 :ret,
588 1728 760 1784 Mater
789 1740 880 1784 tua
934 1741 983 1786 et
1032 1733 1226 1801 fratres
1269 1733 1347 1788 tui
1404 1746 1647 1805 quierunt
1691 1747 1743 1792 te
1787 1737 1866 1804 “,
1895 1739 2036 1806 opti-

2139 564 2285 611 τινες
2334 549 2392 601 ὲν
2435 548 2614 620 καιρῷ
2661 551 2843 616 ἐξόδου
2898 551 3180 626 ὠφελῆσαί
3222 575 3281 611 σε
3305 559 3590 628 δύνανται,
3628 570 3722 624 ἐὰν

2139 638 2285 707 φίλοι
2315 657 2410 692 σου
2447 641 2704 708 γίνωνται
2732 659 2744 671 °
2783 663 2800 694 ι
2837 643 2984 712 Αὕτη
3027 649 3061 718 ἡ
3087 651 3251 716 γενεά
3283 651 3592 723 ζητούντων
3635 662 3724 716 τὸν

2139 727 2399 799 Κύριον,ι
2444 730 2552 802 (12)
2581 732 2744 796 πόθος
2777 733 2912 787 Θεοῦ
2957 737 3261 794 ἀπέσϐεσεν
3305 744 3472 799 πόθον
3498 751 3724 816 γονέων.

2151 817 2212 868 '0
2242 817 2300 870 δὲ
2351 816 2524 884 λέγων
2581 820 2867 891 ἀμφότερα
2911 822 3078 892 ἔχειν,
3130 828 3479 902 πεπλάνηκεν
3533 838 3730 893 ἑαυτὸν

2139 906 2353 962 ἀκούων
2379 909 2471 962 τοῦ
2511 910 2791 978 λέγοντος·
2824 913 3036 981 Οὐδεὶς
3063 917 3314 975 δύναται
3347 923 3457 994 [15)
3475 926 3618 982 δυσὶ
3633 947 3730 984 κυ-

2131 999 2292 1067 ρίοις
2317 1001 2653 1068 δουλεύειν,
2683 1005 2776 1057 καὶ
2796 1005 2865 1058 τὰ
2883 1005 3030 1076 ἑξῆς.
3075 1013 3199 1065 Οὐκ
3237 1007 3452 1084 ἦλθον,
3485 1023 3653 1091 φησὶν
3702 1025 3730 1076 ό

2141 1089 2367 1160 Κύριος,
2397 1093 2647 1161 εἰρήνην
2665 1093 2888 1157 ,βαλεῖν
2918 1096 3020 1150 ἐπὶ
3052 1097 3162 1167 τῆς
3191 1100 3306 1170 γῆς
3334 1089 3558 1174 (γονέων
3592 1110 3731 1180 πρὸς

2141 1186 2292 1249 υἱοὺς
2322 1186 2418 1238 καὶ
2455 1185 2718 1255 ἀδελφοὺς
2760 1188 3045 1245 δουλεῦσαί
3069 1208 3168 1262 μοι
3199 1199 3730 1272 προαιρουμένους),

2139 1277 2300 1332 ἀλλὰ
2317 1277 2524 1346 μάχην
2544 1278 2641 1332 καὶ
2651 1279 2978 1349 μάχαιραν,
3000 1282 3220 1353 διχάσαι
3251 1287 3538 1356 φιλοθὲους
3558 1291 3623 1346 ὲκ
3644 1310 3735 1361 φι-

2138 1367 2420 1438 λοκόσμων
2439 1383 2453 1398 ·
2491 1369 2710 1435 ὑλικοὺς
2741 1371 2802 1436 ἐξ
2830 1373 3034 1439 ἀῢλων,
3059 1375 3368 1444 φιλοδόξους
3395 1379 3462 1432 ὲκ
3481 1398 3738 1438 tamm-

2139 1459 2372 1529 φρόνων.
2401 1460 2764 1532 Εύφραίνεται
2792 1463 2902 1534 γὰρ
2936 1464 3142 1537 Κύριος
3195 1467 3285 1521 ἐπ’
3317 1471 3620 1545 ἀμφιϐολίᾳ
3640 1475 3741 1528 καὶ

2139 1551 2430 1622 χωρισμῷ,
2482 1551 2574 1605 διὰ
2619 1553 2722 1625 τὴν
2763 1554 2899 1625 πρὸς
2937 1556 3103 1610 αὑτὸν
3162 1558 3389 1632 ἀγάπην
3433 1565 3736 1636 γινομένῳ.

2141 1639 2285 1710 Ὅρα
2306 1642 2430 1712 ὅρα,
2471 1643 2547 1712 μή
2611 1660 2731 1704 πως
2780 1644 2990 1699 ὑδάτων
3011 1645 3082 1699 τὰ
3104 1647 3286 1704 πάντα
3313 1666 3397 1703 σοι
3438 1653 3744 1725 πεπληρω-

2143 1732 2304 1802 μένα,
2339 1736 2486 1805 φανῇ
2537 1734 2626 1788 διὰ
2659 1736 2760 1806 τὴν
2801 1737 3186 1808 προσπάθειαν
3232 1739 3344 1794 τῶν
3394 1744 3614 1799 οἰκείων
3653 1763 3743 1801 σοι

429 1797 572 1902 ξιηυε
645 1824 944 1893 magister,
1004 1797 1060 1880 et
1139 1797 1438 1897 prmceptor
1504 1837 1693 1885 noster
1754 1833 2034 1902 extemplo

2144 1797 2604 1892 ἀγαπητῶνῖκαὶ
2647 1797 2728 1894 sq;
2778 1797 3152 1900 κατακλυσμῷ
3201 1797 3744 1899 φιλονεικίαςῖσῦνζ

430 1907 640 1987 ξοάἰυιη
716 1917 926 1987 absque
1005 1918 1133 1978 odio
1179 1919 1322 1991 [sine
1379 1921 1526 1978 malo
1591 1921 1811 1996 affectu]
1880 1925 2038 1982 nobis
2071 1970 2089 1975 ..

430 2001 699 2075 exemplo
750 2007 1025 2073 ostendit,
1081 2009 1301 2078 quando
1377 2010 1556 2066 dixit:
1598 2012 1768 2068 Mater
1819 2031 1936 2069 mea
1987 2023 2040 2070 et

443 2097 642 2168 fratres
703 2099 806 2154 mei
855 2108 979 2153 sunt
1008 2139 1024 2165 ,
1075 2101 1164 2170 qui
1217 2101 1421 2170 faciunt
1481 2103 1808 2160 voluntatem
1847 2105 2039 2162 Patris

444 2189 572 2256 mei,
629 2189 722 2260 qui
773 2199 854 2244 est
891 2192 949 2244 in
992 2191 1138 2246 caelis
1169 2193 1238 2246 '9.
1296 2193 1456 2248 Pater
1515 2205 1644 2252 tuus
1691 2197 1783 2261 sit,
1847 2199 1942 2268 qui
1988 2208 2042 2255 te

441 2281 620 2349 possit
673 2289 727 2335 et
753 2280 882 2335 velit
913 2281 983 2336 ab
1035 2297 1203 2338 onere
1253 2294 1604 2353 peccatorum
1667 2288 1888 2356 levare;
1923 2305 2042 2344 ma-

442 2379 528 2424 ter
595 2379 685 2425 tua
749 2371 931 2427 luctus
963 2370 1360 2448 [compunctio]
1407 2392 1571 2446 super
1609 2381 1850 2447 peccatis
1877 2422 1891 2447 ,
1947 2381 2042 2450 qui

441 2461 614 2516 animi
669 2463 860 2518 sordes
910 2464 1447 2536 abstergat;frater,
1488 2468 1582 2538 qui
1633 2477 1688 2525 te
1736 2472 1802 2525 ad
1855 2487 2041 2528 rerum

441 2551 750 2608 caelestium
811 2569 1037 2610 cursum
1111 2555 1356 2627 adjuvet,
1417 2565 1710 2628 tecumque
1759 2569 1821 2614 ut
1890 2576 2043 2616 com-

440 2642 620 2699 milito
669 2644 876 2699 laboret
927 2661 994 2701 ac
1050 2657 1271 2716 pugnet.
1329 2648 1522 2715 Quaero
1586 2651 1682 2706 tibi
1751 2652 2043 2724 conjugem

445 2752 734 2808 nunquam
783 2739 1168 2809 separandum,
1222 2742 1503 2798 assiduam
1568 2744 1763 2798 mortis
1811 2744 2044 2799 medita-

442 2825 671 2882 tionem.
712 2825 838 2882 Nau’
893 2828 968 2882 tui
1012 2829 1324 2886 cbarissimi
1371 2831 1486 2888 sint
1541 2833 1786 2902 perpetui
1855 2834 2031 2905 gemi-

443 2925 536 2970 tus
588 2919 796 2985 cordis,
827 2934 1021 2976 servus
1074 2928 1200 2977 tuus
1253 2923 1326 2977 sit
1377 2937 1576 2992 corpus
1625 2930 1804 2977 tuum.
1861 2924 2040 2979 Amici

442 3009 692 3063 coalitum
772 3010 1036 3080 legiones,
1113 3027 1238 3081 quae
1297 3013 1418 3078 tibi,
1475 3013 1523 3068 si
1583 3012 1885 3070 familiares
1951 3015 2082 3070 hic.

444 3101 775 3168 reddideris,
828 3102 884 3157 in
943 3104 1186 3172 digressu
1239 3105 1406 3160 animi
1461 3121 1492 3160 a
1532 3120 1784 3176 corpore,
1841 3121 2112 3198 suppe-c

444 3194 553 3249 tias
631 3194 816 3252 ibunt.
886 3213 907 3248 ι
970 3195 1099 3252 Haec
1177 3206 1263 3254 est
1325 3199 1606 3268 generatio
1673 3200 2041 3269 quaerentium

445 3283 740 3340 Dominum
816 3286 886 3354 ⁸ο,
956 3305 976 3338 ι
1073 3287 1405 3344 desiderium
1485 3289 1609 3346 caeli
1701 3289 2038 3348 desiderium

445 3375 711 3431 exstinxit
781 3387 1106 3448 parentum.
1197 3378 1304 3446 Qui
1378 3381 1550 3451 jactat
1617 3397 1676 3440 se
1749 3369 2045 3455 utrumque

445 3465 757 3534 possidere,
809 3468 1053 3538 seipsum
1098 3469 1258 3538 fallit,
1317 3487 1442 3528 cum
1495 3474 1684 3530 audiat
1741 3475 2045 3531 reclaman-

445 3568 558 3614 tem
589 3577 604 3613 :
631 3558 799 3615 Nemo
845 3571 1014 3630 potest
1043 3563 1251 3619 duobus
1279 3564 1509 3620 dominis
1556 3568 1771 3635 servire,
1822 3577 1878 3624 et
1922 3584 2047 3640 quae

446 3660 758 3719 sequuntur
830 3653 897 3706 ³¹.
933 3652 1060 3709 Νοη
1112 3657 1248 3722 veni,
1313 3657 1543 3728 inquit,
1598 3661 1804 3715 mittere
1863 3677 2046 3731 pacem

444 3740 503 3795 iu
547 3750 744 3798 terram
801 3747 1111 3815 (parentum
1165 3764 1290 3816 erga
1340 3749 1512 3807 Filios
1587 3761 1642 3808 et
1691 3751 1891 3808 fratres
1949 3762 2044 3823 qui

446 3833 654 3888 servire
685 3835 819 3890 mihi
852 3836 1252 3910 decreverunt),
1286 3841 1377 3896 sed
1405 3841 1598 3896 bellum
1625 3851 1674 3897 et
1697 3843 1936 3914 gladium
1967 3845 2038 3910 ³¹,

443 3926 508 3972 ιιι
563 3935 811 3987 separent
855 3926 1096 3984 cultores
1144 3927 1240 3984 Dei
1288 3929 1359 3985 ab
1416 3932 1762 3988 amatoribus
1823 3933 2043 3998 mundi,

446 4016 648 4063 terram
738 4027 770 4066 a
846 4015 1027 4082 caelo,
1091 4017 1361 4087 superbos
1413 4020 1482 4074 ab
1552 4023 1868 4082 submissis.
1935 4023 2044 4081 De-

445 4099 679 4156 lectatur
709 4101 818 4174 33
843 4106 988 4160 enim
1022 4107 1291 4166 Dominus
1314 4111 1416 4168 hac
1435 4113 1777 4173 dissensione
1793 4125 1846 4172 et
1866 4132 2048 4175 seces-

445 4191 606 4248 sione
665 4209 765 4250 sua
819 4212 986 4254 causa
1021 4199 1186 4257 facta.
1246 4201 1409 4270 Cave,
1462 4221 1612 4272 cave,
1649 4223 1753 4273 ne,
1786 4209 2044 4268 omnibus

447 4296 722 4352 aquarum
780 4289 1143 4348 inundatione
1193 4295 1430 4361 obrutis,
1488 4314 1673 4354 rerum
1705 4301 2039 4359 domestica-

447 4391 573 4431 rum
618 4379 890 4436 desiderio
942 4393 1154 4452 tactus,
1198 4395 1254 4442 et
1303 4397 1511 4446 tractus
1561 4392 1725 4447 simul
1785 4393 2046 4454 illuvione

2145 1912 2414 1984 απέλθῃς.
2458 1913 2551 1983 Μὴ
2594 1914 2950 1990 οὶκτειρήσῃς
2983 1919 3192 1987 γονέων
3229 1921 3262 1992 ἢ
3293 1923 3466 1992 φίλων
3487 1925 3741 2000 δάκρυα·

2140 2003 2190 2056 εί
2217 2003 2273 2057 δὲ
2315 2004 2412 2075 μὴ,
2444 2005 2682 2069 αἰωνίως
2717 2007 2938 2077 μέλλεις
2962 2010 3247 2082 δακρύειν.
3281 2013 3516 2071 ὐπόταν
3541 2036 3602 2072 σε
3634 2037 3744 2074 πε-

2142 2094 2560 2167 ρικυκλώσωσιν
2618 2096 2809 2170 ὥσπερ
2865 2100 3138 2170 μέλισσαι,
3171 2105 3374 2174 μᾶλλον
3403 2109 3462 2162 δὲ
3500 2111 3743 2182 σφῆκες,

2147 2185 2346 2258 θρῆνον
2393 2189 2442 2240 oi
2490 2187 2613 2241 ἴδιοι
2652 2189 2969 2261 ποιούμενοι
3019 2193 3114 2247 ἐπὶ
3155 2196 3258 2263 σοὶ,
3289 2199 3571 2270 συντόμως
3601 2203 3745 2274 πρὸς

2141 2279 2233 2334 τὸν
2287 2279 2541 2344 θάνατον,
2577 2281 2673 2334 καὶ
2709 2281 2809 2346 τὰς
2849 2283 3081 2354 πράξεις
3117 2285 3179 2340 τὸ
3207 2287 3309 2357 τῆς
3341 2288 3525 2360 ψυχῆς
3561 2291 3725 2362 ὄμμα

2145 2371 2618 2442 ἀμεταστρέπτως
2677 2373 2950 2440 ἀτένισον,
3003 2375 3092 2431 ἵνα
3145 2377 3258 2448 (ll)
3285 2380 3448 2436 πόνον
3468 2383 3615 2451 πόνῳ
3641 2383 3738 2438 δυ-

2140 2463 2311 2535 νηθῇς
2341 2463 2794 2534 ἀποπέμψασθαι.
2839 2467 3257 2538 ’Υπισχνοῦνται
3306 2472 3498 2538 δολίως
3526 2475 3662 2544 ἡμῖν
3695 2479 3744 2530 οἱ

2143 2555 2324 2626 ήμῶν,
2362 2557 2456 2611 καὶ
2476 2557 2576 2628 οὐχ
2605 2558 2718 2628 (15)
2744 2558 2923 2629 ήμῶν,
2977 2561 3158 2616 πάντα
3206 2563 3275 2616 τά
3299 2564 3429 2632 φίλα
3474 2567 3746 2639 διαπράτο

2144 2645 2354 2712 τεο-θαι,
2418 2647 2623 2711 σκοπὸς
2669 2647 2726 2702 δὲ
2777 2647 2988 2713 τούτοις
3017 2649 3097 2720 τῷ
3125 2652 3335 2722 ἀρίστῳ
3373 2654 3537 2723 ἡμῶν
3563 2657 3748 2726 εμπο-

2144 2737 2293 2791 δίσαι
2348 2737 2570 2809 δρόμῳ,
2639 2735 2738 2792 εἶτ’
2787 2740 2963 2804 οὕτως
3008 2741 3197 2796 λοιπὸν
3242 2743 3379 2814 πρὸς
3415 2745 3510 2800 τὸν
3539 2750 3748 2804 οἰκεῖον

2145 2826 2348 2881 σκοπὸν
2401 2831 2550 2900 ἡμᾶς
2616 2829 3052 2888 ἐπισπάσασθαι.
3085 2835 3151 2887 Ἦ
3203 2834 3314 2889 τῶν
3358 2836 3542 2891 τόπων
3583 2840 3746 2911 ἡμῶν

2146 2919 2502 2992 ἀναχώρησις
2543 2921 2706 2990 ἔστω,
2763 2924 2844 2988 εἰς
2888 2924 2957 2978 τὰ
2997 2926 3595 3003 ἀπαρακλητικώτερα,
3647 2934 3746 2988 καὶ

2143 3011 2587 3083 ἀκενοδοξότερα,
2637 3015 2731 3068 καὶ
2779 3016 3145 3090 ταπεινότερα
3194 3019 3374 3093 μέρη·
3428 3025 3479 3076 εἰ
3522 3023 3583 3077 δὲ
3639 3025 3743 3096 μὴ,

2148 3103 2288 3176 μετὰ
2322 3105 2530 3170 πάθους
2572 3108 2872 3179 πετόμεθα.
2904 3110 3016 3180 (l6)
3053 3112 3404 3185 ’Δπόκρυπτε
3426 3117 3740 3186 εὐγένειαν,

2146 3199 2240 3253 καὶ
2259 3198 2511 3264 εὐδοξίαν
2542 3199 2616 3270 μὴ
2643 3201 3027 3272 ἀναπόμπευε,
3073 3205 3150 3274 μή
3195 3223 3315 3270 πως
3351 3207 3582 3279 εὑρεθῇς
3617 3208 3738 3262 ἐτε-

2151 3307 2244 3362 ρος
2287 3290 2386 3361 μὲν
2419 3292 2482 3344 ὲν
2512 3291 2590 3362 τῷ
2629 3290 2866 3362 σώματι,
2904 3292 3092 3366 ἕτερος
3122 3295 3180 3350 δὲ
3214 3298 3272 3351 ὲν
3295 3300 3412 3361 τοῖς
3445 3299 3737 3371 πράγμασι

2146 3382 2518 3454 διακείμενος.
2543 3383 2735 3447 Οὐδεὶς
2763 3385 2877 3455 (17)
2909 3385 3166 3442 τοσοῦτον
3204 3391 3271 3460 τῇ
3319 3390 3554 3462 ξενιτεία
3579 3391 3741 3446 ἐκδι-

2145 3473 2320 3528 δωκεν
2341 3473 2552 3540 ἑαυτὸν,
2585 3475 2660 3538 ὡς
2680 3477 2708 3528 ὁ
2749 3474 2922 3546 μέγας
2957 3478 3164 3542 ἐκεῖνος
3201 3480 3231 3532 ό
3258 3479 3514 3551 ἀκηκοώς
3541 3497 3556 3512 ⁸
3595 3481 3745 3548 Ἕξ-

2147 3569 2288 3622 ελθε
2310 3567 2382 3622 ἐκ
2407 3565 2518 3636 τῆς
2545 3567 2658 3638 γῆς
2691 3581 2830 3631 σου,
2863 3568 2962 3622 καὶ
2986 3569 3055 3623 ἐκ
3079 3570 3192 3640 τῆς
3216 3576 3574 3642 συγγενείας
3599 3590 3744 3640 σου,

2148 3658 2247 3714 καὶ
2262 3659 2332 3725 ἐξ
2347 3659 2518 3713 οικου
2535 3659 2640 3714 τοῦ
2656 3661 2881 3728 πατρός
2900 3675 3039 3715 σου·
3060 3662 3263 3735 καίπερ
3300 3666 3359 3718 ἐν
3378 3664 3749 3737 ἀλλογλώσσῳ

2150 3753 2246 3806 καὶ
2293 3751 2640 3824 βαρϐαρώδει
2691 3755 2761 3824 γῇ
2814 3756 3319 3827 προσκαλούμενος.
3375 3751 3565 3812 Ἔστιν
3613 3761 3749 3814 ὅταν

2150 3845 2296 3900 κατά
2354 3845 2447 3899 τὸν
2503 3845 2679 3916 μέγαν
2743 3846 2936 3901 τοῦτον
2995 3850 3120 3904 τινὰ
3173 3849 3584 3919 ξενιτεύσαντα,
3643 3853 3748 3908 ἐπὶ

2155 3938 2343 3992 πλεῖον
2371 3939 2399 3991 ὁ
2438 3937 2647 4011 Κύριος
2700 3938 2974 4004 ἐδόξασεν.
3010 3941 3157 4014 Πλὴν
3182 3945 3231 3998 ει
3282 3945 3380 3998 καὶ
3407 3944 3539 4012 δόξα
3578 3944 3747 4000 θεόσ-

2147 4029 2301 4094 δοτος
2355 4030 2521 4085 καλὸν
2585 4031 2756 4102 αὐτὴν
2803 4031 2894 4086 διὰ
2933 4032 3130 4106 θυρεοῦ
3179 4036 3569 4101 ταπεινώσεως
3597 4039 3747 4092 dato-

2151 4121 2501 4194 στρέφεσθαι.
2537 4121 2812 4194 Ὀπηνίκα
2838 4125 2889 4177 οἱ
2914 4125 3167 4197 δαίμονες
3191 4127 3267 4192 ὡς
3288 4129 3381 4182 ἐπὶ
3399 4129 3623 4201 μεγάλῳ
3639 4149 3750 4186 ata-

2149 4211 2467 4284 τορθώματι
2509 4215 2578 4286 τῇ
2617 4212 2854 4287 ξενιτείᾳ
2901 4217 3218 4272 ἐπαινοῦσιν
3266 4221 3436 4292 ἡμᾶς,
3491 4221 3660 4292 ἦκαὶ
3698 4223 3749 4277 οἱ

2147 4303 2449 4376 ἄνθρωποι,
2480 4305 2602 4360 τότε
2629 4308 2794 4378 ἡμεῖς
2819 4307 2914 4362 τοῦ
2954 4308 3023 4362 δι’
3054 4311 3207 4381 ἡμᾶς
3249 4313 3314 4366 ἐκ
3343 4312 3440 4366 τοῦ
3477 4315 3743 4385 οὐρανοῦ,

2147 4398 2230 4462 εἰς
2260 4397 2361 4468 τὴν
2399 4399 2505 4469 γῆν
2540 4397 2946 4463 ξενιτεύσαντος
2983 4401 3462 4475 ἀναλαμϐάνωμεν
3490 4405 3737 4475 ἔννοιαν,

449 4469 643 4523 mundi
680 4471 998 4532 involvaris.
1050 4477 1170 4533 Non
1219 4489 1272 4535 te
1319 4492 1608 4552 parentum
1637 4494 1691 4540 et
1733 4488 2036 4543 amicorum

2145 4486 2244 4540 καὶ
2287 4485 2595 4556 εὑρήσομεν
2647 4487 2884 4551 ἑαυτοὺς
2915 4490 2996 4552 εἰς
3035 4469 3212 4545 αἰῶνα
3255 4469 3456 4557 αἰῶνος
3488 4469 3743 4567 ἀναπληξ

448 4558 708 4633 lacrymae
729 4577 1006 4635 moveant,
1027 4585 1096 4625 ne
1129 4572 1258 4626 olim
1290 4582 1555 4630 asternum
1580 4577 1776 4647 plores.
1813 4579 2041 4645 Quando

2144 4574 2273 4648 ροῦν
2330 4577 2406 4648 μὴ
2454 4576 2760 4646 ἰσχύοντας.
2814 4578 3043 4650 Χαλεπὴ
3090 4581 3124 4653 ἡ
3163 4582 3303 4653 πρός
3355 4601 3481 4639 τινα
3522 4585 3635 4640 τῶν
3659 4587 3738 4641 oi-

450 4653 533 4706 illi
560 4661 614 4709 te
636 4656 784 4711 velut
816 4673 980 4727 apum
1037 4664 1312 4728 examina,
1363 4666 1472 4721 imo
1500 4682 1814 4738 vesparum,
1845 4672 2040 4728 cinxe-

2144 4668 2328 4735 κείων,
2364 4669 2398 4741 ἢ
2443 4670 2539 4724 καὶ
2586 4667 2755 4732 ξένων
2803 4671 3237 4746 προσπάθεια,ή
3275 4677 3550 4750 δυναμένη
3594 4679 3740 4735 κατᾶ

450 4744 586 4814 rint,
623 4747 810 4818 tuique
835 4765 1002 4820 super
1031 4761 1084 4810 te
1111 4755 1259 4811 velut
1281 4757 1486 4814 lessum
1514 4769 1568 4814 et
1587 4761 2033 4818 lamentationem

2144 4762 2338 4834 μικρὸν
2386 4763 2479 4816 ἐπὶ
2530 4763 2625 4817 τὸν
2680 4763 2886 4835 κόσμον
2935 4766 3085 4838 ἡμᾶς
3141 4744 3576 4835 ἐπισπάσασθαι,
3634 4772 3734 4826 καὶ

452 4837 810 4908 instituerint,
829 4847 1101 4916 extemplo
1123 4849 1363 4904 animum
1389 4852 1740 4920 pertinaciter
1757 4854 1824 4908 ad
1843 4855 2039 4911 mortis

2144 4851 2200 4907 τὸ
2229 4849 2343 4925 πῦρ
2371 4852 2534 4922 ἡμῶν
2569 4853 2674 4924 τῆς
2698 4855 3044 4921 κατανύξεως
3070 4857 3292 4926 τελείως
3308 4862 3738 4934 ἀποῲυχρῶσαι.

451 4931 886 5004 meditationem,
923 4946 978 4992 et
1018 4939 1236 4996 labores
1288 4943 1546 5010 transfer,
1582 4954 1644 4999 ut
1670 4945 1916 5000 laborem
1957 4946 2038 5000 la-

2147 4943 2237 5008 Ὠς
2282 4946 2564 5017 ἀμήχανον
2609 4947 2690 5000 ἐνὶ
2727 4947 2828 5019 μὲν
2872 4950 3138 5024 ὀφθαλμῷ
3177 4956 3261 5017 είς
3313 4954 3405 5008 τὸν
3433 4931 3721 5028 νούρανὸν,

453 5023 606 5091 bore,
639 5033 900 5097 tanquam
936 5031 1150 5087 clavum
1179 5033 1334 5089 clavo
1374 5036 1565 5104 pellas.
1591 5036 1928 5093 Pollicentur
1958 5037 2040 5093 illi

2144 5037 2220 5090 ἑνὶ
2259 5036 2315 5090 δὲ
2361 5039 2442 5101 εἰς
2476 5038 2576 5108 τὴν
2615 5040 2720 5110 γῆν
2761 5040 2974 5104 νεύειν,
3013 5043 3189 5111 οὕτως
3225 5047 3488 5102 ἀδύνατον
3524 5023 3620 5103 τὸν
3657 5052 3734 5121 μὴ

451 5116 736 5176 domestici
756 5124 929 5178 nostri
957 5123 1092 5197 (lmo
1116 5127 1277 5182 alieni
1309 5130 1516 5201 potius)
1535 5132 1692 5187 nobis
1713 5133 1766 5188 in
1794 5133 2036 5202 speciem

2144 5128 2369 5193 τελείως
2409 5131 2630 5185 πάντων
2667 5131 2775 5187 τῶν
2811 5135 3028 5191 οἰκείων
3072 5137 3167 5192 καὶ
3218 5138 3509 5194 ἀνοικείων
3547 5141 3626 5212 τῷ

452 5227 652 5270 aureos
681 5226 914 5282 montes,
963 5219 1260 5290 omniaque
1290 5237 1349 5277 se
1389 5224 1547 5280 nobis
1574 5236 1725 5294 grata
1747 5235 2041 5296 praestatu—

2144 5221 2326 5293 γισμῷ
2356 5222 2451 5275 καὶ
2481 5222 2559 5293 τῷ
2610 5223 2824 5293 σώματι
2852 5225 3240 5292 ξενιτεύσαντα
3269 5231 3345 5302 μὴ
3374 5233 3732 5288 κινδυνεῦσαι

449 5319 568 5370 ros,
604 5307 698 5362 sed
736 5323 802 5363 eo
825 5307 953 5374 fine,
995 5309 1074 5364 uti
1098 5327 1198 5366 nos
1252 5313 1322 5367 ab
1363 5315 1571 5383 optimo
1624 5315 1821 5372 salutis
1871 5333 2039 5373 cursu

2144 5311 2288 5366 κατὰ
2323 5312 2528 5384 ψυχήν.
2565 5315 2736 5388 Κόπῳ
2775 5318 2955 5391 πολλῷ
3007 5321 3104 5374 καὶ
3141 5322 3326 5394 μόχθῳ
3365 5324 3733 5396 κατορθοῦται

453 5399 822 5467 praepediant,
874 5416 939 5456 ac
973 5402 1193 5458 demum
1220 5403 1290 5458 ad
1324 5420 1424 5460 sua
1449 5407 1630 5462 studia
1657 5416 1894 5478 votaque
1925 5423 2042 5479 per-

2144 5405 2204 5458 ὲν
2257 5406 2391 5476 ἡμῖν
2447 5401 2582 5476 ἦθος
2639 5409 2878 5479 χρηστὸν
2922 5412 3018 5466 καὶ
3057 5414 3486 5480 εὐκατάστατον,
3526 5418 3618 5470 καὶ
3651 5416 3733 5488 τῷ

453 5489 696 5544 trahant.
714 5491 1088 5548 Secedendum
1112 5503 1292 5551 autem
1319 5496 1475 5552 nobis
1493 5506 1578 5553 est
1605 5501 1659 5553 in
1681 5515 1742 5555 ea
1759 5499 1900 5564 loca,
1918 5515 2041 5568 qua:

2144 5495 2325 5568 πολλῷ
2380 5497 2566 5569 μόχθῳ
2610 5500 3048 5572 κατορθούμενον
3085 5503 3312 5560 δυνατὸν
3359 5507 3419 5560 ὲν
3453 5509 3554 5580 μιᾷ
3585 5509 3728 5580 ῥοπῇ

455 5581 640 5635 m‘nus
669 5583 1017 5652 celebritatis,
1059 5588 1454 5645 consolationis
1481 5598 1534 5645 et
1561 5591 1750 5662 gloria:
1783 5591 1986 5648 habent
2018 5611 2032 5648 :

2145 5588 2480 5643 ἀπολέσθαι·
2515 5611 2534 5644 ι
2555 5591 2840 5665 Φθείρουσι
2870 5595 2978 5667 γὰρ
3017 5597 3121 5670 ἢθη
3146 5601 3358 5670 χρηστὰ
3387 5600 3598 5673 ὁμιλίαι
3626 5618 3702 5657 κα

531 5757 573 5790 ’⁸
610 5758 796 5816 Matth.
826 5779 924 5826 xu,
956 5762 1044 5817 i7.
1123 5768 1167 5797 ’θ
1203 5767 1336 5823 Ibid.
1375 5768 1461 5823 50.
1546 5771 1589 5803 ³ο
1627 5769 1768 5826 Psal.
1793 5787 1948 5839 nun,
1981 5771 2032 5826 6.

2144 5775 2372 5832 'Mattlt.
2398 5791 2470 5840 Vl,
2504 5775 2592 5830 Ἡ.
2673 5775 2716 5806 ³³
2751 5774 2943 5833 Matth.
2972 5793 3024 5842 χ,
3062 5778 3151 5830 3i.
