4062 6466
247 433 390 496 669

1282 431 1511 493 SCALA
1537 425 1993 489 PARADISI.-
2024 431 2333 493 GRADUS
2360 434 2475 495 III-

3461 426 3567 488 6Ἶο

249 550 400 613 καλι,
432 568 453 602 ο
480 550 575 606 και.
608 550 728 622 (48)
773 548 1059 620 κοσ-μ-ικαὶ,
1083 549 1180 604 καὶ
1207 550 1464 618 άκοσμοι.
1511 547 1571 599 '0
1605 547 1718 616 (19)
1749 546 1862 609 τοῖς

1966 547 2165 618 alioqui
2205 548 2375 616 (velut
2413 549 2562 621 aves)
2600 549 2800 606 ctelum
2853 561 2961 603 non
3016 546 3262 602 animum
3323 543 3568 598 mutabi-

243 642 421 695 κατὰ
455 640 547 698 τὸν
589 642 795 712 κοσμδν
837 642 976 712 μετὰ
1015 642 1114 712 τὴν
1165 639 1451 709 ἀποταγὴν
1498 653 1867 708 συναναστρεο

241 734 533 804 (ρόμενος,
581 736 615 806 ἢ
666 736 896 807 πλησίον
946 735 1230 806 τυγχάνων
1287 733 1529 794 πάντως,
1562 731 1595 799 ἢ
1649 731 1708 782 ὲν
1752 730 1867 790 τοῖς

241 824 457 878 αὐτῶν
503 828 889 896 περιπεσεῖται
926 825 1162 897 βρόχοις,
1197 824 1229 894 ἢ
1279 822 1379 892 τὴν
1420 819 1651 891 καρδίαν
1694 821 1754 873 ὲν
1793 821 1862 891 τῇ

242 917 405 986 περὶ
441 916 649 976 τούτων
669 917 855 989 ἐννοίᾳ
888 916 1126 988 μολυνεῖ,
1157 915 1190 984 ἢ
1221 914 1296 984 μὴ
1332 910 1703 983 μολυνόμενος
1733 909 1862 973 τοὺς

246 1006 679 1077 μολυνομένους
701 1008 1066 1079 κατακρίνων,
1101 1007 1198 1061 καὶ
1225 1005 1390 1068 αὐτὸς
1423 1005 1521 1058 σὺν
1551 1002 1735 1066 αὐτοῖς
1766 1019 1862 1074 μο-

243 1097 632 1171 λυνθήσεται.

1975 652 2122 703 mus,
2149 637 2338 718 sicum
2380 641 2771 710 cupiditatibus
2803 640 3008 695 nostris
3034 638 3394 693 avolabimus.
3423 634 3570 704 Tege

1973 729 2190 796 generis
2220 731 2593 799 nobilitatem,
2641 741 2698 788 et
2740 731 2982 788 nominis
3023 730 3404 788 claritudinem
3451 726 3567 808 noli

1966 817 2197 887 iactare,
2239 836 2307 880 ne
2336 822 2486 878 aliud
2516 831 2766 892 corpore,
2801 823 2947 878 aliud
2982 821 3293 876 actionibus
3320 815 3565 888 proﬁtea-

1970 912 2068 971 ris.
2121 911 2295 968 Nemo
2351 915 2644 971 admodum
2677 923 2788 972 tam
2839 914 3076 987 perfecte
3114 913 3278 968 rebus
3309 908 3566 965 omnibus

1973 1003 2088 1064 suis
2103 1006 2504 1075 peregrinando
2520 1009 2875 1073 renuntiavit,
2901 1023 3065 1077 quam
3092 1019 3324 1076 magnus
3358 1002 3446 1056 ille
3468 1015 3564 1071 pa-

1913 1131 1918 1135 ν
1973 1105 2056 1159 ter
2080 1105 2298 1166 patrum
2343 1099 2694 1155 Abrahamus
2718 1139 2734 1166 ,
2779 1101 2866 1154 cui
2913 1100 3120 1157 dictum
3156 1117 3170 1154 :
3208 1095 3470 1166 Egredere
3503 1092 3568 1146 de

248 1197 418 1244 terra
449 1201 565 1256 tua,
608 1199 660 1244 et
697 1190 764 1244 de
789 1189 1124 1259 cognatione,
1149 1196 1198 1242 et
1222 1188 1286 1242 de
1306 1187 1464 1241 domo
1495 1184 1664 1248 patris
1697 1184 1776 1236 tui
1803 1183 1888 1252 ³³;
1923 1185 2176 1254 quamvis
2235 1187 2302 1241 ad
2367 1199 2584 1258 gentem
2616 1188 2926 1254 barbaram,
2951 1197 3004 1243 ot
3041 1186 3342 1257 peregrinae
3369 1185 3569 1254 lingua:

244 1290 616 1342 evocaretur.
650 1279 748 1341 Est
773 1295 898 1338 cum
925 1279 1195 1334 Dominus
1219 1279 1387 1334 etiam
1446 1277 1600 1330 illum
1669 1273 1908 1343 aliquem
1965 1276 2220 1346 ampliori
2268 1279 2441 1348 gloria
2505 1279 2822 1345 illustravit,
2858 1279 2950 1348 qui
2978 1295 3077 1348 pro
3099 1286 3298 1332 conatu
3330 1273 3440 1345 3h.
3466 1289 3567 1333 suo

249 1373 459 1430 omnia
495 1372 806 1431 deserendo
863 1371 1075 1428 studuit
1139 1371 1513 1426 Abrahamum
1543 1365 1750 1424 imitari
1795 1385 1807 1418 :
1838 1367 1937 1424 sed
1975 1377 2157 1424 tamen
2181 1371 2360 1439 gloria
2392 1372 2510 1427 haec
2543 1373 2796 1441 quamvis
2824 1387 2854 1424 a
2894 1370 3005 1426 Deo
3037 1367 3278 1439 profecta
3329 1382 3425 1437 per
3453 1365 3566 1434 cly-

250 1481 439 1537 peum
517 1464 911 1522 submissionis
957 1463 1280 1522 declinanda
1354 1469 1458 1523 est.
1496 1461 1728 1527 Quando
1795 1473 1898 1520 nos
1939 1459 2216 1518 daemones
2288 1462 2360 1517 ob
2410 1462 2595 1533 fugam
2661 1463 2868 1528 saeculi,
2935 1472 3196 1532 tanquam
3252 1459 3319 1513 de
3382 1457 3568 1525 aliquo

249 1556 489 1628 egregio
513 1555 761 1612 facinore
788 1559 1120 1625 perpetrato,
1147 1553 1232 1607 vel
1251 1551 1356 1622 ipsi
1394 1551 1560 1606 etiam
1585 1550 1859 1612 homines,
1903 1562 2000 1617 per
2060 1550 2276 1611 laudem
2337 1563 2608 1608 conantur
2637 1553 2920 1618 extollere,
2952 1562 3066 1608 tum
3105 1553 3298 1608 subeat
3327 1558 3564 1604 mentem

251 1658 520 1706 nostram
588 1647 878 1706 meditatio
909 1645 1330 1715 recordatioqnc
1368 1644 1537 1709 illius,
1607 1641 1702 1712 qui
1750 1647 1940 1695 nostra
1978 1655 2144 1700 causa
2182 1657 2212 1704 e
2236 1642 2381 1698 caelo
2416 1643 2470 1697 in
2513 1653 2716 1702 terram
2748 1660 2926 1715 usque
2949 1645 3325 1714 peregrinatus
3345 1651 3430 1698 est
3466 1659 3481 1694 :
3515 1651 3568 1695 et

253 1759 373 1801 nos
399 1745 456 1800 in
479 1758 701 1798 omnem
735 1742 1065 1800 seculorum
1101 1739 1488 1801 aeternitatem,
1523 1736 1659 1797 nihil
1685 1733 1871 1790 simile
1905 1748 2068 1803 posse
2124 1749 2545 1806 wgBOSCemus.
2588 1735 2900 1795 Vehemens
2957 1746 3044 1794 est
3086 1752 3215 1808 erga
3261 1749 3567 1806 quemcun-

258 1853 400 1907 que,
425 1853 525 1893 seu
581 1835 1050 1908 propinquorum,
1101 1847 1198 1887 seu
1248 1831 1483 1886 aliorum
1528 1828 1778 1895 affectus,
1817 1826 1913 1900 qui
1971 1841 2074 1883 nos
2113 1828 2317 1889 sensim
2355 1829 2422 1884 ad
2464 1831 2729 1886 mundum
2767 1839 2950 1901 potest
3009 1831 3312 1896 retrahere,
3342 1839 3397 1884 et
3427 1828 3569 1884 salu-

263 1931 409 1985 teris
457 1931 638 2001 ignem
673 1929 858 1984 luctus
890 1925 1110 1997 penitus
1167 1923 1537 1992 exstinguere.
1589 1918 2064 1987 Quemadmodum
2127 1919 2247 1978 ﬁeri
2307 1936 2420 1979 non
2480 1930 2684 1992 potest,
2715 1933 2776 1978 ut
2801 1923 2973 1978 altero
2991 1923 3278 1983 oculorum
3331 1922 3563 1977 caelum.

278 2020 459 2076 altern
500 2029 698 2074 terram
753 2016 1152 2086 respiciamus;
1195 2015 1269 2070 ita
1310 2013 1459 2070 nulla
1501 2013 1716 2073 ratione
1751 2010 1868 2068 fieri
1905 2018 2108 2080 potest,
2143 2019 2204 2068 ut
2263 2012 2313 2068 is
2343 2014 2435 2081 qui
2473 2029 2582 2069 non
2635 2013 2878 2084 perfecte
2942 2015 3270 2084 penitusque
3307 2013 3564 2070 omnibus

274 2113 489 2178 charis,
520 2108 966 2174 seudomesticis,
988 2123 1084 2163 seu
1147 2106 1568 2177 quibuscunque
1627 2104 1774 2168 aliis,
1839 2117 2072 2172 corpore
2113 2113 2170 2159 et
2224 2105 2413 2160 animo
2455 2107 2759 2172 renuntiat,
2837 2121 2949 2160 non
2983 2108 3233 2162 ultimum
3279 2106 3475 2162 salutis
3511 2118 3567 2162 et

271 2205 482 2260 anima:
535 2203 824 2259 discrimen
871 2201 1051 2256 adeat.
1089 2199 1209 2256 Non
1271 2197 1379 2254 nisi
1416 2198 1594 2254 multo
1617 2206 1673 2254 et
1701 2196 1854 2267 gravi
1895 2195 2082 2252 labore
2140 2205 2197 2253 et
2258 2199 2462 2254 sudore
2495 2215 2678 2256 mores
2709 2201 2884 2255 nostri
2913 2201 3295 2256 emendantur.
3321 2199 3390 2255 Et
3451 2197 3572 2256 fieri

265 2307 476 2369 potest,
512 2305 572 2352 ut
608 2297 755 2368 quod
810 2296 985 2351 multo
1018 2295 1205 2360 labore
1241 2294 1593 2351 emendatum
1621 2303 1726 2357 est,
1793 2305 1904 2346 uno
1945 2293 2210 2362 temporis
2274 2302 2481 2365 puncto
2539 2295 2790 2351 funditus
2846 2305 3210 2366 pervertatur.
3249 2315 3269 2349 ι
3303 2296 3570 2352 Corrum-

261 2397 411 2463 punt
445 2389 594 2444 enim
657 2389 835 2444 btmos
868 2402 1049 2442 mores
1087 2387 1359 2457 colloquia
1405 2400 1574 2457 prava
1609 2384 1675 2452 “,
1709 2403 1728 2437 ι
1762 2399 1904 2437 vana
1941 2392 1997 2438 et
2033 2384 2285 2454 profana.
2309 2385 2634 2457 Quicunque
2665 2397 2855 2457 postea
2883 2403 3047 2458 quam
3084 2389 3248 2444 rebus
3310 2387 3571 2442 omnibus

257 2481 554 2548 valedixit,
590 2481 658 2536 ad
685 2496 846 2538 usum
878 2489 935 2536 et
961 2479 1391 2538 familiaritatem
1443 2477 1660 2548 profani
1693 2478 1846 2548 vulgi
1883 2485 1937 2532 et
1977 2479 2169 2533 mundi
2233 2481 2548 2544 revertitur,
2592 2481 2638 2534 is
2701 2490 2795 2535 aut
2825 2482 3053 2536 omnino
3102 2481 3308 2538 eisdem
3339 2495 3465 2536 eum
3504 2483 3570 2536 il-

257 2577 330 2632 lis
371 2572 592 2646 laqueis
636 2573 910 2640 irretitur;
961 2581 1063 2627 aut
1109 2573 1355 2627 animum
1386 2587 1568 2627 rerum
1629 2571 1986 2640 profanarum
2054 2573 2476 2642 cogitationibus
2537 2573 2831 2643 inquinat;
2883 2583 2978 2629 aut
3001 2574 3049 2629 si
3091 2574 3210 2645 ipse
3243 2588 3353 2629 non
3383 2573 3569 2643 inqui-

254 2675 456 2732 natur,
488 2665 811 2736 inquinatos
839 2671 1045 2718 temere
1087 2663 1334 2729 damnat,
1366 2663 1614 2733 adeoque
1641 2676 1859 2731 semper
1897 2661 2016 2730 ipse
2049 2676 2175 2724 cum
2213 2663 2348 2733 ipsis
2383 2664 2782 2734 inquinabitur.

253 2776 416 2849 Περὶ
489 2777 798 2832 ἐνυπνίων
852 2776 1349 2833 ἀκολουθούντων
1414 2775 1855 2847 είσατωγικοῖς.

1970 2774 2078 2846 3'5
2113 2775 2188 2830 De
2217 2776 2667 2850 insomniisque?
2718 2779 3136 2850 fugamgsteculi
3182 2781 3329 2850 sequi
3373 2779 3566 2835 solent.

334 2961 469 3016 Ὅτι
515 2961 616 3030 μὲν
657 2960 761 3032 τῆς
805 2963 1084 3035 ἡμετέρας
1136 2961 1394 3032 γνώσεως
1438 2964 1467 3017 ὁ
1497 2962 1625 3026 νοῦς
1655 2961 1862 3032 ἀτελὴς

270 3054 425 3120 ὅλος,
477 3052 577 3105 καὶ.
629 3052 813 3123 πάσης
845 3054 1073 3124 ἀγνοίας
1104 3055 1413 3120 ἀνάπλεως,
1465 3055 1561 3108 καὶ
1594 3052 1866 3125 κρύπτειν

265 3143 558 3197 ἀδύνατον.
619 3143 842 3214 Λάρυγξ
898 3145 999 3216 μὲν
1048 3147 1158 3218 γὰρ
1218 3146 1488 3220 βρώματα
1557 3147 1862 3217 διακρίνει’

266 3233 412 3303 ἀκοὴ
447 3233 509 3286 δὲ
543 3235 795 3304 νοήματα
850 3234 1240 3306 διαγινώσκει·
1283 3237 1572 3292 ἀσθένειαν
1620 3237 1720 3308 μὲν
1755 3236 1867 3307 γὰρ

266 3325 539 3396 ὀμμάτων
569 3325 845 3397 ἐδήλωσεν
886 3327 1072 3399 ἣλιος·
1117 3328 1398 3398 ἀγνωσίαν
1427 3329 1486 3383 δὲ
1533 3328 1715 3402 ψυχῆς
1751 3328 1870 3404 ἐδή-

271 3417 417 3470 λωσε
470 3418 715 3490 ῥήματα.
769 3418 966 3490 Πλὴνδ
1006 3421 1107 3491 τῆς
1149 3421 1372 3492 ἀγάπης
1411 3422 1577 3493 νόμος
1601 3421 1696 3474 καὶ
1725 3421 1864 3489 πρὸς

277 3509 353 3562 τὰ
381 3510 520 3580 ὑπὲρ
573 3510 806 3581 δύναμιν
852 3511 1170 3585 ἐκϐιαστής.
1222 3513 1339 3567 Οὐκ
1380 3508 1474 3569 οὖν
1525 3510 1680 3584 οἴμαι
1710 3514 1867 3566 ὀὐδὲ

276 3602 388 3673 γὰρ
425 3600 679 3672 ὁρίζομαι
707 3618 720 3630 ·
761 3602 1056 3657 ἀκόλουθον
1094 3604 1234 3674 μετὰ
1274 3606 1402 3669 τοὺς
1444 3605 1544 3674 τῆς
1599 3605 1864 3672 ξενιτείας

277 3694 501 3762 λόγουςο
539 3694 741 3764 μᾶλλον
765 3695 823 3749 δὲ
857 3697 914 3748 ὲν
940 3697 1145 3762 αὐτοῖς,
1189 3697 1362 3768 μικρά
1385 3697 1516 3766 περὶ
1567 3697 1676 3754 τῶν
1720 3697 1864 3754 ὀνεί-

279 3797 385 3850 ρων
443 3780 688 3847 ἐντάξαι,
746 3782 872 3835 ὅσον
926 3783 1064 3854 μηδὲ
1109 3785 1304 3837 τούτου
1337 3784 1432 3837 τοῦ
1457 3784 1610 3840 δόλου
1645 3785 1753 3839 τῶν
1775 3786 1857 3840 δο-

278 3869 408 3922 λίων
438 3870 720 3940 ἀμυήτους
760 3873 1027 3945 ὑπάρχειν
1071 3874 1239 3944 ἡμᾶς.
1284 3873 1396 3946 (20)
1437 3872 1719 3929 Ἐνύπνιόν
1750 3878 1866 3930 ἐστι

285 3959 406 4022 νοὸς
458 3961 670 4030 κίνησις
715 3963 774 4015 ἐν
819 3963 931 4035 (21)
980 3965 1243 4036 ἀκινησίᾳ
1293 3964 1566 4036 σώματος.
1592 3969 1868 4025 Φαντασία

280 4050 434 4102 ἐστὶν
465 4051 644 4115 ἀπάτη
684 4053 981 4126 ὀφθαλμῶν
1025 4055 1083 4108 ὲν
1111 4055 1434 4126 κοιμωμένῃ
1455 4055 1700 4130 διανοίᾳο
1730 4076 1866 4127 φαν-

274 4139 440 4194 τασία
465 4141 612 4194 ἐστὶν
635 4141 890 4209 ἔκστασις
912 4145 1032 4208 νοὸς
1049 4143 1410 4216 ἐγρηγορότας
1429 4145 1680 4216 σώματος
1698 4166 1712 4178 ·
1731 4165 1866 4218 φαν-

209 4222 227 4230 ”
277 4231 446 4285 τασία
486 4232 635 4286 ἐστὶν
666 4234 1042 4299 ἀνυπόστατος
1069 4235 1147 4302 (α)
1179 4234 1404 4306 θεωρία.
1447 4235 1506 4290 'H
1535 4240 1682 4292 αἰτία
1710 4241 1776 4296 δι’
1797 4241 1866 4312 ῆν

271 4323 418 4394 μετὰ
468 4323 574 4395 τὴν
619 4326 1002 4398 προλαϐοῦσαν
1031 4327 1189 4393 τάξιν
1227 4328 1359 4399 περὶ
1400 4328 1630 4402 ὀνείρων
1685 4331 1865 4401 λέγειν

269 4414 682 4488 ἠϐουλήθημεν,
755 4418 1023 4492 πρόδηλος
1047 4437 1062 4450 ·
1111 4421 1242 4475 ὅταν
1297 4422 1727 4494 καταλείψαντες
1775 4425 1864 4478 διὰ

265 4509 361 4559 τὸν
385 4507 595 4578 Κύριον
645 4511 772 4574 τοὺς
819 4513 1026 4566 ἑαυτῶν
1055 4515 1258 4581 οἴκους,
1302 4518 1396 4571 καί⁵
1432 4516 1685 4581 οἰκείους,
1724 4515 1864 4582 ξενι-

264 4599 391 4670 τεία
421 4602 512 4656 διὰ
540 4604 762 4675 ἀγάπην
784 4604 920 4658 Θεοῦ
949 4607 1180 4673 ἑαυτοὺς
1211 4609 1574 4682 πωλήσωμεν,
1601 4610 1724 4664 τότε
1759 4611 1866 4664 λοι-

263 4693 374 4746 πδν
407 4697 458 4747 oi
488 4695 748 4768 δαίμονες
787 4697 856 4750 δι’
889 4699 1158 4755 ἐνυπνίων
1190 4703 1443 4774 θορυϐεῖν
1477 4703 1864 4774 δοκιμάσουσιν

258 4783 439 4854 ἡμᾶς,
468 4787 594 4850 τοὺς
635 4789 874 4852 οίκείους
907 4790 1120 4844 ἑαυτῶν
1163 4793 1296 4863 ἡμῖν
1342 4794 1792 4856 ὑποδεικνύντεςυ
1829 4793 1862 4865 ἢ

191 4929 194 4944 ς
259 4875 733 4949 κοπτομένους,ἤ
776 4879 1134 4952 θνήσκοντας,
1181 4884 1213 4956 ἢ
1257 4885 1397 4956 ὑπὲρ
1444 4887 1602 4957 ἡμῶν
1633 4904 1864 4958 κατεχο-

263 4961 496 5030 μένους,
539 4965 632 5019 ml
667 4969 1006 5039 σινομένους.
1047 4971 1108 5023 Ὀ
1132 4971 1308 5026 τοίνυν
1331 4975 1560 5046 ὀνείροις
1590 4975 1863 5029 πιστεύων

256 5053 458 5124 ὅμοιός
488 5057 606 5109 ἐστι
647 5057 727 5128 τῷ
761 5060 859 5129 τὴν
884 5060 1044 5114 σκιὰν
1088 5063 1284 5116 ἑαυτοῦ
1318 5067 1732 5137 κατατρέχοντι,
1764 5069 1859 5121 καὶ

185 5193 194 5211 ί
258 5145 478 5216 ταύτην
526 5149 778 5221 κατέχειν
821 5151 1190 5222 δοκιμάζοντι.
1245 5156 1510 5226 Δαίμονες
1553 5159 1863 5225 κενοδοξίας

265 5237 396 5292 καθ’
431 5238 632 5306 ὕπνους
669 5244 972 5315 προφῆται,
1023 5247 1092 5300 τὰ
1143 5249 1411 5319 μέλλοντα
1439 5252 1514 5314 ὡς
1538 5251 1847 5324 πανοῦργοι

261 5331 724 5402 τεκμαιρόμενοι,
751 5337 848 5389 καὶ
876 5337 1049 5390 ταῦτα
1075 5341 1208 5410 ἡμῖν
1230 5343 1822 5416 προευαγγελιζόμενοι
1843 5361 1858 5376 ⁸

2501 2847 2628 2920 (Sub
2649 2847 2768 2904 eod.
2783 2847 3015 2921 gradu.)

2041 2961 2226 3017 Aciem
2263 2965 2464 3025 mentis
2503 2973 2706 3025 nostrae
2736 2964 2897 3034 plane
2929 2963 3236 3026 hebetatam
3275 2979 3418 3029 esse,
3467 2981 3566 3022 co-

1969 3053 2272 3122 gnitionem
2325 3052 2701 3124 imperfectam
2734 3063 2789 3108 et
2823 3053 3150 3126 ignorantia:
3181 3054 3420 3126 plenam,
3444 3054 3566 3112 dis-

1969 3143 2219 3198 simulari
2255 3144 2406 3198 nullo
2439 3144 2604 3199 modo
2661 3152 2861 3214 potest.
2902 3145 3147 3210 Palatus,
3191 3160 3288 3200 seu
3332 3145 3460 3216 gula
3498 3148 3568 3202 de

1969 3234 2220 3296 ciborum
2277 3249 2476 3306 genere
2534 3235 2775 3306 judicat;
2824 3250 2986 3290 aures
3030 3237 3098 3290 de
3139 3238 3568 3308 c0gitationibus

1969 3324 2273 3383 decernunt
2309 3325 2636 3381 :oculorum
2690 3325 3077 3386 hebetudinem
3113 3328 3197 3381 sol
3253 3328 3562 3400 deprehen-

1969 3416 2091 3474 dit:
2123 3416 2295 3472 animi
2339 3417 2670 3486 imperitiam
2731 3417 2900 3476 verba
2948 3419 3210 3487 produnt.
3267 3419 3569 3476 Enimvero

1971 3510 2056 3566 lex
2089 3510 2375 3565 charitatis
2407 3525 2510 3565 nos
2555 3510 2720 3564 etiam
2775 3509 2840 3564 ad
2892 3525 2978 3574 ea,
3029 3527 3153 3580 quae
3185 3511 3330 3569 vires
3357 3514 3565 3586 ingenii

1970 3603 2144 3657 nostri
2182 3601 2474 3668 excedunt,
2524 3602 2780 3666 tentanda
2827 3611 3005 3674 urget.
3046 3603 3280 3660 Proinde
3329 3621 3558 3672 censeo,

1969 3691 2070 3745 etsi
2113 3704 2220 3744 non
2267 3691 2562 3760 pronuntio
2585 3732 2601 3757 ,
2651 3699 2777 3760 post
2814 3701 2978 3761 caput
2999 3691 3067 3746 de
3095 3692 3219 3764 fuga
3253 3694 3439 3751 saeculi
3470 3710 3566 3752 ex-

1969 3775 2254 3845 plicatum,
2304 3792 2651 3846 consequens
2705 3793 2847 3844 esse,
2883 3779 2966 3833 vel
2991 3781 3170 3849 potius
3204 3783 3567 3853 conjunctum

1972 3881 2098 3921 cum
2123 3867 2238 3930 illo,
2265 3867 2344 3921 uti
2386 3882 2560 3937 pauca
2597 3867 2664 3922 de
2692 3867 2982 3930 insomniis
3009 3872 3314 3938 tradantur,
3355 3890 3424 3929 ne
3458 3875 3560 3931 bu-

1965 3959 2056 4028 jus
2091 3973 2310 4028 quoque
2335 3958 2444 4012 doli
2470 3959 2688 4014 illorum
2721 3970 3087 4016 veteratorum
3141 3963 3319 4034 ignari
3351 3965 3552 4022 simus.

1970 4050 2307 4105 lnsomnium
2346 4062 2431 4106 est
2460 4052 2686 4119 agitatio
2712 4053 2911 4107 mentis
2951 4054 3267 4123 quiescente
3301 4070 3558 4126 corpore.

2257 4103 2284 4105 η
2383 4103 2427 4106 --
2714 4103 2907 4107 ,ηψπ
2957 4103 2982 4123 ,,
3010 4103 3265 4109 ---_-----_
3305 4103 3558 4126 ηρ.--

1891 4103 1936 4165 c
1968 4141 2262 4198 Phantasia
2319 4158 2414 4197 seu
2456 4145 2634 4199 visum
2693 4155 2779 4200 est
2815 4145 3113 4200 ludibrium
3166 4147 3454 4202 oculorum
3503 4149 3564 4206 in

1967 4233 2142 4301 sonitu
2175 4243 2376 4289 mente.
2405 4233 2698 4291 Phantasia
2731 4252 2825 4292 seu
2862 4237 3000 4293 visio
3031 4248 3114 4293 est
3173 4241 3425 4295 avocatio
3447 4242 3561 4296 ani-

1968 4324 2042 4378 mi
2077 4325 2146 4379 ab
2171 4340 2401 4395 corpore
2430 4326 2705 4396 vigilante.
2737 4327 3029 4384 Phantasia
3059 4337 3141 4384 est
3175 4345 3345 4385 vacua
3372 4345 3562 4388 rerum

1971 4415 2131 4470 visio.
2168 4414 2332 4471 Ratio
2359 4432 2466 4487 qua
2507 4417 2573 4472 ad
2604 4417 2896 4473 dicendum
2928 4419 2996 4474 de
3031 4421 3284 4487 somniis,
3323 4433 3446 4492 post
3469 4424 3558 4478 in-

1968 4511 2210 4565 stitutam
2254 4526 2436 4566 rerum
2481 4513 2885 4568 tractandarum
2940 4515 3176 4580 seriem,
3219 4515 3421 4571 inducti
3465 4534 3561 4573 su—

1966 4619 2111 4671 mus,
2175 4607 2229 4658 in
2281 4596 2531 4676 promptu
2597 4617 2702 4662 est.
2764 4607 2897 4662 Nam
2934 4625 3058 4663 cum
3108 4619 3231 4679 post
3281 4609 3562 4668 desertam

1966 4697 2171 4753 Christi
2211 4713 2379 4754 causa
2411 4699 2634 4755 domum
2661 4710 2717 4756 et
2746 4701 3097 4767 domesticos,
3140 4719 3242 4759 nos
3277 4687 3430 4774 ipsos.
3459 4723 3564 4776 per

1965 4788 2148 4861 fugam
2172 4792 2386 4861 patriae,
2439 4807 2622 4846 rerum
2682 4794 2984 4849 ccelestium
3018 4796 3199 4851 studio
3253 4798 3557 4854 vendideri-

1967 4899 2114 4948 mus,
2162 4893 2278 4938 tum
2307 4900 2405 4954 per
2456 4885 2732 4941 insomnia
2762 4903 2863 4943 nos
2896 4887 3310 4944 cacodtemones
3335 4900 3559 4961 pertur-

1966 4975 2098 5031 bare
2126 4987 2434 5032 conantur:
2460 4979 2588 5032 dum
2633 4980 2796 5035 nobis
2829 4982 3256 5037 domesticorum
3288 4984 3564 5056 imagines

1965 5078 2379 5137 repraesentant,
2406 5080 2460 5126 et
2489 5072 2572 5125 vel
2594 5071 2955 5130 lamentantes
2977 5075 3257 5141 exhibent,
3277 5077 3356 5130 vel
3385 5078 3562 5132 mori-

1966 5162 2233 5217 turientcs
2256 5180 2271 5230 ;
2291 5163 2372 5218 vel
2395 5172 2580 5219 nostra
2604 5181 2770 5220 causa
2797 5167 3046 5232 afﬂictos,
3073 5169 3158 5223 vel
3189 5169 3562 5228 incommodis.

1964 5263 2234 5313 mactatos
2257 5255 2552 5326 obiectant.
2615 5257 2717 5325 Qui
2761 5260 3050 5316 insomniis
3115 5269 3175 5315 ut
3215 5261 3380 5316 rebus
3409 5264 3560 5318 veris

1962 5345 2204 5414 ducitur,
2232 5350 2456 5418 perinde
2485 5349 2615 5407 facit
2648 5363 2811 5424 atque
2848 5356 2894 5411 is
2935 5355 3026 5426 qui
3051 5356 3398 5425 persequitur
3432 5372 3560 5411 um~

260 5419 378 5472 τῶν
411 5423 706 5494 ὁραμάτων
740 5425 1191 5499 πεπληρωμένων
1233 5433 1394 5500 ἡμεῖς
1427 5434 1844 5509 ὲθαμὸήθημεν,

1966 5442 2108 5494 bram
2125 5441 2233 5513 36
2247 5459 2422 5510 suam,
2449 5448 2806 5519 eamdemque
2819 5459 3049 5504 conatur
3066 5449 3550 5518 comprehendere.

262 5511 365 5566 καὶ
389 5511 468 5577 ὡς
513 5515 740 5587 πλησίον
779 5518 876 5571 τοῦ
912 5523 1321 5590 προγνωστικοῦ
1347 5523 1531 5579 λοιπὸν
1565 5527 1844 5600 ὑπάρχον-

339 5691 385 5723 ³³
414 5692 549 5748 Gen.
591 5711 688 5763 xu,
729 5698 778 5751 Ι.
857 5700 901 5730 ³⁵
963 5702 1092 5774 Sap.
1137 5719 1196 5772 ιι,
1240 5706 1351 5772 6;l
1392 5705 1518 5764 Cor.
1551 5726 1638 5778 xv,
1672 5711 1759 5767 55.

339 5838 416 5907 ζη)
441 5837 597 5898 Nulla
628 5858 685 5898 re
724 5845 991 5914 subjecta.
1026 5849 1141 5903 sine
1166 5867 1242 5906 re.

1956 5535 2240 5592 Dzrmoncs
2281 5539 2461 5597 fumos
2495 5558 2648 5600 vanze
2693 5545 2883 5615 gloriae
2906 5545 3251 5601 venditantes
3288 5559 3386 5615 per
3404 5560 3555 5602 som—
