4062 6476
439 354 541 419 671
1705 354 1766 414 S.
1799 352 2120 414 JOANNIS
2140 353 2449 415 CLIMACI
3603 346 3720 411 672

441 482 572 521 num
602 464 993 527 vaticinantur,
1033 459 1218 515 futura
1245 461 1600 531 sagacissime
1622 463 2019 533 conjectantes,

2129 480 2221 527 τες
2248 464 2611 534 χαρίσματος,
2643 460 2735 513 τὸν
2752 458 3017 528 λογισμὸν
3037 456 3432 527 ἀνυῷὠσωμσν.
3476 454 3571 510 Ἐν
3595 434 3722 519 τοϊξ

440 572 563 628 qua:
592 558 753 612 nobis
778 557 1034 628 ingerunt
1057 569 1119 609 ac
1155 552 1498 619 denuntiant,
1537 561 1597 608 ut
1621 570 1746 609 cum
1769 569 1854 616 ea,
1897 569 2023 623 quae

2130 554 2478 624 πειθομένοις
2501 554 2580 623 τῷ
2602 552 2820 622 δαίμονι
2853 550 3114 613 πολλάκις
3141 550 3426 619 προφήτης
3457 546 3682 617 ἐγένετο
3701 563 3716 576 ·

440 664 538 719 per
566 664 822 705 somnum
853 647 1110 710 vidimus,
1137 644 1278 698 facta
1311 644 1882 710 animadverterimus,
1913 647 2025 715 ple-

2127 648 2185 700 ὲν
2211 648 2324 709 τοῖς
2352 646 2410 699 δὲ
2448 643 2822 710 ὲξουθενοῦσιν
2838 642 3023 705 αὐτὸν,
3045 643 3133 695 ἀεὶ
3160 639 3450 710 ἐψεύσατο.
3483 637 3723 709 Πνεῦμα

440 756 544 796 nos
574 741 814 809 stuporis
836 747 889 793 et
910 735 1309 800 admirationis,
1342 745 1604 805 tanquam
1658 752 1841 791 rerum
1876 737 2024 791 futu-

2124 739 2154 792 δ
2199 739 2269 793 τά
2312 739 2463 801 ἐντὸς
2524 737 2619 791 τού
2670 736 2831 807 ἀέρος
2870 735 3065 789 τούτου
3126 733 3392 806 ἑώρακεν,
3443 732 3541 786 καὶ
3588 733 3724 801 νοή-

441 847 626 887 rarum
660 826 1122 900 prmsensionibus
1152 826 1413 882 divinitus
1466 827 1787 895 illustratos,
1841 830 1896 883 in
1926 844 2023 884 su-

2129 845 2230 891 σας
2267 828 2428 881 αὐτὸν
2465 827 2767 898 θνήσκοντα
2792 868 2806 889 ,
2835 828 2904 880 δι’
2937 825 3190 879 ἐνυπνίου
3243 827 3302 877 ἐν
3345 826 3459 887 τοῖς
3508 839 3721 890 κουφο-

442 921 688 992 perbiam
725 919 1004 974 extollant.
1047 917 1118 973 lis
1157 919 1253 988 qui
1285 918 1522 972 daemoni
1556 920 1713 975 [idem
1761 920 2022 990 prmbent,

2127 920 2306 991 τὲροις
2358 920 2797 991 προεφήτευσεν
2835 918 2989 971 οὐδὲν
3014 918 3128 971 τῶν
3145 917 3452 989 μελλόντων
3494 916 3561 967 ὲκ
3582 929 3717 984 προ-

444 1027 587 1081 saepe
631 1019 781 1064 vates
832 1008 983 1063 fuit:
1025 1009 1094 1064 ab
1129 1009 1240 1065 illis
1273 1011 1369 1079 qui
1411 1009 1586 1080 ipsius
1644 1012 1859 1065 somnia
1899 1025 2025 1067 con-

2129 1010 2383 1081 γνώσεως
2431 1011 2636 1064 οἴδασιν
2664 1026 2678 1040 ·
2708 1010 2834 1063 ἐπεὶ
2898 1012 2948 1063 οἱ
2992 1009 3278 1080 φαρμακοὶ
3320 1010 3454 1080 ἡμῖν
3492 1007 3591 1060 καὶ
3622 1007 3716 1061 τὸν

443 1108 715 1163 temnunt,
751 1113 967 1169 semper
999 1098 1230 1153 mendax
1267 1098 1646 1168 deprehensus
1684 1107 1785 1155 est.
1820 1099 1868 1154 Is
1898 1114 2024 1154 cum

2131 1103 2364 1158 θάνατον
2395 1101 2688 1172 προλέγειν
2721 1101 2997 1155 ἐδύναντο.
3018 1102 3114 1165 Εἰς
3141 1100 3373 1170 ἄγγελον
3424 1099 3603 1169 φωτὸς
3622 1098 3719 1151 καὶ

443 1190 667 1260 spiritus
690 1189 782 1254 sit,
809 1189 1056 1243 intuetur
1083 1188 1269 1242 omnia
1305 1204 1428 1259 quae
1459 1190 1564 1245 sub
1601 1191 1891 1260 complexu
1931 1205 2025 1245 aes

2132 1192 2431 1266 μαρτύρων
2494 1190 2634 1257 εἶδος
2669 1193 2928 1256 πολλάκις
2970 1191 3564 1265 μετασχηματίζονται,
3612 1190 3715 1244 καὶ

442 1283 521 1336 ris
550 1281 704 1335 ﬁunt.
724 1279 974 1350 Cumque
997 1280 1321 1335 morientem
1357 1283 1669 1351 quempiam
1710 1283 2020 1353 cognoscit,

2129 1284 2278 1352 ἡμᾶς
2307 1282 2776 1353 προσερχομένους
2802 1283 2985 1345 αὐτοῖς
3002 1281 3125 1335 καθ’
3155 1280 3360 1344 ὕπνους
3388 1280 3679 1345 ὑπέδειξαν
3699 1297 3715 1313 ο

443 1374 711 1446 promptis
738 1374 807 1428 ad
841 1373 1171 1428 credendum
1207 1388 1302 1442 per
1327 1374 1604 1427 somnium
1656 1375 1852 1445 aperit.
1880 1373 2029 1427 Nihil

2130 1369 2549 1434 διυπνισθέντας
2587 1370 2647 1423 δὲ
2690 1372 2859 1442 χαρᾷ,
2914 1371 3008 1423 καὶ
3050 1371 3227 1441 οἰήσει
3278 1370 3720 1424 κατεϐάπτισαν.

445 1464 757 1520 futurorum
788 1478 884 1533 per
930 1465 1326 1533 pmscientiam
1355 1475 1716 1533 cognoscunt.
1758 1467 2027 1519 Caeterum

2132 1463 2302 1517 Τοῦτο
2334 1463 2398 1535 δή
2427 1481 2509 1517 σοι
2544 1463 2698 1518 ἔσται
2724 1465 2785 1518 τὸ
2805 1466 3034 1534 σημεῖον
3074 1464 3311 1533 πλάνης·
3337 1462 3591 1525 κολάσεις
3627 1462 3733 1515 xal.

443 1556 611 1612 etiam
644 1556 841 1609 medici
886 1555 1046 1609 nobis
1082 1563 1313 1608 mortem
1346 1562 1473 1608 ante
1517 1554 1844 1609 denuntiare
1876 1560 2032 1623 pote-

2133 1554 2365 1624 κρίσεις,
2388 1556 2484 1608 καὶ
2517 1556 2832 1625 χωρισμοὺς
2848 1553 3295 1607 ὑποδεικνύουσιν
3315 1553 3535 1622 ἄγγελοι
3557 1568 3572 1583 ι
3608 1553 3729 1605 διυ-

445 1653 593 1701 rant.
627 1644 782 1714 Swpe
810 1644 864 1697 in
890 1646 1145 1715 angelum
1180 1646 1341 1703 lucis.
1372 1656 1469 1698 aut
1498 1653 1799 1715 martyrum
1824 1642 2031 1699 formas

2134 1643 2457 1707 πνισθέντας
2486 1644 2801 1715 ὲντρόμους,
2839 1646 2935 1697 καὶ
2992 1643 3354 1711 σκυθρωποὺς
3383 1641 3731 1711 ἀπεργάζον-

446 1738 591 1792 versi
634 1752 694 1792 se
748 1737 911 1791 nobis
955 1732 1282 1805 spectandos
1329 1750 1427 1804 per
1475 1750 1730 1789 somnum
1770 1735 2027 1801 oﬂerunt,

2139 1754 2252 1791 ται.
2288 1737 2523 1790 Ὀπὸταν
2564 1739 2622 1790 ἐν
2663 1740 2771 1799 τοῖς
2808 1737 2997 1799 ὕπνοις
3039 1738 3154 1798 τοῖς
3185 1736 3408 1805 δαίμοσι
3439 1735 3730 1789 πείθεσθαι

450 1810 760 1901 εσυιιίοιιύο
780 1838 834 1883 et
857 1828 1026 1882 animi
1055 1828 1292 1882 elatione
1321 1827 1410 1881 ubi
1434 1827 1795 1897 expergefacti
1819 1842 2035 1895 sumus,

2141 1825 2454 1898 ἀρξώμεθα,
2471 1826 2592 1879 τότε
2615 1826 2803 1879 λοιπὸν
2832 1826 2927 1879 καὶ
2947 1826 3319 1895 ἐγρηγορότας
3337 1821 3728 1888 ἐμπαίζουσιν.

450 1922 704 1990 impletos
734 1920 987 1990 perdunt.
1027 1917 1142 1974 lloc
1168 1919 1264 1973 tibi
1302 1934 1405 1988 pro
1450 1916 1666 1974 fraudis
1724 1920 1929 1975 indicio
1964 1920 2042 1975 si-

2151 1919 2211 1972 Ὀ
2240 1917 2518 1982 ἐνυπνίοις
2556 1916 2803 1980 πεισθεὶς
2836 1919 2916 1980 εἰς
2956 1915 3102 1969 ἅπαν
3134 1916 3412 1984 ἀδόκιμος.
3454 1915 3514 1969 Ὀ
3542 1915 3601 1967 δὲ
3630 1917 3733 1969 πᾶ-

449 2019 619 2075 gnum
652 2005 858 2073 accipe.
888 2003 1076 2072 Angeli
1108 2002 1270 2056 nobis
1297 2002 1581 2071 supplicia,
1604 2002 1833 2072 judicia,
1856 2004 2046 2073 sejun«

2143 2028 2226 2064 σιν
2250 2010 2520 2073 ἀπιστῶν,
2548 2010 2834 2078 φιλόσοφος
2855 2003 3011 2072 οὗτος
3027 2025 3040 2038 °
3066 2008 3200 2062 πᾶσί
3226 2025 3309 2061 σοι
3343 2010 3455 2069 τοῖς
3480 2006 3730 2069 κόλασιν,

456 2097 667 2150 ctiones
715 2101 1130 2163 repraesentant,
1166 2102 1220 2148 et
1268 2093 1611 2148 somniantes
1646 2094 1873 2164 pavidos
1903 2110 2046 2150 mm-

2143 2103 2237 2157 καὶ
2276 2101 2459 2173 κρίσιν
2511 2101 3024 2171 εὐαγγελιζομένοις
3067 2098 3293 2154 πίστευε
3332 2098 3517 2168 μόνοις
3540 2114 3553 2128 ·
3579 2099 3631 2151 εἰ
3667 2097 3729 2151 δὲ

452 2196 677 2255 stosque
728 2187 994 2242 efﬁciunt.
1028 2186 1186 2252 Quod
1243 2186 1290 2241 si
1346 2185 1401 2238 in
1452 2186 1687 2241 somniis
1712 2187 2044 2257 coeperimus

2142 2192 2453 2260 άπόγνωσὶς
2521 2208 2606 2248 σοι
2664 2191 2945 2262 διενοχλεῖ,
3009 2191 3105 2244 καὶ
3174 2189 3347 2244 ταῦτα
3404 2190 3473 2242 bc
3535 2190 3734 2261 δαιμό-

451 2277 600 2343 duci,
623 2286 717 2331 aut
749 2276 990 2340 credere,
1032 2284 1163 2331 tunc
1193 2276 1359 2329 etiam
1388 2276 1742 2346 vigilantibus
1780 2277 2029 2335 illudent.
2142 2298 2272 2337 νων.

450 2368 557 2435 Qui
584 2369 922 2422 somniorum
976 2367 1231 2421 ludibriis
1279 2349 1542 2430 lrahitur,
1583 2368 1788 2422 nullius
1844 2367 2000 2438 pensi
2068 2368 2232 2427 homo
2296 2380 2400 2428 est.
2437 2371 2540 2437 Qui
2588 2385 2771 2427 omnia
2810 2385 3037 2442 prorsus
3078 2379 3138 2424 et
3190 2370 3372 2424 inania
3428 2369 3602 2438 reiicit
3631 2369 3734 2444 (α),

450 2461 544 2517 hic
565 2461 784 2516 demum
817 2476 944 2516 vere
995 2463 1215 2531 sapiens
1248 2462 1555 2518 credendus
1582 2470 1688 2517 est.
1720 2460 2047 2531 Quicunque
2086 2464 2184 2519 tibi
2241 2480 2340 2536 per
2404 2480 2660 2520 somnum
2707 2480 2922 2535 pmnas,
2975 2472 3031 2517 et
3071 2462 3278 2534 judicia
3314 2462 3575 2518 exhibent
3604 2460 3739 2517 solis

450 2554 630 2609 crede.
666 2552 820 2620 Quod
863 2554 978 2609 site
1021 2555 1089 2608 ad
1126 2555 1561 2624 desperationem
1614 2553 1916 2623 impellant.
1944 2565 1998 2609 et
2038 2556 2156 2613 haec
2188 2558 2259 2612 ab
2292 2572 2423 2612 orco
2449 2557 2717 2613 exsistere
2745 2572 2812 2611 ne
2863 2556 3071 2611 dubita.

527 2647 766 2702 Tertium
793 2649 890 2702 hac
912 2648 1236 2702 curriculum
1266 2648 1367 2704 SS.
1417 2648 1699 2702 Trinitatis
1728 2657 1808 2703 est
1834 2651 2055 2719 symbo-

2242 2653 2306 2707 ὀ
2351 2654 2552 2723 τρίτος
2596 2652 2843 2721 Τριόδος
2894 2651 3211 2722 ἰσάριθμος
3250 2651 3473 2720 δρόμος
3497 2667 3513 2682 ·
3544 2653 3578 2704 ό
3613 2649 3746 2705 ἐπι-

451 2735 588 2801 lum,
617 2735 756 2807 quod
781 2738 1069 2808 ingressus,
1096 2753 1258 2807 neque
1285 2736 1625 2792 dextrorsum
1645 2736 1853 2806 ﬂectas,
1892 2752 2055 2810 neque

2020 2752 2058 2791 ιι
2157 2742 2422 2813 ϐεϐηκὼς
2443 2743 2530 2814 μὴ
2557 2743 2894 2811 περιόλέψῃ
2924 2741 3116 2809 δεξιὰ,
3140 2743 3178 2812 ἢ
3211 2739 3500 2811 ἀριστερά
3529 2741 3624 2813 (ὁ).

456 2828 845 2881 sinistrorsum.

739 2964 845 3035 37
882 2962 1178 3020 SCIlOLlA
1212 2964 1302 3019 AD
1340 2964 1632 3021 (ἔηΑοοΜ
1669 2965 1760 3024 ΠΙ.
2069 2975 2114 3033 c

1745 3009 1760 3024 ,
2069 2975 2114 3033 α
2533 2964 2798 3018 ΣΧυΛΙΑ’
2821 2964 2931 3018 ΕΙΣ
2975 2965 3223 3023 ΛΟΓΟΝ.
3269 2965 3343 3018 Γ⁹.

634 3070 709 3128 De
743 3088 952 3128 secessu
983 3088 1016 3127 a
1044 3074 1261 3138 mundo,
1297 3074 1404 3129 sive
1441 3075 1881 3146 peregrinatione.

1582 3075 1881 3140 yrinatione.
2687 3077 2827 3145 Περὶ
2872 3076 3186 3145 ξενιτείας.

1085 3182 1336 3240 Scholion
1373 3186 1425 3242 1.

2765 3185 3030 3254 Σχόλιον
3062 3190 3134 3240 α’.

531 3269 661 3328 Sive
703 3270 1029 3345 (derelictio)
1073 3273 1531 3343 propinquorum,
1557 3289 1744 3343 opum,
1775 3272 2050 3339 ciborum,

2231 3275 2458 3343 Ἥγουν,
2480 3275 2775 3343 συγγενῶν,
2813 3278 3128 3347 κτημάτων,
3163 3277 3479 3349 χρημάτων,
3512 3277 3735 3350 βρῶμά⁴

460 3363 725 3419 vitiorum
776 3379 872 3419 seu
927 3363 1194 3418 malarum
1243 3363 1623 3431 all‘ectionum,
1676 3363 1948 3434 superbia:
2001 3368 2057 3416 et

2156 3381 2285 3431 των,
2327 3365 2538 3433 παθῶν,
2571 3369 2987 3440 μετεωρισμῶν,
3024 3369 3229 3435 τόπων,
3291 3366 3449 3442 δόξης
3493 3370 3587 3425 καὶ
3622 3368 3738 3424 λοι-

462 3455 740 3522 elationis,
782 3456 1064 3522 locorum,
1112 3456 1336 3527 gloriae,
1387 3465 1441 3511 et
1474 3456 1640 3527 hujus
1670 3456 1884 3526 generis
1917 3454 2054 3510 alio-
2161 3458 2301 3513 πῶν.

467 3562 618 3602 rum.

1034 3633 1286 3691 Scholion
1318 3635 1489 3690 aliud.

2724 3642 2988 3711 Σχόλιον
3016 3642 3189 3699 ἄλλο.

539 3721 848 3796 Religiosus
870 3726 1196 3798 peregrinus
1228 3736 1332 3793 est,
1363 3728 1457 3797 qui
1492 3736 1674 3782 mente
1705 3725 1889 3781 omnia
1916 3740 2059 3796 prae-

2233 3725 2396 3794 Ξένος
2430 3730 2579 3786 ἐστὶν
2600 3732 2628 3785 6
2655 3734 2795 3788 κατὰ
2814 3734 3053 3791 διάνοιαν
3079 3736 3185 3803 ἔξω
3207 3736 3499 3806 γενόμενος
3523 3734 3734 3790 πάντων

465 3816 644 3872 sentia
679 3815 924 3886 reliquit.

2160 3816 2271 3871 τῶν
2299 3817 2592 3889 βιωτικῶν.

1039 3906 1292 3962 Scholion
1325 3907 1498 3964 aliud.

2714 3918 2979 3985 Σχόλιον
3014 3917 3191 3973 ἄλλο.

545 3997 644 4054 Ille
687 4004 775 4053 est
824 3998 1184 4069 peregrinus,
1239 4001 1329 4055 cui
1378 4000 1563 4056 omnia
1600 3994 1806 4056 ’mundi
1841 4000 2058 4073 negotia

1790 4000 1806 4056 i
1841 4000 2058 4073 negotia
2233 3998 2397 4064 Ξένος
2424 4003 2650 4073 ἐκεῖνος,
2681 3998 2744 4058 οὗ
2777 4006 2905 4072 ξένα
2946 4007 3014 4061 τὰ
3036 4007 3131 4061 τοῦ
3171 4008 3394 4079 κόσμου.

463 4093 755 4164 peregrina
790 4101 920 4148 sunt
956 4102 1010 4147 et
1045 4093 1344 4163 incognita.

1036 4183 1287 4239 Scholion
1319 4186 1491 4241 aliud.

2723 4186 2986 4254 Σχόλιον
3041 4184 3219 4239 ἄλλο.

542 4272 601 4328 Si
633 4272 729 4328 Dei
760 4289 929 4331 causa
961 4277 1364 4346 peregrinaris,
1411 4277 1521 4332 noli
1567 4285 1618 4332 te
1661 4278 1894 4333 miscere
1933 4291 2057 4331 cum

2249 4277 2377 4332 Ἐὰν
2394 4275 2706 4347 ξενιτεύσῃς
2728 4275 2814 4329 διὰ
2838 4276 2927 4327 τὸν
2955 4274 3088 4327 Θεὸν
3117 4274 3194 4345 μὴ
3221 4274 3452 4348 θελήσῃς
3480 4273 3739 4345 συμμίξαι

466 4361 540 4419 iis
594 4364 688 4434 qui
720 4364 778 4418 in
822 4380 888 4419 eo
924 4364 1045 4418 loco
1077 4366 1348 4431 habitant,
1390 4383 1566 4437 neque
1605 4383 1888 4424 sermones
1929 4382 2054 4422 cum

2132 4365 2354 4422 ἑαυτὸν
2394 4365 2531 4436 μετὰ
2568 4362 2680 4417 τῶν
2721 4365 2778 4415 ὲν
2815 4363 2892 4435 τῷ
2927 4363 3099 4433 τόπῳ,
3144 4360 3280 4433 μηδὲ
3324 4364 3415 4417 τὸν
3458 4363 3614 4430 λόγον
3643 4377 3736 4414 σου

470 4455 586 4511 illis
620 4455 896 4511 instituas.
920 4457 1140 4528 Alioqui
1169 4457 1281 4514 fere
1305 4470 1588 4530 prmstarct
1613 4471 1664 4516 te
1686 4462 1826 4517 inter
1853 4475 2057 4531 cogna-

2158 4457 2434 4529 συμμίξῃς
2484 4455 2601 4527 μετ’
2661 4454 2859 4510 αὐτῶν.
2920 4456 3074 4509 Ἐπεὶ
3123 4457 3393 4526 συμφέρει
3438 4472 3522 4510 σοι
3559 4454 3742 4526 σχεδὸν

474 4553 560 4601 tos
587 4546 792 4602 virere.

2156 4544 2296 4603 εἶναι
2350 4552 2487 4621 μετὰ
2540 4548 2648 4602 τῶν
2707 4547 2852 4602 κατὰ
2903 4549 3081 4619 σάρκα
3126 4550 3407 4618 συγγενῶν
3455 4566 3547 4603 σου
3600 4546 3735 4618 μᾶλ-

2165 4640 2280 4696 λον.

1107 4728 1357 4786 Scholion
1389 4728 1444 4784 2.

2750 4735 3012 4803 Σχόλιον
3053 4733 3133 4800 β’.

545 4816 778 4886 Quando
812 4818 1104 4889 religiosus
1134 4821 1454 4892 peregrinus
1485 4834 1640 4875 suam
1677 4819 1799 4874 aliis
1826 4815 2059 4888 prodere

2240 4821 2411 4877 Ὅταν
2453 4823 2481 4876 6
2530 4822 2817 4889 ξενιτεύων
2868 4825 3100 4897 ἄρξηται
3157 4824 3563 4901 ἀνακαλύπτειν
3583 4820 3737 4892 εὐγέ-

472 4911 692 4981 generis
726 4911 1065 4968 nobilitatem
1095 4914 1343 4985 coeperit,
1371 4924 1465 4968 aut
1493 4913 1753 4967 honorem
1790 4924 2057 4981 quaerere,

2163 4931 2335 4979 νειαν,
2379 4916 2474 4968 καὶ
2534 4917 3046 4988 παρρησιάζεσθαι,
3102 4916 3269 4988 τιμὴν
3327 4912 3385 4968 δὲ
3438 4913 3740 4985 ἐπιζητεῖν,

478 5000 704 5057 liberius
740 5003 891 5076 loqui
941 5012 997 5060 et
1047 5021 1244 5078 agere,
1290 5016 1383 5062 aut
1430 5006 1609 5061 ell'erri
1655 5012 1710 5058 et
1748 5002 2058 5074 superbire,

2161 5007 2256 5061 καὶ
2283 5006 2819 5078 ὺπερηφανεύεσθαι,
2854 5010 2887 5081 ἡ
2929 5006 3156 5079 τοιαύτη
3213 5002 3449 5073 ξενιτεία
3490 5004 3551 5057 ού
3586 5002 3741 5072 καλή.

474 5092 792 5165 liujusmodi
830 5098 1203 5170 peregrinatio
1238 5116 1345 5154 non
1379 5108 1461 5154 est
1489 5096 1800 5152 laudabilis.

1100 5188 1351 5243 Scholion
1387 5191 1440 5245 ’5.

2787 5179 3048 5250 Σχόλιον
3086 5186 3154 5250 τ’.

548 5273 881 5349 Peregrinus
908 5295 1004 5350 per
1042 5281 1446 5349 separationem
1477 5280 1547 5334 ab
1589 5278 1847 5334 omnibus
1881 5276 2064 5350 (curis

2245 5273 2345 5328 Διὰ
2374 5271 2470 5327 τοῦ
2499 5270 2722 5326 πάντων
2752 5271 3036 5343 χωρισμοῦ
3065 5272 3133 5325 τά
3168 5271 3354 5326 ἔνοικα
3373 5267 3561 5325 διώκει
3580 5267 3749 5337 πάθη,

477 5379 535 5423 et
578 5370 851 5440 negotiis)
902 5373 1252 5442 persequitur
1291 5373 1588 5427 domestica
1631 5371 1783 5435 vitia,
1829 5379 1885 5425 et
1936 5369 2070 5424 inibi

2179 5369 2275 5425 καὶ
2311 5366 2613 5439 τηνικαῦτα
2638 5364 2847 5434 γίνεται
2867 5361 3003 5418 Θεοῦ
3032 5364 3355 5437 ἀχώριστος.
3398 5361 3519 5415 Τῶν
3558 5360 3615 5414 δὲ
3648 5375 3751 5413 ππ-

546 5526 623 5599 (a)
645 5526 840 5583 Omnia
887 5544 998 5585 non
1064 5529 1333 5592 absolute.
1377 5532 1471 5588 sed
1522 5534 1677 5600 quasi
1730 5533 2043 5602 prophetica

549 5606 621 5649 ta.
656 5615 824 5649 \‘ana:
870 5601 1073 5649 alionui
1129 5617 1229 5649 nec
1258 5601 1324 5649 iis
1371 5618 1493 5649 num
1548 5604 1743 5649 imlioin
1786 5611 1839 5649 at
1869 5617 2060 5649 nmnas

2227 5531 2299 5601 (ὁ)
2328 5530 2465 5584 Cod.
2489 5529 2594 5587 Α..
2626 5529 2654 5580 6
2674 5527 2857 5649 τρίτος
2893 5524 3204 5592 ὲκτύπωμα
3240 5520 3472 5593 Τριάδος
3530 5517 3744 5603 δρόμος·

2171 5600 2252 5649 εἰς
2285 5600 2344 5649 ὃν
2367 5599 2542 5649 ἐμϐὰς
2575 5598 2711 5649 μηδὸ
2746 5615 2820 5649 ως
2852 5595 3208 5649 πεοιϐλέψης.
3237 5593 3310 5649 μὴ
3335 5589 3531 5649 δεξιοῖς
3558 5598 3744 5649 νευσῐις

479 5589 621 5673 laeta,
656 5615 824 5673 Vana;
870 5601 1074 5671 alioqui
1128 5617 1229 5673 nec
1258 5589 1330 5656 iis
1371 5618 1493 5671 qua:
1542 5589 1745 5672 iudicia
1786 5589 1845 5658 et
1869 5617 2060 5673 pmnas

2171 5589 2252 5663 εἰς
2285 5589 2344 5653 δν
2363 5599 2542 5673 ἐμϐάς
2574 5589 2820 5673 μηδὸλως
2852 5589 3208 5667 περιϐλέψῂς,
3236 5589 3311 5664 μὴ
3335 5589 3531 5656 δεξιοῖς
3558 5589 3752 5655 νεύσῃς

478 5666 636 5718 nobis
660 5670 917 5724 exhibent
938 5666 1446 5738 credendumessét,
1464 5666 1609 5742 quod
1629 5684 1710 5729 est
1727 5666 1913 5729 contra
1934 5689 2057 5727 mox

1153 5666 1609 5742 lumessét,qnod
1629 5666 1913 5729 estcontra
1934 5689 2057 5727 mox
2170 5687 2248 5737 τε,
2282 5669 2402 5741 μηδ’
2438 5666 2757 5738 εὐωνύμοις·

479 5745 797 5802 soquentcm
833 5741 1185 5797 sententiam.
