4062 6416
231 405 359 470 673

1295 389 1526 449 SCALA
1554 385 1941 447 PARADISI.
1975 409 2044 421 —
2066 379 2376 443 GRADUS
2397 376 2512 438 III-

3445 371 3552 435 (ΠΛ

238 518 374 573 θῶν
416 508 840 586 συμπαρόντων,
880 507 942 559 οὐ
983 503 1151 575 πολλὴ
1195 503 1227 574 ἡ
1269 502 1367 573 τῆς
1403 499 1665 565 ξενιτείας
1710 498 1886 568 ὠφέ-γ

2001 496 2145 550 Lalim
2181 507 2307 548 cum
2350 489 2464 545 Deo
2495 483 2941 557 inseparabiliter
2957 483 3347 557 coniungitur.
3392 482 3550 549 Quod

236 611 405 664 λεια.

905 780 1172 850 Σχόλιον
1198 776 1269 830 δ”

335 880 516 935 Ἶδίων
549 876 658 931 τῶν
690 874 1015 945 θελημάτων
1048 870 1204 942 φησὶ,
1241 869 1337 922 καὶ
1367 867 1478 921 τῶν
1504 864 1646 920 κατὰ
1679 864 1860 937 σάρκα

235 974 651 1045 διαφερόντων,
684 966 983 1037 ἀλλοτρίων
1012 965 1070 1019 δὲ
1100 963 1282 1027 ἐκτὸς,
1332 962 1501 1033 ἤγουν
1533 959 1858 1030 χρημάτων,

240 1065 355 1120 καὶ
384 1061 713 1133 κτημάτων.
746 1058 839 1127 ἀφ’
866 1050 942 1110 ὧν
983 1073 1065 1120 τις
1094 1052 1499 1124 ἀλλοτριωθεὶς,
1533 1050 1625 1102 καὶ
1651 1047 1861 1117 φυγὼν,

1961 587 2054 658 qui
2094 601 2204 640 non
2246 582 2396 648 facit,
2430 596 2532 636 nec
2568 596 2598 634 a
2635 578 2784 634 vitiis
2820 577 2937 632 suis
2984 576 3259 642 avellitur,
3290 574 3553 645 exiguum

1962 696 2074 737 suae
2100 675 2566 751 peregrinationis
2599 674 2842 727 fructum
2871 670 3036 740 capit.

2585 763 2841 819 Scholion
2874 760 2926 814 4.

2033 860 2138 915 Per
2190 857 2467 929 prOpriam
2515 856 2853 911 voluntatem
2905 851 3162 922 intelligit
3210 850 3376 904 etiam
3427 849 3555 915 illa,

1964 970 2089 1025 qua:
2128 955 2181 1007 in
2221 951 2430 1006 mundo
2466 963 2568 1019 pro
2616 946 2832 1016 magnis
2876 945 3175 1005 habentur,
3215 940 3310 996 sed
3357 941 3425 995 ab
3469 941 3557 1003 iis,

1966 1026 2058 1117 qui
2102 1044 2367 1099 mundum
2408 1041 2752 1109 reliquerunt
2781 1037 2961 1091 aliena
2992 1042 3142 1100 sunt,
3174 1033 3289 1089 sive
3314 1034 3563 1103 pecuniae

1967 1141 2098 1202 sint,
2131 1137 2247 1192 sive
2277 1150 2432 1205 Opes,
2460 1150 2486 1186 a
2519 1131 2722 1203 quibus
2749 1131 3059 1184 abstractus
3088 1136 3143 1183 et
3172 1124 3440 1197 profugus
3466 1141 3562 1178 τοι

1966 1246 2086 1286 ram
2142 1237 2197 1284 et
2241 1226 2442 1282 rationi
2486 1226 2713 1305 omnino
2752 1230 3182 1278 consentaneam
3219 1219 3288 1273 ad
3330 1218 3562 1273 salutem

1966 1323 2114 1378 viam
2153 1320 2379 1376 insistit.

244 1157 490 1227 εὔλογον
521 1154 614 1208 καὶ
637 1152 819 1221 λελογι
832 1150 1035 1222 σμένην
1060 1148 1162 1220 τὴν
1189 1147 1326 1217 πρὸς
1351 1142 1633 1215 σωτηρίαν
1659 1142 1860 1213 φέρου-

246 1267 360 1305 σαν
394 1249 518 1305 ὁδὸν
540 1244 736 1300 ὁδεύει.

2597 1407 2851 1464 Scholion
2883 1405 2935 1461 5.

2046 1502 2105 1558 Si
2138 1500 2370 1558 sublatis
2410 1498 2477 1554 ad
2523 1496 2686 1551 breve
2732 1505 2947 1564 tempus
2992 1491 3314 1547 vitiosarum
3356 1491 3568 1561 cupidi-

867 1414 1129 1484 Σχόλιον
1183 1412 1252 1465 s'.

343 1510 479 1565 Ἐάν
511 1509 651 1581 πρὸς
676 1507 856 1577 ὀλίγον
879 1506 987 1558 τῶν
1022 1502 1212 1559 παθῶν
1236 1503 1334 1566 τὰς
1367 1502 1546 1566 αἰτίας
1596 1502 1867 1571 ἐκκόψαν-

253 1622 380 1669 τες,
434 1605 552 1666 τοῖς
606 1601 1001 1669 πνευματικοῖς
1029 1594 1481 1667 ὲνασχοληθῶμεν
1523 1594 1865 1666 θεωρήμασι,

2001 1604 2144 1650 alum
2199 1591 2421 1658 causis,
2478 1588 2681 1643 divinis
2727 1585 3291 1655 contemplationibus
3342 1599 3565 1653 operam

258 1699 325 1750 ἐν
378 1696 568 1757 αὐτοῖς
609 1693 667 1746 δὲ
704 1694 794 1747 ἀεὶ
829 1689 1224 1762 διατρίψωμεν,
1271 1688 1405 1741 αύτδ
1448 1686 1608 1740 τοῦτο
1648 1686 1865 1757 ἔχοντες

2001 1688 2321 1751 lederimus,
2364 1693 2417 1739 et
2470 1683 2522 1736 in
2566 1681 2652 1735 llis
2699 1694 2917 1749 semper
2960 1678 3212 1748 occupati
3264 1676 3568 1741 fuerimus;

262 1789 454 1861 ἔργον,
482 1786 749 1858 εὐχείρως
773 1784 939 1839 πάλιν
968 1786 1061 1836 ἐπί
1085 1781 1154 1836 τὰ
1188 1783 1288 1853 τῆς
1321 1779 1525 1853 σαρκὸς
1567 1778 1713 1848 πάθη
1741 1796 1870 1849 τρε-

2001 1782 2138 1851 dque
2184 1795 2358 1834 unum
2404 1776 2672 1830 duntaxat
2715 1773 3028 1842 egerimus,
3069 1770 3218 1826 facili
3253 1770 3471 1839 negotio
3503 1770 3570 1822 ad

267 1851 509 1953 πόμεθα,
550 1851 723 1951 μηδὲν
769 1876 898 1932 ἄλλο
958 1874 1169 1929 ἐκεῖθεν
1214 1851 1668 1945 καρπωσάμενοι,
1715 1872 1869 1943 ἧφι-

2001 1876 2159 1928 u'iora
2196 1871 2381 1927 carnis
2416 1865 2546 1923 vitia
2580 1866 2912 1929 relabemur,
2948 1879 3056 1919 non
3091 1864 3240 1917 aliud
3265 1863 3393 1917 inde
3417 1877 3571 1916 com-

269 1976 375 2048 λὴν
416 1975 619 2047 γνῶσιν
669 1971 808 2044 μετά
847 1971 1102 2042 οἰήσεως,
1141 1961 1208 2040 ἧς
1252 1967 1315 2020 τὸ
1360 1966 1514 2030 τέλος
1548 1965 1667 2036 ἥτε
1700 1965 1873 2033 αὐτῆς

2001 1967 2201 2021 nodum
2231 1960 2455 2019 relaturi
2487 1974 2653 2029 quam
2682 1957 2938 2026 exiguam
2973 1971 3099 2011 cum
3133 1954 3301 2009 animi
3333 1953 3570 2024 quadam

285 2046 429 2124 κατὰ
469 2068 654 2140 μικρὸν
682 2069 785 2138 τῆς
812 2064 1071 2135 γνώσεως
1095 2063 1296 2134 οἴησις,
1337 2061 1432 2115 καὶ
1468 2061 1753 2125 σκότωςις,
1779 2059 1874 2113 καὶ

2001 2057 2213 2112 :latione
2246 2053 2640 2125 cognitionem,
2677 2048 2836 2118 cujus
2865 2047 2990 2103 linis
3031 2047 3148 2103 limo
3194 2047 3314 2116 ipsa
3362 2046 3576 2114 exigua}

283 2165 321 2234 ἠ
359 2131 623 2234 παντελὴς
640 2131 858 2215 τοῦ-νοιῖ
891 2157 987 2212 ἐπὶ
1015 2156 1087 2211 τά
1114 2131 1279 2211 ύλικά
1321 2154 1589 2225 ἐκτροπή.

2001 2148 2224 2205 .cientiaa
2267 2144 2506 2215 superba
2549 2140 2758 2212 Opinio,
2808 2131 2862 2195 ει
2900 2140 3098 2195 mentis
3148 2137 3426 2202 conlusio,
3475 2152 3572 2190 seu

1976 2239 2295 2305 excaecatio,
2325 2246 2379 2292 et
2402 2238 2620 2293 demum
2651 2245 2763 2292 tota
2781 2233 2951 2289 animi
2975 2232 3041 2287 ad
3071 2232 3352 2287 mundana
3377 2247 3576 2287 rursus

1979 2333 2269 2390 conversio
2298 2340 2402 2387 est.

901 2423 1165 2489 Σχόλιον
1190 2425 1265 2485 ς’.

351 2513 436 2568 Τὸ
471 2511 686 2568 οἴεσθαι
714 2507 878 2576 εἶναι,
904 2510 966 2563 τὺ
1004 2508 1223 2580 ἀληθῶς
1254 2503 1392 2562 εἶναι
1418 2509 1518 2563 οὐκ
1541 2509 1624 2580 ἑᾷ.
1669 2509 1736 2563 Ἥ
1763 2527 1868 2580 μα-

266 2605 506 2675 ταιότης
541 2600 634 2658 οὖν
675 2601 986 2672 ἀνυπαρξία
1045 2601 1140 2654 καὶ
1173 2598 1310 2662 ἔστι,
1345 2600 1440 2653 καὶ
1484 2599 1724 2669 λέγεται.
1760 2602 1880 2654 Μα-

265 2698 567 2769 ταιότητος
600 2696 656 2750 δὲ
698 2694 973 2764 λογισμοὶ,
1011 2694 1067 2746 αἱ
1116 2693 1217 2762 τῆς
1263 2691 1494 2763 οἰήσεως
1545 2693 1652 2746 εἰσι
1694 2692 1879 2763 φιλεν-

268 2791 530 2855 δεικτους
566 2789 666 2843 καὶ
702 2786 1011 2858 φιλοδόξους
1049 2784 1505 2854 ὲγκαθιστῶντες.

2616 2421 2866 2479 Scholion
2897 2420 2949 2476 6.

2053 2522 2165 2608 33
2191 2518 2365 2592 Negat
2411 2518 2732 2593 (Climacus)
2777 2517 2921 2572 idem
2949 2513 3162 2584 opinari
3194 2512 3400 2583 aliquid
3430 2528 3576 2574 esse,

1983 2624 2038 2672 et
2066 2604 2259 2670 verum
2291 2627 2439 2669 esse.
2467 2610 2692 2666 Vanitas
2718 2623 2850 2679 ergo
2875 2621 3050 2670 mera,
3081 2621 3182 2661 nec
3214 2613 3298 2660 est
3337 2604 3539 2674 aliquid
3562 2647 3576 2670 ,

1985 2724 2089 2773 nec
2109 2707 2315 2764 dicitur
2344 2704 2577 2776 aliquid.
2617 2702 2887 2759 Vanitatis
2920 2700 3307 2770 cogitationes,
3325 2706 3456 2753 sunt
3482 2714 3579 2751 eo-

1985 2801 2277 2873 gitationes
2306 2798 2586 2862 elationis,
2622 2812 2746 2867 quae
2776 2803 3147 2852 ostentatores
3176 2800 3230 2847 et
3262 2790 3445 2847 inanis
3466 2790 3584 2862 glo-

1987 2894 2084 2949 riae
2111 2900 2417 2949 sectatores
2446 2898 2657 2946 creant.

912 2967 1174 3037 Σχόλιογ
1210 2964 1276 3027 ζ’.
1402 2998 1406 3002 -

2616 2975 2866 3033 Scholion
2904 2978 2954 3031 7.

344 3065 585 3137 Σχέσεις
642 3062 788 3117 ἰδίων
825 3061 926 3133 τὴν
969 3060 1062 3115 τοῦ
1101 3059 1228 3115 Λὼτ
1259 3062 1498 3129 γυναῖκα
1539 3060 1880 3126 ὲστήλωσαν.

2060 3073 2229 3128 Amor
2261 3086 2449 3127 rerum
2480 3070 2832 3141 propriarum
2864 3068 2986 3123 Loti
3014 3081 3242 3123 uxorem
3266 3064 3321 3120 in
3347 3074 3584 3121 statuam

278 3159 514 3231 Σχὲσεις
541 3155 843 3227 ἀλλοτρίων
885 3152 1058 3208 ἸΙσαῦ
1090 3152 1480 3224 πρωτοτοκὶων
1515 3154 1882 3228 ἀπεστέρησε.

2001 3169 2186 3233 vertit;
2235 3164 2467 3221 allectus
2507 3178 2638 3233 erga
2671 3178 2760 3219 res
2787 3162 2998 3218 alienas
3042 3159 3186 3215 Esau
3231 3159 3358 3230 jure
3394 3158 3589 3228 primi-

282 3252 516 3324 Σχέσεις
539 3249 869 3320 θελημάτων
901 3246 971 3301 τὰ
1012 3246 1167 3301 κῶλα
1195 3246 1289 3300 τοῦ
1319 3244 1453 3299 λαοῦ
1489 3249 1547 3300 ὲν
1586 3250 1652 3320 τῇ
1695 3249 1886 3322 ἐρήμῳ

2001 3260 2274 3333 geniorum
2297 3256 2566 3328 privavit;
2602 3256 2823 3327 propria
2846 3255 3102 3310 voluntas
3123 3251 3319 3307 alliixit
3340 3250 3588 3305 membra

285 3343 707 3415 κατέστρωσαν.
767 3340 990 3412 Σχέσεις
1021 3337 1321 3411 κτημάτων
1347 3338 1449 3411 τὴν
1486 3338 1730 3412 Ἰεζαδὴλ
1755 3342 1886 3395 ἀπέ-

2001 3353 2178 3424 populi
2207 3352 2263 3407 in
2292 3350 2545 3413 deserto;
2583 3363 2751 3418 opum
2781 3347 3089 3402 alienarum
3123 3346 3397 3417 cupiditas
3426 3341 3582 3398 .leza-

293 3453 495 3490 κτεινε.
512 3434 740 3505 Σχέσεις
756 3432 1056 3504 χρημάτων
1082 3432 1177 3485 τὸν
1198 3431 1400 3485 Ἰούδαν
1416 3432 1684 3505 προδότην
1708 3433 1886 3506 εἰργά-

2001 3447 2171 3502 belem
2229 3441 2540 3509 interfecit;
2591 3441 2950 3512 pecuniarum
3000 3439 3264 3510 appetitio
3314 3434 3590 3510 [avaritia]

300 3544 455 3585 σατο.
495 3528 555 3581 '0
601 3527 660 3581 δὲ
694 3524 969 3597 σχολάσας
1000 3515 1112 3580 τῶν
1145 3523 1433 3593 τοιούτων,
1476 3517 1638 3598 εὗρεν
1672 3526 1886 3597 άληθῶς

2001 3537 2189 3594 ludam
2221 3535 2353 3592 fecit
2384 3534 2736 3606 proditorem.
2785 3531 3001 3600 Quibus
3042 3530 3193 3587 vitiis
3235 3528 3593 3585 affectionunt

301 3622 399 3693 τὴν
450 3621 545 3674 τοῦ
595 3618 1003 3685 ξενιτεύσαντος
1039 3616 1297 3690 ’Δὸραὰμ
1349 3617 1631 3688 φιλόξενον
1657 3618 1889 3692 σκηνὴν,

303 3717 395 3771 καὶ
419 3715 589 3788 ζωήν.

930 3806 1183 3875 Σχόλιον
1208 3812 1282 3875 η’.

381 3903 523 3973 Ὅρα
542 3902 658 3966 πῶς
680 3902 743 3956 οὐ
772 3895 999 3972 πρδς’τὰ
1021 3898 1331 3971 πράγματα
1354 3898 1550 3970 γέγονε
1571 3900 1605 3972 ἡ
1638 3900 1891 3969 ἐπιστρο-

313 3994 414 4063 φὴ.
451 3992 584 4047 ἀλλὰ
612 3992 748 4065 πρὸς
791 3994 918 4058 τοὺς
951 3992 1149 4063 λόγους
1187 3991 1298 4047 τῶν
1337 3989 1707 4063 πραγμάτων,
1753 3990 1788 4061 ἡ
1819 3987 1900 4042 ἔν-

308 4101 431 4140 νοια
456 4085 832 4153 προσεπέλασε
874 4087 1058 4156 μόνον.
1111 4083 1203 4138 Διὸ
1236 4083 1334 4138 καὶ
1364 4079 1788 4152 κατακέκριται.
1819 4079 1895 4133 Οὐ

305 4172 417 4245 γὰρ
470 4173 554 4236 εἰς
584 4171 885 4241 Αἴγυπτον,
914 4172 1031 4226 ἀλλ’
1068 4172 1126 4225 ἐν
1174 4173 1290 4235 τοῖς
1322 4170 1453 4242 περὶ
1486 4168 1584 4240 τὴν
1622 4166 1900 4237 Αἴγυπτον

302 4262 491 4326 τόποις
519 4262 550 4315 ὁ
584 4260 710 4326 νοῦς
748 4260 844 4315 τοῦ
883 4259 1018 4314 λαοῦ
1058 4257 1463 4331 καταϐέϐηκεν.

905 4445 1171 4516 Σκόλιον
1226 4448 1298 4501 θ’.

1995 3629 2090 3701 qui
2123 3636 2296 3695 caret,
2342 3642 2471 3684 vere
2521 3624 2822 3681 Abraharni
2872 3622 3277 3696 peregrinantis
3324 3617 3596 3693 hospitale

1996 3719 2414 3778 tabernaculum
2444 3727 2501 3776 et
2522 3718 2698 3774 vitam
2731 3717 2964 3771 invenit.

2621 3808 2873 3865 Scholion
2910 3807 2966 3863 8.

2068 3901 2459 3958 Animadverte
2503 3899 2782 3969 quomodo
2822 3899 2964 3954 facta
3016 3898 3090 3953 sit
3130 3896 3330 3952 reditio
3364 3912 3473 3952 non
3524 3897 3597 3953 ad

2000 4009 2090 4052 res
2121 4006 2178 4051 et
2220 3994 2462 4066 negotia,
2495 3993 2591 4048 sed
2627 4000 2840 4047 tantum
2876 3989 3025 4061 quod
3056 3989 3315 4061 cogitatio
3344 3999 3399 4045 et
3438 4004 3595 4047 meas

1999 4088 2225 4159 propius
2255 4086 2440 4155 adres
2468 4084 2763 4140 saeculares
2795 4083 3103 4155 [sermones
3127 4082 3196 4137 de
3222 4082 3388 4137 rebus
3416 4097 3595 4137 saecu-

2000 4173 2235 4248 laribus]
2287 4173 2611 4238 accesserit,
2676 4186 2854 4241 eoque
2908 4170 3178 4241 judicium
3223 4170 3596 4226 damnationis

2002 4263 2254 4321 subierit.
2307 4262 2461 4318 Mens
2507 4261 2653 4317 enim
2688 4275 2785 4317 seu
2827 4260 3046 4316 animus
3083 4260 3289 4331 populi,
3338 4276 3444 4318 non
3476 4262 3597 4332 ipse

2003 4355 2263 4428 populus,
2301 4355 2358 4411 in
2387 4354 2566 4411 vicina
2598 4352 2820 4425 Egypti
2853 4353 2972 4408 loca
3004 4352 3309 4409 descendit.

2630 4444 2885 4501 Scholion
2921 4443 2979 4500 9.

371 4538 543 4603 Ξένος
581 4537 733 4591 ἐστὶν
759 4538 968 4602 ἐκεῖνος
996 4538 1025 4590 ὁ
1053 4539 1112 4591 ὲν
1145 4538 1259 4600 τοῖς
1299 4535 1678 4607 όμογλώσσοις
1720 4535 1886 4608 καθή-

2078 4538 2413 4611 Peregrinus
2437 4539 2528 4596 ille
2548 4547 2653 4605 est,
2676 4538 2771 4607 qui
2799 4538 2945 4593 inter
2974 4552 3090 4593 suae
3125 4537 3326 4609 linguae
3358 4545 3596 4609 gentem,

302 4649 494 4703 μενος,
550 4631 744 4702 ὥσπερ
804 4630 1040 4702 κάθηται
1104 4629 1358 4702 δηλονότι
1411 4632 1441 4683 ό
1494 4629 1897 4698 άλλόγλωσσος,

297 4726 475 4798 ἤγουν
519 4726 550 4778 ό
577 4723 770 4794 ἄλλην,
814 4724 911 4777 καὶ
953 4723 1016 4776 οὐ
1058 4723 1162 4795 τὴν
1219 4723 1392 4794 αὐτὴν
1439 4722 1581 4795 ἔχων
1625 4722 1901 4793 γλῶσσαν,

298 4818 404 4871 καὶ
432 4815 626 4887 φωνὴν
650 4816 791 4885 μετὰ
818 4813 1249 4885 ἐτερογλώσσου,
1284 4816 1382 4871 καὶ
1409 4815 1508 4886 οὐχ
1523 4813 1904 4887 ὀμογλώσσου.

297 4911 567 4982 Κάθηται
616 4909 676 4963 δὲ
705 4911 764 4962 ὲν
797 4909 1074 4980 αἰσθήσει,
1133 4911 1275 4983 ὅπερ
1306 4910 1428 4963 ἐστὶ
1483 4909 1546 4963 τὸ
1597 4909 1673 4982 μὴ
1712 4907 1908 4963 ἑαυτὸν

300 5002 523 5075 κρίνειν
571 5001 724 5067 ἄξιον
759 5002 854 5055 τοῦ
893 5002 1098 5071 λέγειν,
1137 5003 1234 5056 καὶ
1271 5001 1583 5073 συνομιλεῖν
1609 5018 1745 5056 τισι.
1795 5001 1908 5055 Καὶ

301 5090 493 5145 ταῦτα
523 5089 808 5159 Πατράσιν
836 5088 1085 5160 ὑψηλοῖς.

920 5228 927 5235 .
953 5186 1219 5255 Σχόλιον
1261 5189 1315 5240 ι’.

383 5277 568 5341 Μῖσός
616 5279 737 5331 ἐστι
776 5277 1139 5349 κεκρυμμένη
1183 5276 1425 5340 διάθεσις
1468 5276 1911 5349 ἀπεχθανομένη,

2007 4638 2266 4701 tanquam
2293 4631 2521 4701 ignarus
2542 4630 2664 4701 ejus
2683 4629 2884 4700 linguae
2905 4636 2964 4683 ut
2984 4629 3288 4700 alienigena
3312 4640 3597 4685 versatur:

2006 4724 2124 4780 sive
2154 4723 2249 4794 qui
2284 4724 2450 4778 aliam
2480 4722 2746 4793 linguam,
2789 4736 2902 4776 non
2948 4720 3197 4776 eamdem
3230 4737 3355 4776 eum
3398 4723 3604 4792 populo

2006 4815 2240 4871 diversae
2274 4815 2476 4886 linguae
2520 4814 2706 4869 habet.
2756 4813 2921 4869 Sedet
2959 4822 3143 4868 autem
3190 4814 3393 4870 tacitus
3443 4815 3500 4869 in
3544 4829 3605 4871 se

2009 4909 2299 4974 collectus,
2336 4906 2481 4978 quod
2522 4907 2808 4977 indignum
2847 4920 2906 4961 se
2935 4905 3175 4977 iudicet,
3219 4907 3315 4976 qui
3346 4923 3472 4963 cum
3501 4906 3605 4962 ali-

2011 5019 2123 5074 quo
2154 5002 2437 5072 loquatur,
2472 5009 2567 5056 aut
2599 4999 2927 5057 familiarius
2965 5010 3113 5073 agat,
3142 5009 3197 5057 et
3236 5001 3355 5059 haec
3387 5000 3605 5057 eximiis

2010 5094 2269 5151 Patribus
2294 5094 2433 5151 visa.

2616 5181 2867 5239 Scholion
2906 5181 2994 5238 10.

2082 5278 2285 5334 Odium
2318 5285 2404 5332 est
2436 5277 2650 5331 occulta
2687 5275 2858 5331 animi
2889 5274 3125 5342 all‘ectio,
3159 5286 3265 5343 qua
3294 5271 3611 5342 indignatur

316 5369 465 5442 πρός
492 5385 550 5421 τι
585 5369 697 5422 τῶν
752 5367 1015 5440 λυπηρῶν
1045 5383 1060 5397 ·
1098 5367 1132 5437 ἢ
1189 5366 1346 5438 μῖσός
1392 5367 1543 5421 ἐστιν
1597 5369 1631 5439 ή
1673 5367 1812 5439 πρὸς
1852 5383 1886 5419 τη

2017 5373 2283 5429 adversus
2316 5369 2549 5436 aliquid,
2581 5370 2726 5439 quod
2762 5367 3056 5423 molestum
3097 5375 3180 5421 est
3209 5383 3223 5418 :
3259 5372 3383 5429 aut,
3420 5362 3609 5417 odium

316 5463 488 5537 ἀηδὲς
516 5461 896 5533 ἁλλοτρίωσις,
937 5464 1087 5534 καὶὴ
1133 5461 1242 5517 τῶν
1281 5460 1605 5516 λυπούντων
1645 5459 1886 5533 ἀποστρο

2017 5475 2103 5523 est
2138 5464 2397 5520 alienatio
2438 5462 2607 5518 animi
2641 5464 2710 5518 ab
2755 5477 2822 5518 eo
2860 5461 3008 5533 quod
3048 5461 3349 5531 ingratum,
3392 5472 3488 5512 seu
3522 5455 3610 5510 in-

322 5557 430 5629 φή.
472 5556 591 5610 Ἐπ’
636 5554 814 5611 οὐδενὶ
842 5554 978 5625 γοῦν
1003 5555 1214 5611 τούτων
1252 5558 1286 5629 ἡ
1320 5555 1430 5611 τῶν
1456 5556 1676 5611 οἰκείων
1709 5557 1886 5627 γίνετα

2020 5572 2190 5615 suave
2223 5565 2350 5612 est:
2388 5565 2502 5622 aut,
2551 5555 2739 5611 odium
2785 5564 2869 5610 est
2919 5554 3135 5610 aversio
3179 5550 3383 5606 mentis
3430 5549 3499 5603 ab
3538 5547 3617 5603 iis

323 5647 440 5703 τῶν
470 5646 726 5721 μοναχῶν
795 5645 1146 5719 ἀναχώρησις

2019 5666 2143 5722 qua
2179 5651 2409 5706 molesta
2450 5658 2582 5705 sunt
2617 5649 2798 5705 nobis.
2833 5648 2916 5704 Ab
2946 5648 3097 5703 nullo
3134 5659 3269 5715 ergo
3312 5644 3509 5699 borum
3556 5642 3616 5696 ﬁt

2025 5755 2279 5800 secessus
2296 5755 2327 5798 a
2347 5741 2655 5807 monachis,
2688 5741 2781 5812 qui
2814 5739 3160 5796 farniIiariter
3185 5752 3315 5795 cum
3339 5736 3464 5793 aliis
3491 5748 3617 5791 ver-

2027 5843 2240 5892 santur.
