4062 6456
426 370 528 434 6¹ῐ9

1744 364 1804 424 S.
1839 360 2164 424 JOANNIS
2193 362 2506 423 CLIMACI

3609 369 3724 435 680

425 479 661 536 vinculis
682 479 861 546 liberi,
896 480 1241 547 alterumque
1287 470 1489 547 pedum
1518 476 1584 529 ad
1617 474 1871 531 obeunda
1903 474 2015 529 mi—

2125 474 2377 547 ἀκίνητον
2417 477 2652 546 ἔχοντες.
2703 478 2947 550 Ὑπακοή
2990 481 3143 535 ἐστιν
3185 481 3413 553 ἄρνησις
3440 482 3623 555 ψυχῆς
3652 487 3731 538 ol-

429 573 652 629 nisteria
691 574 1026 639 extendant;
1062 572 1292 626 alterum
1314 583 1444 623 vero
1474 567 1539 622 ad
1577 568 1858 624 assiduam
1897 582 2024 637 pre-

428 666 706 722 cationem
777 666 1065 720 immotum
1125 670 1366 717 teneant.
1423 661 1742 716 Obedientia
1781 669 1867 715 est
1902 672 2027 728 per—

428 757 568 812 t‘ecta
628 758 828 813 anima:
875 757 1130 827 propriae,
1170 770 1265 824 per
1306 754 1554 823 corporis
1579 753 1752 808 ofﬁcia
1785 753 2026 807 demon-

429 860 602 904 strata
667 850 964 905 abdicatio.
1024 851 1130 902 Aut
1169 857 1362 902 contra
1399 846 1666 901 fortasse:
1701 845 2025 901 Ohedientia

431 951 513 997 est
562 957 823 996 sensuum
872 942 926 995 in
973 941 1157 995 anima
1200 941 1323 994 viva
1372 940 1653 994 mactatio.
1702 938 2023 993 Obedientia

428 1042 511 1089 est
541 1043 720 1088 motus
750 1033 978 1103 simplex
999 1075 1013 1098 ,
1039 1042 1094 1087 et
1125 1034 1448 1088 inexeussus
1473 1051 1486 1087 :
1508 1032 1814 1087 voluntaria
1838 1044 1985 1084 mors
2010 1049 2024 1096 ;

432 1130 712 1183 incuriosa
767 1129 899 1194 vita,
946 1142 1202 1183 securum
1230 1126 1835 1197 pericultun,expedita
1882 1125 2025 1194 apud

434 1222 599 1275 Deum
639 1220 1209 1294 dcfensio[indrfensa
1256 1220 1349 1275 Dei
1386 1218 1797 1291 propugnatio],
1835 1220 2030 1274 mortis

436 1311 733 1375 securitas,
786 1312 1065 1380 navigatio
1128 1312 1247 1364 sine
1270 1309 1532 1378 periculo,
1561 1306 1842 1361 dormiens
1873 1320 2030 1375 pere-

430 1401 695 1468 grinatio.
748 1400 1069 1455 Obedientia
1123 1408 1202 1454 est
1237 1398 1404 1452 animi
1429 1400 1482 1452 in
1516 1405 1691 1451 morte
1727 1395 2025 1461 securitas,

438 1495 723 1562 sepultura
751 1492 1072 1554 voluntatis,
1109 1492 1369 1545 excitatio
1399 1491 1747 1552 humilitatis,
1776 1504 1897 1558 quae
1922 1505 2029 1541 non

433 1586 753 1655 obloquitur
780 1582 1178 1657 [contradicit],
1207 1598 1311 1637 non
1329 1582 1612 1652 dijudicat,
1638 1596 1737 1635 nec
1755 1581 1891 1635 bona
1911 1590 2030 1634 tau-

433 1713 598 1768 quam
637 1706 875 1761 mortua,
913 1712 1015 1752 nec
1056 1698 1200 1767 vulgi
1232 1697 1489 1767 opinione
1524 1695 1668 1750 mala
1706 1696 1891 1750 sentit.
1922 1692 2030 1760 Qui

431 1793 576 1847 enim
643 1792 884 1845 animam
955 1806 1110 1846 suam
1176 1790 1434 1861 religioso
1494 1787 2030 1850 mortiﬁcaverit,de

433 1886 692 1940 omnibus
732 1902 854 1941 sese
881 1886 995 1955 ipse
1039 1881 1426 1955 purgabitﬁz
1458 1898 1522 1938 ac
1551 1881 1837 1947 defendet;
1906 1880 2025 1954 [qui

429 1978 575 2031 enim
636 1994 859 2032 sensum
928 1977 1126 2031 animae
1191 1977 1426 2045 sumpie
1507 1973 2026 2044 mactavit,(m0r-

431 2066 677 2138 titicavit)
728 2067 780 2120 in
817 2067 1075 2121 omnibus
1130 2062 1532 2134 excusabitur.)
1561 2062 1880 2118 Obedientia
1934 2070 2024 2115 est

425 2159 618 2237 judicii
670 2175 794 2213 cum
833 2173 1050 2214 summo
1094 2157 1305 2226 judicio
1367 2155 1659 2210 abdicatio.
1698 2152 2034 2222 Principium

2128 571 2281 634 κείας
2306 571 2575 643 παντελὴς
2604 572 2693 625 διὰ
2723 571 2977 643 σώματος
3005 574 3426 648 ἐπιδεικνυμένη
3457 579 3727 649 ἐνεργῶς.

2132 662 2203 714 ’Ἡ
2237 662 2376 731 τάχα
2400 662 2461 715 τὸ
2488 662 2748 733 ἔμπαλιν,
2785 664 3001 734 ὑπακοή
3029 666 3175 718 ’ἐστι’
3212 666 3287 737 ('5)
3315 667 3586 739 νέκρωσις
3627 687 3731 740 με*

2128 754 2235 806 λῶν
2266 755 2323 806 ἐν
2348 753 2495 825 ζώσῃ
2523 755 2749 826 διανοίᾳ.
2787 756 3035 828 ’Υπακοή
3069 758 3216 810 ἐστιν
3246 758 3602 824 ἁνεξέταστος
3637 761 3730 814 κίο

2128 865 2302 917 νησις,
2338 849 2586 913 ἑκούσιος
2614 850 2865 916 θάνατος,
2891 852 3224 922 ἀπερίεργος
3252 851 3391 923 ζωὴ,
3419 853 3730 924 ἀμέριμνος

2128 937 2374 1001 κίνδυνος
2406 939 2482 1009 (4)
2504 980 2519 1003 ,
2549 940 2887 1011 ἀμελέγητος
2925 940 3308 1014 [ἀμελέτητος]
3348 943 3484 998 Θεοῦ
3526 945 3728 999 ἀπολο-

2128 1028 2244 1097 γία’
2270 1030 2473 1099 ἀφοὸία
2504 1031 2758 1100 θανάτου,
2792 1034 3075 1098 ἀκίνδυνος
3111 1034 3300 1099 πλοῦς,
3327 1035 3574 1089 ὑπνοῦσα
3592 1036 3728 1090 ὁδοι-

2130 1123 2318 1192 πορία.
2366 1125 2613 1196 ’Υπακοή
2658 1127 2773 1178 ἐστι
2807 1129 2998 1197 μνῆμα
3037 1126 3330 1199 θελήσεως,
3364 1128 3461 1181 καὶ
3504 1128 3729 1201 ἐγερσις

2128 1213 2531 1279 ταπεινώσεως·
2546 1218 2645 1270 οὐκ
2666 1219 2901 1289 ἀντερεῖ,
2926 1219 2958 1289 ἢ
2986 1219 3254 1290 διακρίνει
3277 1221 3469 1290 νεκρῦς
3504 1222 3562 1273 ἐν
3595 1222 3731 1290 ἀγα-

2132 1304 2266 1369 θοῖς,
2309 1307 2341 1377 ἢ
2384 1306 2445 1359 τὸ
2494 1306 2671 1361 δοκεῖν
2711 1311 2990 1379 πονηροῖς.
3040 1309 3099 1361 'U
3135 1312 3245 1380 γὰρ
3276 1308 3353 1379 (5)
3407 1308 3732 1373 θανατώσας

2132 1397 2301 1452 αὑτοῦ
2341 1398 2584 1462 εὐσεϐῶς
2623 1400 2725 1470 τὴν
2755 1400 2957 1472 ψυχὴν,
2998 1401 3141 1471 ὑπὲρ
3194 1403 3415 1455 πάντων
3454 1402 3730 1474 ἀπολογή-

2134 1508 2308 1544 σεται.
2354 1492 2602 1562 ’Υπακοὴ
2658 1495 2807 1546 ἐστιν
2847 1493 3113 1558 ἀπόθεσις
3177 1493 3254 1566 (6)
3292 1494 3619 1566 διακρίσεως
3666 1496 3729 1547 ὲν

2134 1584 2351 1654 πλούτῳ
2370 1583 2715 1655 διακρίσεως,
2744 1587 2886 1656 ἀρχὴ
2912 1586 2988 1655 (7)
3024 1587 3121 1657 μὲν
3147 1586 3491 1656 νεκρὼσεως,
3515 1587 3611 1641 καὶ
3632 1587 3731 1658 ψυ-

2132 1675 2235 1745 χῆς
2254 1674 2378 1745 θελή
2390 1693 2578 1745 ματος,
2598 1680 2685 1730 καὶ
2719 1676 2913 1743 μέλους
2936 1677 3187 1748 σώματος
3208 1680 3386 1740 πόνος·
3416 1680 3652 1749 μεσότης
3672 1679 3732 1733 δέ

2135 1785 2267 1821 ποτε
2296 1769 2395 1839 μὲν
2429 1769 2612 1833 πόνος,
2636 1771 2770 1824 ποτὲ
2814 1770 2872 1823 δὲ
2903 1770 3121 1824 ἀπονίαο
3149 1772 3302 1832 τέλος
3325 1772 3382 1825 δὲ
3402 1773 3733 1842 ἀναισθησία

2060 1844 2104 1899 Β
2132 1859 2320 1915 λοιπὸν
2349 1862 2518 1928 πᾶσα,
2541 1862 2637 1915 καὶ
2657 1862 2916 1932 ἀκινησία
2944 1862 3128 1916 πόνουο
3151 1864 3275 1917 τότε
3305 1863 3484 1917 πονῶν
3509 1864 3726 1934 ὁρᾶται,

2138 1951 2232 2005 καὶ
2256 1952 2619 2023 ἀλγυνόμενος
2642 1953 2669 2005 ὁ
2687 1953 2793 2018 ζῶν
2816 1954 3008 2026 νεκρὸς
3028 1949 3181 2018 οὗτος
3198 1955 3227 2006 ὁ
3254 1954 3582 2025 μακαρίτης,
3603 1956 3733 2008 ὅταν

2138 2044 2333 2099 ἑαυτὸν
2370 2045 2562 2113 ὅψεται
2584 2047 2645 2098 τὸ
2679 2050 2876 2099 οἰκεῖον
2914 2046 3175 2100 ποιοῦντα
3200 2045 3435 2117 θέλημα,
3458 2045 3733 2099 δεδοικότα

2143 2149 2241 2220 τὴν
2274 2148 2553 2222 βασταγὴν
2574 2151 2669 2204 τοῦ
2700 2149 2894 2205 ἑαυτοῦ
2930 2151 3217 2223 κρίματος.

430 2253 594 2321 hujus
672 2254 940 2323 religiosa:
993 2249 1210 2322 mortis,
1282 2263 1389 2319 qua
1434 2240 1716 2302 voluntate
1766 2245 1961 2307 animi,
2011 2258 2118 2314 qua
2175 2242 2424 2311 corporis
2489 2258 2653 2297 sensu
2723 2255 2777 2298 et
2845 2245 3242 2307 membrorum,
3292 2242 3458 2297 habet
3520 2241 3731 2297 labore.

426 2340 662 2396 Medium
713 2342 850 2396 alias
904 2339 1082 2394 adhuc
1115 2340 1447 2394 laboriosum
1502 2349 1607 2403 est,
1650 2337 1787 2392 alias
1841 2343 1990 2389 caret
2044 2333 2253 2387 labore.
2322 2331 2474 2389 Finis
2522 2333 2637 2404 jam
2670 2346 2830 2389 vacat
2872 2336 3021 2390 omni
3058 2352 3221 2391 sensu
3268 2336 3491 2404 laboris,
3524 2346 3669 2391 ctmo
3697 2354 3731 2391 ιι

426 2434 874 2505 perturbationis.
944 2433 1082 2487 Tum
1154 2431 1394 2503 primum
1469 2431 1763 2503 perbeatus
1818 2430 1908 2484 hic
1937 2426 2191 2496 idemque
2253 2428 2410 2484 vivus
2460 2428 2614 2498 juxta
2682 2442 2843 2500 atque
2867 2439 3119 2487 mortuus
3179 2431 3343 2486 sentit
3373 2430 3616 2486 laborem
3680 2444 3733 2487 et

425 2521 671 2586 dolorem
723 2544 849 2583 cum
894 2528 1282 2583 animadvertit
1313 2542 1471 2582 suum
1508 2543 1567 2582 se
1592 2518 2133 2580 v'oltttitalissettsum
2159 2534 2427 2590 secutum,
2485 2543 2549 2581 ex
2606 2542 2716 2597 quo
2770 2529 2852 2581 sui
2900 2529 3114 2599 pondus
3144 2528 3337 2600 judicii
3387 2527 3727 2584 reformidat.

497 2623 825 2695 Quicunque
875 2624 942 2679 ad
970 2623 1240 2693 religiosa:
1268 2621 1632 2694 professionis
1655 2621 1891 2676 stadium
1922 2620 2021 2674 dc-

2203 2620 2359 2674 Ὅσοι
2407 2622 2484 2691 (8)
2528 2622 2661 2692 πρὸς
2696 2624 2756 2676 τὸ
2788 2623 2997 2677 στάδιον
3052 2627 3152 2695 τῆς
3202 2626 3397 2696 νοερᾶς
3439 2624 3729 2695 ὁμολογίας

426 2716 758 2770 currendum
809 2724 1016 2768 vestem
1078 2714 1283 2783 paratis
1326 2728 1558 2781 ponere:
1592 2709 2021 2783 quicunqueju-

2126 2712 2524 2787 ὲπεχειρήσατε
2551 2716 2949 2770 ἀποδύσασθαιο
2982 2718 3097 2771 ὅσοι
3131 2717 3222 2771 τὸν
3247 2716 3340 2772 τοῦ
3366 2717 3605 2790 Χριστοῦ
3632 2717 3726 2781 ζυ-

428 2822 557 2878 gum
590 2806 795 2860 Christi
821 2807 876 2859 in
903 2807 1168 2861 cervicem
1197 2815 1430 2861 vestram
1459 2805 1625 2860 vultis
1656 2805 1870 2859 tollere:
1898 2801 2021 2872 qui-

2125 2806 2221 2875 γδν
2280 2809 2373 2862 ἐπὶ
2414 2810 2504 2863 τὸν
2541 2812 2739 2864 οἰκεῖον
2774 2810 2978 2881 αὐχένα
3014 2807 3145 2883 ἆραι
3177 2810 3454 2881 βούλεσθε’
3488 2812 3605 2865 ὅσοι
3663 2812 3726 2864 ἐκ

436 2912 658 2966 cunque
688 2897 757 2950 ab
797 2897 899 2951 hoc
940 2896 1060 2964 ipso
1094 2904 1298 2965 puncto
1334 2894 1597 2963 temporis
1633 2892 2021 2963 impedimenta

2125 2898 2315 2953 τούτου
2351 2900 2412 2954 τὸ
2436 2902 2647 2956 ἑαυτῶν
2675 2903 2896 2975 φορτίον
2921 2904 3014 2958 ἐπὶ
3047 2904 3140 2957 τὸν
3169 2904 3263 2957 τοῦ
3295 2904 3483 2976 ἑτέρου
3519 2903 3720 2975 τράχη-

427 2990 771 3043 sarcinarum
806 2989 861 3041 in
897 2989 1122 3045 alterius
1154 2990 1415 3043 humeros
1458 2987 1682 3056 l‘t‘leCl’C
1707 2984 2021 3040 conamini:

2134 2990 2225 3045 λον
2250 2993 2516 3048 ἐπιθεῖναι
2542 2995 2897 3060 σπουδάζετε·
2922 2996 3039 3049 ὅσοι
3069 2996 3167 3060 τάς
3193 2995 3403 3049 ἑαυτῶν
3424 2994 3566 3060 ὠνὰς
3589 2995 3724 3067 γρᾶο

426 3081 747 3151 quicunque
799 3096 896 3135 vos
951 3081 1101 3151 ipsos
1132 3080 1185 3133 in
1223 3077 1941 3163 servitutem‘transcribere
1970 3086 2021 3131 et

2134 3083 2234 3154 ψαι
2267 3085 2535 3149 ἑκουσίως
2569 3087 2850 3152 σπεύδετε,
2878 3089 2973 3141 καὶ
3009 3087 3124 3141 ἀντ’
3160 3088 3384 3141 ἐκείνων
3409 3086 3725 3160 ἐλευθερίαν

425 3172 775 3242 emancipare
826 3171 1155 3241 properatis,
1189 3182 1247 3226 ut
1282 3186 1378 3241 pro
1412 3170 1501 3224 illa
1528 3186 1712 3224 veram
1768 3170 1820 3224 in
1857 3169 2021 3224 liber-

2130 3178 2411 3246 γραφῆναι
2440 3176 2568 3247 ὑμῖν
2604 3176 2882 3246 βούλεσθε·
2914 3178 3027 3231 ὅσοι
3052 3178 3243 3249 χερσὶν
3269 3178 3472 3248 ἑτέρων
3492 3177 3726 3245 ἀνυψού-

427 3277 592 3323 tatem
626 3268 953 3323 asseramini
982 3285 995 3321 :
1042 3268 1378 3338 quicumque
1424 3267 1682 3322 manibus
1719 3267 1915 3321 alienis
1947 3268 2022 3320 le-

426 3359 558 3423 vati,
611 3359 716 3413 hoe
759 3358 952 3429 ingens
995 3357 1188 3413 mundi
1237 3359 1461 3429 pelagus
1510 3359 1763 3428 trajicere
1799 3359 2020 3428 cupitis,

426 3450 621 3506 scitote
660 3466 757 3506 vos
822 3464 1068 3520 asperam
1127 3450 1368 3520 quidem,
1423 3452 1518 3506 sed
1560 3452 2019 3521 compendiosam

426 3543 573 3597 viam
629 3541 905 3604 insistere,
941 3558 1064 3612 quae
1095 3557 1265 3596 unum
1302 3543 1590 3605 duntaxat,
1626 3552 1682 3597 et
1705 3542 1933 3597 unicum
1968 3542 2020 3597 in

427 3648 488 3689 se
545 3634 789 3689 continet
831 3635 1038 3689 erroris
1102 3633 1473 3705 labyrinthum
1530 3633 1875 3705 ίδιορυθμίαν
1938 3634 2024 3689 di—

427 3734 574 3779 ctum
632 3724 711 3794 (si
745 3738 843 3794 pro
878 3725 957 3777 tui
1014 3738 1209 3794 nempe
1244 3724 1415 3794 ipsius
1443 3724 1639 3793 judicii
1685 3738 1873 3788 sensu,
1903 3724 2024 3778 sine

426 3816 595 3871 ductu
649 3816 877 3872 alterius
926 3816 1059 3870 velis
1088 3815 1424 3887 progredi);
1457 3830 1623 3884 quam
1685 3815 1781 3884 qui
1824 3822 2020 3870 cautus

426 3909 652 3961 omnino
703 3907 1014 3974 ιίει-Ιίηειιιίι,
1065 3907 1154 3961 hic
1176 3920 1305 3961 vero
1328 3906 1649 3976 priusquam
1683 3905 1787 3959 iter
1820 3916 1903 3959 est
1930 3904 2019 3958 in-

427 4015 671 4069 gressus,
718 4000 829 4069 jam
884 3999 972 4053 ad-
1005 4011 1206 4052 metam
1241 4012 1457 4062 eorum,
1487 4011 1611 4067 quae
1644 3996 1897 4060 honesta,
1938 4009 2022 4049 re-

430 4094 644 4164 ligiosa,
677 4102 731 4147 et
757 4096 867 4146 "eo
896 4106 1048 4163 grata
1082 4093 1358 4154 videntur,
1390 4091 1660 4160 pervenit.
1697 4089 2019 4145 Obedientia

426 4185 626 4256 quippe
673 4186 807 4238 nihil
871 4186 1016 4240 aliud
1063 4195 1167 4249 est,
1218 4200 1383 4254 quam
1438 4183 1541 4238 sibi
1592 4183 1697 4254 ipsi
1735 4182 1790 4237 in
1838 4181 2020 4237 omni-

426 4278 531 4333 bus
596 4291 692 4347 per
744 4288 963 4331 omnem
1023 4279 1192 4332 vitam
1254 4277 1319 4331 ad
1366 4287 1600 4332 mortem
1649 4290 1827 4346 usque
1874 4273 2017 4328 dilli-

2135 3285 2286 3337 μενοι
2316 3268 2607 3339 νηχόμενοι
2638 3270 2700 3324 τὸ
2729 3268 2875 3343 μέγα
2903 3268 3063 3324 τοῦτο
3100 3268 3431 3339 περαιοῦσθε
3466 3268 3718 3332 πέλαγος,

2130 3360 2306 3430 γνῶτε
2333 3362 2408 3425 ὡς
2446 3360 2712 3431 σύντομόν
2744 3377 2884 3420 τινα,
2921 3361 3015 3413 καὶ
3051 3363 3311 3433 τραχεῖαν
3337 3360 3453 3414 ὁδὸν
3486 3359 3722 3430 βαδίζειν

2130 3455 2553 3524 έπεχειρήσατε,
2593 3454 2722 3523 μίαν
2768 3453 2976 3524 πλάνην
3014 3456 3109 3507 καὶ
3146 3454 3315 3525 μόνην
3345 3454 3403 3507 ὲν
3449 3455 3586 3525 αὐτῇ
3627 3471 3724 3507 κε-

2130 3547 2414 3616 κτημένοι,
2470 3543 2610 3615 αῦτη
2644 3543 2702 3596 δὲ
2746 3544 2999 3609 καλεῖται
3038 3543 3116 3615 (9)
3150 3543 3477 3615 ίδιορυθμία·
3529 3546 3573 3621 ,6
3616 3545 3723 3614 γὰρ

2130 3639 2334 3708 ταύτην
2359 3640 2436 3702 εἰς
2473 3637 2620 3691 ἅπαν
2657 3637 3139 3707 ἀπαρνησάμενος,
3183 3640 3243 3693 ιν
3283 3632 3364 3700 οἷς
3405 3638 3554 3691 δοκεῖ
3584 3633 3722 3692 εἶναι

2130 3730 2313 3794 καλοῖς
2357 3729 2488 3799 (l0),
2530 3729 2625 3783 καὶ
2670 3729 3083 3798 πνευματικοῖς,
3116 3728 3211 3780 καὶ
3256 3727 3574 3798 θεαρέστοις
3619 3728 3724 3799 πρὸ

2126 3822 2222 3876 τοῦ
2271 3821 2509 3892 βαδίζειν
2537 3821 2789 3890 ἔφθασεν.
2838 3819 3086 3891 ’Υπακοὴ
3144 3819 3254 3891 γάρ
3302 3821 3452 3874 ἐστιν
3496 3821 3722 3874 ἀπιστία

2127 3912 2306 3983 ἑαυτῷ
2337 3914 2394 3965 ὲν
2420 3913 2530 3975 τοῖς
2562 3912 2747 3976 καλοῖς
2778 3912 2949 3966 ἅπασι
2979 3911 3143 3983 μέχρι
3166 3911 3351 3976 τέλους
3375 3912 3541 3983 ζωῆς.
3575 3911 3719 3967 Μέλ-

2125 4007 2309 4068 λοντες
2345 4008 2402 4059 ὲν
2442 4004 2634 4075 Κυρίῳ
2668 4004 2759 4060 τὸν
2792 4004 3002 4060 ἑαυτῶν
3028 4005 3232 4075 αὐχένα
3266 4004 3492 4069 κλίνειν,
3532 4004 3720 4074 σκοπῷ

2130 4100 2228 4170 μὲν
2256 4099 2351 4153 καὶ
2371 4098 2517 4170 λόγῳ
2541 4096 3069 4168 ταπεινοφροσύνης,
3092 4098 3188 4151 καὶ
3213 4097 3421 4167 κυρίως
3441 4096 3541 4168 τὴν
3560 4097 3718 4168 ἡμῶν

2127 4190 2403 4259 σωτηρίαν
2445 4189 2639 4261 ἑτέρῳ,
2684 4191 2741 4243 ὲν
2778 4187 2972 4260 Κυρίῳ
3014 4186 3314 4241 πιστεύειν·
3355 4188 3464 4259 πρὸ
3496 4188 3597 4258 μὲν
3620 4187 3719 4258 τῆς

2125 4279 2356 4346 εἰσόδου,
2394 4279 2551 4351 εῖπερ
2593 4295 2677 4343 τις
2710 4277 2965 4348 πονηρία,
3002 4278 3097 4331 καὶ
3133 4278 3398 4349 φρόνησις
3429 4280 3558 4349 παρ’
3588 4278 3718 4348 ἡμῖν

425 4371 575 4425 dere.
621 4369 951 4440 Quicunque.
994 4372 1264 4427 cervicem
1293 4371 1427 4441 jugo
1474 4370 1692 4424 Domini
1748 4369 2021 4439 subjicere

2125 4374 2403 4444 τυγχάνει,
2432 4374 2523 4426 τὸν
2546 4373 2887 4444 κυϐερνήτην
2910 4370 3311 4443 ἀνακρίνωμεν,
3334 4371 3427 4424 καὶ
3452 4370 3715 4436 ἐξετάσω-

425 4459 533 4534 43
565 4473 619 4515 et
657 4460 1050 4516 submissionis
1085 4476 1149 4516 ac
1198 4461 1395 4516 salutis
1430 4460 1614 4515 studio
1648 4468 1894 4514 nostram
1930 4473 2022 4513 sa-

428 4552 595 4607 lutem
629 4552 785 4607 alteri
822 4553 877 4607 in
914 4552 1149 4608 Domino
1185 4568 1310 4608 vere
1354 4552 1704 4608 committere
1741 4552 2018 4616 volumus,

427 4655 553 4701 ante
594 4646 901 4717 ingressum
953 4647 1238 4715 religionis
1275 4646 1343 4716 (si
1392 4661 1502 4717 qua
1551 4655 1732 4700 tamen
1766 4646 1821 4699 iu
1863 4645 2019 4701 nobis

421 4744 506 4791 est
540 4736 680 4792 mica
718 4738 873 4804 salis,
921 4740 1158 4801 astutiae,
1198 4740 1444 4809 inquam,
1481 4746 1535 4792 ct
1564 4736 1893 4808 prudentiae)
1919 4754 2019 4799 qu—

425 4830 771 4885 bernatorem
805 4831 1097 4902 diligenter
1133 4840 1260 4885 ante
1292 4831 1646 4898 exploremus
1686 4839 1740 4882 et
1771 4830 2013 4883 cxi-utiav

424 4932 570 4984 mus,
602 4927 789 4988 atque,
824 4928 885 4974 ut
918 4921 990 4974 ita
1035 4921 1251 4990 loquar,
1292 4929 1463 4974 totum
1516 4928 1917 4989 pertenteutus,
1952 4935 2019 4975 ne

425 5025 523 5081 pro
557 5013 834 5067 navarcho
879 5013 933 5066 in
971 5013 1268 5081 remigem;
1301 5027 1402 5082 pro
1435 5012 1648 5067 medico
1683 5013 1738 5066 in
1769 5028 1975 5084 aegrum
1999 5055 2014 5079 ,

422 5117 522 5173 pro
562 5103 810 5174 perfecto
871 5103 952 5157 in=
978 5104 1243 5157 vitiosum
1314 5114 1367 5158 et
1406 5102 1690 5166 affectibus
1719 5104 2016 5158 obnoxium

419 5195 775 5260 incidamus,
835 5196 1103 5265 adeoque,
1159 5195 1289 5248 dum
1319 5202 1540 5264 portum
1594 5197 1913 5265 quaerimus,
1964 5198 2018 5250 in

422 5284 659 5358 Scyllam
699 5294 755 5342 et
785 5287 1119 5357 Charybdim
1157 5300 1283 5340 cum
1347 5295 1498 5340 certo
1537 5287 1807 5359 naufragii
1851 5290 2021 5345 exitio

419 5379 810 5450 impingamus.
864 5378 1137 5433 Caeterum
1198 5378 1288 5432 ubi
1371 5379 1609 5434 stadium
1670 5381 1890 5451 pietatis
1968 5394 2021 5438 et

417 5471 745 5528 obedientia:
804 5471 1036 5541 ingressi
1090 5470 1400 5534 fuerimus,
1463 5472 1667 5527 bonum
1731 5475 2017 5544 praesidem

422 5572 676 5617 nostrum
722 5579 1072 5634 nequaquam
1125 5564 1364 5632 amplius
1401 5564 1797 5633 judicabimus,
1846 5583 2020 5635 neque

421 5652 575 5707 illius
606 5668 791 5707 mores
818 5655 926 5709 ulla
961 5654 1174 5707 ratione
1197 5653 1263 5707 ad
1293 5654 1486 5722 judicii
1515 5656 1689 5709 nostri
1723 5671 2012 5710 ceusumm

419 5744 844 5811 revocabimus,
897 5747 1150 5817 quamvis
1187 5746 1512 5813 nonnullas,
1552 5757 1610 5801 ut
1662 5748 1717 5801 in
1767 5748 2011 5810 homine,

421 5834 574 5892 labes
606 5837 919 5894 maculasve
941 5838 1166 5909 exiguas
1200 5841 1575 5895 notaverimus
1608 5858 1620 5894 :
1655 5839 1858 5911 alioqui
1893 5840 2014 5895 nul-

2131 4481 2252 4534 μεν,
2277 4464 2370 4517 καὶ
2395 4505 2410 4528 ,
2437 4461 2505 4517 ἶν’
2530 4463 2706 4528 οὕτως
2752 4464 2913 4528 εἴπω,
2971 4463 3346 4533 πειράσωμεν,
3376 4462 3463 4515 ἵνα
3514 4461 3588 4533 μὴ
3640 4460 3715 4530 τῷ

2124 4553 2298 4628 ναύτῃ
2329 4555 2404 4618 ὡς
2427 4554 2757 4626 κυϐερνήτῃ,
2781 4555 2876 4607 καὶ
2904 4552 2983 4624 τῷ
3017 4552 3263 4607 νοσοῦντι
3285 4553 3362 4616 ὡς
3395 4552 3588 4624 ἰατρῷ,
3623 4555 3716 4605 καὶ

2122 4647 2200 4717 τῷ
2262 4646 2509 4718 ὲμπαθεῖ
2553 4647 2629 4711 ὡς
2679 4645 2902 4711 ἀπαθεῖ,
2937 4645 3031 4699 καὶ
3068 4643 3147 4715 τῷ
3200 4645 3312 4715 (ll)
3354 4644 3582 4713 πελάγει
3641 4649 3715 4704 ὡς

2102 4737 2301 4807 ’λιμένι
2361 4736 2789 4808 περιπεσόντες,
2854 4736 3072 4806 ἕτοιμον
3135 4734 3334 4804 ἑαυτῆς
3393 4734 3715 4806 εύρήσωμεν

2121 4829 2405 4896 ναυάγιον.
2441 4827 2595 4882 Μετά
2638 4829 2694 4881 δὲ
2723 4829 2820 4897 τὴν
2850 4829 2908 4880 ὲν
2939 4827 3015 4898 τῷ
3056 4827 3255 4898 σταδίῳ
3282 4825 3469 4881 λοιπὸν
3501 4827 3598 4895 τῆς
3629 4825 3715 4878 εύ-

2124 4917 2362 4980 σεὸείας,
2391 4919 2484 4970 καὶ
2512 4918 2788 4989 ὑποταγῆς
2810 4917 3035 4978 εἴσοδον,
3065 4916 3178 4985 (li)
3211 4917 3408 4986 μηκέτι
3432 4914 3713 4967 τὸνκαλὸν

2122 5009 2281 5081 ἡμῶν
2318 5009 2666 5079 ἀγωνοθέτην
2700 5010 2757 5063 ἓν
2781 5026 2888 5064 τινι
2918 5009 2980 5063 τὸ
3006 5009 3226 5063 σύνολον
3259 5008 3372 5080 (15)
3405 5006 3715 5079 ἀνακρίνω-

2127 5119 2245 5172 μεν,
2269 5102 2371 5155 κᾶν
2402 5119 2522 5154 τινα
2558 5103 2614 5154 ὲν
2645 5101 2794 5172 αὐτῷ
2822 5101 2896 5166 ὡς
2925 5103 2984 5155 ὲν
3006 5100 3280 5172 ἀνθρώπῳ
3316 5100 3446 5161 ἴσως
3474 5099 3554 5152 ἔτι
3583 5098 3713 5168 βρα-

2121 5196 2223 5266 χέα
2260 5195 2713 5266 πλημμελήματα
2745 5192 3089 5266 θεασώμεθα.
3129 5195 3193 5247 El
3228 5194 3286 5247 δὲ
3323 5192 3417 5264 μὴ,
3461 5191 3616 5245 οὐδὲν
3651 5193 3713 5243 ἐκ

2121 5289 2221 5358 τῆς
2245 5289 2532 5359 ὑποταγῆς
2560 5290 2609 5342 oi
2638 5289 3025 5361 ἀνακρίνοντες
3053 5285 3435 5357 ὠφελούμεθα.
3473 5284 3712 5352 Ἀνάγκη

2124 5382 2274 5433 πᾶσα
2302 5383 2428 5444 τοὺς
2461 5380 2819 5451 βουλομένους
2868 5383 2928 5434 ὲν
2973 5382 3087 5443 τοῖς
3133 5375 3485 5435 ὲπιστατοῦσι
3532 5375 3713 5429 πίστιν

2106 5472 2447 5526 ·ὰδίστακτον
2469 5470 2560 5524 διὰ
2581 5471 2781 5536 παντὸς
2809 5471 3082 5541 κατέχειν,
3108 5469 3178 5523 τὰ
3202 5468 3408 5523 τούτων
3434 5462 3705 5536 κατορθώ-

2128 5581 2275 5635 ματα
2304 5566 2362 5617 ὲν
2400 5567 2465 5635 τῇ
2495 5564 2679 5618 αὐτῶν
2721 5564 2920 5635 καρδίᾳ
2945 5562 3330 5627 ἀνεξάλειπτα,
3368 5560 3464 5612 καὶ
3487 5557 3712 5626 ἀείμνη-

2125 5673 2224 5709 στα
2262 5656 2573 5726 φυλάττειν,
2615 5656 2701 5708 ’ίνα
2751 5657 2840 5709 ὅτε
2893 5657 2939 5707 οί
2973 5655 3226 5725 δαίμονες
3272 5654 3405 5723 ἡμῖν
3454 5649 3713 5704 ἀπιστίαν

2120 5748 2258 5821 πρὸς
2279 5749 2475 5813 αὐτοὺς
2501 5748 2816 5819 σπείρωσιν,
2847 5749 2910 5800 ὲκ
2933 5746 3040 5800 τῶν
3061 5747 3120 5799 ὲν
3145 5747 3278 5816 ἡμῖν
3304 5760 3409 5814 μνη
3420 5741 3718 5811 μονευο;ιέ-

2121 5861 2227 5900 νων
2259 5840 2726 5914 ἁποφιμώσωμεν.
2763 5840 3006 5894 Καθόσον
3039 5839 3199 5910 γάρὴ
3233 5836 3414 5897 πίστις
3443 5831 3627 5886 θάλλει
3655 5829 3713 5884 iv
