4062 6424
283 341 396 408 681

1289 344 1519 409 SCALA
1571 346 1953 412 PARADISI.
1997 378 2070 389 —
2108 347 2417 413 GRADUS
2448 344 2549 407 IV.

3459 334 3567 398 {382

280 456 353 527 τῇ
393 454 604 527 καρδίᾳ,
639 454 781 510 κατά
816 453 1067 509 τοσοῦτον
1089 456 1184 508 καὶ
1207 455 1267 509 τὸ
1294 458 1451 526 σῶμα
1477 456 1696 509 σπεύδει
1726 458 1783 506 ἐν
1812 448 1877 521 τῇ

2006 472 2096 509 um
2133 472 2198 510 ex
2248 453 2587 523 obsequendi
2638 449 2821 506 studio
2876 448 3108 501 fructum
3144 458 3324 513 operre
3362 444 3571 497 refere-

278 548 553 619 διακονίᾳ.
602 547 776 601 Ἐπὰν
813 547 871 600 δὲ
904 548 984 611 είς
1024 547 1282 602 ἀπιστίαν
1327 546 1653 619 προσκόψῃ,
1695 547 1876 599 ἐπεσε-

279 639 537 705 Πάντως
575 638 686 709 τὰρ
724 638 756 692 ὃ
796 641 908 693 οὐκ
943 640 1013 693 ἐκ
1056 640 1339 706 πίστεως,
1379 639 1635 707 ἁμαρτία
1690 638 1880 691 ἐστίν.

291 729 472 783 Ἑπάν
529 747 588 783 σε
621 732 651 783 ό
687 729 944 798 λογισμὸς
1000 728 1370 800 ἀνακρῖναι,ἢ
1424 730 1747 798 κατακρῑναι
1791 728 1883 779 τὸν

278 822 706 895 προηγούμενον
737 821 1040 894 ὑποδάλλῃ,
1072 821 1149 886 ὡς
1174 821 1285 875 ἀπὸ
1313 820 1571 892 πορνείας
1599 818 1883 887 ἁποπήδη-

276 933 401 970 σον·
434 916 555 986 μηδ’
589 915 726 978 ὅλως
768 914 847 985 τῷ
876 915 997 982 ὄφει
1032 913 1208 985 τούτῳ
1242 914 1532 985 παράσχῃς
1565 913 1771 967 ἄδειαν.
1807 912 1881 982 μὴ

275 1007 473 1072 τόπον,
512 1006 587 1078 μὴ
619 1004 848 1066 εἴσοδον,
883 1003 959 1075 μὴ
999 1004 1198 1076 ἀρχήν.
1237 1004 1480 1073 Φθὲγγου
1521 1002 1579 1056 δὲ
1620 1003 1756 1074 προς
1793 1001 1887 1055 τὸν

270 1098 581 1167 δράκοντα⁶
607 1092 680 1149 Ὦ
715 1095 993 1149 ἀπατεών·
1038 1095 1142 1148 οὐκ
1186 1093 1297 1163 ἐγὼ
1330 1094 1424 1148 τοῦ
1453 1095 1733 1165 ἄρχοντος,
1769 1092 1884 1146 ἀλλ’

274 1192 452 1254 αὐτὸς
474 1191 536 1243 τὸ
567 1190 699 1261 ἐμὸν
725 1192 902 1260 κρῖμα
928 1189 1237 1254 ἀνεδέξατο·
1259 1189 1359 1242 οὐκ
1382 1189 1492 1257 ἐγὼ
1514 1189 1747 1249 ἐκείνου,
1770 1187 1886 1241 ἀλλ’

274 1284 451 1348 αὐτὸς
472 1281 610 1353 ἐμοῦ
641 1282 835 1354 κριτὴς
868 1280 1232 1351 καθέστηκεν.
1262 1281 1471 1335 Ὅπλον
1506 1280 1606 1351 μὲν
1634 1282 1683 1333 οἱ
1711 1280 1887 1334 Πατέ-

280 1394 379 1450 ps;
411 1376 514 1445 τὴν
539 1374 883 1446 ψαλμῳδίαν,
913 1372 1013 1444 τὴν
1042 1373 1100 1427 δὲ
1125 1373 1436 1445 προσευχὴν
1457 1373 1657 1443 τεῖχος,
1689 1371 1888 1441 λουτῆ-

281 1488 353 1542 ρα
396 1471 455 1523 δὲ
482 1469 543 1523 τὸ
573 1468 805 1537 ἄμωμον
829 1467 1065 1536 δάκρυον
1093 1462 1235 1520 εἶναι
1255 1468 1551 1537 ὁρίζονταιο
1579 1466 1679 1537 τὴν
1704 1465 1760 1519 δέ
1792 1482 1893 1533 μα-

281 1562 490 1630 καρίαν
544 1559 796 1629 ὑπακοὴν
836 1558 1129 1629 ὁμολογίαν
1177 1557 1420 1629 ἔκριναν,
1456 1552 1525 1628 ἧς
1571 1556 1682 1627 (id)
1720 1556 1891 1626 χωρὶς

281 1652 464 1713 οἰδεὶς
492 1649 600 1704 τῶν
630 1648 897 1719 ἐμπαθῶν
945 1649 1139 1718 ὕψει-αι
1161 1649 1253 1701 τὸν
1284 1647 1508 1719 Κύριοψ
1540 1649 1569 1700 ὀ
1598 1647 1889 1699 ὑποτακτι-

1988 561 2132 600 mus.
2191 545 2427 599 Prorsus
2480 556 2706 597 necesse
2753 548 2838 595 est
2902 548 2961 591 nt.
3008 536 3103 607 qui
3140 536 3315 590 'bona‘.
3372 532 3572 587 mentis

1988 636 2357 689 constantiam
2397 649 2525 702 erga
2560 646 2694 687 suos
2726 629 2967 699 majores
3002 628 3390 680 inconcussam
3431 623 3573 677 tueri

1989 727 2203 791 statuit,
2236 734 2387 779 recte
2415 724 2557 779 facta
2590 724 2809 778 illorum
2839 729 2894 776 et
2917 720 3147 774 virtutes
3170 716 3381 770 intimis
3402 716 3574 769 animi

1991 819 2249 874 sensibus
2284 828 2534 887 reponat,
2571 832 2672 870 nec
2707 830 2949 885 unquam
2980 828 3048 868 ex
3079 809 3345 866 memoria
3374 808 3574 869 deleat,

1992 907 2087 963 sed
2120 907 2228 962 ﬁxa
2257 916 2571 975 aeternaque
2604 906 2913 970 custodiat;
2950 912 3013 957 ut
3040 902 3087 959 si
3115 901 3338 972 quando
3365 907 3577 954 satnrcs

1994 999 2265 1054 malorum
2301 999 2576 1054 daemones
2615 998 2927 1053 ditlidentia}
2977 995 3187 1051 semina
3234 1003 3428 1047 contra
3459 1005 3577 1045 cte-

1993 1093 2141 1149 nobii
2179 1091 2457 1146 antistites
2494 1091 2548 1145 in
2592 1090 2753 1145 nobis
2802 1089 3140 1158 sparserint,
3174 1103 3245 1143 ex
3293 1084 3579 1155 praeterita!

1994 1185 2120 1238 vitae
2173 1183 2553 1239 recordatione
2613 1181 2963 1237 cerbcrorum
3042 1197 3138 1235 ora
3196 1178 3577 1233 retundamus.

1993 1274 2128 1330 Nam
2169 1291 2281 1347 quo
2321 1276 2496 1346 magis
2532 1274 2667 1330 fides
2710 1276 2764 1329 in
2802 1273 2987 1328 animo
3035 1272 3265 1341 subjecti
3294 1286 3421 1340 erga
3454 1270 3582 1321 reti»

1992 1368 2179 1438 giosos
2215 1368 2402 1422 Patres
2441 1366 2758 1431 eﬂloruerit,
2792 1366 2896 1420 hoc
2938 1364 3242 1434 promptius
3287 1365 3351 1415 ad
3393 1362 3581 1416 omnia

1992 1475 2195 1531 corpus
2234 1461 2410 1515 officia
2443 1460 2737 1514 discurret.
2790 1459 3116 1526 Quicunque
3155 1470 3285 1508 vero
3323 1456 3388 1507 ad
3443 1453 3582 1506 dini.

1993 1554 2175 1608 dentis
2225 1554 2397 1608 animi
2461 1552 2751 1622 scopulum
2797 1549 3117 1610 oﬁenderit,
3176 1548 3414 1610 labetur;
3472 1547 3584 1598 imo

1993 1643 2108 1713 jam
2159 1644 2348 1712 lapsus
2390 1651 2494 1698 est.
2546 1640 2820 1711 Quidquid
2857 1641 2998 1694 enim
3037 1655 3138 1691 non
3176 1653 3242 1691 ca:
3288 1638 3392 1705 ﬁde
3436 1636 3582 1703 agit.

286 1742 384 1813 κὶς
414 1741 576 1804 αὐτὸς
593 1740 694 1811 τὴν
722 1739 904 1810 ψῆφον
935 1738 1057 1796 καθ’
1074 1738 1270 1793 ἑαυτοῦ
1299 1736 1521 1808 ἐκφέρει
1551 1739 1600 1790 εξ
1626 1736 1724 1804 μὲν
1742 1733 1888 1806 (cod.

1997 1744 2267 1805 peccatum
2298 1745 2377 1788 est
2399 1734 2468 1787 ⁸⁸.
2501 1731 2603 1788 Ubi
2630 1742 2682 1787 te
2712 1732 3107 1803 cogitationum
3138 1728 3250 1801 Μ
3278 1729 3449 1782 turba:
3480 1726 3586 1779 im-

288 1838 381 1898 A.,
403 1834 536 1907 γὰρ)
559 1832 649 1888 διὰ
671 1832 783 1903 (15)
801 1830 1008 1904 Κύριον
1032 1830 1257 1894 τελείως
1287 1828 1607 1895 ὑπακούσει,
1631 1831 1679 1882 εί
1702 1829 1797 1882 καὶ
1820 1827 1894 1899 μὴ

292 1927 432 1992 δόξει
449 1924 692 1988 τελείως,
709 1924 771 1977 τὸ
788 1921 984 1977 ἑαυτοῦ
1005 1925 1181 1995 κρῖμα
1204 1922 1512 1988 ἐξεδύσατο.
1539 1922 1601 1975 El
1620 1922 1675 1975 δὲ
1702 1922 1763 1975 τὸ
1778 1923 1900 1975 ἐαυ-

301 2017 396 2070 τοῦ
419 2018 476 2070 ἓν
497 2034 633 2071 τισιν
664 2016 933 2088 ἐκπληροῖ
962 2015 1196 2087 θέλημα,
1228 2014 1260 2086 ἢ
1285 2015 1381 2069 κα).
1407 2014 1548 2082 δόξει
1572 2013 1890 2079 ὑπακούειν,

306 2110 470 2173 αὐτὸς
498 2110 558 2162 τὸ
581 2109 792 2181 φορτίον
814 2108 1159 2180 ἐπιφέρεται·
1186 2108 1234 2161 εί
1266 2108 1448 2179 μέντοι
1473 2108 1634 2162 αὐτὸν
1659 2107 1896 2178 ἐλέγχων

302 2201 333 2253 ὁ
358 2198 636 2271 προεστὼς
671 2200 772 2253 οὐκ
798 2198 1100 2265 ἐπαύσατο,
1127 2194 1187 2252 εὖ
1215 2198 1281 2253 ἂν
1299 2198 1437 2270 ἔχοι⁹
1467 2201 1517 2252 εἰ
1554 2199 1610 2252 δὲ
1644 2198 1757 2270 (16)
1806 2216 1895 2253 σε-

298 2289 572 2360 σιώπηκε,
599 2290 653 2344 τί
674 2290 856 2360 λέγειν
881 2290 983 2344 οὐκ
1005 2289 1132 2360 ἔχω.
1160 2291 1223 2344 Οἱ
1255 2292 1314 2343 ἐν
1335 2289 1445 2360 (17)
1470 2290 1735 2361 ἁπλότητι
1761 2292 1894 2343 ὑπο-

291 2382 628 2450 τασσόμενοι
668 2382 726 2434 ἐν
759 2380 948 2452 Κυρίῳ
979 2381 1145 2456 καλὸν
1173 2380 1374 2451 δρόμον
1410 2380 1699 2450 περαιοῦσι
1742 2380 1892 2452 [εοιΙ.

290 2473 361 2528 Δ.
399 2472 808 2544 περαιοῦνται),
836 2473 910 2544 μὴ
937 2474 1293 2542 κεκινηκότες
1326 2475 1538 2536 ἑαυτοῖς
1567 2473 1635 2526 δι’
1667 2473 1895 2542 ἀκρισοοι

287 2565 484 2635 λογίαν
519 2567 621 2639 τὴν
660 2566 769 2620 τῶν
808 2566 1081 2636 δαιμόνων
1116 2565 1474 2636 πανουργίαν.
1524 2565 1638 2636 Πρὸ
1674 2565 1892 2617 πάντων

286 2656 829 2726 ἐξομολογησώμιθα
851 2657 930 2727 τῷ
959 2656 1113 2727 καλῷ
1138 2659 1171 2726 ἡ
1181 2656 1297 2726 μῶν
1335 2657 1566 2727 δικαστῇ
1596 2656 1690 2709 καὶ
1723 2656 1890 2726 μόνῳ,

291 2750 346 2802 εἰ
390 2748 448 2802 δὲ
489 2749 706 2803 κελεύει
754 2749 851 2802 καὶ
883 2750 1054 2803 πᾶσιο
1106 2747 1377 2820 μώλωπες
1414 2748 1525 2820 γὰρ
1560 2748 1892 2822 θριαμϐευό-

288 2857 477 2911 μενοι,
509 2841 572 2894 οὐ
618 2840 984 2912 προκόψουσιν
1016 2842 1108 2894 ἐπὶ
1143 2841 1205 2895 τὸ
1246 2843 1452 2913 χεῖρον,
1488 2840 1605 2893 ἀλλ’
1639 2840 1893 2910 ἰαθήσον-

284 2949 406 2986 ται.
438 2930 680 3003 Φοοερόν
714 2949 819 2985 που
852 2931 1294 3003 παραγενόμενος
1340 2933 1399 2985 ἐν
1425 2932 1679 3003 κοινοὸίῳ
1724 2929 1893 2986 καλοῦ

288 3026 509 3097 κριτοῦ,
551 3027 648 3081 καὶ
683 3025 942 3096 ποιμένος
971 3024 1192 3094 ἑώρακα
1232 3026 1539 3097 κριτήριον.

1997 1828 2257 1899 pulerint,
2297 1828 2375 1882 uti
2414 1827 2468 1880 in
2506 1826 2789 1897 prmsidem
2835 1833 3011 1887 tuum,
3046 1831 3140 1877 aut
3175 1821 3454 1891 inquiras,
3492 1830 3587 1872 aut

1995 1937 2122 1976 eum
2168 1920 2417 1986 damnes,
2455 1919 2524 1973 ab
2574 1919 2683 1973 illis
2724 1928 2981 1987 tanquam
3033 1916 3103 1970 ab
3158 1924 3351 1983 stupro
3400 1911 3583 1974 resili;

1995 2029 2174 2083 neque
2223 2013 2485 2083 deceptus
2535 2012 2665 2067 huic
2703 2011 2903 2080 vipera:
2952 2009 3118 2065 ullam
3167 2007 3327 2062 Iidem
3372 2005 3586 2075 puella.

1996 2122 2172 2177 neque
2213 2106 2395 2160 locum
2428 2106 2526 2169 da,
2560 2120 2660 2159 nec
2690 2104 2934 2171 aditum,
2972 2118 3074 2158 nec
3120 2103 3293 2156 ullum
3329 2098 3584 2171 principii

1994 2200 2307 2269 vestigium.
2352 2198 2496 2271 Quin
2542 2206 2598 2253 tu
2643 2205 2921 2253 excetram
2966 2196 3114 2250 illam
3161 2196 3239 2250 sic
3277 2193 3586 2263 compelle:

1994 2292 2192 2347 Audiu‘
2231 2291 2456 2345 humani
2489 2299 2546 2345 ttt
2595 2289 2814 2362 generis
2844 2287 3141 2358 deceptor?
3168 2286 3285 2341 Non
3318 2301 3420 2355 ego
3451 2300 3592 2355 prm-

1995 2385 2129 2440 sidis
2163 2385 2216 2436 in
2248 2398 2336 2437 me
2384 2383 2679 2453 judicium,
2717 2381 2812 2437 sed
2854 2396 3037 2436 meum
3072 2381 3187 2450 ipse
3221 2380 3276 2434 in
3309 2394 3366 2433 se
3394 2393 3589 2432 suscr-

1995 2478 2113 2545 pit:
2148 2490 2255 2528 non
2289 2473 2433 2529 illius
2468 2489 2604 2545 ego,
2658 2472 2756 2529 sed
2805 2489 2961 2528 meus
3012 2473 3103 2527 ille
3132 2472 3301 2542 judex
3331 2480 3432 2525 est.
3478 2469 3591 2523 Ma-

1995 2565 2148 2633 jores
2189 2567 2364 2619 nostri
2411 2581 2563 2619 arma
2618 2565 2898 2635 religionis
2951 2566 3139 2620 dixere
3185 2564 3587 2634 psalmodiam;

2001 2655 2227 2722 mumia,
2247 2671 2470 2726 preces;
2498 2657 2713 2720 balnea,
2740 2656 2986 2712 sinceras
3011 2655 3279 2727 lacrymas
3309 2674 3321 2707 ε
3346 2666 3592 2709 sanetam

2001 2762 2133 2803 vero
2174 2748 2542 2804 obedientiam
2603 2748 3010 2804 confessionem
3062 2764 3186 2803 esse
3235 2748 3589 2816 judicarunt,

2002 2839 2124 2895 sine
2156 2856 2262 2911 qua
2288 2856 2472 2906 nemo,
2503 2840 2650 2897 vitiis
2684 2841 2980 2908 obnoxius,
3015 2841 3081 2896 ad
3109 2838 3206 2893 Dei
3234 2848 3588 2909 conspectum

2002 2926 2342 2988 admittetur.
2389 2932 2683 3003 Suhjectus
2720 2934 2987 2989 adversus
3032 2933 3274 3003 seipsnm
3311 2932 3415 2986 fert
3460 2946 3589 2985 sen-

1926 3026 2253 3086 Ctentiam.
2303 3025 2439 3081 Nam
2501 3027 2547 3082 si
2618 3028 2671 3081 in
2744 3027 2974 3099 gratiam
3036 3026 3282 3080 numinis
3351 3024 3591 3095 perfecte

290 3121 608 3183 obedierit,
638 3119 892 3189 quamvis
933 3132 1041 3171 non
1089 3118 1337 3172 videatur
1374 3118 1611 3187 perfecte
1653 3119 1705 3175 id
1758 3120 1973 3187 facere,
2011 3122 2222 3194 judicio
2255 3128 2435 3175 tamen
2472 3134 2530 3175 se
2578 3120 2849 3174 liberavit.
2886 3119 3039 3187 Quod
3088 3121 3133 3175 si
3171 3134 3499 3189 quacunque
3535 3120 3589 3171 iu

293 3232 354 3270 re
383 3230 490 3286 pro
517 3230 636 3269 suae
675 3212 972 3266 voluntatis
1028 3210 1295 3265 arbitratu
1326 3210 1455 3279 quid
1499 3210 1707 3278 fecerit,
1740 3215 1953 3269 etiamsi
1996 3214 2229 3285 obsequi
2267 3212 2552 3278 videatur,
2594 3212 2761 3267 divini
2815 3223 2993 3267 tamen
3043 3213 3235 3282 judicii
3290 3212 3589 3267 discrimen

293 3312 491 3366 adibit.
519 3310 577 3365 Si
615 3320 798 3364 tamen
829 3308 1008 3378 ipsum
1040 3306 1276 3361 coenobii
1305 3306 1595 3375 praefectus
1630 3309 1857 3365 assiduo
1891 3311 2183 3366 verborum
2214 3309 2399 3379 jurgio
2430 3308 2757 3363 everberare
2792 3322 2902 3361 non
2937 3308 3196 3372 cessabit,
3228 3309 3469 3361 nondum
3509 3317 3596 3360 est

298 3406 698 3460 conclamatus.
729 3403 787 3455 Si
844 3417 975 3455 vero
1024 3402 1411 3456 emnobiarcha
1475 3405 1706 3458 tacuerit
1765 3405 2051 3475 (tanquam
2088 3408 2155 3461 de
2185 3406 2501 3475 desperato)
2533 3419 2640 3459 non
2690 3404 2865 3459 habeo
2919 3404 3063 3474 quod
3095 3404 3298 3459 dicam.
3369 3405 3471 3472 Qui
3537 3404 3594 3457 in

305 3494 536 3551 Domino
579 3511 706 3550 cum
760 3493 1113 3564 simplicitate
1151 3493 1411 3562 subjecti,
1469 3509 1566 3564 per
1616 3495 1892 3550 curiosam
1937 3498 2535 3567 rerumimperatarum
2563 3495 3005 3565 disquisitionem
3034 3496 3282 3562 insidias,
3341 3505 3395 3551 ct
3447 3508 3597 3551 artes

307 3588 613 3645 daemonum
651 3589 704 3642 iu
747 3604 805 3643 se
847 3602 956 3642 non
987 3582 1300 3650 coneitant’,
1348 3586 1585 3641 feliciter
1634 3589 1757 3643 vita:
1791 3591 2031 3644 stadium
2067 3593 2389 3644 decurrunt.
2426 3591 2530 3645 Sed
2569 3593 2805 3660 primum
2848 3590 3121 3656 omnium,
3157 3591 3367 3661 Optimo
3415 3593 3593 3661 judici

307 3695 495 3742 nostro
552 3683 841 3753 praeterita:
897 3682 1021 3736 vitae
1067 3690 1287 3751 peccata
1317 3682 1651 3751 aperiamus,
1687 3683 1850 3752 idque
1890 3686 1974 3740 vel
2014 3686 2136 3751 soli,
2167 3686 2245 3739 vel
2287 3685 2332 3740 si
2373 3686 2733 3756 imperetille,
2764 3685 3042 3740 omnibus.
3101 3685 3330 3741 Ostensa
3391 3688 3594 3756 quippe

303 3791 353 3834 et
400 3780 458 3832 in
497 3778 777 3847 publicum
826 3776 1034 3846 prolata
1068 3778 1294 3830 vulnera
1330 3774 1495 3831 facile
1530 3779 1872 3832 curabuntur
1902 3795 2077 3851 neque
2114 3781 2500 3835 recrudesccnt
2528 3781 2784 3851 amplius.
3558 3764 3571 3778 ⁷

378 3870 660 3941 Τετύγηκε
688 3868 797 3939 γάρ
827 3885 929 3938 μου
962 3869 1142 3921 ἐκεῖσε
1178 3869 1538 3939 ὑπάρχοντος,
1559 3868 1681 3921 τινὰ
1710 3870 1775 3921 ἐκ
1798 3870 1895 3940 λῃ-

315 3960 545 4033 στρικῆς
591 3960 796 4025 τάξεως
847 3960 914 4030 τῇ
953 3959 1215 4031 μοναδικῇ
1263 3958 1582 4029 προσελθεῖν
1625 3960 1892 4030 πολιτείᾳ,

309 4052 372 4105 ὃν
404 4053 436 4105 ό
463 4051 674 4123 ἄριστος
712 4052 919 4113 ἐκεῖνος
962 4051 1191 4121 ποιμὴν,
1243 4051 1340 4104 καὶ
1382 4051 1562 4122 ἰατρὸς
1611 4050 1898 4104 ἐκέλευσεν

306 4143 406 4197 ἐπὶ
456 4141 663 4213 ἡμέρας
712 4141 857 4194 ἑπτὰ
908 4141 1271 4205 ἀναπαύσεως
1318 4142 1540 4210 ἀπάσης
1587 4141 1897 4196 ἀπολαῦσαι

305 4235 446 4304 πρὸς
476 4234 711 4305 θεωρίαν
742 4234 838 4287 καὶ
869 4232 1039 4305 μόνην
1066 4237 1166 4304 τῆς
1200 4235 1258 4286 ὲν
1285 4234 1438 4305 τόπῳ
1481 4234 1896 4296 καταστάσεως.

297 4327 462 4382 Μετὰ
547 4321 643 4379 οὖν
719 4325 820 4396 τὴν
881 4325 994 4395 (l8)
1067 4326 1304 4395 ἐῦδόμην
1388 4325 1899 4395 προσκαλεσάμενος

300 4420 469 4474 αὑτὸν
515 4421 637 4473 κατ’
671 4418 808 4471 ἰδίαν
851 4419 881 4471 ό
914 4418 1118 4489 ποιμὴν
1149 4418 1361 4489 ἠρώτα,
1396 4421 1445 4471 εἰ
1488 4418 1719 4488 ἀρεστὸν
1746 4417 1895 4489 αὐτῷ

298 4515 401 4585 τὴν
430 4512 749 4583 συνοίκησιν
787 4511 902 4581 μετ’
933 4510 1113 4564 αὐτῶν
1156 4509 1485 4580 ποιήσασθαι
1511 4525 1525 4538 ·
1559 4509 1636 4571 ὡς
1664 4509 1723 4562 δὲ
1771 4524 1898 4561 συν-

300 4608 533 4677 Θέμενον
583 4604 749 4660 αὑτὸν
800 4603 938 4673 μετὰ
984 4603 1166 4673 πάσης
1215 4601 1571 4672 είλικρινείας
1612 4600 1897 4666 ἐθεάσατο,

2076 3863 2185 3943 45
2219 3870 2355 3925 Cum
2391 3870 2444 3925 in
2481 3873 2765 3942 cujusdam
2809 3874 3055 3945 praeclari
3091 3871 3329 3940 judicis,
3375 3881 3428 3926 et
3465 3876 3595 3926 γυη-

2005 3959 2145 4033 giosi
2180 3962 2419 4031 pastoris
2456 3961 2533 4032 (a)
2571 3963 2882 4018 coenobium
2919 3967 3214 4039 venissem,
3253 3963 3592 4015 tremendum

2004 4066 2139 4107 sane
2192 4068 2293 4123 pro
2350 4053 2610 4107 tribunali
2674 4054 2946 4124 judicium
3009 4054 3271 4124 spectavi.
3344 4052 3386 4107 Ε
3446 4062 3596 4108 sorte

1999 4143 2298 4208 latronum,
2354 4159 2440 4199 me
2490 4151 2779 4214 praesente,
2830 4146 2980 4200 venit
3020 4145 3248 4217 quidam
3295 4147 3376 4201 uti
3421 4160 3594 4216 genus

1999 4236 2123 4290 vita:
2158 4235 2475 4306 religiosum
2509 4238 2986 4308 complecteretur.
3027 4238 3168 4293 Huic
3215 4237 3459 4309 optimus
3505 4238 3595 4292 ille

2000 4334 2208 4396 pastor,
2242 4332 2297 4381 et
2344 4327 2591 4382 medicus
2624 4336 2830 4399 septem
2872 4328 2991 4384 dies
3021 4327 3087 4382 ad
3138 4327 3305 4382 animi
3351 4328 3591 4398 quietem

2001 4414 2181 4480 dedit,
2221 4419 2363 4472 intra
2408 4433 2549 4489 quos
2577 4435 2759 4474 mores
2789 4420 2889 4474 loci
2930 4428 2985 4473 et
3017 4420 3285 4491 religiosa:
3323 4419 3446 4473 vita:
3476 4429 3594 4473 sta-

2001 4516 2117 4564 tum
2156 4509 2269 4565 illic
2316 4511 2647 4580 exploraret.
2701 4509 2834 4566 Post
2874 4520 3124 4567 exactam
3175 4512 3595 4575 ltebdomadem,

2008 4617 2213 4673 praeses
2243 4604 2569 4657 accersitum
2610 4618 2857 4659 seorsum
2888 4611 3243 4673 percontatus
3267 4617 3351 4660 est
3385 4621 3452 4659 an
3483 4607 3599 4674 pla-

296 4699 471 4754 πάλιν
508 4695 706 4769 ἠρώτα
751 4695 805 4747 τί
851 4692 998 4762 αὐτῷ
1026 4693 1225 4746 ἄτοπον
1266 4695 1325 4745 ἐν
1350 4691 1427 4761 τῷ
1457 4691 1647 4761 κόσμῳ
1686 4690 1894 4763 πέπρα-

2008 4701 2159 4749 ceret
2191 4693 2358 4748 vitam
2396 4695 2505 4750 illic
2538 4711 2662 4750 cum
2696 4696 2823 4751 aliis
2857 4695 3171 4769 religiosam
3224 4698 3439 4768 degere.
3492 4695 3595 4751 Ubi

296 4810 455 4846 κται.
498 4793 590 4853 Ὠς
620 4789 680 4842 δέ
701 4784 843 4842 οἶδεν
873 4786 1038 4840 αὐτὸν
1084 4787 1182 4840 σὺν
1223 4784 1300 4856 τῷ
1328 4785 1474 4855 λόγῳ
1508 4785 1730 4838 πάντων
1764 4801 1899 4855 προ-

295 4885 494 4956 θύμως
561 4882 1128 4954 ἐξομολογησάμενον,
1171 4880 1335 4932 πάλιν
1385 4880 1521 4950 πρὸς
1576 4878 1738 4931 αὐτὸν
1785 4878 1899 4948 (19)

295 4976 585 5049 πειράζων
612 4974 767 5041 ἔλεγε
788 4991 801 5005 ·
832 4970 1102 5043 Βούλομαί
1135 4988 1214 5033 σε,
1261 4971 1447 5041 φησὶν,
1477 4971 1569 5023 ἐπὶ
1597 4972 1779 5040 πάσης
1800 4969 1904 5040 τῆς

294 5066 669 5137 ἁδελφότητος
718 5064 890 5117 ταῦτα
933 5061 1322 5135 θριαμϐεῦσαι.
1382 5063 1437 5114 Ὀ
1484 5062 1541 5115 δέ
1587 5062 1756 5123 ὅντως
1803 5062 1904 5130 τὴν

297 5154 505 5209 ἑαυτοῦ
534 5154 810 5226 ἁμαρτίαν
843 5155 1079 5224 μισήσας
1109 5153 1222 5222 (20)
1254 5155 1479 5216 ἐκεῖνος,
1516 5154 1611 5205 καὶ
1641 5153 1906 5223 αἰσχύνης

304 5250 531 5319 ἁπάσης
581 5247 1009 5318 καταφρονήσας
1055 5246 1401 5310 ἀδιστάκτως
1452 5247 1760 5316 ὑπέσχετο·
1812 5246 1908 5300 καὶ

299 5344 353 5395 εἰ
396 5340 603 5410 βούλει,
657 5341 811 5409 φησὶ,
868 5338 1011 5391 κατὰ
1056 5338 1220 5410 μέσον
1258 5338 1608 5408 Ἀλεξάνδρου
1664 5340 1763 5408 τῆς
1813 5338 1911 5391 πός

301 5432 466 5492 λεως.
517 5425 654 5483 Εἶτα
696 5426 1040 5497 συναθροίζει
1086 5428 1115 5478 ὁ
1166 5424 1374 5495 ποιμὴν
1421 5427 1479 5478 ὲν
1531 5425 1609 5494 τῷ
1648 5422 1911 5493 Κυριακῷ

306 5522 493 5575 πάντα
519 5520 592 5574 τὰ
617 5519 866 5591 πρόὸατα
890 5518 981 5572 τὸν
1004 5517 1130 5589 ἀριθ
1140 5519 1238 5588 μὸν
1262 5517 1555 5589 τριακόσια
1584 5517 1904 5587 τριάκοντα,
1925 5511 1931 5517 ’

304 5609 400 5671 καί
425 5613 526 5683 τῆς
549 5612 700 5675 θείας
728 5610 1002 5674 συνάξεως
1027 5610 1358 5679 τελουμένης
1378 5625 1391 5637 ·
1416 5604 1486 5678 ἦν
1515 5610 1624 5679 γὰρ
1651 5608 1907 5677 Κυριακὴ

378 5705 428 5738 ⁸⁸
467 5703 629 5759 Rom.
661 5720 772 5767 xw,
791 5702 883 5756 ‘25.

2010 4786 2418 4855 paratissimum
2449 4802 2590 4852 esse,
2624 4799 2677 4842 et
2712 4788 2831 4844 sine
2862 4787 3053 4844 fraude
3087 4788 3324 4859 doloque
3372 4804 3601 4858 respon-

2010 4878 2160 4934 disse
2192 4880 2383 4943 sensit,
2427 4894 2594 4949 porro
2644 4879 3001 4951 interrogavit
3044 4880 3175 4952 quid
3210 4881 3263 4934 in
3297 4881 3447 4935 omni
3493 4881 3601 4935 vita

2013 4969 2219 5024 nefarie
2272 4970 2647 5040 scelerateque
2702 4969 2913 5026 fecerit.
2977 4969 3113 5027 Cum
3170 4978 3224 5025 et
3273 4972 3361 5027 hie
3417 4982 3602 5039 aprrte

2012 5069 2394 5130 promptequc,
2449 5068 2504 5115 et
2551 5060 2848 5129 prudenter
2894 5062 3205 5118 confessum
3249 5063 3600 5117 animadver-

2013 5152 2200 5219 tisset;
2237 5168 2457 5208 rursum
2491 5152 2737 5207 tentandi
2770 5168 2938 5208 causa
2975 5170 2989 5208 :
3023 5151 3227 5217 Placet,
3262 5153 3458 5221 inquit,
3494 5146 3598 5217 uti,

2007 5261 2130 5317 qua:
2158 5245 2248 5300 hic
2278 5244 2378 5301 soli
2412 5245 2546 5299 mihi
2576 5245 2865 5316 aperuisti,
2901 5245 2991 5300 illa
3032 5245 3147 5316 ipsa
3190 5246 3243 5300 in
3283 5245 3451 5300 totius
3482 5261 3599 5300 ca:-

2008 5337 2159 5392 nobii
2184 5345 2456 5391 conventu
2489 5338 2707 5407 publice
2734 5352 2999 5409 exponas.
3032 5335 3131 5390 Hic
3160 5336 3250 5391 ille
3280 5350 3469 5392 revera
3499 5352 3598 5390 sua

2010 5430 2216 5485 scelera
2249 5438 2590 5494 exsecratus,
2626 5443 2866 5498 veroque
2900 5428 3030 5483 odio
3070 5435 3411 5498 prosecutus,
3445 5428 3597 5482 omni

2010 5521 2356 5576 verecundia:
2389 5522 2602 5591 pudore
2630 5521 2901 5592 proiecto,
2938 5519 3385 5576 constantissime
3417 5534 3478 5574 se
3516 5518 3600 5573 fa-

2011 5623 2226 5669 cturum
2262 5614 2515 5683 promisit
2551 5622 2666 5678 :et,
2703 5613 2750 5667 si
2787 5613 2995 5678 placet,
3046 5604 3222 5682 inquit
3246 5651 3261 5676 ,
3308 5611 3367 5667 in
3420 5610 3601 5669 multo

380 5797 461 5868 ta}
507 5797 659 5864 Quod
707 5807 827 5850 erat
866 5792 1229 5853 Alexandrize,
1263 5802 1319 5874 ut
1354 5791 1680 5845 scholinstt‘s
1715 5790 1893 5856 docet,
1942 5802 2050 5842 non
2083 5784 2311 5851 Raithu,
2344 5796 2401 5841 ut
2430 5787 2559 5842 olim
2590 5784 2995 5842 existimabam.

613 5919 885 5979 Parnm"
922 5916 1041 5976 (in.
1088 5914 1252 5974 LXX
1270 5912 1495 5975 XVIII.

3280 5904 3356 5966 22
