4062 6470
461 355 566 419 683

1714 351 1772 410 S.
1796 350 2114 410 JOANNIS
2146 349 2455 410 CLIMACI

3608 346 3717 410 ὅθί

460 464 802 524 Alexandria:
842 464 961 520 foro
1001 464 1241 519 facinora
1294 477 1411 518 mea
1462 461 1831 532 proclamabe.
1887 460 2030 529 Ergo

2132 459 2240 513 τῶν
2268 459 2515 532 ἡμερῶν,
2550 459 2687 528 μετά
2715 457 2812 528 τὴν
2837 457 3232 528 συμπλήρωσιν
3257 456 3350 510 τοῦ
3379 454 3717 524 Εὐαγγελίου

462 561 591 633 (ubi
624 570 930 629 promptum
965 557 1131 625 vidit)
1166 565 1357 611 coacto
1390 564 1574 624 pastor
1606 554 1659 607 iu
1686 552 1886 621 templo
1914 560 2027 606 toto
2058 576 2061 579 -

461 653 586 707 ovili
631 659 888 720 coetuque
937 648 1167 702 fratrum
1216 648 1409 718 (erant
1448 646 1580 701 inibi
1610 645 1834 700 trecenti
1867 658 2029 709 supra

461 742 726 814 triginta),
756 741 886 794 dum
907 754 993 793 res
1022 738 1201 793 divina
1232 736 1409 802 fieret,
1444 744 1564 791 erat
1591 734 1735 788 enim
1769 734 1888 789 dies
1925 732 2031 787 Do-

460 836 680 898 minica,
708 833 1006 888 secundum
1028 829 1305 900 Evangelii
1328 829 1640 893 lectionem,
1672 842 1827 882 reum
1855 825 2027 888 illum,

454 929 567 998 jam
604 938 718 982 tum
748 925 1106 993 inculpatum,
1144 922 1462 987 introducit,
1494 934 1692 976 manus
1724 929 1847 990 post
1883 928 2028 989 terga

460 1018 797 1080 revinctum,
866 1014 1089 1069 horrido
1135 1013 1298 1068 cilicii
1335 1027 1497 1068 sacco
1541 1013 1820 1074 cinctum,
1868 1016 2033 1079 caput

457 1111 642 1164 cinere
673 1121 1054 1176 conspersum,
1108 1104 1237 1159 fune
1284 1119 1381 1171 per
1409 1103 1675 1173 quosdam
1709 1116 1742 1156 e
1778 1099 2031 1155 coenobio

458 1207 714 1263 tractum,
758 1206 815 1252 et
858 1195 1225 1267 perfunctorie
1258 1194 1622 1257 verberatum,
1672 1201 1731 1246 ut
1768 1206 1884 1260 Ipsa
1929 1190 2030 1243 viri

456 1293 663 1363 species
691 1297 919 1345 terreret
949 1304 1160 1352 omnes,
1208 1288 1434 1357 ipsoque
1460 1285 1637 1356 primo
1667 1293 1887 1354 aspectu
1922 1281 2033 1354 46

454 1396 647 1439 omnes
678 1380 915 1451 perculsi
946 1380 998 1433 in
1020 1385 1267 1449 apertum
1291 1387 1707 1447 prorumperent
1731 1376 2027 1446 t-julatum:

456 1490 616 1531 nemo
645 1472 791 1527 enim
823 1470 952 1540 quid
981 1469 1058 1524 rei
1092 1478 1367 1537 gereretur
1397 1477 1520 1522 aute
1546 1473 1860 1537 agnoverat.
1890 1463 2028 1519 Cum

454 1572 652 1630 deinde
684 1585 810 1625 reus
837 1569 904 1623 ad
935 1569 1082 1624 fores
1112 1566 1297 1636 templi
1346 1565 1699 1635 pervenisset,
1749 1576 1905 1618 sacer
1943 1561 2032 1615 ille

453 1675 508 1719 et
537 1666 793 1720 humana:
835 1659 1030 1716 salutis
1065 1659 1343 1715 studiosus
1375 1657 1604 1711 antistes
1655 1654 1861 1724 ingenti
1900 1667 2032 1707 voce

455 1756 716 1820 intonuit,
755 1753 960 1823 illoque
986 1750 1312 1820 compellato
1337 1768 1350 1803 :
1383 1750 1525 1804 Siste
1550 1748 1802 1819 gradum,
1832 1746 2029 1817 inquit,

2132 552 2376 621 εἰσφέρει
2435 550 2621 604 λοιπὸν
2668 549 2762 605 τὸν
2816 550 3107 620 ἄμεμπτον
3168 550 3459 603 κατάδικον
3508 549 3717 601 ἐκεῖνον

2132 644 2237 697 ὑπό
2265 660 2426 697 τινων
2468 641 2715 710 ἀδελφῶν
2748 641 3048 712 συρόμενον
3088 642 3182 696 καὶ
3241 643 3482 712 μετρίως
3522 642 3720 693 τυπτθῖὁ

2135 752 2317 806 μενον,
2351 736 2449 798 τὰς
2489 738 2678 806 χεῖρας
2725 735 2794 788 δι’
2824 736 3051 789 ὄπισθεν
3098 736 3401 805 δεδεμένον,
3448 736 3543 789 καὶ
3591 736 3723 789 σάκο

2131 843 2226 881 κον
2255 827 2496 899 τρίχινον
2523 828 2918 898 ἠμφιεσμένον,
2952 829 3048 883 καὶ
3078 828 3273 882 σποδὸν
3304 829 3394 880 ἐπὶ
3422 828 3525 897 τῆς
3552 842 3722 897 κεφαδ

2130 918 2248 990 λῆς,
2297 919 2374 984 ώς
2403 920 2498 973 καὶ
2543 920 2601 987 ἐξ
2647 920 2817 990 αὐτῆς
2843 919 2944 990 τῆς
2989 921 3223 992 θεωρίας
3265 921 3511 983 ἅπαντας
3543 938 3718 975 κατα-

2132 1011 2440 1079 πλαγέντας
2483 1012 2685 1074 εὐθέως
2725 1013 2803 1084 τῷ
2856 1013 3119 1083 κλαυθμῷ
3150 1013 3454 1080 ἀλαλάξαι·
3497 1013 3560 1067 ού
3609 1015 3716 1084 γάρ

2131 1103 2273 1171 ἔγνω
2313 1120 2401 1167 τις
2446 1104 2505 1157 τὸ
2549 1104 2850 1175 γινόμενον.
2889 1102 3021 1158 Εἶτα
3067 1104 3144 1168 ώς
3191 1104 3419 1175 πλησίον
3462 1104 3572 1157 τῶν
3619 1106 3717 1175 τῆς

2132 1196 2432 1266 ἐκκλησίας
2475 1197 2662 1250 πυλῶν
2708 1196 2934 1266 ἔφθασε,
2973 1200 3286 1268 προσφωνεί
3330 1195 3481 1267 αὐτῷ
3509 1200 3543 1267 ἡ
3595 1196 3719 1267 ἱερά

2131 1290 2315 1361 ἐκείνη
2366 1291 2462 1344 τοῦ
2493 1292 2878 1362 φιλανθρώπου
2908 1291 3120 1363 κεφαλὴ
3168 1291 3378 1363 μεγάλῃ
3426 1294 3493 1362 τῇ
3529 1293 3716 1361 φωνῇ’

2138 1382 2326 1453 Στῆθι,
2359 1384 2576 1450 ἀνάξιος
2622 1384 2731 1455 γὰρ
2777 1383 3044 1455 ὑπάρχεις
3079 1384 3181 1455 τῆς
3220 1383 3456 1437 ἐνταῦθα
3483 1383 3713 1437 εἰσόδου.

2154 1477 2481 1547 Ἐκπλαγεὶς
2511 1473 2605 1532 οὖν
2634 1477 2729 1531 ἐπὶ
2770 1481 2834 1549 τῇ
2882 1477 2976 1531 τοῦ
3025 1476 3279 1547 ποιμένος
3331 1476 3392 1542 ἐξ
3444 1475 3715 1547 ίερατείου

2133 1569 2417 1642 ὲναχθείσῃ
2487 1571 2624 1640 πρὸς
2688 1570 2850 1624 αὑτὸν
2903 1572 3092 1642 φωνῇ·
3148 1567 3368 1641 ἐνόμιζε
3430 1569 3575 1640 γὰρ,
3608 1569 3718 1632 ’ὡς

2133 1662 2360 1732 ἔσχατον
2404 1664 2552 1733 ἡμᾶς
2596 1663 2781 1734 ὅρκοις
2827 1662 3212 1733 ὲπληροφόρει,
3259 1664 3362 1716 οὐκ
3404 1661 3714 1732 ἀνθρώπου,

2134 1752 2271 1807 ἀλλὰ
2316 1753 2543 1825 βροντῆς
2591 1753 2888 1822 ἀκηκοέναι
2913 1769 2926 1783 ο
2981 1752 3169 1805 πίπτει
3223 1752 3324 1821 μὲν
3373 1751 3576 1814 εὐθέως
3622 1752 3719 1804 ἐπὶ

456 1850 715 1919 indiguus
746 1861 826 1911 es,
869 1844 962 1915 qui
1004 1843 1195 1913 pedem
1233 1843 1341 1897 huc
1386 1840 1606 1897 inferas.
1642 1841 1741 1896 Hic
1770 1840 1858 1895 ille
1899 1852 2031 1893 voce

2138 1843 2428 1914 πρόσωπον
2474 1843 2736 1914 ἔντρομος
2762 1842 3095 1913 κγενόμενος,
3144 1842 3236 1896 καὶ⁵
3283 1841 3405 1905 ὅλος
3448 1839 3524 1911 τῷ
3566 1840 3720 1911 φόϐῳ

453 1956 485 1996 e
514 1953 673 1994 sacro
701 1934 936 2005 pastoris
968 1947 1065 1988 ore
1088 1931 1157 1986 ad
1185 1946 1244 1985 se
1270 1930 1448 1986 delata
1478 1930 1743 1985 attonitus
1778 1929 1860 1999 (ut
1881 1929 2036 1998 jura-

454 2029 703 2085 n'ssimus
755 2025 917 2081 nobis
953 2022 1261 2078 afﬁrmabat
1292 2036 1351 2077 se
1379 2036 1486 2076 non
1518 2020 1791 2090 loquentis
1824 2033 2032 2084 vocem,

454 2122 549 2177 sed
599 2116 942 2175 fulminantis
970 2116 1178 2171 tonitru
1220 2114 1497 2184 audisse),
1545 2114 1690 2168 illico
1729 2127 1936 2183 pronus
1978 2112 2033 2166 in

456 2214 646 2269 faciem
677 2211 871 2281 plenus
903 2208 1129 2264 terroris
1164 2223 1230 2262 ac
1262 2207 1516 2262 tremoris
1547 2206 1803 2261 concidit.
1834 2203 2030 2260 lacen-

453 2319 563 2364 tem
597 2306 747 2361 humi
789 2311 842 2359 et
868 2301 1237 2373 pavimentum
1272 2299 1422 2369 largo
1450 2300 1814 2369 Iacrymarum
1855 2297 2033 2351 imbre

453 2402 790 2472 irrigantem,
814 2411 1009 2453 rursus
1033 2395 1124 2451 ille
1146 2393 1429 2449 mirandus
1450 2394 1755 2447 animorum
1785 2391 2030 2447 medicus

452 2492 577 2563 (qui
619 2489 852 2547 salutem
902 2486 1047 2541 illius
1088 2482 1274 2540 miseri
1315 2482 1570 2537 omnibus
1609 2482 1785 2536 modis
1833 2496 2031 2551 procud-

449 2588 630 2653 rabat,
687 2583 1052 2652 omnibusque
1094 2580 1325 2634 formam
1365 2591 1493 2630 vere
1532 2574 1787 2630 salutaris
1819 2580 1874 2628 et
1917 2572 2030 2628 elli~

451 2679 599 2735 cacis
623 2673 953 2731 humilitatis
986 2682 1289 2741 proponere
1319 2663 1600 2735 cupiebat)
1649 2663 1895 2715 hortatur
1927 2661 2031 2715 im-

450 2777 734 2838 peratque,
771 2763 850 2819 uti
881 2760 1144 2833 quidquid
1183 2757 1379 2829 (impie
1408 2752 1798 2822 scelerateque)
1830 2752 2031 2821 egisset

451 2857 731 2929 sigillatim
764 2869 860 2925 per
890 2851 1069 2922 capita
1107 2848 1322 2915 singula
1358 2846 1551 2901 ordine
1583 2852 1838 2912 exponat.
1884 2841 2028 2909 Ergo

450 2964 577 3005 cum
615 2948 843 3002 horrore
874 2941 1121 2998 omnium
1154 2938 1341 2993 omnia
1384 2935 1663 3007 speciatim
1713 2932 2024 2995 confitetur,

450 3040 807 3108 omniumque
849 3049 1010 3090 aures
1063 3032 1324 3088 attonitas
1366 3028 1564 3091 reddit,
1613 3026 1743 3080 dum
1784 3024 2027 3079 facinora

2138 1932 2442 2004 κλονηθείς.
2478 1935 2670 2004 Χαμαὶ
2715 1934 2895 1988 τοίνυν
2943 1934 3225 2005 ὑπάρχων,
3281 1933 3373 1986 καὶ
3421 1932 3482 1986 τὸ
3523 1932 3719 2001 ἔδαφος

2135 2029 2247 2090 τοῖς
2283 2026 2516 2097 δάκρυσι
2557 2026 2789 2096 βρέχων,
2841 2026 3197 2097 ἐπιτρέπεται
3227 2026 3390 2080 πάλιν
3434 2024 3585 2095 παρά
3621 2023 3718 2077 τοῦ

2136 2114 2442 2187 θαυμασίου
2492 2116 2680 2187 ἰατροῦ
2705 2115 2802 2169 τοῦ
2827 2117 2924 2185 τὴν
2956 2117 3230 2188 σωτηρίαν
3262 2116 3428 2171 αὑτοῦ
3458 2119 3516 2170 ὲν
3543 2117 3717 2171 ἆπασι

2135 2209 2687 2279 πραγματευομένου,
2743 2210 2839 2263 καὶ
2895 2208 3067 2261 τύπον
3114 2210 3389 2280 σωτηρίας
3434 2209 3527 2261 καὶ
3574 2205 3716 2279 ἐνερ-

2132 2300 2265 2368 γοῦς
2304 2299 2687 2365 ταπεινώσεως
2731 2302 2866 2354 πᾶσι
2916 2301 3270 2371 παρέχοντος,
3322 2302 3499 2354 εἰπεῖν
3539 2301 3717 2353 πάντα

2133 2390 2205 2444 τὰ
2237 2391 2606 2462 πεπραγμένα
2637 2391 2785 2462 αὐτῷ
2812 2392 2934 2445 κατ’
2965 2390 3105 2455 εἶδος
3148 2392 3242 2445 ἐπὶ
3286 2393 3527 2447 πάντων.
3569 2393 3631 2445 ‘0
3660 2392 3716 2446 δὲ

2137 2482 2277 2553 μετὰ
2322 2484 2527 2554 φρίκης
2573 2482 2886 2553 ἐξομολογεῖ
2913 2482 2981 2536 τὰ
3026 2483 3242 2537 ἅπαντα
3271 2484 3392 2536 καθ’
3426 2483 3485 2536 ἓν
3532 2485 3715 2538 πᾶσαν

2131 2573 2300 2645 ἀκοὴν
2332 2575 2662 2639 ξενίζονται·
2703 2575 2765 2628 οὐ
2799 2575 2959 2644 μόνον
2999 2575 3067 2628 τὰ
3115 2574 3407 2644 σωματικά
3451 2577 3595 2629 κατά
3624 2575 3718 2644 φύ-

2133 2682 2240 2731 σιν,
2288 2667 2383 2720 καὶ
2434 2666 2587 2738 παρά
2639 2666 2823 2737 φύσιν,
2869 2667 2928 2718 ὲν
2980 2666 3219 2736 λογικοῖς
3261 2684 3324 2720 τε
3374 2667 3557 2732 ζώοις,
3618 2668 3716 2723 καὶ

2131 2760 2346 2829 ἀλόγοις
2367 2776 2381 2790 ο
2420 2760 2557 2813 ἀλλά
2574 2776 2638 2828 γε
2672 2760 2768 2813 καὶ
2799 2759 2927 2831 ἄχρι
2956 2759 3337 2830 φαρμακειῶν,
3371 2760 3466 2813 καὶ
3514 2760 3713 2830 φόνων,

2131 2853 2229 2906 καὶ
2275 2852 2498 2922 ἑτέρων,
2535 2846 2613 2905 ὧν
2649 2852 2713 2905 ού
2746 2852 2903 2923 θέμις
2949 2851 3204 2916 ἀκοῦσαι,
3234 2853 3268 2923 ἢ
3302 2854 3489 2923 γραφῇ
3537 2870 3713 2922 παρα-

2129 2943 2310 2998 δοῦναι
2369 2945 2503 3015 (21).
2569 2942 3139 3014 Ἐξομολογησάμενον
3191 2943 3371 2996 τοίνυν
3426 2945 3709 3016 ἐπιτρέπει

2130 3036 2334 3099 εὐθέως
2364 3035 2774 3107 ἀποκαρθῆναι,
2815 3037 2910 3088 καὶ
2949 3037 3063 3098 τοῖς
3103 3035 3352 3104 ἀδελφοῖς
3383 3052 3715 3108 συγκαταρι-

449 3130 627 3201 aperit
654 3127 839 3191 fanda,
864 3123 1121 3189 infanda;
1153 3134 1382 3191 qumque
1406 3133 1472 3175 ex
1500 3126 1710 3173 natura:
1735 3125 2028 3172 consuetu-

2132 3127 2428 3198 θμηθῆναι.
2474 3125 2616 3195 Ἐγὼ
2651 3127 2711 3179 δὲ
2754 3127 2851 3199 τὴν
2878 3127 2970 3181 τοῦ
2999 3127 3149 3181 ὁσίου
3181 3127 3391 3181 ἐκείνου
3424 3126 3712 3199 θαυμάσας

449 3224 601 3286 dine,
642 3233 872 3292 quaeque
898 3224 1096 3273 contra
1127 3223 1377 3270 naturam
1416 3212 1469 3265 in
1511 3209 1801 3275 homines,
1843 3215 1898 3262 et
1938 3206 2029 3276 ju-

454 3320 639 3369 inenta
672 3318 942 3382 peccaret.
985 3306 1103 3362 Non
1141 3306 1310 3361 tacuit
1354 3302 1643 3366 veneficia,
1689 3315 1797 3355 non
1831 3299 2028 3366 caedes,

454 3418 566 3459 non
596 3402 726 3466 alia,
781 3412 1009 3471 quaeque
1031 3412 1192 3452 aures
1238 3397 1515 3457 horreant,
1566 3406 1796 3462 qumque
1828 3390 2032 3446 chartae

455 3494 802 3555 erubescant.
859 3486 1223 3546 Confessionc
1267 3499 1396 3556 ergo
1450 3493 1779 3556 purgatum,
1844 3479 2029 3537 statim

451 3587 609 3658 jubet
653 3585 708 3639 in
757 3581 1084 3638 monachum
1130 3577 1426 3642 attonderi,
1463 3590 1517 3631 et
1562 3578 1614 3629 in
1649 3573 1875 3629 fratrum
1901 3586 2031 3627 con-

459 3678 771 3734 tubernium
795 3673 1028 3729 admitti.
1053 3670 1163 3742 Ego
1184 3684 1315 3725 vero
1341 3668 1600 3739 Sapientis
1630 3666 1730 3720 viri
1762 3663 2031 3736 (praesulis

457 3766 703 3840 inquam)
733 3765 1036 3821 admiratus
1068 3761 1392 3832 sapientiam
1424 3757 1655 3815 seorsim
1680 3772 1746 3812 ex
1778 3756 1870 3810 illo
1909 3769 2033 3825 per-

456 3866 741 3925 contabar,
787 3871 893 3927 qua
924 3855 1097 3927 gratia
1151 3852 1257 3907 tale
1292 3862 1511 3921 tamque
1548 3849 1869 3905 inusitatum
1910 3861 2042 3916 spe--

455 3952 732 4011 ctaculum
764 3948 1110 4005 instituisset.
1164 3944 1258 4000 llle
1292 3958 1421 4000 vero
1450 3950 1510 3998 ut
1540 3956 1696 3997 verus
1745 3939 2028 3995 medicus:

457 4043 625 4109 Duas,
649 4039 848 4110 inquit,
873 4038 944 4092 ob
971 4051 1165 4092 causas
1194 4034 1245 4089 id
1275 4032 1409 4099 feci;
1439 4031 1675 4102 primum
1702 4029 1778 4084 uti
1808 4043 1906 4082 sua
1927 4026 2034 4081 cri-

455 4134 603 4188 mina
635 4129 741 4205 47
773 4128 986 4201 publice
1034 4125 1377 4183 confitentem
1426 4138 1524 4194 per
1568 4129 1887 4192 praesentem
1938 4132 2032 4172 τοι

455 4225 733 4281 recundiae
778 4221 1057 4285 ruborem,
1101 4218 1171 4273 ab
1210 4226 1416 4272 aeterno
1463 4212 1774 4284 ignominiae
1827 4208 2034 4280 pudore

455 4315 782 4381 liberarem;
814 4309 961 4381 quod
986 4317 1040 4363 et
1067 4307 1272 4363 factum
1302 4314 1406 4360 est.
1435 4303 1571 4358 Nam
1595 4304 1749 4375 prius
1781 4315 1943 4372 quam
1966 4299 2035 4354 de

455 4416 599 4462 terra
654 4411 921 4475 surgeret,
975 4400 1220 4455 omnium
1273 4396 1542 4453 scelerum
1572 4396 1788 4449 veniam
1839 4406 1870 4446 a
1923 4390 2032 4445 Deo

2133 3219 2346 3287 σοφίαν,
2395 3218 2625 3289 ἠρώτων
2673 3218 2800 3289 ἰδίᾳ,
2834 3217 2974 3282 τίνος
3021 3220 3182 3289 χάριν
3220 3219 3281 3272 τὸ
3325 3219 3564 3273 τοιοῦτον
3595 3219 3713 3289 (22)

2132 3307 2282 3373 ξένον
2318 3310 2502 3380 σχῆμα
2548 3309 2866 3380 πεποίηκεν.
2929 3309 2987 3363 '0
3020 3309 3077 3363 δὲ
3118 3309 3289 3374 ὅντως
3341 3312 3554 3381 ἰατρός·
3603 3311 3709 3365 Δύο

2130 3401 2336 3455 τούτων
2364 3402 2545 3471 χάριν,
2580 3403 2777 3473 φησίν·
2826 3400 3042 3473 πρῶτον
3084 3401 3186 3473 μὲν
3213 3402 3280 3457 ἵν’
3314 3403 3479 3458 αὑτὸν
3518 3403 3711 3476 ὲξομοε

2130 3493 2505 3564 λογησὰμενον
2553 3493 2642 3547 διὰ
2672 3494 2769 3563 τῆς
2816 3493 3097 3565 παρούσης
3139 3494 3424 3567 αἰσχύνης,
3450 3498 3551 3568 τῆς
3584 3496 3710 3567 μελ-

2130 3587 2330 3657 λούσης
2365 3585 2681 3652 ἀπαλλάξω,
2711 3586 2849 3657 ὃπερ
2876 3587 2971 3641 καὶ
2995 3587 3236 3655 γέγονεν.
3273 3588 3348 3641 Ού
3380 3589 3487 3657 γὰρ
3510 3589 3709 3656 ἀνέστη

2116 3679 2224 3734 ’τοῦ
2276 3678 2545 3749 ἐδάφους,
2595 3673 2640 3733 ὦ
2696 3679 2893 3749 ἀδελφὲ
2959 3681 3244 3752 Ἰωάννης,
3300 3681 3460 3752 ἄχρις
3507 3674 3569 3734 οὗ
3617 3683 3713 3752 τῆς

2132 3772 2350 3828 πάντων
2397 3772 2645 3841 ἀφέσεως
2691 3771 2991 3842 τετύχηκε·
3045 3773 3141 3826 καὶ
3194 3772 3273 3844 μὴ
3321 3774 3577 3828 ἀπίστει·
3628 3774 3714 3837 τὶς

2132 3867 2239 3938 γάρ
2272 3882 2364 3936 μοι
2406 3863 2516 3919 τῶν
2553 3866 2733 3917 ἐκεῖσε
2776 3865 3151 3934 τυγχανόντων
3181 3865 3523 3939 τεθάῤῥηκεν
3571 3866 3714 3921 ἀδελ-

2134 3959 2233 4029 φὸς
2265 3958 2441 4027 λέγων
2463 3974 2477 3988 ·
2511 3957 2614 4023 ὅτι,
2643 3957 2831 4027 φησὶν,
2863 3956 3132 4028 ἐθεώρουν
3175 3957 3297 4012 τινὰ
3327 3959 3558 4030 φοϐερὸν
3584 3977 3716 4015 κατα

2133 4055 2324 4125 έχοντα
2351 4053 2560 4124 χάρτην
2586 4051 2993 4124 γεγραμμένον,
3027 4051 3121 4106 καὶ
3150 4051 3426 4121 κάλαμον·
3455 4053 3552 4107 καὶ
3576 4053 3710 4124 ἅμα,

2135 4146 2289 4217 φησὶ,
2314 4146 2414 4218 τὴν
2436 4145 2709 4217 ἁμαρτίαν
2737 4146 2766 4198 ὁ
2790 4144 3041 4216 κείμενος
3071 4143 3245 4214 έλεγε,
3278 4144 3483 4215 ταύτην
3503 4146 3714 4215 ἐκεῖνος

2133 4236 2212 4308 τῷ
2257 4237 2490 4308 καλάμῳ
2544 4235 2867 4307 ὲχάραττεν,
2916 4234 3010 4289 καὶ
3065 4234 3327 4299 εἰκότων
3381 4231 3539 4289 Εἴπω
3579 4237 3711 4305 γὰρ,

2135 4328 2298 4398 φησιν
2315 4344 2330 4360 ο
2381 4309 2793 4399 Ἐξαγορεύσω
2820 4328 2949 4382 κατ’
2975 4325 3123 4396 ἐμοῦ
3152 4326 3269 4393 τὴν
3303 4326 3564 4395 ἀνομίαν
3593 4342 3715 4397 μου

2133 4416 2216 4485 τῷ
2265 4420 2460 4490 Κυρίῳ
2483 4437 2499 4452 υ
2537 4418 2637 4473 καὶ
2673 4418 2756 4473 σὺ
2812 4416 3054 4489 ἀφῆκας
3110 4417 3226 4487 τὴν
3278 4418 3561 4474 ἀσέϐειαν
3607 4417 3713 4487 τῆς

454 4496 786 4569 impetravit.
834 4492 946 4549 Nec
990 4501 1094 4560 est,
1144 4491 1219 4546 mi
1263 4489 1521 4555 Joannes,
1576 4486 1721 4558 quod
1752 4501 1817 4540 ea
1864 4485 1930 4540 de
1966 4498 2026 4538 re

2136 4485 2386 4583 καρδίας
2410 4534 2551 4585 μου.
2606 4485 2871 4585 Δεύτερον
2909 4485 2987 4580 δὲ,
3013 4485 3198 4586 ἐπειδη
3248 4530 3401 4578 τινας
3441 4485 3712 4584 κέκτημαι

453 4592 689 4649 dubites.
739 4587 782 4641 E
813 4594 959 4644 centu
993 4586 1193 4657 quippe
1227 4583 1457 4639 fratrum
1495 4581 1628 4649 fuit,
1662 4578 1755 4650 qui
1796 4577 2030 4632 afﬁrmas

457 4683 689 4748 tissime,
719 4680 1054 4750 spectabam,
1080 4678 1275 4747 inquit,
1312 4673 1714 4728 formidandum
1738 4669 2028 4741 quemdam

428 4776 653 4839 ,virum,
684 4773 775 4844 qui
805 4772 1004 4827 librum
1029 4771 1292 4841 scriptum
1318 4777 1371 4822 et
1390 4768 1659 4821 calamum
1687 4777 1853 4816 manu
1880 4768 2029 4815 tene-

455 4869 569 4936 bat,
604 4875 659 4923 et
688 4865 851 4922 simul
893 4879 977 4930 ac,
1009 4862 1206 4932 inquit,
1239 4860 1327 4913 ille
1366 4857 1516 4912 humi
1546 4855 1700 4911 fusus
1741 4861 2026 4924 peccatum

453 4957 852 5031 pronuntiaret,
881 4970 1059 5025 penna
1087 4952 1218 5007 illud
1259 4951 1350 5006 ille
1389 4946 1753 5002 formidabilis
1792 4942 2029 5014 signavit

454 5058 571 5119 (seu
613 5048 922 5121 expunxit).
954 5045 1018 5100 Et
1042 5060 1172 5101 vero
1207 5043 1443 5098 merito:
1474 5039 1602 5093 Dixi
1646 5039 1808 5104 enim,
1855 5034 2032 5105 inquit

452 5139 640 5208 Vates,
668 5136 953 5209 conﬁtebor
970 5134 1244 5191 adversum
1275 5147 1352 5186 me
1379 5129 1702 5201 injustitiam
1722 5141 1894 5180 meam
1924 5125 2033 5177 Do-

451 5243 616 5308 mino,
636 5250 683 5294 et
710 5248 767 5293 tu
787 5235 1037 5292 remisisti
1059 5233 1390 5304 iniquitatem
1411 5228 1585 5284 cordis
1609 5227 1711 5281 mei
1733 5225 1801 5278 “.
1828 5222 2033 5279 Deinde

450 5342 597 5416 quod
628 5343 768 5396 inter
797 5352 949 5394 meos
980 5343 1186 5401 essent,
1229 5333 1323 5403 qui
1363 5346 1493 5388 suas
1537 5343 1711 5399 nexas
1742 5341 2023 5397 nunquam

451 5448 815 5515 aperuerant,
864 5445 926 5492 ut
964 5436 1073 5493 hoc
1128 5432 1292 5489 modo
1343 5431 1413 5487 ad
1459 5428 1756 5499 detegenda
1804 5432 2025 5498 peccata

2132 4606 2536 4679 ἀνεξαγόρευτα
2594 4607 2912 4677 πταίσματα
2965 4605 3222 4676 ἔχοντας,
3278 4608 3375 4661 καὶ
3422 4605 3512 4660 διὰ
3557 4602 3719 4658 τοῦτο

2132 4700 2321 4755 λοιπὸν
2380 4701 2623 4764 ἐκείνους
2671 4702 2752 4763 είς
2804 4701 3192 4773 ἐξομολόγησιν
3243 4701 3712 4773 προτρεπόμενος,

2130 4784 2199 4862 ἧς
2227 4792 2398 4861 χωρὶς
2429 4792 2604 4856 οὐδεὶς
2654 4792 2901 4861 ἀφέσεως
2949 4791 3234 4856 τεύξεται⁶
3274 4793 3370 4846 καὶ
3417 4791 3582 4862 ἕτερα
3617 4790 3715 4861 μὲν

2129 4876 2224 4935 οὖν
2251 4882 2422 4937 πολλὰ
2458 4882 2890 4953 ἀξιοθαύμαστα,
2932 4883 3029 4936 καὶ
3066 4882 3534 4953 ἀξιομνημόνευτα
3564 4879 3713 4952 παρά

2129 4970 2206 5043 τῷ
2237 4972 2551 5044 ἀειμνήστῳ
2606 4973 2800 5043 ἐκείνῳ
2833 4973 3053 5044 ἑώρακα
3092 4975 3330 5045 ποιμένι,
3366 4974 3460 5027 καὶ
3486 4973 3715 5043 ποίμνῃ,

2130 5058 2204 5116 ὧν
2241 5062 2311 5115 τὰ
2345 5061 2571 5116 πλεῖστα
2601 5063 2729 5133 ὑμῖν
2759 5062 3033 5132 κατάδηλα
3078 5063 3304 5132 ποιῆσαι
3338 5062 3675 5133 πειράσομαι
3695 5077 3708 5090 ⁸

2130 5152 2320 5224 ἔμεινα
2365 5152 2475 5223 γὰρ
2504 5153 2634 5224 παρ’
2669 5153 2816 5223 αὐτῷ
2846 5155 3036 5223 χρόνον
3068 5154 3169 5206 οὐκ
3197 5154 3376 5221 ὀλίγον
3410 5154 3506 5225 τὴν
3534 5150 3711 5207 αὐτῶν

2129 5246 2428 5318 ἀνιχνεύων
2474 5245 2771 5311 πολιτείαν,
2832 5247 2927 5300 καὶ
2970 5246 3065 5299 ἐπὶ
3109 5245 3283 5319 ταύτῃ
3331 5244 3586 5316 μεγάλως
3626 5242 3712 5310 ἑξμ-

2133 5338 2443 5406 ιστάμενος,
2478 5335 2595 5400 πῶς
2616 5354 2675 5390 τε
2699 5338 2748 5391 οἱ
2782 5337 3014 5405 ἐπίγειοι
3047 5337 3246 5391 ἐκεῖνοι
3273 5336 3400 5401 τοὺς
3428 5336 3711 5409 οὐρανίους

2131 5430 2262 5500 tum
2273 5428 2451 5482 οὖντοσ

449 5544 852 5591 commoverem
884 5547 898 5584 :
930 5543 1091 5584 nemo
1135 5528 1335 5600 quippe
1408 5525 1526 5582 sine
1566 5521 1914 5582 confessione
1962 5522 2178 5579 veniam
2242 5523 2567 5579 delictorum
2604 5524 2879 5594 impetrat.
2924 5521 3032 5579 Sed
3099 5534 3293 5593 prater
3358 5524 3496 5589 haec,
3542 5522 3715 5577 multa

449 5630 554 5686 alia
589 5631 751 5699 digna
779 5623 1164 5692 admiratione,
1191 5624 1464 5695 dignaque
1506 5621 1702 5679 litteris
1742 5629 1795 5678 et
1829 5620 2201 5677 monumentis
2243 5621 2386 5692 apud
2407 5621 2559 5677 illum
2614 5622 2944 5692 sempiterna
3005 5620 3267 5676 memoria
3325 5619 3714 5677 celebrandum

522 5783 734 5844 “Psal.
770 5802 924 5857 xxxi,
961 5785 1014 5842 5.
