4062 6434
1365 340 1595 402 SCALA
1623 338 2001 398 PARADISI.
2032 363 2100 375 ν·-
2130 339 2436 401 GRADUS
2466 343 2559 402 IV.
3480 340 3583 411 688

310 462 624 520 pastorem,
656 458 706 506 ct
734 466 951 524 gregem
982 466 1170 509 coram
1195 451 1459 520 spectavi,
1528 465 1764 520 quorum
1824 452 1980 507 vobis
2018 452 2314 509 maximam
2342 464 2551 523 partem
2589 455 2831 510 conabor
2859 454 3136 518 enarrare,
3191 464 3430 512 moratus
3462 473 3584 513 sum

308 542 473 596 enim
502 541 647 612 apud
689 542 842 597 illum
890 558 1002 599 non
1048 543 1200 598 brevr
1225 548 1488 611 tempore,
1519 534 1632 610 quo
1654 540 1901 596 omnium
1944 541 2160 598 illorum
2227 545 2417 609 vitam,
2483 560 2663 599 mores
2692 556 2747 599 et
2779 554 2981 601 statum
3013 544 3353 615 investigavi,
3391 555 3446 602 et
3480 543 3589 618 prae

301 633 685 689 admiratione
713 648 880 704 prope
909 634 965 688 iu
1033 645 1313 703 stuporem
1377 634 1540 689 datus
1579 646 1724 700 sum,
1758 623 1978 705 quando
2017 635 2127 691 vidi
2161 648 2271 706 quo
2304 630 2465 706 pacto
2520 637 2775 692 mortales
2816 638 2882 692 ad
2922 637 3311 692 immortalium
3345 634 3586 694 coalitum

301 732 492 786 vitam
521 739 575 785 et
601 728 995 805 perfectionem
1028 731 1382 786 eniterentur.
1462 750 1475 757 -
2090 784 2093 787 .

383 821 501 879 Ἦν
537 825 637 896 μὲν
683 820 777 879 οὖν
821 825 1011 896 ἀγάπη
1047 827 1177 897 παρ’
1222 826 1403 889 αὐτοῖς
1441 824 1643 898 δεσμὸς
1675 827 1869 890 άλυτις
1890 841 1904 856 ·

2084 823 2216 880 Erat
2248 841 2379 896 ergo
2408 826 2551 896 apud
2584 814 2707 882 illos
2731 827 3010 882 vinculum
3041 812 3325 883 charitatis
3350 820 3590 883 indisso-

298 916 415 971 καὶ
442 916 506 970 τὸ
531 915 596 985 δὴ
625 915 1087 988 θαυμαστότερον,
1120 917 1303 988 πάσης
1339 909 1648 994 παρρησίας
1681 921 1776 973 καὶ
1806 920 1909 989 άρ-

2017 914 2202 982 lubile,
2236 923 2291 970 et
2322 911 2466 986 quod
2503 915 2677 985 magis
2707 914 2994 972 admireris
3027 926 3297 973 remotum
3340 917 3409 973 ab
3437 913 3591 973 omni

298 1009 578 1079 γολογίας
628 1009 1052 1080 άπηλλαγμένη.
1107 1010 1349 1064 Ἥσκουν
1412 1010 1470 1065 δὲ
1531 1012 1638 1083 πρὸ
1692 1012 1911 1066 πάντων

2017 1007 2265 1064 libertate
2310 1007 2645 1077 procacioris
2686 1016 2780 1062 aut
2829 1007 3070 1065 vanioris
3132 1009 3423 1064 sermonis.
3475 1007 3590 1062 Prae

297 1099 502 1168 τοῦτο,
539 1101 600 1155 τδ
636 1101 712 1173 μὴ
744 1094 944 1172 πλῆξαι
973 1101 1207 1170 ἀδελφοῦ
1235 1102 1335 1174 τὴν
1370 1101 1674 1174 συνείδησιν
1702 1102 1760 1158 ἐν
1780 1121 1906 1157 τινι.

2017 1101 2228 1156 cunctis
2256 1111 2436 1156 autem
2462 1116 2787 1172 magnopere
2805 1102 3088 1167 cavebant,
3112 1118 3180 1171 ne
3199 1102 3337 1157 alter
3361 1101 3591 1156 alterius

299 1194 374 1247 Et
414 1194 473 1246 δέ
513 1210 618 1247 που
652 1193 824 1263 ἐφάνη
856 1209 942 1255 τις
964 1193 1319 1264 μισάλληλος,
1354 1193 1538 1247 τοῦτον
1567 1194 1596 1246 ὁ
1624 1194 1832 1264 ποιμὴν
1854 1195 1912 1246 ἐν

2017 1192 2405 1248 conscientiam
2441 1191 2770 1255 vulneraret,
2798 1191 2910 1263 48
2943 1200 3036 1247 aut
3064 1193 3172 1246 ulla
3204 1193 3256 1245 in
3291 1209 3347 1247 re
3380 1195 3590 1262 percel—

299 1284 403 1356 τῷ
431 1283 772 1356 ἀφοριστικῷ
798 1283 1145 1354 μοναστηρίῳ
1173 1283 1248 1347 ὡς
1277 1284 1609 1361 κατάκριτον
1631 1283 1907 1357 ἐξώριζεν.

2017 1285 2170 1339 leret.
2203 1284 2355 1351 Quod
2390 1285 2433 1338 si
2459 1283 2583 1354 quis
2610 1299 2676 1338 ex
2707 1283 2796 1338 illo
2820 1286 3180 1339 contubernio
3202 1281 3435 1339 aliorum
3462 1301 3591 1340 osor

304 1377 460 1432 Ποτὲ
489 1376 546 1428 δέ
589 1384 741 1440 τινος
790 1375 901 1430 τῶν
946 1374 1212 1444 ἀδελφῶν,
1268 1376 1406 1447 πρὸς
1443 1376 1607 1430 αὑτὸν
1647 1377 1741 1431 τὸν
1774 1377 1913 1448 πλη-

2017 1374 2537 1445 deprehenderetur,
2576 1374 2723 1430 hunc
2770 1390 2898 1429 vero
2936 1386 3122 1443 pastor
3166 1374 3254 1429 ille
3305 1373 3359 1429 in
3407 1374 3592 1445 sejun-

309 1468 437 1523 σὶον
465 1467 582 1540 (25)
606 1467 1044 1539 λοιδορήσαντος,
1081 1468 1396 1538 παραυτίκα
1425 1468 1721 1539 διωχθῆναι
1753 1468 1914 1521 αὐτὸν

2017 1475 2162 1521 ctum
2197 1465 2266 1520 ab
2288 1465 2411 1521 aliis
2441 1467 2776 1528 cmnobium,
2803 1464 3062 1535 tanquam
3086 1478 3237 1519 reum
3261 1466 3315 1519 in
3340 1467 3590 1521 exsilium

310 1563 345 1616 6
403 1560 668 1623 πανόσιος
719 1557 1044 1630 προσέταξε,
1090 1559 1295 1628 λέγων·
1317 1559 1391 1629 μὴ
1435 1561 1738 1630 συγχωρεῖν
1775 1556 1914 1614 εἶναι

2018 1559 2369 1614 amendabat.
2400 1554 2753 1615 Conviciatus
2779 1568 2896 1613 erat
2928 1558 3057 1612 olim
3092 1558 3227 1612 alter
3261 1560 3437 1623 alteri,
3467 1574 3591 1613 cum

312 1658 381 1709 ἐν
411 1656 483 1724 τῇ
509 1655 646 1725 μονῇ
689 1653 903 1721 ὁρατὸν,
939 1651 1034 1704 καὶ
1060 1649 1293 1719 ἀόρατον
1323 1650 1589 1704 διάϐολον.
1624 1646 1777 1704 Εἶδον
1805 1634 1914 1719 ἐγὼ

2017 1652 2291 1722 extemplo
2309 1648 2690 1708 sanetissimus
2707 1651 2793 1705 ille
2810 1649 3009 1721 praeses
3032 1650 3453 1705 conviciaturem
3470 1650 3590 1719 ejici

316 1744 481 1816 παρὰ
512 1748 629 1807 τοῖς
658 1742 829 1806 ὁσίοις
867 1743 1097 1804 ἐκείνοις
1132 1741 1453 1814 ὀνησιφόρα,
1488 1741 1585 1795 καὶ
1609 1741 1914 1811 ἀξιάγαστα

2018 1744 2297 1816 praecepit,
2343 1744 2488 1814 quod
2542 1747 2767 1814 negaret
2807 1760 2908 1813 par
2957 1758 3080 1798 esse
3131 1753 3189 1797 ut
3241 1742 3292 1796 in
3342 1743 3593 1797 cmnobin

318 1838 493 1901 ὅντως
536 1835 845 1907 πράγματα
863 1851 881 1868 ο
917 1832 1256 1902 ἀδελφότητα
1286 1849 1347 1886 τε
1378 1834 1521 1886 κατὰ
1548 1832 1755 1903 Κύριον
1786 1848 1914 1902 συγ-

2019 1836 2221 1907 gemini
2254 1834 2366 1892 sint
2393 1836 2689 1902 daemones,
2722 1834 3038 1904 spectabilis
3064 1835 3223 1897 alter,
3264 1842 3319 1889 et
3347 1836 3483 1889 alter
3512 1835 3595 1888 in-

324 1927 725 2001 γεγενημένην,
772 1927 866 1980 καὶ
913 1924 1322 1995 συνδεδεμένην,
1351 1925 1673 1997 θαυμαστὴν
1713 1942 1914 1997 κεκτηο

2019 1924 2347 1995 aspectablis
2375 1924 2501 1997 (boc
2541 1931 2624 1979 est
2662 1923 2797 1978 alter
2826 1923 3096 1989 diabolus,
3151 1933 3205 1976 ct
3251 1923 3386 1976 alter
3432 1929 3595 1976 homo

340 2022 529 2092 μένην,
578 2019 672 2075 καὶ
704 2018 804 2085 τὴν
841 2016 1121 2088 ἐργασίαν,
1162 2015 1258 2069 καὶ⁵
1298 2015 1399 2088 τὴν
1428 2016 1683 2088 θεωρίαν.
1729 2015 1914 2081 Οὕτως

2020 2016 2217 2072 similis
2247 2015 2510 2085 diabolo).
2545 2013 2795 2085 Spectavi
2820 2028 2920 2083 ego
2940 2013 3082 2084 apud
3116 2012 3235 2068 illos
3261 2014 3596 2067 venerandos

339 2115 449 2185 γὰρ
498 2113 711 2174 ἑαυτοὺς
765 2113 881 2174 τοῖς
911 2109 1075 2172 θείοις
1122 2108 1419 2180 ἐξέτρισον,
1471 2110 1566 2163 καὶ
1611 2108 1914 2180 ἐγύμναζον

2019 2106 2210 2163 Patres
2235 2123 2359 2163 cum
2392 2106 2565 2169 utilia,
2598 2115 2713 2160 tum
2744 2120 2929 2159 revera
2965 2105 3309 2171 admiranda,
3337 2104 3597 2159 sodalita-

336 2179 774 2273 κατορθώμασιν,
810 2199 887 2263 ὡς
937 2200 1012 2271 μὴ
1043 2179 1260 2252 δεῖσθαι
1290 2199 1476 2269 σχεδὸν
1521 2198 1623 2269 τῆς
1653 2179 1748 2254 τού
1786 2217 1914 2272 προ-

2023 2209 2153 2264 tem,
2185 2197 2432 2267 inquam,
2468 2212 2532 2252 ex
2563 2206 2743 2252 mente
2767 2196 2949 2251 divina
2968 2194 3271 2259 collectam,
3293 2207 3348 2250 et
3376 2196 3516 2251 inter
3540 2194 3599 2249 se

327 2293 624 2364 εστηκότος
653 2292 1032 2362 ὑπομνήσεωςδ
1050 2289 1167 2347 ἀλλ’
1185 2291 1487 2362 ίδιαιρέτως
1505 2280 1767 2360 ἀλλήλους
1782 2290 1914 2360 πρὸς

2023 2290 2308 2346 cbaritatis
2346 2304 2489 2342 nexu
2522 2286 2827 2344 devinctam
2861 2294 3013 2352 sane,
3054 2288 3202 2358 quod
3235 2287 3396 2342 simul
3426 2287 3599 2342 admi-

304 342 432 403 0'85

321 2381 425 2453 τὴν
454 2381 608 2435 θείαν
659 2379 961 2444 διυπνίζειν
1008 2382 1357 2452 ἐγρήγορσιν.
1406 2376 1517 2433 Ἦν
1564 2380 1674 2452 γὰρ
1731 2381 1915 2444 αὐτοῖς

316 2471 612 2545 ὡρισμένα
638 2489 723 2540 τε,
768 2473 862 2526 καὶ
897 2472 1335 2543 μεμελετημένα,
1377 2472 1475 2526 καὶ
1520 2476 1918 2543 πεπαγιωμένα

313 2558 452 2614 ὅσιά
480 2576 628 2624 τινα,
670 2559 765 2614 καὶ
794 2559 914 2613 θεῖα
941 2560 1332 2630 γυμνάσματα.
1381 2561 1445 2613 Εί
1479 2560 1625 2629 ἔδοξε
1658 2562 1765 2633 γάρ
1797 2578 1919 2616 τινα

314 2651 507 2705 αὐτῶν
546 2668 679 2706 ποτε
722 2651 819 2705 τοῦ
849 2651 1192 2723 προεστῶτος
1225 2652 1300 2723 μὴ
1335 2653 1604 2724 παρόντος
1631 2653 1917 2726 λοιδορίας,

312 2742 355 2815 ἢ
395 2744 803 2815 κατακρίσεως,
854 2743 887 2815 ἢ
934 2743 1071 2807 ὅλως
1109 2743 1438 2814 άργολογίας
1471 2743 1756 2812 ἄρξασθαι,
1801 2747 1920 2800 νεύ-

319 2851 465 2905 ματι
492 2835 659 2891 αὐτὸν
693 2835 989 2905 ἀγνώστως
1028 2835 1256 2904 ἀδελφός
1284 2844 1368 2899 τις
1395 2836 1583 2907 ἕτερος
1612 2837 1926 2910 ὑπομιμνή-

316 2942 480 2981 σκων
525 2926 830 2996 λεληθότως
870 2926 1201 2982 κατέπαυεν.
1247 2927 1311 2982 Εί
1355 2926 1413 2980 δὲ
1456 2929 1553 2982 καὶ
1591 2929 1692 2983 οὐκ
1731 2929 1926 3000 ᾔσθετο

316 3018 483 3087 τως,
520 3020 700 3091 βαλὼν
730 3022 916 3077 λοιπὸν
961 3022 1244 3094 μετάνοιαν
1296 3024 1327 3075 ὁ
1374 3022 1689 3095 ὑπομνήσας
1714 3025 1919 3096 άνεχὼ-

321 3122 436 3185 ρει.
470 3109 584 3167 Ἦν
610 3115 667 3168 δὲ
693 3116 876 3179 αὐτοῖς
900 3104 1134 3184 άληκτος
1162 3115 1232 3183 (εί
1250 3113 1422 3168 δέοιτο
1451 3113 1805 3185 φθέγξασθαι)
1825 3120 1918 3172 καὶ

318 3205 608 3269 ἄπαυστος
642 3207 925 3269 συλλαλιὰ,
962 3208 996 3276 ἡ
1036 3206 1132 3259 τοῦ
1167 3204 1398 3259 θανάτου
1446 3206 1775 3278 ἀνάμνησις,
1822 3211 1916 3263 καὶ

321 3296 567 3368 κρίσεως
598 3297 820 3351 αίωνίου
850 3297 1047 3351 ἔννοια.

2022 2382 2250 2437 randam
2279 2390 2333 2434 et
2354 2380 2624 2435 actionem
2649 2389 2702 2435 et
2730 2379 3244 2450 eOnlemplationcm
3272 2366 3599 2448 complecte-

2022 2482 2192 2528 retur.
2236 2471 2388 2527 Adeo
2437 2472 2580 2527 enim
2644 2486 2704 2527 se
2767 2486 2950 2528 rerum
3016 2471 3325 2526 divinarum
3400 2470 3598 2524 studiis

2022 2563 2318 2630 dedebant,
2358 2550 2816 2632 exercebantque,
2859 2563 2935 2617 uti
2968 2563 3169 2617 nullius
3209 2562 3320 2616 fere
3354 2562 3596 2631 magistri

2020 2657 2393 2711 admonitione
2431 2654 2755 2726 indigerent,
2806 2655 2899 2709 sed
2942 2654 3044 2723 ipsi
3095 2655 3233 2707 inter
3276 2668 3334 2708 se
3378 2654 3445 2707 ad
3489 2654 3600 2706 vir-

2022 2757 2189 2802 tutem
2217 2756 2271 2803 et
2299 2746 2638 2803 alacritatem
2671 2746 2964 2816 quamdam
3010 2744 3249 2799 divinam
3292 2732 3424 2799 satis
3465 2745 3598 2799 alter

2021 2832 2253 2896 alterum
2282 2840 2563 2895 excitaret.
2596 2836 2767 2893 Erant
2797 2839 2941 2893 enim
2986 2836 3095 2892 illis
3128 2846 3288 2891 certae
3327 2818 3608 2907 quaedam:

2023 2948 2089 2989 ac
2121 2932 2359 2989 deﬁnita:
2404 2933 2783 3001 meditataque
2813 2939 2869 2985 et
2906 2931 3026 2984 ﬁxae
3054 2929 3361 2985 divinarum
3388 2931 3599 2985 exerci-

2027 3025 2291 3079 tationum
2310 3022 2614 3093 leges.Nam
2637 3039 2781 3087 cum,
2804 3024 3028 3078 absente
3045 3022 3599 3093 antistite,qnispiam

2023 3118 2109 3172 vel
2136 3118 2445 3184 calumnia,
2489 3118 2570 3171 vel
2601 3118 2874 3172 temerarii
2920 3117 3135 3184 judicii,
3171 3117 3254 3170 vel
3287 3117 3447 3171 otiosi
3482 3132 3598 3171 sor-

2024 3210 2206 3264 monis
2243 3218 2437 3263 auctor
2465 3214 2628 3275 esset,
2662 3210 2808 3263 hunc
2852 3209 3132 3278 proximus
3173 3210 3383 3263 occulta
3433 3218 3598 3261 nutus

2024 3303 2425 3372 signitiCatione
2460 3301 2598 3355 clam
2625 3301 2694 3356 de
2726 3300 2901 3355 oﬂicio
2928 3300 3275 3366 admonebat,
3329 3301 3598 3370 reprimc~

329 3386 551 3463 batque.
583 3392 740 3459 Quod
766 3393 810 3446 si
842 3392 1086 3449 monitus
1124 3398 1233 3447 non
1274 3393 1476 3449 sentire
1516 3394 1601 3449 vel
1637 3395 1919 3450 advertere
1959 3396 2255 3462 videretur,
2289 3396 2403 3449 tum
2435 3395 2694 3458 monitor,
2734 3402 3006 3464 prostrato
3052 3402 3177 3448 ante
3216 3392 3367 3448 illum
3393 3395 3446 3449 in
3480 3412 3598 3466 pa:-

332 3488 558 3544 nitentis
604 3487 829 3543 modum
879 3486 1130 3559 corpOre,
1170 3488 1479 3544 recedebat.
1512 3488 1643 3545 Erat
1710 3492 1818 3548 illis
1877 3486 2021 3562 (cum
2060 3491 2393 3562 loquendum
2443 3488 2619 3563 esset)
2668 3484 3054 3547 sermocinatio
3101 3488 3322 3543 assidua
3376 3499 3430 3544 et
3472 3507 3597 3561 per—

338 3594 497 3655 petua
534 3580 603 3639 de
633 3584 819 3640 futura
847 3593 1045 3649 morte,
1098 3585 1273 3654 deque
1306 3584 1501 3653 judicii
1530 3587 1762 3641 extremi
1790 3587 2161 3641 meditatione.
3562 3572 3567 3575 δ

409 3681 484 3734 Ού
531 3681 800 3753 σιωπήσω
841 3680 969 3751 ὑμῖν
1000 3680 1207 3751 φράσαι
1247 3679 1341 3733 τοῦ
1371 3680 1625 3750 ὀψοποιοῦ
1666 3680 1776 3734 τῶν
1815 3678 1914 3735 atti-

2089 3677 2207 3737 Non
2242 3672 2464 3752 possum
2496 3682 2585 3737 hic
2609 3680 2787 3737 facere
2812 3680 2942 3750 quin
2998 3682 3153 3737 vobis
3200 3698 3465 3754 exponam

337 3773 450 3827 τόθι
472 3772 535 3827 τὸ
564 3771 992 3842 παραδοξότατον
1018 3772 1371 3845 κατόρθωμα.
1409 3774 1586 3846 Ὀρῶν
1616 3773 1724 3846 γὰρ
1749 3774 1914 3827 αὐτὸν

344 3864 559 3919 ἆένναον
591 3866 650 3919 ἐν
671 3866 737 3935 τῇ
767 3863 1012 3937 διακονίᾳ
1042 3862 1378 3936 κεκτημένον
1408 3866 1508 3936 τὴν
1530 3865 1796 3930 σύννοιαν,
1820 3866 1914 3919 καὶ

347 3953 407 4006 τὸ
422 3953 665 4025 δάκρυον,
692 3948 932 4007 ἱκέτευον
958 3955 1276 4023 ἐπαγγεῖλαί
1302 3968 1412 4026 μοι,
1438 3956 1600 4010 πόθεν
1619 3956 1719 4027 τῆς
1738 3956 1915 4011 τοιάύ·

344 4057 447 4111 της
488 4041 702 4111 χάριτος
740 4039 969 4111 ἠξιώθη.
1016 4042 1074 4094 Ὅ
1098 4041 1156 4094 δὲ
1189 4041 1433 4110 βιασθεὶς
1463 4038 1595 4114 παρ’
1626 4041 1760 4113 ἐμοῦ
1801 4044 1911 4096 ἀπ-

338 4132 622 4203 εκρίνατο·
661 4132 951 4195 Οὐδέποτε,
989 4132 1176 4201 φησὶν,
1207 4132 1515 4204 ἀνθρώποις
1546 4149 1614 4204 με
1642 4133 1912 4188 δουλεύειν

333 4223 644 4295 ἐννενόηκα,
692 4223 829 4277 ἀλλὰ
854 4223 935 4294 τῷ
963 4222 1082 4291 Θεῷ
1111 4238 1126 4253 ·
1178 4225 1273 4277 καὶ
1320 4226 1422 4296 τῆς
1464 4224 1695 4296 ἡσυχίας
1729 4224 1910 4295 πάσης

327 4315 550 4381 ἀνάξιον
581 4315 774 4369 ἐαυτὸν
819 4315 1206 4380 καταδικάσας,
1253 4315 1423 4387 αὐτὴν
1460 4315 1560 4385 τὴν
1609 4315 1703 4368 τοῦ
1740 4317 1911 4387 πυρδς

326 4409 457 4465 θέαν
510 4400 816 4481 ὑπόμνησιν
862 4408 963 4479 τῆς
1017 4407 1315 4481 μελλούσης
1359 4408 1556 4478 φλογὸς
1580 4409 1670 4463 διά
1712 4410 1912 4474 παντὸς

322 4502 625 4573 κέκτημαι.
682 4500 877 4554 Ἀλλου
944 4497 1249 4571 παραδόξου
1307 4499 1488 4554 αὐτῶν
1552 4499 1912 4571 άκουσώμεθα

320 4588 778 4666 κατορθώματος.
823 4592 935 4647 Καὶ
974 4593 1082 4664 γάρ
1134 4592 1256 4646 οὐδέ
1302 4594 1389 4645 ἐπ’
1423 4591 1594 4662 αὐτῆς
1631 4594 1732 4662 τῆς
1774 4611 1909 4665 τρα-

319 4686 637 4757 πέζης,τῆς
664 4688 856 4756 νοερᾶς
876 4681 1137 4757 ἐργασίας
1167 4684 1449 4740 ἐπαύοντο.
1478 4675 1911 4758 Σεσημειωμένῳ

313 4772 383 4826 δὲ
409 4773 534 4843 ῆθει
563 4773 670 4827 τινὶ
700 4772 981 4844 ἀγνώστῳ,
1029 4779 1123 4827 καὶ
1165 4774 1395 4844 νεύματι
1431 4775 1530 4845 τῆς
1561 4777 1703 4830 κατὰ
1733 4775 1911 4847 ψυχὴν

315 4864 557 4929 ἑαυτοὺς
586 4865 897 4936 προσευχῆς
924 4865 1341 4937 ὑπεμίμνησκον
1372 4867 1423 4919 ot
1454 4869 1713 4943 μακάριοι
1742 4884 1755 4898 ο
1809 4870 1911 4922 οὐκ

312 4959 385 5011 ὲν
412 4961 483 5029 τῇ
515 4958 762 5030 τραπέζῃ
803 4957 860 5011 δὲ
892 4958 1049 5012 τοῦτο
1074 4957 1355 5020 ποιοῦντες
1397 4958 1559 5029 μόνον
1605 4956 1906 5029 ἐφαίνοντο,

2016 3770 2136 3827 coci
2187 3771 2334 3827 illius
2392 3771 2495 3826 loci
2549 3770 2889 3827 rariSsimam
2945 3779 2997 3825 et
3057 3773 3216 3841 plane
3267 3772 3595 3843 singularem

2018 3862 2293 3917 virtutem.
2320 3860 2452 3915 Nam
2488 3877 2611 3915 cum
2646 3860 2700 3914 in
2749 3860 2944 3914 culina:
2989 3862 3294 3916 ministerio
3335 3873 3595 3933 perpetrm

2013 3961 2335 4020 occupatum
2354 3950 2611 4016 viderem,
2629 3964 2684 4005 et
2706 3951 2807 4005 sibi
2836 3960 3010 4003 tamen
3049 3950 3260 4021 Setnper
3274 3961 3595 4021 prtesentcni

2009 4046 2235 4118 jugique
2292 4046 2651 4116 lacrymarum
2704 4044 2853 4100 fonte
2905 4045 3246 4112 inundatum,
3306 4048 3490 4117 rogavi
3522 4050 3594 4103 ne’

2014 4137 2149 4191 mihi
2182 4128 2391 4207 aperire
2429 4145 2765 4206 gravaretur,
2793 4153 2899 4207 qua
2932 4138 3139 4192 ratione
3175 4134 3379 4193 tantam
3410 4155 3440 4193 a
3478 4138 3589 4196 Deo

2013 4222 2239 4293 gratiam
2285 4221 2646 4291 impetrasset.
2694 4221 2931 4277 Coactus
2966 4221 3053 4277 ille
3094 4238 3210 4278 mea
3266 4225 3592 4295 importuni-

2011 4300 2122 4370 tate
2158 4316 2437 4385 reSpondit
2472 4332 2486 4370 :
2520 4314 2638 4369 Non
2664 4314 2870 4370 homini
2903 4314 3162 4386 unquam,
3196 4319 3288 4373 sed
3328 4319 3436 4395 mro
3490 4321 3595 4374 mi~

2013 4406 2247 4460 nistrare
2294 4405 2466 4470 visus,
2504 4405 2653 4459 omni
2700 4418 2807 4469 me,
2860 4405 3055 4475 inquit,
3105 4407 3285 4476 quiete
3315 4409 3595 4477 indignum

2014 4497 2311 4551 arbitratus
2357 4510 2499 4559 sum;
2529 4503 2583 4549 et
2622 4507 2716 4564 per
2740 4496 3247 4566 contemplationem
3280 4498 3421 4569 ignis
3458 4516 3597 4569 pra:-

2011 4588 2182 4643 Sentis
2245 4586 2520 4642 assiduam
2587 4588 2755 4643 futuri
2811 4589 3111 4644 inferorum
3190 4591 3428 4645 incendii
3482 4608 3597 4646 me-

2013 4677 2245 4731 moria’m
2288 4676 2526 4731 excitare
2555 4678 2833 4733 consuevi.
2860 4678 3020 4733 Aliud
3052 4679 3247 4733 borum
3279 4688 3386 4733 no‘u
3414 4681 3598 4737 minus

2012 4782 2196 4822 rarum
2230 4777 2285 4822 et
2314 4768 2633 4822 inusitatum
2670 4767 2890 4839 pietatis
2936 4770 3243 4840 exemplum
3284 4773 3594 4828 audiamus.

2011 4856 2142 4928 Nec,
2184 4861 2314 4916 dum
2366 4861 2434 4913 ad
2479 4874 2722 4915 mensam
2753 4862 3157 4926 accumberent;
3201 4862 3270 4916 ab
3291 4862 3597 4919 ealcstium

2015 4966 2195 5007 rerum
2273 4950 2628 5008 meditatione
2699 4951 2942 5007 animum
3013 4952 3382 5007 remittebant.
3458 4951 3596 5007 Nam

315 5047 466 5103 ἀλλὰ
493 5049 587 5102 καὶ
620 5049 764 5103 κατὰ
792 5049 970 5101 πᾶσαν
1005 5046 1214 5100 ἑαυτῶν
1247 5047 1549 5118 ἀπάντησιν
1580 5064 1641 5101 τε
1665 5049 1758 5102 καὶ
1784 5048 1910 5103 σύν-

2017 5053 2167 5095 more
2189 5041 2426 5110 quodam
2487 5056 2585 5111 per
2615 5040 2827 5095 occulta
2862 5041 3037 5110 signa,
3062 5050 3117 5115 et
3157 5046 3325 5096 nutus
3353 5043 3595 5110 perbeati

314 5139 465 5195 οδον.
494 5141 562 5195 Et
588 5156 720 5193 ποτε
762 5138 822 5192 δὲ
869 5138 1225 5210 παράπτωμα
1271 5155 1358 5202 τις
1389 5138 1569 5192 αὐτῶν
1614 5141 1906 5211 πεποίηκε,

2017 5132 2086 5186 illi
2125 5133 2409 5201 seipsosin
2456 5135 2639 5187 animo
2678 5133 2744 5186 ad
2781 5135 2968 5202 preces
3027 5135 3372 5187 revocabant.
3405 5132 3595 5204 Neque

319 5232 584 5296 πλείστας
634 5231 842 5294 ἱκεσίας
872 5232 1024 5303 παρὰ
1064 5231 1174 5284 τῶν
1200 5214 1449 5300 ἀδελφῶν
1479 5230 1693 5302 ἐδέχετο
1727 5233 1914 5296 αὐτοῖς

2017 5225 2114 5277 hoc
2157 5224 2261 5279 sub
2306 5234 2549 5280 Mensam
2603 5232 2837 5287 tantum;
2884 5223 2976 5279 sed
3024 5224 3459 5292 Quandocunque
3489 5226 3595 5279 sibi

319 5324 459 5394 περὶ
482 5323 676 5376 τούτου
708 5322 846 5393 πρὸς
872 5312 967 5376 τᾶν
994 5322 1229 5395 ποιμένα
1259 5321 1579 5375 καταλιπεῖν
1607 5323 1706 5395 τὴν
1744 5340 1913 5395 φρον-

2017 5322 2199 5370 mutuo
2248 5316 2630 5382 occurrebant,
2706 5324 2804 5369 aut
2867 5314 3108 5385 alioquin
3178 5314 3592 5370 «inveniebant.

318 5415 468 5481 τίδα,
513 5414 610 5469 καὶ⁵
644 5415 963 5482 ἀπολογίαν,
994 5414 1091 5467 καὶ
1134 5414 1425 5483 ἐπίπληξιν
1449 5429 1463 5444 ·
1517 5414 1640 5469 ὅθεν
1674 5416 1703 5467 ό
1739 5415 1909 5484 μέγας

2017 5405 2162 5471 Quod
2214 5409 2261 5463 si
2304 5408 2428 5477 quis
2469 5407 2600 5478 quid
2645 5407 2964 5462 oti’eudisset
3010 5415 3374 5475 peceassctve,
3404 5405 3596 5461 multis

319 5507 425 5577 τὴν
473 5504 583 5560 τῶν
632 5505 890 5576 μαθητῶν
936 5505 1195 5572 ἐπιγνοὺς
1242 5502 1528 5574 ἐργασίαν,
1574 5503 1908 5577 κουφοτέρας

2017 5502 2169 5557 illum
2217 5501 2472 5571 precibus
2513 5500 2604 5555 alii
2650 5500 2926 5562 adierunt,
2963 5507 3336 5571 rogaruntque
3384 5499 3594 5565 uti‘sil‘i

319 5598 511 5652 λοιπὸν
550 5598 766 5661 καὶτὰς
795 5597 1144 5667 armarium;
1192 5596 1478 5666 παρεῖχεν,
1524 5594 1600 5657 ὡς
1624 5592 1909 5662 γινώσκων

2017 5609 2204 5651 curam
2265 5606 2597 5663 causamth
2641 5599 2698 5648 et
2732 5602 2948 5663 poenam
3002 5592 3351 5663 relinqueret,
3395 5606 3501 5661 qua
3536 5605 3594 5646 se

320 5688 615 5744 ἀνεύθυνον
636 5689 904 5760 ὑπάρχειν
926 5688 1018 5743 τὸν
1045 5685 1451 5756 ὴπιτιμώμενον
1476 5699 1490 5714 ’
1521 5684 1583 5737 οὐ
1609 5684 1790 5753 μέντοι
1812 5689 1905 5739 καὶ

2017 5686 2159 5756 apud
2202 5685 2487 5754 prasulem
2539 5684 2663 5743 satit
2679 5679 2915 5739 facturos
2959 5684 3372 5753 pollicebantur.
3445 5680 3594 5736 Unde

322 5779 583 5847 ἐπεζήτει
611 5780 701 5835 τὸν
733 5779 936 5852 κυρίως
965 5777 1294 5833 ἐπιπεσόντα
1323 5774 1401 5846 τῷ
1426 5774 1751 5844 πταίσματι.
1798 5776 1907 5829 Ποῦ

2017 5778 2175 5834 [iebat
2201 5776 2275 5833 uti
2304 5790 2532 5848 magnus
2554 5776 2631 5835 ill(
2673 5775 2905 5832 emnobii
2940 5790 3157 5845 praeses,
3187 5774 3334 5845 quod
3368 5764 3590 5830 suorum
