4062 6436
465 323 567 387 587

1721 318 1782 377 S.
1825 319 2148 380 JOANNIS
2190 318 2500 380 CLIMACI

3643 320 3755 386 658

464 428 843 501 religiosorum
868 422 1048 482 studia
1077 438 1186 479 non
1219 423 1509 495 ignoraret,
1540 430 1591 478 et
1615 421 1791 490 illum,
1817 424 1912 494 qui
1932 424 2049 478 cul-

2159 440 2285 478 ποτε
2331 424 2464 494 παρ’
2507 422 2739 488 ἐκείνοις
2769 423 3162 479 ἐπεπολίτευτο
3204 422 3550 496 ἀργολογίας,
3596 424 3756 496 ἥεὺ-

466 540 588 595 pam
615 537 713 593 pro
735 522 907 577 altero
934 519 1312 590 profitebatur,
1338 518 1683 573 innocentem
1710 532 1834 574 esse
1863 518 2050 586 sciret,

468 615 642 669 multo
670 613 901 668 leviores
931 624 1123 681 ptenas
1146 624 1245 680 pro
1273 608 1485 663 delictis
1510 607 1809 678 irrogaret;
1842 609 1952 663 imo
1987 625 2053 663 ne

460 704 735 768 ‘quaereret
752 695 972 765 quidem
994 694 1118 763 quis
1130 700 1294 755 esset,
1311 691 1405 761 qui
1432 706 1619 745 revera
1640 701 1936 760 peccasset.
1955 690 2053 745 Ubi

469 799 709 853 unquam
741 781 881 851 apud
900 779 1023 834 illos
1050 779 1130 833 vel
1152 792 1285 830 vana
1317 777 1561 832 instituta
1579 777 1851 847 colloquia
1871 779 1947 830 vel
1969 779 2055 845 jo-

467 884 655 923 corum
675 866 985 934 leporumve
1014 862 1239 916 mentio.
1267 860 1323 914 Si
1357 862 1479 929 quis
1503 876 1626 915 cum
1655 860 1824 915 altero
1845 861 2055 931 jurgari

468 950 747 1029 erupisset:
768 956 928 1021 alius,
953 955 1044 1025 qui
1071 953 1207 1007 forte
1228 953 1514 1016 transibat,
1540 950 1648 1023 50
1666 952 1718 1006 in
1740 952 2057 1023 paenitentis

469 1051 689 1104 modum
722 1045 965 1115 abiectus
987 1046 1123 1099 iram
1162 1044 1426 1099 dissolvit.
1468 1044 1617 1125 Quos
1654 1044 1698 1098 si
1728 1044 2055 1115 injuriarum

368 1163 375 1170 ·
470 1155 741 1197 memores
777 1139 1060 1203 sensiSset,
1088 1151 1442 1206 congressum
1473 1136 1687 1190 illorum
1719 1146 1771 1190 et
1796 1136 2056 1206 impetum

472 1236 567 1299 illi,
596 1236 687 1304 qni
714 1235 1003 1305 proximas
1040 1231 1304 1286 ababbate
1328 1239 1507 1301 partes
1531 1229 1966 1295 administrabat,
1992 1231 2062 1284 si-

466 1326 761 1399 gnificavit,
786 1332 839 1379 ct
866 1332 991 1378 ante
1014 1323 1190 1378 solem
1214 1338 1472 1378 occasum
1506 1323 1627 1378 illos
1650 1325 1791 1380 inter
1817 1340 1875 1379 se
1909 1340 2060 1380 com-

470 1416 879 1492 ponebatQuod
896 1418 942 1472 si
958 1417 1208 1473 duriores
1223 1417 1545 1472 medicinam
1559 1434 1666 1473 non
1689 1420 2055 1486 admitterent,

476 1527 651 1581 neque
683 1509 1022 1567 reconciliari
1053 1525 1112 1564 se
1146 1519 1479 1579 paterentur,
1513 1525 1543 1564 a
1576 1526 1763 1566 mensa
1797 1511 2061 1580 tantisper

460 1604 821 1664 arcebantur,
837 1601 1025 1671 quoad
1040 1599 1232 1669 positis
1248 1600 1387 1655 odiis
1408 1600 1703 1655 amicitiam
1728 1602 2061 1673 redintegra-

472 1704 614 1756 rent,
656 1702 749 1747 aut
782 1693 1007 1747 omnino
1045 1707 1075 1747 e
1103 1692 1464 1747 contubernio
1485 1693 1785 1748 sodalitatis
1807 1694 2058 1748 elimina-

468 1787 692 1839 bnntnr.
724 1784 854 1838 Erat
875 1798 1005 1837 evro
1032 1791 1087 1837 et
1106 1784 1219 1837 haec
1242 1783 1460 1837 illorum
1483 1783 1767 1854 diligentia
1790 1784 1949 1841 laude
1979 1786 2063 1841 di-

472 1886 595 1942 gna,
621 1876 815 1940 neque,
840 1878 900 1925 ut
918 1870 1144 1933 videtur,
1164 1867 1363 1924 frustra
1387 1870 1650 1936 adhibita,
1670 1870 1763 1927 sed
1791 1873 2060 1942 ingentem

459 1962 730 2017 ‘omnibus
758 1961 1044 2015 utilitatem
1070 1968 1125 2015 et
1147 1957 1383 2013 fructum
1414 1958 1690 2014 afferebat.
1734 1959 2063 2031 Complures

472 2049 672 2119 quippe
707 2065 771 2103 ex
799 2048 906 2103 illis
933 2048 1140 2103 sanctis
1162 2047 1295 2102 viris
1317 2049 1527 2120 agendo
1555 2049 1717 2105 simul
1738 2058 1792 2105 et
1811 2061 2059 2107 contem-

470 2138 671 2206 plando
688 2137 960 2203 valebant,
985 2137 1247 2207 juxtaque
1269 2136 1524 2203 consulti,
1559 2140 1852 2208 prudentes
1868 2148 1923 2195 et
1956 2142 2061 2195 bu-

477 2230 638 2285 milcs
662 2229 1024 2285 habebantur.
1056 2227 1357 2283 Percellere
1397 2237 1612 2299 poterat
1642 2233 1977 2300 quempiam,
2008 2243 2062 2288 et

474 2318 609 2376 illud
639 2320 860 2376 creleste
883 2321 1023 2389 apud
1059 2320 1179 2375 illos
1210 2320 1605 2390 spectaculum.
1640 2318 1851 2392 Quippe
1876 2321 2061 2379 videre

471 2423 594 2467 erat
616 2412 765 2467 viros
785 2411 984 2466 canitie
1023 2410 1387 2475 venerandos,
1414 2410 1525 2466 oris
1559 2410 1846 2480 majestate
1882 2414 2065 2482 suspi-

480 2503 704 2559 ciendos
737 2502 841 2556 ritu
866 2500 1156 2557 infantium
1192 2502 1259 2556 ad
1294 2500 1558 2571 obsequia
1582 2501 1831 2571 praesidis
1869 2518 2060 2557 accur-

475 2610 615 2661 rere,
645 2602 702 2650 ut
741 2595 833 2665 qui
877 2610 1147 2649 summam
1188 2594 1241 2650 in
1281 2594 1396 2663 ipsa
1428 2592 1801 2650 submissione
1829 2595 2058 2665 gloriam

476 2687 830 2742 collocarent.
852 2685 1103 2756 Spectavi
1122 2686 1232 2742 illic
1249 2687 1417 2751 viros,
1436 2687 1528 2757 qui
1547 2686 1942 2758 quinquaginta
1961 2688 2062 2741 cir-

468 2778 609 2834 citer
637 2792 811 2832 annos
849 2779 951 2833 sub
985 2778 1296 2833 obedientia:
1318 2778 1449 2848 jngo
1481 2778 1748 2841 vixerant,
1774 2792 1914 2847 quos
1939 2792 2061 2846 per-

470 2861 738 2916 contabar
758 2874 986 2931 ecquam
1012 2874 1079 2915 ex
1102 2869 1254 2915 tanto
1277 2861 1462 2915 labore
1482 2859 1904 2916 consolationem
1938 2875 2059 2930 per-

472 2953 779 3023 cepissent?
805 2950 901 3008 ilic
931 2951 1020 3007 alii
1047 2967 1105 3007 se
1122 2953 1434 3007 'ad'tantam
1468 2951 1634 3006 animi
1666 2951 2055 3006 demissiOnem

472 3043 827 3099 descendisse
871 3044 1263 3109 memorabant,
1296 3056 1382 3113 per
1422 3057 1586 3114 quam
1611 3045 1677 3098 de
1710 3053 1907 3098 caetero
1946 3041 2059 3098 bel-
2104 3068 2111 3073 -

473 3131 585 3186 lum
637 3146 797 3187 omne
852 3133 907 3188 in
959 3148 1177 3187 omnem
1228 3134 1392 3187 vitam
1442 3134 1819 3203 repuliSSent:
1864 3134 1953 3187 alii
1990 3134 2055 3187 ad
2085 3144 2129 3205 ο

472 3241 599 3279 eum
648 3225 825 3279 locum
883 3240 941 3279 se
986 3240 1304 3296 progressos
1337 3224 1698 3290 affirmabant,
1730 3226 1807 3281 uti
1856 3225 2062 3279 nullam

474 3332 540 3370 ex
559 3315 825 3374 convicio.
852 3315 1055 3370 nullam
1081 3331 1147 3369 ex
1172 3331 1495 3385 quacunque
1535 3316 1865 3371 contumelia
1895 3316 2066 3369 mole-

476 3408 636 3461 stiam
670 3414 763 3461 aut
795 3407 1252 3475 perturbationem
1272 3408 1552 3461 sentirent.
1582 3406 1855 3471 Vidialios
1882 3422 1948 3461 ex
1974 3406 2064 3459 illo

477 3495 976 3551 laudatissimornm
1033 3510 1282 3556 numero.
1334 3495 1642 3549 venerando
1682 3494 1783 3565 51
1829 3496 2061 3564 quodam

402 3592 411 3599 '
478 3586 609 3642 flore
641 3600 901 3640 canorum
929 3599 1202 3655 aspersus,
1221 3594 1274 3639 et
1300 3585 1453 3653 quasi
1487 3585 1691 3650 caelesti
1712 3587 1860 3639 vultu
1892 3587 2062 3640 τείως-

478 3672 666 3755 gentes
684 3682 776 3755 qui
799 3683 864 3737 ad
886 3697 1155 3738 summam
1174 3685 1296 3738 vita:
1325 3684 1716 3751 innocentiam,
1731 3685 2066 3753 sapientissi-

479 3799 734 3855 mamque
761 3784 1165 3854 simplicitatem
1197 3783 1411 3839 sdtnma
1436 3783 1729 3838 voluntatis
1759 3784 2059 3851 alacritate,

481 3885 684 3956 Deique
742 3886 904 3940 ductu
967 3896 1349 3956 pervenerunt.
1384 3883 1855 3952 Quemadmodum
1917 3888 2061 3943 enim

480 3985 653 4040 tnalus
708 3985 1109 4055 quodammodo
1161 3985 1269 4040 duo
1297 3994 1408 4052 est;
1452 3972 1596 4041 aliud
1636 3986 1780 4057 quod
1823 3986 2058 4054 videtur,

477 4084 620 4140 aliud
641 4084 784 4153 quod
807 4093 909 4150 est,
936 4100 1035 4139 nec
1061 4092 1283 4155 apparet
1313 4102 1325 4138 :
1361 4084 1431 4141 ita
1474 4085 1700 4155 simplex
1743 4100 1848 4140 non
1886 4089 2057 4158 gemi-

2160 516 2462 586 τραπελίας
2489 516 2830 587 ὑπόμνησις;
2882 517 2995 571 Καὶ
3023 518 3075 570 εί
3100 516 3203 571 πού
3231 535 3312 581 τις
3344 518 3453 571 τῶν
3479 519 3539 571 ἐν
3567 520 3755 584 αὐτοῖς

2161 609 2494 679 ἀμφιϐολίας
2515 608 2651 681 πρὸς
2678 610 2769 662 τὸν
2800 609 3027 678 πλησίον
3053 609 3274 679 ἦρξατο,
3304 610 3517 681 παριὼν
3541 612 3753 683 ἕτερος,

2165 699 2261 753 καὶ
2308 703 2597 771 μετάνοιαν
2651 701 2966 771 πεποιηκὼς
3008 701 3108 771 τὴν
3163 701 3333 772 ὀργὴν
3381 703 3752 768 διεσκέδαζεν.

2164 794 2227 845 Εἰ
2249 794 2306 846 δέ
2331 790 2805 862 μνησικακοῦντας
2834 791 3051 864 ᾔσθετο,
3078 791 3156 862 τῷ
3179 792 3248 845 τὰ
3272 792 3499 863 δεύτερα
3528 793 3753 864 τούβέ)

2166 888 2511 958 προεστῶτος
2538 887 2776 941 διέποντι
2805 890 2904 958 τὴν
2942 887 3119 958 ὁρμὴν
3149 887 3475 956 ἀπήγγειλε,
3512 888 3610 941 καὶ
3644 888 3758 959 πρὸ
3816 898 3850 913 ⁴

2120 1010 2125 1015 -
2164 980 2263 1050 τῆς
2292 979 2439 1051 ἡλίου
2466 979 2667 1041 δύσεως
2696 979 3105 1034 διαλλάττεσθαι
3134 979 3330 1041 αὑτοὺς
3361 980 3578 1042 ἑαυτοῖς
3609 997 3753 1051 παρ-

2165 1069 2479 1134 εσκεύαζεν.
2516 1072 2577 1124 Εἰ
2605 1071 2661 1124 δὲ
2693 1071 3119 1141 σκληρυνόμενοι
3154 1070 3568 1141 ἐσκληρύνοντο,
3602 1072 3636 1142 ἢ
3676 1071 3753 1142 μὴ

2169 1163 2605 1234 μεταλαμϐάνειν
2638 1165 2847 1235 τροφῆς
2896 1163 3026 1235 ἄχρι
3074 1164 3171 1233 τῆς
3218 1163 3513 1233 διαλλαγῆς
3562 1167 3755 1218 ἐπετι-

2168 1257 2347 1327 μῶντο
2369 1273 2386 1288 ·
2423 1256 2456 1325 ἢ
2483 1259 2582 1326 τῆς
2613 1257 2781 1327 μονῆς
2815 1256 3182 1321 ἐξεϐάλλοντο.
3214 1251 3323 1310 Ἦν
3356 1257 3412 1309 δὲ
3444 1258 3476 1327 ἡ
3503 1256 3756 1323 ἀξιέπαι-

2166 1367 2253 1412 νος
2302 1348 2399 1402 καὶ
2446 1347 2584 1419 αὕτη
2628 1348 2883 1418 ἀκρίϐεια
2930 1350 3060 1419 παρ’
3098 1350 3279 1413 αὑτοῖς
3327 1350 3388 1402 οὑ
3442 1347 3527 1421 [(3.
3554 1350 3620 1404 Δ.
3651 1351 3754 1421 οὑχ

2165 1439 2350 1502 ἁπλῶς
2378 1438 2573 1504 οὑτως,
2613 1440 2707 1492 καὶ
2732 1439 2805 1503 ὠς
2834 1439 3044 1511 ἔτυχεν]
3094 1440 3272 1511 μάτην
3316 1441 3709 1511 ἐπιτελουμένη
3735 1457 3752 1472 σ

2166 1531 2304 1586 ἁλλά
2326 1548 2390 1599 γε
2419 1532 2511 1584 τὸν
2536 1530 2747 1601 καρπὸν
2777 1531 2937 1585 πολὺν
2962 1531 3191 1586 ποιοῦσα
3218 1532 3312 1585 καὶ
3338 1531 3592 1604 δηλοῦσα.
3617 1533 3756 1587 Πολ-

2166 1622 2248 1677 λοὶ
2270 1622 2378 1693 γὰρ
2403 1623 2534 1693 παρ’
2556 1622 2740 1686 αὑτοῖς
2771 1625 2882 1686 τοῖς
2907 1622 3074 1686 ὁσίοις
3100 1622 3485 1695 ἀνεδείχθησαν
3512 1642 3753 1696 πρακτι-

2167 1713 2253 1768 κοί
2285 1731 2343 1768 τε
2383 1714 2479 1768 καὶ
2522 1713 2842 1784 διορατικοὶ,
2885 1713 3212 1783 διακριτικοί
3246 1732 3305 1767 τε
3359 1715 3451 1768 καὶ
3497 1715 3753 1769 ταπεινό-

2098 1790 2136 1844 Β
2166 1825 2384 1880 φρονες.
2415 1809 2525 1862 Καὶ
2556 1804 2623 1878 ἦν
2651 1807 2777 1860 ίδεῖν
2805 1807 2934 1875 φοϐε
2945 1808 3035 1877 ρδν
3063 1808 3151 1860 ἐπ’
3179 1807 3429 1871 ἐκείνοις.
3464 1808 3555 1862 καὶ
3582 1810 3752 1877 ἀγγε-

2165 1899 2436 1970 λοπρεπές
2463 1898 2642 1969 θέαμα
2662 1915 2673 1926 ·
2706 1899 2901 1962 πολιάς
2926 1898 3255 1968 αἰδεσίμους,
3278 1899 3373 1952 καὶ
3400 1901 3751 1971 ἱεροπρεπεῖς

2162 1991 2318 2062 δίκην
2347 1990 2557 2062 νηπίων
2584 1992 2651 2061 τῇ
2683 1990 2894 2060 ὑπακοῇ
2925 1989 3336 2061 ἐπιτρέχοντας,
3370 1992 3464 2045 καὶ
3487 1992 3751 2063 καύχημα

2164 2085 2422 2155 μέγιστον
2455 2083 2831 2154 κεκτημένους
2856 2083 2954 2152 τὴν
2987 2083 3198 2138 ἑαυτῶν
3226 2084 3572 2138 ταπείνωσιν.
3619 2083 3751 2138 Ἐώσ

2160 2189 2305 2245 ρακα
2350 2176 2531 2228 ἐκεῖσε
2583 2176 2781 2245 ἄνδρας
2832 2175 2963 2245 περὶ
2993 2174 3064 2228 τά
3092 2179 3431 2246 πεντήκοντα
3466 2177 3561 2248 ἐτη
3594 2178 3651 2230 ἐν
3679 2178 3749 2249 τῇ

2161 2267 2376 2337 ὑπακοῇ
2425 2266 2667 2336 ἔχοντας,
2715 2265 2808 2330 οὓς
2842 2266 3082 2320 ἱκέτευον
3131 2267 3343 2338 μαθεῖν,
3378 2268 3501 2321 τίνα
3552 2271 3618 2322 ἐκ
3650 2267 3747 2321 τοῦ

2158 2359 2415 2413 τοσούτου
2458 2360 2627 2413 κόπου
2682 2359 3036 2431 παραμυθίαν
3086 2360 3482 2431 προσελάϐοντο
3507 2378 3523 2392 ο
3579 2354 3656 2414 ὧν
3697 2362 3748 2414 οί

2164 2451 2263 2521 μὲν
2304 2452 2383 2515 είς
2413 2450 2649 2505 ἄϐυσσον
2674 2452 3177 2519 ταπεινοφροσύνης
3205 2451 3610 2521 κατηντηκέναι
3639 2450 3746 2503 λοι-

2159 2543 2261 2597 πὸν
2287 2544 2513 2606 ἑαυτοὺς
2541 2543 2794 2612 ἔφασκον,
2815 2544 2882 2597 δι’
2909 2538 2977 2614 ἧς
3004 2544 3180 2598 πάντα
3212 2543 3446 2613 πόλεμον
3467 2545 3549 2605 είς
3572 2541 3746 2597 αἰῶνα

2159 2632 2572 2704 διακρούονται·
2623 2634 2799 2705 ἕτεροι
2845 2634 2901 2687 δέ
2949 2633 3156 2687 τελείαν
3206 2634 3601 2703 ἀναισθησίαν,
3651 2634 3745 2687 καὶ

2159 2725 2419 2779 ἀπόνοιαν
2458 2725 2515 2777 ὲν
2543 2724 2854 2796 λοιδορίαις,
2896 2726 2990 2778 καὶ
3017 2723 3207 2795 ὔὸρεσι
3236 2724 3420 2778 λοιπὸν
3452 2725 3597 2795 ἔχειν
3624 2725 3742 2777 ἔλε-

2161 2834 2277 2887 γον.
2313 2817 2564 2889 Ἑώρακα
2584 2817 2671 2870 ἑτέ
2679 2835 2804 2888 ρους
2819 2818 2928 2871 τῶν
2943 2819 3284 2889 ἀειμνήστων
3310 2818 3534 2872 ἐκείνων
3563 2819 3659 2871 σὺν
3677 2821 3738 2888 τῇ

2161 2907 2325 2979 πολιᾷ
2342 2909 2410 2977 τῇ
2426 2905 2760 2975 ἁγγελοειδεί
2777 2908 2855 2969 είς
2871 2906 3175 2976 βαθυτάτην
3189 2908 3443 2973 ἀκακίαν,
3458 2908 3554 2961 καλ⁸
3571 2908 3740 2963 ἁπλό-

2160 3015 2299 3069 τητα
2322 2996 2738 3065 σεσοφισμένην,
2758 2995 2850 3048 καὶ
2871 2996 3327 3067 ἐκουσιόγνωμον;
3340 2997 3432 3050 καί
3448 2996 3740 3068 θεοκατόρ-

2164 3089 2332 3143 θωτον
2357 3087 2710 3159 ἐληλακότας.
2740 3087 2952 3156 Ὥσπερ
2990 3087 3099 3159 γάρ
3123 3090 3150 3141 ὁ
3175 3087 3409 3159 πονηρὸς
3441 3088 3535 3142 δύο
3561 3090 3729 3150 ἐστὶν,

2156 3177 2287 3232 ἄλλο
2301 3176 2360 3230 τὸ
2392 3177 2740 3246 φαινόμενον,
2773 3176 2869 3229 καὶ
2894 3175 3021 3229 ἄλλο
3034 3176 3093 3227 τὸ
3110 3176 3504 3246 κρυπτόμενον’
3523 3176 3694 3239 οὕτως
3708 3176 3739 3228 ό

2159 3265 2386 3332 ἁπλοῦς,
2406 3265 2467 3318 οὑ
2484 3264 2724 3328 διπλοῦς,
2743 3264 2857 3316 ἀλλ’
2876 3264 2933 3317 ’ἐν
2950 3264 3002 3317 τί
3022 3266 3187 3317 ἐστιν·
3204 3264 3305 3317 οὑκ
3322 3264 3513 3333 ἄλογός
3534 3281 3616 3328 τις
3637 3263 3731 3328 ῶν,

2159 3359 2253 3411 καὶ
2270 3357 2470 3427 ἄσοφος
2485 3356 2626 3410 κατά
2642 3357 2767 3418 τοὺς
2784 3357 2841 3409 ἐν
2858 3356 3048 3425 κόσμῳ
3064 3355 3348 3425 γηραιοὺς,
3368 3354 3459 3420 οὓς
3474 3355 3736 3426 καὶλελη-

2158 3449 2396 3522 ρηκὸτας
2443 3447 2655 3519 φιλοῦσι
2707 3447 2928 3501 καλεῖνο
2978 3447 3094 3500 ἀλλ’
3136 3445 3336 3512 ἔξωθεν
3384 3446 3507 3518 μὲν,
3544 3446 3737 3516 ἠπίους

2158 3540 2334 3606 ὅλους,
2386 3540 2697 3611 προσηνεῖς,
2735 3537 3012 3609 φαιδροὺς,
3055 3536 3325 3591 ἄπλαστον
3360 3537 3602 3607 ἔχοντας,
3645 3539 3737 3590 καὶ

2159 3630 2597 3702 ἀνεπιτήδευτον,
2627 3628 2723 3682 καὶ
2754 3628 3058 3694 ἀνόθευτον,
3110 3627 3199 3681 καὶ
3224 3626 3314 3681 τὸν
3346 3626 3524 3696 λόγον,
3557 3628 3651 3682 καὶ
3679 3628 3737 3681 τὸ

2157 3718 2312 3794 ἦθος,
2339 3715 2572 3793 πρᾶγμα
2598 3722 2698 3774 οὑκ
2732 3723 2789 3774 ἐν
2816 3718 3030 3782 πολλοῖς
3057 3719 3445 3791 εὑρισκόμενον
3469 3738 3485 3752 ο
3538 3720 3735 3774 ἔσωθεν

2159 3815 2216 3868 δέ
2244 3816 2310 3887 τῇ
2341 3814 2484 3884 ψυχῇ
2533 3812 2623 3865 τὸν
2663 3810 2796 3865 Θεὸν
2828 3811 3012 3876 αὑτὸν,
3062 3810 3268 3864 καὶτὸν
3305 3810 3623 3880 προεστῶτα
3662 3809 3735 3869 ὡς
3840 3801 3855 3816 ’

2161 3906 2397 3977 ἀκέραια
2438 3904 2608 3972 νήπια
2657 3902 3061 3964 ἁναπνέονταςσ
3111 3900 3204 3954 καὶ⁷
3235 3900 3444 3971 ίταμὸν,
3488 3902 3584 3954 καὶ
3619 3917 3734 3955 στε-

2167 3998 2383 4068 ρέμνιον
2416 3994 2477 4047 τὸ
2507 3993 2601 4047 τοῦ
2649 3993 2767 4055 νοὸς
2799 3992 2954 4064 ὄμμα
3004 3990 3139 4064 πρὸς
3170 3992 3295 4057 τοὺς
3321 3991 3601 4062 δαίμονας,
3644 3990 3736 4044 καὶ

2163 4089 2233 4143 τά
2260 4088 2408 4160 πάθη
2436 4105 2604 4159 κεκτη
2614 4087 2827 4159 μένους.

481 4184 632 4245 num,
689 4180 782 4235 sed
834 4195 1002 4235 unum
1058 4179 1188 4249 quid
1214 4190 1317 4234 est.
1350 4178 1544 4235 Nullus
1595 4182 1793 4252 aliquis
1834 4183 1907 4239 ibi
1970 4191 2087 4238 erat
2118 4185 2395 4240 seniorum
2453 4182 2654 4245 infans.
2696 4190 2750 4237 et
2823 4180 2908 4237 bis
2954 4196 3108 4251 puer,
3164 4182 3621 4252 quemadmodum
3682 4182 3735 4237 in

479 4270 710 4342 profano
766 4271 948 4325 saeculi
1004 4271 1164 4340 vulgo
1218 4272 1583 4340 reperiuntur,

1663 4289 1804 4344 quos
1872 4275 2067 4330 deliros
2110 4290 2270 4332 senes
2314 4275 2632 4346 appellitant
2663 4292 2675 4327 :
2711 4274 2805 4329 sed
2840 4285 3052 4338 omnes,
3114 4289 3222 4344 qua
3262 4273 3450 4329 habitu
3518 4273 3732 4344 quidem

481 4368 707 4420 externo'
731 4365 865 4431 oris,
897 4365 1055 4420 mites
1072 4363 1318 4431 omnino,
1348 4373 1400 4419 et
1426 4379 1644 4429 suaves,
1681 4378 1844 4437 atque
1884 4367 2108 4430 hilares,
2148 4377 2203 4422 et
2234 4371 2325 4438 qui
2370 4367 2507 4422 nihil
2538 4366 2619 4420 vel
2640 4369 2696 4420 in
2716 4378 2990 4436 sermone,
3016 4364 3099 4419 vel
3133 4364 3376 4418 moribus
3413 4364 3619 4431 fietum,
3649 4361 3731 4418 vel

481 4457 744 4522 solutum,
778 4458 863 4512 vel
908 4472 1011 4511 non
1053 4458 1329 4514 sincerum
1369 4473 1481 4527 prae
1518 4473 1577 4512 se
1627 4457 1832 4514 ferrent
1893 4459 2041 4531 (qua
2078 4447 2137 4516 re
2176 4463 2312 4518 nihil
2368 4462 2509 4516 inter
2560 4459 2820 4515 mortales
2856 4457 3037 4512 rarius
3090 4465 3267 4525 potest
3290 4459 3555 4527 reperiri)
3587 4476 3601 4525 ;
3629 4471 3733 4527 qua

484 4567 611 4607 vero
664 4553 831 4607 animi
884 4553 1034 4607 intus
1073 4551 1290 4618 affectu,
1318 4553 1370 4607 in
1428 4551 1538 4608 Deo
1562 4562 1617 4609 et
1652 4555 1881 4624 praeside
1920 4570 2045 4622 suo,
2088 4536 2345 4627 tanquam
2388 4553 2624 4609 infantes
2665 4552 2853 4610 fraude
2897 4551 3131 4621 doloque
3180 4561 3450 4620 carentes,
3479 4552 3715 4624 conquie

482 4650 704 4705 scebant
748 4659 953 4703 torvam
995 4649 1208 4704 interim
1235 4659 1290 4702 et
1323 4657 1533 4704 trucem
1581 4651 1633 4704 in
1679 4651 1975 4715 dannones,
2004 4662 2058 4708 et
2095 4653 2226 4708 vitia
2254 4651 2426 4707 aciem
2462 4649 2660 4703 mentis
2684 4649 3081 4718 intorquentes.

552 4742 672 4798 Vita
731 4759 817 4798 me
872 4742 1202 4816 (venerande
1266 4743 1519 4811 antistes,
1571 4755 1627 4798 et
1695 4744 1806 4799 Deo
1853 4746 2050 4802 dilecta
2087 4754 2129 4808 ι)

438 4834 763 4901 _sodalitas)
829 4833 996 4888 citius
1059 4832 1295 4898 deﬁciet,
1360 4850 1527 4904 qnam
1599 4836 1805 4903 possim
1864 4837 2056 4891 beato-

486 4938 607 4979 rum
680 4924 898 4978 illorum
947 4924 1197 4990 virtutes,
1254 4932 1311 4978 et
1370 4938 1550 4980 mores
1603 4927 1762 4995 plane
1811 4929 2060 4983 caelestes

483 5016 789 5071 enarrando
866 5015 1157 5084 explicare.
1251 5013 1357 5068 Sed
1443 5015 1587 5068 enim
1656 5028 1875 5086 premat
1958 5034 2061 5073 nos

485 5106 687 5162 librum
768 5115 1015 5161 nostrum
1096 5104 1436 5175 explicandis
1498 5107 1714 5162 illorum
1787 5109 2063 5165 laboribus

483 5206 539 5252 et
606 5195 899 5253 sudoribus
936 5195 1230 5260 illustrare,
1278 5204 1333 5251 et
1379 5210 1479 5250 vos
1544 5198 1613 5252 ad
1691 5213 1873 5253 rerum
1951 5215 2062 5254 coe-

485 5289 705 5345 lestium
760 5288 1001 5343 studium
1063 5286 1265 5357 potius,
1335 5302 1499 5356 quam
1540 5291 1738 5344 nostris
1779 5292 2061 5359 praeceptis

484 5381 741 5436 excitare.
800 5378 935 5445 Quis
995 5377 1140 5433 enim
1202 5377 1415 5434 inficias
1488 5387 1609 5445 eat,
1660 5382 1930 5436 deteriora
1993 5384 2061 5437 ab

485 5473 958 5543 prastantioribus
1024 5470 1330 5526 exornari?
1420 5471 1557 5526 illud
1638 5473 1902 5528 duntaxat
1964 5489 2059 5530 vos

484 5572 667 5617 oratos
730 5561 892 5616 velim
926 5600 943 5626 ,
1022 5573 1092 5613 ne
1147 5558 1281 5629 quid
1327 5574 1360 5613 a
1424 5560 1585 5617 nobis
1654 5560 1840 5616 ﬁctum
1920 5563 2056 5618 tradi

485 5652 717 5706 scribive
783 5651 1131 5717 existimetis.
1218 5647 1371 5706 Solet
1426 5653 1572 5707 enim
1640 5653 1898 5724 abrogata
1965 5655 2053 5709 bi-

2240 4744 2540 4814 Ἐπιλείψει
2573 4761 2659 4814 με,
2705 4737 2750 4797 ὦ
2781 4743 2902 4813 ίερά
2932 4741 3164 4813 κορυφὴ,
3208 4744 3304 4794 καὶ
3331 4740 3582 4812 θεοφιλὴς
3616 4758 3733 4794 ow-

2156 4838 2420 4907 ἀθροισις,
2462 4838 2490 4889 ὁ
2534 4836 2632 4906 τῆς
2673 4834 2817 4905 ζωῆς
2852 4852 2954 4906 μου
2984 4834 3195 4905 χρόνος,
3238 4831 3336 4905 τὴν
3374 4834 3596 4887 ἐκείνων
3632 4834 3734 4887 τῶν

2162 4927 2447 4999 μακαρίων
2477 4924 2830 4997 διηγούμενον
2878 4924 3111 4996 ἀρετὴν,
3159 4925 3251 4978 καὶ
3299 4924 3735 4995 οὑρανομίμητον

2159 5019 2350 5090 βίωσιν
2371 5035 2385 5049 ⁸
2427 5016 2543 5070 ἀλλ’
2572 5018 2721 5088 ὅμως
2749 5016 2971 5087 ἄμεινον
3000 5017 3065 5068 ἐκ
3094 5014 3202 5069 τῶν
3237 5016 3469 5077 ἐκείνοις
3500 5031 3732 5085 πεπονη-

2163 5111 2337 5182 μένων
2359 5108 2595 5181 ἱδρώτων
2616 5108 2706 5161 τὸν
2727 5108 2993 5179 ἡμέτερον
3019 5106 3424 5175 ἐγκαλλωπῖσαί
3450 5124 3567 5169 πως
3590 5106 3733 5177 ἡμᾶς

2160 5203 2338 5270 λόγον,
2369 5201 2463 5254 καὶ
2493 5203 2570 5263 είς
2604 5199 2763 5270 ζῆλον
2789 5198 3010 5268 θεοφιλῆ
3043 5198 3306 5267 διεγεῖραι
3330 5212 3343 5227 ·
3373 5196 3404 5267 ἢ
3437 5197 3495 5262 ἐξ
3522 5195 3733 5249 οἰκείων

2158 5291 2557 5361 παραινέσεων.
2589 5290 2773 5360 Χωρὶς
2804 5288 2910 5359 γὰρ
2940 5288 3121 5358 πάσης
3157 5286 3465 5355 ἀντιλογίας
3492 5287 3551 5340 τὸ
3584 5285 3734 5340 ἔλατ·

2156 5401 2248 5436 τον
2297 5383 2400 5436 ὑπὸ
2447 5382 2539 5437 τοῦ
2582 5382 2886 5453 κρείττονος
2933 5382 3386 5450 κατακοσμεῖται.
3431 5380 3638 5432 Ἐκεῖ-ιο
3681 5378 3734 5432 δὲ

2156 5475 2365 5545 ἐρωτῶ,
2409 5476 2574 5546 μηδὲν
2611 5478 2756 5548 ἡμᾶς
2798 5477 3214 5550 πεπλανημένον
3241 5479 3475 5549 γράφειν
3510 5478 3733 5547 ὑπονοῆο

2159 5582 2250 5618 σαι
2278 5582 2291 5596 ο
2329 5565 2448 5628 ἔθος
2469 5567 2578 5637 γὰρ
2599 5570 2664 5638 τῇ
2695 5568 2923 5640 ἀπιστίᾳ
2945 5569 3044 5640 τὴν
3066 5569 3336 5639 ὠφέλειαν
3357 5569 3733 5639 λυμαίνεσθαι.

2164 5658 2330 5712 Πάλιν
2357 5658 2416 5711 δὲ
2457 5658 2566 5712 τῶν
2596 5661 3006 5731 προειρημένων
3034 5661 3307 5732 ἐχώμεθα.

486 5738 671 5795 storias
747 5741 878 5796 lidcs
941 5753 1158 5795 omnem
1231 5738 1417 5798 tollere
1482 5739 1716 5827 fructum
1770 5743 2038 5821 lectionis.
2101 5746 2207 5804 Sed
2275 5747 2343 5803 ad
2402 5747 2709 5805 institutam
2759 5751 3131 5809 narrationem
3195 5752 3503 5809 redeamus.
