4062 6456
301 445 445 509 689

1351 450 1580 512 SCALA
1611 448 2009 515 PARADISI.
2040 476 2111 490 ·--
2136 450 2445 514 GR‘ADUS
2476 453 2573 516 IV.

3495 453 3602 517 €90

383 560 491 622 Τὶς
538 557 680 630 ἀνὴρ
720 556 989 628 Ἰσίδωρος
1017 554 1258 629 τοῦνομα
1304 560 1375 627 ἐξ»
1406 562 1732 635 ἁρχοντικῆς
1764 564 1922 631 ἀξίας

2096 564 2247 621 Civis
2300 563 2705 619 Alexandrinus
2745 571 2862 617 erat
2891 560 3181 633 (isidorum
3215 562 3449 633 dixere),
3501 564 3607 636 52

313 648 687 715 Ἀλεξάνδρου
732 649 830 717 τῆς
879 648 1088 712 πόλεως
1134 652 1192 702 ὲν
1220 649 1300 720 τῷ
1331 651 1606 723 εἰρημένῳ
1635 654 1908 725 κοινοϐίῳ,

298 741 433 812 πρὸ
461 740 667 794 τούτων
697 739 804 793 τῶν
836 745 1046 810 χρόνων
1079 741 1406 808 ἀπετάξατο,
1449 743 1507 797 δν
1536 745 1692 812 κάγὼ
1735 748 1917 798 ἐκεῖσε

295 834 397 886 ἔτι
432 833 756 887 κατέλαϐον.
800 832 1001 885 Τοῦτον
1031 832 1327 904 δεξάμενος
1358 837 1387 889 ὁ
1420 838 1675 901 πανόσιος
1707 839 1913 902 ἐκεῖνος

295 927 528 999 ποιμὴν
558 926 898 997 κακεντρεχῆ
929 926 1092 993 πάνυ,
1141 929 1234 981 καὶ
1268 929 1437 999 ὠμὸν,
1480 931 1653 983 δεινόν
1690 948 1772 994 τε,
1821 932 1915 985 καὶ¹

295 1018 605 1090 ἀγέρωχον
647 1018 759 1090 (25)
809 1019 1179 1091 θεασάμενος,
1228 1021 1507 1090 σοφίζεται
1556 1024 1584 1075 ὁ
1638 1024 1915 1094 πάνσοφος

291 1108 599 1181 δαιμόνων
621 1110 733 1182 (‘26)
784 1112 1123 1182 πανουργίαν
1159 1112 1227 1165 δι’
1265 1113 1614 1185 ἀνθρωπίνης
1647 1115 1913 1180 ἐπινοίας,

295 1202 413 1255 καί
452 1218 588 1271 φησι
626 1202 763 1272 πρὸς
795 1202 887 1255 τὸν
929 1203 1201 1274 Ἰσίδωρον
1223 1220 1238 1236 ·
1287 1205 1349 1257 Εἰ
1380 1205 1489 1275 ἄρα
1530 1206 1620 1258 τὸν
1652 1206 1745 1259 τοῦ
1777 1208 1915 1278 Χρι-

295 1293 450 1347 στοῦ
500 1293 664 1362 ζυγὸν
714 1290 846 1363 ἆραι
880 1294 994 1365 (27)
1036 1296 1380 1366 προῄρησας,
1423 1297 1672 1367 ὑπακοήν
1705 1315 1764 1350 σε
1802 1298 1912 1370 (9.8)

296 1387 513 1439 ἀσκεῖν
551 1385 662 1457 πρὸ
705 1386 925 1439 πάντων
966 1386 1245 1457 βούλομαι.
1282 1388 1341 1441 '0
1377 1388 1434 1442 δέ
1470 1405 1633 1458 φησιν
1656 1406 1672 1422 ο
1721 1391 1809 1452 Ὠς
1836 1390 1918 1443 σί-

299 1477 485 1548 δηρυς
530 1476 754 1546 χαλκεῖ,
800 1474 995 1540 οὕτως,
1033 1476 1325 1545 άγιώτατε,
1357 1477 1760 1531 ὑποτάσσεσθαι
1793 1479 1919 1531 ἑαυ-

303 1565 410 1621 τὸν
445 1567 681 1622 δέδωκα.
708 1565 771 1620 '0
800 1566 858 1620 δὲ
896 1567 1071 1638 μέγας
1100 1569 1193 1620 καὶ
1217 1570 1306 1622 ἐπ’
1339 1568 1488 1639 αὐτῷ
1511 1567 1589 1641 τῷ
1614 1569 1917 1640 παραδείγ-

314 1675 456 1728 ματι
521 1658 909 1730 θεραπευθεὶς,
945 1660 1160 1713 δίδωσιν
1195 1660 1398 1725 εὐθέως
1422 1662 1483 1715 τὸ
1511 1664 1813 1733 γυμνάσιον
1840 1664 1917 1735 τῷ

315 1751 534 1822 σιδηρῷ
568 1750 824 1822 Ἰσιδώρῳ
855 1751 948 1805 καί
983 1769 1175 1822 φησιν·
1209 1752 1481 1826 Βούλομαι
1513 1771 1592 1819 σε,
1621 1748 1914 1824 ὧ.ἁδελφὲ,

314 1844 390 1913 τῇ
420 1843 580 1911 φύσει
606 1842 708 1912 (α),
735 1845 795 1896 ὲν
824 1842 902 1915 τῷ
933 1843 1141 1898 πυλῶνι
1168 1846 1268 1916 τῆς
1305 1849 1475 1926 μονῆς
1511 1848 1913 1918 παρίστασθαι·

1968 1263 1975 1268 ,
2026 1208 2346 1271 trucemque
2371 1242 2386 1266 ,

2019 654 2103 709 vir
2184 655 2486 720 honestus,
2540 663 2593 710 ct
2679 655 2846 726 gestis
2917 656 3329 725 magistratibus
3404 659 3608 721 clarus,

2017 745 2113 814 qui
2181 746 2557 815 superioribus
2624 745 2783 801 annis
2852 746 3019 801 rebus
3063 747 3321 801 humanis
3356 748 3609 803 nuntium

2019 836 2328 901 remiserat,
2383 846 2437 891 et
2478 853 2536 892 se
2583 837 2637 891 in
2686 837 2738 891 id
2792 838 3125 905 cmnobium,
3177 840 3243 893 de
3287 855 3400 909 quo
3445 856 3613 909 supra

2017 928 2352 981 mentionem
2420 927 2607 994 habui,
2668 929 2991 993 contuierat,
3034 940 3312 1000 quemque
3361 947 3462 1002 ego
3506 932 3612 985 ibi-

2019 1019 2140 1072 dem
2191 1019 2372 1074 adhuc
2430 1020 2658 1075 offendi.
2723 1017 2876 1076 llunc
2931 1038 3055 1075 cutn
3114 1023 3615 1078 sanetissimttsillc

2021 1112 2261 1165 emnobii
2352 1127 2555 1181 praeses
2618 1113 2894 1166 exercitati
2939 1114 3006 1167 ad
3071 1114 3330 1168 malitiam
3387 1115 3611 1186 ingenii,

2466 1209 2521 1255 et
2583 1202 2973 1269 truculentum,
3032 1203 3487 1271 insolentemque,
3561 1214 3616 1259 et

2024 1292 2202 1347 titulis
2278 1293 2546 1347 honorum
2619 1302 2918 1348 tumentem
2975 1294 3447 1362 animadverteret,
3519 1313 3614 1353 sae

2023 1384 2400 1451 pientissimus
2463 1394 2619 1456 pater
2691 1385 3007 1456 improbans
3090 1387 3399 1442 daemonum
3466 1398 3612 1446 artes

2020 1471 2260 1526 humano
2316 1474 2547 1528 consilio
2582 1454 2787 1530 \elusit
2853 1484 2910 1530 et
2969 1476 3150 1541 elisit,
3210 1476 3473 1533 lsidorum
3539 1480 3614 1534 ita

2020 1564 2423 1619 allocutus:Si
2492 1567 2709 1636 penitus
2779 1568 2964 1622 animo
3051 1577 3147 1624 tuo
3220 1570 3373 1625 sedet
3423 1573 3615 1642 jugum

2020 1654 2228 1710 Christi
2287 1657 2497 1722 tollere,
2546 1674 2659 1728 prae
2697 1660 2912 1715 cunctis
2957 1662 3080 1715 volo
3135 1670 3193 1717 ut
3247 1663 3615 1717 obedientiam

2020 1762 2295 1803 exerceas.
2366 1747 2437 1804 Ut
2489 1750 2728 1818 ferrum,
2770 1752 2948 1823 inquit
3007 1751 3268 1821 lsidorus,
3330 1753 3484 1809 fabro
3512 1756 3619 1809 fer-

2021 1838 2189 1900 rario,
2247 1838 2329 1894 sic
2361 1853 2463 1910 ego
2503 1854 2591 1895 me
2651 1841 2789 1907 tibi,
2857 1850 3010 1912 pater
3063 1844 3410 1900 sanctissime
3440 1888 3456 1912 ,
3500 1854 3613 1901 tra-

321 1933 423 1987 καὶ
451 1935 601 2007 πάσῃ
623 1935 772 2006 ψυχῇ
797 1933 1043 2006 είσιούσῃ
1069 1953 1149 2002 τε,
1179 1937 1275 1990 καὶ
1306 1936 1521 2011 ἐξιούσῃ
1557 1942 1732 1993 ποιεῖν
1757 1956 1918 2008 γονυ-

2027 1928 2280 1984 standum
2342 1932 2572 2002 subjeci.
2623 1931 2741 1989 Hoc
2822 1933 2972 1990 illius
3043 1950 3311 2007 responso
3380 1953 3616 2008 magnus

330 2025 544 2079 κλισίαν
579 2025 807 2095 λέγοντα
826 2041 843 2059 ’
889 2022 1058 2091 Εὖξαι
1092 2027 1239 2098 ῢπὲρ
1266 2028 1425 2098 ἐμοῦ,
1454 2031 1650 2103 πάτερ,
1681 2031 1763 2084 ὅτι
1794 2033 1919 2085 ἑπι-

336 2116 602 2189 ληπτικός
633 2119 743 2187 εἰμι
776 2116 910 2186 (29).
958 2119 1271 2190 ’Υπήκουσε
1304 2121 1361 2174 δὲ
1389 2115 1543 2186 οὗτος
1572 2121 1811 2196 [οὕτωςῇ
1842 2125 1920 2190 ὡς

331 2208 569 2277 ἄγγελος
601 2210 808 2282 Κυρίῳ.
845 2211 1171 2266 Ἐπταετίαν
1194 2212 1252 2266 δὲ
1288 2213 1452 2267 αὐτοῦ
1477 2216 1655 2268 ἐκεῖσε
1684 2233 1920 2288 πεποιη-

326 2300 510 2365 κότος,
544 2303 634 2356 καί⁵
666 2307 745 2366 είς
780 2302 1085 2376 βαθυτάτην
1112 2305 1461 2373 ταπείνωσιν,
1496 2308 1591 2362 καὶ
1628 2309 1922 2374 κατάνυξιν

321 2394 680 2464 ἐληλακότας,
719 2396 998 2468 ἡδουλήθη
1019 2397 1061 2450 ⁸ὁ
1091 2397 1336 2468 ἀοίδιμος
1379 2398 1517 2470 μετὰ
1561 2400 1659 2473 τὴν
1690 2400 1803 2470 (50)
1835 2417 1921 2454 νο-

320 2487 502 2558 μικὴν
548 2489 879 2554 ἑπταετίαν,
928 2490 1023 2544 καὶ
1070 2489 1169 2561 τὴν
1215 2490 1308 2544 τοῦ
1356 2492 1549 2567 ἀνδρὸς
1600 2494 1923 2550 ἀνείκαστον

316 2580 634 2651 ὑπομονὴν,
667 2580 877 2645 τοῦτον,
909 2582 985 2646 ὡς
1012 2582 1328 2654 ὑπεράξιον,
1360 2586 1474 2648 τοῖς
1513 2585 1923 2655 ἀδελφοῒςσυν-

312 2671 664 2743 αριθμῆσαι,
696 2675 793 2727 καὶ
816 2674 1152 2745 χειροτονίας
1184 2674 1437 2739 ἀξιῶσαι.
1488 2675 1546 2731 Ὀ
1573 2676 1629 2729 δὲ
1664 2676 1926 2743 πλείστας

314 2762 424 2816 καὶ
473 2763 542 2816 δι’
591 2764 813 2836 ἐτέρων,
867 2766 961 2818 καὶ
997 2764 1065 2819 δι’
1094 2766 1230 2837 ἐμοῦ
1275 2765 1368 2820 τοῦ
1417 2766 1678 2833 ἀσθενοῦς
1715 2769 1924 2833 ἱκεσίας

314 2852 603 2924 πεποίηκε
647 2855 726 2923 τῷ
762 2855 1019 2925 ποιμένι,
1074 2858 1255 2910 ἐκεῖσε
1299 2856 1462 2912 αὑτὸν
1499 2857 1761 2920 ὡσαύτως
1805 2858 1925 2912 διά-

315 2961 497 3013 γοντα
529 2945 815 2999 τελειῶσαι
850 2947 942 3000 τὸν
978 2947 1199 3019 δρόμον,
1246 2948 1615 3020 αἰνιξάμενος,
1651 2951 1746 3004 καὶ
1787 2951 1928 3022 ἀμυ-

313 3034 474 3108 δρῶς
513 3050 631 3098 πως
675 3034 754 3106 τῷ
804 3035 950 3108 λόγῳ
985 3038 1046 3092 τὸ
1072 3038 1243 3105 τέλος,
1278 3040 1371 3093 καὶ
1406 3039 1505 3111 τὴν
1556 3040 1722 3094 αὐτοῦ
1779 3041 1919 3114 κλῆο

319 3145 412 3183 σιν
470 3128 906 3200 πλησιάζουσαν,
968 3133 1108 3202 ὅπερ
1164 3133 1263 3187 καὶ
1307 3133 1554 3204 γέγονεν.
1613 3135 1910 3201 Ἐάσαντος

319 3216 437 3288 γὰρ
484 3218 654 3272 αὐτὸν
679 3219 737 3271 ἐν
761 3223 826 3291 τῇ
859 3222 996 3293 αὐτῇ
1032 3222 1186 3289 τάξει
1238 3224 1336 3278 τοῦ
1388 3225 1738 3291 διδασκάλου,
1785 3226 1924 3298 μετὰ

319 3275 566 3380 δεκάτην
612 3275 829 3383 ἡμέραν
894 3275 1032 3386 πρὶς
1079 3275 1924 3388 iam;sustentata;
1949 3275 1994 3332 ⁸

297 3403 656 3476 ,ἑξεδήμησε,
698 3409 763 3479 τῇ
789 3407 995 3483 ἑϐδόμῃ
1025 3409 1211 3483 ἡμέρᾳ
1244 3411 1343 3478 τῆς
1377 3409 1546 3464 αὐτοῦ
1581 3413 1923 3482 κοιμήσεως,

336 3496 436 3548 καὶ
482 3497 572 3551 τὸν
622 3499 873 3569 θυρωρὸν
911 3502 1012 3571 τῆς
1065 3501 1237 3573 μονῆς
1275 3504 1412 3575 πρὸς
1448 3502 1653 3574 Κύριον
1685 3503 1928 3574 προσλα-

335 3586 580 3659 ϐόμενος.
610 3586 722 3644 Ἦν
771 3591 880 3663 γάρ
935 3592 1085 3664 αὐτῷ
1144 3595 1384 3667 εἰρηκὼς
1421 3596 1451 3649 ὁ
1494 3596 1787 3669 μακάριος,
1818 3598 1929 3652 ὄτι-

338 3694 462 3749 περ,
511 3679 642 3733 Ἐὰν
691 3679 840 3752 τύχω
899 3684 1213 3754 παρρησίας
1264 3674 1415 3757 πρὸς
1450 3683 1679 3757 Κύριον,
1721 3686 1929 3759 ἀχώρι‹

338 3769 457 3834 στός
503 3788 608 3843 μου
665 3774 871 3846 γενήσῃ
917 3777 1081 3832 κάκεῖ
1120 3776 1210 3830 διὰ
1252 3777 1439 3848 τάχος.
1491 3778 1671 3849 Ὅπερ
1699 3778 1793 3833 καὶ
1832 3779 1927 3848 γέ-

340 3874 510 3926 γονεν,
555 3862 637 3926 είς
677 3863 943 3933 μεγίστην
996 3865 1370 3937 πληροφορίαν
1415 3866 1515 3937 τῆς
1564 3867 1932 3938 ἁκαταισχύν-

348 3967 438 4004 του
466 3954 626 4012 αὐτοῦ
668 3956 939 4028 ὑπακοῆς,
993 3957 1089 4011 καὶ
1132 3956 1514 4022 ταπεινώσεως
1565 3958 1925 4031 θεομιμήτου.

360 4036 644 4118 Ἦρώτησα
664 4048 745 4103 ἔτι
791 4048 1055 4120 περιόντα
1095 4049 1191 4103 τὸν
1246 4042 1422 4121 μέγαν
1475 4050 1666 4104 τοῦτον
1726 4049 1929 4105 Ἰσίδω-

343 4152 455 4207 ρον,
491 4137 645 4191 ποίαν
666 4139 960 4219 ἐργασίαν.
975 4140 1139 4194 αὑτοῦ
1162 4141 1191 4194 ὀ
1212 4139 1339 4203 νοῦς
1368 4140 1428 4193 ὲν
1472 4140 1551 4211 τῷ
1582 4139 1790 4194 πυλῶνι
1849 4139 1928 4194 δι-

335 4228 561 4298 άγοντος
610 4231 896 4303 ἐκέκτητο.
953 4232 1067 4287 Καὶ
1124 4233 1226 4287 οὐκ
1272 4231 1511 4305 ἔκρυψεν
1547 4232 1828 4303 ὠφελῆσαί
1860 4248 1929 4303 με

332 4319 506 4374 θέλων
523 4321 554 4374 ὁ
579 4322 930 4395 ἀείμνηστος.
965 4324 1081 4396 (Si)
1121 4324 1211 4379 Ἐν
1257 4325 1454 4398 ἀρχαῖς
1478 4324 1581 4398 μὲν
1604 4324 1715 4398 γάρ
1743 4323 1926 4389 τοῦτο,

331 4413 525 4483 φησὶν,
554 4412 905 4487 ἐλογιζόμην,
964 4416 1157 4489 ὅτιπερ
1182 4417 1321 4489 ὑπὲρ
1349 4417 1457 4470 τῶν
1492 4416 1780 4489 ἁμαρτιῶν
1824 4433 1927 4488 μου

330 4505 605 4577 ἐπράθην.
635 4506 801 4562 Ὅθεν
846 4510 942 4562 καὶ
981 4508 1120 4581 μετὰ
1151 4511 1263 4582 (52)
1319 4511 1546 4583 πικρίας
1597 4512 1800 4581 πάσης,
1834 4509 1928 4564 καὶ

2021 2020 2252 2077 antistes
2303 2021 2571 2091 ﬁrmatus,
2641 2026 2827 2080 statim
2886 2027 3160 2082 lsidorum
3225 2030 3469 2085 admovit
3518 2031 3607 2085 in-

2029 2112 2177 2176 cudi,
2235 2120 2292 2167 et
2331 2131 2345 2167 :
2387 2113 2613 2181 Placet,
2675 2117 2894 2187 inquit,
2957 2119 3330 2177 sincerissime
3410 2123 3613 2184 frater,

2025 2204 2102 2258 uti
2170 2213 2282 2260 stes
2333 2208 2389 2261 in
2453 2208 2603 2263 aditu
2642 2211 2985 2277 monasterii,
3042 2221 3096 2267 et
3150 2212 3325 2269 cuivis
3384 2212 3611 2269 intranti

2022 2305 2078 2353 et
2132 2298 2352 2353 exeunti
2419 2299 2646 2369 supplex
2686 2303 2867 2370 posito
2923 2316 3064 2371 genu
3122 2304 3383 2371 accidas,
3430 2306 3611 2362 dicas-

2023 2404 2131 2459 que
2163 2412 2174 2445 :
2207 2388 2315 2444 Ora
2347 2404 2446 2459 pro
2484 2406 2591 2459 me,
2620 2400 2791 2462 pater,
2835 2394 2966 2464 quia
2999 2396 3320 2472 epilepticus
3359 2414 3480 2452 sum
3514 2399 3610 2470 (ὁ).

2023 2480 2213 2536 Paruit
2293 2481 2565 2565 Isidorus,
2614 2500 2714 2541 suo
2783 2487 3041 2556 praesidi,
3112 2504 3222 2543 non
3297 2505 3457 2546 secus
3525 2500 3615 2546 at-

2025 2588 2131 2644 que
2189 2575 2415 2646 angelus
2460 2575 2593 2632 Deo.
2659 2578 2803 2649 Ergo
2858 2588 3055 2635 exacto
3120 2580 3188 2635 ad
3242 2591 3455 2651 portam
3528 2598 3619 2638 se,

2027 2667 2291 2736 ptennio,
2365 2684 2490 2724 cum
2560 2672 2629 2726 ad
2692 2671 3016 2727 altissimam
3089 2673 3259 2727 animi
3329 2674 3618 2730 demissio-

2027 2773 2175 2826 nem,
2216 2769 2271 2816 et
2304 2762 2554 2817 intimum
2602 2777 2823 2818 sensum
2884 2764 3222 2835 poenitentia
3256 2768 3616 2836 pervenisset,

2028 2848 2208 2905 visum
2286 2860 2369 2906 est
2441 2851 2835 2909 laudatissimo
2900 2855 3041 2925 patri
3116 2855 3422 2924 lsidorum,
3498 2867 3621 2928 post

2029 2950 2238 3012 septem
2299 2959 2477 2999 annos
2531 2945 2794 3014 legitimae
2849 2947 3148 3014 servitutis,
3195 2957 3249 3003 et
3319 2948 3621 3020 inexplica-

2028 3031 2194 3087 bilem
2240 3034 2609 3103 tolerantiam,
2663 3036 3045 3107 dignissimum
3089 3037 3202 3105 jam
3260 3041 3622 3093 contubernio

2030 3124 2414 3196 religiosorum
2473 3124 2703 3181 fratrum
2745 3125 3059 3197 adjungere,
3124 3135 3177 3182 et
3218 3129 3389 3183 sacris
3454 3129 3621 3184 etiam

2032 3215 2324 3272 ordinibus
2389 3217 2628 3273 initiare.
2681 3217 2782 3273 llic
2846 3233 2977 3273 vero
3053 3218 3295 3275 Isidorus
3342 3234 3467 3276 cum
3525 3235 3624 3291 per

2030 3302 2188 3373 alios,
2241 3314 2358 3360 tum
2413 3322 2510 3377 per
2563 3306 2833 3378 meipsum
2877 3306 3162 3374 miserum,
3216 3309 3484 3380 plurimas
3551 3310 3621 3364 ad

2029 3412 2192 3453 suum
2246 3404 2523 3468 pastorem
2563 3414 2755 3469 preces
2806 3400 3082 3470 allegavit,
3138 3402 3217 3457 uti
3255 3402 3397 3456 bona
3448 3402 3623 3473 ipsius

2027 3493 2189 3548 venia
2268 3493 2375 3550 sibi
2438 3494 2625 3550 liceret
2688 3496 2743 3550 in
2793 3496 2989 3551 eodem
3054 3496 3177 3551 loco
3254 3496 3320 3551 ad
3393 3496 3622 3565 januam

2028 3600 2415 3655 perseverare,
2441 3585 2548 3657 53
2597 3596 2652 3642 et
2683 3587 3019 3644 curriculum
3052 3588 3177 3643 vitae
3203 3587 3505 3656 absolvere,
3537 3588 3624 3644 in-

2029 3679 2253 3735 nuendo
2319 3679 2670 3735 subobscure
2738 3681 2807 3735 iis
2854 3680 3060 3748 verbis,
3119 3682 3233 3753 jam
3286 3682 3446 3737 tinem
3503 3697 3625 3740 cer-

2030 3770 2255 3826 taminis
2302 3779 2583 3843 appetere,
2632 3779 2687 3827 et
2751 3771 2807 3826 in
2877 3772 3130 3842 proximo
3178 3788 3304 3829 esse
3342 3780 3403 3835 nt
3453 3788 3484 3829 e
3512 3773 3623 3828 vita

2029 3872 2291 3918 evocetur
2321 3882 2333 3919 :
2359 3862 2826 3934 quemadmodum
2863 3872 2919 3918 et
2959 3880 3085 3918 mox
3125 3862 3310 3920 docuit
3372 3871 3620 3921 eventus.

2027 3954 2166 4009 Nam
2223 3969 2348 4010 cum
2406 3954 2558 4008 illum
2615 3954 2883 4025 magister
2946 3954 3003 4008 in
3052 3970 3151 4011 sua
3205 3955 3442 4011 statione
3500 3954 3624 4010 vitae

2030 4044 2384 4115 reliquisset,
2456 4044 2671 4101 decimo
2734 4055 2875 4116 post
2939 4046 3028 4103 die
3088 4061 3185 4118 per
3237 4047 3424 4117 gloria
3474 4061 3623 4102 con-

2032 4145 2296 4208 temptum
2380 4136 2448 4191 ad
2517 4136 2746 4207 gloriam
2808 4147 3131 4208 grassatus,
3194 4139 3261 4194 ad
3327 4137 3623 4195 Dominum

2029 4229 2339 4300 emigravit.
2391 4228 2526 4283 Post
2599 4229 2894 4299 septimum
2948 4229 3074 4285 inde
3129 4245 3161 4285 a
3222 4238 3399 4286 morte
3450 4230 3620 4296 diem,

2030 4321 2318 4379 custodem
2387 4322 2573 4393 ianuae
2647 4335 2835 4377 secum
2905 4322 3246 4393 assumpsit,
3312 4323 3460 4393 quod
3542 4323 3622 4378 illi

2033 4414 2226 4469 beatus
2283 4422 2409 4468 ante
2472 4412 2891 4468 denuntiasset:
2926 4412 2983 4467 Si
3022 4413 3176 4483 quid,
3235 4412 3433 4484 inquit,
3484 4413 3623 4468 mihi

2031 4504 2245 4561 ﬁduciae
2304 4503 2470 4560 fuerit
2524 4518 2653 4576 erga
2696 4503 3015 4570 Dominum,
3065 4504 3211 4559 intra
3272 4503 3436 4561 breve
3482 4512 3625 4560 tem-

335 4596 478 4668 βίας,
504 4599 603 4653 καὶ
628 4600 863 4671 αἵματος
884 4602 985 4672 τὴν
1015 4602 1305 4673 μετάνοιαν
1349 4603 1593 4658 ἔϐαλλον.
1648 4602 1924 4657 Ἐνιαυτοῦ

2033 4612 2139 4667 pus
2204 4596 2281 4652 ibi
2335 4610 2617 4667 nunquam
2676 4611 2707 4651 a
2749 4609 2837 4651 me
2889 4594 3251 4666 separandus,
3309 4595 3620 4666 apperebis.

327 4684 395 4749 δὲ
427 4694 815 4769 πληρωθέντος
858 4697 1083 4762 ἀλύπως
1114 4697 1301 4752 λοιπὸν
1337 4696 1622 4769 διεκείμην
1659 4695 1758 4768 τὴν
1792 4712 1924 4767 καρ·

2027 4689 2188 4759 Quod
2233 4690 2320 4746 ita
2359 4689 2447 4745 ad'
2479 4688 2887 4747 testiﬁcandum
2948 4688 3089 4759 ejus,
3131 4703 3298 4761 quam
3338 4704 3624 4760 nunquam

334 4784 486 4851 δίαν,
535 4786 729 4858 μισθὸν
755 4788 886 4860 παρ’
915 4788 1028 4858 ('55)
1056 4786 1223 4842 αὐτοῦ
1247 4785 1388 4842 Θεοῦ
1435 4788 1717 4859 ὑπομονῆς
1755 4802 1926 4857 προσ-

328 4878 650 4952 δεχόμενος.
713 4880 1123 4953 Περαιωθέντος
1163 4881 1220 4934 δὲ
1288 4882 1477 4951 ἑτέρου
1531 4880 1651 4946 ἑνὸς
1710 4878 1929 4951 χρόνον,

332 4970 562 5038 ἀνάξων
617 4974 811 5029 ἑαυτὸν
861 4974 1050 5029 λοιπὸν
1128 4973 1456 5045 ἐλογιζόμην
1524 4974 1623 5027 σὺν
1681 4971 1933 5044 αίσθήσει

335 5065 590 5137 καρδίας,
619 5066 839 5136 καὶτῆς
875 5068 934 5120 ὲν
972 5068 1039 5139 τῇ
1067 5068 1200 5138 μονῇ
1234 5063 1540 5135 διατριϐῆς,
1568 5064 1665 5118 καὶ
1694 5065 1795 5135 τῆς
1818 5063 1930 5117 τῶν

337 5157 604 5231 Πατέρων
645 5158 794 5225 θέας,
828 5160 923 5212 καλ.
958 5158 1268 5230 συντυχίας,
1312 5157 1410 5211 καὶ
1439 5156 1540 5228 τῆς
1575 5157 1684 5211 τῶν
1725 5172 1934 5227 μυστη-

344 5247 477 5319 ρίων
517 5249 898 5321 μεταλήψεως,
941 5250 1164 5321 καὶτῆς
1214 5253 1272 5302 ὲν
1291 5248 1571 5320 προσώπῳ
1603 5247 1753 5311 τινὸς
1799 5246 1934 5299 θειο-

342 5341 489 5410 ρίας.
569 5341 737 5395 Κάτω
784 5342 843 5395 δὲ
902 5340 1076 5395 νεύων
1125 5339 1204 5413 τῷ
1243 5340 1473 5411 ὄμματι,
1514 5339 1609 5393 καὶ
1635 5337 1933 5409 κατωτέρῳ

347 5435 657 5505 φρονήματι
706 5436 835 5499 τοὺς
881 5435 1150 5499 εἰσιόντας
1204 5432 1578 5497 καὶ’ὲξιόντας
1621 5431 1935 5502 εἰλικρινῶς

341 5527 531 5581 λοιπὸν
573 5527 713 5599 ὑπὲρ
754 5525 923 5597 εὐχῆς
953 5527 1216 5582 ἱκέτευον.

413 5641 497 5707 (a)
527 5643 610 5711 Τῇ
638 5642 817 5711 φύσει,
857 5640 1036 5710 inquit
1063 5639 1407 5711 scholiastes,
1452 5639 1574 5694 ἀντὶ
1612 5639 1708 5711 -τοῦ
1735 5637 1927 5702 ὅντως,

2027 4781 2283 4846 erubuit,
2340 4778 2640 4852 perfectam
2712 4778 3114 4842 obedientiam,
3179 4788 3255 4845 et,
3295 4794 3401 4851 qua
3450 4778 3625 4835 Deum

2031 4874 2280 4930 imitatus
2358 4885 2465 4937 est,
2536 4872 2923 4941 humilitatem,
2984 4873 3187 4928 evenit.
3258 4871 3626 4930 Percontatus

2035 4981 2157 5022 sum
2198 4980 2302 5036 ego
2352 4966 2678 5035 praeclarum
2717 4966 2864 5022 hunc
2922 4965 3217 5034 lsidorum,
3267 4982 3393 5023 cum
3444 4966 3626 5023 adhuc

2036 5066 2318 5129 superstes
2369 5066 2538 5124 esset,
2601 5073 2740 5128 quas
2784 5059 3005 5115 animus
3058 5059 3227 5125 illius,
3285 5059 3508 5130 quando
3554 5059 3626 5113 ad

2035 5158 2248 5220 portam
2311 5148 2559 5217 degebat,
2602 5149 2962 5220 cogitationes
3000 5152 3245 5207 volverit.
3316 5150 3503 5220 Neque
3538 5164 3627 5204 me

2037 5242 2178 5297 clam
2219 5240 2273 5294 id
2316 5240 2507 5295 habuit
2572 5243 2985 5299 laudatissimus
3040 5242 3131 5299 ille
3174 5240 3420 5315 (athleta)
3475 5241 3625 5312 quod

2038 5336 2092 5391 id
2144 5335 2212 5390 ad
2264 5335 2496 5390 salutem
2533 5343 2587 5390 et
2644 5336 2936 5390 utilitatem
2987 5351 3166 5391 meam
3226 5334 3501 5405 pertinere
3535 5347 3629 5387 ar-

2044 5426 2363 5482 bitraretur.
2457 5424 2746 5493 Primum,
2793 5428 3028 5497 'inquit,
3105 5425 3329 5497 perinde
3407 5439 3623 5479 mecum

2044 5527 2226 5574 aetum
2283 5517 2628 5586 existimavi,
2686 5533 2752 5574 ac
2809 5519 2855 5574 si
2897 5533 2999 5588 pro
3057 5515 3295 5588 peccatis
3339 5514 3477 5570 meis
3529 5528 3624 5567 ve-

2030 5633 2176 5689 malo
2207 5632 2367 5703 genio
2392 5641 2691 5703 arreptum,
2715 5643 2769 5689 et
2790 5632 3014 5701 dignum
3047 5631 3623 5703 reprehensionc,quo

344 5703 443 5785 καὶ
475 5703 551 5785 ὡς
576 5703 815 5785 άληθῶς,
845 5703 992 5785 quod
1015 5703 1677 5785 omisitCamaldulensis,
1699 5711 1931 5765 miratus
2030 5719 2156 5785 reor
2182 5703 2907 5785 (lam-aldulensisnrespexit,
2945 5703 3091 5785 quod
3122 5704 3446 5785 omnis‘quli'
3493 5718 3622 5785 pref

346 5783 480 5851 quid
513 5784 617 5837 sibi
645 5781 805 5838 vellet
832 5781 893 5835 τὸ
924 5785 990 5851 τῇ
1036 5781 1219 5852 φύσει.

421 5852 498 5925 (lt)
531 5852 725 5909 Nescio
742 5848 1102 5923 quamobrem
1121 5851 1564 5925 Camaldulensis
1583 5861 1828 5925 exponat
1846 5848 1927 5911 τὸ,

346 5922 714 5999 ἐπιλῆπτικδς
763 5922 1137 5995 ρθοεαιοιιοω.
1190 5922 1460 5978 (lwtcrum
1513 5923 1652 5977 valet
1698 5923 1863 5977 etiam
1905 5935 1936 5976 a

2031 5784 2122 5830 cat
2149 5774 2577 5846 reprehensione
2605 5773 2801 5846 dignus
2823 5782 2924 5830 est.
2960 5774 3187 5845 Proprie
3217 5773 3509 5845 ἐπιληψία,
3534 5783 3626 5827 est

2042 5844 2270 5903 morbus
2301 5845 2563 5903 caducus.
