4110 6452
436 369 547 438 895
1704 386 1765 447 S.
1798 386 2122 450 JOANNIS
2148 391 2458 457 CLIMACI
3613 395 3723 458 696

436 494 674 547 mentem
717 489 897 561 magni
925 490 1175 560 praesulis
1209 490 1399 558 nostri,
1450 500 1505 547 et
1530 492 1762 550 aliorum
1797 496 2018 555 Patrum

2135 498 2502 571 λογιζόμενος,
2543 500 2727 564 καθώς
2765 517 2856 571 μοι
2889 503 2985 556 καὶ
3009 501 3161 557 αὐτοὶ
3197 504 3256 559 ὲν
3283 504 3351 574 τῇ
3380 502 3488 575 ἐμῇ
3528 504 3726 575 εἰσόδῳ

434 593 559 638 cum
596 581 763 650 probe
818 592 1157 651 perspectam
1214 583 1466 650 habeam,
1504 586 1690 640 omnia
1720 603 1877 658 :equo
1900 592 2021 644 ani-

2130 592 2331 663 ἔφησαν
2351 607 2366 622 ·
2398 593 2478 646 ὅτι
2493 591 2623 664 ἄχρι
2645 596 2745 663 τῆς
2758 596 3209 665 τριακονταετίας
3223 597 3583 666 δοκιμάζουσι
3601 596 3720 667 (57)

436 685 526 727 mo
547 671 816 735 sustineo.
868 675 935 727 Et
963 689 1090 730 ecce
1119 673 1652 744 quintumdecimum
1678 679 1791 750 jam
1814 696 2020 737 annum

433 766 539 820 hoc
562 781 774 821 mecum
808 782 1158 836 recognosco,
1183 769 1647 838 quemadmodum
1681 773 1816 831 mihi
1847 774 1900 827 in
1934 791 2023 829 re-

432 856 653 927 ligionis
686 857 931 928 ingressu
953 855 1143 913 Patres
1173 862 1354 918 tesutti
1383 871 1533 928 sunt,
1572 878 1870 920 consuesse
1902 864 2023 920 illos

435 949 502 1003 ad
534 950 872 1005 tricesimum
893 966 1069 1020 usque
1100 967 1304 1008 annum
1342 969 1474 1016 suos
1493 955 1700 1011 tirones
1726 957 1889 1011 rebus
1917 956 2025 1010 hu-

433 1043 612 1097 manis
636 1042 918 1098 abdicatos
945 1043 1000 1098 in
1031 1044 1282 1101 tirocinio
1302 1061 1578 1114 exercere,
1593 1059 1645 1103 et
1662 1050 2027 1111 constantiam

445 1145 673 1192 tentare.
700 1136 768 1191 Et
784 1138 982 1192 merito
1013 1138 1136 1205 hoc,
1158 1148 1312 1209 pater
1334 1140 1447 1211 58
1468 1140 1729 1209 Joannes,
1763 1144 1882 1198 sine
1899 1159 2029 1199 exa-

432 1228 578 1283 mine
600 1230 801 1301 quippe
824 1232 1056 1303 seuigne
1073 1249 1269 1289 aurum
1298 1250 1406 1290 non
1423 1235 1626 1306 politur
1653 1244 1705 1290 et
1728 1237 2025 1305 perficitur.

431 1320 531 1376 llic
560 1336 693 1394 ergo
746 1339 1047 1395 generosus
1085 1326 1406 1397 Abbacyrus
1462 1327 1685 1383 biennio
1737 1336 2029 1399 postquam

431 1413 782 1483 adveneram,
836 1418 1077 1474 excessit
1115 1436 1145 1474 e
1192 1420 1336 1487 vita,
1384 1419 1577 1475 Patres
1629 1421 1859 1491 jamjam
1913 1421 2021 1475 vita

429 1507 682 1565 abiturus
712 1510 1143 1570 intermorituris
1180 1514 1404 1569 vocibus
1461 1514 1731 1570 allocutus
1766 1514 2020 1578 :Grates,

430 1601 632 1673 inquit,
652 1614 832 1674 grates
873 1605 1107 1661 Domino
1133 1646 1148 1670 ,
1180 1614 1235 1663 et
1283 1608 1459 1674 vobis,
1523 1623 1552 1662 a
1580 1609 1783 1679 quibus
1829 1608 2026 1664 salutis

2120 686 2248 748 τοὺς
2277 685 2757 755 ἁποτασσομένους
2779 701 2792 714 ⁸
2820 686 2912 740 καὶ
2936 686 3182 755 δικαίως,
3231 689 3411 760 πάτερ
3449 689 3673 759 Ἰωάννη
3695 705 3711 719 ’

2121 780 2290 851 χωρὶς
2340 779 2449 852 γὰρ
2486 779 2729 850 δοκιμῆς.
2760 780 2792 832 6
2840 780 3041 850 χρυσὸς
3088 781 3150 835 οὐ
3183 780 3506 835 τελειοῦται.
3564 782 3718 835 Ἐπι-

2129 869 2321 939 μείνας
2349 866 2443 924 οὖν
2486 873 2515 926 6
2561 873 2809 939 γενναῖος
2849 866 3005 935 οὗτος
3053 871 3393 944 Ἀϐϐάκυρος
3437 872 3578 942 μετὰ
3618 873 3719 943 τὴν

2126 957 2267 1030 ἐμὴν
2300 959 2484 1028 ἄφιξιν
2518 960 2597 1029 τῷ
2629 960 2979 1033 μοναστηρίῳ
3007 961 3158 1032 διετῆ
3186 963 3402 1033 χρόνον,
3430 963 3568 1032 πρὸς
3598 963 3716 1017 Κύ-

2132 1068 2245 1123 ριον
2287 1051 2629 1123 ἀπεδήμησε,
2679 1051 2838 1106 τοῦτο
2871 1050 3045 1106 εἰπὼν
3074 1054 3188 1116 τοῖς
3222 1053 3498 1125 πατράσιν
3529 1056 3588 1107 ὲν
3640 1054 3718 1125 τῷ

2132 1142 2344 1214 μέλλειν
2372 1144 2647 1199 ἐκλείπειν
2674 1160 2687 1174 ο
2726 1163 2744 1195 ι
2772 1144 3122 1216 Εὐχαριστῶ,
3164 1146 3476 1218 εὐχαριστῶ
3511 1146 3590 1217 τῷ
3614 1149 3721 1203 Κυ-

2129 1237 2253 1308 ρίῳ,
2280 1239 2372 1291 καὶ
2400 1238 2549 1307 ὑμῖν,
2586 1238 2668 1291 ὅτι
2706 1237 2795 1292 διά
2832 1238 2894 1292 τὸ
2920 1238 3284 1310 πειράζεσθαι
3313 1241 3395 1302 εἰς
3440 1240 3721 1310 σωτηρίαν

2135 1348 2236 1401 μου
2268 1329 2550 1400 ὲξθὺμῶν,
2592 1330 2785 1399 ἔμεινα
2822 1332 2889 1384 ὲκ
2936 1331 3211 1401 δαιμόνων
3238 1331 3576 1403 ἁπείραστος
3610 1333 3720 1388 ἰδοὺ

2127 1423 2404 1481 δεκαεπτά
2438 1422 2558 1492 ἔτη.
2622 1424 2721 1476 Ὃν
2765 1423 2860 1479 καὶ
2902 1422 2979 1486 ὡς
3026 1423 3366 1495 ὁμολογητὴν
3424 1424 3563 1492 μετὰ
3609 1424 3720 1480 τῶν

2131 1516 2308 1569 ἐκεῖσε
2355 1515 2769 1586 κατακειμένων
2823 1516 2997 1584 ἁγίων
3045 1515 3212 1582 ἀξίως
3262 1518 3291 1570 6
3344 1514 3721 1590 δικαιοκριτὴς

2132 1606 2340 1678 ποιμὴν
2365 1606 2735 1676 κατατεθῆναι
2763 1607 3071 1662 ἐκέλευσεν.

434 1710 574 1751 meae
603 1710 772 1753 causa
803 1696 873 1753 ab
905 1697 1216 1754 daemonum
1263 1699 1562 1756 insultibus
1596 1701 1784 1755 decem
1820 1715 1949 1756 ecce
1987 1707 2042 1754 et
2075 1706 2283 1768 septem
2341 1713 2517 1752 annos
2557 1696 2696 1753 liber
2735 1697 2834 1752 fui.
2878 1697 3038 1754 Hunc
3096 1701 3449 1771 aequissimus
3502 1702 3720 1758 illorum

436 1790 690 1856 antistes,
752 1799 1014 1861 tanquam
1068 1790 1442 1849 confessorem
1495 1808 1621 1849 cum
1656 1794 1864 1851 sanctis
1908 1793 2022 1848 illic
2079 1790 2203 1847 sitis
2257 1789 2516 1847 Patribus
2549 1801 2831 1848 mortuum
2885 1792 3144 1848 collocari
3171 1794 3360 1864 jussit.

504 1884 744 1940 Omnino
775 1885 1044 1941 offendam
1075 1889 1304 1945 aemulos
1323 1889 1542 1946 virtutis
1562 1889 1824 1953 cultores,
1846 1888 1892 1943 si
1911 1902 2027 1942 me-
2058 1895 2101 1949 Β

434 1978 621 2035 moris:
634 1994 823 2035 eorum
847 1979 1160 2036 subduxero
1194 1981 1519 2050 Macedonii,
1542 1984 1705 2055 primi
1737 1982 1850 2036 illic
1877 1982 2020 2036 inter

432 2071 697 2126 diaconos
722 2072 1042 2141 praeclarum
1075 2070 1291 2130 facinus
1321 2084 1377 2132 et
1405 2088 1703 2130 certamen.
1748 2074 1847 2129 llic
1892 2088 2022 2143 ergo

434 2166 489 2217 in
532 2164 725 2232 paucis
750 2165 861 2220 Deo
879 2166 1104 2231 chartis,
1133 2176 1422 2237 appetente
1461 2168 1625 2223 trium
1658 2182 1847 2238 regum
1879 2166 2021 2220 cele-

434 2260 632 2315 britate
688 2260 876 2330 (quam
923 2258 1094 2314 Graeci
1149 2258 1633 2331 TheOphaniorum
1681 2259 1881 2316 festum
1925 2274 2020 2329 ap-

433 2352 680 2423 pellant),
718 2352 905 2422 petita
932 2354 1160 2422 praside
1190 2369 1291 2408 suo
1314 2353 1481 2409 biduo
1514 2363 1663 2420 ante,
1695 2359 2020 2425 potestatein

433 2444 862 2500 domesticorum
890 2447 1235 2516 negotiorum
1273 2460 1442 2501 causa
1478 2446 1866 2501 Alexandriam
1899 2460 2024 2515 pro-

436 2535 735 2600 ticiscendi,
767 2534 1046 2606 pollicitus
1070 2551 1130 2592 se
1157 2544 1382 2606 propter
1410 2547 1729 2607 sequentem
1763 2536 1908 2591 diem
1938 2535 2020 2591 fe-

435 2638 601 2691 stum,
634 2635 689 2680 et
743 2614 1199 2696 pmparationem
1255 2635 1472 2681 mature
1525 2626 1850 2682 rediturum.
1915 2626 2023 2680 Sed

434 2722 581 2775 enim
638 2718 812 2775 hostis
844 2719 1115 2774 bonorum
1169 2719 1518 2775 cacodatmon
1574 2719 1962 2775 archidiacono
1992 2733 2023 2772 a

434 2812 820 2869 emnolsiarcha
883 2811 1114 2867 dimisso
1165 2813 1616 2883 impedimentum
1671 2813 1871 2883 objecit
1912 2827 2023 2883 quo

435 2907 620 2961 minus
648 2906 713 2961 ad
748 2905 1014 2962 solemnia
1054 2905 1535 2976 'l‘lieophaniorum
1560 2915 1613 2961 et
1647 2906 2024 2975 praescriptum

435 2997 576 3050 diem
638 2996 872 3053 adesset.
925 2995 1048 3053 Uno
1107 2998 1271 3068 igitur
1297 2997 1386 3052 die
1434 2997 1612 3054 serius
1637 2997 2021 3053 adventantem

435 3089 674 3144 cinnobii
709 3091 1024 3146 moderator
1055 3092 1263 3146 honore
1301 3090 1591 3146 ministerii
1634 3089 1719 3146 sui
1749 3100 1803 3145 et
1858 3088 2025 3145 officii

436 3194 659 3237 exutum
711 3182 766 3237 in
818 3183 1064 3238 ordinem
1124 3183 1366 3239 tironum
1409 3183 1640 3253 redegit,
1705 3199 1869 3253 quam
1934 3183 2024 3238 ille

438 3276 714 3343 patientia:
758 3276 1011 3331 minister
1075 3285 1131 3332 et
1190 3276 1500 3332 tolerantiae
1559 3277 2024 3345 archidiaconus,

436 3366 614 3420 Patris
670 3366 996 3421 sententiam
1041 3373 1097 3420 et
1151 3380 1369 3434 pinnam
1425 3374 1533 3420 tam
1577 3374 1768 3435 pacate
1790 3364 2029 3434 placide-

437 3473 543 3527 que
606 3457 897 3529 suscepit,
952 3473 1019 3512 ae
1073 3458 1117 3511 si
1172 3458 1362 3523 alteri,
1427 3471 1536 3511 non
1591 3457 1746 3527 ipsis,
1824 3455 2028 3510 inflicta

436 3559 602 3605 esset.
654 3550 796 3605 Cum
853 3566 985 3621 ergo
1038 3550 1400 3621 quadraginta
1451 3549 1568 3604 dies
1601 3550 1743 3604 inter
1791 3548 2030 3603 novitios

437 3645 548 3716 59
590 3644 829 3716 egisset,
877 3643 1118 3699 restituit
1161 3644 1317 3698 illum
1370 3641 1663 3713 prmfectus
1704 3641 2028 3697 monasterii

438 3754 541 3793 suo
569 3739 690 3793 loco
715 3745 769 3793 et
792 3739 1022 3793 honori:
1054 3736 1148 3794 sed
1174 3736 1601 3792 archidiaconus
1624 3749 1749 3789 mox
1776 3734 2044 3804 sequenti

439 3832 527 3884 diu
562 3832 884 3901 deprecatus
920 3847 1080 3887 suum
1125 3831 1450 3899 praesidem,
1485 3828 1642 3899 petiit
1683 3828 1753 3882 ab
1788 3843 1855 3883 eo
1883 3870 1897 3895 ,
1952 3826 2030 3881 uti

439 3922 547 3975 sibi
583 3922 636 3975 in
667 3932 920 3993 suscepta
953 3937 1135 3994 prena,
1175 3930 1231 3976 et
1257 3923 1379 3977 loco
1400 3977 1412 3989 ,
1451 3920 1860 3992 ignominiaque
1888 3921 2033 3973 inter

440 4016 647 4068 tirones
676 4029 841 4083 porro
878 4015 1081 4081 vivere,
1112 4024 1169 4069 et
1205 4029 1562 4085 perseverare
1591 4014 1780 4069 liceret
1807 4030 1822 4068 :
1857 4013 2031 4067 admi-

439 4107 579 4159 sisse
610 4122 669 4160 se
683 4106 1031 4162 Alexandria:
1053 4108 1129 4178 (a)
1157 4106 1374 4163 facinus
1399 4108 1752 4178 inexpiabile,
1774 4106 2034 4176 nullaque

437 4197 598 4252 venia
629 4198 876 4266 dignum.
903 4197 969 4254 Et
997 4200 1249 4269 quamvis
1279 4209 1501 4255 sanctus
1525 4198 1686 4255 Pater
1711 4199 1857 4254 haud
1880 4198 2034 4268 igno-

440 4301 590 4348 raret
629 4293 822 4362 illum,
874 4295 926 4349 id
969 4303 1180 4350 tantum
1228 4296 1412 4351 studio
1451 4296 1880 4362 submissionis,
1926 4309 2031 4349 non

439 4401 507 4441 ex
543 4401 674 4441 vero
701 4387 886 4442 dicere
909 4422 930 4453 ,
975 4390 1143 4444 cessit
1196 4399 1378 4444 tamen
1423 4389 1671 4460 praeclari
1706 4389 1799 4444 Dei
1842 4388 2035 4444 famuli

441 4479 737 4535 desiderio.
771 4477 1094 4550 Spectasses
1126 4481 1293 4551 igitur
1336 4482 1387 4535 in
1431 4481 1616 4536 intima
1649 4482 1883 4536 tironum
1921 4488 2035 4536 sta—

2213 1884 2410 1938 Ἀδικῶ
2435 1885 2643 1950 πάντας
2665 1883 2931 1958 [πάντως]
2965 1888 3090 1951 τοὺς
3116 1887 3364 1958 ζηλωτάς
3383 1888 3493 1943 τῶν
3519 1888 3721 1948 καλῶν,

2125 1976 2286 2048 εἴπερ
2343 1969 2858 2049 σιωπῆς’μνήματι
2905 1977 3065 2049 θάψω
3111 1979 3173 2033 τὸ
3224 1980 3562 2035 Μακεδονίου
3626 1978 3721 2032 τοῦ

2125 2063 2344 2136 πρώτου
2380 2065 2492 2119 τῶν
2522 2068 2703 2120 ἐκεῖσε
2730 2067 2995 2122 διακόνων
3028 2070 3363 2141 κατόρθωμα
3393 2071 3488 2124 καὶ
3514 2067 3678 2123 ἆθλον
3704 2084 3719 2100 ·

2123 2160 2281 2220 οὗτος
2306 2158 2334 2210 ὁ
2359 2158 2739 2231 μεμελημένος
2765 2160 2954 2231 Κυρίῳ
2980 2162 3109 2215 ποτὲ
3131 2163 3229 2234 τῆς
3254 2165 3361 2217 τῶν
3394 2164 3567 2233 ἁγίων
3590 2163 3721 2217 Θεο-

2126 2251 2334 2318 φανίων
2372 2252 2566 2322 ἑορτῆς
2596 2251 3030 2323 καταλαϐούσης,
3064 2254 3288 2328 λιπαρεῖ
3310 2258 3402 2311 τὸν
3442 2261 3705 2330 ποιμένα,

2128 2343 2235 2414 τερὸ
2263 2343 2357 2397 δύο
2395 2344 2622 2414 ἡμερῶν
2658 2347 2719 2398 ἐν
2748 2350 2817 2415 τῇ
2863 2346 3017 2399 πόλει
3050 2347 3429 2422 Ἀλεξανδρείᾳ
3460 2351 3724 2406 εἰσελθεῖν

2126 2438 2333 2501 οἰκείας
2361 2438 2551 2508 χρείας
2590 2439 2753 2510 χάριν
2778 2440 2944 2503 τινὸς,
2976 2442 3346 2511 ὑποσχόμενος
3383 2443 3568 2512 μέντοι
3594 2443 3713 2497 θᾶτο

2125 2547 2218 2583 τον
2281 2531 2601 2601 ὲξέρχεσθαι
2644 2532 2745 2601 τῆς
2811 2532 3058 2602 πόλεως,
3117 2534 3208 2588 διὰ
3243 2535 3342 2606 τὴν
3381 2535 3484 2605 τῆς
3528 2537 3722 2607 ἑορτῆς

2127 2622 2489 2676 ἀκουλουθίαν
2542 2641 2603 2677 τε
2643 2625 2737 2677 καὶ
2781 2626 3122 2696 ἑτοιμασίαν.
3186 2626 3244 2680 '0
3293 2623 3386 2680 οὖν
3433 2628 3723 2699 μισόκαλος

2127 2714 2374 2779 διάϐολος
2430 2716 2688 2786 ἐμπόδιον
2738 2718 3058 2788 πεποιηκὼς
3090 2717 3169 2788 τῷ
3226 2719 3589 2790 ἀρχιδιακόνῳ
3628 2738 3714 2773 πε-

2130 2804 2361 2875 ποίηκεν
2391 2806 2555 2859 αὐτὸν
2589 2806 2935 2862 ἁπολυθέντα
2966 2808 3061 2862 τοῦ
3090 2810 3417 2881 ἡγουμένου,
3446 2812 3520 2881 μὴ
3551 2828 3719 2864 κατα-

2129 2893 2315 2947 λαϐεῖν
2341 2898 2406 2965 τῇ
2456 2896 2590 2966 ἁγίᾳ
2618 2896 2777 2968 ἑορτῇ
2831 2899 2887 2951 ἐν
2930 2900 2997 2968 τῇ
3035 2901 3169 2969 μονῇ
3202 2898 3342 2951 κατὰ
3366 2900 3458 2953 τὸν
3484 2901 3632 2970 ὅρον,
3665 2901 3719 2956 ὃν

2128 2985 2196 3056 ἦν
2225 2988 2291 3040 ἐκ
2336 2986 2430 3040 τοῦ
2471 2988 2817 3058 προεστῶτος
2856 2990 3223 3060 κομισάμενος
3251 2989 3385 3061 (38).
3423 2991 3560 3045 Μεθ’
3591 2993 3720 3063 ὴμέ-

2133 3096 2231 3150 ραν
2257 3073 2350 3132 οὖν
2378 3078 2754 3132 καταλαϐόντα
2774 3122 2790 3146 ,
2836 3080 3084 3151 ἀφορίζει
3114 3084 3142 3135 6
3182 3081 3384 3152 ποιμὴν
3417 3083 3515 3152 τῆς
3546 3082 3719 3138 διακοι

2110 3173 2271 3236 νίας,
2300 3171 2396 3225 καὶ
2423 3171 2482 3224 ὲν
2520 3170 2598 3242 τῷ
2638 3173 2899 3241 ἐσχάτων
2931 3174 3211 3245 ἀρχαρίων
3256 3176 3584 3228 κατατάττει
3627 3194 3716 3244 χο-

2054 3239 2096 3297 C
2133 3266 2239 3337 Ρῷ¹
2273 3266 2489 3335 δέχεται
2541 3239 2579 3319 δ’
2629 3239 2792 3330 καλὸς
2851 3239 3104 3340 τῆςίϐθ)
3149 3270 3430 3340 ὑπομονῆς
3481 3239 3713 3334 διάκονος

2131 3359 2226 3412 καὶ
2268 3359 2367 3428 τῆς
2417 3358 2712 3430 καρτερίας
2765 3360 3166 3430 ἀρχιδιάκονος,
3216 3360 3308 3415 τὸν
3356 3362 3451 3414 τοῦ
3503 3360 3718 3431 Πατρὶς

2130 3453 2276 3522 ὅρον,
2322 3452 2419 3504 καὶ
2451 3451 2675 3515 ἀλύπως
2707 3451 2902 3516 οὕτως,
2949 3454 3024 3517 ὡς
3059 3454 3249 3525 ἑτέρου
3285 3455 3722 3526 ἐπιτιμηθέντας,

2132 3545 2225 3597 καὶ
2243 3544 2344 3598 οὐκ
2369 3544 2534 3597 αὑτοῦ
2563 3561 2576 3575 ’
2601 3546 2945 3617 πεποιηκότα
2973 3547 3151 3601 τοίνυν
3173 3548 3335 3602 αὐτὸν
3361 3549 3421 3600 ἐν
3447 3551 3512 3618 τῇ
3538 3547 3722 3600 τοιαῦ-

2131 3653 2199 3708 τῃ
2227 3637 2377 3704 τάξει
2407 3639 2818 3709 τεσσαράκοντα
2851 3640 3065 3709 ἡμέρας
3087 3684 3102 3705 ,
3135 3641 3297 3694 πάλιν
3342 3642 3434 3694 ἐπὶ
3469 3639 3558 3694 τὸν
3598 3641 3724 3694 [διον

2135 3730 2342 3802 βαθμὸν
2381 3731 2630 3801 ἀνήγαγε
2659 3734 2688 3784 6
2716 3733 2879 3800 σοφός
2906 3749 2920 3762 ⁸
2953 3734 3048 3786 καὶ
3075 3733 3138 3805 ὀὴ
3184 3736 3321 3805 μετὰ
3355 3735 3485 3804 μίαν
3509 3735 3725 3806 ἡμέραν

2131 3823 2462 3877 δυσωπεῖται
2488 3823 2593 3877 ὑπὸ
2621 3822 2716 3877 τοῦ
2742 3825 3121 3897 ἁρχιδιακὸνου
3167 3827 3331 3881 πάλιν
3366 3830 3423 3881 ἐν
3448 3830 3515 3899 τῇ
3549 3830 3721 3881 ἐπιτι-

2137 3922 2257 3989 μίᾳ,
2282 3916 2378 3970 καὶ
2398 3920 2463 3989 τῇ
2493 3915 2684 3988 πρώην
2720 3918 2917 3989 ἀτιμία
2946 3919 3305 3989 καταστῆναι,
3328 3902 3516 3992 ξφήσας
3554 3919 3726 3992 αὐτῷ,

2133 4011 2214 4063 ὅτι
2241 4010 2370 4081 περὶ
2395 4009 2787 4082 ἁσυγχὼρητόν
2817 4028 2870 4064 τι
2899 4013 2956 4064 ὲν
2989 4014 3054 4083 τῇ
3088 4013 3240 4066 πόλει
3269 4013 3524 4066 ἕπταισα.
3562 4014 3724 4076 Γνοὺς

2133 4101 2192 4155 δὲ
2221 4104 2249 4155 6
2271 4104 2415 4165 ὅσιος
2441 4102 2619 4173 ἀληθῆ
2655 4102 2729 4174 μὴ
2768 4088 2949 4172 λέγειν
2974 4104 3315 4175 αὑτῷ,.ἁλλά
3344 4105 3726 4168 ταπεινώσεως

2134 4195 2297 4265 χάριν
2335 4194 2495 4247 τοῦτο
2548 4196 2849 4266 ἐπιζητεῖν,
2894 4191 3004 4261 εἶξε
3039 4199 3104 4268 τῇ
3141 4199 3280 4269 καλῇ
3315 4198 3581 4268 ἐπιθυμία
3632 4196 3726 4251 τοῦ

2137 4289 2372 4360 ἐργάτου
2398 4302 2413 4316 ⁹
2444 4291 2540 4343 καὶ
2566 4286 2633 4362 ἦν
2662 4291 2789 4344 ἰδεῖν
2814 4290 3009 4344 πολιὰν
3044 4291 3324 4362 αἰδέσιμον
3352 4293 3411 4345 ὲν
3435 4296 3502 4364 τῇ
3532 4294 3725 4365 ιίιρχαῖ⁸

2138 4386 2206 4455 κῇ
2233 4382 2366 4454 [τῶν
2385 4382 2691 4455 ἀρχαρίων]
2713 4384 3006 4452 διάγουσαν
3038 4384 3191 4451 τάξει
3214 4402 3226 4415 ο
3253 4388 3348 4439 καὶ
3376 4388 3585 4451 πάντας
3606 4387 3727 4440 δασ-

2136 4477 2393 4532 ωποῦσαν
2435 4477 2743 4548 εἰλικρινῶς
2776 4477 2920 4550 ὑπὲρ
2955 4480 3120 4532 αὑτοῦ
3158 4479 3435 4551 εὔχεσθαι.
3487 4483 3727 4552 Ἐπειδὴ,

443 4571 592 4626 tione
619 4612 633 4636 ,
666 4579 722 4627 et
760 4572 954 4628 ordine
982 4573 1344 4628 venerandam
1375 4573 1749 4628 archidiaconi
1779 4572 2030 4628 canitiem

2144 4570 2334 4641 φησὶν,
2365 4571 2446 4634 εἰς
2478 4570 2740 4641 πορνείαν
2774 4572 3065 4643 παρακοῆς
3092 4573 3382 4640 πέπτωκα,
3414 4575 3536 4645 ἐμοὶ
3565 4576 3621 4628 δὲ
3653 4573 3730 4645 τῷ

445 4673 680 4718 stantem
708 4706 724 4730 ,
752 4673 807 4719 et
832 4665 1080 4720 omnium
1111 4679 1304 4735 preces
1335 4679 1402 4719 ex
1439 4665 1622 4720 animo
1648 4680 1749 4734 pro
1777 4679 1836 4720 se
1871 4680 2036 4734 expe-

445 4763 645 4810 tentetn
674 4772 688 4808 :
722 4754 991 4821 Quoniam
1023 4755 1192 4809 cecidi
1223 4798 1236 4821 ,
1268 4754 1466 4825 inquit,
1506 4755 1559 4807 in
1599 4754 1782 4810 scelus
1820 4762 1875 4808 et
1917 4763 2035 4809 stu-

445 4863 603 4916 prum
665 4848 1065 4904 inobedientiae.
1107 4847 1237 4901 Mihi
1287 4862 1420 4902 vero
1460 4860 1527 4902 ex
1559 4847 1881 4917 postremis
1940 4847 2035 4902 uni

448 4956 679 5009 magnus
714 4940 805 4994 ille
847 4938 1203 4994 Macedonius
1234 4937 1531 4993 affirmavit
1559 4954 1784 4994 causam
1832 4938 2033 5006 fuisse,

445 5046 547 5085 cur
565 5030 632 5085 ad
659 5031 806 5085 illam
827 5031 1190 5102 abjectionem
1215 5039 1271 5084 et
1296 5029 1660 5083 humilitatem
1686 5030 1808 5085 vita:
1837 5037 2034 5101 sponte

446 5122 619 5177 animi
663 5121 1228 5193 properaritzQuod,
1276 5119 1489 5189 inquit,
1542 5136 1823 5189 nunquam
1873 5132 2037 5187 antea

447 5223 652 5269 tantam
676 5215 780 5269 sub
807 5214 1047 5282 religiosi
1077 5213 1204 5268 belli
1232 5213 1375 5266 mole
1404 5210 1717 5266 facilitatem
1742 5213 2035 5277 senserim,

451 5323 553 5362 nec
585 5317 788 5363 tantam
822 5308 1046 5362 luminis
1077 5305 1248 5360 divini
1277 5306 1329 5357 in
1368 5319 1454 5358 me
1481 5304 1805 5359 suavitatem
1838 5316 1892 5359 et
1918 5306 2040 5359 dul-

453 5402 700 5457 cedinem
739 5398 1244 5456 animadverterint.
1292 5399 1655 5470 Angelorum,
1708 5398 1917 5468 inquit,
1954 5406 2039 5453 est

526 5526 603 5587 (a)
635 5519 798 5573 Vetus
832 5521 1122 5589 inl’erpres,
1152 5532 1257 5589 nun
1293 5516 1381 5589 ille
1409 5517 1867 5589 Camaldulensis,
1905 5515 2035 5589 illud

452 5590 774 5658 inexpiabile
794 5589 959 5645 scelus
977 5587 1076 5643 his
1101 5588 1279 5640 verbis
1305 5588 1692 5657 interpretatur
1720 5604 1733 5639 :
1764 5587 2036 5639 Gravissi-

454 5675 595 5711 mum
643 5663 837 5716 (minus
894 5658 1283 5729 lapsumdicit,
1339 5660 1467 5726 quia
1525 5658 1798 5729 fut-liveat
1838 5658 2038 5710 occulte

454 5725 1185 5785 comederatextraordinarie
1201 5744 1266 5781 ea:
1294 5725 1373 5782 his
1387 5745 1503 5797 quit:
1525 5725 1780 5782 animalia
1800 5736 2035 5795 portant,

452 5802 590 5866 quod
621 5803 989 5866 gravissimum
1022 5808 1071 5852 et
1104 5814 1230 5866 pene
1254 5799 1573 5865 inexpiabile
1605 5807 1877 5863 peccatum
1920 5798 2037 5850 erci-

455 5817 589 5866 quoa
622 5817 989 5856 n-avissnnum
1022 5817 1071 5852 et
1104 5817 1230 5866 pene
1254 5817 1573 5865 mrxmaoue
1605 5817 1877 5863 peccatum
1920 5817 2037 5850 easi-

455 5817 791 5935 ειίειιηίαιιιν,
812 5882 867 5925 ut
912 5872 1060 5924 ducet
1092 5884 1314 5940 magnus
1334 5867 1498 5924 Pater
1526 5867 1762 5924 Basilius
1794 5870 1846 5923 in
1890 5870 2037 5937 prin-

2134 4660 2378 4732 ταπεινῷ
2406 4660 2755 4733 τεθάρῤηκεν
2777 4663 2804 4714 6
2834 4662 3010 4733 μέγας
3030 4656 3184 4729 οὗτος
3214 4666 3564 4729 Μακεδόνιος,
3589 4665 3730 4728 τίνος

2135 4754 2296 4826 χάριν
2323 4756 2391 4826 τῇ
2429 4753 2655 4825 τοιαύτῃ
2685 4757 3135 4829 τεταπεινωμένῃ
3184 4758 3433 4830 διαγωγῇ
3466 4758 3730 4823 ἑκουσίως

2137 4851 2519 4922 προσέδραμεν
2546 4867 2558 4879 ·
2588 4851 2846 4904 οὐδέποτε
2879 4851 2990 4922 γὰρ
3020 4853 3327 4923 κουφισμὸν
3358 4853 3535 4917 οὕτως
3574 4852 3729 4906 πολέ-

2140 4962 2242 5014 μου
2280 4943 2504 5009 παντὸς,
2552 4945 2646 4997 καὶ
2694 4944 2873 5014 φωτὸς
2915 4943 3060 4998 θείου
3095 4945 3408 5015 γλυκασμὺν
3457 4949 3516 4999 ὲν
3559 4946 3731 5018 ἐαυτῷ

2140 5037 2217 5100 ὡς
2240 5036 2335 5090 νῦν
2380 5037 2646 5108 τεθέαμαι
2695 5038 2831 5110 (40).
2880 5039 3178 5109 Ἀγγέλων,
3225 5041 3380 5113 φησὶ,
3420 5041 3482 5094 τὸ
3516 5041 3592 5113 μὴ
3640 5042 3730 5094 πίο

2145 5148 2322 5199 πτειν,
2358 5133 2489 5197 ἴσως
2527 5133 2623 5186 καὶ
2655 5132 2729 5205 μὴ
2757 5133 3089 5206 δυναμένων,
3123 5134 3199 5198 ὦς
3236 5135 3368 5204 φασί
3409 5154 3554 5199 τινες
3589 5153 3603 5167 ·
3641 5137 3733 5189 ἀν·
3766 5190 3775 5199 ,

2147 5221 2384 5292 θρώπων
2412 5222 2471 5276 δὲ
2491 5222 2552 5285 τὸ
2587 5222 2828 5289 πίπτειν,
2855 5223 2948 5276 καὶ
2976 5224 3169 5277 θᾶττον
3201 5224 3527 5278 ἀνίστασθαι
3563 5242 3576 5255 ·
3610 5225 3731 5279 ὁσά-

2152 5324 2238 5371 κις
2281 5307 2440 5361 τοῦτο
2468 5307 2560 5361 καὶ
2592 5307 2834 5379 συμϐαίη
2864 5324 2875 5338 ·
2914 5309 3184 5380 δαιμόνων
3223 5309 3280 5365 δὲ
3325 5308 3424 5362 καὶ
3465 5310 3647 5380 μόνον,
3677 5308 3731 5362 τὲ
3766 5310 3771 5315 ’

2151 5401 2415 5463 πεσόντας
2452 5400 2527 5470 μὴ
2564 5399 2893 5471 ἐγείρεσθαι.

2138 5516 2276 5586 cipio
2312 5514 2524 5586 Regula:
2557 5531 2689 5571 stuc.
2721 5513 2848 5586 Hice
2899 5514 3212 5584 interpretis
3244 5515 3432 5577 verba,
3482 5531 3737 5581 quamvis

2140 5585 2195 5639 in
2233 5585 2424 5640 ordine
2451 5601 2709 5641 versuum
2736 5585 2932 5653 posita,
2963 5594 3093 5639 sunt
3127 5595 3306 5640 tamen
3346 5601 3452 5639 non
3485 5586 3736 5652 (llimaei,

2144 5657 2237 5710 ευά
2275 5672 2489 5710 merum
2515 5657 2806 5725 glossema,
2850 5656 3079 5725 proinde
3113 5672 3210 5709 nec
3246 5655 3298 5709 in
3331 5654 3538 5710 Graecis
3584 5658 3735 5712 codi-

2138 5729 2293 5781 ribus
2331 5724 2605 5794 leguntur,
2648 5741 2746 5780 nec
2777 5726 2919 5794 apud
2943 5724 3419 5780 Camalduiensein
3451 5728 3736 5795 reperiun-

2140 5812 2248 5850 tur.
2280 5797 2403 5851 Vide
2433 5795 2760 5868 Cassianum
2796 5795 2890 5852 lib.
2927 5811 3002 5864 tv,
3034 5811 3155 5868 cap.
3198 5796 3281 5864 18,
3316 5804 3371 5852 et
3401 5796 3738 5854 schollasten

2141 5868 2421 5936 Gonnum,
2457 5867 2590 5922 ibid.
