4110 6474
394 421 514 485 697
1424 431 1656 493 SCALA
1686 433 2065 497 PARADISI.
2095 463 2167 475 -
2193 438 2503 500 GRADUS
2535 442 2632 501 IV.
3563 446 3668 508 698

396 544 690 604 nunquam
710 537 941 593 cadere:
968 540 1117 608 quod
1144 540 1323 611 ipsum
1349 541 1605 611 forte,uti
1667 547 2033 616 quorumdam
2083 561 2164 605 est
2208 554 2516 618 sententia,
2560 568 2658 607 nec
2706 554 2921 622 possint
2959 572 2974 610 :
3018 557 3330 610 mortalium
3380 563 3577 620 cadere
3616 575 3670 621 et

394 640 535 680 mox
571 642 890 697 resurgere,
927 633 1362 705 quotiescunque
1393 634 1449 689 id
1481 637 1778 706 contigerit
1827 656 1843 695 :
1901 642 2211 699 daemonum
2262 649 2472 712 solum,
2540 657 2825 717 postquam
2873 648 3206 717 ceciderint,
3257 665 3535 722 nunquam
3570 673 3648 711 re.

389 735 656 786 surgere.

489 807 547 861 ‘0
577 809 674 917 τὴν
704 811 982 866 διακονίαν
1008 814 1109 884 τῆς
1144 816 1313 886 μονῆς
1378 822 1816 892 πεπιστευμένος
1846 821 1992 895 [τοῦ-
2020 832 2065 887 Α

2047 832 2065 886 ι
2163 827 2513 886 (Economus
2542 832 2779 887 coenohii
2830 832 2963 904 (qui
2995 832 3135 887 alius
3165 848 3195 887 a
3228 833 3464 891 diacono
3501 834 3670 891 fuisse

384 898 470 997 ei
494 899 965 997 poti-reeippnxe'
997 905 1136 958 Νέου
1169 923 1269 976 μου
1309 908 1487 975 ὄντος,
1519 912 1674 982 φησὶ,
1705 914 1799 966 καὶ
1827 917 1885 968 ὲν
1911 918 1976 988 τῇ

2081 921 2330 988 videtur)
2392 923 2503 993 ϐο
2554 924 2661 978 hoc
2728 926 2796 978 de
2837 898 2917 979 se
2973 924 3205 979 ﬁdenter
3257 926 3391 980 mihi
3436 941 3668 981 concre-

385 988 512 1038 τῶν
533 988 743 1094 ἀλόχων
772 991 887 1094 (ξιξ
924 994 1163 1094 φροντίδι
1201 995 1501 1066 διάγοντος,
1549 1002 1749 1072 συνέϐη
1779 1005 1979 1075 πτῶμα

2081 1012 2213 1068 didit
2247 988 2586 1087 [afﬁrmavit]
2628 1034 2653 1087 εγ
2711 1012 2882 1079 Cum,
2954 1014 3161 1083 inquit,
3228 1031 3405 1072 essem
3488 1017 3669 1072 adole-

385 1077 794 1182 κατενεχθῆναι
815 1077 921 1149 [εἰς
947 1080 1150 1152 πτῶμα
1181 1085 1392 1157 πεσεῖν]
1429 1088 1734 1159 βαρύτατον
1760 1093 1939 1163 ψυχῆς
1963 1108 1978 1123 ⁸

2082 1118 2261 1167 scena,
2282 1113 2337 1159 et
2363 1119 2549 1160 curam
2575 1106 2945 1176 jumentorum
2977 1105 3257 1171 haberem,
3288 1109 3489 1163 accidit
3523 1118 3581 1162 ut
3610 1108 3664 1161 in

385 1167 537 1270 ἐμοῦ
560 1168 632 1271 ,δὲ
684 1170 1118 1276 σεῖυνηθηκότος
1166 1176 1435 1246 μηδέποτε
1468 1180 1734 1250 κρύπτειν
1773 1185 1898 1255 ὅφιν
1922 1188 1981 1240 ὲν

2081 1194 2460 1264 gravissimam
2484 1196 2681 1249 animae
2706 1209 2905 1249 noxam
2942 1195 3275 1264 prolaberer.
3306 1197 3446 1252 Cum
3482 1210 3663 1253 autem

385 1262 595 1335 φωλεῷ
624 1262 875 1333 καρδίας,
914 1263 993 1333 τῷ
1036 1266 1207 1337 ἰατρῷ
1237 1268 1429 1323 τοῦτον
1458 1271 1557 1342 τῆς
1599 1274 1800 1346 κέρκου
1843 1272 1982 1348 κρα-

2083 1298 2434 1341 consuessem
2461 1287 2531 1353 (si
2554 1285 2683 1354 quid
2709 1300 2739 1339 a
2768 1300 2856 1339 me
2880 1297 3164 1354 peccatum
3191 1289 3358 1359 esset)
3382 1303 3665 1358 nunquam

389 1356 580 1471 τήῖῗς
622 1354 982 1471 ἐστηλὲτευσιέ
1081 1359 1279 1430 κέρκον
1316 1362 1373 1415 δὲ
1414 1363 1557 1433 λέγω
1591 1366 1653 1418 τὸ
1675 1356 1826 1432 τέλος
1877 1372 1977 1441 τῆς

2082 1386 2386 1445 serpentem
2418 1379 2471 1431 in
2501 1377 2623 1433 sinu
2652 1378 2838 1433 cordis
2863 1376 3069 1445 fovere,
3107 1377 3323 1432 medico
3353 1379 3500 1433 hunc
3535 1379 3663 1432 ani-

388 1442 656 1550 πράξεως
679 1457 695 1471 ⁸
726 1444 755 1495 ὁ
782 1444 839 1497 δὲ
863 1445 1081 1515 μειδιῶν
1111 1447 1189 1517 τῷ
1218 1449 1496 1521 προσώπῳ
1531 1455 1695 1524 φησὶν
1719 1457 1855 1527 πρός
1885 1472 1977 1528 με·

2082 1466 2191 1531 mi,
2230 1467 2624 1536 comprehensa
2655 1467 2799 1522 illius
2823 1466 3029 1531 cauda,
3064 1466 3294 1520 caudam
3332 1467 3456 1520 dico
3501 1467 3664 1520 linem

388 1535 611 1635 llain
650 1552 754 1635 μου
792 1535 892 1607 τὴν
936 1538 1163 1606 σιαγόνα
1206 1542 1481 1613 μετρίως,
1541 1544 1716 1611 ἄπιθι,
1768 1549 1976 1617 τέκνον,

2080 1557 2313 1611 actionis
2357 1556 2581 1628 (fassus
2632 1571 2828 1626 nempe
2874 1556 3055 1611 scelus
3099 1555 3325 1624 meum)
3366 1570 3667 1624 repraesen-

388 1623 525 1693 Exeo
680 1625 956 1735 διακονίας
988 1647 1105 1695 σου,
1139 1631 1215 1694 ὡς
1241 1632 1302 1686 τὸ
1330 1634 1479 1705 πρὶν,
1514 1637 1680 1708 μηδὲν
1717 1640 1777 1692 τὸ
1802 1642 1980 1713 παραε-

2081 1652 2191 1705 tari
2234 1668 2248 1703 :
2295 1623 2389 1720 qui
2435 1649 2703 1704 renidenti
2750 1623 2937 1716 vultu,
2978 1657 3035 1703 et
3080 1647 3219 1703 mala
3276 1623 3386 1701 leni
3431 1623 3664 1701 verbere

392 1732 507 1824 inv
551 1715 757 1824 δεδιώς.
800 1718 943 1824 "Eydt
988 1720 1047 1772 δὲ
1099 1721 1279 1781 πίστει
1321 1724 1573 1799 διαπύρῳ
1627 1730 1874 1795 πεισθεὶς
1918 1735 1978 1788 ὲν

2080 1715 2399 1813 permulsa;
2436 1740 2562 1806 Abi,
2589 1739 2806 1809 inquit.
2845 1739 2957 1805 ﬁli,
3001 1744 3052 1792 et
3095 1736 3324 1807 perinde
3371 1752 3435 1790 ac
3477 1735 3663 1804 prius,

398 1806 684 1876 βραχείαις
718 1808 953 1879 ἡμέραις
978 1811 1078 1882 τῆς
1100 1813 1297 1877 ἰάσεως
1316 1816 1686 1891 πληροφορίαν
1716 1823 1975 1893 εἰληφὼς,

2079 1830 2261 1887 ofﬁcio
2288 1831 2572 1885 ministerii
2605 1831 2741 1884 nihil
2773 1830 3001 1885 omnino
3033 1828 3240 1883 veritus
3265 1866 3278 1890 .
3306 1824 3662 1895 iperfungere.

398 1895 623 1967 ἔτρεχον
647 1897 747 1968 τὴν
772 1899 889 1954 ὁδόν
922 1917 1024 1971 μου
1057 1903 1266 1975 χαίρων
1305 1905 1424 1976 ἃμα
1455 1910 1548 1962 καὶ
1565 1911 1806 1982 τρέμων,

2082 1923 2195 1993 Ego
2231 1938 2397 1993 porro
2441 1921 2655 1977 ardenti
2690 1921 2794 1974 ﬁde
2829 1921 3088 1975 incensus
3125 1920 3270 1973 intra
3313 1933 3516 1988 paucos
3550 1917 3666 1973 dies

2080 2023 2192 2069 tota
2228 2014 2396 2068 animi
2440 2012 2673 2068 sanitate
2707 2018 3025 2080 recuperata
3052 2048 3067 2075 ,
3116 2009 3357 2079 gaudens
3399 2008 3561 2062 simul
3613 2017 3668 2064 et

2080 2116 2320 2161 tremens
2351 2105 2493 2159 viam
2528 2118 2704 2158 meam
2736 2102 3049 2165 currebam,

480 2190 748 2261 Κέκτηται
789 2194 939 2248 πᾶσα
982 2195 1135 2261 τάξις
1189 2200 1424 2264 κτιστῶν
1451 2242 1466 2267 ,
1515 2201 1592 2267 ὥς
1635 2206 1768 2274 φασί
1807 2222 1974 2272 τινες,
2004 2168 2054 2228 Β

2041 2172 2054 2226 ι
2151 2201 2209 2255 1η
2259 2199 2406 2253 omni
2459 2212 2643 2252 rerum
2692 2211 2723 2250 a
2779 2196 2888 2251 Deo
2941 2200 3247 2248 creatarum
3299 2200 3447 2247 statu
3511 2198 3664 2247 certa

400 2280 664 2351 διαφορὰς
686 2283 1075 2356 διαφερόντων.
1119 2289 1272 2344 Ἐπεὶ
1305 2288 1398 2346 οὖν
1421 2288 1561 2364 ἦσαν
1592 2296 1687 2348 καὶ
1722 2296 1871 2366 παρὰ
1908 2300 1974 2370 τῇ

2078 2299 2206 2347 sunt
2235 2290 2575 2354 discrimina,
2612 2297 2669 2342 ut
2705 2287 2872 2356 aliqui
2908 2286 3289 2340 observarunt.
3330 2285 3391 2336 ln
3443 2282 3665 2350 religio-

396 2371 606 2442 συνόδῳ
634 2373 744 2425 τῶν
776 2374 1019 2444 ἀδελφῶν
1058 2382 1354 2449 προκοπῶν
1385 2384 1481 2435 καὶ
1515 2383 1749 2455 γνωμῶν
1787 2386 1976 2455 διαφο-

2077 2399 2263 2440 sorum
2320 2383 2489 2452 igitur
2535 2381 2778 2434 virorum
2828 2376 3187 2432 contubernio
3233 2375 3376 2430 alius
3429 2374 3662 2429 aliorum

396 2463 492 2534 ραί
526 2481 542 2495 ⁸
575 2465 715 2518 ἐπάν
751 2482 905 2530 τινας
938 2468 1143 2523 τούτων
1176 2473 1204 2525 6
1246 2473 1431 2543 ἰατρὸς
1480 2475 1850 2544 φιλενδείκτας
1883 2480 1978 2533 ἐπὶ

2077 2482 2163 2529 est
2210 2473 2491 2543 profectus
2515 2480 2571 2526 et
2594 2484 2811 2525 sensus.
2851 2467 2989 2523 Cum
3028 2465 3318 2520 nonnullos
3354 2463 3660 2517 animorum

390 2558 520 2617 ταῖς
545 2555 658 2608 τῶν
687 2556 829 2610 κατὰ
874 2558 1078 2629 κόσμον
1104 2565 1163 2615 ὲν
1191 2565 1260 2634 τῇ
1311 2569 1445 2635 μονῇ
1492 2568 1810 2639 ὲπιδημίαις
1850 2573 1978 2643 ἐση-

2078 2564 2323 2619 medicus
2361 2561 2820 2622 animadverteret
2881 2557 2934 2611 in
2978 2555 3366 2627 congressibus
3408 2563 3664 2607 externo-

392 2644 643 2713 μειοῦτο,
685 2646 780 2698 καὶ⁵
810 2646 1037 2712 τούτους
1086 2653 1180 2704 ἐπὶ
1228 2654 1433 2708 τούτων
1463 2658 1721 2727 ἐσχάταις
1762 2641 1974 2733 ὕϐρεσι,

2077 2670 2222 2720 rum,
2244 2668 2371 2708 cum
2394 2651 2704 2707 coenobium
2733 2649 3062 2711 inviserent,
3094 2661 3213 2700 sese
3240 2651 3535 2706 ostentare,
3563 2641 3662 2695 hos

392 2738 495 2792 καὶ
520 2739 821 2802 διακονίαις
852 2741 1205 2815 ἀτιμοτέραις
1242 2747 1498 2819 [ἐνώπιον
1532 2751 1781 2825 ἐκείνων]
1823 2771 1978 2825 περι-

2077 2746 2323 2810 notabat,
2349 2753 2405 2798 et
2433 2743 2540 2796 illis
2569 2740 2959 2811 praesentibus,
2994 2733 3380 2807 abjeclissimis
3412 2734 3657 2786 ministe-

389 2830 625 2884 ἔϐαλλεν
660 2849 675 2862 ·
716 2831 857 2886 ὥστε
896 2834 1082 2891 λοιπὸν
1125 2837 1399 2909 δρομαίως
1445 2824 1775 2915 ὑποχωρεῖν,
1812 2824 1978 2916 ήνίκα

2077 2839 2201 2903 riis,
2232 2837 2440 2892 ultimis
2480 2835 2643 2889 etiam
2674 2832 2938 2887 conviciis
2984 2837 3276 2891 oneratos,
3322 2824 3659 2894 occupabat,

385 2920 436 2972 δ’
478 2919 546 2972 ἄν
572 2936 735 2975 τινων
776 2921 884 2975 τῶν
925 2925 1068 2979 κατὰ
1116 2928 1320 2997 κόσμον
1370 2931 1665 3002 ἐπιδημίαν
1705 2934 1933 2991 ἔδλεπον
1958 2954 1972 2969 ·

2076 2932 2156 2986 uti
2188 2930 2446 2998 deinceps
2480 2928 2580 2989 illi,
2625 2941 2749 2981 cum
2800 2926 2854 2978 in
2900 2923 3145 2993 hospites
3188 2920 3529 2981 inciderent,
3562 2931 3662 2971 ex-

384 3013 490 3065 καὶ
530 3008 602 3065 ἦν
659 3012 864 3067 ἰδέσθαι
898 3015 1172 3086 ὑπερφυὲς
1217 3020 1283 3072 τὸ
1316 3021 1623 3091 γινόμενον,
1672 3025 1841 3097 αὐτὴν
1877 3028 1977 3099 τὴν

2079 3025 2281 3094 templo
2333 3037 2393 3077 se
2442 3021 2510 3074 ab
2540 3034 2730 3073 eorum
2766 3023 2989 3085 aspectu
3029 3012 3416 3068 subducerent.
3448 3007 3513 3060 Et
3546 3015 3664 3060 erat

384 3103 701 3170 κενοδοξίαν
729 3108 930 3179 ἑαυτὴν
966 3108 1354 3177 ὲκδιὼκουσαν,
1390 3112 1487 3166 καὶ
1522 3113 1632 3166 τῶν
1669 3114 1976 3187 ἀνθρώπων

2078 3114 2308 3170 monstri
2350 3111 2528 3168 simile
2572 3109 2754 3164 videre
2781 3121 2979 3160 vanam
3014 3103 3240 3175 gloriam
3276 3101 3507 3168 seipsam
3546 3112 3663 3167 per-

384 3194 878 3263 ἀποκρύπτουσαν.
913 3197 1002 3268 Μὴ
1038 3200 1299 3268 στερῆσαί
1344 3218 1410 3272 με
1446 3201 1649 3273 Κύριος
1684 3206 1832 3259 ὁσίου
1864 3209 1977 3261 Πα-

2078 3211 2436 3277 sequentem,
2492 3200 2889 3267 hominumque
2945 3202 3226 3264 aspectum
3278 3189 3658 3259 refugientem.

383 3285 517 3357 τρὸς
567 3286 737 3356 εὐχῆς
788 3287 1129 3358 βουλόμενος,
1189 3293 1295 3363 πρὸ
1344 3294 1475 3363 μιᾶς
1527 3295 1824 3366 ἑϐδομάδος

2076 3298 2342 3355 Caeterum
2368 3310 2491 3349 eum
2524 3308 2611 3346 me
2641 3290 2908 3345 Dominus
2943 3286 3110 3352 nollet
3151 3284 3364 3353 privare
3404 3278 3661 3349 precibus

390 3375 529 3444 ἐμῆς
606 3375 704 3428 τοῦ
789 3377 938 3430 ὁσίου
1018 3379 1188 3432 τόπου
1274 3381 1600 3448 ὲξελεύσεως
1636 3424 1653 3450 ,
1712 3386 1979 3457 προσελά-

2078 3389 2258 3445 sancti
2285 3385 2567 3456 cujusdam
2596 3382 2794 3448 Patris,
2826 3394 2988 3448 quem
3022 3392 3053 3431 e
3085 3377 3213 3438 vita,
3238 3388 3348 3427 una
3375 3379 3501 3425 ante
3531 3369 3663 3424 heb-

394 3465 520 3518 ὕετο
575 3467 670 3520 τὸν
727 3467 797 3521 τά
863 3468 1093 3541 δεύτερα
1161 3470 1255 3525 τοῦ
1313 3474 1570 3541 ποιμένος
1667 3477 1923 3532 διέποντα
1957 3518 1971 3544 ,
2003 3524 2017 3546 Α

2036 3525 2042 3543 ,
2076 3479 2307 3536 domade
2337 3519 2353 3544 ,
2381 3491 2542 3546 quam
2580 3490 2610 3528 e
2635 3469 2969 3527 monasterio
2992 3466 3347 3525 discederem,
3376 3462 3430 3516 in
3459 3459 3659 3515 caelum

394 3556 561 3624 ἄνδρα
627 3558 943 3630 θαυμαστὸν
969 3603 985 3628 ,
1025 3523 1038 3541 ⁸
1073 3523 1266 3633 Μηνᾶν
1638 3523 2017 3640 «Euasit—:9

2040 3527 2042 3537 .
2077 3523 2307 3536 ...πω-..υ
2337 3523 2353 3544 ,
2384 3523 2542 3546 ηπ---
2586 3523 2607 3528 -
2807 3523 2844 3525 -,
3336 3523 3343 3525 ν

2040 3558 2043 3574 ’
2077 3576 2468 3640 assumpserat,
2505 3567 2681 3620 virum
2713 3579 2844 3618 sane
2865 3560 3123 3615 eximium
3152 3598 3167 3623 ,
3198 3563 3251 3612 et
3286 3553 3580 3625 dignitate,
3607 3558 3663 3605 et

393 3647 545 3699 ἐννέα
570 3646 666 3717 ἔτη
689 3648 886 3719 ἔχοντα
906 3652 962 3705 ἐν
982 3650 1059 3722 τῷ
1082 3654 1349 3722 κοινοὸίῳ,
1375 3656 1558 3710 λοιπὸν
1582 3658 1976 3731 διακονήσαντα

2077 3662 2253 3719 oﬁicio
2294 3661 2606 3731 proximum
2651 3672 2679 3710 a
2728 3651 3147 3713 roenohiarcha,
3195 3645 3405 3701 Menam
3443 3646 3522 3713 (a)
3563 3656 3661 3695 no-

392 3743 571 3795 πᾶσαν
599 3742 895 3798 διακονίαν.
938 3746 1016 3816 Τῇ
1047 3741 1140 3800 οὖν
1170 3747 1352 3819 ἡμέρᾳ
1378 3752 1443 3820 τῇ
1479 3751 1658 3822 τρίτῃ,
1699 3752 1856 3824 ήμῶν
1885 3752 1976 3807 τὸν

2077 3756 2247 3821 mine,
2275 3754 2367 3824 qui
2404 3752 2554 3822 ipsos
2587 3750 2693 3821 61
2730 3761 2921 3801 norem
2964 3737 3444 3812 etquinquaginta
3487 3748 3660 3787 annos

394 3833 595 3905 συνήθη
633 3833 835 3888 κανόνα
862 3839 962 3906 τῆς
996 3836 1091 3890 τοῦ
1134 3838 1279 3891 ὁσίου
1320 3842 1630 3912 κοιμήσεως
1668 3842 1977 3896 ἐπιτελούν-

2076 3849 2131 3903 ἰιι
2180 3845 2432 3902 εωιιοῠίο
2461 3848 2752 3913 exegerat,
2799 3847 2852 3893 et
2885 3839 3051 3892 totius
3083 3835 3278 3888 domus
3300 3869 3315 3894 ,
3359 3827 3657 3884 secundum

398 3939 523 3989 των,
550 3924 810 3996 ἐξαίφνης
834 3927 1185 3992 εὐωδιάζεται
1213 3915 1381 3993 ὄλοςὸ
1409 3932 1604 4003 χῶρος,
1636 3934 1694 3986 ὲν
1713 3928 1756 4001 ᾧ
1782 3935 1810 3987 ὁ
1830 3936 1977 3999 ὅσιος

2077 3935 2364 3996 abbatem,
2413 3927 2949 3985 administrationem
3001 3922 3252 3978 habebat.
3308 3918 3450 3986 Ergo
3498 3915 3658 3969 tertio

400 4018 691 4073 κατέκειτο.
735 4021 1066 4092 Ἐπέτρεψεν
1125 4019 1218 4077 οὖν
1244 4026 1273 4078 ὁ
1305 4025 1477 4096 μέγας
1520 4028 1642 4098 τὴν,
1677 4029 1734 4081 ὲν
1841 4047 1974 4083 κατ·

2074 4033 2198 4095 post
2243 4022 2415 4078 sancti
2461 4021 2561 4074 viri
2613 4028 2846 4072 mortem
2889 4015 3012 4080 die,
3049 4029 3172 4069 eum
3217 4017 3507 4065 consuetas
3557 4019 3659 4073 pro

394 4108 577 4179 ετέθη,
610 4112 781 4182 θήκην
818 4114 846 4165 6
875 4114 1022 4178 ὅσιος
1052 4116 1438 4170 ἀποσκεπάσαι
1465 4119 1633 4187 ἡμᾶς’
1658 4119 1755 4173 καὶ
1786 4120 1974 4175 τούτου

2074 4117 2165 4171 illo
2190 4129 2376 4184 preces
2395 4121 2449 4166 et
2477 4109 2776 4179 exsequias
2798 4107 3220 4166 celebrarentus,
3246 4108 3464 4168 repente
3484 4104 3658 4148 totum

388 4202 701 4271 γενομένου,
731 4205 948 4276 ὁρῶμεν
971 4208 1171 4272 πάντες
1199 4212 1264 4262 ὲκ
1296 4210 1404 4262 τῶν
1432 4185 1597 4264 αύτοῦ
1626 4213 1823 4282 τιμίων
1847 4213 1974 4266 πελ·-

2074 4205 2311 4269 odeum,
2345 4219 2440 4258 seu
2473 4202 2627 4257 locus
2654 4202 2707 4255 in
2733 4214 2843 4269 quo
2878 4199 3043 4252 funus
3074 4193 3309 4265 jacebat,
3342 4185 3658 4259 gratissimo

383 4293 572 4361 μάτων
604 4293 761 4366 δίκην
789 4275 884 4349 δύο
911 4299 1104 4369 πηγῶν
1138 4300 1234 4371 τὴν
1266 4300 1362 4353 τοῦ
1395 4301 1571 4372 μύρου
1610 4275 1839 4357 εὐωδίαν
1883 4306 1974 4358 ἐκ·-

2074 4297 2241 4353 odore
2284 4294 2542 4366 perfusus
2573 4294 2900 4360 completur.
2953 4287 3140 4357 Itaque
3175 4298 3376 4354 praeses
3417 4275 3657 4333 crnnubii

377 4388 790 4457 πορευομένων.
818 4391 970 4456 Τότε,
1001 4393 1164 4463 φησὶν
1189 4394 1217 4447 6
1241 4393 1554 4457 διδάσκαλος
1584 4397 1718 4466 πρὸς
1741 4397 1970 4462 πάντας,

2070 4391 2223 4461 jubet
2251 4388 2450 4458 aperiri
2484 4386 2740 4441 feretrum
2768 4402 2784 4451 ;
2818 4392 2934 4437 tum
2968 4395 3099 4434 vero
3135 4382 3428 4448 praesentes
3465 4384 3657 4422 omnes

373 4478 577 4547 69512;
610 4479 721 4534 ίδοὺ
745 4481 796 4533 οἱ
823 4482 932 4536 τῶν
963 4484 1143 4538 πόνων
1172 4483 1396 4557 [ποδῶν]
1437 4485 1623 4551 αὐτοῦ,
1661 4489 1756 4540 καὶ
1789 4489 1971 4542 κόπων

2073 4482 2349 4538 cernimus
2386 4494 2455 4535 ex
2480 4476 2806 4534 venerandis
2839 4474 2960 4544 ejus
2993 4470 3195 4543 plantis
3223 4468 3471 4537 geminos
3500 4462 3655 4531 quasi

374 4568 608 4637 ἱδρῶτες
632 4569 805 4640 μύρον
827 4572 947 4643 Θεῷ
972 4575 1445 4647 προσηνέχθησαν.
1469 4578 1580 4630 Καὶ
1602 4576 1838 4649 ἀληθῶς.
1863 4581 1972 4634 Καὶ

2074 4575 2250 4630 fontes
2296 4571 2589 4642 fragrantis
2626 4566 2892 4638 unguenti
2941 4562 3231 4620 scaturire.
3278 4558 3462 4626 Quare
3513 4570 3655 4626 prte-

369 4660 516 4714 ἆλλα
541 4679 604 4715 τε
633 4662 862 4719 πλεῖστα
883 4668 1018 4737 ἡμῖν
1045 4669 1175 4739 περὶ
1198 4669 1364 4722 αὐτοῦ
1389 4669 1482 4723 τοῦ
1504 4671 1763 4725 πανοσίου
1785 4674 1966 4744 Μηνᾶ,

2073 4669 2243 4721 fectus
2275 4660 2589 4719 monasterii
2624 4677 2636 4711 :
2675 4658 2901 4722 Videtis,
2927 4655 3126 4725 inquit,
3168 4666 3381 4715 omnes,
3412 4649 3656 4702 miracu-

368 4753 429 4806 ol.
456 4752 554 4806 τοῦ
582 4755 750 4809 τόπου
785 4758 1024 4829 πατέρες
1058 4760 1462 4830 κατορθώματα
1504 4740 1875 4834 ἀπήγγειλαν,⁷
1910 4769 1969 4818 ὲν

2073 4757 2222 4813 lum?
2256 4772 2325 4811 en
2362 4755 2608 4809 laborum
2643 4758 2697 4807 et
2728 4750 3113 4818 fatigationum
3158 4762 3188 4801 e
3232 4745 3458 4813 pedibus
3482 4740 3656 4811 ipsius

367 4839 463 4908 οἷς
488 4847 584 4899 καὶ
609 4846 769 4901 τοῦτο
799 4849 1006 4919 ελεγον.
1038 4851 1161 4905 Ὅτι
1188 4853 1321 4921 φασί
1351 4868 1481 4905 ποτε
1509 4856 1538 4906 6
1568 4854 1845 4924 προεστὼς
1868 4856 1969 4924 τὴν

2034 4848 2315 4919 texpressi
2373 4845 2643 4907 sudores,
2706 4852 2816 4896 tam
2864 4850 3078 4910 gratum
3124 4836 3235 4891 Deo
3279 4835 3501 4889 odorem
3552 4848 3657 4885 un-

366 4935 549 4989 αὐτοῦ
597 4937 931 5010 θεοδώρητον
969 4941 1251 5013 ὑπομονὴν
1286 4942 1578 5013 δοκιμάσαι
1617 4923 1966 5015 βουλόμενος,

2073 4940 2257 5009 gucuti
2305 4937 2431 5006 (per
2463 4933 2770 4989 obedientiw
2808 4926 3167 4998 sacriﬁcium)
3209 4927 3546 5015 obtulerunt.
3588 4923 3655 4975 Et

368 5026 674 5082 ἀνελθόντα
700 5030 861 5084 αὐτὸν
904 5033 962 5084 ἐν
984 5031 1064 5102 τῷ
1095 5012 1456 5104 ήγουμενείω,
1490 5035 1583 5087 κα)⁸
1609 5012 1837 5104 βαλόντα
1869 5053 1967 5105 με-

2073 5046 2199 5086 vere
2237 5044 2389 5085 sane.
2421 5026 2557 5081 Nam
2586 5041 2711 5080 cum
2760 5032 2815 5078 et
2850 5023 2954 5077 alia
2999 5022 3234 5092 plurima
3267 5014 3424 5070 nobis
3454 5014 3522 5068 de
3559 5012 3654 5063 illo

368 5118 602 5174 τάνοιαν
630 5122 871 5193 ἑσπέρας
901 5121 978 5193 τῷ
1006 5124 1313 5195 ήγουμένῳ,
1363 5124 1666 5196 παράθεσίν
1695 5143 1753 5179 τε
1785 5127 1966 5181 λαϐεῖν

2073 5123 2424 5179 sanctissimo
2463 5119 2620 5174 Mena
2647 5117 2839 5172 Patres
2874 5115 2947 5169 illi
2980 5113 3237 5184 praeclara
3278 5109 3413 5162 facta
3464 5118 3655 5158 narra—

370 5208 630 5279 συνήθως
666 5209 1001 5275 ἱκετεύοντα,
1038 5211 1221 5265 είασεν
1254 5212 1417 5266 αὐτὸν
1445 5211 1616 5275 οὕτως
1646 5213 1821 5283 χαμαὶ
1849 5213 1965 5266 κεί.

2073 5222 2221 5277 runt,
2259 5221 2369 5267 tum
2404 5212 2508 5265 hoc
2539 5212 2677 5264 inter
2707 5210 2799 5263 illa
2832 5224 2845 5261 :
2884 5208 3052 5270 Cum,
3083 5205 3371 5273 inquiunt,
3403 5197 3654 5250 inodera-

373 5316 543 5370 μενον
589 5298 721 5369 ἄχρι
771 5299 868 5353 τοῦ
898 5301 1144 5363 ¹κανόνος
1191 5298 1340 5369 ὥρας
1367 5317 1380 5331 ·
1427 5300 1550 5354 τότε
1587 5300 1772 5354 λοιπὸν
1801 5300 1965 5354 αὐτὸν

2071 5313 2152 5355 tor
2173 5300 2406 5356 coenobii
2430 5301 2558 5354 olim
2591 5299 2875 5353 statuisset
2900 5297 3138 5351 divinam
3166 5293 3311 5347 illius
3335 5286 3652 5359 patientiam

371 5390 702 5462 εὐλογήσας,
729 5392 827 5445 καὶ
855 5391 1172 5463 λοιδορήσας
1201 5393 1276 5457 ὡς
1308 5392 1682 5463 φιλενδείκτην
1746 5393 1842 5445 καὶ
1870 5396 1964 5448 ἁνο

2064 5393 2372 5464 explorare,
2403 5401 2765 5447 revertentem
2800 5389 3049 5444 alicunde
3076 5385 3321 5446 domum,
3354 5390 3406 5434 et
3441 5376 3652 5445 vesperi

370 5484 724 5552 υπομόνητον
765 5482 1083 5554 ἀνέστησεν.
1121 5483 1416 5552 Ἐγίνωσκε
1461 5484 1570 5554 γὰρ
1613 5485 1642 5536 6
1689 5485 1853 5546 ὅσιος,
1879 5484 1962 5536 ὅτι

2063 5485 2133 5540 ad
2169 5487 2393 5540 modum
2429 5485 2744 5555 paenitentis
2775 5491 2901 5537 ante
2930 5479 3093 5551 pedes
3133 5475 3376 5547 praesidis
3405 5480 3651 5542 prostra-

374 5574 642 5645 ὑποφέρει
689 5575 953 5643 γενναίως
978 5591 991 5604 ⁸
1042 5575 1124 5628 διὸ
1155 5576 1248 5629 καὶ
1278 5575 1337 5627 τὲ
1368 5575 1553 5647 δρᾶμα
1588 5574 1724 5645 πρὸς
1754 5573 1960 5626 οἰκοδο-

2064 5583 2204 5639 tum,
2240 5584 2295 5629 ct
2327 5589 2425 5644 pro
2464 5590 2615 5630 more
2655 5573 2885 5644 gratiam
2916 5565 3307 5625 benedictionis
3341 5569 3607 5634 petentem
3632 5597 3647 5620 .

378 5667 489 5739 μὴν
517 5670 654 5721 πᾶσι
686 5669 1009 5740 πεποίηκεν.
1065 5669 1123 5722 Ὀ
1165 5669 1220 5721 δὲ
1250 5670 1439 5723 τούτου
1486 5670 1636 5740 ἡμᾶς
1673 5666 1766 5720 τοῦ
1814 5667 1961 5721 ὁσίου

2077 5665 2157 5719 sic
2195 5666 2341 5719 humi
2375 5662 2645 5736 abiectum
2675 5662 2896 5733 reliquit
2932 5661 3087 5716 Pater
3126 5670 3298 5726 usque
3338 5654 3404 5708 ad
3462 5662 3649 5722 preces

450 5841 531 5909 La)
564 5840 640 5897 De
678 5842 787 5898 alio
814 5842 1058 5913 ejusdem
1092 5842 1326 5899 nominis
1375 5840 1528 5898 Mena
1574 5839 1621 5897 Ι.
1675 5840 1946 5907 Eviratus,
1992 5858 2043 5912 p.
2078 5843 2163 5899 45.
