4110 6476
434 417 538 479 699
1687 417 1748 477 8.
1784 416 2015 477 ῙΟΑΝΝ

2128 414 2437 483 CLIMACI
3584 407 3695 470 700

437 528 742 584 canonicas
774 526 849 597 (a)
872 568 885 593 ,
918 535 1032 582 tum
1063 525 1284 581 demum
1311 539 1396 596 pta
1426 526 1738 595 precatione
1771 525 2015 596 imperti-

2118 524 2280 594 Μηνᾶ
2313 520 2562 593 μαθητὴς
2595 517 2959 589 ὲπληροφόρει
2992 517 3140 591 ἡμᾶς
3177 516 3245 570 τὰ
3281 515 3424 571 κατά
3450 514 3543 568 τὸν
3570 513 3696 566 ἑπι-

437 628 551 672 tum
603 618 751 689 (non
791 626 969 672 tamen
1005 617 1123 672 sine
1151 615 1603 685 reprehensione,
1652 618 1813 688 quasi
1862 627 2010 674 esset

2118 616 2319 684 στάτην
2369 609 2757 684 [διδάσκαλονι.
2813 609 2904 663 Διὸ
2957 608 3069 674 καὶ,
3125 608 3309 679 φησὶν,
3358 604 3494 676 ἐμοῦ
3526 605 3696 658 mlu-

434 715 736 762 ostentator
774 717 828 762 et
867 706 1220 776 impatiens),
1268 720 1493 777 surgere
1525 705 1730 775 jussit,
1785 717 2013 761 noverat

2117 703 2603 774 πραγμονήσαντος
2645 699 2806 753 αὐτὸν
2825 739 2839 763 ,
2885 700 2934 751 εί
2978 697 3085 769 ἄρα
3117 698 3175 750 ἐν
3202 700 3269 768 τῇ
3289 696 3521 771 εοιαύτῃ
3555 695 3695 764 πρὸς

436 800 636 870 quippe
657 798 998 855 venerandus
1018 812 1214 867 praeses
1226 812 1553 868 generosum
1571 799 1719 855 illius
1740 798 2008 864 animum,

2117 796 2206 849 τὸν
2237 792 2539 864 ἡγούμενον
2564 791 2881 861 γονυκλισίᾳ
2914 789 3067 861 ὕπνῳ
3098 789 3429 860 κατηνέχθη,
3458 788 3698 857 ἐπληρο-

436 891 582 959 quod
623 892 674 945 id
720 891 933 946 fortiter
967 888 1135 945 ferret
1174 907 1189 945 :
1232 905 1351 960 quae
1382 891 1542 946 etiam
1579 907 1745 947 causa
1786 890 1921 958 fuit,
1950 899 2012 945 ut

2117 891 2297 963 φόρει,
2323 891 2509 962 φησιν,
2537 889 2612 953 ὡς
2638 890 2782 944 ἅπαν
2807 888 2868 942 τὸ
2894 887 3205 957 Ψαλτήριον
3233 886 3411 956 χαμαὶ
3440 882 3697 952 κείμενον

436 979 579 1034 hanc
633 995 853 1035 scenam
906 982 974 1034 ad
1033 981 1278 1034 omnium
1335 980 1645 1051 exemplum
1698 980 2009 1037 adornaret.

2121 979 2505 1050 ἀποστηθίσαι.
2547 980 2622 1031 Οὐ
2662 977 2875 1047 παρίδω
2907 973 3018 1044 ἐγὼ
3044 973 3449 1042 ἐγκαλλωπίσαι
3476 971 3568 1024 τὸν
3597 969 3692 1023 τοῦ

434 1072 609 1141 Atque
633 1074 747 1126 haec
777 1072 844 1126 de
873 1071 1302 1127 archimandrita
1327 1073 1632 1144 discipulus
1652 1075 1813 1145 hujus
1836 1075 2011 1129 sancti

2117 1072 2275 1141 λόγου
2306 1072 2569 1141 στέφανον
2602 1070 2699 1124 καὶ
2727 1069 2806 1139 τῷ
2833 1067 3060 1138 παρόντι
3085 1064 3402 1137 σμαράγδῳ.

438 1163 610 1221 Mente
639 1165 796 1222 nobis
823 1174 1053 1223 testatus
1081 1186 1094 1222 :
1127 1166 1471 1240 Quapropter
1496 1209 1511 1236 ,
1546 1170 1757 1241 inquit,
1782 1184 1908 1225 cum
1966 1168 2240 1225 curiosius
2292 1168 2402 1243 62
2439 1181 2740 1238 quaererem
2777 1180 2845 1220 ex
2882 1164 3034 1234 ipso,
3066 1178 3136 1216 an
3189 1162 3243 1217 in
3295 1161 3387 1215 illa
3422 1167 3533 1213 tam
3568 1159 3694 1213 diu-

436 1265 598 1312 turna
643 1261 1052 1330 geniculatione
1091 1263 1159 1317 ad
1206 1263 1374 1333 pedes
1420 1265 1505 1320 sui
1545 1265 1794 1335 praesidis
1854 1265 2046 1335 jacens
2104 1264 2258 1319 nullo
2305 1278 2507 1323 somno
2552 1261 2719 1327 fuerit
2762 1268 3086 1329 correptus,
3134 1266 3322 1312 sancte
3361 1255 3691 1317 afﬁrmavit,

436 1360 604 1404 totum
645 1367 703 1406 se
751 1352 901 1407 humi
931 1354 1202 1423 jacentem
1232 1356 1557 1413 Psalterium
1589 1360 1872 1415 recitasse.
1928 1357 2047 1413 Non
2095 1350 2435 1414 committam
2468 1356 2605 1426 quin
2657 1354 2931 1410 sermonis
2984 1352 3088 1406 mei
3140 1364 3399 1406 coronam
3441 1347 3693 1419 praesenti

436 1440 584 1495 velut
613 1440 904 1510 smaragdo
940 1442 1228 1499 illustrem.

507 1530 653 1596 Fuit,
683 1548 807 1595 cum
839 1534 1168 1603 quibusdam
1198 1553 1262 1592 ex
1301 1539 1580 1608 praeclaris
1613 1539 1720 1595 illis
1744 1538 2006 1594 Patribus

2182 1533 2467 1604 Κεκίνηκά
2506 1549 2637 1586 ποτε
2679 1530 2811 1602 περὶ
2853 1528 3083 1600 ήσυχίας
3123 1529 3281 1596 λόγον
3309 1529 3421 1582 τισὶ
3458 1529 3567 1583 τῶν
3593 1531 3690 1584 ἀν-

436 1638 693 1693 poneretn
735 1627 1093 1695 quaestionem
1136 1630 1202 1684 de
1243 1631 1352 1686 vita
1400 1634 1585 1702 quieta
1626 1643 1680 1689 et
1721 1633 2004 1700 solitaria;

438 1722 553 1768 tum
586 1714 699 1788 illi,
743 1717 1045 1774 subrideati
1083 1721 1234 1776 vultu
1278 1721 1496 1791 placido
1539 1739 1691 1779 more
1732 1725 2005 1781 comiter:

438 1799 548 1857 Nos
571 1842 585 1868 ,
627 1817 662 1863 ο
702 1814 855 1873 pater
877 1804 1111 1867 Joannes
1135 1849 1151 1875 ,
1190 1806 1471 1880 inquiunt,
1499 1829 1620 1868 cum
1653 1830 1683 1869 e
1714 1830 2008 1886 corporum

2111 1626 2437 1697 δρειοτάτων
2482 1625 2753 1698 γερόντων
2799 1622 3021 1676 ἐκείνων
3044 1638 3059 1653 ο
3111 1625 3162 1676 οἱ
3192 1621 3249 1675 δὲ
3296 1621 3569 1692 μειδιῶντι
3611 1622 3692 1694 τῷ

2114 1717 2414 1789 προσώπῳ,
2449 1718 2546 1770 καὶ
2590 1714 2762 1784 ίλαρῷ
2805 1714 2923 1785 ἤθει
2955 1713 3189 1777 ἀστείως
3219 1714 3352 1781 φασὶ
3396 1714 3530 1785 πρός
3584 1731 3689 1784 με·

2124 1810 2342 1880 Ἡμεῖς,
2383 1803 2430 1862 ὧ
2459 1807 2635 1878 πάτερ
2680 1806 2924 1875 Ἰωάννη,
2965 1804 3139 1858 sum
3173 1802 3324 1865 δντες
3357 1801 3693 1874 ὑλικωτιραν

438 1895 784 1951 concretione
806 1907 1143 1963 constemus,
1165 1915 1336 1969 genus
1350 1903 1471 1957 vita:
1487 1906 1810 1975 corporibus
1828 1909 2011 1978 aptius

2117 1902 2210 1954 καὶ
2230 1901 2455 1972 ἀγωγὴν
2479 1896 2851 1970 μετερχόμεθα
2874 1913 2887 1926 ·
2916 1898 3095 1950 ἐκεῖνο
3116 1893 3528 1965 προκρίναντες,
3552 1892 3694 1946 κατά

437 1985 706 2056 complexi
732 2003 951 2069 sumus,
975 1990 1080 2045 rati
1104 1990 1235 2045 illud
1265 2008 1297 2047 e
1335 2008 1395 2049 re
1419 2004 1602 2051 nostra
1629 1994 1746 2053 fore
1773 2000 1967 2055 melius
1989 2042 2006 2067 ,

437 2076 484 2131 si
518 2092 617 2146 pro
646 2078 859 2134 ratione
885 2080 1277 2138 imbecillitatis
1307 2085 1563 2142 humana:
1596 2105 1768 2158 genus
1791 2106 2015 2162 quoque

439 2169 564 2223 belli
596 2171 813 2227 mollius
841 2173 1150 2231 subiremus
1173 2217 1187 2241 ,
1224 2184 1426 2232 etcum
1458 2179 1772 2239 hominibus
1802 2185 2011 2254 potius,

437 2261 575 2316 alias
598 2262 816 2332 quidem
846 2263 1116 2331 (ﬂentis,
1144 2268 1282 2323 alias
1311 2285 1443 2324 vero
1470 2287 1686 2328 rursum
1718 2275 2012 2333 mitescen-

436 2352 580 2421 tibus
607 2364 662 2408 et
696 2356 1106 2424 pcenitentibus,
1132 2376 1296 2430 quam
1328 2377 1451 2417 cum
1487 2364 1829 2422 daemonibus
1859 2378 2014 2424 arter-

436 2443 521 2502 nis
578 2446 793 2517 generis
846 2446 1068 2504 humani
1114 2450 1363 2512 hostibus
1405 2468 1619 2529 semper
1669 2456 2010 2533 furentibus,

434 2554 651 2608 semper
686 2542 741 2594 in
789 2554 891 2596 nos
936 2538 1164 2600 armatis
1206 2548 1632 2608 decertaremus.
1685 2553 1839 2609 Alius
1883 2572 2014 2613 vero

431 2641 499 2680 ex
523 2626 867 2697 illolsemper
899 2629 1175 2688 laudando
1204 2632 1427 2689 Patrum
1458 2646 1603 2691 etetu
1629 2639 1894 2711 singulari
1926 2660 2014 2700 me

430 2717 628 2779 alfectu
655 2758 672 2783 ,
703 2729 757 2773 et
785 2729 976 2775 sancto
1009 2737 1194 2777 amore
1226 2724 1532 2796 ﬁduciaque
1563 2733 1920 2801 complexus:
1954 2736 2012 2794 Si

2114 1993 2175 2046 τὸ
2220 1992 2416 2063 μέτρον
2463 1990 2564 2059 τῆς
2610 1988 2819 2042 ἑαυτῶν
2856 1987 3136 2050 ἀσθενείας
3181 1985 3275 2039 καὶ
3317 1984 3408 2037 τὸν
3457 1984 3693 2052 πόλεμον

2114 2083 2368 2138 ὑπελθεῖν
2394 2101 2408 2115 ⁸
2458 2083 2682 2151 ἄμεινον
2707 2080 3055 2150 λογισάμενοι
3082 2077 3392 2149 ἀνθρώποις
3418 2077 3693 2141 παλαίειν,

2112 2179 2225 2240 τοῖς
2258 2192 2388 2229 ποτε
2423 2173 2521 2245 μὲν
2556 2172 2920 2245 ἡγριωμένοις
2941 2209 2956 2235 ,
2998 2169 3128 2223 ποτὶ
3150 2169 3208 2223 δὲ
3234 2168 3576 2239 μετανοοῦσι,
3596 2168 3695 2219 καὶ

2117 2266 2191 2338 μὴ
2221 2265 2439 2337 δαίμοσι
2467 2264 2578 2335 (42)
2606 2264 2694 2316 δια
2725 2261 2926 2325 παντὸς
2957 2261 3094 2330 πρὸς
3135 2261 3281 2332 ἡμᾶς
3338 2260 3693 2330 μαινομένοις

2114 2360 2208 2412 καὶ
2236 2356 2632 2426 ὁπλιζομένοις.
2667 2356 2892 2424 Ἕτερος
2920 2354 2977 2407 δὲ
3008 2349 3167 2416 αὖθις
3190 2352 3299 2406 τῶν
3326 2353 3692 2422 ἀειμνηστων,

2113 2446 2316 2517 πολλὴν
2347 2446 2482 2515 πρός
2519 2460 2589 2514 με
2624 2443 2725 2514 τὴν
2754 2442 2897 2497 κατὰ
2926 2443 3057 2496 Θεὸν
3088 2443 3308 2512 ἀγάπην
3350 2444 3447 2495 καὶ
3477 2443 3693 2512 παρρη-

2115 2543 2235 2595 σίαν
2260 2539 2620 2612 κεκτημένος,
2656 2535 2789 2608 φησί
2824 2552 2914 2607 μοι
2959 2536 3074 2603 μετ’
3108 2535 3393 2603 εὐμενείας
3418 2551 3432 2564 ο
3487 2535 3548 2587 Εἰ
3584 2536 3693 2604 ἀρα

2116 2652 2195 2689 σοι
2238 2632 2540 2705 πρόσεστι,
2571 2630 2837 2699 πάνσοφε,
2872 2630 2905 2699 ὴ
2935 2624 3028 2681 τοῦ
3062 2625 3306 2692 εἰπόντος
3353 2626 3411 2678 ἐν
3443 2623 3692 2693 αἰσθήσει

2112 2724 2291 2794 ψυχῆς
2327 2721 2598 2792 ἐνέργεια,
2647 2721 2730 2773 ὅτι
2761 2719 2967 2773 Πάντα
3001 2719 3191 2789 ἰσχύω
3228 2720 3298 2772 ἐν
3329 2718 3409 2784 τῷ
3440 2719 3697 2775 ἐνδυνα-

432 2810 568 2875 tibi,
608 2810 819 2879 inquit,
853 2811 1094 2866 virorum
1123 2815 1531 2883 sapientissime
1552 2862 1566 2884 ,
1608 2832 1691 2876 est
1719 2824 1808 2879 illa
1843 2829 1922 2882 vis
1952 2830 2009 2884 in

2117 2815 2326 2886 μοῦντί
2346 2831 2424 2884 με
2455 2812 2703 2884 Χριστῷ·
2746 2815 2796 2866 εἰ
2822 2812 3045 2883 Πνεῦμα
3073 2812 3229 2880 ἀγιον
3255 2810 3447 2881 δρόσου
3475 2812 3696 2879 ἁγνείας

432 2918 607 2972 sensu
646 2904 844 2973 anima:
890 2914 996 2959 tuae
1044 2906 1191 2961 illius
1228 2909 1320 2977 qui
1359 2909 1528 2966 dixit:
1575 2912 1769 2969 Omnia
1799 2934 2015 2987 possunt

429 2996 489 3050 in
517 3012 577 3051 eo
602 2996 691 3066 qui
726 3013 806 3050 me
834 2997 1099 3065 confartut
1119 2999 1164 3033 "
1189 3000 1478 3069 Christus;
1517 3005 1563 3060 si
1606 3005 1842 3076 Spiritus
1878 3028 2007 3067 san-

430 3096 555 3149 ctus
584 3100 710 3140 rore
747 3086 1013 3142 castitatis
1046 3090 1298 3160 exemplo
1344 3091 1403 3145 Β.
1436 3091 1670 3164 Virginis
1702 3101 2014 3167 supervenit

431 3178 486 3230 in
521 3184 606 3243 te;
644 3177 689 3246 si
732 3178 903 3232 virtus
938 3179 1205 3233 Altissimi
1250 3196 1344 3250 per
1370 3184 1686 3252 patientiam
1718 3189 2014 3246 obumbra-

2114 2908 2257 2962 κατὰ
2304 2906 2404 2977 τὴν
2452 2904 2727 2977 Παρθένον
2780 2904 3012 2974 ἐπῆλθεν
3072 2904 3164 2959 ἐπί
3214 2920 3311 2957 σε·
3371 2906 3421 2958 εί
3468 2903 3696 2973 δύναμις

2127 2998 2380 3068 Ὑψίστου
2400 2998 2676 3067 ὑπομονῆς
2706 2996 3001 3050 ὲπεσκίασέ
3027 3012 3131 3050 σοι·
3155 2996 3326 3059 ζῶσαι
3348 2995 3538 3067 ὥσπερ
3558 2995 3696 3066 ἀνὴρ

2117 3092 2374 3165 (Χριστὸς
2399 3094 2428 3145 ὁ
2455 3091 2606 3157 Θεὸς)
2638 3092 2735 3162 τὴν
2764 3090 2935 3159 ὀσφύν
2962 3106 3055 3144 σου
3080 3089 3274 3160 λεντίῳ
3299 3088 3567 3158 ὑπακοῆς,
3593 3090 3687 3142 καὶ

2119 3183 2358 3247 ἀναστὰς
2401 3184 2467 3236 ὲκ
2513 3181 2606 3236 τοῦ
2657 3182 2872 3235 δείπνου
2915 3182 3016 3251 τῆς
3060 3180 3290 3250 ἡσυχίας
3332 3180 3484 3250 νίψον
3528 3180 3696 3243 πόδας

432 3270 512 3337 vit
545 3270 642 3339 tibi
673 3271 748 3334 “;
778 3270 999 3340 accinge
1037 3270 1180 3326 sicut
1207 3272 1290 3326 vir
1322 3273 1610 3344 (Christus
1641 3294 1834 3350 nempe
1870 3281 2015 3339 Deus

2118 3272 2363 3343 ἀδελφῶν
2408 3273 2467 3326 ὲν
2521 3272 2974 3342 συντετριμμένῳ
3043 3272 3336 3341 πνεύματι.
3392 3271 3610 3327 Μᾶλλον
3639 3271 3698 3325 δὲ

433 3370 623 3426 noster
656 3360 911 3435 (lumbos
953 3370 1077 3415 tuos
1125 3361 1289 3417 linteo
1315 3364 1665 3431 obedientize,
1695 3379 1758 3431 et.
1780 3386 2009 3441 surgens

432 3468 466 3506 e
523 3466 685 3519 egena
734 3453 934 3522 quietis
979 3462 1033 3507 et
1084 3455 1342 3511 solitaria:
1389 3458 1513 3513 vitm
1554 3458 1673 3514 lava
1708 3462 1761 3514 in
1814 3464 2009 3531 spiritu

432 3550 489 3607 et
527 3543 689 3601 corde
742 3544 977 3601 contrito
1020 3544 1249 3600 fratrum
1305 3558 1522 3602 tuorum
1572 3556 1736 3619 pedes
1779 3552 1844 3608 ⁸⁷.
1899 3554 2011 3610 lmo

437 3647 568 3695 vero
621 3633 899 3691 submisso
941 3635 1157 3707 penitus
1200 3637 1366 3691 animi
1415 3639 1490 3693 tui
1540 3656 1702 3695 sensu
1728 3683 1743 3706 ,
1785 3644 2009 3712 pedibus

436 3732 491 3784 te
534 3722 746 3792 subjice
795 3725 1265 3799 contubernalium
1317 3736 1557 3784 tuorum.
1598 3731 1815 3788 Colloca
1856 3750 2011 3790 acer-

435 3812 627 3881 rimos,
664 3814 770 3884 63
797 3824 851 3869 et
897 3833 1177 3887 nunquam
1212 3823 1565 3878 conniventcs
1602 3824 1666 3877 ad
1715 3826 1899 3879 cordis
1930 3826 2010 3881 tui

432 3909 616 3973 aditus
642 3910 931 3977 custodes;
961 3927 1113 3966 serva
1154 3923 1389 3969 mentem
1437 3916 1491 3969 in
1538 3933 1693 3987 vago,
1732 3930 1788 3973 et
1844 3920 2012 3976 variis

435 3997 669 4067 negotiis
699 3997 963 4053 distracto
993 4014 1222 4069 corpore
1243 4000 1454 4057 ﬁrmam
1484 4013 1538 4057 et
1561 4004 1817 4060 invictam
1844 4024 1859 4071 ;
1894 4008 2013 4063 cole

433 4087 770 4156 spiritualem
812 4091 1047 4158 quietem
1080 4093 1133 4144 in
1166 4092 1426 4149 membris
1457 4094 1648 4164 (variis
1685 4099 1858 4169 curis)
1895 4101 2014 4169 agi-

432 4177 559 4234 tatis
588 4186 643 4234 et
664 4179 905 4249 jactatis.
963 4180 1229 4253 Quodque
1290 4187 1536 4241 omnium
1570 4198 1653 4243 est
1709 4191 2014 4259 pulcherrio

434 4291 607 4341 mum,
635 4279 730 4331 sed
765 4277 1130 4344 rarissimum,
1161 4279 1378 4336 animus
1428 4290 1556 4337 tuus
1587 4283 1640 4336 in
1667 4283 1864 4340 mediis
1897 4295 2014 4339 tur-

432 4367 626 4421 barum
664 4378 718 4422 et
763 4383 1018 4423 curarum
1044 4370 1366 4426 tumultibus
1392 4371 1464 4426 sit
1502 4371 1933 4442 imperturbatus
1960 4385 2016 4431 et

433 4458 738 4517 interritus.
768 4459 1052 4515 Furiosum
1088 4462 1328 4533 linguam
1356 4475 1412 4518 et
1437 4465 1505 4521 ad
1527 4467 2013 4539 contradicendum

434 4549 740 4619 proiectam
787 4567 1003 4618 coerce,
1059 4562 1115 4607 et
1158 4555 1402 4623 quotidie
1458 4559 1770 4628 septuagics
1813 4562 2014 4630 septies

2115 3367 2298 3422 κυλίου
2325 3366 2430 3419 ὑπὸ
2457 3365 2626 3428 πόδας
2655 3363 2900 3428 συνοδίας
2929 3364 2988 3417 ὲν
3016 3362 3323 3433 καταδεὸλη
3334 3363 3480 3434 μένῳ
3499 3363 3698 3433 φρονή-

2117 3434 2287 3529 ματι)
2310 3458 2514 3527 Στῆσον
2547 3455 2834 3528 πυλωροὺς
2871 3454 3202 3526 ἀποτόμους,
3243 3456 3337 3508 καὶ
3367 3454 3608 3518 ἀΰπνους
3639 3457 3698 3507 ὲν

2114 3547 2260 3622 πύλῃ
2287 3547 2513 3619 καρδίας
2543 3563 2637 3600 σου
2668 3561 2682 3577 '
2730 3545 2924 3616 κράτει
2952 3542 3077 3598 νοῦν
3113 3543 3424 3615 ἀκράτητον
3449 3544 3508 3597 ὲν
3542 3560 3698 3614 περι-

2114 3638 2388 3708 σπωμένῳ
2417 3636 2630 3706 σώματι
2659 3653 2672 3667 ’
2722 3637 2880 3691 ἄσκει
2909 3635 3104 3707 νοεράν
3141 3635 3371 3706 ἡσυχίαν
3415 3637 3473 3689 ὲν
3518 3651 3696 3687 κινου-

2116 3732 2303 3801 μένοις
2337 3731 2432 3784 καὶ
2465 3727 2854 3799 σαλευομένοις
2890 3727 3098 3798 μέλεσι.
3143 3727 3219 3781 Τὸ
3255 3727 3473 3781 πάντων
3517 3742 3694 3796 παρα-

2112 3822 2416 3888 δοξότατον,
2465 3822 2616 3892 γίνου
2650 3822 2936 3892 νάπτόητος
2965 3821 3111 3892 ψυχῇ
3162 3820 3364 3891 μεταξῦ
3400 3819 3512 3873 τῶν
3541 3818 3695 3889 θορύ-

2114 3915 2224 3968 ϐων
2256 3932 2270 3947 ο
2315 3914 2453 3985 ἄγχε
2477 3913 2726 3983 γλῶτταν
2755 3913 3040 3987 προπηδᾷν
3069 3914 3126 3966 ὲν
3156 3913 3488 3981 ἀντιλογίαις
3517 3929 3698 3981 μαινο-

2119 4007 2326 4079 μένηνο
2377 4006 2575 4060 πάλαιε
2619 4008 2683 4077 τῇ
2727 4005 2981 4079 δεσποίνῃ
3022 4006 3192 4077 ταύτῃ
3238 4005 3699 4076 ἑϐδομηκοντάκις

2116 4096 2257 4151 ἑπτὰ
2302 4097 2404 4166 τῆς
2451 4096 2701 4167 ἡμέρας·
2750 4095 2920 4165 πῆξον
2965 4098 3024 4149 ὲν
3063 4094 3205 4166 ξύλῳ
3253 4096 3433 4166 ψυχῆς
3479 4095 3700 4167 σταυρῷ

2116 4187 2241 4244 νοῦν
2266 4189 2478 4259 ἄκμονα
2506 4187 2574 4240 δι’
2600 4186 3018 4257 ἀλλεπαλλήλων
3067 4186 3291 4257 σφυρῶν
3336 4188 3431 4240 καὶ
3476 4186 3699 4240 κτύπων

2116 4281 2473 4351 τυπτόμενον,
2505 4280 2934 4351 ὲμπαιζόμενον,
2978 4277 3407 4349 λοιδορούμενον,
3439 4278 3693 4348 χλευαζό-

2120 4389 2303 4444 μενον,
2346 4370 2722 4442 ἀδικούμενον,
2765 4372 2861 4426 καὶ
2892 4369 3156 4442 μηδαμῶς
3185 4371 3530 4441 ἐκλυόμενον,
3564 4370 3692 4441 μηδὲ

2118 4462 2349 4534 θραῦσιν
2392 4464 2736 4535 ὑπομένοντα
2759 4482 2772 4494 ⁸
2823 4463 2937 4518 ἀλλ’
2971 4462 3091 4518 ὅλον
3121 4464 3264 4518 λεῖον
3306 4465 3400 4517 καὶ
3444 4464 3696 4534 ἀκίνητον

2120 4556 2457 4627 ὑπάρχοντα.
2518 4556 2808 4610 Ἀπόδυσαι
2855 4556 3064 4626 θέλημα
3104 4556 3178 4619 ὡς
3240 4556 3503 4626 αἰσχύνης
3546 4572 3698 4624 περι-

434 4640 698 4695 atlversus
751 4642 898 4696 hanc
967 4643 1269 4713 improbam
1326 4646 1602 4702 dominam
1670 4649 2010 4719 depraeliare.

2121 4647 2303 4719 ϐολὴν,
2349 4648 2445 4702 καὶ
2474 4649 2683 4718 γυμνὸς
2715 4649 2903 4702 τούτου
2947 4650 3005 4702 ὲν
3036 4648 3113 4718 τῷ
3142 4651 3426 4718 σκάμματι
3468 4648 3697 4703 εἴσελθε.

433 4730 615 4801 Delige
647 4733 925 4799 incudem,
962 4736 1068 4791 hoc
1103 4744 1189 4793 est
1209 4746 1445 4793 mentem
1489 4742 1543 4793 in
1600 4741 1798 4797 anima:
1840 4744 2009 4815 ligno,

433 4822 580 4889 quod
618 4837 754 4877 crux
784 4833 887 4888 est,
915 4824 991 4877 uti
1025 4841 1119 4894 per
1145 4826 1389 4881 alternos
1420 4827 1741 4882 malleorum
1793 4829 1935 4887 ictus
1958 4840 2014 4889 et

434 4912 680 4985 fragores
710 4915 962 4971 ludibriis
989 4917 1328 4979 everberata,
1361 4918 1653 4974 calumniis
1683 4931 1896 4985 vexata,
1933 4923 2012 4977 ir-

433 5004 730 5061 risionibus
771 5008 1062 5078 exzigitata,
1092 5008 1310 5078 injuriis
1341 5009 1559 5075 uillicta,
1615 5027 1788 5081 neque
1817 5013 2013 5068 infrin-

431 5103 610 5163 gatur,
647 5110 821 5165 neque
852 5097 960 5150 ulla
998 5100 1207 5156 ratione
1256 5100 1513 5167 laedatur;
1541 5104 1635 5157 sed
1667 5111 1775 5158 tota
1826 5105 2009 5174 plana,

427 5201 527 5239 seu
592 5187 743 5242 lazvis
781 5198 835 5242 et
888 5189 1114 5246 immota
1160 5192 1431 5261 persistat.
1475 5195 1630 5251 Exue
1679 5197 2009 5254 voluntatem

432 5284 607 5340 tuam,
651 5287 913 5349 tanquam
939 5281 1195 5351 (inutilis)
1219 5285 1444 5353 pudoris
1478 5288 1680 5354 velum,
1726 5292 2014 5361 nudusque

431 5384 678 5425 seamma
728 5388 825 5428 seu
869 5375 1107 5429 stadium
1162 5378 1431 5447 palaestra:
1485 5380 1794 5449 ingredere.
1845 5383 2016 5440 Indue

2121 4739 2194 4803 Τὸ
2234 4740 2480 4804 σπάνιον,
2528 4739 2626 4805 καὶ
2667 4740 2991 4809 δυσεύρετον
3035 4740 3412 4812 [δυσάρεστον-Ι
3485 4740 3700 4794 ἔνδυσαι

2123 4832 2358 4897 πίστεως
2387 4832 2631 4902 θώρακα,
2662 4833 2767 4886 ὑπὸ
2792 4833 3050 4896 ἀπιστίας
3078 4833 3215 4903 πρὸς
3244 4833 3335 4886 τὸν
3358 4832 3701 4901 ἀγωνοθέτην

2125 4923 2200 4995 μὴ
2246 4924 2613 4994 διαλυόμενον,
2665 4923 2801 4994 μηδὲ
2835 4924 3270 4994 τιτρωσκόμενον
3355 4923 3548 4995 κράτει
3587 4924 3699 4993 (45)

2121 5015 2325 5086 χαλινῷ
2375 5016 2729 5087 σωφροσύνης
2797 5016 2949 5089 ἁφὴν
2994 5017 3227 5081 ἀναιδῶς
3294 5016 3697 5088 προπηδῶσανλ

2121 5106 2267 5175 ἄγχε
2289 5106 2568 5177 ὀφθαλμὸν
2614 5107 2811 5178 μελέτῃ
2852 5106 3118 5172 θανάτου,
3169 5107 3372 5178 μεγέθη
3424 5108 3519 5160 καὶ
3551 5106 3701 5176 ὥραν

2124 5203 2393 5271 σωμάτων
2446 5203 2908 5272 περιεργάζεσθαι
2966 5203 3087 5259 καθ’
3136 5202 3288 5274 ὤραν
3334 5201 3658 5271 βουλόμενον
3684 5214 3696 5230 ·

2123 5296 2293 5364 φίμου
2319 5293 2442 5348 νοῦν
2484 5295 2774 5367 περίεργον
2803 5297 2862 5350 ὲν
2887 5296 3064 5369 οἰκεία
3093 5296 3332 5368 μερίμνῃ
3360 5295 3451 5347 τδν
3474 5293 3701 5361 ἀδελφὸν

2091 5386 2482 5457 κατακρίνειν
2530 5388 2591 5439 ὲν
2645 5387 2876 5458 ἁμελεία
2951 5387 3277 5458 βουλόμενον
3333 5387 3511 5459 ἔγρων
3566 5384 3700 5459 [alii

504 5553 552 5587 "
580 5555 777 5628 Philip.
804 5575 876 5628 Iv,
910 5561 998 5617 15.
1076 5562 1122 5597 ⁸⁵⁵
1148 5563 1280 5620 Luc.
1323 5583 1363 5634 ι,
1398 5569 1488 5624 55.
1565 5571 1608 5603 ⁸⁷
1645 5570 1803 5627 Joan.
1838 5571 2015 5636 πυκά
2039 5586 2163 5643 sqq.

493 5690 794 5779 ,ζαλᾭραν
845 5701 1087 5779 C_;I_n_onis
1139 5703 1229 5779 alii
1255 5702 1555 5779 [Sollertam
1608 5709 2020 5779 interpretatur,

434 5763 528 5848 alii
550 5763 1108 5848 divin—Ium-oflicium:
1130 5774 1270 5848 Quid
1310 5777 1357 5830 si
1387 5763 2021 5848 Cetnpletoriutmintel;

436 5831 588 5903 ligat,
633 5838 715 5892 vel
776 5840 1112 5899 Matutinas?
1140 5831 2019 5919 longumeatis—spatiuin—tem-

2126 5709 2276 5781 poris
2307 5707 2479 5781 fuisse
2523 5723 2588 5764 ex
2610 5723 2702 5781 ‘co
2751 5716 2985 5777 constat,
3014 5709 3157 5779 quod
3199 5708 3389 5777 jacens
3423 5709 3487 5781 ad
3537 5710 3698 5778 pedes

2126 5776 2379 5906 Brit-subs
2413 5789 2584 5836 totum
2610 5776 2935 5836 Psalterium
2985 5776 3248 5847 recitavit,
3301 5789 3359 5835 ut
3406 5776 3550 5835 intra
3591 5791 3697 5835 tra-

2168 5868 2180 5905 ι
2210 5867 2299 5905 ur.
