4110 6418
342 428 447 495 701

1385 435 1615 496 SCALA
1638 433 2020 497 PARADISI.
2060 457 2128 469 ·-
2159 435 2467 498 GRADUS
2492 438 2592 500 IV.

3511 435 3622 497 702

351 538 582 612 εἴργων]
608 556 620 570 ο
670 539 765 592 καὶ
799 538 980 592 πᾶσαν
1006 537 1252 609 ἀγάπην,
1288 538 1386 592 καὶ
1410 539 1760 609 συμπάθειαν
1799 539 1939 610 πρὸς
1966 590 1969 598 η

2067 539 2267 593 oricam
2304 541 2463 595 bonae
2505 539 2627 596 fidei
2664 555 2796 611 erga
2843 552 3218 594 munerarium
3249 547 3304 592 et
3336 536 3622 607 praesidem

353 637 446 688 τὸν
467 630 694 701 πλησίον
716 629 972 692 ἀπλανῶς
998 630 1387 701 ἐμφανίζοντα.
1412 630 1720 684 Γνώσονται
1741 630 1941 692 πάντες

325 723 570 802 ,άληθῶς
598 725 657 776 ὲν
692 720 889 791 τούτῳ.
921 715 967 774 ὧ
1000 720 1434 793 προσφιλέστατε
1461 721 1664 792 πάτερ,
1694 721 1777 774 ὅτι
1802 720 1939 791 Χριο

350 814 486 868 στοῦ
522 812 770 885 μαθητὴς
798 811 1065 883 ὑπάρχεις
1095 813 1240 877 τότε,
1266 811 1362 866 ἐὰν
1390 814 1448 865 ὲν
1479 811 1698 881 συνοδίᾳ
1723 811 1944 881 ἀγάπην

347 909 575 978 ἔχωμεν
624 907 684 959 ἐν
724 904 996 976 ἀλλήλοις.
1050 903 1242 975 Δεῦρο,
1286 903 1466 974 δεῦρο,
1501 903 1664 958 πάλιν
1700 903 1886 971 ἔλεγεν
1918 904 1946 955 ὁ

352 996 527 1059 καλὸς
556 996 731 1066 φίλος,
757 993 938 1064 δεῦρο,
963 994 1371 1065 συναυλίσθητι.
1402 993 1502 1048 Πίε
1535 991 1707 1065 [urive]
1737 1009 1947 1063 μυκτη-

356 1091 566 1163 ρισμδν
604 1088 727 1155 καθ’
754 1086 929 1159 ὥραν,
943 1085 1135 1156 ὥσπερ
1152 1086 1297 1158 ὕδωρ
1313 1085 1442 1153 ζῶν,
1462 1086 1651 1157 ἐπειδὴ
1671 1086 1850 1140 πάντα
1877 1084 1948 1139 τὰ

354 1179 579 1248 τερπνά
603 1179 709 1231 ὑπὸ
729 1177 820 1231 τὸν
835 1177 1065 1248 οὐρανὸν
1081 1179 1110 1232 ὁ
1128 1177 1295 1231 Δαόὶδ
1313 1177 1947 1249 ὲξερευνήσας,ἐσ·χατον

355 1270 591 1338 πάντων
613 1267 894 1338 διαπορῶν
926 1267 1132 1337 ἔλεγεν.
1174 1268 1333 1323 Ἰδοὺ
1361 1268 1438 1336 δὴ
1468 1268 1525 1322 τί
1539 1269 1866 1335 καλὸγ,καί
1892 1269 1951 1323 τί

353 1356 654 1424 τειραν-δη
692 1355 846 1409 οὐδὲν
870 1354 998 1411 ἄλλο
1035 1355 1070 1424 ἢ
1097 1354 1174 1427 (a)
1204 1356 1266 1409 τὸ
1306 1356 1604 1411 κατοικεῖν
1633 1357 1946 1427 ἀδελφοὺς

355 1446 463 1531 ἐπὶ
514 1446 582 1500 τὸ
629 1446 805 1501 αὐτό.
832 1447 896 1500 El
927 1445 986 1499 δὲ
1012 1445 1167 1501 οὔπω
1194 1447 1292 1501 τοῦ
1322 1447 1529 1517 ἀγαθοῦ
1558 1451 1655 1519 τῆς
1689 1450 1950 1520 τοιαύτης

357 1539 647 1608 ὑπομονῆς
679 1538 777 1591 καὶ
799 1537 1045 1630 ὑπακοῆς
1074 1538 1412 1610 ἠξιώθημεν,
1443 1540 1607 1596 καλὸν
1639 1541 1824 1597 λοιπὸν
1852 1541 1954 1596 κᾶν

358 1632 465 1699 τὴν
509 1631 724 1683 οίκείαν
775 1630 1061 1685 ἀσθένειαν
1121 1632 1502 1700 ἐπεγνωκότας
1524 1674 1540 1698 ,
1594 1634 1735 1688 κατὰ
1787 1635 1956 1704 μόνας

364 1724 560 1795 πόρρω
578 1722 675 1775 τοῦ
695 1722 988 1792 ἀθλητικοῦ
1013 1722 1226 1776 σταδίου
1251 1724 1573 1794 ἱσταμένους
1591 1725 1719 1789 τοὺς
1739 1725 1959 1781 ἀθλοῦν-

366 1832 467 1877 τας
520 1814 886 1886 μακαρίζειν,
937 1815 1034 1868 καὶ
1077 1813 1292 1879 τούτοις
1345 1816 1626 1887 ὑπομονὴν
1676 1816 1954 1888 εὔχεσθαι.

2042 630 2376 698 certaminis,
2412 647 2578 702 quam
2618 632 2764 687 nulla
2800 630 3102 687 diffidentia
3130 629 3298 702 (quod
3358 642 3490 684 sane
3533 641 3627 682 ra-

2042 737 2166 776 rum
2201 731 2254 778 et
2302 724 2522 778 inventu
2560 723 2781 780 difficile
2811 721 2914 794 est)
2951 722 3164 777 dissuat
3208 728 3304 777 aut
3352 727 3621 790 penetret.

2047 811 2278 867 Sensum
2321 821 2499 870 tactus
2554 815 2898 884 impudenter
2964 820 3411 884 prorumpentem
3469 807 3626 864 freno

2046 906 2425 974 temperantia:
2456 908 2703 961 retunde.
2743 905 3040 961 Oculorum
3096 904 3488 967 curiositatem,
3533 914 3633 970 per

2046 1012 2239 1052 omnes
2254 996 2595 1068 egregiorum
2625 1011 2914 1065 corporum
2946 995 3152 1051 formas
3173 994 3431 1051 omnibus
3458 1006 3629 1062 prope

2049 1090 2343 1144 momentis
2385 1090 2573 1160 vagari
2629 1088 2964 1159 cupientem,
2999 1088 3218 1143 assidua
3268 1086 3459 1141 mortis
3499 1099 3634 1138 cou-

2048 1179 2402 1248 templatione
2432 1179 2690 1250 reprime.
2721 1178 2932 1233 Cohibe
2970 1179 3134 1233 etiam
3163 1177 3427 1246 singulari
3451 1173 3634 1229 studio

2051 1269 2298 1324 animum
2328 1270 2632 1329 curiosum,
2671 1269 2870 1322 nedum
2902 1268 3019 1337 ipse
3060 1267 3146 1322 sui
3198 1267 3476 1336 negligens
3526 1271 3632 1328 est,

2051 1361 2276 1417 damnet
2298 1363 2524 1417 alterius
2554 1361 2720 1428 facta,
2753 1360 2849 1416 sed
2885 1360 3071 1432 potius
3124 1360 3308 1413 omnia
3349 1354 3637 1411 charitatis

2053 1453 2232 1510 officia
2259 1470 2381 1509 cum
2413 1455 2503 1524 pia
2542 1453 3026 1509 commiseratione
3073 1451 3196 1505 aliis
3232 1451 3445 1505 sincere
3476 1448 3636 1501 exhi-

2056 1546 2200 1600 beat.
2224 1544 2281 1598 ln
2309 1545 2415 1599 hoe
2443 1543 2589 1599 enim
2622 1538 2747 1598 vere
2778 1552 3110 1613 cognoscent
3137 1556 3351 1603 omnes,
3374 1538 3486 1610 64
3504 1538 3639 1591 cha-

2057 1636 2273 1691 rissime
2320 1644 2493 1706 pater,
2526 1635 2673 1704 quod
2725 1632 2933 1687 Christi
2993 1631 3291 1701 discipulus
3324 1630 3424 1694 sis,
3456 1626 3548 1682 ubi
3583 1627 3637 1680 in

2058 1736 2204 1784 ctetu
2220 1726 2447 1782 fratrum
2470 1726 2815 1783 dilectionem
2841 1723 3194 1779 habuerimus
3213 1723 3282 1778 ad
3314 1723 3543 1777 invicem
3570 1720 3638 1775 ⁸⁸.

2059 1818 2179 1875 Huc
2204 1820 2331 1883 huc,
2365 1818 2543 1872 bonus
2583 1816 2672 1871 ille
2714 1815 3006 1870 familiaris
3030 1829 3205 1880 meus,
3239 1814 3345 1868 huc
3371 1812 3521 1875 ades,
3552 1811 3639 1864 in-

381 1907 652 1978 Ἡττήθην
684 1905 798 1977 (44)
828 1906 940 1977 ἐγὼ
967 1907 1118 1977 καλῷ
1152 1907 1344 1979 πατρὶ,
1382 1907 1480 1961 καὶ
1504 1907 1810 1980 διδασκάλῳ
1835 1908 1954 1980 ἀρί-

2067 1909 2197 1981 quit,
2224 1918 2280 1964 et
2332 1909 2617 1963 nobiscum
2681 1906 2770 1960 hic
2815 1920 2923 1959 una
2980 1905 3137 1973 dege.
3181 1904 3312 1957 Bibe
3359 1901 3643 1957 irrisiones

378 2018 488 2071 στῳ
535 2000 909 2069 εὑαγγελικῶς
963 2002 1096 2071 ἡμῖν
1149 2001 1247 2054 καὶ
1291 2001 1649 2072 προφητικῶς
1699 2018 1951 2072 μαχησα-

386 2092 531 2165 μένῳ
554 2108 568 2123 ·
620 2091 818 2162 μᾶλλον
856 2091 914 2145 δὲ
944 2083 1194 2159 φιλικῶς,
1241 2091 1336 2144 καὶ
1365 2090 1436 2145 τὰ
1471 2090 1738 2162 πρεσϐεῖα
1776 2090 1954 2163 [βρα-

381 2176 527 2255 δεῖα]
553 2185 617 2254 τῇ
644 2183 890 2255 μακαρίᾳ
921 2182 1136 2254 ὑπακοῇ
1167 2181 1353 2236 δοῦναι
1382 2182 1773 2253 ἀναμφιϐόλως
1802 2183 1954 2236 τεθε-

375 2276 640 2346 λήκαμεν.
692 2276 843 2339 Mair;
890 2276 948 2328 δὲ
1000 2274 1082 2328 ἔτι
1141 2274 1466 2346 ὀνησιφόρον
1509 2274 1621 2329 τῶν
1667 2276 1955 2348 μακαρίων

365 2365 576 2422 τούτων
622 2368 828 2439 ἀρετῆς
879 2367 1259 2439 ὲπιμνησίιεὶς,
1292 2366 1484 2439 ῶσπερ
1523 2369 1590 2422 ὲκ
1626 2368 1958 2439 παραδείσου

362 2458 550 2525 ἐξιὼν,
598 2460 762 2513 πάλιν
809 2460 878 2513 τὰ
909 2459 1020 2531 (45)
1053 2458 1287 2529 ἀκαλλῆ,
1333 2460 1429 2513 καὶ
1471 2460 1780 2532 ωησιφὸρα
1826 2462 1959 2534 ὑμῖν

360 2550 705 2619 ᾀκανθολογή
714 2568 861 2622 ματα
891 2548 1309 2623 παραθήσομαι.

2061 2014 2277 2069 semper
2311 2009 2569 2068 tanquam
2618 2011 2820 2065 aquam
2876 1996 3075 2049 vivam.
3112 1991 3245 2046 Nam
3285 1992 3468 2046 omnia
3522 2003 3646 2059 qua:

2059 2090 2184 2147 cmli
2220 2087 2508 2158 complexu
2559 2085 2912 2149 continentur
2966 2084 3219 2139 amabilia
3274 2090 3646 2153 perscrutatus

2062 2182 2253 2248 David,
2290 2188 2565 2251 postremo
2621 2179 2780 2250 quasi
2826 2178 2894 2233 de
2944 2177 3201 2232 omnibus
3236 2173 3646 2231 dubitabundus

2060 2273 2385 2330 exclamavit
2419 2289 2431 2326 :
2479 2269 2613 2325 Ecce
2653 2269 2781 2341 quid
2832 2269 3026 2323 bonum
3071 2277 3121 2323 et
3148 2269 3275 2338 quid
3297 2263 3649 2337 jucundum?

2059 2367 2218 2432 nihil,
2252 2366 2357 2421 nisi
2385 2365 2460 2434 (a)
2485 2363 2729 2418 habitare
2752 2362 2947 2432 fratres
2982 2362 3038 2416 in
3074 2377 3237 2415 unum
3251 2359 3319 2414 ιθ.
3346 2356 3503 2426 Quod
3534 2356 3583 2412 si
3615 2369 3648 2409 a

2058 2461 2170 2516 Deo
2221 2466 2374 2515 tanto
2418 2459 2562 2513 bono
2608 2454 2883 2525 patientiae
2934 2463 2988 2509 et
3044 2450 3366 2507 obedientiac
3404 2446 3645 2501 nondum

2062 2552 2272 2624 dignati
2302 2565 2516 2615 sumus,
2541 2548 2815 2618 reliquum
2847 2555 2931 2601 est
2959 2545 3040 2600 uti
3065 2552 3310 2598 nostram
3342 2538 3510 2594 animi
3544 2536 3650 2591 im-

363 2649 718 2703 becillitatem
801 2658 1254 2717 recognoscentes
1305 2660 1554 2703 seorsum
1632 2648 1850 2705 eminus
1898 2658 1954 2705 et
2002 2648 2196 2721 procul
2250 2662 2278 2700 a
2332 2644 2510 2701 stadio
2560 2642 2955 2705 consistamus,
2993 2635 3434 2702 fortissimosque
3462 2628 3645 2684 athle-

364 2752 453 2796 tas
482 2742 672 2795 beatos
726 2739 1108 2809 pmdicemus,
1145 2738 1365 2808 illisque
1410 2738 1729 2807 patientiam
1789 2720 2175 2811 appreeemur.
2233 2734 2423 2791 Victus
2464 2747 2566 2802 ego
2611 2748 2641 2787 a
2697 2732 2840 2786 bono
2862 2728 3041 2793 Patre,
3068 2734 3123 2779 et
3140 2724 3350 2793 optimo
3375 2720 3639 2790 magistro

365 2835 643 2895 adversus
693 2847 799 2887 nos
851 2830 1180 2902 evangelieis
1230 2839 1291 2885 et
1325 2831 1659 2900 propheticis
1695 2833 1954 2900 oraculis,
2002 2841 2057 2887 et
2110 2828 2462 2895 testimoniis,
2510 2828 2672 2896 longe
2718 2837 2852 2879 vero
2910 2818 3085 2889 magis
3146 2816 3388 2871 fraterno
3449 2825 3643 2865 amore

362 2931 710 2993 decertante,
746 2927 866 2983 sine
896 2925 1047 2981 omni
1096 2926 1437 2981 dubitatione
1474 2928 1710 2996 palmam
1762 2928 1961 2983 divina:
2022 2926 2350 2984 obedientiat
2394 2922 2644 2979 volentes
2693 2919 2926 2974 libentes
2977 2913 3342 2971 decrevimus.
3394 2907 3498 2962 Sed
3530 2921 3634 2977 ego

367 3023 469 3079 ubi
495 3021 679 3075 adhuc
708 3034 874 3074 unam
893 3033 1129 3088 eamque
1150 3019 1437 3088 perutilem
1470 3017 1710 3074 felicium
1773 3020 1995 3076 illorum
2053 3018 2283 3074 Patrum
2340 3015 2602 3069 virtutem
2637 3019 3166 3068 commemorarem,
3208 3003 3354 3057 velut
3397 3016 3459 3052 ex
3496 3014 3655 3068 para-

366 3119 495 3173 diso
560 3129 817 3184 egressus
838 3150 855 3178 ,
905 3128 1127 3168 rursum
1184 3114 1253 3169 ad
1302 3114 1592 3169 invenusta
1644 3125 1699 3170 et
1727 3116 1945 3171 inutilia
1976 3115 2134 3172 vobis
2167 3123 2356 3185 tesqua
2385 3119 2441 3166 et
2466 3115 2685 3177 vepreta
2708 3103 2977 3159 sermonis
3010 3100 3114 3155 mei
3149 3106 3413 3153 revertar.

455 3211 551 3263 ‘Ev
576 3211 643 3279 τῇ
679 3208 812 3278 εὐχῇ
854 3206 967 3277 (46)
1008 3205 1272 3269 πολλάκις
1313 3205 1472 3276 ἡμῶν
1519 3206 1965 3277 παρισταμένων,

374 3302 672 3373 συντυχίας
715 3299 870 3361 τινάς
915 3299 1250 3368 ποιήσαντας
1293 3297 1671 3366 ὲσημειώσατο
1712 3300 1740 3351 ὁ
1787 3298 1968 3368 μακά-

383 3413 494 3467 ριος
528 3394 738 3465 ποιμήν
765 3409 777 3420 ·
834 3389 928 3450 οὒς
960 3390 1054 3443 ἐπὶ
1085 3389 1469 3459 ὲὸδοματιαῖον
1499 3388 1692 3458 χρόνον
1735 3389 1843 3459 πρὸ
1873 3389 1970 3458 τῆς

386 3486 675 3555 ἐκκλησίας
724 3486 953 3554 στήσας,
1004 3483 1141 3536 πᾶσι
1186 3481 1476 3551 μετάνοιαν
1517 3483 1693 3534 ποιεῖν
1724 3480 1969 3551 παρεκέ-

383 3579 540 3633 λευσε
563 3580 724 3669 ’.τοῖς
753 3573 982 3630 εἰσιοῦσι
1014 3591 1074 3628 τε
1123 3574 1219 3628 κα)⁸
1249 3573 1449 3638 ἐξιοῦσι
1470 3591 1484 3605 ο
1527 3574 1622 3627 καὶ
1649 3573 1712 3626 τὸ
1741 3572 1966 3643 δὴιθαυ-
1991 3612 2034 3669 C

386 3652 738 3742 μαστότῖερον,
783 3668 877 3722 καί
912 3682 1063 3735 τοιγε
1106 3665 1403 3736 κληρικοὺς
1442 3665 1789 3734 ὑπάρχοντας
1818 3663 1962 3717 τοῦτ’

383 3763 494 3837 ἔστι
544 3761 973 3835 πρεσϐυτέρους.
1029 3759 1167 3813 Τινά
1212 3757 1323 3811 τῶν
1368 3756 1615 3826 ἀδελφῶν
1670 3756 1812 3827 ὁρῶν
1865 3754 1964 3808 σὺν

388 3855 637 3926 αἰσθήσει
677 3853 907 3925 καρδίας
936 3850 1084 3904 πλέω
1113 3849 1224 3904 τῶν
1259 3848 1470 3903 πολλῶν
1502 3851 1559 3902 ἐν
1585 3849 1652 3919 τῇ
1676 3846 1964 3919 ψαλμῳδίᾳ

398 3932 784 4017 ¹τιεριιιτάμενον
806 3962 821 3976 ·
876 3944 975 3997 καὶ
1014 3942 1249 4014 μάλιστα
1286 3944 1344 3994 ὲν
1372 3944 1440 4012 τῇ
1486 3938 1831 4012 πρωτολογίᾳ
1856 3938 1966 3992 τῶν

399 4034 580 4106 ὓμνων
600 4034 731 4107 πρός
751 4048 904 4096 τινας
922 4035 1034 4094 τοῖς
1054 4030 1249 4102 ἑαυτοῦ
1266 4031 1447 4101 ῆθεσι,
1473 4033 1570 4084 καὶ
1594 4029 1671 4100 τῷ
1692 4027 1968 4100 προσώπῳ

391 4125 788 4195 διαλεγόμενον,
835 4123 1067 4195 ἠρώτων
1106 4122 1200 4176 τοῦ
1245 4121 1411 4192 ᾕθους
1439 4118 1535 4176 τοῦ
1567 4119 1839 4192 μακαρίου
1868 4119 1970 4190 τὴν

385 4219 594 4274 ἔννοιαν
645 4217 863 4288 μαθεῖν.
922 4217 982 4270 Ὀ
1013 4215 1069 4268 δὲ
1117 4215 1282 4284 γνοὺς
1328 4213 1420 4268 ἴνα
1465 4212 1540 4284 μὴ
1592 4215 1860 4284 κρύπτειν
1894 4211 1967 4283 (b)

378 4310 689 4380 ὠφελῆσαι,
726 4307 901 4378 φησί·
944 4307 1086 4385 Teii;
1130 4306 1245 4375 (47)
1283 4304 1580 4375 λογισμούς
1627 4319 1753 4372 μου,
1795 4301 1970 4371 πάτερ

388 4402 642 4470 Ἰωάννη,
673 4401 770 4455 καὶ
791 4400 884 4453 τὸν
916 4396 1040 4453 νοῦν
1083 4399 1178 4453 σὺν
1214 4399 1280 4469 τῇ
1311 4398 1459 4469 ψυχῇ
1490 4396 1657 4450 εῐωθα
1683 4398 1748 4449 ἐκ
1784 4410 1974 4465 προοι-

380 4496 529 4568 μίων
570 4492 943 4560 ἑπισυνάγειν,
985 4491 1081 4544 καὶ
1116 4481 1407 4561 συγκαλῶν
1448 4488 1676 4560 κράζειν
1715 4485 1927 4549 τούτοις
1954 4502 1971 4519 ο

374 4587 585 4652 Δεῦτε,
629 4582 1176 4654 προσκυνήσωμεν,
1215 4582 1313 4637 καὶ
1346 4580 1791 4651 προσπέσωμεν
1814 4577 1977 4645 αὐτῷ

374 4676 631 4748 Χριστῷ
651 4674 911 4742 ,βασιλεῖ
931 4674 1031 4728 καὶ
1071 4673 1195 4739 Θεῷ
1221 4672 1413 4741 ἡμῶν.
1463 4671 1567 4725 Τδν
1593 4670 1655 4724 δὲ
1686 4669 1978 4740 ἑστιάτορα

373 4769 547 4826 τοῦτο
569 4769 831 4824 ποιοῦντα
852 4767 1152 4823 κατέλαϐον
1176 4766 1716 4837 πολυπραγμονήσας
1734 4780 1746 4795 ο
1783 4761 1979 4833 μικρὸν

372 4866 499 4936 γὰρ
527 4864 757 4933 πτύχιον
795 4863 854 4915 ὲν
883 4864 949 4932 τῇ
993 4858 1140 4931 ζώνῃ
1184 4857 1535 4929 κρεμάμενον
1574 4855 1768 4926 ἔχοντα
1813 4853 1977 4925 ὁρῶν,

2144 3204 2280 3260 Cum
2322 3200 2636 3270 frequenter
2688 3193 2944 3265 precibus
2993 3190 3209 3244 illorum
3241 3186 3656 3240 interessemusv

2073 3292 2457 3350 animadvertit
2487 3295 2709 3345 sanctus
2741 3285 2957 3339 illorum
2991 3294 3192 3351 praeses
3222 3275 3485 3349 quosdarn
3519 3273 3658 3326 inter

2071 3401 2132 3442 se
2178 3364 2561 3446 sermocinari,
2602 3392 2744 3449 quos
2775 3374 2866 3429 ille
2909 3387 3007 3444 per
3040 3379 3210 3426 totam
3268 3363 3658 3421 hebdomadem

2072 3485 2199 3533 ante
2244 3474 2391 3531 fores
2430 3471 2618 3541 templi
2670 3467 2878 3532 statuit,
2935 3463 3231 3535 jussitqne,
3294 3458 3363 3513 ab
3404 3454 3661 3511 omnibus

2070 3582 2196 3625 cum
2219 3563 2659 3637 ingredientibus
2709 3569 2824 3616 tum
2884 3553 3291 3628 egredientibus
3328 3548 3543 3604 veniam
3568 3560 3661 3615 pc-

2072 3670 2209 3725 tere,
2232 3658 2560 3728 fuerantque
2611 3655 2688 3721 hi,
2728 3651 2875 3724 quod
2908 3649 3089 3721 magis
3141 3642 3449 3705 admireris,
3480 3639 3663 3695 clerici

2072 3753 2346 3822 iidemque
2384 3746 2711 3820 presbyteri.
2739 3742 3043 3812 Quemdam
3065 3738 3338 3795 efratrum
3372 3745 3516 3789 cmlu
3553 3730 3663 3802 65

2074 3846 2422 3903 observaram
2457 3842 2731 3910 plerisque
2754 3836 3016 3892 attentius
3050 3847 3171 3887 cum
3200 3826 3461 3900 singula-i
3484 3823 3664 3880 cordis

2075 3937 2272 3993 affectu
2292 3940 2632 4007 precantem,
2652 3928 2958 4001 praesertim
2976 3926 3032 3979 in
3056 3923 3126 3993 (ε)
3157 3922 3402 3992 ingressu
3429 3916 3664 3985 psalmo-

2078 4044 2200 4087 rum
2224 4038 2281 4085 et
2316 4029 2676 4100 hymnorum,
2714 4020 2935 4091 quando
2961 4016 3125 4073 veluti
3166 4029 3291 4069 cum
3335 4008 3662 4081 quibusdam

2075 4132 2172 4196 per
2202 4130 2371 4178 nutus
2400 4133 2555 4185 suos,
2577 4125 2633 4171 et
2661 4114 2843 4168 vultus
2878 4107 3278 4181 significatione
3304 4101 3654 4170 loquebatur.

2077 4193 2248 4286 Cujus
2280 4208 2468 4267 sancti
2523 4204 2698 4262 moi-is
2760 4203 3028 4277 rationem
3068 4195 3332 4269 qumrenti
3368 4193 3581 4248 sincere
3612 4197 3667 4243 et

2079 4281 2196 4362 sine
2223 4303 2369 4370 fuco,
2389 4301 2468 4356 uti
2490 4298 2626 4354 mihi
2650 4293 2943 4367 prodesset
2971 4290 3151 4345 fassus
3175 4305 3190 4344 :
3218 4289 3384 4343 Pater
3406 4281 3666 4344 Joannes,

2079 4393 2290 4463 inquit,
2345 4386 2447 4461 ego
2510 4387 2611 4443 sub
2655 4384 2871 4440 initium
2935 4377 3261 4450 preCationis
3319 4370 3667 4443 cogitationi-

2079 4486 2184 4542 bus
2245 4483 2423 4548 meis,
2484 4478 2797 4547 mentisque
2872 4487 2996 4527 cum
3078 4469 3264 4527 animo
3338 4470 3666 4520 conventum

2082 4577 2301 4643 indico,
2391 4572 2709 4642 coactisque
2784 4566 3041 4623 omnibus
3109 4560 3330 4618 clamito
3381 4576 3393 4612 :
3457 4554 3666 4619 Venite,

2082 4673 2351 4742 inquam,
2424 4667 2703 4721 adoremus
2775 4671 2825 4715 et
2889 4657 3228 4729 procidamus
3315 4662 3435 4703 ante
3514 4646 3666 4701 Chri-

2085 4741 2225 4820 stum
2298 4776 2469 4831 regem
2522 4757 2788 4825 Deumque
2858 4761 3097 4806 nostrum
3165 4745 3234 4798 '°.
3312 4741 3467 4797 Illum
3541 4751 3672 4792 vero

2086 4852 2183 4923 qui
2227 4826 2468 4905 triclinio
2534 4842 2780 4915 parando
2838 4845 2959 4894 erat
3024 4833 3337 4906 praefectus,
3384 4832 3486 4884 hoc
3517 4826 3673 4883 facti~

375 4920 597 5029 ἐμαθον
615 4920 691 5019 ῶς
708 4956 837 5018 τοὺς
858 4920 1055 5009 salices
1078 4920 1200 5008 κᾶθ’
1220 4920 1438 5024 ημέραν
1457 4920 1687 5021 σημειού
1697 4920 1861 5019 μενος
1866 4945 1969 5018 (48]

2088 4920 2205 4999 tare
2266 4940 2488 4997 curiose
2560 4931 2871 4989 observavi.
2951 4926 3280 4983 Codicillum
3362 4920 3582 4991 gerebat
3642 4930 3672 4968 a

2413 5029 2426 5032 -
2701 5022 2714 5032 ·
3086 5017 3134 5032 ·-
3202 5015 3269 5032 νιι
3351 5026 3448 5032 _-_
3531 5009 3671 5032 λιιι...

377 5048 724 5118 λογισμοὺς,
768 5047 995 5109 τούτους
1023 5045 1233 5109 πάντας
1283 5044 1363 5116 τῷ
1394 5043 1614 5113 ποιμένι
1644 5038 1981 5108 ἐξαγγέλλει.

381 5141 468 5195 Οὐ
499 5140 662 5209 μόνον
687 5138 768 5201 δὲ,
801 5137 941 5192 ἀλλά
974 5138 1068 5191 καὶ
1096 5136 1321 5206 ἑτέρους
1345 5134 1634 5198 πλείστους
1658 5128 1983 5186 «answer

384 5230 552 5287 τοῦτο
606 5230 896 5293 ποιοῦντας
943 5228 1196 5301 ἐθεώμην
1223 5244 1236 5257 ·
1290 5223 1361 5299 ἦν
1402 5227 1459 5279 δὲ
1491 5227 1586 5280 καὶ
1616 5225 1757 5296 αὓτη
1792 5223 1983 5292 ἐντολὴ

385 5320 491 5397 τοῦ
537 5321 776 5392 μεγάλου
815 5323 891 5385 ὡς
938 5322 1175 5390 ἀκήκοα.
1224 5319 1485 5391 Ἔδιὼχοη
1526 5336 1611 5382 τις
1652 5318 1784 5388 παρ’
1815 5315 1982 5368 αὑτοῦ

387 5431 527 5469 ποτε
565 5414 676 5469 τῶν
703 5414 950 5483 ἀδελφῶν
980 5414 1071 5466 τὸν
1100 5413 1328 5483 πλησίον
1355 5413 1492 5484 πρὸς
1520 5412 1682 5464 αὑτὸν
1714 5406 1982 5473 διαϐαλὼν

390 5507 471 5570 ὥς
505 5505 747 5576 φλύαρον
797 5507 892 5561 atati.
937 5505 1118 5561 λάλον.
1161 5506 1222 5559 '0
1269 5505 1327 5563 δὲ
1378 5502 1861 5577 προσεκαρτέρησε
1904 5499 1983 5571 τῷ

2086 5049 2223 5092 zona
2289 5029 2638 5101 pendentem,
2700 5022 2757 5078 in
2833 5034 2947 5091 quo
3005 5015 3271 5089 quidquid
3351 5026 3449 5082 per
3527 5009 3672 5061 diem

2085 5125 2393 5199 cogitabat,
2431 5126 2701 5176 an‘notare
2745 5116 2993 5181 solebat;
3044 5122 3345 5177 omnesque
3388 5101 3673 5174 cogitatio-

2084 5192 2184 5274 nes
2237 5229 2368 5270 suas
2430 5220 2619 5283 postea
2666 5206 2834 5267 Patri.
2892 5204 2987 5274 qui
3032 5198 3284 5258 cmnobio
3331 5192 3673 5283 praesidebat,

2082 5308 2356 5383 exposuit,
2399 5280 2543 5376 quod
2597 5286 2661 5357 ef
2717 5300 2785 5354 ab
2844 5297 2967 5352 aliis
3001 5306 3169 5365 quam
3227 5285 3479 5358 plu_rimis
3554 5280 3673 5334 fieri

2091 5378 2373 5472 conspexi,
2428 5395 2652 5462 ethoc,
2708 5400 2770 5447 ut
2824 5388 3030 5458 accepi,
3076 5400 3140 5440 cx
3207 5378 3434 5450 imperio
3489 5387 3675 5428 emno.

2092 5496 2354 5555 biarchae.
2429 5490 2587 5547 Unus
2636 5486 2859 5559 ~aliquis
2890 5500 2921 5540 e
2974 5480 3240 5537 fratribus
3282 5474 3413 5530 olim
3468 5487 3496 5525 a
3533 5482 3678 5540 prae»

471 5623 519 5657 ⁸³
546 5623 709 5680 Joan.
739 5643 862 5693 xm,
898 5627 991 5683 '55.
1069 5624 1114 5658 δι’
1137 5625 1280 5679 Psal.
1306 5639 1514 5686 cxxxu,
1539 5623 1590 5675 i.
1666 5621 1711 5652 ⁸ο
1746 5619 1890 5673 Psal.
1935 5633 2079 5679 χειν,
2110 5614 2169 5670 6.

473 5719 553 5787 (a)
587 5719 696 5775 Aut
731 5728 898 5778 certe.
960 5719 1004 5772 si
1064 5718 1212 5783 legas
1239 5716 1392 5769 οὐδὲν
1423 5715 1551 5787 ἄλλο
1597 5714 1654 5782 ἢ.
1680 5727 1824 5787 seu,
1856 5726 1981 5787 etim

400 5780 777 5860 auos'tropho.
828 5789 984 5844 οὐδὲν
1044 5780 1158 5845 ἀλλ’
1208 5789 1263 5859 ἢ,
1319 5786 1590 5849 transfer,
1621 5780 1769 5836 nihil
1834 5780 1984 5834 aliud

399 5876 580 5931 quam.
776 5886 779 5889 ι
935 5881 941 5887 λ

2161 5707 2236 5773 (b)
2263 5701 2487 5765 Εἰωθὼις
2517 5701 2591 5771 μὴ
2628 5697 2925 5773 κρύπτειν..
2949 5688 3083 5744 nihil
3105 5682 3502 5773 regerespiitas.

2161 5707 2210 5773 (ὁ
2263 5707 2487 5765 Εἰωθὼις
2517 5707 2591 5771 μὴ
2628 5707 2913 5767 κρύπτειν,
2949 5707 3081 5744 mnu
3105 5707 3274 5766 tegere
3290 5707 3501 5761 δυιιιιω.

2158 5707 2236 5847 (c))
2262 5773 2633 5845 Antiphouam
2666 5776 2792 5822 ante
2815 5762 3085 5834 psalmum
3125 5757 3231 5811 dtet
3264 5758 3501 5829 solitam.
