4110 6472
393 400 503 464 703

1636 400 1709 469 5.,
1736 403 2056 469 ΙΟΑΝΝΙΞ
2098 410 2408 476 CLIMACI

3549 404 3659 470 794

394 508 512 565 side
554 508 761 580 ejectus
814 518 931 567 erat
968 525 999 566 θ
1026 511 1299 578 coenobio,
1352 510 1500 582 quod
1548 512 1780 568 alterum
1823 522 1967 585 apud

2093 523 2285 576 πυλῶνι
2334 524 2436 593 τῆς
2490 523 2659 594 μονῆς
2720 523 3100 594 ἐδδοματιοιῖον
3149 520 3339 591 χρόνον
3385 518 3659 571 δυσωπῶν

396 599 626 668 ipsum,
705 609 763 654 ut
825 616 1088 671 nugaeem
1162 612 1216 654 et
1293 600 1576 671 loquacem
1651 604 1972 667 criminatus

395 700 549 746 esset.
619 689 887 761 Expulsus
948 702 1150 758 autem,
1195 692 1247 745 in
1282 693 1549 747 vestibulo
1597 709 1764 764 portae
1832 706 1975 753 totos

396 789 600 850 septem
654 783 772 836 dies
819 781 1060 835 substitit
1126 781 1342 836 assidue
1395 784 1601 838 aditum
1663 802 1855 843 rursus
1907 786 1978 842 ad

398 873 729 937 ctenobium,
811 884 863 926 ct
924 872 1104 926 delicti
1180 875 1393 927 veniam
1459 888 1736 945 precatus.
1822 879 1977 945 Quod

403 964 495 1018 ubi
555 979 747 1018 amans
782 963 988 1018 salutis
1060 963 1365 1019 animarum
1433 982 1636 1035 pra-ses
1700 971 1974 1041 cognovit,

398 1054 667 1124 simulque
714 1055 994 1119 intellexit,
1052 1056 1203 1109 illum
1273 1074 1367 1127 per
1416 1074 1507 1113 sex
1540 1060 1657 1116 dies
1716 1061 1838 1117 illos
1895 1062 1979 1116 ni-

399 1143 472 1196 hil
537 1146 762 1197 omnino
816 1154 1103 1214 gustasse,
1163 1148 1374 1202 curaxit
1425 1149 1499 1204 illi
1568 1151 1886 1224 signiﬁcari,
1931 1154 1976 1210 si

400 1234 627 1288 omnino
685 1236 749 1289 ad
814 1236 1233 1291 contubernium
1318 1240 1543 1296 fratrum
1598 1244 1807 1299 admitti
1867 1246 1979 1301 vel-

398 1325 491 1389 let,
551 1324 615 1378 ad
693 1326 1073 1395 paenitendum
1139 1330 1371 1384 classem
1460 1334 1735 1389 transiret.
1805 1334 1979 1403 Quam

397 1417 763 1472 conditionem
819 1434 942 1474 cum
1000 1421 1043 1473 is
1093 1436 1255 1489 quem
1313 1423 1440 1477 lacti
1508 1442 1571 1478 ex
1629 1426 1815 1478 animo
1864 1442 1982 1496 pte-

398 1506 605 1561 nitcbat
653 1506 827 1560 obviis
904 1506 1158 1561 manibus
1218 1510 1555 1578 amplexatus
1612 1520 1776 1577 esset,
1818 1510 1982 1580 jussit

2082 613 2311 681 είσόδου,
2336 616 2429 669 καὶ
2450 616 2850 686 συγχωρήσεως
2871 618 3072 685 τυχεῖν·
3097 612 3171 677 ὡς
3195 612 3252 664 δὲ
3273 610 3431 664 τοῦτο
3452 609 3661 680 ἔμαθεν

2079 705 2107 755 δ
2139 697 2455 776 φιλόψυχος,
2498 708 3006 779 περιεργασάμενος
3033 703 3214 764 αὑτὸν,
3250 701 3415 773 μηδὲν
3448 699 3665 769 βεϐρω-

2078 796 2229 851 κέναι
2259 800 2316 850 ὲν
2354 801 2474 862 ταῖς
2508 799 2568 864 ἓξ
2603 797 2935 870 ἡμέραιςιτδ
2965 796 3246 867 παράπαν,
3300 793 3453 861 δηλοῖ
3485 790 3660 859 αὐτῷ.

2078 890 2142 943 Εί
2168 890 2305 953 ὅλως
2344 891 2403 944 ὲν
2430 893 2496 962 τῇ
2533 893 2665 960 μονῇ
2708 891 2804 961 τὴν
2833 890 3047 960 οἴκησιν
3083 886 3415 959 ποιήσασθαι
3455 883 3654 954 βούλει,

2079 981 2137 1032 ἐν
2162 982 2230 1050 τῇ
2258 979 2368 1034 τῶν
2401 980 2513 1050 (49)
2563 981 2966 1052 μετανοούντων
2994 978 3146 1043 τάξει
3187 995 3245 1030 σε
3288 974 3529 1039 κατάξω.
3576 975 3659 1036 Ὡς

2078 1071 2135 1125 δὲ
2154 1072 2405 1142 ἁσμένως
2427 1072 2586 1127 τοῦτο
2612 1072 2827 1138 ἐδέξατο
2859 1071 3154 1143 μετανοῶν,
3183 1068 3468 1123 ἐκέλευσεν
3498 1064 3662 1118 αὐτὸν

2079 1164 2109 1215 ὁ
2139 1164 2342 1234 ποιμὴν
2375 1165 2432 1216 ἐν
2461 1167 2530 1235 τῇ
2563 1168 2699 1234 μονῇ
2733 1166 2797 1234 τῇ
2829 1162 3107 1235 ίδιαζούσῃ
3134 1160 3243 1214 τῶν
3270 1160 3364 1212 ἐπὶ
3401 1157 3664 1227 πτώμασι

2081 1256 2425 1312 πενθούντων
2452 1256 2831 1327 ἐπενεχθῆναι.
2857 1257 2993 1324 ὅπερ
3023 1256 3118 1308 καὶ
3140 1254 3383 1322 γέγονεν.
3423 1251 3579 1305 Ἐπεὶ
3605 1250 3665 1303 δέ

2080 1349 2181 1419 τῆς
2213 1348 2509 1420 εἰρημένης
2538 1346 2888 1418 ἐμνήσθημεν
2928 1346 3113 1417 μονῆς,
3140 1345 3228 1398 διὰ
3256 1343 3504 1414 βραχέων
3534 1339 3665 1411 περὶ

2082 1441 2255 1511 αὐτῆς
2288 1442 2551 1511 εἴπωμεν.
2588 1440 2767 1502 Τόπος
2797 1438 2896 1510 μὲν
2922 1434 2990 1510 ἦν
3021 1436 3130 1490 ἀπὸ
3162 1436 3393 1506 σημείου
3423 1433 3540 1496 ἐνὸς
3564 1433 3664 1502 τῆς

2086 1532 2330 1603 μεγάλης
2382 1532 2570 1602 μονῆς,
2626 1530 2841 1601 φυλακὴ
2885 1529 3178 1599 λεγομένη,
3227 1524 3617 1597 ἀπαράκλητος
3644 1539 3659 1554 ⁸

398 1609 521 1649 eum
589 1595 758 1650 abbas
809 1595 873 1648 ad
928 1596 1115 1655 locum,
1162 1597 1432 1665 privatum
1489 1597 1851 1672 [separatum]
1883 1600 1981 1656 de-

399 1684 545 1749 duci,
620 1684 713 1740 ubi
775 1684 1130 1740 morabantur
1191 1685 1302 1756 68
1369 1686 1406 1740 ii
1461 1689 1552 1759 qui
1618 1698 1836 1759 peccata
1882 1705 1982 1745 sua

2093 1712 2183 1766 οὐκ
2208 1684 2386 1766 ἔλαιον
2419 1713 2499 1774 είς
2528 1710 2733 1781 βρῶσιν
2758 1750 2772 1773 ,
2809 1710 2906 1778 οὐχ
2933 1684 3119 1777 ἓτερδν
3150 1684 3204 1760 τι
3232 1707 3382 1772 ἄλλο,
3416 1705 3447 1774 ἢ
3476 1706 3663 1776 ἄρτον,

400 1776 748 1844 plangebant.
811 1773 967 1841 Quod
1020 1785 1075 1831 et
1161 1775 1362 1830 factum
1423 1786 1525 1831 cst.
1586 1778 1651 1833 Et
1716 1780 1845 1849 quia
1924 1780 1980 1834 in

2093 1805 2180 1859 καὶ
2210 1806 2383 1859 λεπτὰ
2418 1773 2648 1875 λάχανα.
2702 1803 2789 1855 Ἐν
2816 1773 2989 1872 τούτῳ
3014 1773 3139 1864 τοὺς
3173 1799 3311 1867 μετὰ
3334 1773 3446 1868 τὴν
3472 1773 3673 1866 κλῆσιν

401 1867 551 1921 illius
612 1866 877 1921 don‘iinilii
920 1867 1153 1936 separati
1225 1882 1255 1921 a
1317 1870 1571 1967 coepobio
1651 1871 1981 1925 mentionem

2093 1866 2585 1967 συμποδιζομένους
2628 1896 2926 1966 ἅπροῖτους
2962 1866 3321 1947 κατέκλειενο
3381 1866 3481 1961 οὐχ
3524 1890 3663 1961 ἅμα,

400 1957 729 2024 incidimus,
817 1935 1140 2013 brevissime
1215 1958 1282 2013 de
1364 1941 1456 2013 illo
1519 1962 1817 2015 trademus.
1876 1960 1985 2017 Lo-

2093 1935 2582 1967 ...,...w.,..,....--,
2629 1935 2923 1966 -..,-..--,
2970 1935 3279 1947 .....-....-.-.
3384 1935 3481 1961 --Α
3525 1935 3663 1961 τι...

2093 1988 2198 2042 me
2222 1994 2225 1997 ’
2246 1987 2374 2058 ἰδίᾳ,
2420 1986 2516 2041 καὶ
2545 1986 2734 2058 χωρὶς,
2781 1987 2814 2057 ἢ
2848 1986 2942 2040 καὶ
2970 1985 3063 2041 δύο
3101 1985 3164 2038 τὸ
3210 1984 3369 2050 πολὺ,
3414 1985 3518 2047 ἕως
3547 1980 3608 2039 οὗ
3635 1986 3669 2037 6

400 2064 504 2104 cus
567 2056 683 2103 erat
744 2048 813 2103 ab
862 2049 985 2121 ipso
1041 2051 1379 2107 monasterio
1439 2068 1549 2107 uno
1583 2052 1847 2107 duntaxat
1904 2053 1985 2107 la-

2093 2080 2272 2151 κύριος
2298 2048 2457 2133 αύτὺν
2492 2048 2640 2151 nep).-
2661 2048 2893 2133 ἑκάστου
2927 2079 3290 2150 ἐπληροφόρει
3315 2092 3331 2108 σ
3355 2048 3664 2147 κατέστησε

404 2140 549 2209 pide,
609 2155 702 2192 seu
756 2140 975 2195 mill‘iari
1034 2140 1336 2209 sejunctas,
1406 2155 1596 2197 carcer
1644 2142 1720 2212 (a)
1785 2142 1984 2211 dictus,

2093 2140 2371 2237 δὲἀὐτοῖς,
2423 2170 2519 2224 καὶ
2550 2140 2840 2224 τοποποιδν
2874 2140 3286 2240 μέγαν-Ἰσαάκ
3326 2140 3671 2238 ὀνόματιίδς·

401 2239 690 2294 illaetabilis
750 2253 997 2309 prorsus,
1058 2248 1114 2295 et
1169 2240 1423 2297 omnibus
1483 2242 1732 2310 corporis
1776 2242 1989 2311 gaudiis

2093 2261 2288 2333 ἀπῄτει
2316 2261 2415 2333 τὴν
2443 2260 2750 2333 προσευχὴν
2779 2239 3121 2315 ἀδιάλειπτον
3149 2260 3337 2331 σχεδὸν
3361 2260 3486 2322 τοὺς
3517 2257 3668 2328 αὐτῷ

398 2341 717 2397 destitutus.
796 2337 992 2403 Nullus
1072 2339 1146 2394 ibi
1208 2356 1446 2411 unquam
1530 2341 1726 2396 culinae
1796 2340 1981 2396 fumus

2093 2354 2550 2425 παραδιδομένους
2570 2370 2585 2384 ·
2634 2350 2780 2425 εἶχον
2806 2353 2863 2408 δέ
2894 2354 2988 2408 καὶ
3018 2352 3242 2416 θαλλοὺς
3273 2351 3557 2414 πλείστους
3585 2351 3667 2413 εἰς

395 2445 756 2507 cernebatur;
822 2460 929 2499 non
988 2446 1173 2503 vinum
1207 2485 1224 2513 ,
1291 2460 1399 2501 non
1459 2445 1639 2501 oleum
1696 2447 1750 2501 in
1797 2447 1980 2501 cibum

2093 2445 2317 2516 άκηδίας
2344 2445 2623 2517 ἐμπόδιον.

397 2539 786 2606 adhibebatur;
849 2556 959 2594 non
1030 2540 1179 2595 aliud
1258 2540 1555 2611 quidquam
1619 2557 1650 2599 e
1716 2540 1860 2607 foco,
1913 2553 2109 2612 praeter
2163 2556 2379 2610 panem,
2432 2549 2487 2595 et
2542 2541 2753 2596 minuta
2822 2541 3091 2605 oluscula,
3144 2540 3199 2595 in
3297 2554 3546 2595 mensam
3612 2539 3666 2592 in

331 2687 339 2695 ,
399 2628 691 2690 ferebatur.
748 2634 805 2689 In
859 2636 965 2690 hoc
1020 2650 1136 2701 eos,
1201 2636 1296 2704 qui
1365 2644 1488 2705 post
1574 2636 1882 2704 religiosam
1949 2634 2346 2705 professionem
2402 2635 2457 2690 in
2526 2646 2806 2706 peccatum
2863 2635 3103 2705 prolapsi
3155 2636 3347 2697 erant',
3401 2633 3477 2687 ita
3528 2646 3665 2686 con-

395 2726 671 2790 cludebat,
746 2732 802 2779 ut
863 2725 1053 2795 pedem
1126 2725 1319 2780 cﬂ‘erre
1399 2741 1678 2795 nunquam
1727 2735 1948 2796 possent
1998 2743 2012 2781 :
2058 2742 2160 2782 nec
2203 2728 2387 2796 plures
2435 2727 2601 2784 simul
2644 2728 2926 2798 jungebat,
2979 2728 3074 2782 sed
3118 2727 3364 2795 singulos
3411 2727 3667 2783 seorsum

398 2830 494 2879 aut
535 2831 595 2875 ut
646 2821 937 2889 plurimum
994 2821 1151 2876 binos
1201 2837 1215 2875 :
1265 2821 1665 2892 manebantque
1728 2822 1800 2876 ibi
1846 2822 2026 2892 quoad
2078 2838 2283 2892 praeses
2352 2823 2420 2878 de
2475 2822 2705 2892 singulis
2765 2822 3025 2878 divinitus
3102 2822 3444 2877 edoceretur.
3517 2819 3661 2876 Prae-

400 2910 530 2967 l'ecit
570 2911 781 2964 'autein
854 2911 1059 2964 eisdem
1131 2911 1309 2964 virum
1381 2911 1677 2979 quemdam
1734 2912 2030 2985 eximium,
2071 2915 2157 2967 cui
2220 2912 2440 2968 lsaacus
2519 2928 2741 2977 nomen,
2785 2914 2881 2982 qui
2932 2914 3002 2967 ab
3052 2913 3158 2968 sibi
3197 2913 3508 2968 commissis
3546 2929 3668 2983 pre-

400 3023 527 3065 cum
560 3006 909 3061 assiduarum
971 3021 1201 3074 pensum
1253 3005 1522 3077 exigebat,
1573 3015 1628 3061 et
1695 3023 1864 3077 prope
1926 3022 2211 3078 nunquam
2268 3023 2301 3065 ει
2361 3009 2504 3064 votis
2555 3024 2776 3064 cessare
2834 3000 3210 3078 permittebat.
3270 3006 3667 3076 Suppeditabat

400 3101 509 3155 illis
594 3113 788 3167 magna
880 3098 1184 3167 palmarum
1258 3101 1454 3170 copia,
1522 3098 1573 3175 [c
1636 3099 1864 3172 quibus]
1924 3103 1994 3157 ad
2063 3102 2347 3158 vitandum
2403 3103 2577 3158 otium
2637 3101 2911 3174 [calathos
2974 3099 3278 3172 texebant].

477 3189 602 3245 llaec
648 3190 754 3244 illis
814 3188 1027 3244 vivendi
1073 3188 1232 3251 ratio,
1269 3188 1358 3244 hic
1420 3197 1615 3249 status.
1647 3188 1761 3243 haec
1821 3189 1987 3244 disci-

2160 3185 2328 3255 υῦτος
2354 3194 2382 3246 ὁ
2411 3192 2543 3261 βίος,
2573 3190 2714 3261 αὕτη
2743 3191 2777 3263 ἡ
2814 3193 3164 3255 κατάστασις·
3190 3189 3329 3261 αὓτη
3368 3193 3402 3261 ἡ
3433 3190 3670 3259 διαγωγὴ

402 3281 552 3352 plina
617 3289 735 3334 erat
795 3296 1009 3345 eorum,
1059 3279 1154 3349 qui
1236 3295 1362 3334 vere
1413 3279 1731 3349 quaerebant
1788 3277 1983 3335 faciem

2093 3279 2196 3335 τῶν
2224 3281 2394 3345 ὅντως
2419 3281 2725 3353 ζητούντων
2748 3280 2809 3334 τὸ
2830 3281 3120 3352 πρόσωπον
3148 3279 3243 3333 τοῦ
3267 3279 3401 3333 Θεοῦ
3436 3279 3627 3333 Ἰακώϐ
3653 3296 3669 3311 ·

402 3373 496 3426 Dei
526 3370 713 3426 Jacob.
745 3370 1017 3424 Admirari
1037 3377 1355 3425 sanctorum
1399 3370 1732 3427 athletarum
1770 3371 1985 3427 labores

2093 3374 2148 3427 τὸ
2181 3374 2280 3444 μὲν
2324 3374 2629 3445 θαυμάζειν
2671 3376 2794 3437 τοὺς
2838 3374 3013 3442 άγίων
3044 3373 3236 3436 πόνους
3268 3372 3435 3425 καλόν
3459 3388 3471 3399 ’
3522 3372 3582 3424 τὸ
3612 3370 3670 3425 δὲ

2082 1621 2183 1674 οὐκ
2211 1616 2280 1691 ἦν
2317 1622 2493 1673 ἐκεῖσε
2540 1618 2759 1673 πώποτε
2795 1617 2999 1672 καπνὸν
3030 1617 3300 1686 ὀφθῆναι,
3348 1616 3449 1668 οὐκ
3496 1610 3662 1677 οἶνον,

402 3465 724 3534 praeclarum
781 3473 885 3527 est,
944 3464 1037 3517 sed
1091 3462 1374 3529 aemulari,
1431 3464 1663 3518 salutem
1707 3464 1982 3520 conciliat.

400 3554 553 3610 Velle
611 3566 792 3609 autem
842 3570 952 3609 nuo
1011 3564 1290 3609 momento
1347 3555 1565 3621 illorum
1616 3556 1832 3610 vivendi
1898 3572 1988 3610 ra—

401 3648 605 3704 tionem
638 3646 900 3703 imitando
918 3647 1161 3716 assequi,
1190 3647 1462 3710 insanum.
1484 3657 1720 3716 etsupra
1746 3647 1987 3702 hominis

404 3739 546 3793 vires
565 3748 669 3793 est.
718 3737 814 3792 Ubi
841 3754 937 3793 nos
957 3740 1027 3793 ob
1050 3739 1243 3793 delicta
1271 3748 1459 3794 nostra
1484 3739 1822 3794 conscientia
1842 3754 1991 3793 mor-

409 3830 602 3896 tiﬁcat,
627 3831 821 3903 tandiu
859 3830 1202 3886 revolvamus
1231 3838 1449 3899 peccata
1485 3839 1675 3885 nostra
1709 3830 1767 3885 in
1787 3830 1988 3888 animis

401 3923 510 3994 67
543 3923 766 3988 nostris,
814 3923 993 3992 quoad
1035 3922 1299 3977 Dominus
1348 3922 1591 3976 laborem
1648 3932 1894 3977 nostrum
1937 3928 1994 3975 et

403 4018 540 4083 vim,
569 4031 732 4085 quam
765 4015 868 4069 sibi
910 4015 1133 4069 violenti
1171 4014 1226 4069 hi
1261 4021 1560 4069 certatores
1596 4012 1866 4080 inferunt,
1903 4028 1993 4069 re-

403 4108 617 4177 spiciat,
645 4117 977 4178 peccataque
1003 4108 1204 4172 deleat,
1228 4119 1284 4161 et
1309 4104 1683 4160 carniﬁcinam
1707 4104 1994 4161 conscien-

406 4200 494 4253 tia:
516 4199 569 4252 in
602 4198 858 4268 gaudium
889 4206 1194 4254 convertat.
1251 4195 1553 4254 Secundum
1580 4197 1721 4253 enim
1749 4196 1996 4250 multitu-

405 4296 575 4349 dinem
611 4293 855 4348 dolorum
892 4309 1130 4347 meorum
1158 4292 1213 4346 in
1246 4291 1404 4345 corde
1447 4306 1581 4355 meo,
1614 4290 1793 4360 inquit
1839 4289 1996 4346 Psal-

408 4400 514 4452 tes,
541 4385 927 4440 consolationes
953 4394 1058 4439 tute
1080 4383 1405 4456 (tantopere)
1437 4382 1840 4454 lwtiﬁcaverunt
1873 4370 1993 4436 cni-

408 4494 553 4531 mam
588 4476 844 4530 meam“.
883 4474 1203 4546 Opportuno
1255 4483 1500 4544 tempore
1544 4489 1652 4529 non
1700 4474 1995 4528 oblivisca-

411 4581 538 4621 mur
581 4565 728 4621 illius
762 4564 857 4635 qui
912 4564 1153 4636 loquitur
1205 4565 1273 4621 ad
1332 4563 1623 4620 Dominum
1677 4581 1692 4619 :
1752 4563 1996 4629 Quantas

412 4658 693 4716 ostendisti
724 4658 852 4711 mihi
880 4658 1248 4712 tribulatione:
1276 4657 1472 4711 multa:
1503 4666 1553 4711 et
1587 4656 1776 4722 malas,
1801 4666 1848 4713 et
1873 4672 2001 4710 con-

412 4766 589 4806 versus
624 4749 904 4818 viviﬁcasti
924 4764 1025 4812 me,
1046 4758 1184 4801 et-ex
1208 4748 1408 4819 abyssi:
1433 4756 1613 4809 terras,
1642 4753 1765 4816 post
1789 4747 2003 4815 lapsum

414 4845 613 4899 iterum
659 4842 920 4896 reduxisti
946 4858 1026 4895 me
1043 4842 1110 4894 δ’.
1145 4839 1295 4894 Felix
1351 4840 1443 4895 ille
1487 4839 1582 4910 qui
1630 4838 1873 4910 quotidie
1911 4837 2005 4892 Dei

417 4950 586 4991 causa
643 4934 908 4989 conviciis
953 4932 1261 5003 exagitatus
1309 4939 1363 4986 et
1413 4939 1707 4987 contentus
1738 4929 2005 4985 violenter

418 5025 659 5095 seipsum
704 5023 823 5095 (per
859 5024 1200 5095 patientiam)
1240 5023 1429 5090 vincit,
1459 5038 1542 5077 na;
1578 5022 1666 5076 ille
1695 5037 1822 5076 cum
1861 5035 2005 5076 mar-

418 5115 629 5188 tyribus
677 5113 1018 5184 tripudiabit,
1050 5122 1105 5167 et
1137 5112 1282 5167 inter
1325 5110 1547 5182 angelos
1583 5111 1718 5165 liber
1750 5120 1810 5165 ut
1839 5124 2004 5179 ange-

419 5209 506 5263 lus
532 5205 763 5261 incedet.
791 5206 983 5261 Beatus
1006 5204 1097 5259 ille
1120 5202 1444 5267 monachus,
1467 5201 1562 5271 qui
1585 5202 1827 5271 seipsum
1856 5215 1934 5256 ou“
1951 5216 2006 5255 Ill

418 5309 738 5371 contemptu
770 5297 1016 5368 dignum,
1052 5295 1370 5365 nulliusque
1403 5294 1580 5364 pensi,
1624 5302 1679 5348 et
1722 5307 1856 5348 usus
1903 5293 2008 5347 ho-

420 5391 767 5447 muncionem
796 5389 1027 5459 iudicat.
1061 5386 1260 5442 Beatus
1299 5396 1353 5440 et
1406 5384 1515 5449 ille,
1563 5384 1657 5453 qui
1708 5383 2004 5437 voluntatis

419 5501 534 5542 sua:
562 5484 850 5539 arbitrium
882 5481 1100 5552 penitus
1130 5479 1389 5535 mactavit
1411 5474 1833 5550 [mortiﬁcavit],
1857 5491 2004 5530 sese-

422 5589 532 5644 que
586 5581 763 5631 totum
808 5588 955 5630 curae
996 5573 1234 5646 religiosi
1282 5571 1529 5643 magistri
1582 5571 1666 5626 sui
1704 5571 2000 5627 commisit.

501 5731 547 5764 ⁸¹
571 5726 717 5784 Psal.
751 5746 944 5794 xcxm,
974 5730 1062 5785 l9.
1136 5731 1181 5763 “
1205 5728 1347 5786 Psal.
1374 5746 1502 5799 Lxx,
1532 5731 1621 5787 20.

2088 3466 2286 3537 ζηλοῦν
2337 3468 2611 3538 σωτηρίας
2654 3466 2915 3536 πρόξενον
2942 3480 2956 3495 ·
3007 3465 3070 3519 τὸ
3113 3464 3170 3518 δὲ
3217 3465 3306 3533 ὑφ’
3334 3464 3449 3534 (50)
3486 3463 3543 3515 ἓν
3574 3463 3675 3531 τὴν

2088 3557 2312 3612 ἐκείνων
2342 3558 2628 3629 μιμεῖσθαι
2659 3557 2833 3611 θέλειν
2865 3556 3162 3619 πολιτείαν,
3192 3554 3386 3622 άλογον
3413 3555 3507 3607 καὶ
3530 3555 3672 3623 ἀμή-

2091 3665 2273 3719 χανον.
2305 3649 2632 3719 Δακνόμενοι
2668 3648 2765 3719 μὲν
2792 3649 2885 3702 ἐπὶ
2915 3650 3027 3712 τοῖς
3063 3646 3303 3716 ἐλέγχοις
3334 3644 3443 3698 τῶν
3473 3634 3672 3715 ἥμετέ-

2096 3756 2204 3811 ρων
2239 3742 2653 3811 ἁμαρτημάτων
2688 3740 3171 3811 μνημονεύσωμεν,
3220 3737 3381 3810 ἄχρις
3412 3732 3476 3792 οὗ
3509 3739 3538 3790 ὁ
3569 3735 3673 3787 Κύ-

2097 3849 2209 3905 ριος
2244 3834 2343 3903 τὴν
2379 3831 2500 3903 βίαν
2545 3832 2704 3904 ἡμῶν
2751 3833 2860 3885 τῶν
2888 3832 2998 3903 (51)
3033 3820 3270 3900 βιαστῶν
3316 3826 3479 3883 αὑτοῦ
3532 3827 3672 3898 ὁρῶν

2095 3923 2418 3996 [ἁμαρτίας]
2472 3923 2675 3988 ταύτας
2722 3922 3015 3993 ἐξαλείψει,
3080 3923 3176 3976 καὶ
3220 3922 3322 3994 τὴν
3371 3920 3675 3975 δάκνουσαν

2094 4015 2244 4086 ἡμᾶς
2293 4017 2351 4068 ὲν
2377 4017 2443 4086 τῇ
2474 4013 2674 4085 καρδίᾳ
2717 4012 2911 4084 ὀδύνην
2954 4014 3035 4075 είς
3076 4010 3252 4083 χαρὰν
3296 4011 3675 4082 μεταποιήσει.

2095 4107 2259 4162 Κατὰ
2280 4107 2389 4179 γὰρ
2416 4106 2482 4160 τὸ
2503 4105 2727 4175 πλῆθος
2757 4105 2877 4159 τῶν
2901 4102 3136 4158 ὀδυνῶν
3161 4121 3301 4174 μου,
3323 4104 3394 4157 ἐν
3420 4102 3497 4172 τῇ
3526 4118 3681 4170 καρ-

2094 4196 2197 4264 δίᾳ
2226 4215 2369 4267 μου,
2419 4198 2583 4268 φησὶν
2629 4195 2792 4267 (κατὰ
2836 4194 3135 4265 τοσοῦτον),
3165 4197 3227 4248 αὶ
3267 4191 3681 4262 παρακλήσεις

2098 4305 2215 4345 σου
2241 4289 2550 4358 εὔφραναν
2581 4288 2697 4358 τὴν
2721 4287 2937 4358 ψυχήν
2959 4304 3099 4356 μου.
3133 4287 3224 4340 Ἐν
3251 4285 3331 4358 τῷ
3363 4285 3481 4357 ἰδίῳ
3504 4283 3676 4355 καιρῷ

2101 4381 2178 4451 μὴ
2202 4380 2593 4450 ἐπιλαθώμεθα
2616 4379 2710 4434 τοῦ
2734 4380 2989 4447 λέγοντος
3020 4372 3395 4451 πρδςΚύριον
3432 4396 3448 4411 ο
3489 4380 3674 4442 Ὅσας

2100 4469 2337 4536 ἐδειξᾶς
2359 4488 2463 4540 μοι
2491 4473 2734 4541 θλίψεις
2762 4470 3020 4537 πολλὰς,
3059 4470 3155 4524 καί
3189 4469 3401 4536 κακὰς,
3427 4470 3527 4524 καί
3554 4468 3678 4523 ἐπι-

2101 4562 2374 4632 στρέψας
2414 4562 2819 4633 ἐζωοποίησάς
2850 4580 2947 4634 με,
2996 4563 3098 4618 καί
3145 4562 3214 4617 ἐκ
3255 4561 3376 4616 τῶν
3399 4563 3680 4618 ἀϐύσσων

2101 4654 2213 4723 τῆς
2240 4652 2351 4725 γῆς
2381 4656 2523 4725 μετὰ
2566 4656 2631 4709 τὸ
2676 4659 2864 4710 πεσεῖν
2904 4655 3066 4710 πάλιν
3098 4654 3399 4725 drﬁmyéc
3431 4670 3508 4724 με
3540 4652 3678 4721 (52).

2101 4739 2385 4809 Μακάριος
2423 4738 2483 4802 ὃς
2528 4739 2619 4793 διὰ
2654 4738 2787 4794 Θεὸν
2832 4738 2953 4794 καθ’
2989 4738 3205 4811 ἡμέρας
3250 4736 3679 4810 λοιδορούμενος,

2105 4831 2200 4885 καὶ
2232 4830 2679 4901 ἐξουδενούμενος
2713 4831 2903 4887 ἑαυτὸν
2941 4832 3221 4886 ἐϐιάσατο.
3256 4830 3414 4885 Μετὰ
3467 4827 3681 4901 μαρτύ-

2108 4940 2218 4994 ρων
2243 4923 2492 4993 χορεύσει
2522 4917 2698 4990 οὗτος,
2729 4925 2823 4978 καὶ
2865 4922 3006 4993 μετὰ
3033 4923 3279 4993 ἀγγέλων
3304 4921 3685 4994 παρῤησιάσε-

2104 5033 2193 5069 ται
2227 5015 2360 5085 (55).
2389 5016 2674 5087 Μακάριος
2708 5017 2965 5087 μοναχδς,
3005 5017 3067 5080 ὃς
3105 5018 3288 5085 πάσης
3324 5014 3552 5084 ἀτιμίας
3590 5014 3687 5067 κα.)⁵

2103 5106 2504 5172 ἐξουδενὼσεως
2559 5109 2751 5161 ἑαυτὸν
2788 5109 2939 5174 ἄξιον
2981 5109 3101 5165 καθ’
3153 5106 3306 5178 ὥραν
3360 5106 3681 5175 λογίζεται·

2109 5200 2382 5272 μακάριος
2410 5199 2469 5263 ὃς
2498 5201 2558 5254 τὸ
2589 5200 2784 5255 ἐαυτοῦ
2813 5199 3026 5270 θέλημα
3073 5202 3154 5263 είς
3199 5200 3352 5262 τέλος
3384 5201 3682 5269 ἐνέκρωσε,

2106 5292 2200 5345 καὶ
2228 5291 2309 5362 τῷ
2347 5295 2405 5345 ἐν
2454 5293 2628 5364 κυρίῳ
2659 5292 2962 5362 διδασκάλῳ
3004 5290 3104 5357 τὴν
3149 5290 3346 5346 ἑαυτοῦ
3388 5290 3685 5343 ἐκδέδωκεν

2109 5383 2430 5451 ἐπιμέλειαν
2456 5401 2469 5414 ·
2507 5384 2574 5436 ἐκ
2601 5382 2791 5449 δεξιιῖιν
2826 5382 2936 5453 (54)
2979 5382 3089 5453 γὰρ
3138 5382 3233 5434 τοῦ
3277 5380 3686 5451 σταυρωθέντος

2111 5473 2457 5543 σταθήσεται.
2506 5473 2573 5526 Εἰ
2617 5489 2703 5536 τις
2754 5472 2974 5543 ἔλεγχον
3013 5472 3260 5537 δίκαιον,
3309 5470 3341 5541 ἢ
3398 5469 3584 5525 ἄδικον
3629 5466 3691 5532 ἐξ

2110 5565 2302 5621 ἑαυτοῦ
2329 5566 2690 5639 άπερῤίψατο,
2725 5558 2876 5630 οὗτος
2913 5564 3012 5634 τὴν
3045 5561 3239 5619 ἑαυτοῦ
3275 5560 3553 5633 σωτηρίαν

510 5823 588 5895 (a)
610 5820 685 5876 De
723 5820 827 5875 hoc
851 5821 973 5875 loco
1005 5824 1254 5892 sequenti
1296 5821 1475 5891 capite
1509 5823 1834 5880 tractabitur
1868 5840 1880 5887 ;
1923 5823 2009 5878 hic
2044 5826 2256 5875 tantum
2291 5832 2356 5873 ex
2383 5825 2673 5871 occasnone
2701 5811 2959 5883 tangitur.
