4110 6424
369 332 585 398 ’105-

1410 336 1641 397 SCALA
1682 334 2065 396 PARADISI.
2101 359 2169 370 -
2199 333 2508 397 GRADUS
2536 334 2633 396 IV.

3559 340 3664 404 706

369 447 597 516 νήσατα
634 444 778 499 Et“
802 460 885 508 τις
929 442 1116 499 τοῦτον
1162 445 1300 516 μετά
1344 447 1526 513 πόνου,
1551 446 1585 516 ἢ
1616 449 1713 500 καὶ
1753 447 1970 509 ἀπόνως

2078 445 2288 501 Etenim
2327 447 2395 501 ad
2428 448 2673 500 dextram
2714 444 2925 501 Domini
2961 447 3046 502 sui
3094 447 3338 503 cruciﬁxi
3379 447 3505 503 olim
3552 456 3667 504 sta-

369 533 722 599 κατεδέξατο,
774 535 984 607 ταχέως
1047 535 1150 606 τῆς
1193 536 1301 589 τῶν
1360 536 1557 591 ἐαυτοῦ
1605 536 1966 606 πταισμάτων

2071 547 2274 594 tuetur.
2326 539 2652 609 Quicunque
2683 540 3116 611 obiurgationem
3155 557 3247 596 seu
3296 557 3531 610 aequam,
3566 557 3664 597 seu

366 628 625 698 ἀφέσεως
643 627 929 693 τεύξεται·
964 628 1085 700 Θεῷ
1113 629 1316 701 νοερῶς
1343 630 1481 701 πρὸς
1511 629 1603 685 τὸν
1633 630 1726 683 σὺν
1752 629 1967 699 πατέρα

2075 628 2313 699 iniquam
2372 630 2441 684 ab
2491 646 2549 685 se
2598 630 2796 700 rejicit,
2843 630 2940 685 ille
2991 641 3178 685 contra
3220 631 3452 684 salutem
3507 646 3663 684 suam

366 718 581 783 πίστιν,
614 718 710 770 καὶ
739 719 964 789 ἀγάπην
1004 719 1314 790 εἰλικρινῶς
1342 719 1687 785 ὑποδείκνυε,
1714 721 1968 782 κάκεῖνος

363 809 669 875 ἀγνώστως
699 809 892 864 τοῦτον
913 794 1101 866 λοιπὸν
1124 811 1231 883 πλη
1242 813 1533 885 ροφορὴσει
1560 812 1704 866 κατά
1731 813 1832 882 τὴν
1866 811 1965 882 σὴν

364 902 515 970 πρὸς
545 902 708 956 αὐτὸν
757 902 1003 958 διάθεσιν
1043 903 1432 976 προστεθῆναι,
1479 906 1576 958 καὶ
1608 904 1967 973 οίκειωθῆναί

364 1012 479 1047 σοι.
519 995 578 1049 ’0
613 995 797 1049 πάντα
824 994 947 1065 ὅφιν
981 996 1317 1066 aequastva
1359 997 1544 1051 πίστιν
1578 996 1786 1067 ἐναργῆ
1830 996 1969 1049 ἔδει·

364 1085 485 1151 ξεν.
531 1086 590 1139 Ὀ
613 1086 671 1141 δὲ
702 1086 1092 1158 ἀποκρύπτων,
1132 1091 1212 1153 εἰς
1244 1088 1459 1152 ἀνοδίας
1486 1089 1567 1143 ἐτι
1601 1088 1966 1158 πεπλάνηται.

361 1180 511 1232 Τότε
553 1180 651 1250 τὴν
687 1180 885 1234 ἑαυτοῦ
923 1181 1297 1252 φιλαδελφίαν,
1356 1182 1451 1235 καὶ
1494 1182 1703 1252 κυρίως
1748 1182 1970 1251 ἀγάπην

362 1272 742 1340 ἐπιγνώσεταί
769 1291 874 1340 τις,
908 1274 1036 1328 ὅταν
1064 1275 1256 1329 ἐαυτὸν
1276 1274 1580 1329 πενθοῦντα
1612 1276 1705 1328 ἐπὶ
1738 1276 1852 1338 τοῖς
1871 1275 1967 1328 τοῦ

363 1371 607 1439 ἀδελφοῦ
630 1371 945 1441 σφάλμασιν
967 1371 1159 1443 ὄψεται
1179 1391 1189 1403 ’
1215 1374 1309 1425 καὶ
1326 1373 1453 1427 ὃταν
1471 1372 1838 1442 ἀγαλλόμενον
1855 1368 1966 1442 (55)

364 1464 466 1516 ἐπὶ
510 1466 631 1526 ταῖς
675 1465 887 1517 ἐκείνου
920 1468 1249 1536 προκοπαϊς,
1283 1465 1378 1519 καὶ
1418 1465 1778 1536 χαρίσμασιν.
1825 1466 1885 1518 '0
1911 1466 1969 1519 ἐν

365 1555 608 1622 διαλέξει
645 1555 759 1627 (56)
806 1556 901 1610 τὸν
946 1556 1142 1611 ἑαυτοῦ
1187 1556 1344 1627 λόγον
1370 1597 1385 1621 ,
1437 1557 1540 1611 κᾶν
1574 1557 1747 1628 ἀληθῆ
1795 1557 1967 1626 λέγει,

369 1649 648 1718 συστῆσαι
678 1648 850 1702 θέλων
880 1651 972 1703 καὶ
997 1649 1322 1722 βουλόμενος
1339 1650 1564 1724 [στῆσαι
1601 1650 1967 1722 βουλόμενος],

371 1740 696 1808 γινωσκέτω
743 1742 837 1794 τὸν
872 1740 966 1795 τοῦ
1012 1742 1259 1795 διαϐόλου
1308 1743 1465 1796 νόσον
1505 1744 1699 1797 νοσεῖν.
1756 1742 1864 1796 Καὶ
1920 1742 1968 1795 εί

1884 1803 2043 1857 ν-Β

378 1831 481 1902 μὲν
513 1832 573 1885 ἐν
622 1833 690 1902 τῇ
735 1831 873 1902 πρὸς
903 1833 1030 1896 τοὺς
1072 1833 1222 1896 ἴσους
1256 1832 1518 1904 συλλαλιᾷ
1551 1832 1709 1886 τοῦτο
1738 1831 1969 1903 ἐργάζε-

375 1940 490 1988 ται,
518 1924 648 1987 ἴσως
683 1923 832 1977 ἔστιν
867 1923 1032 1979 αὑτὸν
1073 1924 1287 1996 ἰαθῆναι
1334 1926 1398 1979 ἐκ
1426 1927 1525 1997 τῆς
1555 1926 1665 1980 τῶν
1702 1926 1969 1995 μειζόνων

384 2013 683 2083 ἐπιτιμίας.
728 2015 794 2067 Et
827 2015 885 2069 δὲ
915 2017 1008 2071 καὶ
1043 2016 1180 2088 πρὸς
1227 2018 1352 2081 τοὺς
1386 2018 1641 2090 μείζονας
1669 2019 1701 2090 ἢ
1732 2020 1970 2089 σοφωτὲ-

394 2122 521 2175 ρους
546 2104 711 2169 οὕτως
735 2106 1006 2162 διάκειται
1039 2125 1054 2139 ⁶
1086 2108 1239 2180 παρὰ
1290 2109 1596 2182 ἀνθρώπων
1630 2111 1788 2165 τοῦτο
1818 2111 1968 2165 ἀνίας

387 2213 503 2250 τον.
548 2198 605 2251 '0
642 2198 783 2268 λόγῳ
818 2199 932 2268 (57)
979 2200 1054 2271 μὴ
1094 2200 1473 2271 ὑποϐεϐηκὼς,
1533 2202 1689 2274 δῆλον
1736 2204 1816 2256 ὅτι
1849 2203 1970 2257 οὐδὲ

382 2287 552 2359 ἔργῳ.
596 2290 652 2342 '0
677 2289 787 2360 γάρ
811 2291 871 2343 ἐν
903 2290 1067 2362 ὀλίγῳ
1090 2292 1339 2357 ἄπιστος,
1373 2293 1465 2346 καὶ
1494 2297 1553 2347 ἐν
1577 2294 1724 2366 ἔργῳ
1752 2295 1971 2359 ἅκλιτός

376 2380 520 2444 ἐστι,
549 2380 726 2452 μάτην
760 2381 987 2446 κοπιῶν,
1030 2383 1249 2456 καὶτῆς
1278 2385 1434 2449 ὁσίας
1467 2388 1748 2458 ὑποταγῆς
1790 2388 1967 2453 οὐδὲν,

375 2471 429 2524 εί
464 2474 641 2541 κρῖμα
669 2472 868 2544 ἐαυτῷ,
897 2475 1280 2545 κομιζόμενος.
1321 2477 1389 2530 Et
1415 2494 1498 2541 τις
1526 2478 1585 2530 τὸ
1611 2478 1808 2532 ἐαυτοῦ
1847 2498 1970 2533 συν-

374 2562 523 2625 ειδὸς
562 2563 803 2634 καθαρὸν
835 2566 916 2628 είς
950 2566 1118 2636 ἀκρον
1158 2568 1240 2629 είς
1287 2567 1386 2638 τὴν
1439 2569 1589 2639 παρά
1634 2569 1726 2623 τοῦ
1767 2572 1971 2643 πατρὸς

375 2653 667 2725 ὑποταγὴν
695 2655 963 2724 ἐκτήσατο
984 2672 998 2689 ·
1021 2651 1182 2720 οὗτος
1209 2656 1395 2711 λοιπὸν
1417 2657 1507 2711 τὸν
1527 2658 1757 2713 θάνατον
1783 2660 1930 2714 ὥσπε
1938 2679 1971 2732 ρ

376 2742 576 2809 ὕπνον,
610 2743 813 2814 μᾶλλον
842 2745 899 2799 δὲ
927 2745 1096 2818 ζωὴν,
1130 2748 1253 2801 καθ’
1287 2749 1501 2820 ἡμέραν
1526 2751 1879 2822 ἐκδεχόμενος
1908 2753 1968 2806 οὑ

375 2839 670 2890 mitur
717 2836 1004 2906 γινώσκων
1053 2841 1110 2892 ἐν
1159 2839 1394 2912 βεϐαίῳ,
1443 2842 1520 2905 ὼς
1566 2845 1667 2897 οὐκ
1713 2846 1871 2908 αὐτὸς
1913 2847 1971 2898 ἐν

373 2926 567 2998 καιρῷ
589 2926 678 2981 τοῦ
705 2929 1010 3000 χωρισμοῦ,
1051 2930 1188 2984 ἀλλὰ
1233 2933 1516 3003 προεστὼς
1548 2933 1973 3007 λογοθετηοήσε-

369 3036 494 3074 ται.
528 3021 600 3074 Εί
613 3037 699 3084 τις
722 3022 782 3073 ἐν
821 3022 1009 3093 Κυρίῳ
1034 3022 1306 3088 ἀὸιάστως
1340 3027 1405 3079 ἐκ
1432 3026 1526 3078 τοῦ
1557 3027 1762 3096 πατρὸς
1786 3027 1970 3098 ἐγχεί-

2070 721 2200 791 agit.
2235 721 2388 786 Quod
2416 722 2461 774 si
2495 722 2635 776 banc
2665 722 2779 776 sive
2802 737 2964 792 τηειρ,
2990 722 3103 775 sive
3132 722 3384 775 alacriter
3409 721 3661 788 suscipit,

2070 814 2346 883 extemplo
2386 813 2707 868 delictorum
2759 830 2986 869 suorum
3024 814 3236 869 veniam
3270 824 3662 882 consequetur.

2072 907 2182 961 Deo
2213 922 2410 962 sensus
2442 908 2517 962 tui
2551 908 2672 961 testi
2715 908 2870 962 bona:
2900 907 3042 973 ﬁdei,
3078 919 3132 962 et
3183 909 3388 961 amoris
3425 907 3502 960 tui
3537 922 3665 975 erga

2072 1000 2384 1070 religiosum
2408 999 2689 1068 praesidem
2713 1008 2865 1053 tuum
2890 999 3164 1053 sincerum
3191 998 3449 1052 allectum
3478 1008 3662 1052 osten-

2071 1091 2158 1155 de,
2191 1100 2246 1145 et
2278 1090 2367 1144 ille
2399 1100 2553 1144 tuum
2586 1105 2710 1160 erga
2743 1090 2921 1159 ipsum
2954 1092 3149 1145 sinceri
3179 1090 3407 1145 affectus
3436 1105 3661 1145 sensum

2072 1182 2144 1235 illi
2180 1196 2273 1250 per
2302 1181 2578 1234 occultum
2625 1180 2947 1233 instinctum
2987 1189 3242 1233 testatum
3283 1180 3463 1243 faciet,
3498 1178 3666 1233 vicis-

2072 1269 2288 1338 simque
2317 1268 2412 1323 tibi
2443 1268 2656 1336 qualem
2688 1278 2862 1337 Optas,
2899 1268 3135 1334 facilem,
3170 1284 3392 1323 suavem
3424 1278 3478 1322 et
3503 1268 3665 1322 fami-

2072 1361 2261 1415 liarem
2289 1360 2493 1414 reddet.
2524 1359 2629 1426 Qui
2658 1361 2865 1415 nullum
2891 1360 2945 1414 in
2977 1370 3193 1430 pectore
3222 1371 3524 1430 serpentem
3550 1361 3665 1431 68

2072 1452 2230 1515 celat,
2266 1451 2630 1507 certissimam
2680 1451 2841 1505 fidem
2892 1451 3150 1505 ostendit.
3193 1450 3294 1517 Qui
3332 1467 3460 1505 vero
3494 1451 3547 1504 in
3586 1453 3664 1502 Ia-

2072 1544 2242 1600 tebris
2265 1545 2417 1598 illum
2444 1544 2798 1599 conscientia:
2813 1542 3018 1607 condit,
3036 1544 3223 1611 procul
3254 1558 3284 1597 a
3307 1542 3522 1596 virtutis
3555 1551 3664 1595 tra-

2073 1638 2201 1691 mite
2230 1638 2464 1691 aberrat.
2500 1633 2603 1701 Qui
2628 1650 2791 1704 super
2824 1635 3060 1705 religiosi
3103 1633 3289 1689 fratris
3325 1634 3408 1689 sui
3446 1634 3661 1687 delictis

2072 1744 2139 1784 ex
2170 1728 2354 1783 animo
2377 1727 2612 1794 dolebit;
2654 1735 2709 1781 et
2734 1727 2800 1780 de
2834 1726 3079 1796 profectu
3112 1727 3259 1779 illius
3290 1726 3343 1779 iu
3370 1726 3666 1780 virtutibus

2072 1830 2126 1876 et
2179 1821 2496 1876 caelestibus
2539 1820 2729 1890 gratiis
2774 1820 2994 1875 sincere
3032 1821 3309 1891 gaudebit,
3348 1820 3393 1873 is
3441 1820 3661 1874 demum

2071 1914 2333 1985 intelliget
2400 1928 2646 1969 severam
2721 1921 2775 1967 et
2868 1928 3181 1984 germanam
3238 1913 3557 1967 cbaritntem
3611 1920 3665 1964 ct

2072 2022 2317 2066 antorem
2341 2021 2469 2077 erga
2501 2007 2651 2061 illum
2685 2007 2987 2076 possidere.
3014 2005 3117 2072 Qui
3151 2007 3203 2060 in
3240 2006 3517 2061 communi
3550 2020 3664 2060 ser.

2073 2098 2439 2155 mociuatione
2473 2098 2798 2153 sententiam
2856 2113 3011 2153 suam
3063 2098 3418 2165 quantutmis
3452 2097 3661 2161 veram,
3740 2109 3749 2119 '

2071 2190 2409 2260 pertinacius
2465 2189 2757 2245 defendere
2792 2190 3151 2255 contenderit,
3183 2190 3322 2245 sciat
3370 2205 3428 2245 se
3469 2191 3665 2244 morbo

2073 2282 2646 2337 diabolicolaborarc.
2677 2283 2831 2349 Quod
2886 2284 2931 2339 si
2987 2284 3040 2337 in
3093 2285 3381 2354 aequalium
3435 2299 3662 2337 suorum

2073 2374 2349 2441 colloquio
2379 2374 2431 2427 id
2466 2372 2650 2437 faciat,
2677 2373 2910 2427 fortasse
2942 2372 3038 2442 'per
3086 2374 3357 2442 majorum
3407 2374 3665 2442 objurga-

2075 2467 2275 2519 tionem
2310 2466 2615 2520 curabitur.
2672 2463 2728 2519 Si
2759 2480 2889 2519 vero
2944 2465 3081 2519 idem
3127 2465 3267 2519 inter
3320 2464 3567 2519 seniores
3611 2473 3663 2519 et

2075 2557 2436 2627 sapientiores
2484 2572 2544 2613 se
2594 2558 2810 2624 audeat,
2845 2557 3160 2613 humanitus
3194 2556 3510 2611 incurabilis
3556 2564 3662 2610 est.

2075 2649 2178 2716 Qui
2210 2650 2482 2719 loquendo
2505 2664 2616 2704 non
2664 2650 2937 2705 submittit
2989 2666 3069 2716 se,
3115 2658 3261 2705 certe
3316 2664 3417 2704 nec
3451 2649 3666 2720 agendo

2075 2758 2135 2797 se
2184 2744 2488 2798 submittet.
2541 2742 2730 2810 Qualis
2764 2744 2817 2797 in
2875 2744 3091 2799 modico
3148 2751 3251 2806 cst,
3300 2742 3424 2796 talis
3473 2751 3557 2797 est
3608 2741 3662 2794 in

2075 2834 2332 2889 omnibus
2370 2835 2615 2899 caeteris,
2652 2833 2966 2903 frustraque
2997 2835 3225 2899 laborat,
3258 2842 3306 2887 et
3363 2849 3427 2886 ex
3473 2839 3666 2886 sancta

2074 2926 2379 2982 obedientia
2412 2928 2544 2982 nihil
2574 2928 2676 2982 nisi
2710 2943 2891 2996 grave,
2921 2936 2975 2981 et
3021 2926 3363 2981 mortiferum
3396 2925 3664 2995 judicium

2075 3018 2177 3073 sibi
2213 3028 2464 3088 reportat.
2490 3015 2593 3084 Qui
2625 3018 2863 3088 seipsum
2887 3018 3098 3073 sincera
3132 3023 3186 3070 et
3211 3031 3345 3085 pura
3377 3014 3666 3069 conscien-

376 3128 540 3183 ρημα
579 3112 856 3177 διακονίας
901 3113 1160 3185 εἰληφὼς,
1211 3115 1472 3188 ἁδόκητόν
1517 3135 1570 3170 τι
1599 3118 1867 3172 πέπονθεν
1912 3120 1970 3174 ἐν

2077 3112 2150 3167 tia
2187 3112 2585 3182 perfectissime
2616 3112 2855 3183 religiosi
2905 3112 3078 3182 patris
3125 3110 3448 3166 obedientiaz
3480 3108 3666 3178 subje-

373 3204 520 3275 αὐτῇ
559 3206 918 3277 πρόσκομμα,
980 3207 1055 3278 μὴ
1086 3207 1167 3278 τῷ
1197 3208 1453 3263 δεδωκότι
1509 3208 1571 3263 τὸ
1610 3212 1792 3276 ὅπλον,
1840 3212 1970 3267 ἀλλὰ

2078 3206 2176 3271 cit,
2214 3213 2442 3259 mortem
2469 3205 2727 3275 deinceps
2762 3205 3064 3275 intrepidus
3091 3204 3237 3258 velut
3265 3217 3540 3266 somnum,
3567 3217 3667 3256 seu

376 3295 457 3366 τῷ
494 3297 780 3368 δεξαμένῳ
820 3298 919 3369 τὴν
961 3299 1141 3353 αἰτίαν
1185 3301 1560 3372 ἐπιγράφοιτο.
1598 3305 1832 3376 Εἵληφεν
1862 3305 1971 3378 γὰρ

383 3386 548 3440 ὅπλον
598 3387 740 3458 πρὸς
789 3389 972 3459 μάχην
1011 3389 1230 3461 ἐχθροῦ,
1268 3394 1609 3464 προσήνεγκε
1638 3395 1695 3448 δέ
1738 3397 1870 3450 αὐτὸ
1904 3401 1969 3470 τῇ

389 3478 583 3533 ἑαυτοῦ
623 3479 845 3552 καρδίᾳ.
892 3481 956 3534 Εί
996 3482 1054 3534 δὲ
1104 3482 1387 3552 βεϐίασται
1430 3484 1727 3559 [βεϐίακεν]
1782 3489 1973 3542 ἑαυτὸν

388 3570 479 3625 διὰ
518 3571 763 3650 ξύριον,
808 3573 904 3627 καὶ
942 3574 1041 3645 τὴν
1087 3574 1285 3628 ἑαυτοῦ
1325 3576 1609 3632 ἀσθένειαν
1655 3578 1733 3649 τῷ
1778 3580 1972 3634 διδόντι

388 3666 686 3735 προεῖπεν,
724 3665 997 3736 θαρσείτω
1026 3681 1040 3695 ·
1082 3666 1184 3719 κᾶν
1232 3666 1343 3737 γὰρ
1385 3669 1675 3724 πέπτωκεν
1704 3671 1838 3744 (58),
1874 3673 1974 3725 οὐκ

387 3757 650 3813 ἀπέθανε.
691 3757 906 3829 Λέληθα
941 3759 1103 3828 ὑμῖν,
1137 3753 1182 3812 ὦ
1226 3759 1391 3829 φίλοι,
1439 3762 1534 3816 καὶ
1575 3763 1765 3819 τοῦτον
1797 3781 1978 3837 παρα-

392 3846 561 3901 θεῖναι
585 3847 681 3901 τὸν
712 3847 847 3918 ἡδὺν
879 3848 982 3918 τῆς
1016 3849 1218 3920 ἀρετῆς
1246 3850 1430 3922 ἄρτον,
1461 3854 1537 3917 ὡς
1567 3853 1781 3926 ἑώρακα
1810 3856 1973 3931 [ἐκεῖ]

401 3936 455 3989 ἐν
475 3937 668 4009 Κυρίῳ
701 3938 979 4010 ὑπηκόους
1008 3942 1127 4003 ταῖς
1158 3939 1383 4011 ὕϐρεσιν
1424 3943 1654 4007 ἑαυτοὺς
1697 3945 1977 4017 ἐκτρίϐονο

400 4041 498 4090 τας
548 4029 685 4083 κατά
724 4028 861 4082 Θεὸν
904 4029 1293 4100 ἀτιμάζοντας.
1342 4032 1429 4087 ἵνα
1474 4034 1567 4087 ἐπὶ
1616 4037 1737 4098 ταῖς
1778 4020 1976 4100 ἔξωθεν

397 4121 870 4192 προσφερομέναις
895 4122 1081 4185 αὐτοῖς
1116 4124 1742 4197 προπαρασκευασμένοι
1772 4129 1977 4199 τυγχά-

390 4226 556 4266 νωσιν
580 4213 668 4264 ἐπ’
699 4212 947 4282 ἀτιμίαις
975 4213 1050 4285 μὴ
1072 4214 1373 4285 πτύρεσθαι
1403 4231 1416 4244 ”
1448 4216 1594 4288 ψυχὴ
1623 4217 1977 4290 ἐξαγόρευσιν

383 4307 741 4379 ἑννοουμένη,
767 4306 844 4370 ὡς
872 4308 976 4360 ὑπὸ
998 4307 1240 4379 χαλινοῦ,
1283 4310 1388 4362 ὑπὸ
1412 4309 1618 4381 ταύτης
1661 4313 1975 4383 κατέχεται,

384 4400 465 4472 μὴ
497 4400 863 4471 ἁμαρτάνειν.
894 4399 985 4453 Τὰ
1002 4399 1113 4472 γὰρ
1139 4400 1541 4473 ἁνεξαγόρευτα
1567 4402 1643 4467 ὼς
1686 4405 1746 4456 ἐν
1794 4405 1976 4458 σκότει

2081 3313 2265 3383 potius
2303 3312 2466 3367 vitam
2500 3314 2743 3383 quotidie
2774 3320 3074 3381 exspectat,
3107 3323 3289 3369 certus
3338 3313 3392 3367 in
3436 3328 3666 3367 excessu

2082 3405 2203 3459 vitre
2234 3418 2338 3459 non
2392 3419 2422 3457 a
2475 3418 2553 3467 se,
2588 3402 2681 3457 sed
2741 3418 2773 3457 a
2828 3402 3058 3472 praeside
3106 3417 3207 3455 suo
3259 3403 3526 3456 rationem
3571 3419 3669 3456 ex-

2080 3499 2262 3547 actum
2306 3491 2393 3545 iri.
2429 3489 2532 3556 Qui
2565 3488 2798 3544 oﬂicium
2835 3490 3121 3544 ministerii
3163 3489 3231 3543 ab
3275 3490 3533 3560 religioso
3565 3488 3669 3542 Pa-

2080 3580 2163 3636 tre
2191 3580 2243 3635 in
2280 3579 2513 3635 Domino
2546 3578 2784 3633 delatum
2835 3578 3001 3643 ultro,
3030 3594 3137 3631 non
3189 3585 3415 3631 coactus
3454 3577 3667 3646 recipit,

2080 3671 2217 3726 etin
2251 3686 2314 3725 ea
2367 3685 2424 3724 re
2457 3679 2648 3739 postea
2682 3668 2809 3737 quid
2859 3668 3167 3739 peccaverit
3217 3676 3311 3721 aut
3361 3666 3667 3733 offenderit,

2079 3763 2236 3833 culpa
2270 3763 2551 3833 recipienti
2586 3774 2759 3827 arma,
2800 3776 2910 3815 non
2951 3760 3100 3814 danti
3136 3760 3461 3814 ascribetur.
3500 3759 3669 3814 Acce-

2080 3856 2159 3925 pit
2213 3855 2360 3908 enim
2415 3854 2655 3925 gladium
2711 3862 2771 3907 ut
2829 3852 2883 3905 in
2936 3852 3144 3906 hostem
3184 3859 3469 3920 pugnaret,
3503 3866 3669 3920 quem

2080 3947 2196 4016 ipse
2229 3946 2282 4000 in
2316 3960 2416 4000 suo
2446 3944 2618 4014 ipsius
2648 3952 2867 4014 pectore
2902 3942 3106 3997 defixit.
3142 3940 3197 3995 Si
3224 3952 3403 3996 autem
3439 3941 3644 3995 invitus

2079 4048 2133 4093 et
2161 4052 2315 4093 suam
2352 4036 2547 4090 virium
2583 4034 3007 4089 imbecillitatem
3059 4031 3336 4101 praefatus,
3367 4039 3419 4084 et
3449 4031 3666 4100 praesidi

2079 4135 2435 4193 contestatus,
2468 4135 2689 4197 propter
2719 4125 3009 4179 Dominum
3037 4124 3150 4196 69
3200 4124 3435 4178 cilicium
3477 4138 3667 4177 snser-

2079 4222 2176 4291 pit,
2231 4220 2375 4273 bono
2433 4219 2619 4272 animo
2667 4217 2758 4282 sit,
2794 4216 3008 4271 etiamsi
3060 4215 3310 4284 deliquit,
3365 4228 3473 4266 non
3518 4213 3665 4267 enim

2081 4324 2330 4369 mortuus
2364 4320 2466 4366 est.
2499 4311 2640 4378 Quin
2676 4318 2731 4365 et
2761 4310 2907 4363 hunc
2951 4308 3163 4362 dulcem
3203 4306 3421 4361 virtutis
3471 4321 3665 4375 panem

2080 4406 2239 4461 vobis
2276 4404 2588 4459 cliarissimi
2630 4418 2902 4473 apponere
2936 4402 3140 4456 oblitus
3180 4416 3323 4455 sum.
3383 4398 3537 4466 Quod
3587 4402 3666 4449 vi-

379 4492 562 4556 ἀδεῶς
604 4492 793 4546 λοιπὸν
862 4492 1197 4563 πράττομεν.
1271 4495 1439 4548 Ὅταν
1493 4495 1586 4548 τοῦ
1635 4497 1970 4566 προεστῶτος

2083 4499 2255 4553 derim
2286 4496 2359 4551 ibi
2389 4496 2531 4551 inter
2564 4496 2872 4566 religiosos,
2909 4494 3000 4565 qui
3030 4493 3240 4564 seipsos
3266 4508 3358 4562 per
3385 4500 3669 4547 contume-

380 4584 648 4648 ἀπόντος,
686 4583 750 4636 τὸ
790 4582 956 4637 αὐτοῦ
987 4586 1277 4656 πρόσωπον
1312 4585 1753 4652 ἐξεικονίζοντες,
1790 4589 1970 4642 τοῦτον

2083 4593 2185 4646 lias
2223 4590 2288 4644 ad
2324 4589 2642 4660 patientiam
2692 4594 3029 4652 exercerent,
3062 4593 3123 4639 ut
3171 4585 3238 4639 ad
3289 4584 3555 4653 irrogatas
3598 4583 3668 4636 ab

379 4673 763 4744 παρίστασθαι
788 4675 920 4745 ἡμῖν
944 4675 1276 4746 νομίζωμεν,
1311 4677 1406 4730 καὶ
1442 4679 1624 4731 πᾶσαν
1664 4679 1970 4750 συντυχίαν,

2084 4684 2209 4740 aliis
2242 4682 2593 4754 ignominias,
2625 4688 2882 4750 tanquam
2907 4679 3020 4749 jam
3053 4678 3338 4735 exercitati
3390 4692 3496 4733 non
3531 4677 3670 4747 deji-

377 4771 411 4842 ῆ
448 4771 632 4839 λόγον,
665 4770 698 4842 ἢ
732 4768 955 4840 βρῶσιν,
987 4771 1021 4842 ἢ
1054 4770 1300 4843 ὕπνον,ἦ
1333 4771 1461 4826 ἄλλο
1491 4791 1543 4827 τι
1589 4774 1725 4846 πρὸς
1757 4774 1785 4828 ὃ
1826 4776 1970 4829 ὑπει-

2083 4782 2357 4830 cerentur.
2411 4770 2516 4838 Qui
2564 4770 2967 4827 confessionem
3037 4778 3386 4840 peccatorum
3454 4784 3672 4840 semper

377 4863 647 4934 λήφαμεν
668 4860 851 4932 ἀηδῶς
879 4862 1042 4916 αὑτὸν
1067 4862 1213 4934 ἔχειν
1229 4866 1286 4917 ἐν
1312 4866 1445 4935 ἡμῖν
1466 4867 1970 4939 ἁποστρεφώμεθα⁴

2086 4866 2271 4921 animo
2296 4865 2547 4929 revolvit,
2589 4863 2657 4917 ab
2690 4862 2778 4916 illa
2826 4870 3085 4932 tanquam
3142 4861 3298 4916 freno
3352 4876 3418 4916 ne
3466 4870 3673 4931 peccet,

376 4956 512 5010 τότε
554 4953 772 5028 ἀληθῶς
802 4953 1125 5026 ἐγνώκαμεν
1156 4956 1405 5028 ὑπακοὴν
1438 4958 1743 5013 ἀνόθευτον.
1786 4961 1849 5012 Oi
1883 4961 1970 5029 μὲι

2085 4968 2390 5015 coercetur.
2420 4955 2657 5011 Celanda
2686 4955 2831 5010 enim
2867 4954 3126 5024 deinceps
3151 4953 3301 5008 velut
3329 4952 3569 5008 tenebris
3590 4950 3677 5006 sc"-

380 5045 538 5100 νόθοι
573 5045 683 5100 τῶν
721 5046 929 5099 παίδων
969 5048 1149 5118 χαρὰν
1190 5047 1290 5120 τὴν
1321 5047 1416 5101 τοῦ
1463 5048 1783 5103 διδασκάλου
1816 5052 1970 5104 ἀπουι

2082 5049 2334 5121 pelienda
2371 5062 2564 5102 secure
2595 5044 2958 5099 admittimus.
2994 5042 3227 5110 Quando
3255 5041 3544 5112 praesidem
3572 5032 3681 5095 εω-

382 5138 549 5193 σίαν·
579 5139 629 5192 oi
653 5138 712 5192 δὲ
738 5140 953 5211 γνήσιοι
995 5139 1200 5212 ζημίαν
1233 5140 1438 5210 ταύτην
1477 5140 1802 5208 λογίζονται.

2084 5145 2235 5201 nobii
2267 5142 2570 5205 absentem,
2605 5138 2762 5193 nobis
2791 5145 2971 5192 tamen
3026 5136 3081 5191 in
3128 5150 3455 5207 quocunque
3504 5133 3676 5187 collo-

384 5237 547 5308 quio,
573 5252 852 5305 sermone,
884 5254 1092 5302 mensa,
1122 5239 1376 5294 cubiculo
1399 5249 1453 5294 et
1505 5254 1723 5300 somno,
1775 5250 1871 5296 aut
1919 5257 2249 5313 quacunque
2298 5238 2405 5293 alia
2468 5237 2521 5291 in
2569 5250 2647 5301 re,
2677 5251 2843 5305 quam
2883 5234 2959 5289 illi
2989 5233 3386 5303 displicituram
3429 5231 3484 5284 in
3519 5228 3679 5285 nobis

385 5324 677 5401 putamus,
712 5338 977 5401 tanquam
1013 5338 1337 5400 praesentem
1386 5345 1619 5401 corpore
1689 5329 2033 5400 ﬁnxerimus,
2078 5345 2413 5403 peccareque
2470 5331 2796 5393 caverimus,
2834 5334 2949 5381 tum
3002 5326 3198 5381 deinde
3246 5339 3349 5380 nos
3387 5338 3682 5395 germanos

388 5422 723 5478 obedientiae
756 5422 900 5479 filios
930 5438 1049 5478 esse
1089 5422 1547 5479 existimabimus.
1586 5422 1706 5478 Veri
1744 5425 1888 5478 enim
1940 5435 1995 5482 et
2029 5423 2225 5481 sinceri
2286 5421 2543 5491 discipuli
2586 5418 2829 5474 doctoris
2890 5418 2977 5474 sui
3028 5414 3333 5473 absentiam
3388 5430 3547 5470 suum
3585 5419 3680 5470 de-

356 5516 716 5573 -trimeutum
772 5517 1249 5586 interpretantur:
1293 5517 1465 5586 spurii
1499 5532 1631 5571 vero
1677 5527 1729 5571 et
1777 5518 1987 5589 dyscoli
2044 5526 2433 5590 praeceptorem
2490 5513 2684 5569 abesse
2729 5513 2987 5585 gaudent.

481 5607 776 5682 Ἦρώτησά
810 5610 940 5663 ποτέ
970 5624 1093 5663 τινα
1130 5608 1240 5662 τῶν
1268 5608 1653 5679 δοκιμωτάτων
1685 5608 1970 5674 δυσωπῶν,

2159 5606 2433 5675 Quaerenti
2470 5606 2602 5660 mihi
2637 5607 2765 5659 olim
2803 5621 2870 5660 ex
2901 5602 3283 5660 laudatissima
3312 5600 3548 5672 quodam
3576 5598 3682 5655 Pa-

393 5703 516 5770 πῶς
573 5705 607 5775 ἡ
653 5704 868 5775 ὑπακοὴ
911 5704 1013 5776 τὴν
1058 5701 1451 5773 ταπεινοσύνην
1507 5703 1773 5772 κέκτηται
1799 5718 1812 5732 ·
1848 5703 1877 5755 ὁ
1921 5702 1970 5755 δὲ

2089 5711 2190 5769 tre,
2225 5716 2464 5772 quonam
2502 5710 2657 5769 pacto
2692 5701 2863 5756 virtus
2898 5696 3221 5753 obedientiae
3248 5710 3375 5751 cum
3426 5694 3681 5765 religiosa

398 5812 534 5869 φησι
564 5813 580 5830 ο
625 5816 643 5851 ι
668 5796 786 5852 Κᾶν
812 5795 1037 5870 νεκροὺς
1080 5798 1109 5850 ὁ
1143 5795 1443 5867 εὐγνώμων
1472 5793 1715 5864 ὑπήκοος
1746 5793 1952 5864 ἀναστή

2092 5795 2399 5851 humilitate
2429 5794 2719 5865 conjuncta
2752 5794 2858 5848 sit:
2901 5790 3098 5859 Verus,
3131 5789 3332 5860 inquit,
3355 5787 3678 5846 obcdientia:
