4110 6466
427 330 529 392 707

1690 324 1751 383 S.
1782 323 2104 384 JOANNIS
2135 321 2443 382 CLIMACI

3597 328 3705 392 708

425 435 751 506 discipulus,
781 436 996 491 etiamsi
1028 422 1275 491 mortuos
1303 434 1639 503 excitaverit,
1661 436 1876 491 etiamsi
1907 451 1998 491 σω

2122 449 2192 507 σῃ
2218 451 2229 464 ·
2263 434 2368 488 κᾶν
2411 433 2647 503 δάκρυον
2692 432 2959 503 κτήσηται
2990 451 3002 464 ο
3052 435 3153 488 κᾶν
3193 434 3516 507 ἀπαλλαγὴν
3546 438 3709 491 πολέ-

424 527 558 581 lcste
590 525 962 598 lacrymarum
997 526 1202 580 donum
1247 526 1521 591 habuerit,
1550 525 1766 581 etiamsi
1801 541 2015 581 summa

2124 540 2262 592 μων,
2290 521 2563 589 λογίζεται
2596 520 2834 585 πάντως,
2870 525 2953 575 ὃτι
2985 523 3019 593 ᾗ
3052 523 3148 576 τοῦ
3185 527 3567 595 πνευματιωῦ
3596 547 3708 583 παρ

424 617 592 671 animi
649 617 832 688 quiete
887 616 1227 688 perfruatur‘,
1277 632 1490 686 semper
1524 625 1705 673 tamen
1756 618 1998 689 cogitabit

2118 613 2247 681 τρδς
2298 613 2431 683 εὐχὴ
2478 611 2639 664 τοῦτο
2673 612 2931 682 ἐποίησε⁶
2974 612 3070 667 καὶ
3101 615 3251 684 μένει
3292 615 3456 679 αὐτὸς
3497 620 3564 671 ὲκ
3599 620 3705 689 τῆς

425 709 478 763 id
512 709 816 780 spiritualis
864 710 1033 781 patris
1088 709 1173 763 sui
1227 707 1551 763 beneficium
1596 724 1737 775 esse,
1788 710 2016 779 ejusque

423 801 680 871 precibus
714 801 898 854 omnia
934 800 1071 865 fieri,
1104 811 1157 854 et
1204 796 1285 855 sic
1317 801 1385 855 ab
1433 801 1584 855 omni
1617 816 1771 857 vana:
1823 802 2015 857 existi-

429 891 689 946 mationis
719 901 935 946 tumore
956 891 1094 945 liber
1119 903 1173 945 ct
1202 892 1413 947 alienus
1440 893 1701 955 manebit.
1725 890 2013 959 Quomodo

423 984 570 1037 enim
602 983 693 1036 illo
727 982 983 1038 eﬂ‘eretur
1011 983 1077 1046 is,
1111 982 1205 1052 qui
1236 982 1436 1038 fatetur
1479 984 1530 1037 id
1558 1000 1667 1038 non
1701 1000 1802 1039 suo
1828 985 2012 1040 studio

419 1085 473 1131 ct
500 1077 719 1140 virtute,
757 1076 865 1145 70
911 1075 1003 1130 sed
1038 1076 1270 1132 alterius
1302 1091 1402 1146 ope
1442 1075 1644 1130 factum
1676 1080 1834 1132 esse?
1885 1074 2013 1132 Haec

419 1169 475 1222 in
506 1169 668 1222 rebus
689 1167 802 1238 jam
845 1169 1291 1223 commemoratis
1324 1168 1538 1224 virtutis
1563 1169 1740 1225 studia
1770 1170 2012 1224 anacho-

420 1270 533 1314 reta
566 1274 675 1313 non
712 1268 796 1314 est
821 1269 1077 1329 expertus
1153 1257 1353 1330 Opinio
1383 1261 1583 1331 quippe
1630 1262 1868 1331 propriae
1896 1261 2006 1315 vir-

420 1352 553 1407 tutis
597 1362 745 1407 recte
796 1350 1063 1408 factorum
1118 1352 1333 1408 laudem
1384 1368 1494 1408 sua:
1527 1340 1809 1410 industriae
1853 1368 2008 1409 arro-

418 1452 609 1513 ganter
663 1444 873 1499 tribuit.
919 1443 1252 1501 Obedtentiaz
1302 1446 1532 1515 imperio
1582 1446 1863 1515 subjectus
1915 1447 2004 1502 ubi

419 1533 667 1603 geminos
691 1534 869 1590 hostis
899 1534 1053 1589 dolos
1087 1534 1164 1606 (α)
1196 1535 1406 1601 vicerit,
1442 1535 1737 1605 laqueosve
1764 1536 2007 1591 declina-

418 1627 510 1691 rit,
542 1627 784 1681 manebit
830 1627 1087 1696 deinceps
1115 1641 1307 1681 servus
1335 1627 1425 1683 illc
1475 1627 1677 1682 Christi
1724 1638 1906 1685 certus
1951 1632 2004 1685 et

416 1728 656 1774 aeternus
684 1719 1005 1774 obcdientiae
1037 1720 1201 1774 filius.
1240 1717 1436 1775 Studet
1481 1720 1829 1776 cacodzemon
1870 1722 2002 1778 obe-

418 1810 635 1865 dientiaa
669 1811 941 1878 alumnos,
975 1827 1122 1868 nunc
1159 1811 1380 1882 quidem
1419 1811 1580 1868 foedis
1610 1815 1858 1885 corporis
1883 1831 2003 1871 sor-

417 1900 580 1955 dibus
629 1915 727 1956 seu
778 1901 1104 1957 humoribus
1138 1903 1434 1973 pollueudo
1482 1905 1793 1975 inquinare,
1835 1922 2035 1984 cona-l

417 2003 617 2065 turquc
648 1994 771 2050 illos
824 1996 928 2051 hoc
959 2006 1120 2067 pacto
1148 1997 1320 2053 duros
1373 1999 1704 2070 tetricosque
1754 2001 2001 2066 reddere,

414 2096 721 2156 praeterque
758 2099 964 2143 morem
995 2090 1342 2159 perturbatos
1370 2105 1402 2147 e
1429 2092 1654 2147 cardine
1683 2094 2004 2151 obcdientia:

412 2164 696 2245 excutere;
744 2195 890 2233 nunc
931 2196 1061 2235 vero
1104 2182 1289 2238 aridos
1332 2193 1387 2237 et
1438 2185 1655 2241 steriles
1685 2185 1918 2251 efﬁcere,
1949 2196 2003 2242 et

414 2270 480 2325 ad
539 2287 726 2340 preces
785 2260 1075 2328 tarditores
1123 2289 1187 2329 ac
1243 2276 1637 2343 somnolenlos,
1706 2286 1764 2332 ut
1812 2277 2002 2335 oﬁ‘usis

417 2361 584 2414 tuenti
620 2362 856 2417 tenebris
893 2363 1207 2419 existiment
1236 2380 1296 2420 sc
1326 2366 1538 2420 nullum
1573 2383 1639 2422 ex
1678 2368 2003 2424 obedientia:

412 2456 595 2509 studio
627 2454 866 2509 fructum
900 2470 1115 2527 capere,
1150 2458 1246 2514 sed
1279 2460 1333 2513 in
1365 2459 1584 2516 virtutis
1630 2461 1807 2516 stadio
1834 2462 2000 2517 etiam

411 2545 641 2613 regredi,
680 2560 790 2614 quo
842 2548 965 2602 illos
993 2548 1062 2601 ab
1113 2549 1438 2605 obcdientiae
1488 2552 1738 2621 palatstra
1784 2553 2001 2623 penitus

410 2637 625 2693 avellal.
660 2639 770 2695 Nec
804 2639 948 2694 enim
981 2641 1076 2694 dat
1104 2641 1211 2696 illis
1248 2645 1482 2712 spatium
1516 2645 1787 2714 cogitandi
1825 2655 1879 2700 et
1910 2660 1998 2701 re-

410 2731 793 2800 cognoscendi,
827 2735 969 2801 quod
1019 2733 1147 2788 dum
1192 2734 1457 2789 virtutum
1493 2737 1805 2800 thesaurus,
1832 2752 1998 2807 quem

413 2821 693 2890 possidere
721 2823 990 2888 videmur,
1040 2825 1199 2880 nobis
1251 2825 1436 2881 divino
1469 2836 1606 2883 nutu
1654 2828 1996 2896 subducitur,

409 2913 636 2968 occasio
687 2915 923 2970 maxime
959 2915 1347 2974 submissionis
1398 2919 1727 2989 praebeatur.
1786 2922 1893 2979 Sed
1948 2924 1996 2980 is

408 3019 571 3075 quem
603 3005 844 3061 diximus
876 3016 1170 3073 veterator,
1197 3010 1267 3065 ab
1311 3012 1589 3069 nonnullis
1643 3029 1784 3084 saepe
1832 3014 1992 3087 longa

2120 705 2357 774 ματαίας
2387 705 2652 776 οἰκήσεως
2683 704 2853 769 ξένος,
2881 706 2979 759 καὶ
3006 705 3289 778 ἀλλότριος
3319 723 3334 737 ο
3376 727 3395 760 ι
3430 710 3556 772 Πῶς
3590 712 3701 784 γὰρ

2118 793 2185 848 ἂν
2208 796 2303 849 καὶ
2335 795 2683 865 ὑψωθήσεται
2710 797 2798 850 ἐπ’
2829 799 3028 861 ἐκεῖνο,
3059 798 3088 851 ὃ
3115 798 3176 863 ἐξ
3211 799 3408 871 ἐτέρας
3445 802 3703 873 βοηθείας

2114 887 2263 957 λέγει
2313 886 2541 960 [λέγοι],
2576 888 2956 958 πεποιηκέναι,
3005 890 3098 943 καὶ
3156 891 3259 945 οὐκ
3298 894 3365 945 ὲκ
3397 894 3496 965 τῆς
3530 896 3701 949 αὑτοῦ

2116 981 2353 1050 σπουδῆς
2380 997 2395 1012 ο
2425 981 2525 1034 οὐκ
2566 975 2707 1034 οἶδεν
2746 983 3057 1052 ήσυχαστὴς
3098 983 3195 1054 τὴν
3225 984 3333 1037 τῶν
3363 990 3696 1058 προειρημέ-

2113 1087 2219 1149 νων
2245 1072 2507 1142 ἐργασίαν
2548 1088 2560 1100 ³
2604 1073 2671 1127 τὰ
2706 1072 2891 1127 δίκαια
2927 1074 3037 1143 γὰρ
3073 1074 3212 1144 πρὸς
3249 1077 3412 1130 αὑτὸν
3438 1081 3472 1148 ἡ
3518 1080 3697 1149 οἴησις

2113 1144 2378 1232 κέκτηται
2424 1164 2531 1234 ἰδίᾳ
2567 1160 2780 1235 σπουδῇ
2813 1165 2881 1218 τὰ
2928 1166 3331 1238 κατορθώματα
3371 1144 3520 1240 αύτῷ
3566 1144 3697 1226 ὑπο⁴

2112 1255 2383 1309 ὗάλλουσα
2412 1256 2698 1314 ἐπιτελεῖν.
2729 1259 2834 1312 Δύο
2864 1258 3167 1329 νενικηκὼς
3193 1262 3221 1313 ό
3253 1259 3330 1314 ὢν
3355 1262 3413 1316 ἂν
3443 1266 3693 1334 ὑποταγῇ

2109 1348 2294 1413 δόλους
2327 1349 2423 1420 (ὁ),
2455 1350 2605 1421 μένει
2636 1350 2821 1405 λοιπὸν
2847 1351 3034 1415 δοῦλος
3067 1353 3306 1423 Χριστοῦ
3331 1354 3554 1420 αἰώνιος
3588 1360 3693 1410 ὐπ-

2110 1442 2275 1511 ήκοος
2306 1457 2318 1471 ⁸
2349 1441 2611 1495 πυκτεύει
2644 1443 2673 1494 ό
2702 1442 2913 1511 δαίμων
2941 1443 3068 1505 τοὺς
3102 1444 3401 1514 ὑπηκόους,
3432 1449 3565 1501 ποτὲ
3593 1450 3695 1518 μὲν
3802 1488 3807 1497 ,

2111 1533 2408 1603 μολυσμοίς
2473 1532 2748 1604 μολύνειν,
2798 1534 2894 1588 καὶ
2945 1535 3408 1606 σκληροκαρδίους
3462 1540 3694 1611 ἐργάξε-

2110 1624 2254 1689 σθαι,
2279 1627 2504 1688 τούτους
2548 1625 2883 1697 ταραχώδεις
2916 1626 3067 1697 παρὰ
3114 1628 3406 1699 συνήθειαν
3443 1632 3692 1699 γίνεσθαι

2107 1714 2453 1785 ὲκμοχλεύων
2485 1714 2619 1787 (59),
2654 1715 2785 1769 ποτὲ
2823 1716 2880 1769 δὲ
2932 1715 3133 1787 ξηρούς
3163 1734 3351 1781 τινας,
3386 1722 3480 1774 καὶ
3512 1722 3691 1795 ἀκάρ-

2108 1821 2264 1868 πους,
2295 1806 2389 1859 καὶ
2423 1806 2550 1877 περὶ
2592 1806 2693 1877 τὴν
2722 1807 3029 1878 προσευχὴν
3060 1808 3473 1881 ὀκνηροτέρους,
3505 1813 3689 1867 ὑπνώ-

2104 1897 2217 1961 δεις
2239 1904 2299 1950 τε
2327 1896 2421 1950 καὶ
2450 1898 2894 1968 ὲσκοτισμένους,
2938 1900 3005 1953 ἵν’
3028 1899 3105 1963 ὡς
3133 1900 3300 1971 μηδὲν
3337 1903 3403 1955 ἐκ
3432 1904 3530 1973 τῆς
3556 1905 3691 1960 ὑπο.

2104 1990 2279 2061 ταγῆς
2318 1989 2720 2061 ὠφεληθέντας,
2765 1990 2901 2044 ἀλλὰ.
2934 1991 3030 2045 καὶ
3072 1992 3304 2047 κατόπιν
3341 1994 3686 2063 βαδίσαντας,

2103 2079 2515 2152 τῆςὰθλὴσεως
2552 2080 2876 2151 ἀποσπάσῃ.
2913 2082 2987 2135 Ού
3026 2081 3136 2153 γὰρ
3177 2087 3452 2155 συγχωρεῖ
3504 2087 3688 2150 αὐτοῖς

2105 2174 2330 2238 ἐννοεῖν,
2352 2174 2433 2226 ὅτι
2465 2172 2729 2236 πολλάκις
2755 2175 2789 2243 ἡ
2824 2174 2932 2227 τῶν
2956 2173 3259 2230 δοκούντων
3288 2179 3347 2230 ὲν
3387 2180 3520 2248 ἡμῖν
3550 2181 3688 2247 ἁγα-

2103 2264 2213 2320 θῶν
2264 2264 2583 2338 οἰκονομικὴ
2627 2265 2921 2337 ἀφαίρεσις
2970 2265 3280 2337 βαθυτάτης
3322 2285 3687 2339 ταπεινοφρος

2106 2359 2272 2430 σύνης
2304 2360 2512 2427 γίνεται
2553 2358 2835 2429 πρόξενος.
2879 2359 3259 2430 Ἀπεκρούσθη
3295 2360 3362 2412 δι’
3406 2362 3686 2431 ὑπομονῆς

2104 2452 2361 2515 πολλάκις
2393 2452 2545 2523 παρά
2573 2468 2713 2506 τισιν
2739 2453 2767 2506 ό
2791 2450 3113 2523 προλεχθείς
3138 2452 3414 2509 ἀπατεὼν.
3447 2448 3579 2506 Εἶτα
3600 2455 3684 2509 ἔτι

2100 2542 2294 2596 τούτου
2355 2542 2664 2608 λαλοῦντος,
2705 2542 2895 2613 ἕτερος
2942 2543 3174 2611 ἄγγελος
3226 2545 3516 2615 παραστὰς
3562 2547 3682 2615 μετ’

2099 2635 2278 2705 ὀλίγον
2307 2635 2479 2706 ἑτέρῳ
2508 2634 2698 2705 τρόπῳ
2737 2635 2954 2705 ἀπατᾷν
2990 2636 3138 2705 ἡμᾶς
3181 2634 3484 2705 δοκιμάζει.
3526 2633 3681 2691 Εἶδον

2101 2730 2376 2799 ὑπηκόους
2431 2728 2870 2792 εὐκατανύκτους
2899 2768 2914 2793 ,
2961 2732 3294 2799 προσηνεῖς,
3351 2733 3678 2806 ἐγκρατεῖς,
3766 2764 3769 2769 -

2101 2821 2443 2887 σπουδαίους,
2484 2821 2886 2892 ἀπολεμήτους,
2930 2820 3166 2892 θερμοὺς
3200 2824 3265 2875 ἐκ
3307 2822 3406 2891 τῆς
3440 2821 3534 2875 τοῦ
3571 2839 3673 2875 πα-

2097 2916 2226 2985 τρὸς
2260 2914 2471 2985 σκέπης
2496 2914 2787 2983 γεγονότας
2819 2931 2830 2943 ’
2868 2909 2952 2978 οἷς
2991 2916 3041 2967 oi
3071 2915 3325 2986 δαίμονες
3354 2916 3678 2981 ἐπιστάντες

2098 3007 2357 3069 δυνατοὺς
2387 3001 2522 3059 εἶναι
2550 3005 2735 3058 λοιπὸν
2772 3005 2906 3076 πρὸς
2934 3004 3165 3076 ἡσυχίαν
3213 3006 3575 3077 ὑπέσπειραν,
3601 3006 3677 3070 ὡς

410 3097 667 3166 patientia
698 3101 951 3169 repulsus
990 3110 1091 3157 est.
1145 3102 1280 3158 Dein
1331 3105 1511 3160 adhuc
1557 3105 1661 3162 isto
1710 3108 1985 3179 loquente,

2100 3100 2237 3171 πρὸς
2258 3099 2461 3153 τέλειον
2484 3098 2670 3152 λοιπὸν
2715 3097 2969 3161 ἔπαθλον,
3010 3098 3104 3151 καὶ
3134 3098 3269 3168 πρὸς
3316 3100 3588 3153 ἀπάθειαν
3609 3098 3676 3153 δι’

412 3188 553 3244 alius
601 3189 755 3245 adest
800 3191 1122 3247 insidiarum
1169 3195 1502 3252 architectus
1554 3198 1747 3267 genius
1794 3202 1991 3268 malus,

410 3279 503 3347 qui
526 3281 691 3349 paulo
712 3291 834 3350 post
868 3283 1090 3351 alianos
1121 3284 1204 3338 via
1242 3285 1426 3341 fallere
1455 3298 1700 3344 conatur.
1732 3292 1995 3347 Animad-

412 3370 544 3423 verti
605 3371 755 3425 enim
806 3372 947 3429 alios
1001 3389 1067 3428 cx
1120 3375 1442 3434 obedientize
1490 3379 1775 3450 disciplina
1815 3385 1995 3454 profe-

409 3468 528 3515 ctos
557 3476 689 3515 cura
725 3462 975 3531 praisidis
1021 3464 1106 3519 sui
1149 3466 1216 3520 ad
1276 3479 1587 3540 promptum
1644 3483 1993 3542 peccatorum

409 3550 766 3620 lugendorum
828 3570 1074 3622 sensum,
1126 3558 1194 3612 ad
1244 3559 1438 3614 miram
1496 3565 1991 3633 mansuetudinem,

409 3642 832 3711 continentiam,
889 3647 1260 3716 diligentiam,
1315 3651 1575 3708 invictam
1627 3657 1994 3712 constantiam

408 3743 463 3789 et
491 3735 743 3791 ardorem
794 3739 1018 3808 spiritus
1080 3742 1329 3798 redactos
1400 3761 1413 3798 :
1481 3747 1679 3814 quibus
1730 3748 1995 3805 insidian-

410 3834 490 3880 tes
545 3827 955 3885 cacodacmones
1012 3833 1340 3901 persuadere
1396 3837 1616 3892 student
1676 3848 1831 3908 aptos
1878 3840 1992 3910 jam

407 3915 510 3988 ’11
553 3918 674 3975 illos
700 3936 820 3975 esse
846 3922 909 3974 ad
962 3923 1336 3991 solitudinem,
1372 3943 1469 3997 per
1498 3944 1664 4000 quam
1704 3934 1770 3987 ad
1804 3948 1995 4003 supre-

407 4025 553 4063 mum
584 4011 830 4079 virtutis,
871 4022 926 4068 et
966 4014 1278 4071 indolentia
1307 4021 1534 4088 gradum
1588 4024 1801 4091 possint
1836 4028 1990 4081 eniti.

410 4103 569 4172 Atqui
606 4104 850 4161 infelices
883 4106 971 4162 isti
1000 4107 1081 4163 sic
1122 4108 1299 4165 delusi
1339 4111 1442 4167 tida
1508 4125 1699 4183 portus
1754 4106 1994 4189 religiosi

406 4195 639 4249 statione
670 4196 725 4250 in
758 4196 929 4251 altum
964 4199 1276 4257 solitudinis
1330 4202 1553 4274 pelagus
1609 4206 1837 4276 abrepti,
1909 4209 1995 4264 in-

407 4298 632 4357 gruente
667 4298 1003 4358 tempestate,
1053 4293 1477 4363 gubernatorum
1518 4312 1619 4367 ope
1680 4302 1997 4372 auxilioque

406 4378 671 4445 destituti,
708 4380 907 4449 itupuri
940 4381 1159 4437 demum
1189 4384 1429 4456 salsique
1472 4389 1640 4443 maris
1691 4390 1991 4460 (fluctibus

2098 3192 2313 3262 ἐκείνης
2359 3192 2697 3260 καταντῆσαι
2731 3189 3013 3260 ἰσχύοντας
3049 3206 3063 3221 ’
3101 3191 3196 3243 καὶ
3248 3191 3432 3260 μέντοι
3464 3192 3674 3261 ἀπατη-

2099 3282 2282 3346 θέντες
2311 3282 2401 3336 τοῦ
2436 3281 2655 3352 λιμένος
2688 3283 2780 3334 ἐπὶ
2807 3281 2869 3334 τὸ
2905 3280 3143 3350 πέλαγος
3177 3283 3551 3353 χωρήσαντες,
3582 3283 3674 3348 ζά-

2098 3376 2196 3447 λης
2235 3377 2405 3447 αύτῆς
2452 3373 2889 3445 καταλαϐούσης,
2931 3374 3283 3446 κυϐερνητῶν
3326 3375 3403 3447 μὴ
3437 3377 3675 3448 εὐπορή-

2100 3482 2314 3532 σαντες,
2344 3466 2592 3530 ἐλεεινῶς
2616 3466 2722 3519 ὑπὸ
2761 3467 2857 3538 τῆς
2896 3465 3174 3536 θαλάσσης
3214 3467 3418 3537 ταύτης
3451 3470 3550 3538 τῆς
3589 3471 3676 3539 pu-

2098 3562 2270 3632 περᾶς
2300 3561 2396 3614 καὶ
2438 3560 2691 3630 ἁλμυρᾶς
2730 3558 3115 3613 ἐκινδύνευσαν
3140 3576 3153 3589 ο
3200 3560 3415 3630 ἀνάγκη
3453 3560 3554 3630 τὴν
3589 3559 3674 3614 θά-

2095 3653 2301 3707 λασσαν
2357 3651 2698 3722 ταραχθῆναι
2738 3650 2833 3704 καὶ
2872 3648 3232 3721 ἀγριωθῆναι,
3272 3649 3359 3702 ἵνα
3404 3649 3523 3702 τότε
3576 3649 3677 3719 τὴν
3770 3676 3775 3678 τ

2098 3745 2249 3816 ὓλην,
2278 3745 2454 3815 ἥνπερ
2484 3746 2534 3797 οί
2563 3744 2800 3815 ποταμοὶ
2826 3743 2938 3796 τῶν
2966 3742 3176 3809 παθῶν,
3208 3743 3303 3796 καὶ
3328 3743 3421 3797 τὸν
3453 3743 3669 3814 χόρτον,

2095 3839 2194 3891 καὶ⁴
2235 3838 2416 3890 πᾶσαν
2447 3835 2683 3906 σαπρίαν
2723 3836 2782 3888 ὲν
2827 3836 2966 3905 αὐτῇ
3013 3836 3346 3904 κατήγαγον,
3389 3834 3458 3888 δι’
3496 3836 3675 3889 αὐτῶν

2097 3927 2259 3981 πάλιν
2288 3929 2345 3980 ὲν
2383 3930 2448 3998 τῇ
2496 3930 2566 3998 γῇ
2615 3925 2990 3997 ἁποῤῥίψηται
3016 3942 3030 3954 θ
3071 3924 3539 3995 ἐπισκεψώμεθα,
3581 3927 3676 3981 καὶ

2096 4019 2403 4090 εὑρήσομεν
2436 4018 2575 4087 μετὰ
2603 4016 2700 4088 τὴν
2741 4019 2798 4069 ἐν
2846 4019 2911 4087 τῇ
2952 4015 3198 4086 θαλάσσῃ
3240 4008 3408 4085 ζάλην
3452 4014 3674 4085 eaeam

2095 4110 2389 4181 γινομένην
2417 4108 2682 4180 γαλήνην.
2722 4103 2785 4160 '0
2804 4108 2927 4161 ποτὲ
2965 4108 3065 4175 μὲν
3108 4106 3424 4173 ὑπακούων,
3462 4107 3594 4161 ποτὲ
3618 4108 3677 4162 δὲ

2096 4203 2426 4276 παρακούων
2471 4201 2562 4256 τοῦ
2595 4199 2820 4269 πατρὸς,
2860 4199 3044 4268 ὅμοιός
3081 4200 3200 4252 ἐστι
3235 4198 3391 4269 ἀνδρὶ
3431 4198 3511 4269 τῷ
3543 4198 3670 4250 ποτὲ

2098 4300 2197 4369 μὲν
2234 4296 2567 4367 κολλούριον,
2598 4295 2728 4347 ποτὲ
2750 4292 2809 4365 δὲ
2841 4290 3102 4345 ἄσϐεστον
3134 4289 3211 4362 τῷ
3239 4289 3436 4344 ἑαυτοῦ
3470 4288 3668 4360 ὀφθαλ-

2102 4388 2187 4460 μῷ
2219 4387 2563 4460 προσάγοντι⁶
2601 4380 2707 4448 Εἷς
2753 4383 2882 4451 γὰρ,
2921 4380 3121 4451 φησιν,
3171 4379 3521 4450 οἰκοδομῶν,
3567 4378 3663 4432 καὶ

407 4469 636 4538 hausti)
677 4471 1050 4527 miserandum
1080 4476 1134 4529 in
1190 4476 1410 4532 modum
1462 4480 1762 4548 perierunt.
1822 4482 1986 4538 Com-

2100 4478 2184 4545 εἶς
2208 4478 2544 4539 καταλύων,
2585 4477 2642 4527 τί
2671 4472 3010 4542 ὠφέλησεν,
3045 4473 3182 4526 ἀλλ’
3213 4471 3252 4539 ἢ
3290 4471 3551 4537 κόπουςε
3577 4469 3667 4539 Μὴ

404 4562 630 4626 moveri,
680 4562 1071 4628 intumescere,
1099 4570 1405 4636 perturbari
1436 4588 1586 4627 mare
1617 4589 1839 4630 necesse
1883 4585 1987 4643 est,

405 4651 502 4718 uti,
535 4668 656 4722 quae
684 4653 940 4708 vitiorum
971 4656 1193 4712 flumina
1236 4674 1529 4729 sarmenta,
1599 4663 1805 4731 fenum,
1868 4681 1988 4721 sor-

402 4743 605 4813 desque
626 4745 683 4799 in
716 4747 846 4801 illud
872 4748 1226 4817 devexcrunt,
1266 4768 1360 4823 per
1394 4754 1509 4824 ipsa
1560 4772 1776 4811 rursum
1830 4758 1990 4827 quid-

402 4835 532 4904 quid
559 4836 691 4905 alga:
719 4847 1034 4909 corruptum
1081 4850 1187 4908 est,
1224 4858 1290 4898 ac
1337 4845 1615 4914 putriduin
1678 4848 1733 4901 in
1787 4855 1987 4903 terram

406 4925 702 4994 rejiciatur.
754 4926 812 4982 Si
865 4931 1232 4998 attendamus,
1290 4934 1596 4991 videbimus
1641 4946 1764 5007 post
1816 4953 1986 4994 saevas

404 5023 736 5092 tempestatis
765 5026 1030 5095 procellas
1078 5028 1273 5083 miram
1328 5031 1484 5099 sequi
1518 5032 1984 5102 tranquillitatem.

384 5108 506 5176 Qui
579 5112 830 5182 religioso
880 5115 1021 5185 patri
1070 5130 1218 5172 nunc
1262 5127 1438 5189 paret,
1481 5136 1627 5175 nunc
1673 5137 1781 5176 non
1812 5133 1984 5195 paret,

402 5201 626 5269 perinde
674 5203 807 5260 facit
862 5217 1026 5277 atque
1084 5209 1135 5264 is
1182 5212 1276 5281 qui
1332 5227 1480 5268 nunc
1507 5215 1817 5286 collyrium,
1846 5229 1993 5270 nunc

402 5293 604 5350 calcem
633 5299 808 5355 oculis
836 5300 1049 5371 injicit:
1093 5302 1240 5361 Unus
1265 5307 1401 5361 enim
1434 5309 1729 5377 wdi/icans,
1761 5318 1810 5362 et
1854 5326 1989 5364 unus

400 5382 698 5454 destruens,
728 5389 856 5459 quid
877 5395 1093 5460 prodest
1123 5393 1254 5460 illis,
1281 5396 1386 5450 nisi
1439 5396 1592 5451 labor
1608 5396 1702 5454 "2
1738 5395 1879 5463 Noli,
1917 5397 1989 5452 mi

477 5557 527 5592 ⁸³
555 5562 721 5620 Eccli.
752 5583 904 5637 χχιιι,
924 5568 1019 5625 9.8.

472 5743 554 5816 (α)
583 5745 637 5799 Id
665 5757 749 5803 est
774 5748 1196 5808 inobedientiam
1228 5760 1280 5808 et
1304 5755 1692 5829 arrogantiam.

2094 4571 2310 4634 απατῶ,
2339 4563 2384 4621 ὦ
2411 4567 2495 4621 υἱὲ
2520 4567 2730 4620 suam
2748 4564 2979 4636 Κυρίου,
3008 4562 3282 4633 πνεύματι
3306 4563 3555 4632 οἰήσεως,
3577 4562 3672 4616 καὶ

2091 4663 2166 4724 ὼς
2192 4662 2249 4728 ἐξ
2276 4660 2462 4730 ἑτέρου
2489 4657 2650 4728 δῆθεν
2686 4656 2978 4728 προσώπου
3008 4653 3081 4707 τὰ
3110 4655 3179 4709 σὰ
3223 4653 3672 4725 πλημμελήματα

2090 4754 2169 4826 τῷ
2213 4752 2520 4822 διδασκάλῳ
2572 4748 2872 4817 ἁπάγγελε.
2906 4748 2981 4800 Ού
3025 4747 3133 4815 γάρ
3174 4746 3321 4800 ἐστιν
3379 4744 3537 4808 ἐκτὸς
3587 4745 3673 4796 ai-

2094 4846 2317 4917 σχύνης,
2353 4842 2615 4913 αἰσχύνης
2640 4840 3040 4910 ἀπαλλαγῆναι.
3072 4839 3111 4892 Γ
3116 4838 3286 4909 ύμνου
3312 4838 3404 4890 σὺν
3430 4835 3674 4908 μώλωπα

2091 4939 2169 5010 τῷ
2207 4935 2408 5007 ἰατρῷ·
2436 4935 2579 4998 εἰπὲ,
2606 4933 2700 4987 καὶ
2730 4931 2806 5002 μὴ
2840 4930 3157 5002 αἰσχυνθῇς.
3214 4927 3375 4999 Ἐμὸν
3407 4927 3468 4979 τὺ
3504 4925 3676 4999 τραῦ-

2094 5051 2190 5104 μα,
2225 5032 2401 5103 πάτερ
2420 5046 2434 5062 ·
2466 5027 2575 5100 ἐμὴ
2608 5030 2641 5099 η
2681 5025 2865 5096 πληγή
2893 5039 2906 5053 ο
2933 5024 2992 5090 ἐξ
3016 5022 3221 5084 οἰκείας
3260 5016 3554 5091 ῥᾳθυμίας,
3577 5019 3674 5073 καὶ

2089 5128 2190 5181 οὐκ
2219 5127 2277 5193 ἐξ
2303 5125 2492 5196 ἑτέρου
2524 5118 2936 5194 προσγενομένη
2962 5131 2975 5148 ⁶
3017 5115 3191 5178 οὐδεὶς
3211 5114 3418 5182 ταύτης
3449 5112 3622 5175 αῐτιος
3652 5127 3670 5144 ο

2093 5218 2192 5271 οὐκ
2221 5217 2527 5287 ἄνθρωπος,
2562 5214 2624 5266 ού
2657 5210 2896 5281 πνεῦμα,
2929 5209 2994 5262 οὐ
3040 5207 3222 5276 σῶμα,
3250 5204 3312 5259 οὔ
3359 5220 3413 5258 τι
3458 5203 3668 5274 ἕτερον,

2091 5309 2205 5363 ἀλλ’
2237 5310 2271 5380 ἡ
2302 5307 2412 5379 ὲμὴ
2434 5304 2683 5377 ἀμέλεια.
2719 5305 2873 5356 Γίνου
2913 5302 3005 5355 καὶ
3053 5299 3131 5370 τῷ
3161 5298 3291 5353 εἴδει
3328 5299 3423 5350 καὶ
3457 5294 3537 5366 τῷ
3584 5294 3671 5347 λο-

2044 5448 2049 5454 ,
2091 5399 2275 5470 γισμῶ
2297 5399 2372 5465 ὡς
2410 5397 2700 5461 κατάῦικος
2730 5397 2822 5449 ἐπὶ
2866 5397 2933 5467 τῇ
2981 5392 3365 5464 ἐξομολογήσει
3388 5406 3400 5421 ·
3456 5391 3537 5452 εἰς
3564 5386 3669 5457 γῆν

2435 5568 2460 5601 ν

2163 5754 2234 5829 (b)
2267 5756 2469 5819 Δὸλοις.
2498 5753 2573 5810 ita
2608 5752 3024 5826 antiquissimus
3063 5750 3312 5813 codex,et
3337 5763 3482 5804 vere.
