4110 6438
386 347 503 409 ’709

1429 343 1658 403 SCALA
1682 342 2060 403 PARADISI.
2093 369 2161 380 —-
2184 343 2492 404 GRADUS
2518 345 2614 405 IV.

3554 350 3667 413 710

388 459 684 525 νενευκὼς,
715 461 808 513 καὶ
833 459 883 514 εί
902 458 1143 524 δυνατὸν,
1172 456 1293 521 τοὺς
1321 457 1414 511 τοῦ
1450 455 1637 528 κριτοῦ
1663 456 1757 509 καὶ
1783 454 1969 526 ἰατροῦ

2078 454 2171 523 illi,
2205 456 2298 525 qui
2328 455 2559 511 Domino
2583 456 2796 519 obedis,
2839 457 2949 511 noli
2991 458 3183 528 spiritu
3211 460 3479 528 superbiae
3538 459 3673 528 falli,

390 553 584 615 πόδας,
612 551 688 615 ὡς
715 550 809 605 τοῦ
843 550 1102 623 Χριστοῦ,
1129 551 1359 622 δάκρυσι
1393 550 1624 621 βρέχων.
1651 549 1813 613 Ἐθος
1849 550 1976 603 πολ-

385 641 554 704 λάκις
578 643 689 704 τοῖς
718 638 991 710 δαίμοσιν,
1021 641 1055 711 ἢ
1099 640 1174 711 μὴ
1197 638 1637 709 ἐξομολογεῖσθαι
1671 639 1818 708 ἡμᾶς
1853 639 1979 691 ὑπο-

2080 548 2161 602 uti
2192 559 2454 618 tanquam
2478 564 2542 601 ex
2585 548 2760 602 aliena
2780 562 3015 618 persona
3048 550 3240 603 deliCta
3281 560 3372 605 tua
3405 552 3666 621 magistro

2076 649 2172 694 tuo
2202 640 2538 694 denunties:
2602 655 2704 695 nec
2749 641 2897 695 enim
2954 652 3112 711 potes
3176 643 3294 696 sine
3354 646 3674 699 verecundia

388 731 616 785 ϐάλλειν
638 747 650 761 ’
682 732 715 803 ἢ
742 731 816 796 ὡς
838 732 902 784 ἐκ
945 730 1240 801 προσώπου
1280 730 1469 799 ἑτέρου
1510 728 1668 781 τοῦτο
1694 731 1868 781 ποιεῖν
1902 745 1917 760 ’
1944 728 1976 799 ἢ

2078 731 2144 786 ab
2170 740 2374 786 aeterna
2409 731 2707 801 ignominia
2738 731 2980 787 liberari.
3008 733 3192 802 Aperi,
3219 735 3447 789 ostende
3475 736 3675 791 vulnus

383 822 549 886 τινὰς
581 824 673 876 ἐπὶ
699 823 765 893 τῇ
798 822 1004 875 ἑαυτῶν
1032 821 1277 893 ἁμαρτίᾳ
1298 820 1756 892 καταμέμφεσθαι
1784 819 1857 884 ὡς
1894 822 1979 874 αί-

2080 831 2232 877 tuum
2289 823 2541 893 religioso
2601 825 2831 887 medico,
2895 826 3186 895 positoque
3232 828 3454 890 rubore,
3482 826 3671 894 fatere,

384 913 565 977 τίους.
1467 959 1484 973 .
2077 914 2167 969 die
2202 931 2216 967 :
2256 914 2331 967 En
2369 915 2584 980 adsum,
2614 916 2794 976 Pater,
2825 932 2926 987 ego
2950 919 3191 987 peccavi,
3225 934 3347 972 mea
3375 928 3457 974 est
3492 921 3669 990 culpa,

388 1024 518 1064 mea
551 1011 733 1082 plaga,
766 1024 887 1064 mea
915 1023 1021 1062 non
1056 1007 1236 1062 aliena
1262 1006 1363 1061 fuit
1399 1005 1617 1076 ignavia
1679 1022 1692 1056 :
1732 1020 1893 1060 nemo
1933 1018 2129 1077 praeter
2176 1023 2262 1062 me
2318 1024 2466 1071 reus,
2500 1026 2662 1064 nemo
2724 1012 2931 1080 peccati
2984 1013 3089 1067 mei
3147 1022 3339 1068 auctor
3396 1022 3498 1079 est,
3562 1028 3669 1067 non

385 1102 685 1160 hominum
720 1102 1035 1171 quisquam,
1073 1114 1179 1154 non
1219 1100 1555 1164 daemonum,
1617 1113 1725 1152 non
1772 1112 1994 1172 corpus,
2046 1118 2154 1155 non
2204 1102 2419 1171 quidvis
2453 1102 2598 1155 aliud
2632 1114 2827 1172 praeter
2851 1119 3025 1157 meam
3054 1106 3216 1159 unius
3243 1121 3436 1175 puram
3482 1095 3668 1174 putain

381 1200 808 1271 negligentiam.
842 1195 972 1257 Esto
1016 1212 1141 1252 cum
1196 1197 1263 1249 ad
1313 1194 1714 1251 confessionem
1767 1198 1996 1261 accedis,
2047 1207 2100 1252 ct
2135 1198 2321 1253 habitu
2364 1198 2629 1268 corporis,
2694 1207 2750 1252 et
2809 1198 2992 1251 vultus
3048 1197 3336 1260 modestia,
3379 1205 3434 1253 et
3492 1199 3675 1252 animo

382 1294 504 1364 72
544 1300 803 1359 tanquam
840 1304 969 1344 reus
999 1298 1054 1343 et
1091 1289 1384 1344 damnatus
1433 1286 1500 1341 ad
1559 1301 1799 1357 plenam,
1851 1289 2155 1344 luminibus
2188 1282 2257 1344 'in
2297 1302 2495 1345 terram
2555 1289 2801 1359 deiectis,
2833 1289 3059 1359 vestigia
3110 1288 3315 1358 iudicis
3366 1298 3420 1343 et
3474 1290 3671 1345 medici

378 1398 656 1454 tanquam
715 1380 919 1437 Christi
990 1381 1155 1450 pedes
1213 1377 1496 1448 lacrymis,
1555 1377 1601 1433 si
1633 1392 1770 1447 quas
1799 1378 1897 1433 abs
1936 1387 1986 1432 te
2019 1390 2171 1448 potes
2220 1382 2534 1449 impetrare,
2584 1380 2700 1449 riga
2725 1378 3023 1432 ctmunda.
3072 1376 3309 1432 Solitant
3342 1379 3528 1434 hostes
3569 1394 3667 1433 no-

384 1477 516 1537 stri,
565 1476 864 1550 daemones,
914 1481 1008 1527 aut
1071 1487 1172 1527 nos
1224 1470 1483 1524 inducere
1542 1482 1610 1523 ne
1637 1477 1860 1539 pcccata
1927 1486 2023 1540 per
2071 1469 2476 1526 confessionem
2534 1471 2865 1539 aperiamus.
2918 1480 3012 1525 aut
3065 1478 3125 1524 ut
3181 1470 3285 1524 hoc
3323 1478 3578 1539 tanquam
3614 1470 3669 1524 in

380 1572 572 1626 aliena
601 1581 836 1640 persona
867 1579 1215 1636 peragamus,
1256 1571 1349 1617 aut
1378 1565 1516 1619 alios
1567 1567 1740 1636 culpae
1792 1574 1992 1621 nostra“.
2034 1575 2260 1618 auctore
2319 1573 2708 1634 praztexamus.
3643 1562 3650 1571 '

462 1664 529 1715 Εἰ
560 1660 741 1715 πάντα
780 1658 892 1730 (60)
929 1656 1188 1730 συνηθείᾳ
1217 1658 1506 1729 ἥρτηνται,
1539 1662 1633 1714 καὶ
1672 1662 1971 1715 ἐπακολου-

2152 1657 2207 1712 Si
2239 1659 2419 1712 omnia
2449 1658 2786 1712 consuetudo
2815 1665 3012 1726 potest,
3070 1669 3369 1723 secumque
3414 1663 3670 1708 naturam

390 1754 569 1815 θοῦσι,
619 1752 800 1822 πολλῷ
844 1750 1002 1804 πλέον
1049 1749 1266 1814 πάντως
1314 1751 1383 1804 τὰ
1434 1751 1649 1820 ἀγαθὰ,
1690 1754 1765 1818 ὡς
1803 1754 1977 1824 μέγαν

2086 1750 2272 1814 trahit,
2309 1765 2408 1804 cur
2436 1765 2547 1803 non
2581 1748 2746 1812 idem,
2774 1759 2827 1802 et
2861 1749 3032 1803 multo
3066 1747 3284 1816 quidem
3315 1747 3486 1814 magis
3543 1761 3674 1814 pos-

394 1845 659 1917 συνεργδν
704 1845 898 1914 ἔχοντα
944 1843 1037 1897 τὸν
1086 1842 1238 1896 Θεόν.
1291 1844 1366 1897 Οὐ
1417 1845 1734 1911 κοπιάσεις,
1772 1848 1876 1911 υἱὲ,
1920 1849 1977 1900 ὲν

2080 1839 2151 1892 sit
2180 1838 2233 1892 in
2260 1839 2522 1892 virtutum
2552 1839 2965 1900 exercitatione,
3002 1836 3302 1906 praesertim
3354 1850 3478 1889 cum
3517 1834 3673 1889 labo-

394 1935 610 1998 πολλοῖς
639 1934 816 1988 ἔτεσιν
850 1935 1029 2004 εὑρεῖν
1060 1935 1117 1987 ὲν
1159 1934 1241 1987 σοὶ
1269 1934 1369 2005 τὴν
1417 1935 1693 2007 μακαρίαν
1734 1939 1978 1992 ἀνάπαυ-

404 2041 509 2089 σιν,
540 2026 631 2078 ἐὰν
675 2028 731 2078 ἐν
767 2026 966 2096 ἀρχαῖς
1011 2023 1286 2094 ὁλοψύχως
1314 2025 1506 2077 ἑαυτὸν
1537 2025 1775 2096 ἀτιμίαις
1810 2026 1975 2080 ἐκδώ-

408 2132 525 2187 σῃς.
550 2120 640 2186 Μὴ
663 2117 978 2191 ἀπαξιὼσῃς
1007 2116 1082 2181 ὠς
1114 2115 1223 2186 (61)
1251 2116 1369 2187 Θεῷ
1389 2117 1467 2187 τῷ
1507 2118 1685 2190 βοηθῴ
1710 2123 1767 2173 ὲν
1808 2139 1979 2175 κατα-

405 2206 720 2277 εεόλημένῳ
759 2207 881 2277 ἤθει
910 2208 1010 2277 τὴν
1045 2204 1397 2276 ὲξομολογίαν
1443 2211 1793 2281 ποιήσασθαι.
1824 2210 1976 2267 Εἶδον

395 2302 505 2372 γὰρ
557 2303 879 2368 καταδίκους
920 2302 1269 2373 ἐλεεινοτάτῳ
1319 2303 1459 2374 ἤθει,
1508 2306 1599 2358 καὶ
1648 2307 1976 2378 σφοδροτὲρα

394 2395 807 2463 ἐξομολογήσει,
841 2394 934 2445 καὶ
969 2393 1145 2463 ἱκεσία
1178 2393 1484 2463 ἀποτομίαν
1515 2395 1768 2448 δικαστοῦ
1800 2396 1973 2466 μαλά-

395 2488 615 2555 ξαντας,
644 2485 740 2538 καὶ
770 2484 858 2537 τὸν
882 2484 1052 2555 θυμὸν
1075 2485 1238 2537 αὑτοῦ
1270 2487 1349 2549 είς
1376 2487 1777 2558 εὐσπλαγχνίαν
1820 2506 1977 2558 μετα-

396 2578 818 2654 μορφὼσαντας.
845 2578 941 2630 Διὰ
969 2575 1127 2630 τοῦτο
1168 2578 1264 2630 καὶ¹
1306 2578 1556 2646 Ἰωάννης
1602 2584 1629 2633 ὁ
1674 2581 1977 2652 πρόδρομος

392 2673 494 2744 τὴν
553 2669 942 2740 ἐξομολόγησιν
1006 2671 1111 2740 πρὸ
1160 2669 1255 2723 τοῦ
1305 2669 1679 2741 βαπτίσματος
1722 2674 1975 2743 ἐπεζήτει

398 2764 553 2836 παρὰ
578 2763 688 2817 τῶν
717 2762 1197 2833 προσερχομένων,
1236 2763 1336 2816 οὐκ
1371 2763 1533 2826 αὐτὸς
1564 2764 1767 2833 ταύτης
1798 2764 1976 2834 δεόμεο

394 2874 511 2921 νος,
539 2854 675 2908 ἀλλὰ
700 2855 800 2924 τὴν
830 2853 939 2908 τῶν
977 2855 1433 2925 προσερχομένων
1478 2856 1753 2927 σωτηρίαν
1796 2872 1974 2925 πραγ-

396 2947 789 3020 ματευόμενος.
826 2945 919 3015 Μὴ
950 2944 1325 3015 θαμϐηθῶμεν
1369 2945 1464 2999 καὶ
1505 2947 1622 3017 μετ’
1648 2946 1976 3018 ἐξομολόγη-

2080 1938 2292 1982 rantem
2324 1945 2554 2001 magnus
2594 1929 2839 1984 sublevet
2873 1929 3033 1984 Deus.
3061 1927 3181 1982 Non
3212 1926 3324 1989 diu,
3354 1927 3427 1980 mi
3452 1926 3547 1991 ﬁli,
3576 1927 3673 1980 de-

2079 2021 2410 2085 sudabis,ut
2436 2023 2591 2075 beata
2618 2021 2787 2076 animi
2840 2020 3025 2090 quiete
3077 2018 3400 2090 perfruaris,
3464 2019 3509 2074 si
3568 2020 3673 2073 sub

2080 2112 2292 2165 initium
2323 2114 2595 2184 religiosae
2648 2113 2771 2167 vitae
2832 2122 2946 2167 toto
3007 2120 3061 2166 te
3116 2113 3302 2166 animo
3356 2110 3424 2165 ad
3479 2126 3673 2166 omnes

2083 2203 2464 2266 contumelias,
2507 2212 2563 2256 .et
2596 2201 2948 2271 indignitates
2988 2200 3337 2269 perferendas
3387 2200 3668 2254 obtuleris.

2077 2288 2196 2345 Non
2250 2303 2334 2347 est
2384 2293 2528 2361 quod
2593 2290 2711 2345 Deo
2762 2291 2907 2344 velut
2939 2290 3504 2360 adiutoridcdigneris
3542 2290 3673 2344 sub-

2081 2384 2250 2438 misso
2281 2386 2464 2440 animo
2493 2384 2761 2439 confiteri.
2797 2383 2916 2438 Vidi
2960 2400 3060 2454 ego
3083 2400 3145 2436 ex
3172 2383 3279 2437 reis
3325 2382 3418 2451 qui
3466 2397 3531 2435 ex
3573 2383 3673 2436 tri-

2078 2476 2325 2529 stissimo
2373 2476 2487 2531 oris
2529 2477 2742 2539 habitu,
2796 2484 2849 2530 et
2907 2476 3230 2546 gravissima
3289 2473 3374 2527 sui
3428 2472 3668 2542 ipsorum

2079 2567 2425 2621 accusatione
2466 2579 2519 2622 et
2557 2568 2953 2637 supplicatione
3013 2566 3405 2620 inexorabilem
3466 2563 3672 2634 iudicis

2079 2656 2342 2709 sawitiam
2379 2655 2682 2721 ﬂecterent,
2726 2662 2781 2708 et
2824 2654 3166 2708 severitatem
3205 2653 3261 2706 in
3315 2653 3669 2706 commisera-

2078 2748 2278 2801 tiOnem
2342 2754 2732 2815 permutarent.
2790 2746 2929 2801 Hinc
2978 2755 3060 2799 est
3116 2744 3262 2813 quod
3345 2743 3670 2812 prodromus

2076 2833 2281 2888 Christi
2304 2833 2546 2888 Joannes
2582 2834 2651 2886 ab
2685 2832 3073 2890 accedentibus
3098 2833 3164 2883 ad
3191 2831 3522 2899 baptismum
3547 2844 3671 2884 con-

2078 2923 2366 2978 fessionem
2408 2932 2754 2992 peccatorum
2817 2921 3056 2990 exegerit
3080 2921 3129 2952 ⁸⁸
3158 2961 3172 2985 ,
3209 2935 3312 2974 non
3352 2934 3450 2974 sua
3476 2934 3669 3003 causa,

395 3007 483 3089 σιν
512 3007 918 3104 πολεμούμενοι
946 3048 961 3063 ⁸
996 3007 1353 3105 άμειλιοιίγὰρ
1396 3007 1859 3105 μολὺσμοῖςτίκαὶ

2078 3018 2168 3085 qui
2201 3015 2289 3068 illa
2321 3029 2431 3068 non
2450 3015 2661 3084 egebat,
2691 3012 2785 3067 sed
2827 3012 2899 3066 ob
2935 3025 3125 3065 eorum
3186 3011 3416 3065 salutem
3464 3024 3667 3079 procu-

392 3128 572 3197 οίήσει
597 3124 866 3178 παλαίειν.
896 3124 988 3195 Μὴ
1012 3125 1338 3196 πρόστρεχε,
1367 3126 1503 3196 μηδὲ
1533 3127 1860 3196 συνεπαίρου
1882 3128 1975 3180 ἐπὶ

392 3217 734 3287 διηγήμασιν
765 3213 1110 3285 ήσυχαστῶν,
1148 3215 1241 3267 καὶ
1274 3214 1646 3285 ἀναχωρητιῖη
1685 3216 1937 3287 πατέρων
1958 3232 1971 3248 ο

393 3312 463 3382 τῇ
536 3309 648 3380 γάρ
709 3307 804 3361 τοῦ
881 3308 1345 3379 πρωτομάρτυρος
1425 3308 1682 3379 στρατείᾳ
1749 3308 1977 3378 βαδίζων

399 3399 689 3471 ὑπάρχεις·
732 3397 868 3470 μηδὲ
899 3398 1012 3468 (δὲ)
1045 3397 1259 3451 πίπτων
1286 3398 1556 3469 ὑποχώρει
1600 3399 1695 3452 τοῦ
1723 3400 1979 3471 σκάμμα-

401 3507 522 3553 τος.
542 3490 673 3542 Τότε
698 3488 808 3559 γὰρ
841 3487 1074 3558 μάλιστα
1106 3487 1290 3559 ἰατροῦ
1318 3488 1494 3559 πολλῷ
1528 3489 1689 3543 πλέον
1724 3490 1973 3560 δεόμεθα.

415 3580 483 3633 Ὀ
521 3580 653 3651 μετὰ
689 3579 944 3653 βοηθείας
974 3582 1053 3644 είς
1077 3579 1222 3634 λίθον
1267 3580 1357 3632 τὸν
1396 3580 1532 3633 πόδα
1572 3582 1906 3652 προσκόψας,
1949 3584 1977 3636 ὁ

399 3673 563 3737 ἐκτὸς
614 3672 867 3743 βοηθείας
918 3674 1201 3744 ὑπάρχων,
1249 3674 1468 3736 πάντως
1509 3675 1569 3726 οὐ
1614 3676 1977 3746 προσκόπτειν

400 3766 586 3836 μόνον,
617 3764 734 3820 ἀλλ’
760 3764 1122 3835 ἀποθνήσκειν
1151 3764 1401 3834 ἤμελλεν.
1442 3765 1609 3819 Ὅταν
1643 3766 1979 3837 κατενεχθῶ-

402 3866 521 3928 μεν,
548 3858 744 3912 θᾶττον
764 3857 812 3909 οί
836 3855 1085 3926 δαίμονες
1107 3856 1425 3919 ἐπιστάντες
1446 3856 1713 3928 ἀφορμοῖς
1732 3859 1975 3926 εὐλόγου,

411 3948 606 4016 μᾶλλον
632 3948 691 4000 δὲ
722 3947 920 4014 ἀλόγου
949 3946 1275 4016 δραξάμενοι
1303 3947 1402 4017 τὴν
1430 3947 1662 4019 ἡσυχίαν
1685 3950 1818 4019 ἡμῖν
1841 3951 1976 4003 ὑπο-

406 4037 644 4091 τίθενται
671 4043 687 4068 ⁸
716 4039 938 4099 σκοποῖς
963 4036 1019 4089 δὲ
1053 4038 1166 4100 τοῖς
1189 4036 1406 4109 ἐχθροῖς
1445 4037 1604 4108 ἡμῶν
1642 4038 1863 4110 τραῦμα
1887 4042 1979 4093 ἐπὶ

395 4125 656 4196 πτώματι
672 4124 990 4196 προσθεῖναι
1009 4126 1094 4191 ἱφ⁹
1112 4127 1144 4193 ἡ
1152 4126 1258 4194 μᾶς
1278 4127 1406 4179 ὅταν
1426 4127 1454 4178 ὁ
1472 4126 1652 4197 ἰατρὸς
1677 4128 1979 4200 ἀδυναμίαν

393 4218 917 4290 προϐάλληται,τότε
932 4218 1142 4288 ἀνάγκη
1158 4221 1241 4287 ἐφ’
1253 4218 1437 4291 ἓτερον
1449 4220 1797 4291 πορεύεσθαισ
1810 4224 1980 4292 χωρὶς

392 4311 509 4384 τὰρ
551 4309 739 4381 ἰατροῦ
763 4311 976 4364 σπάνιοι
1004 4310 1055 4361 οἱ
1085 4308 1533 4380 θεραπευόμενοι.
1566 4310 1664 4373 Τίς
1692 4313 1799 4383 ἄρα
1835 4315 1865 4366 ὁ
1888 4313 1977 4366 δο-
2011 4339 2054 4394 D

390 4405 513 4459 κῶν
543 4402 845 4469 ἀντιλέγειν
880 4403 1013 4472 ἡμῖν
1039 4400 1353 4471 ὁρίζουσιν;
1387 4401 1508 4454 Ὅτι
1541 4403 1687 4456 πᾶσα
1719 4402 1851 4467 ναῦς
1878 4422 1979 4457 κυ-

391 4492 672 4563 ϐερνήτην
698 4490 969 4561 ἔμπειρον
988 4489 1323 4560 κεκτημὼίη,
1358 4491 1453 4545 καὶ
1477 4493 1720 4562 ναυαγίῳ
1753 4511 1981 4565 περιπε-

395 4581 593 4641 σοῦσα,
622 4580 779 4643 ἐκτὸς
808 4580 1168 4652 κυϐερνήτου,
1206 4582 1424 4645 πάντως
1448 4582 1782 4636 ἀπόλλυσθαι
1805 4585 1977 4655 ἤμελ-

392 4671 512 4725 λεν.
552 4669 647 4735 Ἐξ
678 4671 924 4739 ὑπακοῆς
956 4671 1305 4735 ταπείνωσις,
1339 4673 1403 4725 ὲκ
1430 4672 1809 4736 ταπεινώσεως
1838 4676 1980 4729 ἀπά-

393 4763 540 4816 θεια.
570 4762 742 4832 Εῑπερ
758 4763 828 4815 ἐν
850 4760 924 4830 τῇ
941 4760 1292 4815 ταπεινώσει
1319 4761 1488 4830 ἡμῶν
1505 4762 1777 4831 ἐμνήσθη
1807 4764 1977 4833 ἡμῶν

389 4857 431 4909 ό
463 4854 702 4920 Κύριος,
738 4852 836 4905 καὶ
877 4851 1258 4919 ἐλυτρώσατο
1296 4853 1455 4922 ἡμᾶς
1490 4853 1558 4906 ἐκ
1599 4852 1718 4907 τῶν
1746 4854 1976 4923 ἐχθρῶν

392 4941 591 5012 ἡμῶν,
616 4943 718 4996 οὐκ
751 4942 901 4996 οὐδὲν
931 4943 993 4996 τὸ
1030 4941 1238 4997 κωλῦον
1264 4945 1461 5008 εἰπεῖν,
1492 4944 1573 4996 δτι
1626 4943 1688 5009 ἐξ
1730 4946 1976 5017 ὑπακοῆς

392 5031 661 5095 ἀπάθεια,
700 5031 770 5086 δι’
798 5027 867 5105 ἦς
902 5032 964 5086 τὸ
1000 5034 1155 5096 τέλος
1198 5033 1295 5105 τῆς
1331 5033 1712 5097 ταπεινώσεως
1740 5036 1971 5103 γίνεται⁹

396 5122 514 5193 (64)
536 5122 763 5193 ἄρχεται
798 5125 896 5192 μὲν
929 5123 1039 5195 γὰρ
1066 5124 1282 5195 ἐκείνης
1314 5124 1474 5195 αὕτη,
1502 5125 1579 5189 ὡς
1612 5127 1851 5197 Μωῠσῆς
1887 5128 1976 5181 νά·-

403 5230 531 5284 μου*
574 5215 773 5269 τελειοῖ
819 5215 878 5268 δὲ
924 5215 1235 5287 ήθυγάτηρ
1271 5216 1369 5288 τὴν
1417 5216 1648 5288 μητέρα,
1678 5218 1755 5283 ὡς
1796 5220 1983 5290 Μαρία

396 5305 503 5375 τὴν
533 5307 876 5378 συναγωγήν.
903 5308 1184 5380 Τιμωρίας
1215 5310 1433 5379 ἁπάσης
1456 5309 1595 5375 ἄξιοι
1625 5310 1774 5381 παρὰ
1794 5311 1910 5381 Θεῷ
1934 5313 1982 5365 ot

396 5396 704 5463 νοσοῦντες,
734 5399 830 5452 καὶ
866 5399 1005 5469 μετὰ
1039 5399 1141 5470 τὴν
1166 5399 1261 5453 τοῦ
1292 5399 1477 5471 ἰατροῦ
1514 5402 1732 5472 πεῖραν,
1764 5402 1861 5455 καὶ
1886 5402 1983 5474 τὴν

396 5489 462 5554 ἐξ
480 5489 649 5542 αὐτοῦ
673 5490 941 5558 ὠφέλειαν
967 5491 1155 5545 τοῦτον
1182 5492 1266 5560 ἐφ’
1292 5492 1481 5562 ἐτέρου
1507 5492 1794 5564 προκρίσει
1822 5509 1985 5545 κατα-

395 5580 761 5651 λιμπάνοντες
808 5580 915 5652 πρὸ
949 5582 1160 5645 τελείας
1212 5583 1427 5645 ἰάσεως.
1470 5582 1562 5652 Mi;
1595 5571 1761 5651 φεὺγε
1790 5583 1977 5654 χεῖρας

476 5761 527 5793 ⁸⁵
554 5758 740 5816 Matth.
775 5776 857 5828 ιιι,
886 5760 939 5816 6.
1015 5762 1060 5794 "
1087 5759 1230 5816 Psal.
1259 5775 1460 5825 cxuv,
1484 5759 1571 5813 25.

2076 3104 2326 3170 randam,
2368 3104 2460 3173 qui
2497 3103 2563 3157 ad
2606 3103 2760 3156 illum
2816 3102 3162 3157 accedebant.
3209 3098 3329 3153 Non
3384 3108 3469 3154 est
3523 3100 3670 3169 quod

2078 3195 2552 3265 obstupescamus,
2586 3193 2632 3248 si
2660 3203 2883 3262 peracta
2931 3190 3279 3246 confessione
3323 3190 3507 3244 adhuc
3561 3191 3668 3243 im-

2080 3301 2385 3357 pugnemur
2431 3303 2447 3339 :
2495 3294 2716 3354 praestat
2766 3285 2911 3338 enim
2963 3299 3087 3339 cum
3146 3283 3291 3337 vitiis
3325 3292 3381 3337 et
3417 3282 3669 3337 sordibus

2077 3378 2343 3448 corporis,
2375 3392 2537 3447 Quam
2593 3392 2716 3431 cum
2752 3376 3007 3446 superbia
3049 3375 3383 3446 depugnare.
3421 3372 3539 3427 Non
3572 3386 3668 3427 ac-

2078 3484 2292 3535 curras,
2320 3484 2421 3523 nec
2455 3469 2718 3537 superbas
2740 3482 2901 3522 aures
2942 3466 3153 3536 arrigas
3203 3479 3327 3520 cum
3363 3464 3668 3520 anachore-

2077 3568 2258 3614 tarum
2306 3568 2362 3614 et
2406 3559 2755 3614 solitudinem
2798 3557 3120 3612 sectantium
3165 3557 3292 3610 vita:
3340 3562 3667 3619 narrantur;

2080 3663 2136 3707 tu
2176 3652 2319 3706 enim
2380 3650 2434 3704 in
2487 3649 2745 3718 Stephani
2801 3646 3216 3717 protomartyris
3269 3646 3507 3700 exercitu
3559 3642 3668 3714 73

2080 3756 2276 3795 meres.
2307 3739 2460 3805 Quod
2500 3740 2545 3794 si
2575 3740 2629 3792 in
2662 3737 2915 3793 conflictu
2957 3738 3141 3800 cadas,
3193 3751 3225 3790 θ
3282 3735 3461 3790 stadio
3485 3743 3666 3788 tamen

2079 3845 2189 3885 non
2234 3830 2456 3896 exeede,
2504 3838 2636 3886 tunc
2677 3830 2822 3885 enim
2860 3844 3018 3899 opem
3057 3828 3253 3883 medici
3285 3827 3459 3882 multo
3493 3826 3667 3896 magis

2078 3922 2478 3977 desideramus.
2514 3922 2669 3987 Quod
2705 3922 2752 3976 si
2800 3936 2934 3975 usus
2987 3920 3192 3974 auxilio
3229 3919 3408 3972 alieno
3462 3918 3665 3972 nihilo-

2078 4017 2264 4070 minus
2284 4016 2472 4084 pedem
2495 4015 2565 4069 ad
2592 4013 2825 4083 lapidem
2863 4011 3107 4075 oti'cndit,
3144 4024 3324 4063 nonne
3345 4008 3464 4062 sine
3507 4009 3666 4062 auxi-

2081 4106 2154 4160 lio
2178 4121 2285 4159 non
2312 4105 2488 4159 solum
2539 4102 2877 4169 offenderet;
2930 4101 3024 4155 sed
3072 4100 3300 4154 omnino
3354 4098 3666 4154 concideret

2080 4206 2134 4252 et
2167 4195 2416 4267 periret?
2453 4193 2686 4260 Quando
2720 4193 2849 4247 victi
2891 4192 3210 4262 di-jicitnur,
3251 4199 3366 4243 tum
3408 4204 3539 4243 vero
3572 4188 3664 4243 ho-

2082 4298 2195 4344 stes
2235 4288 2318 4343 usi
2357 4294 2663 4356 opportuna
2698 4285 3009 4353 importuna
3041 4282 3329 4338 occasione
3361 4281 3542 4335 acrius
3580 4280 3665 4334 in-

2082 4388 2228 4434 stant
2260 4386 2558 4449 urgentque
2582 4386 2641 4430 ut
2665 4376 2731 4431 ad
2755 4375 3106 4431 solitudinem
3137 4386 3518 4442 properemus,
3546 4386 3658 4425 non

2080 4469 2190 4523 alio
2221 4468 2346 4533 line,
2385 4481 2548 4535 quam
2575 4475 2633 4521 ut
2679 4466 2923 4536 iacentes
2975 4463 3290 4518 vulneribus
3343 4460 3658 4526 conﬁciant,

2075 4567 2130 4611 et
2162 4572 2303 4611 nova
2321 4573 2423 4613 nos
2449 4557 2607 4611 ruina
2633 4556 2858 4612 elidant.
2908 4552 3137 4620 Quando
3189 4552 3479 4623 religiosus
3544 4568 3661 4606 mc-

2073 4651 2229 4705 dicus
2264 4664 2415 4720 spem
2448 4665 2548 4705 nos
2584 4649 2811 4719 iuvandi
2842 4647 3205 4716 consumpsit,
3241 4660 3420 4715 neque
3465 4658 3662 4700 sanare

2074 4753 2135 4793 se
2170 4754 2272 4794 nos
2312 4754 2475 4809 posse
2504 4739 2808 4810 proﬁtetur,
2872 4737 2941 4792 ad
2994 4738 3161 4791 alium
3234 4735 3660 4806 confugiendum

2070 4841 2196 4895 est;
2246 4846 2372 4885 nam
2404 4832 2610 4901 absque
2639 4831 2850 4885 medico
2893 4830 3051 4900 pauci
3111 4834 3394 4883 curantur.
3454 4825 3663 4896 Ecquis

2072 4924 2147 4978 ita
2184 4923 2540 4979 censentibus
2572 4923 2729 4977 nobis
2764 4919 2990 4976 videtur
3021 4935 3181 4995 posse
3233 4920 3614 4973 contravenire
3640 4924 3667 4977 τ

2070 5013 2261 5069 Nonne
2318 5030 2658 5085 quaecunque
2681 5015 2857 5078 navis,
2892 5014 3226 5083 peritissimo
3286 5011 3412 5066 licet
3466 5024 3665 5064 navar-

2072 5107 2178 5162 cho
2218 5122 2338 5173 usa,
2368 5107 2486 5162 sine
2512 5106 2884 5162 controversia
2913 5114 3094 5160 tamen
3150 5105 3361 5173 absque
3393 5101 3665 5173 guberna-

2078 5206 2197 5254 tore
2226 5198 2511 5269 naufragio
2550 5199 2787 5268 peritura
2821 5197 2944 5252 fuit.
2969 5196 3049 5251 Ex
3082 5194 3390 5250 obedientia
3421 5191 3664 5246 nascitur

2080 5289 2383 5354 humilitas,
2429 5304 2495 5343 ex
2551 5289 2863 5343 humilitate
2928 5288 3252 5343 vitiosarum
3313 5281 3663 5337 aﬂectiouum

2079 5383 2325 5436 vacuitas
2357 5379 2375 5446 (
2408 5380 2512 5436 hoc
2564 5389 2648 5436 est
2670 5377 2905 5449 perfecta
2940 5379 3026 5434 sui
3054 5375 3355 5444 victoria).
3394 5371 3453 5428 Si
3478 5372 3537 5425 in
3563 5369 3661 5424 ltu-

2082 5481 2310 5536 mih‘tate
2341 5490 2524 5534 nostra
2548 5479 2804 5535 Dominus
2834 5495 3030 5533 memor
3064 5478 3169 5547 fuit
3196 5474 3388 5541 nostri,
3434 5482 3485 5526 et
3530 5470 3658 5525 liba.

2089 5586 2221 5637 ravit
2245 5601 2335 5638 nos
2373 5583 2434 5637 de
2469 5584 2696 5639 inimicis
2739 5583 2933 5637 nostris
2957 5582 3003 5615 ⁵⁸
3027 5620 3042 5647 ,
3072 5579 3199 5651 quid
3231 5586 3316 5635 est
3346 5575 3491 5648 quod
3535 5586 3651 5644 pro-
