4110 6448
438 318 547 390 ἸΙΙ
1718 315 1781 377 S.
1809 311 2130 377 JOANNIS
2154 308 2465 371 CLIMACI
3613 294 3723 362 712

446 434 707 492 nuntiare
730 451 831 491 nos
862 434 1166 505 prohibeat,
1198 446 1265 486 ex
1297 427 1604 487 obedientia
1628 429 1892 483 exsistere
1909 426 2032 481 ani-

2159 423 2229 478 ποῦ
2279 420 2358 492 τῷ
2407 417 2601 490 Κυρίῳ
2635 426 2693 468 σε
2741 409 3228 484 προσενέγκαντος,
3276 406 3376 463 οὑκ
3427 402 3726 491 αίδεσθήσῃ

446 528 524 582 mi
564 499 1014 597 tranquillitatem
1045 542 1060 591 ;
1088 540 1150 579 ex
1178 536 1285 592 qua
1324 519 1650 576 humilitatis
1678 519 1802 575 ﬁnis
1828 527 1880 573 ct
1906 534 2035 587 per-

2159 514 2248 584 rcltp
2278 513 2353 576 ὡς
2382 509 2545 564 αὑτὸν
2588 509 2645 560 ὲν
2673 508 2738 576 τῇ
2771 506 2885 575 ζωῇ
2916 502 3181 594 σούοτινα.
3215 500 3330 554 Οὐκ
3369 499 3607 567 ἀσφαλὲς
3644 499 3726 568 τῷ

448 619 613 673 fectio
644 593 910 687 sequitur.
938 617 1015 686 (a)
1046 613 1196 668 Illius
1225 611 1371 666 enim
1416 610 1530 666 haec
1574 624 1771 679 parens
1827 617 1930 671 est,
1980 617 2039 661 ut

2159 606 2354 677 ὶπείρῳ
2381 605 2446 656 ὲκ
2473 601 2567 655 τοῦ
2595 599 2829 671 πλήθους
2854 598 2962 650 τῶν
2993 593 3362 667 στρατιωτῶν,
3395 593 3531 662 πρὸς
3569 608 3731 662 μονο-

448 709 586 780 legis
626 708 844 774 Moses;
883 716 1111 760 matrem
1168 712 1348 757 autem
1401 702 1534 766 ﬁlia,
1580 708 1640 755 ut
1695 701 2036 771 Synagogam

450 800 618 854 Maria
650 799 876 869 perlicit.
914 794 1074 850 Omni
1103 793 1370 863 supplicio
1413 790 1523 846 Deo
1563 790 1746 860 judice
1781 789 1854 858 (ὁ)
1890 785 2037 857 digni

449 900 581 947 sunt
609 890 683 945 illi
716 890 842 958 aegri
868 889 961 957 qui
1007 886 1300 941 salutarem
1344 883 1538 938 medici
1570 882 1654 937 sui
1690 896 1912 935 manum
1946 894 2041 934 ex-

453 983 612 1053 perti,
669 982 985 1051 priusquam
1054 976 1348 1047 perfectam
1412 975 1696 1031 sanitatem
1757 972 2039 1042 recipiant,

456 1077 673 1130 deserto
722 1074 824 1127 hoc
857 1079 906 1125 et
936 1078 1250 1140 contempto
1277 1069 1343 1123 ad
1371 1069 1536 1123 alium
1586 1064 1923 1136 profugiunt.
1965 1060 2043 1117 Ne

455 1168 635 1237 fugias
669 1181 861 1219 manus
891 1164 1037 1218 illius
1066 1161 1176 1234 74
1204 1161 1298 1231 qui
1329 1168 1379 1215 te
1409 1158 1640 1214 Domino
1675 1155 1890 1221 obtulit,
1944 1170 2043 1218 ue-

456 1259 658 1313 minem
684 1257 828 1312 enim
861 1272 956 1325 per
980 1269 1199 1309 omnem
1224 1253 1387 1307 vitam
1411 1261 1558 1306 tuam
1583 1251 1661 1305 sic
1687 1246 2042 1332 revercberis,

456 1356 515 1401 ut
547 1348 724 1403 illum.
759 1346 831 1401 Ut
886 1343 1257 1415 periculosum
1300 1339 1464 1394 tironi
1493 1348 1547 1393 et
1594 1335 1845 1405 imperito
1897 1331 2043 1386 mili-

457 1443 604 1510 tique
634 1440 882 1510 gregario
917 1437 1158 1506 seipsum
1185 1434 1366 1489 duello
1398 1424 1757 1491 committere,
1806 1427 1885 1481 sic
1930 1425 2047 1479 viro

458 1533 717 1602 religioso
749 1541 871 1585 ante
896 1538 1053 1598 capta
1085 1516 1452 1597 experimenta
1487 1528 1540 1577 et
1574 1520 1797 1575 multam
1831 1518 1885 1571 in
1913 1515 2047 1571 cdo—

465 1625 682 1680 mandis
718 1623 886 1678 animi
915 1620 1204 1676 aﬁectibus
1244 1614 1714 1677 exercitationem,
1754 1610 1911 1680 plena
1955 1623 2049 1677 pe-

458 1718 758 1775 riculialea
797 1715 960 1771 estin
1016 1711 1363 1768 solitudinem
1434 1704 1728 1761 secedere:
1785 1710 1846 1757 ut
1903 1700 2048 1755 enim

2144 696 2346 767 μαχίαν
2394 693 2585 748 ἑαυτὸν
2618 690 2978 760 ἀποχωρίσαι,
3029 689 3123 741 καὶ
3174 688 3275 739 οὐκ
3319 685 3598 739 ἀκίνδυνον
3648 682 3729 752 τῷ

2143 786 2364 859 μοναχῷ
2398 785 2504 855 πρὸ
2534 783 2859 854 πείραςβκαὶ
2892 779 3200 852 γυμνασίας
3230 776 3432 847 πολλῆς
3475 776 3583 829 τῶν
3622 775 3729 843 ψυ-

2143 879 2313 951 χικῶν
2372 877 2561 931 παθῶν
2609 877 2701 928 ἐπὶ
2729 875 2829 944 τὴν
2861 872 3095 943 ἡσυχίαν
3129 871 3397 941 χωρῆσαι.
3438 868 3658 934 Πὲφυκε
3703 868 3732 919 ὁ

2143 970 2254 1038 γὰρ
2319 968 2419 1039 μὲν
2480 965 2827 1036 σωματικῶς,
2882 966 2910 1017 ὁ
2965 963 3024 1016 δὲ
3077 961 3324 1032 ψυχικῶς
3376 958 3725 1013 κινδυνεύειν·

2155 1058 2395 1129 Ἀγαθοὶ,
2453 1060 2617 1128 φησὶν
2664 1059 2692 1128 ἡ
2738 1055 2951 1128 Γραφὴ,
2993 1057 3047 1108 ol
3085 1054 3193 1107 δύο
3248 1052 3399 1119 ὑπὲρ
3441 1051 3551 1103 τὸν
3599 1048 3725 1103 ἕνα·

2144 1151 2287 1205 τοῦτ’
2320 1150 2487 1213 ἔστιν,
2522 1149 2726 1217 ἀγαθὸν
2765 1147 2866 1217 υἱῷ
2919 1146 3056 1217 μετὰ
3099 1145 3304 1217 πατρὸς
3342 1137 3408 1196 δι’
3451 1140 3731 1213 ἐνεργείας

2147 1241 2291 1295 Θείου
2332 1240 2648 1311 Πνεύματος
2684 1239 2819 1310 πρὸς
2854 1238 2951 1302 τὰς
2999 1233 3298 1308 προλήψεις
3343 1233 3727 1303 ἀγωνίζεσθαι.

2158 1330 2216 1383 'O
2247 1329 2566 1400 ἀποστερῶν
2590 1327 2789 1397 τυφλὸν
2825 1325 3042 1396 ὁδηγοῦ,
3074 1327 3164 1379 καί
3192 1325 3427 1394 ποίμνην
3450 1324 3731 1393 ποιμένος,

2147 1423 2238 1476 τὸν
2287 1421 2652 1491 πελαζόμενον
2702 1418 3064 1491 χειραγωγοῦ,
3102 1419 3193 1472 τὸν
3235 1419 3429 1488 νήπιον
3472 1415 3562 1470 τοῦ
3602 1417 3731 1468 ἑαυ-

2148 1512 2240 1569 te?‘
2290 1513 2491 1583 ατρὸς,
2526 1510 2621 1564 τοῦ
2665 1511 2850 1582 ιατροῦ
2887 1509 2978 1562 τὸν
3012 1509 3294 1575 νοσοῦντα,
3332 1507 3394 1561 τὸ
3424 1508 3607 1561 πλοῖον
3635 1506 3733 1559 τοῦ

2151 1604 2510 1675 κυϐερνήτου,
2556 1602 2886 1672 ἀμφοτέροις
2938 1601 3179 1655 κίνδυνον
3232 1600 3500 1670 προξενεῖ.
3562 1600 3618 1651 Ὀ
3677 1599 3734 1652 δε

2153 1695 2470 1767 ἀϐοηθήτως
2500 1690 2774 1765 πνεύμασι
2802 1693 3194 1766 προσπαλαίειν
3224 1692 3541 1764 ἐπιχειρῶν,
3570 1691 3736 1744 Θανα-

458 1812 551 1868 ille
573 1812 639 1867 de
662 1810 792 1873 vita,
829 1808 909 1863 sic
940 1806 1042 1861 iste
1085 1804 1152 1859 de
1205 1809 1406 1857 atterna
1459 1796 1636 1852 salute
1689 1791 2045 1865 periclitatur.

2159 1789 2343 1843 τοῦται
2391 1782 2485 1841 ὑπ’
2533 1787 2734 1841 αὑτῶν.
2782 1788 2847 1841 Ol
2903 1788 3001 1857 μὲν
3046 1789 3103 1840 ἐν
3157 1786 3378 1857 ἰατρείῳ
3426 1785 3737 1873 ὲνᾼάρχαῖς

460 1901 598 1956 Boni
636 1899 739 1952 duo
769 1914 924 1966 super
954 1911 1137 1956 unum,
1202 1892 1379 1961 inquit
1430 1882 1784 1942 Ecclesiastes
1810 1882 1896 1948 ";
1950 1880 2054 1934 hoc

465 2003 552 2047 est.
582 2014 591 2045 :
628 1990 836 2044 Bonum
879 1997 960 2042 est
988 1985 1241 2055 religioso
1269 1983 1380 2036 ﬁlio
1413 1980 1458 2035 si
1513 1992 1636 2034 cum
1674 1971 1911 2044 religiosi
1954 1985 2052 2040 pa-

463 2082 564 2136 tris
606 2095 726 2150 ope,
765 2080 948 2132 divino
977 2077 1186 2146 Spiritu
1209 2071 1503 2127 auxiliante
1552 2068 1812 2123 adversus
1860 2063 2055 2117 antici-

465 2182 620 2243 palas
647 2171 820 2225 hostis
854 2170 1139 2239 petitiones
1166 2166 1461 2234 depugnet.
1492 2160 1597 2227 Qui
1661 2172 1862 2214 caecum
1892 2156 2054 2221 duce,

461 2278 678 2333 gregem
713 2270 949 2331 pastore,
985 2266 1255 2311 errantem
1284 2255 1529 2318 ductore,
1583 2247 1842 2303 infantem
1899 2254 2051 2314 patre

462 2368 587 2413 suo,
619 2367 820 2421 :rgrum
864 2349 1095 2411 medico,
1125 2361 1316 2401 narem
1356 2346 1723 2414 gubernatore
1779 2335 2048 2400 destituit,

464 2446 711 2512 utrisque
774 2442 1076 2513 periculum
1131 2446 1303 2494 creat.
1371 2434 1477 2502 Qui
1543 2448 1675 2503 ergo
1727 2432 1845 2487 sine
1882 2429 2052 2500 patris

2154 1878 2608 1950 παραγενόμενοι,
2638 1879 2735 1941 τὰς
2768 1877 2958 1942 ὀδύνας
2988 1878 3086 1940 τὰς
3115 1876 3323 1931 ἑαυτῶν
3356 1869 3734 1947 σημεὶούσοω-

2153 1985 2272 2022 σαν·
2310 1972 2358 2022 οἱ
2393 1970 2449 2022 δὲ
2479 1972 2536 2022 ὲν
2562 1970 2808 2040 ὑποταγῇ
2842 1969 2942 2040 τὴν
2972 1968 3279 2040 προσοῦσαν
3319 1969 3503 2031 αὑτοῖς
3543 1968 3735 2020 ταπεί-

2152 2077 2336 2115 νωσιν⁶
2368 2063 2481 2124 τοῖς
2516 2060 2614 2132 μὲν
2647 2061 2755 2131 γὰρ
2782 2063 2809 2113 ὁ
2830 2061 2936 2114 τῶν
2969 2061 3172 2115 ὀδυνῶν
3199 2061 3519 2131 κουφισμὸς,
3546 2063 3656 2122 τοῖς
3681 2059 3737 2112 δὲ

2151 2154 2185 2224 ἡ
2217 2153 2313 2223 τῆς
2337 2152 2543 2205 ἑαυτῶν
2568 2151 2966 2221 καταγνώσεως
2993 2154 3276 2224 προσθήκη
3309 2155 3533 2223 σημεῖον
3563 2146 3735 2205 ἀπλα-

2156 2242 2246 2307 νὲς
2277 2243 2376 2313 τῆς
2411 2243 2617 2312 ὑγείας,
2640 2242 2714 2305 ὡς
2736 2244 2834 2315 ούχ
2860 2245 3045 2316 ἕτερον
3073 2263 3125 2298 τι
3155 2245 3474 2316 φανήσεται.
3505 2243 3579 2298 Τὸ
3614 2261 3740 2298 συν-

2158 2335 2299 2399 ειδός
2336 2353 2418 2389 σοι
2448 2335 2559 2407 (65)
2589 2334 2851 2407 ἔσοπτρον
2879 2341 2979 2409 τῆς
3012 2339 3292 2409 ὑποταγῆς
3315 2338 3475 2405 ἔστω,
3511 2338 3604 2392 καὶ
3634 2339 3738 2409 d9-

2160 2427 2319 2481 κετόν
2360 2430 2527 2482 ἐστιν.

464 2538 702 2606 religiosi
735 2552 837 2607 ope
869 2537 1132 2591 adversus
1173 2534 1417 2588 infernos
1467 2531 1690 2601 spiritus
1728 2528 2008 2583 decertare
2046 2524 2230 2591 audet,
2267 2525 2336 2579 ab
2376 2524 2482 2579 illis
2533 2525 2940 2583 circumventus
2991 2529 3287 2584 occidetur.
3346 2526 3450 2595 Qui
3502 2530 3738 2600 primum

464 2629 964 2702 pbarmacopolium
1032 2627 1431 2697 ingrediuntur,
1473 2621 1693 2677 morbos
1752 2635 1879 2675 suos
1943 2618 2269 2682 observent;
2323 2617 2416 2686 qui
2474 2634 2599 2673 vero
2642 2620 2926 2690 religiosa:
2963 2620 3288 2676 obedientiae
3351 2636 3411 2675 se
3470 2621 3741 2691 subjicere

463 2726 724 2795 cogitant,
781 2724 1000 2777 videant
1046 2735 1114 2774 an
1180 2720 1515 2775 submissum
1555 2731 1739 2773 secum
1792 2714 2035 2769 animum
2084 2710 2334 2767 aﬂ'erant.
2367 2710 2476 2769 Illis
2510 2715 2710 2787 quippe
2747 2717 3113 2771 certissimum
3137 2726 3222 2772 est
3275 2717 3526 2772 sanitatis
3581 2733 3743 2773 secu-

467 2832 605 2879 turre
654 2824 1056 2885 argumentum,
1111 2813 1361 2867 dolorum
1415 2811 1714 2874 remissio;
1765 2807 1852 2861 bis
1903 2820 2055 2870 vero,
2108 2804 2151 2858 si
2221 2805 2671 2880 animadvertant.
2715 2806 2898 2877 augeri
2964 2808 3018 2861 in
3078 2822 3138 2861 se
3193 2807 3449 2861 vitiorqu
3515 2822 3739 2864 suorum

466 2910 592 2961 Cum
630 2906 1051 2976 reprehensione
1102 2913 1157 2960 et
1188 2904 1542 2959 damnatione
1592 2895 1994 2973 [detestatione]
2037 2897 2321 2966 praeteritae
2370 2900 2492 2954 vitae
2536 2901 2922 2970 cognitionem.
2966 2901 3140 2956 Tuam
3181 2902 3574 2957 conscientiam
3623 2916 3744 2959 tan.

467 3015 631 3069 quam
669 2998 951 3067 speculum
981 2997 1226 3062 consule,
1269 3005 1449 3050 utrum
1486 2995 1562 3050 sis
1604 3007 1897 3064 germanus
1942 2989 2264 3043 obedientire
2297 2990 2458 3059 ﬁlius,
2484 3003 2538 3047 et
2578 2992 2789 3048 sufﬁcit
2825 2993 2944 3048 tibi.

539 3090 645 3158 Qui
687 3092 741 3146 in
776 3089 1069 3145 solitudine
1133 3088 1276 3159 patri
1330 3087 1604 3159 spirituali
1646 3084 1878 3154 subjecti
1928 3090 2057 3137 sunt

2231 3082 2296 3133 Οἱ
2327 3083 2427 3152 μὲν
2465 3083 2589 3137 καθ’
2612 3085 2842 3156 ἡσυχίαν
2874 3085 3041 3154 πατρὶ
3067 3085 3522 3156 ὑποτασσόμενοι,
3552 3087 3737 3157 δαίμοι

468 3185 644 3238 malos
682 3183 961 3238 daemonas
999 3183 1283 3244 duntaxat,
1334 3183 1657 3251 quibuscum
1726 3178 2057 3246 depugneut,

468 3276 657 3331 hostes
687 3276 907 3329 habent.
947 3273 1052 3340 Qui
1078 3289 1205 3328 vero
1239 3275 1293 3327 in
1323 3272 1601 3328 communi
1657 3272 1885 3325 fratrum
1949 3279 2062 3319 coe-

474 3375 537 3420 tu
601 3364 827 3433 degunt,
885 3363 971 3416 his
1043 3378 1167 3417 cum
1221 3362 1411 3417 inferis
1463 3373 1517 3417 et
1567 3360 1881 3416 hominibus
1965 3354 2060 3409 de-

369 3483 380 3494 ·
436 3455 792 3515 .certandum
857 3462 957 3507 est.
1029 3452 1108 3507 Illi
1173 3468 1203 3506 a
1269 3454 1601 3523 praescriptis
1655 3451 1760 3506 sibi
1822 3449 2054 3518 legibus.

474 3544 581 3615 75
608 3546 736 3613 quia
788 3544 842 3598 in
901 3544 1075 3599 oculis
1124 3546 1294 3613 patris
1342 3560 1556 3614 semper
1613 3555 1926 3612 versantur,
1973 3548 2061 3601 vix

472 3650 716 3705 unquam
742 3634 1029 3689 discedunt
1061 3653 1073 3688 :
1107 3634 1162 3688 hi
1197 3644 1415 3704 propter
1448 3634 1788 3706 frequentem
1812 3639 2062 3708 praesidis

482 3726 786 3781 absentiam
814 3726 935 3779 illas
978 3741 1366 3796 nonnunquam
1391 3729 1580 3783 leviter
1605 3730 1828 3784 violant.
1874 3730 2061 3784 Enim-

477 3836 605 3875 vero
630 3820 817 3874 atter.ti
858 3829 912 3874 et
956 3820 1204 3874 laborum
1252 3821 1505 3886 studiosi,
1567 3837 1666 3891 per
1694 3822 2059 3877 offensionum

476 3908 964 3981 [objurgatiouum]
1006 3911 1345 3979 patientiam,
1375 3912 1758 3981 negligentiam
1790 3913 1935 3967 illam
1962 3928 2063 3968 co-

475 4000 785 4071 piosissime
841 4003 1167 4067 resarciunt,
1226 4010 1281 4055 et
1326 4003 1599 4072 geminam
1664 4003 1792 4058 inde
1848 4019 2064 4059 coronae

476 4093 713 4161 palmam
750 4102 1045 4160 reportant.
1071 4092 1233 4146 Omni
1266 4093 1513 4147 custodia
1554 4095 1935 4150 custodiamus
1964 4113 2063 4151 nos

478 4183 648 4253 ipsos.
680 4181 878 4237 Portus
917 4183 1150 4254 navigiis
1182 4185 1373 4254 plenus
1414 4201 1579 4241 naves
1621 4186 1779 4241 facile
1827 4188 1968 4243 inter
2002 4204 2061 4243 se

477 4273 708 4339 collidit,
761 4275 1062 4342 praesertim
1104 4275 1212 4330 sia
1265 4277 1373 4329 bile
1406 4278 1556 4330 velut
1613 4279 1832 4333 occulto
1878 4294 2064 4334 verme

481 4365 684 4418 fuerint
704 4380 899 4420 exesae.
947 4364 1082 4420 Dum
1139 4369 1243 4422 sub
1297 4368 1547 4437 religioso
1597 4371 1821 4438 praeside
1849 4387 2061 4435 sumus,

480 4463 786 4511 extremum
821 4458 1097 4513 silentium
1131 4472 1185 4514 et
1240 4461 1603 4528 ignorantiam
1644 4463 1713 4517 de
1770 4464 1863 4517 illo
1906 4480 2063 4517 exer-

482 4560 729 4601 ceamus.
771 4547 866 4602 Est
913 4549 1059 4603 enim
1110 4552 1415 4606 taciturnus
1463 4552 1718 4609 alumnus
1746 4555 2063 4624 sapientiae,

481 4639 631 4691 oumi
661 4654 841 4693 rerum
869 4642 1237 4711 cognitionem
1286 4645 1563 4714 praeditus.
1625 4645 2002 4701 Animadverti
2036 4665 2066 4702 e

485 4729 746 4798 subjectis
788 4732 1122 4801 quempiam.
1162 4735 1253 4804 qui
1284 4752 1348 4790 ex
1381 4752 1478 4791 ore
1502 4738 1740 4807 religiosi
1781 4741 1956 4807 patris
1979 4741 2064 4793 sui

483 4836 671 4875 rorem
735 4834 969 4891 raperet,
1035 4832 1088 4879 et
1118 4824 1184 4879 de
1234 4827 1378 4881 illius
1410 4829 1721 4883 obedientia
1752 4831 2063 4899 desperavi,

483 4911 631 4978 quod
701 4913 931 4968 viderem
983 4915 1133 4970 illum
1191 4918 1351 4973 dictis
1409 4921 1657 4988 praesidis
1702 4924 1784 4976 sui
1817 4923 1882 4975 ad
1915 4938 2067 4977 suam

484 5002 820 5070 superbiam,
851 5020 959 5059 non
1015 5007 1081 5061 ad
1121 5010 1543 5065 submissionem
1576 5011 1747 5065 abuti.
1796 5011 1989 5067 Sobrie
2018 5021 2073 5066 et

487 5092 780 5160 prudenter
806 5105 1080 5161 notemus,
1108 5100 1367 5169 omnique
1392 5102 1778 5157 observatione
1810 5103 2072 5160 observe-

488 5199 635 5248 mus,
667 5195 720 5240 et
762 5187 1043 5256 vigilantia
1091 5205 1307 5245 summa
1339 5191 1721 5261 dispiciamus;
1774 5196 1995 5263 quando
2017 5204 2073 5249 et

485 5277 764 5345 quomodo
820 5279 1062 5335 ofﬁcium
1130 5282 1421 5337 ministerii
1474 5286 1646 5340 nostri
1700 5287 1772 5342 sit
1824 5288 2079 5356 precibus

488 5370 951 5438 anteponendum.
987 5369 1176 5443 Neque
1198 5372 1344 5429 enim
1380 5374 1431 5429 id
1464 5377 1613 5430 omni
1640 5378 1806 5433 modo
1833 5392 2077 5448 semper-

558 5544 608 5577 ⁸⁸
639 5544 818 5601 Eccle.
838 5562 914 5611 ιν,
942 5548 1000 5603 9.

564 5635 641 5702 (a)
672 5637 1117 5713 Al.,_Hu_m_ilitas_
1145 5651 1222 5697 est
1280 5644 1493 5697 initium
1547 5646 1875 5713 obeJientiw,
1934 5650 2073 5702 sicut

499 5703 668 5758 Hom;
696 5706 1054 5777 legisiuitium
1088 5711 1235 5780 fecit,
1287 5722 1335 5767 et
1365 5715 1658 5770 obedientia
1693 5732 1810 5785 qum
1836 5703 1914 5772 est
1957 5720 2075 5789 ﬁlia

2162 3190 2279 3240 νας,
2320 3176 2413 3228 καὶ
2459 3177 2619 3247 μόνον
2657 3178 2783 3240 τοὺς
2829 3177 3294 3247 ἀντιπράττοντας
3337 3177 3653 3247 κέκτηνται·
3695 3181 3744 3231 οἱ

2161 3266 2219 3320 δὲ
2269 3268 2326 3320 ἐν
2382 3269 2596 3340 συνοδίᾳ
2641 3269 2978 3340 ὑπάρχοντες
3030 3268 3251 3340 δαίμοσι
3299 3271 3394 3322 καὶ
3439 3270 3746 3340 ἀνθρώποις

2163 3357 2299 3427 ὁμοῦ
2332 3358 2787 3428 προσπαλαίουσι.
2831 3360 2941 3412 Καὶ
2988 3361 3037 3413 oi
3093 3361 3191 3430 μὲν
3224 3362 3480 3431 πρότεροι
3512 3362 3601 3416 διὰ
3646 3362 3744 3431 τῆς

2163 3449 2443 3519 διηνεκοῦς
2464 3450 2555 3503 τοῦ
2575 3451 2896 3505 διδασκάλου
2925 3451 3053 3515 θέας
3077 3451 3475 3523 ἀκριϐεστέρας
3494 3454 3593 3515 τὰς
3615 3454 3746 3526 παρ’

2164 3541 2327 3594 αὑτοῦ
2357 3542 2718 3612 φυλάττουσιν
2758 3544 2998 3607 ἐντολάς.
3037 3547 3099 3598 Oi
3133 3545 3189 3598 δὲ
3218 3545 3460 3617 δεύτεροι
3489 3548 3744 3612 πολλάκις

2134 3631 2250 3709 διὰ
2278 3632 2378 3703 τῆς
2409 3633 2675 3696 ἀπουσίας
2726 3634 2893 3688 αὑτοῦ
2929 3635 3123 3705 μικρὸν
3153 3638 3358 3700 ταύτας
3397 3638 3748 3708 παρατιτρὼ-

2166 3744 2375 3781 σκουσι.
2418 3724 2564 3799 Πλὴν
2600 3730 2697 3782 ἐὰν
2732 3730 3011 3783 σπουδαῖοί
3042 3748 3187 3794 τινες
3218 3732 3311 3785 καὶ
3339 3732 3618 3801 φιλόπονοι
3660 3734 3744 3801 γί-

2164 3835 2384 3883 νωνται,
2413 3819 2502 3872 διὰ
2529 3822 2629 3890 τῆς
2656 3821 2767 3874 τῶν
2796 3823 3216 3893 προσκρούσεων
3251 3824 3532 3895 ὑπομονῆς
3576 3828 3743 3897 ὑπερ-

2165 3907 2478 3978 αναπληροῦ
2488 3926 2539 3963 σι
2566 3911 2661 3981 τήν
2686 3911 2920 3981 ἔλλειψιν
2943 3912 3038 3966 καὶ
3063 3913 3285 3977 διπλοῦς
3304 3916 3428 3978 τοὺς
3451 3918 3747 3987 στεφάνους

2165 4000 2501 4071 κομίζονται.
2558 4004 2718 4075 Πάσῃ
2763 4004 2874 4077 (66)
2926 4007 3139 4079 φυλακῇ
3183 4007 3479 4078 τηροῦντες
3523 4011 3748 4073 ἑαυτοὺς

2164 4095 2515 4166 τηρήσωμεν.
2557 4096 2738 4168 Λιμὴν
2785 4096 2895 4168 γὰρ
2932 4098 3132 4151 πλοίων
3169 4100 3458 4164 ἀνάπλεως
3511 4101 3750 4171 εὐχερῶς

2165 4185 2341 4240 ταῦτα
2373 4187 2679 4257 συντρίϐειν
2722 4188 2988 4256 πέφυκεν,
3021 4191 3116 4243 καὶ
3154 4191 3389 4260 μάλιστα
3420 4193 3488 4246 τὰ
3519 4194 3624 4245 ὑπὸ
3654 4193 3750 4246 θυ-

2171 4278 2294 4350 μοῦ,
2323 4279 2510 4352 ὥσπερ
2538 4280 2642 4333 ὑπὸ
2671 4281 2952 4351 σκώληκός
2978 4299 3121 4346 τινος
3164 4285 3503 4354 τετριμμένοι
3528 4284 3747 4353 λεληθό-

2170 4388 2298 4435 τωςο
2343 4371 2552 4444 σιωπὴν
2586 4373 2824 4445 ἐσχάτην
2861 4375 2956 4428 καὶ
2981 4375 3203 4443 ἄγνοιαν
3231 4377 3327 4429 ἐπὶ
3357 4376 3449 4431 τοῦ
3479 4376 3746 4446 προεστῶ-

2171 4479 2262 4525 τος
2289 4464 2642 4535 ἁσκήσωμεν’
2671 4466 2813 4538 ἀνὴρ
2841 4466 2950 4538 γὰρ
2982 4466 3255 4537 σιωπηλὸς
3280 4468 3595 4538 φιλοσοφίας
3634 4468 3748 4530 υἱὸς

2166 4554 2367 4622 γνῶσιν
2396 4555 2594 4624 πολλὴν
2621 4557 2854 4611 πάντοτε
2885 4557 3183 4626 κτώμενος.
3215 4555 3367 4612 Εἶδον
3391 4557 3754 4613 ὑποτακτικὸν

2165 4648 2265 4717 τὴν
2294 4647 2550 4717 διήγησιν
2583 4649 2649 4701 ὲκ
2679 4649 2949 4719 στόματος
2981 4648 3076 4703 τοῦ
3109 4650 3449 4720 προεστῶτος
3471 4651 3755 4719 ἁρπάσανο

2164 4756 2253 4803 τα,
2290 4740 2385 4792 καὶ
2423 4739 2521 4810 τὴν
2555 4739 2766 4793 ἐκείνου
2798 4740 3077 4812 ὑποταγὴν
3117 4743 3438 4810 ἀπέγνωκα,
3471 4743 3759 4814 ὑπερηφα-

2164 4830 2283 4885 νίαν
2337 4832 2433 4885 καὶ
2483 4832 2543 4884 οὐ
2596 4833 2927 4886 ταπείνωσιν
2976 4833 3191 4902 βλέπων
3245 4835 3407 4888 αὐτὸν
3452 4836 3517 4887 ἐκ
3553 4834 3761 4903 ταύτης

2168 4923 2749 4994 προσλαμϐανόμενον.
2776 4926 2932 4995 Πάσῃ
2968 4925 3129 4996 νήψει
3153 4925 3436 4997 νήφωμεν.
3464 4929 3560 4981 καὶ
3587 4944 3650 4996 τη
3660 4929 3760 4997 ρήη

2172 5032 2255 5067 σει
2293 5017 2645 5085 τηρήσωμεν,
2681 5016 2775 5069 καὶ
2815 5015 3031 5088 φυλακῇ
3079 5017 3464 5087 φυλαξώμεθα,
3501 5018 3633 5071 πότε
3662 5019 3759 5070 καὶ

2171 5106 2291 5169 πῶς
2321 5108 2354 5176 ή
2377 5106 2626 5161 διακονία
2653 5108 2752 5178 τῆς
2778 5112 3086 5179 προσευχῆς
3113 5110 3319 5178 ὀφείλει
3342 5110 3755 5181 προκρίνεσθαι.

2175 5196 2249 5249 Οὐ
2280 5196 2388 5265 γὰρ
2417 5196 2650 5249 πάντοτε
2679 5198 2921 5261 πάντως·
2950 5200 3187 5270 πρόσεχε
3223 5198 3439 5270 σεαυτῷ
3465 5202 3576 5264 τοῖς
3601 5199 3757 5252 ἁδελ-

2172 5291 2293 5358 φοῖς
2334 5304 2430 5341 σου
2476 5286 2689 5358 παρὼν,
2721 5288 2813 5341 καὶ
2854 5289 2928 5359 μὴ
2961 5289 3160 5344 σπεῦδε
3200 5291 3542 5362 δικαιότερος
3579 5292 3759 5345 αὐτῶν

2173 5379 2466 5451 φαίνεσθαι
2487 5379 2546 5434 τὺ
2572 5380 2831 5452 παράπαν
2856 5382 2914 5433 ἐν
2937 5398 3063 5434 τινι.
3094 5381 3199 5435 Δύο
3219 5382 3329 5453 γὰρ
3355 5384 3565 5455 ἐργάσῃ
3589 5384 3756 5448 κακὰ,

2183 5646 2504 5719 humilitatis
2533 5651 2740 5719 per/ica
2768 5659 2988 5705 matrem
3016 5666 3167 5704 suum
3202 5650 3576 5707 humilitatem.

2257 5718 2331 5790 (ὁ)
2357 5718 2540 5775 Omne
2556 5718 2880 5791 supplicium
2911 5722 3102 5777 merito
3124 5721 3235 5777 Deo
3257 5722 3476 5778 debent.
