4110 6416
355 320 472 384 ’113

1421 312 1652 374 SCALA
1689 306 2070 370 PARADISL
2092 310 2474 371 —GR:\DUS
2504 311 2601 371 ιν.

3533 299 3639 363 ιιι

361 433 608 495 ἑκείνους
643 427 744 500 μὲν
784 427 873 482 διὰ
904 427 1006 498 τῆς
1050 426 1148 498 σῆς
1189 424 1664 496 ψευδεπιπλάστου
1715 419 1950 490 σπονδῆς

2082 439 2158 493 itte
2183 423 2492 480 faciendum
2521 433 2625 480 est.
2658 421 2899 477 Observa
2927 427 3186 489 tctpsutn,
3213 433 3336 473 cum
3361 417 3506 472 inter
3535 417 3644 471 do-

355 520 598 591 πλήξαςο
630 518 811 588 ἐαυτῷ
840 517 897 570 δὲ
926 519 990 570 ὲκ
1023 515 1223 579 παντδς
1251 514 1454 586 τρόπου
1499 512 1951 586 ὑψηλοφροσύνην

354 610 726 684 προξενήσας.
751 609 908 663 Γίνου
934 607 1047 679 (67)
1077 607 1363 672 σπουδαῖος
1383 607 1549 680 ψυχῇ,
1573 608 1816 680 μηδόλως
1846 606 1952 660 σώ-

357 717 498 769 ματι
527 697 688 751 τοῦτο
717 697 1024 769 ἐμφαίνων,
1063 696 1137 768 μὴ
1169 698 1431 768 σχήματι,
1463 697 1537 768 μὴ
1566 697 1729 768 λόγῳ,
1763 697 1837 769 μὴ
1868 699 1954 750 αί-

353 789 590 859 νίγματι
612 804 627 818 ⁶
657 788 750 842 καὶ
775 786 936 841 τοῦτο
961 788 1120 859 εἴπερ
1143 785 1240 840 τοῦ
1272 786 1573 852 ὲξουθενεῖν
1598 789 1692 842 τὸν
1725 787 1953 859 πλησίον

354 880 672 934 πέπαυσαι.
705 880 768 932 Ei
791 878 848 932 δὲ
875 878 1170 950 πρόχειρος
1188 879 1270 943 είς
1299 878 1460 932 τοῦτο
1479 878 1844 951 καθέστηκας,
1870 879 1954 946 γίο

354 987 459 1022 νου
495 972 607 1034 τοῖς
638 968 886 1037 ἀδελφοῖς
933 984 1028 1021 σου
1068 969 1274 1038 ὅμοιος,
1311 968 1406 1022 καὶ
1443 969 1517 1039 μὴ
1554 970 1620 1039 τῇ
1657 969 1832 1040 οἰήσει
1861 969 1954 1023 ἀν-

353 1063 575 1134 όμοιος.
596 1059 751 1116 Εἶδον
774 1062 1036 1134 ἀδόκιμον
1064 1060 1314 1134 μαθητὴν
1341 1061 1436 1115 ἐπὶ
1455 1063 1568 1125 τοῖς
1587 1061 1681 1114 τοῦ
1707 1062 1958 1117 διδασκά-

355 1153 458 1206 λου
485 1151 910 1224 κατορθώμασιν
938 1151 1032 1204 ἐπί
1062 1169 1224 1205 τινων
1245 1149 1550 1223 ἀνθρώπων
1578 1150 1954 1222 καυχώμενον,

353 1243 462 1296 καὶ
509 1242 694 1312 μέντοι
731 1241 903 1296 δοκῶν
928 1241 1089 1307 δόξαν
1123 1241 1302 1314 ἑαυτῷ
1334 1245 1397 1297 ἐκ
1429 1243 1523 1297 τοῦ
1556 1244 1835 1316 ἀλλοτρίου
1880 1246 1960 1299 σί-

354 1352 460 1388 του
498 1334 990 1406 περιποιήσασθαι,
1021 1334 1247 1405 ἀτιμίαν
1277 1335 1483 1405 μᾶλλον
1512 1335 1694 1407 ἑαυτῷ
1726 1337 1959 1410 προεξέ-

355 1444 524 1499 νησε,
563 1427 676 1499 (68)
727 1429 944 1482 πάντων
985 1427 1118 1496 πρδς
1164 1427 1328 1481 αὐτὸν
1357 1429 1678 1500 εἰρηκότωνο
1702 1431 1811 1484 Καὶ
1841 1431 1962 1495 πῶς

355 1520 585 1592 δένδρον
615 1519 800 1583 καλὸν.
829 1519 1022 1575 κλάδον
1049 1519 1299 1591 ἄκαρπον
1323 1521 1591 1593 ῆνεγκεν;
1621 1523 1734 1594 Οὐχ
1757 1522 1845 1576 ὅτε
1871 1523 1962 1577 τδν

356 1609 464 1664 τοῦ
525 1610 736 1682 πατρὸς
792 1610 1175 1682 μυκτηρισμὸν
1235 1611 1502 1680 γενναίως
1540 1613 1958 1686 ὑπενέγκωμεν,

363 1704 767 1774 ὕπομονητικοὶ
801 1703 1124 1774 κρινόμεθα,
1156 1703 1272 1759 ἀλλ’
1295 1705 1426 1759 ὅταν
1455 1704 1608 1776 παρά
1641 1705 1844 1770 παντὸς
1865 1707 1962 1760 ἀν-

366 1796 596 1868 θρώπου
644 1795 1117 1869 καταφρονῶμεθα
1155 1797 1248 1852 καὶ
1281 1795 1674 1869 πλησσὼμεθα⁶
1719 1799 1812 1851 τὸν
1855 1799 1965 1871 γὰρ
1996 1793 2040 1848 Β

367 1887 590 1960 πατέρα
619 1887 716 1942 καὶ
747 1886 1063 1958 αἰδούμενοι
1110 1886 1206 1940 καὶ
1241 1887 1644 1959 χρεωστοῦντες
1696 1886 1964 1958 βαστάζο-

311 2027 336 2034 -
374 1999 500 2052 μεν.
547 1981 679 2034 Πίνε
730 1979 1030 2053 προθύμως
1065 1980 1452 2050 μυκτηρισμὸν
1497 1980 1574 2043 ὡς
1626 1978 1772 2052 ὓδωρ
1819 1981 1967 2052 ζωῆς

380 2073 534 2145 παρὰ
557 2073 758 2137 παντὸς
783 2071 1095 2146 ἀνθρώπου,
1127 2070 1373 2136 ποτίζειν
1414 2088 1474 2125 σε
1503 2070 1565 2124 τὸ
1593 2069 1842 2144 καθαρτή
1853 2089 1967 2143 ριον

377 2165 482 2235 τῆς
514 2165 764 2235 λαγνείας
796 2164 1108 2237 ζητοῦντος·
1152 2165 1277 2219 τότε
1325 2163 1436 2236 γὰρ
1482 2163 1736 2218 ἀνατελεῖ
1777 2165 1968 2234 ἁγνεία

370 2257 572 2328 βαθεῖα
601 2259 657 2311 ἐν
683 2260 751 2329 τῇ
786 2257 934 2329 ψυχῇ
967 2274 1084 2324 σου,
1117 2258 1212 2311 καὶ
1259 2257 1376 2326 φῶς
1405 2255 1543 2309 Θεοῦ
1584 2257 1686 2310 οὐκ
1729 2257 1969 2327 ἐκλείψει

369 2351 439 2403 ὲκ
464 2349 567 2419 τῆς
595 2349 826 2421 καρδίας
865 2366 981 2405 σου.
1020 2349 1232 2420 Μηδεὶς
1259 2348 1350 2419 ὑφ’
1381 2351 1578 2404 ἑαυτοῦ
1609 2351 1964 2421 ἀναπαυόμε-

368 2457 465 2493 νον
496 2439 643 2512 ὀρῶν
675 2439 936 2509 σύλλογον
967 2440 1346 2513 ἀδελφότητος,
1383 2442 1442 2494 ὲν
1479 2443 1544 2514 τῇ
1575 2441 1786 2516 διανοίᾳ
1833 2459 1970 2497 καυ-

365 2530 589 2602 χάσθω.
627 2533 690 2585 Oi
721 2531 832 2602 γὰρ
866 2531 1097 2588 κλέπται
1137 2532 1322 2606 πέριξ.
1352 2533 1728 2605 Μνημονεύων
1760 2535 1973 2606 μνημό-

368 2641 503 2678 νευε
568 2623 662 2678 τοῦ
717 2624 990 2694 λέγοντοςο
1036 2625 1224 2680 ’Ὅταν
1287 2625 1490 2680 πάντα
1547 2624 1846 2697 ποιήσητε
1901 2628 1976 2683 τὰ

372 2718 872 2789 προστεταγμένα
893 2758 910 2784 ,
985 2719 1194 2790 λέγετε
1212 2761 1228 2788 ,
1295 2720 1388 2774 ὅτι
1459 2720 1511 2776 ’A
1515 2720 1704 2791 χρεῖοι
1763 2719 1977 2776 δοῦλοί

370 2807 594 2878 ἐσμεν,
636 2806 723 2862 ὅτι
766 2809 797 2864 ὃ
839 2809 1176 2880 ὠφείλομεν
1213 2810 1466 2881 ποιῆσαι
1485 2851 1500 2879 ,
1538 2811 1974 2884 πεποιήκαμεν.

375 2900 461 2954 Τὸ
492 2904 667 2973 κρῖμα
711 2902 821 2957 τῶν
870 2902 1056 2958 κόπων
1106 2905 1164 2958 ὲν
1195 2904 1374 2977 καιρῷ
1413 2905 1597 2972 ἐξόδου
1628 2907 1974 2980 γνωσόμεθα.

371 2994 667 3051 Κοινόδιόν
717 2995 868 3050 ἐστιν
919 2996 1164 3066 ἐπίγειος
1213 2996 1476 3069 οὐρανός·
1530 2999 1612 3053 διὸ
1665 3001 1742 3065 ὡς
1786 3001 1978 3072 Κυρίῳ

2059 517 2314 572 mesticos
2367 526 2490 572 tuos
2541 514 2800 581 versaris,
2866 523 2921 568 et
2961 526 3092 568 cave
3151 511 3285 566 velis
3337 508 3445 563 ulla
3497 509 3552 564 in
3582 523 3644 563 ro

2059 608 2303 664 sanctior
2329 609 2436 664 illis
2467 607 2658 664 videri.
2689 607 2808 663 Duo
2854 605 3062 677 quippe
3093 605 3236 659 mala
3268 603 3394 658 inde
3417 601 3641 672 paries:

2061 701 2182 757 illos
2208 702 2353 757 enim
2385 702 2670 772 religiosos
2710 699 2906 756 fratres
2951 709 3072 756 tuos
3105 697 3228 754 ﬁcta
3255 705 3346 751 tua
3370 695 3540 750 nimia
3571 693 3648 750 si.

2063 793 2380 863 mulataque
2432 810 2564 850 cura
2614 805 2668 850 et
2709 793 2991 865 diligentia
3059 789 3343 862 percelles,
3379 788 3474 843 tibi
3515 803 3648 842 vero

2062 884 2164 957 ipsi
2189 887 2415 942 omnino
2443 886 2755 958 superbiam
2784 894 2838 942 ct
2867 884 3158 941 elationem
3192 880 3536 938 conciliabis.
3568 877 3651 934 Ex

2063 981 2248 1036 animo
2304 981 2511 1051 probus
2544 989 2663 1037 esto
2705 982 2823 1036 sine
2858 981 2964 1035 ulla
3012 979 3262 1049 corporis
3301 976 3368 1031 ad
3400 976 3454 1032 id
3493 989 3648 1031 com-

2066 1073 2228 1141 positi
2259 1072 2495 1141 fictione,
2536 1089 2644 1129 non
2695 1073 2761 1128 ad
2791 1073 3054 1143 speciem,
3083 1087 3190 1127 non
3216 1069 3326 1143 74
3355 1069 3542 1125 habitu
3583 1067 3651 1122 ﬁ-

2066 1174 2263 1235 ctoque
2285 1177 2465 1236 gestu,
2497 1183 2606 1222 non
2631 1165 2821 1228 verbo,
2844 1179 2945 1220 nec
2968 1165 3124 1234 signo
3147 1163 3366 1234 quidem
3388 1162 3650 1218 obscuro.

2065 1259 2133 1314 Et
2158 1261 2263 1316 hoc
2298 1261 2477 1332 quoad
2521 1260 2658 1315 alios
2697 1257 2946 1329 judicare
2978 1265 3033 1312 et
3077 1265 3430 1312 contemnere
3479 1254 3653 1310 desie-

2069 1355 2164 1409 ris.
2201 1353 2359 1422 Quod
2385 1354 2430 1410 si
2462 1361 2516 1409 te
2549 1352 2846 1424 proclivem
2889 1352 2956 1407 ad
3000 1351 3105 1406 hoc
3138 1349 3305 1415 nosti,
3337 1348 3563 1403 omnino
3599 1354 3654 1400 te

2070 1446 2137 1501 ad
2156 1460 2338 1502 mores
2362 1445 2787 1501 domesticorum
2807 1442 3182 1509 accommoda,
3202 1441 3461 1510 nulloque
3489 1438 3655 1494 modo

2069 1554 2163 1610 per
2203 1538 2372 1593 animi
2409 1537 2700 1594 elationem
2741 1536 3029 1593 dissimilis
3074 1535 3316 1589 videare.
3367 1530 3506 1587 Novi
3553 1532 3656 1586 int-

2071 1629 2300 1699 prpbum
2335 1629 2691 1700 discipulum,
2725 1627 2817 1699 qui
2865 1627 3010 1697 apud
3059 1624 3354 1682 nonnullos
3387 1623 3456 1678 de
3487 1621 3659 1693 magi-

2073 1723 2174 1778 stri
2205 1723 2292 1779 sui
2325 1723 2582 1778 laudibus
2608 1731 2663 1778 et
2705 1721 3006 1776 virtutibus
3031 1707 3389 1790 gloriabatur,
3423 1728 3661 1784 cumque

2067 1831 2132 1871 cx
2163 1815 2341 1871 aliena
2370 1829 2550 1870 messe
2573 1814 2800 1884 gloriam
2851 1812 2953 1868 sibi
2990 1811 3246 1882 colligere
3269 1807 3532 1875 studeret,
3565 1805 3663 1862 de-

2067 1908 2240 1963 decus
2281 1906 2466 1976 potius
2524 1905 2826 1961 demcssuit
2856 1903 3114 1960 omnibus
3151 1917 3216 1957 ex
3239 1901 3334 1955 illo
3360 1897 3661 1970 quaerenti-

2068 2001 2193 2064 bus,
2221 1999 2500 2072 quomodo
2529 2005 2639 2055 tam
2695 1998 2838 2053 bona
2897 1997 3061 2053 arbor
3090 2004 3200 2052 tam
3236 1995 3442 2050 malum
3473 2001 3526 2048 et
3551 2000 3664 2048 stc-

2069 2093 2224 2148 rilem
2263 2092 2544 2148 surculum
2598 2090 2856 2147 tulisset?
2910 2088 3026 2145 Non
3079 2096 3163 2144 est
3212 2086 3360 2160 quod
3390 2095 3522 2142 tunc
3562 2100 3664 2140 nos

2070 2188 2340 2256 patientes
2402 2186 2800 2249 existimemus,
2861 2198 2983 2239 cum
3013 2181 3262 2254 praesidis
3307 2179 3482 2237 nostri
3534 2194 3665 2236 san—

2073 2293 2172 2334 nas
2201 2287 2254 2333 ct
2287 2276 2697 2349 obiurgationes
2720 2290 2876 2346 aequo
2905 2283 2960 2330 et
2991 2287 3259 2345 generoso
3286 2273 3471 2328 animo
3491 2270 3663 2328 susti-

2073 2385 2289 2437 nemus,
2319 2370 2416 2426 sed
2447 2384 2572 2425 eum
2620 2368 2825 2440 passim
2849 2367 2918 2422 ab
2945 2366 3204 2422 omnibus
3231 2363 3663 2429 contemnimur,

2073 2475 2128 2518 et
2186 2462 2328 2518 male
2389 2461 2708 2518 verberibus
2757 2460 2924 2516 etiam
2976 2458 3296 2514 multamur.
3365 2455 3665 2513 Praesidem

2075 2557 2277 2628 quippe
2319 2553 2695 2612 venerabundi
2729 2569 2827 2623 pro
2881 2551 3068 2608 ofﬁcio
3121 2560 3176 2606 et
3205 2565 3340 2606 cura
3379 2549 3539 2606 nobis
3563 2547 3668 2602 im-

2077 2665 2248 2721 pensa
2289 2649 2524 2704 libenter
2573 2641 2894 2702 toleramus.
2953 2643 3369 2714 Promptissime
3417 2649 3474 2696 et
3521 2640 3670 2695 velut

2078 2757 2280 2813 aquam
2302 2741 2445 2808 vitae,
2493 2737 2854 2795 contumelias
2879 2744 2932 2792 et
2975 2734 3260 2791 lrrisiones
3289 2749 3316 2786 a
3336 2745 3670 2803 quocunque

2081 2837 2182 2892 tibi
2238 2835 2561 2906 propinatas
2617 2833 2798 2899 hauri,
2858 2831 3080 2903 quando
3119 2843 3229 2884 non
3259 2827 3367 2883 nisi
3391 2826 3668 2898 potionem

2080 2945 2189 3000 qua
2215 2938 2336 2985 tuas
2367 2926 2607 2984 lasciviae
2631 2925 2825 2982 sordes
2873 2931 3154 2994 repurget,
3179 2921 3317 2976 alter
3353 2916 3450 2975 tibi
3490 2917 3674 2988 porri-

2082 3023 2179 3094 git.
2217 3023 2358 3077 Tum
2385 3036 2514 3078 vero
2546 3034 2760 3076 summa
2791 3017 3132 3074 castimoniae
3168 3014 3436 3070 munditia
3468 3013 3522 3067 in
3549 3013 3670 3066 ani-

373 3086 830 3160 λειτουργοῦντες
878 3089 1122 3159 ἄγγελοι,
1163 3088 1310 3144 οὕτω
1359 3089 1638 3163 πείσωμεν
1667 3092 1978 3148 διακεῖσθαι

2082 3086 2174 3171 ina
2207 3125 2300 3171 tua
2319 3115 2642 3180 eﬁlorescet,
2677 3122 2731 3170 ct
2753 3111 2920 3168 divini
2957 3108 3183 3165 luminis
3210 3106 3469 3177 splendor
3499 3104 3553 3160 in
3581 3119 3670 3175 pen

375 3184 484 3280 τὴν
513 3183 747 3255 καρδίαν
777 3184 954 3256 ἡμῶν.
987 3184 1124 3238 nm
1148 3183 1249 3256 μὲν
1278 3184 1329 3238 oi
1357 3183 1415 3239 ὲν
1448 3183 1525 3256 τῷ
1555 3186 1773 3257 οὐρανῷ
1801 3187 1979 3258 τούτῳ

2084 3219 2237 3267 ctore
2267 3219 2361 3266 tuo
2391 3224 2672 3280 nunquam
2703 3207 2978 3262 bebescet.
3021 3201 3194 3258 Nemo
3218 3215 3343 3256 cum
3367 3200 3514 3255 videt
3541 3214 3674 3253 ron-

375 3275 539 3337 ὅντες
565 3276 633 3348 τῇ
661 3274 862 3346 καρδίᾳ
899 3274 974 3339 ὡς
1001 3273 1248 3341 λιθώδεις
1280 3274 1601 3332 διάκεινται·
1633 3278 1764 3332 ποτὲ
1789 3279 1846 3333 δὲ
1873 3281 1982 3334 πά-

378 3367 473 3422 λιν
505 3366 594 3424 διὰ
616 3366 718 3439 τῆς
751 3367 1103 3434 κατανύξεως
1139 3368 1610 3440 παρακαλοῦνται,
1641 3371 1728 3426 ἴνα
1759 3372 1855 3428 καὶ
1883 3373 1983 3444 τὴν

388 3459 568 3530 οἴησιν
601 3460 906 3532 ἐκφύγωσι,
937 3462 1029 3515 καὶ
1061 3462 1188 3528 τοὺς
1217 3461 1422 3527 κόπους
1461 3462 1551 3518 διὰ
1582 3463 1692 3518 τῶν
1731 3464 1985 3538 δακρύων

391 3554 903 3628 παραμυθήσονται.
934 3554 1149 3627 Μικρὸν
1193 3554 1307 3626 πῦρ
1342 3555 1515 3629 κηρὸν
1548 3556 1715 3612 πολὺν
1742 3561 1987 3632 κατεμά·

388 3645 544 3712 his,
571 3647 662 3701 καὶ
690 3647 867 3720 μικρᾶ
895 3646 1090 3718 ἀτιμία
1134 3647 1397 3713 πολλάκις
1437 3649 1813 3720 ὲπισυμόᾶσα,
1843 3650 1988 3704 ἃπα-

384 3757 498 3797 σαν
531 3741 632 3812 τὴν
664 3740 766 3812 τῆς
797 3739 1028 3813 καρδίας
1051 3739 1354 3812 ἀγριότητα
1385 3743 1480 3796 καὶ
1507 3742 1867 3814 ἀναισθησίαν
1895 3747 1987 3798 καὶ

385 3830 658 3904 πώρωσιν
694 3831 975 3903 αἰφνιδίως
1026 3831 1396 3905 κατεμάλαξε,
1442 3833 1540 3884 καὶ
1587 3833 1986 3903 κατεγλύκανε,

383 3927 492 3982 καὶ
542 3925 845 3999 ἐξήλειψεν.
882 3923 1037 3980 EIde
1070 3943 1202 3980 ποτε
1228 3926 1321 3980 δύο
1350 3924 1654 3997 λεληθότως
1702 3926 1990 3998 παρακαθ-

386 4019 658 4094 ημένους,
686 4020 784 4074 καὶ
814 4021 940 4083 τοὺς
965 4017 1076 4072 τῶν
1088 4019 1509 4090 ἀγωνιζομένων
1525 4019 1867 4089 στεναγμοὺς
1896 4019 1991 4074 καὶ

390 4114 683 4185 καμάτους
709 4111 1130 4186 ἐπιτηροῦντας,
1171 4113 1265 4166 καὶ
1289 4112 1842 4184 προσακροωμένους⁶
1875 4112 1991 4167 ἀλλ’

395 4215 432 4266 ὀ
467 4209 588 4281 μὲν,
619 4189 708 4262 ἵνα
743 4205 987 4279 ζηλώσῃ,
1021 4206 1049 4259 ὁ
1073 4205 1130 4259 δὲ
1155 4205 1244 4259 ἴνα
1283 4205 1478 4277 καιροῦ
1509 4203 1823 4269 καλοῦντος,
1853 4204 1994 4258 ὀνει-

388 4299 657 4364 διστικῶς
687 4299 862 4354 ταῦτα
887 4297 1254 4370 θριαμϐεύση,
1280 4297 1375 4351 καὶ
1406 4295 1499 4350 τὸν
1528 4294 1624 4366 τοῦ
1656 4295 1792 4350 Θεοῦ
1825 4295 1994 4368 ἔργά-

393 4411 504 4465 την
547 4392 646 4463 τῆς
703 4391 878 4462 καλῆς
913 4390 1178 4462 ἐργασίας
1220 4388 1490 4461 ἀνακόψῃ.
1523 4388 1616 4460 Μὴ
1675 4388 1828 4456 γίνου
1867 4387 1991 4442 ἄλο-

2083 3305 2396 3362 tubernium
2425 3303 2806 3374 religiosorum
2841 3300 3071 3356 fratrum
3102 3295 3204 3352 sub
3246 3309 3345 3350 sua
3374 3308 3505 3349 cura
3537 3307 3673 3347 con-

2085 3399 2394 3471 quiescere,
2439 3397 2495 3452 in
2525 3395 2710 3451 animo
2767 3406 2868 3449 suo
2897 3392 2998 3448 sibi
3023 3387 3355 3446 blandiendo
3389 3383 3674 3456 glorietur,

2087 3493 2258 3548 latent
2313 3491 2747 3560 circumquaque
2807 3486 3085 3542 latronum
3120 3490 3176 3538 et
3229 3476 3675 3536 furuminsidiae.

2091 3586 2198 3646 Sed
2251 3585 2472 3642 assidue
2528 3580 2848 3639 memineris
2901 3577 3051 3650 quod
3103 3575 3362 3632 Christus
3416 3571 3676 3628 monuit:

2089 3679 2226 3737 Cum
2257 3680 2436 3734 omnia
2467 3677 2718 3748 feceritis,
2742 3690 2861 3746 qua:
2887 3680 3151 3743 praecepta
3176 3678 3298 3725 sunt
3329 3667 3472 3722 vobis
3497 3666 3678 3730 dicite,

2091 3776 2218 3847 quia
2246 3773 2380 3828 serui
2409 3771 2625 3826 inutiles
2658 3783 2863 3835 sumus,
2901 3765 3040 3836 quod
3061 3763 3340 3818 debuimus
3370 3759 3563 3847 facere,
3601 3757 3682 3826 fe-

2092 3846 2260 3917 cimus
2285 3863 2352 3914 '7.
2388 3858 2662 3916 Iudicium
2693 3873 2822 3912 vero
2848 3856 2916 3911 de
2939 3853 3220 3909 laboribus
3257 3849 3462 3904 nostris
3504 3846 3684 3901 fcren-

2093 3955 2223 4012 dum
2263 3954 2316 4008 in
2346 3959 2522 4008 morte
2559 3949 2718 4005 nobis
2752 3949 3075 4003 innotescct.
3111 3940 3438 3997 Cmnobium
3470 3946 3552 3993 est
3583 3951 3682 3990 ve-

2098 4049 2177 4102 lnt
2211 4053 2472 4102 terrestre
2497 4042 2719 4107 caelum,
2747 4037 2974 4110 proinde
3016 4033 3255 4116 par.'77
3289 4039 3396 4094 est,
3430 4037 3490 4084 ut
3519 4044 3684 4098 angn-

2097 4141 2176 4196 los
2204 4137 2438 4192 Domino
2470 4134 2846 4190 ministrantes
2877 4143 3043 4186 sensu
3095 4125 3291 4180 aﬁ‘ectu
3322 4122 3600 4176 imitemur
3629 4129 3686 4174 et

2097 4229 2490 4300 exprimamus.
2513 4225 2611 4281 Est
2638 4237 2763 4280 cum
2795 4220 2849 4276 in
2873 4221 2978 4275 hoc
3006 4216 3244 4273 terrestri
3279 4213 3420 4270 caelo
3454 4226 3685 4267 versan-

2097 4335 2178 4379 tes
2206 4331 2317 4376 tam
2355 4319 2487 4377 sicci
2513 4327 2568 4375 et
2590 4315 2729 4373 aridi
2756 4313 3080 4378 redduntur,
3117 4316 3176 4363 ut
3209 4308 3263 4362 in
3290 4304 3498 4376 lapides
3539 4301 3684 4357 versi

2102 4418 2386 4474 videantur
2419 4432 2434 4469 :
2471 4421 2555 4469 est
2593 4426 2716 4469 cum
2744 4410 2905 4465 iidem
2929 4419 3148 4460 rursum
3175 4417 3272 4473 per
3295 4397 3479 4456 afflicti
3502 4395 3688 4453 cordis

396 4503 502 4559 γος
531 4484 645 4558 (69)
685 4483 1046 4554 σιωπητικὸς,
1093 4482 1301 4554 ἑτέροις
1329 4480 1578 4552 ταραχὴν
1625 4479 1722 4533 καὶ
1768 4477 1979 4550 πικρίαπ

2100 4511 2350 4567 dolorem
2404 4505 2618 4562 cmlesti
2646 4501 3024 4559 consolatione
3044 4503 3384 4555 recreantur.
3427 4497 3487 4544 ut
3517 4498 3570 4544 et
3593 4504 3688 4543 su-

399 4576 707 4650 προξενῶν,
766 4575 904 4648 μηδὲ
951 4573 1156 4647 νωθρδς
1207 4571 1284 4644 τῷ
1333 4572 1453 4644 ἤθει
1512 4570 1608 4626 καὶ
1655 4569 1735 4640 τῷ
1783 4569 1991 4641 βήματι

402 4697 733 4764 σπουδάζειν
759 4695 1206 4768 ιἰἰτιτριιπόμενος⁸
1234 4695 1282 4747 εί
1308 4693 1364 4747 δὲ
1395 4692 1494 4763 μὴ,
1522 4691 1630 4745 τῶν
1654 4689 2002 4761 μαινομένων

402 4795 505 4850 καὶ
533 4792 868 4864 ταραχωδῶν
891 4792 1092 4863 χείρων
1136 4787 1505 4856 καθέστηκας.
1544 4783 1800 4857 Ἑώρακα
1825 4783 2005 4838 τοιαῦ-

403 4906 499 4952 τα,
535 4885 720 4951 καθώς
771 4903 938 4959 φησιν
989 4885 1019 4938 ὁ
1064 4881 1187 4936 ’1ὼὸ
1213 4921 1228 4946 ,
1289 4879 1548 4943 πολλάκις
1603 4875 1768 4949 ἧθους
1801 4875 2004 4948 νωθρό-

409 4999 561 5057 τητι,
597 4981 715 5036 ἔστι
747 4981 792 5035 δ’
822 4981 912 5034 ὅτε
951 4977 1046 5033 καὶ
1078 4974 1478 5046 ἐπιτηδειότητι
1506 4971 1686 5043 ψυχὰς
1726 4969 2006 5041 ὀδυνηθεί-

411 5091 536 5140 σας·
572 5074 668 5130 καὶ
703 5072 998 5144 ἐθαύμασα
1036 5068 1154 5132 πῶς
1192 5064 1413 5136 ποικίλη
1441 5065 1474 5134 ἡ
1505 5063 1694 5117 κακία.
1742 5064 1800 5115 Ὀ
1841 5063 1900 5116 ἐν
1928 5061 2006 5133 τῷ

415 5168 594 5241 μέσῳ,
645 5167 706 5221 οὐ
753 5164 1006 5219 τοσοῦτον
1038 5165 1104 5217 ὲκ
1131 5162 1230 5231 τῆς
1258 5158 1599 5231 ψαλμῳδίας,
1631 5158 1754 5210 ὅσον
1799 5156 1865 5209 ὲκ
1907 5155 2007 5225 τῆς

415 5262 583 5333 εὐχῆς
610 5257 917 5332 κερδαίνειν
955 5255 1197 5319 δύναταιο
1231 5255 1265 5324 ἠ
1302 5251 1413 5324 γὰρ
1453 5250 1737 5321 σύγχυσις,
1786 5247 2005 5319 ψαλμοῦ

415 5353 681 5418 διάλυσις.
707 5351 917 5408 Πάλαιε
945 5349 1123 5419 ἐννοίᾳ
1156 5345 1536 5411 ἀδιαλείπτως,
1567 5343 1771 5413 ταύτην
1804 5340 2006 5412 ῥεμϐο-

2101 4603 2329 4674 perbutn
2359 4599 2530 4656 animi
2560 4612 2782 4655 sensum
2814 4593 3097 4664 effugiant,
3120 4600 3174 4646 et
3204 4603 3300 4659 per
3319 4586 3690 4656 lacrymarum

2102 4695 2317 4766 copiam
2350 4691 2685 4748 reﬁciantur.
2733 4685 2969 4742 Parvula
3007 4681 3230 4737 ﬂamma
3289 4676 3515 4733 multam
3551 4687 3694 4728 certe

2102 4763 2212 4844 vim
2238 4785 2446 4842 emollit
2475 4793 2530 4838 et
2551 4779 2832 4852 liquefacit
2866 4797 2878 4832 :
2908 4785 2960 4832 et
2977 4775 3174 4844 exigua
3202 4784 3347 4841 saepe
3364 4763 3692 4824 contumelia

2104 4890 2158 4938 et
2184 4877 2487 4952 ignominia
2516 4883 2711 4946 praeter
2741 4869 3204 4942 exspectationem
3257 4863 3430 4927 illata,
3474 4871 3694 4914 omnem

2105 4950 2286 5032 cordis
2327 4972 2594 5029 feritatem
2624 4976 2677 5022 et
2705 4977 2984 5035 Stuporetn
3036 4959 3472 5024 obduratumque
3491 4950 3694 5006 callum

2107 5079 2329 5141 repente
2355 5066 2591 5136 mitigat,
2645 5059 2918 5117 demulcet
2956 5066 3009 5112 et
3053 5050 3372 5120 exstinguit.
3415 5045 3537 5102 Fuit
3565 5057 3691 5098 cum

2106 5167 2244 5222 duos
2275 5162 2491 5233 aliquos
2521 5157 2762 5210 viderem
2796 5152 3030 5208 aliorum
3069 5145 3440 5218 agonistarum
3474 5145 3698 5192 sancto—

2106 5273 2230 5314 rum
2286 5232 2502 5310 labores
2548 5257 2603 5306 ct
2654 5246 2891 5320 gemitus
2920 5258 2986 5298 ex
3021 5239 3239 5296 occulto
3288 5232 3618 5289 arbitrantes
3643 5233 3698 5320 et

2109 5348 2450 5406 attendentes
2488 5361 2503 5398 :
2532 5319 2694 5412 atque
2750 5337 2888 5394 alter
2917 5333 3140 5406 quidem
3168 5329 3314 5384 bona
3343 5332 3527 5381 mente
3569 5319 3696 5375 imi-

420 5446 593 5518 μένην
628 5443 977 5513 ὲπισυνάγων
1007 5441 1148 5512 πρὸς
1179 5438 1391 5494 ἑαυτόν.
1427 5437 1501 5490 Οὐ
1533 5436 1644 5507 γὰρ
1665 5434 1979 5504 ἀρέμδαστο

2110 5442 2260 5502 tandi
2298 5439 2480 5497 studio
2509 5437 2562 5492 id
2592 5433 2902 5498 factitabat;
2939 5429 3074 5482 alter
3099 5438 3230 5479 vero
3272 5419 3352 5476 uti
3386 5419 3514 5518 data
3538 5429 3700 5518 occa-

416 5508 447 5595 ό
471 5508 602 5604 Osi);
632 5540 759 5602 τοὺς
781 5508 1068 5609 ὑπηκόους.
1086 5534 1312 5588 ἀπαιτεῖ
1337 5530 1669 5601 προσευχήν·
1703 5527 1777 5598 μὴ
1808 5527 1979 5598 ἀθύμε

2114 5538 2268 5596 sione
2297 5542 2623 5605 generosum
2653 5523 2860 5582 Christi
2889 5520 3147 5576 athletam
3173 5512 3391 5586 publice
3421 5508 3698 5566 irriderrt.

419 5634 811 5706 κλεπτόμενος
839 5633 955 5686 ἀλλ’
984 5629 1211 5698 ἀθύμει,
1241 5627 1332 5679 τὸν
1356 5623 1481 5678 νοῦν
1509 5623 1595 5678 ἀεὶ
1615 5620 1906 5677 ἀνακαλού
1916 5637 2014 5691 με-

493 5818 543 5854 ⁸⁷
568 5816 704 5873 Luc.
730 5830 868 5881 xvn,
903 5815 984 5867 l0.

749 5913 1020 5977 PATROL.
1065 5910 1181 5971 GR.
1219 5897 1587 5968 LXXXVIII.

2123 5599 2454 5691 traduceret,
2494 5631 2550 5681 et
2588 5637 2619 5678 a
2650 5619 2912 5692 praeclaro
2940 5609 3167 5683 pietatis
3214 5604 3398 5662 studio
3421 5599 3699 5656 avellerer.

3250 5867 3326 5932 23
