4110 6484
411 328 522 392 715
1686 325 1745 382 S.
1787 320 2108 384 JOANNlS
2146 316 2458 378 CLUIACI
3603 315 3712 378 715

415 446 562 499 Cave
621 459 689 497 ne
749 455 970 496 moroso
1021 450 1075 495 et
1128 440 1440 508 impnrtuno
1493 436 1710 492 sdentio
1744 447 1840 491 tuo
1867 437 2010 491 alios

2136 451 2225 496 νος.
2263 431 2324 485 '0
2354 431 2469 503 (71)
2504 429 2786 490 πεπεικὼς
2808 428 2998 482 ἑαυτὸν
3021 427 3344 499 λεληθότως,
3384 428 3459 500 μὴ
3486 428 3582 483 τοῦ
3608 448 3717 482 πῖ.-

417 537 705 609 pcrturbes
730 546 783 590 et
817 548 1109 603 exaspercs
1144 530 1372 598 :jussus
1417 528 1747 593 accelerare,
1782 543 1913 583 cave
1943 544 2008 585 ne

2136 526 2421 594 ιαίσματος
2457 523 2762 593 ἀναχωρεῖν
2794 521 2954 592 ἄχρις
3001 521 3241 590 ὑστάτης
3271 521 3585 590 ἀναπνοῆς,
3620 523 3717 576 καὶ

416 630 656 700 segniter
704 637 758 682 et
789 626 991 680 lentius
1031 624 1260 695 agendo,
1316 622 1399 678 vel
1453 621 1666 677 tardius
1702 621 2008 677 incedendo

2140 618 2232 687 7i)
2262 618 2451 689 χιλίων
2482 615 2755 679 θανάτων,
2806 614 2902 668 καὶ
2951 613 3223 683 σώματος,
3272 612 3368 666 καὶ
3408 612 3590 685 ψυχῆς
3640 615 3719 688 μὴ

415 720 715 786 cuncteris,
768 718 973 787 alioqui
1024 714 1246 770 furiosis
1283 723 1338 770 et
1386 713 1715 769 turbulentis
1764 712 2006 770 deterior

2136 710 2446 781 inoxmpsi'v,
2472 709 2532 763 ὲν
2554 709 2731 763 οὐδενὶ
2769 708 2970 781 ῥᾳδίως
2996 708 3110 762 τῶν
3139 708 3401 763 τοιούτων
3442 711 3715 763 miretur

414 812 533 867 eris
588 810 710 867 Vidi
751 806 1044 881 ejusmodi,
1090 806 1556 878 quemadmodum
1585 805 1760 862 Jobus
1781 809 1859 861 ait
1896 806 2007 877 (α).

2140 802 2229 872 75)
2260 801 2561 873 δισταγμδς
2581 802 2692 874 γὰρ
2711 801 2963 872 καρδίας,
2992 802 3089 856 καὶ
3120 800 3350 857 ἀπιστία
3377 801 3583 865 τόπων,
3621 802 3722 866 τὰς

418 920 564 975 saepe
592 901 812 974 quidem
869 898 1126 955 simulata
1178 913 1397 953 morum
1430 896 1715 969 gravitate,
1764 895 2012 967 quando.

2136 894 2413 965 τροκόψεις
2449 895 2538 948 ἀεὶ
2580 895 2679 949 καὶ
2714 895 2816 959 τὰς
2859 894 3150 966 συμφορὰς
3212 896 3389 948 ποιεῖν
3450 894 3718 962 πέφυκεν.

417 1012 525 1066 que
553 1009 682 1050 vero
705 994 894 1049 dextra
927 991 1166 1062 quadam
1199 989 1469 1047 facilitate
1494 997 1686 1060 captos
1716 988 2005 1044 hominum

2136 987 2182 1039 η
2222 988 2472 1059 εὐχερεῖς
2513 988 2653 1058 πρὸς
2690 988 2994 1058 μετάόασιν
3038 988 3215 1057 πάντη
3253 987 3525 1058 ἀδόκιμοι·
3561 987 3719 1041 οὐδὲν

416 1088 656 1150 aninms,
683 1095 738 1140 et
757 1084 1059 1140 demiratus
1106 1096 1230 1139 sum
1265 1090 1474 1138 tantam
1507 1081 1563 1135 in
1591 1080 1799 1136 malitia
1829 1080 2011 1136 varie-

2136 1079 2226 1151 (t’zp
2253 1080 2429 1145 οὕτως
2462 1080 2561 1152 τὴν
2591 1081 2895 1153 ἀκαρπίαν,
2926 1081 3002 1144 ὡς
3030 1081 3447 1152 ἁνυπομονησία
3475 1081 3713 1152 ἐργάζε-

415 1190 608 1235 tatem.
640 1174 746 1245 Qui
784 1175 929 1231 inter
979 1174 1218 1230 fratrum
1254 1181 1434 1231 cmtus
1460 1182 1735 1239 versatur,
1760 1186 1867 1226 non
1895 1179 2014 1225 tan-

2136 1189 2228 1226 ται.
2284 1173 2347 1226 El
2396 1172 2497 1243 μὲν
2541 1175 2600 1226 ὲν
2647 1173 2760 1245 (74)
2806 1172 3071 1244 ἀγνώστῳ
3137 1172 3307 1243 ίατρῷ
3354 1173 3449 1226 καὶ
3496 1172 3722 1244 ἰατρείῳ

415 1278 534 1323 tum
549 1283 615 1324 ex
638 1266 976 1338 psalmorum
1000 1274 1186 1329 cantu,
1219 1272 1487 1335 quantum
1512 1277 1578 1320 ex
1606 1263 1858 1333 precibus
1887 1277 2012 1332 pro-

2136 1265 2497 1335 ιατὴντησας,
2543 1264 2697 1333 γίνου
2741 1264 2819 1329 ὠς
2861 1263 3100 1336 παριὼν,
3136 1265 3232 1318 καὶ
3271 1264 3577 1336 λεληθότως
3620 1265 3723 1337 τὴν

415 1360 571 1417 ﬁcit:
610 1374 810 1417 vocum
840 1358 987 1414 enim
1039 1356 1296 1413 confusio
1342 1356 1684 1427 psalmorum
1727 1354 2016 1412 confundit

2136 1355 2381 1409 ὶπάντων
2409 1358 2607 1427 πεῖραν
2635 1355 2747 1409 τῶν
2769 1356 2963 1410 αὐτόθι
2987 1356 3303 1427 λαμϐάνων.
3344 1356 3515 1410 Ἐπὰν
3536 1355 3595 1410 δὲ
3625 1355 3723 1409 καὶ

417 1453 778 1508 intellectura.
830 1450 1107 1520 Quantum
1152 1459 1307 1522 potes
1351 1449 1471 1506 sine
1522 1449 1830 1506 cessatione
1883 1461 2017 1501 con-

2136 1462 2186 1500 ικ
2208 1445 2317 1499 τῶν
2347 1447 2611 1517 τεχνιτῶν
2640 1448 2734 1501 καὶ
2758 1448 3052 1519 ὑπουργῶν
3078 1448 3348 1518 ὠφελείας
3362 1450 3427 1503 ἐν
3451 1450 3575 1512 ταῖς
3599 1450 3722 1512 σαῖς

422 1540 587 1597 tende
636 1541 844 1606 animo,
880 1550 940 1595 ut
990 1546 1229 1596 mentem
1265 1536 1644 1609 vagabundam
1679 1551 1935 1593 coerceas
1960 1544 2017 1592 et

2136 1537 2301 1601 niam;
2329 1536 2587 1610 αἰσθάνῃ,
2615 1537 2711 1591 καὶ
2746 1536 2983 1609 μάλιστα
3019 1539 3078 1590 ὲν
3101 1539 3168 1608 τῇ
3207 1535 3444 1605 ὀγκώσει
3476 1536 3580 1606 τῆς
3612 1536 3723 1606 ψυ-

418 1634 486 1689 ad
512 1648 573 1688 se
600 1633 912 1704 recolligas.
947 1632 1060 1703 78
1087 1631 1357 1687 Caeterum
1395 1628 1541 1686 Deus
1604 1628 1675 1684 ab
1729 1630 2017 1700 discipulis

2136 1630 2224 1702 (ἧς
2275 1630 2337 1683 τὺ
2385 1628 2742 1701 ζητούμενον,
2785 1628 2907 1683 τότε
2949 1631 3046 1685 καὶ
3078 1628 3346 1701 πρόσελθε
3375 1627 3582 1693 λοιπὸν,
3628 1628 3724 1682 καὶ

417 1726 748 1782 obedientiae
800 1740 911 1782 non
975 1735 1085 1781 tam
1139 1731 1374 1780 attentas
1432 1722 1575 1778 etab
1608 1722 1758 1778 omni
1789 1737 2015 1778 exerra-

2136 1722 2442 1794 τιιπράσκου
2468 1721 2678 1793 χρυσίῳ
2697 1721 3104 1789 ταπεινώσεως,
3126 1722 3221 1775 καὶ
3243 1720 3420 1793 χάρτῃ
3447 1721 3721 1791 ὑπακοῆς,

418 1817 570 1872 tione
608 1817 915 1873 abstractas
946 1831 1136 1888 preces
1192 1814 1451 1885 reposcit.
1498 1813 1737 1870 Proinde
1787 1830 1899 1870 non
1931 1824 2015 1871 est

2136 1816 2215 1869 tati
2237 1792 2541 1886 γράμμασι
2571 1792 2872 1879 διακονίας,
2898 1816 2994 1869 καὶ
3030 1815 3302 1887 μάρτυσιν
3338 1792 3595 1884 ἀγγέλοις
3639 1814 3723 1868 δι-

419 1911 564 1979 quod
595 1911 875 1982 desperes,
900 1925 1024 1966 cum
1050 1909 1147 1966 tibi
1171 1924 1330 1963 mens
1356 1908 1487 1976 alio,
1519 1908 1679 1979 quasi
1708 1906 1853 1963 furto
1876 1907 2011 1965 sub-

2136 1909 2413 1980 ιρῤήστων
2444 1907 2542 1962 ἐπὶ
2572 1907 2779 1962 τούτων
2807 1906 3103 1981 διάρρηξον
3132 1906 3225 1960 τὸν
3268 1905 3364 1960 τοῦ
3396 1907 3599 1960 οἰκείου
3631 1904 3724 1958 θε-

417 2002 671 2072 ducitur;
703 2001 798 2058 sed
842 2002 982 2058 habe
1007 2002 1215 2059 bonum
1251 2000 1518 2066 animum,
1551 2000 1831 2071 dispersas
1858 2000 2015 2056 iden-

2136 1999 2368 2072 λήματος
2402 2001 2634 2073 χάρτην·
2672 1999 2906 2075 περιιὼν
2932 2000 3042 2072 γὰρ
3074 2000 3407 2071 ἀνατρέπειν
3446 1999 3546 2071 τὴν
3577 1998 3726 2068 ὠνὴν

419 2094 586 2148 tidem
617 2094 975 2164 cogitationes
1035 2092 1102 2151 ad
1129 2100 1367 2148 mentem
1394 2092 1722 2147 revocando.
1776 2091 1890 2149 Soli
1915 2107 2015 2147 an-

2136 2092 2400 2163 πέφυκας,
2456 2089 2491 2167 ᾖ
2538 2110 2599 2148 σε
2637 2093 2823 2147 λοιπὸν
2859 2092 3097 2165 Χριστὸς
3143 2090 3472 2165 ἐξωνήσατο.
3513 2090 3724 2163 Μνῆμά

418 2186 523 2259 geli
551 2201 771 2258 semper
800 2186 905 2242 sibi
922 2192 1226 2259 praesentes
1263 2190 1414 2239 sunt.
1444 2181 1549 2251 Qui
1583 2182 1728 2254 apud
1762 2184 2011 2239 animum

2136 2201 2211 2239 τοι
2243 2186 2351 2258 πρὸ
2380 2188 2665 2258 μνήματος
2692 2189 2721 2240 6
2743 2185 2908 2250 τόπος
2929 2185 3091 2240 ἔστω.
3117 2184 3303 2249 Οὐδεὶς
3326 2184 3433 2256 γὰρ
3459 2182 3568 2238 ἀπὸ
3592 2183 3723 2254 μνῆ·

419 2293 582 2333 suum
623 2277 901 2333 decretum
947 2276 1131 2338 habet,
1164 2289 1225 2331 se
1265 2290 1445 2345 usque
1471 2275 1538 2329 ad
1572 2283 1879 2331 extremum
1908 2276 2019 2346 spi-

2136 2296 2300 2352 ματος
2331 2279 2617 2351 ἐξέρχεται
2648 2279 2779 2352 ἄχρι
2816 2280 2920 2350 τῆς
2950 2280 3139 2351 κοινῆς
3176 2279 3554 2342 ἀναστάσεωςο
3581 2277 3628 2329 εί
3663 2275 3725 2330 δὲ

419 2369 585 2423 ritum
606 2370 727 2440 (pro
754 2368 928 2424 salute
945 2367 1067 2438 sua)
1092 2368 1523 2437 decertaturum,
1552 2375 1606 2423 et
1640 2366 1787 2423 mille
1812 2378 2020 2426 mortes

2136 2375 2222 2429 καί
2248 2392 2394 2440 τινες
2428 2375 2677 2448 ἐξῆλθον,
2717 2377 2820 2447 ὅρα
2867 2375 2950 2429 ὅτι
2986 2374 3097 2445 (76)
3133 2373 3404 2429 ἀπέθανον
3430 2391 3443 2404 ·
3478 2374 3616 2445 ὅπερ
3645 2371 3726 2444 μὴ

424 2475 555 2514 cum
595 2459 847 2533 corporis
914 2467 1028 2514 tum
1085 2458 1258 2513 animi
1338 2473 1445 2513 non
1504 2456 2019 2528 subterfugiturnm,

2136 2466 2323 2520 παθεῖν
2354 2468 2526 2538 ἡμᾶς,
2560 2466 2653 2521 τὸν
2680 2465 2887 2538 Κύριον
2916 2465 3349 2539 δυσωπήσωμεν.

423 2571 535 2611 non
562 2555 724 2611 facile
756 2556 810 2611 in
838 2555 1062 2626 aliquod
1107 2570 1171 2608 ex
1237 2553 1558 2610 memoratis
1605 2568 1772 2625 supra
1834 2553 2046 2612 delictis
2095 2560 2359 2618 incurret.
2418 2562 2600 2617 Animi
2665 2562 3031 2619 inconstantia
3075 2569 3131 2616 et
3177 2560 3424 2617 locorum
3484 2557 3720 2613 mutatio

421 2662 636 2718 semper
656 2645 991 2717 cjuscemodi
1045 2642 1378 2700 oll'ensiones
1402 2652 1614 2710 creant,
1648 2652 1699 2699 et
1730 2644 2095 2706 calamitates.
2129 2652 2233 2720 Qui
2256 2669 2327 2709 ex
2374 2653 2494 2709 loco
2548 2653 2598 2709 in
2664 2652 2867 2719 locum,
2916 2667 2948 2709 e
3000 2652 3255 2710 coenobio
3292 2651 3347 2706 in
3404 2652 3721 2707 ccenohiuut

420 2738 583 2794 facile
611 2738 943 2810 demigrant,
985 2751 1156 2811 prope
1210 2734 1445 2793 infames
1476 2736 1631 2813 fiunt.
1673 2733 1820 2791 Nihil
1859 2738 2005 2793 enim
2049 2740 2189 2799 adeo
2238 2745 2381 2816 parit
2430 2745 2657 2817 spiritus
2713 2746 3092 2812 sterilitatem,
3142 2760 3307 2815 quam
3371 2743 3713 2814 impatientia

423 2835 505 2908 (in
552 2831 744 2887 eodem
805 2845 1000 2904 nempe
1065 2831 1188 2886 loco
1241 2830 1639 2901 subsistendi).
1692 2829 1925 2899 Quando
1965 2833 2033 2888 ad
2071 2835 2315 2907 ignotum
2372 2838 2473 2894 tibi
2539 2837 3074 2910 pharmacopolium,
3120 2837 3480 2908 ignotumque
3549 2835 3725 2890 medi-

420 2940 551 2982 cum
585 2923 865 2993 incidisti,
905 2933 1167 2995 tanquam
1219 2925 1583 2981 transiturum
1630 2927 1855 2996 hospes,
1926 2930 2170 2986 omnium
2220 2946 2404 2988 mores
2456 2932 2549 3002 qui
2596 2932 2671 2987 ibi
2722 2938 3037 2997 versantur,
3098 2930 3343 3000 explora.
3416 2927 3523 2983 Ubi
3583 2942 3713 2981 vero

423 3036 489 3075 ex
523 3019 829 3077 artificibus
863 3031 919 3075 et
956 3019 1227 3076 ministris
1265 3034 1366 3090 pro
1411 3020 1621 3077 morbis
1672 3023 1781 3077 tuis
1854 3022 2040 3080 utilem
2091 3026 2420 3083 medicinam
2488 3028 2844 3098 persentiscis
2916 3023 3345 3101 [perseuseris],
3405 3022 3710 3096 prarsertim

426 3128 592 3182 quam
638 3110 928 3183 quaerebas
973 3110 1241 3167 adversus
1293 3110 1462 3167 animi
1536 3112 1828 3168 elationem
1869 3124 1923 3170 et
1970 3115 2225 3184 fastum;
2285 3126 2400 3173 tum
2460 3132 2588 3173 vero
2639 3119 2860 3185 accede,
2932 3128 2987 3174 et
3046 3130 3188 3173 auro
3242 3114 3596 3173 demissionis
3663 3120 3718 3166 et

426 3211 796 3281 chiragraplio
843 3208 1167 3266 obedientia‘.
1187 3216 1241 3265 et
1301 3208 1501 3265 tabulis
1556 3209 1870 3275 ministerii,
1927 3222 1983 3269 et
2020 3214 2228 3286 angelis
2258 3214 2488 3271 testibus
2519 3215 2693 3271 vende
2721 3214 2975 3289 teipsum,
3019 3223 3075 3269 et
3107 3214 3536 3268 instrumentum
3584 3225 3711 3282 pro-

424 3303 530 3375 prii
561 3301 777 3357 arbitrii
825 3310 878 3357 et
911 3300 1209 3356 voluntatis
1240 3315 1340 3371 pro
1368 3300 1454 3357 his
1480 3301 1659 3357 lacera
1683 3311 1736 3357 et
1761 3318 2050 3377 concerpc.
2105 3306 2607 3364 Circumcursando
2656 3321 2811 3363 vero.
2856 3315 2909 3362 et
2990 3319 3262 3378 nusquam
3342 3300 3717 3369 subsistendo,

426 3395 667 3465 pretium
696 3408 808 3463 quo
841 3402 893 3449 te
924 3391 1179 3449 Christus
1226 3392 1478 3459 redemit,
1515 3394 1821 3463 perdidisti.
1851 3396 2169 3455 Claustrum
2220 3400 2460 3457 coenobii
2517 3400 2591 3457 sit
2617 3414 2716 3469 pro
2761 3407 3122 3455 monumento
3183 3396 3445 3468 sepulcri,
3502 3411 3569 3451 ex
3601 3411 3710 3466 quo

430 3504 593 3543 nemo
618 3494 746 3543 ante
783 3495 1089 3547 extremum
1134 3486 1407 3557 judicium
1467 3489 1836 3559 progreditur.
1886 3490 2034 3558 Quod

2188 3496 2285 3567 qui
2312 3496 2521 3567 egressi
2557 3505 2706 3565 sunt,
2753 3494 2877 3552 illos
2926 3495 3158 3567 periisse
3224 3506 3580 3564 recognosce.
3611 3490 3721 3562 79

430 3583 589 3653 Quod
628 3590 688 3638 ut
735 3582 896 3637 nobis
944 3597 1056 3638 non
1110 3596 1216 3637 usu
1256 3581 1481 3650 veniat,
1512 3581 1780 3641 Dominus
1804 3588 2120 3645 exorandus
2148 3599 2251 3647 est.

503 3676 690 3747 lgnavi
725 3675 964 3746 religiosi
1017 3675 1112 3732 ubi
1162 3674 1269 3731 sibi
1315 3674 1448 3746 quid
1494 3676 1715 3747 gravius
1762 3677 2021 3749 imperari

2201 3682 2331 3740 Ὅτε
2364 3682 2465 3753 μὲν
2497 3680 2611 3753 (77)
2647 3680 2925 3738 αῖσθονται
2958 3679 3132 3753 βαρέα
3170 3680 3240 3735 τὰ
3262 3679 3615 3751 ἐπιτάγματα
3641 3674 3720 3733 εί-

433 3769 698 3833 sentiunt,
731 3776 1037 3838 praetexunt
1064 3776 1197 3823 tunc
1234 3767 1339 3823 sibi
1381 3768 1715 3838 precandum
1749 3784 1889 3828 esse.
1926 3769 2028 3827 Ubi

2136 3791 2217 3830 ναι
2243 3780 2294 3828 οί
2319 3774 2691 3847 ὀκνηρότεροι,
2722 3773 2844 3827 τότε
2870 3773 2967 3845 τὴν
2999 3773 3310 3845 προσευχὴν
3345 3772 3547 3842 μᾶλλον
3592 3786 3723 3843 προ-

432 3865 660 3931 leviora,
700 3870 818 3917 tum
849 3861 918 3916 ab
950 3859 1136 3916 studio
1182 3859 1437 3929 precandi
1468 3859 1615 3916 velut
1656 3861 1727 3917 ab
1774 3862 2029 3919 incendio

2136 3868 2337 3941 κρίνειν
2365 3865 2772 3938 ἐπιχειροῦσινο
2800 3866 2891 3920 ὅτε
2935 3866 2993 3919 δὲ
3044 3866 3370 3936 κουφότερα,
3408 3865 3473 3918 ὲκ
3519 3864 3720 3934 ταύτης

432 3954 736 4025 refugiunt.
772 3951 871 4009 Est
907 3951 1002 4023 qui
1041 3957 1358 4027 susceptum
1390 3950 1685 4008 ministerii
1725 3968 1927 4010 munus
1972 3954 2027 4011 in

2136 3959 2207 4024 ὡς
2256 3958 2365 4013 ἀπὸ
2410 3957 2584 4030 πυρὸς
2613 3957 3043 4028 ἀποφεύγουσιν.
3101 3956 3293 4011 Ἔστιν
3349 3959 3378 4010 6
3415 3957 3722 4029 ἐγχείρημα

434 4045 666 4102 alterius
694 4045 930 4116 gratiam
966 4050 1191 4115 rogatus
1230 4042 1485 4109 dimittit;
1530 4053 1616 4100 est
1651 4045 1746 4115 qui
1772 4046 1915 4102 idem
1948 4046 2030 4104 fa-

434 4139 508 4193 cit
539 4151 606 4193 ex
637 4136 867 4204 inertia;
910 4143 996 4191 est
1029 4134 1124 4205 qui
1151 4150 1305 4190 vanae
1330 4135 1574 4207 gloriolae
1602 4141 1884 4207 captandae
1913 4149 2031 4195 stu-~

435 4231 528 4285 dio
561 4228 824 4297 dimittit;
858 4236 942 4284 est
973 4228 1066 4299 qui
1099 4227 1240 4283 ultro
1276 4237 1471 4299 sponte
1519 4230 1687 4286 animi
1736 4230 1881 4289 cedit
1909 4232 2029 4287 oni-

436 4325 544 4379 cio.
607 4320 767 4389 Quod
816 4321 863 4376 si
924 4321 979 4377 in
1032 4322 1269 4392 aliquem
1323 4320 1640 4395 religiosum
1697 4334 2029 4381 conventum

437 4414 696 4483 abreptus
722 4426 805 4476 es,
832 4420 887 4468 et
913 4409 1304 4469 animadvertis
1325 4412 1478 4468 illum
1503 4413 1805 4473 luminibus
1835 4417 2072 4499 animat

436 4516 548 4561 tua:
581 4502 816 4574 allicere,
849 4518 919 4560 ne
956 4504 1145 4560 dubita
1178 4506 1248 4561 ab
1271 4506 1373 4563 illo
1403 4516 1455 4563 te
1481 4508 1768 4581 seiungere
1798 4530 1810 4565 :
1839 4528 2031 4582 quam.

437 4594 524 4650 vis
548 4592 756 4664 probus
784 4592 988 4662 ubique
1015 4593 1222 4662 probus
1248 4603 1334 4651 est
1361 4611 1375 4650 :
1417 4596 1494 4652 uti
1529 4609 1719 4655 contra
1746 4600 2031 4670 improbus

440 4699 717 4755 nusquam
748 4683 974 4755 probus.
1024 4684 1327 4744 Calumniae
1355 4688 1411 4744 in
1466 4690 1630 4747 rebus
1663 4692 1899 4763 publicis
1946 4708 2033 4748 se-

441 4777 724 4832 cessiones
756 4774 999 4844 pariunt.
1037 4773 1093 4830 ln
1141 4776 1408 4849 religione
1446 4779 1572 4848 gula
1604 4780 1858 4837 virtutem
1913 4795 2032 4835 om-

440 4884 566 4925 nem
613 4866 879 4939 prolligat,
910 4875 966 4923 et
1004 4867 1282 4940 religionis
1313 4878 1689 4942 contemptum
1738 4872 1914 4930 affert.
1973 4854 2032 4928 Si

441 4961 587 5015 hanc
622 4958 881 5017 vitiorum
923 4958 1168 5029 reginam
1206 4959 1495 5029 deviceris,
1532 4961 1736 5032 ubique
1781 4962 2030 5017 locorum

443 5050 738 5124 tranquilla
767 5050 935 5130 animi
965 5066 1097 5121 pace
1135 5050 1418 5122 perfruare
1450 5074 1464 5107 ;
1502 5054 1572 5108 ab
1619 5054 1809 5110 eadem
1838 5053 2033 5122 victus,

442 5145 513 5201 ad
548 5154 782 5200 mortem
835 5158 1007 5214 usque
1040 5158 1255 5215 semper
1306 5144 1374 5199 de
1409 5144 1587 5200 salute
1635 5144 2035 5215 periclitabere.

442 5236 708 5295 Dominus
736 5235 1159 5307 obsequentium
1208 5234 1398 5291 oculos
1426 5236 1642 5292 exacuit
1693 5237 1762 5292 ad
1806 5237 2035 5294 virtutes

442 5328 686 5401 religiosi
719 5327 967 5400 praesidis
1002 5326 1470 5397 contemplandas,
1500 5336 1554 5383 et
1582 5328 1650 5384 ad
1677 5331 1923 5401 ejusdem
1954 5331 2035 5385 vi—

442 5422 519 5475 tia
549 5419 820 5475 cernenda
865 5427 1122 5475 occaecat.
1156 5417 1340 5474 llostis
1373 5427 1555 5474 autem
1582 5420 1822 5488 virtutis,
1849 5422 2035 5477 omnia

444 5531 637 5575 contra
695 5519 946 5575 factitare
997 5517 1304 5574 consuevit.
1362 5515 1562 5573 Forma
1608 5518 1863 5591 perfectae
1898 5522 2031 5577 obc-

445 5622 662 5681 tlientiaa
694 5624 766 5680 sit
794 5624 973 5690 nobis,
1006 5623 1191 5688 amici,
1221 5630 1505 5694 argentum
1532 5622 1717 5677 vivum
1751 5642 1762 5677 :
1798 5640 2032 5693 quomo-

2135 4050 2533 4123 μετερχόμενος
2576 4048 2871 4117 διακονίας,
2906 4049 3001 4102 καὶ
3035 4048 3173 4121 πρὸς
3217 4035 3524 4103 ἀνάπαυσιν
3561 4047 3721 4101 ἄλλου

2131 4145 2364 4216 ἀδελφοῦ
2417 4144 2666 4216 αἰτηθεὶς
2713 4142 2873 4198 τοῦτο
2926 4140 3358 4213 καταλιμπάνων
3409 4137 3542 4194 αὑτό
3563 4155 3578 4170 ·
3627 4136 3724 4192 καὶ

2132 4238 2283 4293 ἔστιν
2313 4240 2343 4293 6
2369 4238 2430 4306 ἐξ
2463 4237 2726 4309 όκνηρίας
2759 4235 2921 4291 τοῦτο
2949 4233 3376 4306 καταλιμπάνων
3396 4249 3413 4265 ’
3446 4233 3541 4287 καὶ
3575 4231 3721 4285 ἔστιν

2133 4336 2230 4390 καὶ
2264 4329 2423 4398 αὖθις
2449 4334 2478 4386 6
2511 4333 2576 4387 ὲκ
2605 4328 2916 4395 κενοδοξίας
2940 4326 3100 4382 τοῦτο
3138 4322 3566 4394 καταλιμπάνων
3584 4336 3599 4349 υ
3625 4317 3718 4369 καὶ

2132 4428 2280 4482 ἔστιν
2303 4429 2331 4481 6
2374 4428 2440 4479 ὲκ
2478 4422 2815 4497 προθυμίας.
2856 4421 2919 4474 Ei
2952 4417 3312 4489 συνηρπάγης
3344 4416 3405 4468 ὲν
3449 4414 3564 4475 ταῖς
3592 4426 3717 4462 συν-

2133 4519 2352 4590 θήκαις,
2409 4516 2505 4571 καὶ
2536 4515 2853 4586 ἀπρόκοπον
2899 4512 3033 4584 ὁρᾷς
3074 4510 3139 4563 τὸ
3181 4507 3284 4579 τῆς
3317 4506 3495 4577 ψυχῆς
3533 4503 3722 4574 δμμα.

2137 4611 2212 4681 μὴ
2240 4608 2557 4680 παραιτήσῃ
2590 4606 2690 4677 τὴν
2717 4601 2981 4671 διάταξιν.
3025 4600 3171 4673 Πλὴν
3210 4601 3241 4653 6
3273 4599 3493 4668 δόκιμος
3523 4610 3725 4652 πανταο

2133 4703 2231 4773 χοῦ
2253 4702 2474 4773 δόκιμος
2493 4715 2506 4731 °
2547 4698 2737 4771 ὥσπερ
2767 4697 2863 4752 καὶ⁷
2886 4696 2949 4751 τὸ
2983 4695 3239 4767 ἔμπαλιν.
3267 4691 3539 4763 Λοιδορίαι
3586 4688 3727 4742 κατὰ

2134 4795 2340 4865 κόσμον
2366 4791 2596 4855 πολλοὺς
2621 4790 2933 4862 χωρισμοὺς
2954 4788 3353 4861 πεποιήκασιν·
3384 4797 3729 4855 γαστριμαρο

2135 4888 2253 4959 γίαμ.
2300 4886 2359 4938 δὲ
2396 4886 2455 4940 ὲν
2498 4883 2770 4946 συνοδίαις
2816 4881 2997 4936 πάντα
3048 4880 3121 4936 τὰ
3169 4877 3443 4949 πτώματα
3495 4874 3592 4929 καὶ
3628 4872 3727 4935 τὰς

2140 4978 2431 5049 ἀθετήσεις
2466 4977 2811 5048 ἐργάζονται.
2856 4974 2984 5028 Ἐὰν
3018 4973 3118 5044 τῆς
3157 4970 3447 5038 δεσποίνης
3486 4966 3598 5039 (80)
3628 4965 3728 5035 ἄρ’

2145 5072 2262 5142 ξηςν
2284 5071 2395 5125 πᾶν
2426 5086 2512 5123 σοι
2539 5067 2785 5139 κάθισμα
2818 5064 3143 5137 προξενήσει
3174 5063 3479 5119 ἀπάθειαν·
3516 5057 3728 5125 ἐκείνης

2136 5163 2193 5217 δὲ
2214 5162 2507 5234 ἀρχούσης,
2543 5159 2701 5224 ὲκτδς
2734 5159 3014 5231 μνήματος
3043 5153 3321 5227 πανταχοῦ
3342 5147 3727 5212 κινδυνεύσεις.

2138 5253 2345 5325 Κύριος
2377 5254 2478 5325 μὲν
2511 5253 2665 5321 σοφοῖ
2692 5250 2924 5320 τυφλοὺς
2949 5249 3076 5312 τοὺς
3108 5246 3221 5302 τῶν
3251 5244 3511 5315 ὑπηκόων
3533 5239 3704 5311 όφθαλ

2140 5347 2277 5416 μοὺς
2317 5346 2377 5401 ἐν
2423 5347 2545 5409 ταῖς
2590 5343 2686 5399 τοῦ
2730 5342 3057 5398 διδασκάλου
3110 5341 3358 5411 ἀρεταῖς,
3398 5339 3457 5391 ὲν
3507 5336 3565 5390 δὲ
3609 5335 3728 5394 ταῖς

2137 5437 2410 5508 ὲλλείψεσι
2449 5438 2562 5509 (81)
2606 5439 2824 5491 ποτοί·
2869 5436 2899 5488 6
2940 5434 2997 5489 δὲ
3044 5432 3339 5504 μισόκαλος
3397 5425 3727 5482 τούναντίον.

2141 5531 2324 5595 Τύπος
2357 5531 2507 5601 ἡμῖν,
2535 5523 2581 5584 ὦ
2609 5523 2774 5595 οὗτοι,
2801 5527 3031 5599 ἀρίστης
3063 5523 3343 5594 ὑποταγῆς
3378 5523 3408 5576 ὁ
3442 5519 3729 5589 λεγόμενος

2142 5621 2385 5692 ὑδρώδης
2417 5621 2658 5693 ἄκυρος
2685 5618 2827 5673 ἔστω
2848 5633 2860 5649 ⁸
2897 5614 3153 5671 ὑποκάτω
3181 5615 3293 5685 γὰρ
3316 5610 3731 5682 κυλινδούμενος

518 5800 595 5871 (α)
630 5800 707 5855 Ad
746 5814 907 5867 quem
966 5799 1052 5856 hic
1102 5766 1277 5855 locum
1331 5798 1451 5855 Johi
1505 5801 1709 5857 alludat
1768 5798 2011 5854 nondum
2045 5796 2306 5868 comperi.
2341 5794 2473 5853 Vide
2508 5798 2735 5853 scholia.
