4110 6428
354 357 477 428 717
1412 364 1645 424 SCALA
1669 358 2052 424 PARADISI.
2084 383 2154 393 --
2182 358 2492 421 GRADUS
2520 360 2617 422 IV.
3552 350 3652 419 718

355 477 617 536 πάντων,
650 472 855 537 παντὸς
890 473 1239 546 ῥυπουμὲνου
1276 473 1428 546 μένει
1477 474 1857 545 ἀνεπίμικτος.
1906 472 1964 527 0i

2074 468 2365 540 docuuque
2389 470 2536 526 enim
2567 468 2835 533 volvatur,
2865 466 3115 538 infraque
3145 466 3329 522 omnia
3354 474 3650 537 mergatur,

350 564 649 621 σπουδαῖοι
678 564 881 637 μᾶλλον
912 568 1127 631 ἑαυτοῖς
1167 565 1610 639 προσεχέτωσαν,
1638 567 1727 621 ἵνα
1761 565 1836 637 μὴ
1877 563 1964 617 διὰ

2068 570 2256 618 manet
2290 571 2469 619 tamen
2509 563 2580 618 ab
2631 562 2782 618 omni
2837 560 3079 617 sordium
3131 559 3480 616 concretione
3523 558 3660 614 libe—

347 656 463 711 τοῦ
492 657 704 729 κρίνειν
736 658 864 722 τοὺς
893 657 1196 731 ῥᾳθύμους,
1230 660 1455 714 ἐκείνων
1481 657 1667 712 πλεῖον
1694 673 1964 728 κατακρι-

2067 667 2211 707 rum.
2267 654 2566 709 Attendant
2619 652 2851 711 studiosi
2905 653 3146 719 virtutis,
3184 666 3274 715 ne,
3334 649 3467 705 dum
3519 648 3659 705 alios

349 747 555 803 θῶσιν.
606 748 707 803 Διὰ
749 748 931 815 τοῦτο,
987 745 1164 821 οἶμαι,
1210 753 1243 805 ό
1287 750 1413 805 Λὼτ
1458 749 1827 812 δεδικαίωται,
1882 750 1964 802 ὅτι

2067 749 2294 819 ignavos
2319 750 2593 820 judicent,
2620 765 2733 821 pra:
2770 750 2878 808 illis
2905 749 3256 808 damnentur.
3286 748 3357 803 Et
3390 747 3537 815 hinc,
3570 752 3660 801 ar-

347 843 537 913 μέσος
570 841 837 914 ὑπάρχων
884 843 1165 910 τοιούτων,
1202 844 1312 899 οὐδ’
1354 844 1492 909 ὅλως
1538 844 1713 915 ἐφάνη
1741 844 1964 908 τούτους

2068 840 2264 907 bitror,
2299 842 2609 912 patriarcha
2643 841 2746 897 bot
2762 842 2991 913 iustitiae
3018 841 3239 898 laudem
3262 838 3518 906 obtinuit,
3543 837 3658 909 80

346 933 718 1005 κατακρίνων
767 934 921 990 ποτέ.
977 935 1215 991 Πάντοτε
1254 937 1352 1007 μὲν
1376 976 1391 1000 ,
1443 935 1539 989 ἐπὶ
1583 937 1769 991 πλεῖον
1799 937 1858 994 δὲ
1905 937 1964 990 ἐν

341 1030 487 1091 ταῖς
536 1025 855 1099 ὑμνῳδίαις,
893 1025 956 1080 τὸ
1003 1028 1227 1099 ἡσύχιον
1270 1027 1369 1083 καὶ
1404 1030 1681 1101 ἀτάραχον
1709 1030 1964 1100 τηρήσω-

349 1130 470 1183 μεν
490 1130 506 1147 ·
537 1117 741 1178 σκοπὸς
769 1115 878 1184 γάρ
898 1115 1012 1179 τοῖς
1038 1115 1258 1188 δαίμοσι
1284 1118 1376 1172 διὰ
1398 1118 1654 1191 ταραχῶν
1676 1118 1774 1191 τὴν
1795 1135 1966 1190 προσ-

344 1208 533 1278 ευχὴν
576 1207 864 1276 ἀφανίζειν
895 1209 1033 1281 (82).
1086 1212 1364 1269 Διακονῶν
1410 1214 1552 1282 ἐστι,
1608 1213 1820 1281 σώματι
1863 1214 1964 1286 μὲν

345 1294 682 1367 ἀνθρώποις
705 1296 1018 1382 παρεστὼς,
1042 1298 1123 1353 νοῖ
1150 1301 1208 1355 δέ
1236 1302 1297 1356 ἐν
1326 1303 1580 1374 οὐρανοῖς
1608 1303 1700 1358 διὰ
1730 1320 1965 1374 προσευ-

344 1388 466 1459 χῆς
496 1388 731 1460 κρούων.
768 1391 835 1445 At
870 1391 973 1462 μὲν
1008 1391 1197 1465 ὕϐρεις
1224 1394 1319 1449 καὶ
1344 1394 1743 1463 ἐξουδενώσεις,
1775 1397 1869 1453 καὶ
1896 1397 1966 1450 τὰ

342 1474 591 1530 τοιαῦτα
621 1479 680 1530 ἐν
707 1480 774 1550 τῇ
805 1478 952 1553 ψυχῇ
985 1481 1081 1535 τοῦ
1118 1482 1359 1555 ὑπηκόου
1390 1483 1640 1555 ἀψινθίου
1673 1486 1964 1558 πικρότητι

346 1568 832 1639 παρεικάζονται·
880 1574 928 1625 οἱ
978 1573 1036 1627 δὲ
1076 1573 1315 1642 ἔπαινοι,
1349 1576 1507 1648 τιμαί
1550 1595 1612 1632 τε
1646 1578 1740 1633 καὶ
1789 1581 1966 1650 εὐφη-

353 1662 491 1731 μίαι
525 1662 742 1732 μέλιτος
777 1661 935 1733 δίκην
975 1664 1036 1717 ἐν
1080 1666 1193 1729 τοῖς
1223 1665 1557 1737 ἡδυπαθέσιν
1591 1668 1829 1741 ἠδύτητα
1860 1671 1968 1724 πᾶ-

353 1769 469 1809 σαν
489 1754 874 1809 ἀποτίκτουσι.
904 1758 1388 1830 Προσκοπήσωμεν
1406 1760 1589 1815 τοίνυν
1608 1762 1726 1826 πῶς
1746 1764 1778 1834 ή
1805 1762 1965 1832 φύσις

347 1843 473 1896 τῶν
522 1845 802 1918 ἑκατέρων
825 1888 840 1913 ,
893 1847 928 1920 ἡ
982 1847 1083 1919 μὲν
1116 1849 1401 1922 καθαίρειν
1444 1850 1663 1908 ᾶπαντα
1704 1854 1772 1908 τὰ
1813 1854 1966 1919 ἐντὸς

350 1936 576 2007 ὑλώδη,
626 1940 662 2009 ἡ
717 1939 775 1993 δὲ
821 1938 1012 2005 αὔξειν
1057 1940 1218 1997 εἴωθε
1258 1942 1357 2014 τὴν
1404 1944 1590 2015 χολήν.
1639 1947 1963 2003 Πιστευτέον

2067 1040 2193 1080 men
2248 1026 2470 1082 auditus
2503 1025 2577 1082 sit
2627 1038 2960 1096 quemquam
3011 1018 3231 1081 illorum
3275 1018 3648 1076 damnavisse.

2067 1118 2299 1189 Semper
2330 1118 2551 1191 quidem
2591 1118 2748 1186 alias,
2799 1118 2895 1175 sed
2942 1125 3059 1173 tum
3101 1115 3447 1187 potissimum
3498 1125 3656 1167 mens

2064 1212 2135 1267 ab
2169 1213 2318 1268 omni
2350 1211 2767 1283 perturbatione
2796 1218 2851 1266 et
2882 1207 3260 1280 inquietudine
3292 1202 3654 1263 custodienda

2065 1312 2169 1370 est,
2193 1320 2319 1360 cum
2352 1303 2611 1375 precibus
2636 1312 2691 1358 et
2722 1301 2980 1357 laudibus
3005 1300 3208 1355 divinis
3232 1312 3514 1354 vacamus.
3546 1294 3657 1351 Co-

2065 1401 2271 1448 nantur
2298 1393 2442 1448 enim
2489 1393 2620 1448 mali
2665 1393 2811 1465 genii
2855 1406 2954 1463 per
2989 1388 3305 1461 bujusmodi
3338 1387 3541 1444 mentis
3570 1384 3655 1442 di-

2066 1486 2423 1539 stractionem
2470 1482 2711 1540 fructum
2763 1482 3099 1554 precationis
3142 1493 3516 1551 corrumpere.
3560 1477 3657 1533 llle

2067 1588 2363 1645 germanus
2389 1575 2485 1632 Dei
2516 1576 2768 1632 minister
2792 1583 2898 1641 est,
2922 1574 3016 1646 qui
3050 1588 3284 1644 corpore
3309 1572 3526 1643 quidem
3556 1570 3657 1625 ho-

2066 1667 2202 1722 mini
2233 1668 2432 1734 servit,
2463 1669 2649 1724 animo
2675 1682 2807 1724 vero
2837 1682 2937 1739 per
2963 1675 3092 1722 vota
3139 1673 3197 1721 et
3233 1679 3423 1735 preces
3454 1663 3655 1718 caelum

2066 1761 2251 1829 pulsat
2302 1762 2571 1832 (adeoque
2618 1762 2676 1817 in
2730 1761 2873 1818 coelo
2918 1758 3215 1829 versatur).
3273 1756 3655 1819 Corttumeliae,

2066 1854 2438 1926 contemptus,
2468 1855 2929 1927 'objurgationes,
2964 1862 3034 1909 ἐι
3082 1853 3191 1907 hoc
3238 1865 3411 1922 genus
3444 1849 3551 1904 alia
3600 1849 3659 1904 in

2067 1947 2374 2003 obedientis
2425 1948 2611 2003 animo
2663 1946 2924 2004 absinthii
2988 1943 3417 2001 amaritudinem
3469 1942 3656 2013 expri-

2066 2046 2256 2103 munt;
2302 2037 2493 2095 laudes
2519 2051 2652 2094 vero
2678 2046 2750 2094 et.
2784 2039 3045 2103 honores,
3071 2045 3127 2093 et
3153 2036 3398 2108 gloriola:
3436 2034 3656 2091 animos

2069 2133 2196 2187 talia
2234 2139 2541 2203 captantes,
2592 2131 2732 2186 mira
2777 2130 2926 2186 velut
2967 2131 3148 2187 mellis
3197 2129 3486 2186 dulcedine
3525 2142 3657 2199 per-

2067 2222 2320 2279 fundunt.
2360 2222 2466 2277 Sed
2492 2223 2779 2278 videamus
2803 2236 2928 2293 quae
2954 2221 3031 2278 sit
3054 2221 3344 2292 utriusque
3362 2219 3447 2279 vis
3470 2228 3526 2275 et
3554 2234 3658 2275 na-

2065 2323 2213 2373 tura.
2265 2312 2618 2372 Absinthium
2677 2328 2899 2371 omnem
2944 2314 3333 2371 intestinorum
3380 2313 3655 2370 sentinam

2066 2417 2351 2481 repurgat;
2394 2408 2504 2463 mel
2524 2407 2687 2464 bilem
2710 2422 2914 2480 augere
2938 2408 3245 2464 consuevit.
3275 2406 3515 2463 Omnino
3538 2405 3661 2463 sine

2065 2499 2217 2554 omni
2251 2513 2383 2554 cura
2412 2498 2691 2554 ﬁdentium
2721 2509 2807 2554 est
2839 2498 2907 2555 iis
2936 2498 3032 2569 qui
3076 2497 3274 2555 salutis
3310 2508 3513 2553 nostras
3560 2511 3661 2553 cu.

1997 1820 2043 1876 B

362 2030 689 2103 ἀμερίμνως
726 2036 841 2097 τοῖς
874 2034 934 2087 ἐν
981 2035 1173 2109 Κυρίῳ
1221 2034 1320 2110 τὴν
1353 2038 1509 2110 ἡμῶν
1542 2038 1962 2111 άναδεξαμένοις

356 2123 709 2194 ἐπιμέλειαν,
758 2126 866 2180 κᾶν
896 2127 1117 2185 ἐναντία
1159 2130 1283 2187 τινὰ
1311 2130 1390 2201 τῷ
1414 2131 1592 2185 δοκεῖν
1625 2133 1718 2187 καί
1751 2135 1819 2204 τῇ
1853 2149 1960 2186 σω-

352 2212 530 2285 τηρία
563 2214 726 2285 ἡμῶν
775 2217 1169 2290 ἐναντιούμενα
1213 2221 1578 2277 ὲπιτάττωσι·
1617 2223 1739 2276 τότε
1777 2222 1888 2296 γὰρ
1925 2225 1959 2295 ἡ

350 2305 502 2375 πρὸς
530 2307 733 2371 αὐτοὺς
776 2307 936 2379 ⁴ἡμῶν
970 2310 1175 2377 πίστις,
1207 2312 1284 2376 ὡς
1315 2314 1374 2366 ἐν
1398 2314 1751 2387 χωνευτηρίῳ
1772 2332 1965 2369 ταπει-

349 2396 607 2465 νώσεως,
631 2400 1019 2472 δοκιμάζεται·
1056 2404 1215 2459 τοῦτο
1248 2405 1359 2479 γὰρ
1386 2408 1626 2473 πίστεως
1656 2409 1962 2481 ἀληθεστά-

347 2503 463 2559 sn;
492 2488 808 2563 γνώρισμα,
845 2492 906 2547 τὺ
932 2494 1003 2548 τὰ
1036 2495 1256 2550 ἐναντία
1285 2494 1395 2552 τῶν
1418 2498 1789 2570 ἐλπιζομένων
1825 2503 1966 2570 γινό-

2069 934 2215 1005 quod
2254 934 2310 989 in
2365 934 2548 990 medio
2596 933 2891 1005 impiorum
2937 941 3211 998 versatus,
3241 943 3525 1000 nunquam
3569 935 3658 982 ta-
3761 995 3771 1011 ν

353 2595 508 2650 μενα
538 2580 903 2654 θεωροῦντας,
945 2588 1059 2650 τοῖς
1091 2589 1494 2663 προστάττουσι
1529 2591 1817 2649 πείθεσθαι
1845 2595 1963 2649 ἀδι-

354 2672 638 2738 στάκτως.
699 2675 790 2743 Ἐξ
841 2678 1091 2750 ὑπακοῆς
1141 2683 1511 2751 ταπείνωσις,
1569 2687 1645 2750 ὡς
1707 2688 1803 2742 καὶ
1859 2689 1960 2763 ήδη

357 2763 676 2832 φθάσαντες
709 2766 973 2839 εἴπομεν·
1026 2773 1093 2824 ἐκ
1135 2773 1518 2842 ταπεινώσεως
1552 2777 1855 2851 διάκρισις,
1887 2782 1964 2848 ὡς

354 2854 464 2906 καὶ
512 2852 589 2925 τῷ
633 2857 854 2930 μεγάλῳ
900 2860 1199 2935 Κασσιανῷ
1241 2865 1302 2919 ἐν
1334 2864 1412 2937 τῷ
1435 2869 1577 2938 Περὶ
1606 2869 1963 2942 διακρίσεως

352 2945 532 3001 αὐτοῦ
572 2946 714 3021 λόγῳ
747 2949 1180 3025 πεφιλοσόφηται
1225 2956 1489 3013 κάλλιστά
1521 2977 1582 3014 τε
1635 2962 1731 3016 καὶ
1760 2962 1963 3037 ὑψηλό-

355 3057 522 3096 ταται
568 3041 666 3096 Ἐκ
689 3042 1016 3116 διακρίσεως
1072 3047 1347 3119 διόρασις’
1378 3050 1444 3106 ἐκ
1474 3051 1533 3106 δὲ
1562 3053 1787 3128 ταύτης,
1827 3073 1963 3131 προσ

2066 2607 2184 2648 ram
2219 2592 2274 2646 in
2333 2590 2571 2648 Domino
2621 2600 3014 2663 susceperunt;
3065 2592 3284 2648 etiamsi
3327 2591 3661 2663 quandoque

2066 2684 2120 2738 in
2149 2683 2389 2755 speciem
2420 2684 2694 2741 contraria
2721 2684 2886 2740 saluti
2910 2693 3114 2741 nostrae
3140 2684 3411 2755 imperare
3430 2685 3661 2741 videon.

2066 2782 2175 2829 tur.
2221 2774 2377 2831 Tune
2422 2774 2590 2840 enim,
2642 2783 2794 2843 tunc,
2846 2774 3097 2845 inquam,
3148 2783 3338 2830 nostra
3394 2774 3659 2830 adversus

2066 2867 2330 2938 praesides
2383 2875 2606 2924 nostros
2645 2867 2859 2925 sincera
2914 2868 3114 2924 ﬁducia
3151 2867 3301 2923 velut
3347 2867 3406 2927 in
3438 2867 3660 2925 camino

2066 2960 2452 3017 submissionis
2491 2961 2773 3032 probatur.
2824 2961 2939 3018 Hoc
2980 2963 3124 3019 enim
3160 2960 3533 3018 certissimum
3575 2970 3662 3016 est

2066 3052 2372 3109 verissima:
2399 3051 2525 3108 ﬁdei
2555 3053 2863 3124 symbolum
2895 3061 2951 3108 et
2999 3059 3406 3124 argumentum,
3438 3065 3564 3108 cum
3597 3052 3657 3119 ii,

358 3132 576 3230 όρασις.
608 3135 721 3230 καὶ
747 3136 830 3230 τίς
857 3139 965 3210 ἀρα
997 3139 1071 3212 μὴ
1097 3140 1279 3215 δράμῃ
1308 3143 1366 3199 ἐν
1390 3144 1470 3215 τῷ
1488 3145 1640 3219 καλῷ
1660 3148 1835 3222 τούτῳ
1860 3151 1961 3222 τῆς

2068 3145 2162 3216 qui
2191 3154 2389 3216 praeter
2419 3159 2570 3216 spem
2605 3145 2711 3201 sibi
2761 3145 3026 3216 imperata
3060 3145 3267 3212 vident,
3317 3144 3413 3200 illa
3459 3143 3662 3200 nihilo?

360 3228 615 3300 ὑπακοῆς
657 3229 846 3303 δρόμῳ
891 3231 1150 3288 τοιούτων
1194 3236 1418 3307 ἀγαθῶν
1458 3239 1778 3314 ἐτοιμασίας
1818 3245 1962 3318 ὁρῶν

2067 3236 2253 3293 minus
2335 3236 2455 3295 sine
2536 3238 2879 3296 dubitatione
2917 3239 3341 3310 insequuntur.
3416 3235 3495 3292 Ex
3525 3238 3661 3293 obe-

363 3321 676 3393 ιμπροσθεν
708 3324 912 3392 αὐτοῦς
953 3326 1093 3397 Περὶ
1119 3328 1325 3401 ταύτης
1362 3330 1467 3403 τῆς
1507 3334 1750 3407 μεγάλης
1778 3334 1965 3407 ἔλεγεν

367 3415 401 3466 ὁ
432 3413 590 3478 καλὸς
617 3415 847 3490 Ψάλτης
888 3420 1133 3484 ἐκεῖνος’
1182 3418 1548 3492 Ἠτοίμασας
1590 3427 1662 3480 ἐν
1701 3425 1779 3497 τῇ
1815 3446 1963 3498 χρη-

367 3507 623 3576 στότητι
662 3524 782 3566 σου
834 3508 917 3579 τῷ
964 3513 1180 3584 πτωχῷ
1224 3518 1493 3587 ὑπηκόῳ,
1531 3523 1566 3574 ό
1619 3520 1784 3589 Θεὸς,
1849 3522 1967 3592 τὴν

364 3597 504 3667 σὴν
540 3603 884 3671 παρουσίαν
920 3605 993 3660 ἐν
1035 3606 1256 3676 καρδίᾳ
1300 3610 1490 3666 αὐτοῦ
1524 3611 1658 3683 (8’5).
1713 3613 1805 3685 Μὴ
1840 3617 1964 3670 ἐπι-

364 3691 511 3766 λάϐῃ
541 3694 600 3749 ἐν
641 3698 711 3768 τῇ
744 3696 858 3770 ζωῇ
892 3714 986 3751 σου
1027 3701 1178 3772 πάσῃ
1209 3698 1304 3755 τοῦ
1333 3703 1567 3776 ἀθλητοῦ
1592 3705 1687 3761 τοῦ
1727 3709 1965 3779 μεγάλου

360 3785 604 3854 ἐκείνου,
636 3787 695 3852 ὃς
727 3790 787 3844 ἐν
812 3791 954 3856 ὅλοις
977 3792 1258 3849 δεκαοκτὼ
1284 3794 1460 3852 ἐτεσιν
1484 3799 1585 3855 οὐκ
1619 3801 1827 3873 ἀκήκοε
1852 3806 1967 3869 τοῖς

362 3876 570 3946 ἔξωθεν
606 3879 730 3950 ὠσὶ,
767 3886 920 3959 παρά
962 3886 1059 3946 τοῦ
1092 3888 1418 3945 ἐπιστάτουδ
1462 3893 1738 3967 Σωθείης⁸
1771 3900 1884 3963 τοῖς
1910 3897 1966 3953 δὲ

360 3971 521 4031 ἔνδον
571 3975 696 4031 καθ’
748 3978 964 4052 ἡμέραν
1016 3980 1218 4053 ἤκουεν
1271 3983 1425 4057 παρά
1471 3987 1565 4041 τοῦ
1613 3989 1844 4060 Κυρίου,
1879 3992 1965 4056 οὐ,

362 4063 614 4140 Σωθείης
638 4067 824 4142 (τοῦτο
847 4072 956 4145 γάρ
990 4074 1241 4130 εὐκτικόν
1272 4077 1390 4130 ἐστι
1436 4078 1529 4132 καὶ
1563 4078 1804 4154 ἄδηλον),
1829 4082 1965 4151 ἀλλ’,

378 4154 664 4232 Ἕσώθης,
715 4162 856 4235 ὅπερ
906 4165 1182 4236 ὁριστικὸν
1234 4168 1329 4222 καὶ
1360 4168 1578 4239 βέϐαιον
1605 4171 1966 4246 καθέστηκεν.

366 4248 609 4307 Ἔλαθον
640 4255 871 4321 ἑαυτοὺς
899 4258 1009 4311 τῶν
1037 4259 1297 4332 ὑπηκόων
1325 4262 1471 4326 τινὲς
1499 4262 1562 4317 τὸ
1589 4263 1841 4329 εὐπειθὲς
1873 4267 1970 4320 καὶ

364 4344 852 4414 συγκαταϐατικδν
908 4349 1003 4404 τοῦ
1058 4353 1405 4423 προεστῶτος
1466 4355 1815 4427 αἰσθόμενοι*
1874 4361 1968 4421 καὶ

360 4434 513 4506 πρὸς
537 4436 636 4503 τὰς
658 4440 871 4500 ἑαυτῶν
894 4441 1139 4516 θελήσεις
1163 4444 1262 4509 τὰς
1289 4447 1592 4518 ἐπιτροπὰς
1625 4449 1962 4522 αἰτούμενον

2063 3327 2289 3395 dientia,
2354 3328 2437 3385 uti
2481 3328 2597 3400 jam
2650 3345 2816 3402 supra
2864 3330 3145 3398 diximus,
3192 3329 3411 3387 exsistit
3475 3330 3661 3385 humi-.-

2064 3419 2229 3476 litas:
2290 3435 2357 3477 ex
2411 3421 2720 3479 humilitate
2771 3422 3027 3493 religiosa
3077 3422 3410 3494 prudentia,
3470 3423 3658 3491 (quam

2066 3512 2309 3581 religiosi
2357 3514 2655 3584 scriptores
2698 3513 3089 3573 discretionem
3124 3514 3365 3584 vocant).
3427 3512 3506 3568 De
3551 3528 3662 3584 qua

2063 3600 2360 3659 Cassianus
2388 3604 2497 3676 ει
2536 3604 2624 3661 ille
2653 3605 2894 3662 eximius
2947 3604 3020 3677 (ὁ)
3068 3605 3124 3661 in
3164 3604 3309 3662 libro
3356 3604 3426 3661 de
3463 3602 3657 3659 eadem

2067 3694 2271 3750 virtute
2322 3694 2689 3765 pulcherrime
2735 3704 2791 3753 et
2836 3697 3156 3754 acutissime
3207 3695 3528 3768 disputavit.
3580 3694 3661 3759 Ex

2067 3785 2418 3854 discretione,
2466 3787 2794 3859 dispiciendi
2844 3788 3040 3859 gratia,
3072 3804 3140 3844 ex
3185 3788 3290 3844 hac
3325 3787 3661 3859 praevidendi

2067 3877 2304 3936 facultas
2355 3881 2649 3941 redundat.
2707 3880 2908 3953 Ecquis
2951 3895 3082 3951 ergo
3128 3880 3184 3935 in
3240 3881 3349 3936 hoc
3394 3880 3661 3950 praeclaro

2068 3971 2395 4028 obedientite
2441 3973 2619 4030 stadio
2664 3975 2836 4030 tantis
2883 3974 3159 4029 honorum
3217 3972 3494 4029 thesauris
3534 3983 3662 4029 ante

2068 4064 2260 4120 oculos
2306 4065 2627 4136 propositis,
2671 4080 2781 4121 non
2827 4065 3060 4122 libenter
3107 4063 3405 4121 decurrat?
3440 4064 3518 4120 De
3557 4065 3662 4124 hac

2068 4158 2269 4213 eximia
2293 4160 2498 4215 virtute
2524 4158 2727 4215 cecinit
2756 4159 2957 4215 nobilis
2991 4158 3084 4215 ille
3125 4157 3337 4214 Psaltes
3370 4176 3386 4214 :
3439 4156 3661 4214 Parasts‘

2069 4252 2127 4306 in
2158 4251 2392 4307 bonitate
2413 4262 2507 4307 tua
2529 4252 2771 4324 pauperi,
2792 4252 3073 4309 obedienti
3110 4251 3400 4325 discipulo,
3433 4251 3574 4307 Deus
3588 4251 3657 4322 ⁸⁸,

2071 4344 2126 4398 in
2155 4343 2318 4399 corde
2345 4343 2517 4415 ipsius
2558 4344 2902 4414 praesentiam
2938 4353 3108 4400 tuam.
3151 4343 3443 4416 Nunquam
3487 4359 3662 4417 ponas

2073 4438 2127 4492 in
2157 4436 2306 4492 omni
2337 4437 2447 4493 vita
2474 4437 2797 4494 memoriam
2825 4435 2977 4493 illius
3015 4435 3251 4508 ingentis
3300 4437 3536 4505 athletae,
3566 4439 3661 4508 qui

360 4530 738 4602 κομισάμενοι
781 4533 841 4587 δὲ
878 4537 1301 4613 γινωσκέτωσαν
1335 4539 1752 4595 ἐκπεπτωκέναι
1786 4541 1964 4615 πάντη

2078 4530 2206 4586 totis
2231 4529 2419 4586 decem
2453 4539 2508 4587 et
2540 4537 2665 4586 octo
2693 4529 2878 4598 annis,
2907 4544 3192 4602 nunquam
3225 4531 3455 4587 auribus
3484 4532 3601 4588 suis
3629 4547 3661 4588 a

359 4620 468 4684 τοῦ
520 4622 622 4694 τῆς
671 4624 957 4695 ὁμολογίας
1028 4629 1336 4699 στεφάνουο
1390 4632 1608 4703 ὑπακοὴ
1662 4635 1770 4706 γάρ
1822 4637 1964 4692 ἐστιν

2072 4620 2301 4691 praeside
2357 4636 2479 4688 suo,
2524 4621 2614 4676 cui
2665 4620 2939 4688 inserviit,
2975 4620 3123 4676 illam
3164 4629 3358 4679 vocent
3399 4624 3607 4693 accepit
3643 4642 3658 4679 :

361 4715 718 4786 ὑποκρίσεως
766 4714 861 4773 καὶ
906 4719 1148 4789 ἐφέσεως
1195 4721 1405 4786 οἰκείας
1455 4723 1729 4795 ξενισμός.
1782 4727 1970 4782 Ἔστιν

361 4808 397 4859 6
434 4804 550 4878 (84)
583 4809 856 4884 ἐπιταγὴν
906 4814 1296 4885 κομισάμενος,
1352 4815 1448 4869 καὶ
1495 4816 1589 4870 τὸν
1644 4818 1846 4872 σκοπὸν
1873 4819 1969 4873 τοῦ

364 4888 726 4969 ἐπιτάξαντος
749 4903 1073 4978 αἰσθόμενος
1100 4906 1176 4981 μὴ
1204 4906 1376 4980 ἡδέως
1403 4908 1504 4980 τὴν
1529 4910 1619 4964 τοῦ
1648 4912 1972 4984 ἐπιταχθέν-

361 4988 467 5058 to:
494 4993 802 5067 περαίωσιν
832 4996 1025 5069 ἔχοντα
1066 4997 1264 5071 ταύτην
1321 5002 1835 5074 παραιτησάμενοςσ
1871 5005 1965 5058 καὶ

360 5081 522 5139 ἔστιν
547 5086 578 5140 ὁ
601 5086 925 5159 αἰσθόμενος
952 5088 1034 5161 (α)
1064 5090 1161 5144 καὶ
1203 5091 1593 5164 ἀναμφιϐόλως
1622 5093 1960 5159 ὑπακούσας.

362 5178 643 5250 Ζητητέον
670 5180 756 5246 τίς
784 5181 967 5237 αὐτῶν
997 5183 1403 5257 εὐσεϐεστέρως
1438 5186 1685 5259 ἐποίησε.
1716 5187 1838 5242 Τῶν
1862 5190 1962 5243 οὐκ

362 5272 733 5349 ἑνδεχομένων
763 5278 880 5338 ἐστὶ
925 5276 1002 5351 τῷ
1047 5280 1242 5337 ἑαυτοῦ
1289 5279 1555 5354 θελήματι
1585 5281 1678 5337 τὸν
1719 5282 1962 5338 διάϐολον

450 5499 495 5533 ⁵⁸
522 5498 670 5561 Psal.
701 5518 874 5573 uvn,
911 5506 1002 5563 ll.

448 5667 527 5738 (α)
553 5669 732 5741 Alius,
766 5668 952 5741 ἀηδῶς
996 5670 1136 5741 πρὸς
1184 5668 1717 5741 τοῦτοδιακείμενος
1756 5668 1963 5741 ταύτην

366 5734 840 5810 παραιτούμενος,
857 5744 949 5795 καὶ
974 5734 1121 5796 ἔστιν
1152 5741 1182 5794 ὁ
1208 5734 1713 5813 αἰσθόμενος.’Νοιιι
1726 5734 1963 5794 varieta-

366 5820 485 5867 tem
518 5809 793 5867 codicum.

2072 4713 2266 4769 Salvus
2317 4714 2430 4780 sis;
2474 4713 2570 4777 sed
2621 4713 2712 4771 ille
2767 4723 2950 4772 tamen
3007 4714 3149 4770 idem
3192 4715 3454 4772 interiore
3491 4715 3660 4771 animi

2069 4821 2236 4863 sensu
2262 4805 2506 4877 quotidie
2535 4805 2712 4861 audiit
2737 4822 2769 4861 a
2801 4806 3071 4873 Domino;
3123 4822 3237 4863 non
3263 4807 3505 4879 quidem,
3537 4807 3661 4861 Sal-

2069 4914 2172 4955 vus
2209 4898 2307 4965 sis,
2339 4897 2483 4968 quod
2509 4898 2750 4969 optantis
2774 4905 2858 4968 est
2888 4906 2944 4954 et
2967 4898 3259 4966 incertum,
3305 4898 3426 4965 scd,
3464 4897 3662 4954 Salvus

2070 5002 2155 5054 es,
2180 4987 2330 5059 quod
2378 4986 2699 5044 aﬂirmantis
2726 4996 2811 5044 est
2837 4999 3051 5045 certum
3088 4997 3143 5045 et
3183 4989 3490 5046 deﬁnitum.
3552 4986 3659 5044 Re-

2071 5080 2251 5153 perias
2278 5080 2575 5137 nonnullos
2625 5096 2694 5136 ex
2746 5081 3069 5138 obedientias
3105 5082 3320 5140 oﬂlcina
3359 5079 3654 5153 profectos,

2071 5177 2166 5248 qui
2202 5177 2417 5247 seipsos
2471 5190 2807 5247 magnopere
2848 5174 3068 5245 fallunt,
3117 5178 3251 5233 dum
3285 5174 3657 5231 animadversa

2071 5270 2321 5342 magistri
2352 5269 2438 5326 sui
2472 5268 2734 5325 facilitate
2769 5276 2823 5326 et
2874 5269 3213 5340 gratiﬁcandi
3263 5266 3522 5337 subjectis
3558 5281 3651 5321 vo-

2147 5659 2222 5728 (b)
2254 5657 2393 5714 Hinc
2423 5656 2595 5714 discis
2618 5657 3067 5728 Climacumipost
3086 5653 3411 5728 Cassianum
3432 5654 3656 5710 vixisse.

2071 5726 2274 5858 genie;
2299 5729 2483 5784 collat.
2519 5729 2561 5785 ll
2590 5737 2756 5785 totam
2796 5736 2851 5782 ct
2878 5726 3181 5785 Climacum
3216 5726 3355 5782 infra
3386 5728 3555 5797 gradu
3587 5727 3656 5790 τε

2109 5818 2137 5856 ε
2163 5816 2225 5860 ea
2266 5815 2375 5861 en).
