4110 6432
484 351 612 422 ‘iiD

1775 362 1835 421 S.
1863 360 2188 421 JOANNIS
2215 359 2524 421 CLIMACI

3679 360 3794 425 ’τΞο

506 475 713 522 luntate
743 468 964 539 imperia
1001 469 1171 541 ipsius
1210 468 1277 525 ad
1316 478 1483 525 nutus
1528 476 1580 525 et
1610 472 1840 527 arbitria
1873 490 1971 529 sua
2000 489 2084 543 pe‘

2200 472 2515 542 ἀντιστῆναι
2567 469 2683 541 (α)’
2742 468 2835 523 καὶ
2884 467 3222 523 πειθέτωσάν
3272 484 3331 521 σε
3366 468 3413 521 oi
3462 469 3520 522 ὲν
3565 469 3803 543 ἀμελείᾳ.

503 569 665 615 tunt:
699 560 793 616 sed
830 562 977 616 enim
1012 562 1316 633 intelligant
1348 563 1425 628 hi,
1455 572 1811 635 posteaquam
1838 566 2098 635 impetra-

502 662 635 706 runt
696 652 843 721 quod
876 654 1191 718 voluerunt,
1222 667 1282 707 se
1312 653 1463 707 omni
1495 652 1742 725 legitimo
1773 655 2099 710 obedientiae

485 746 726 815 prtemio
755 743 1196 801 fraudatos.~Est
1242 745 1389 801 enim
1431 745 1745 802 obedientia
1791 747 1972 804 omnis
2019 748 2096 804 si-

496 835 822 892 mulatienis
860 835 1212 907 atl‘ectusque
1248 838 1464 909 proprii
1512 837 1751 910 perfecta
1795 839 2089 897 abdicatio.

488 928 597 983 Est
624 928 719 998 qui
769 938 997 997 accepto
1048 928 1311 986 mandato
1350 930 1743 987 animadvertit
1790 947 1904 988 rem
1961 947 2087 1003 per-

495 1020 763 1088 agendam
798 1019 1201 1090 displicituram
1236 1019 1547 1091 imperanti,
1580 1021 1628 1077 si
1675 1030 1984 1093 peragatur,
2015 1023 2087 1079 ob

494 1124 727 1179 eamque
775 1125 1003 1166 causam
1053 1110 1279 1182 negligit
1323 1112 1611 1181 imperata.
1665 1096 1771 1169 Est.
1808 1112 1902 1183 qui
1942 1113 2083 1167 idem

494 1202 764 1273 intelligit,
785 1212 842 1258 et
864 1211 1045 1259 tamen
1070 1204 1190 1259 sine
1215 1203 1324 1259 ulla
1345 1203 1719 1273 disputatione
1744 1211 1799 1260 et
1828 1203 2083 1260 examine

491 1295 814 1365 exsequitur
841 1295 1117 1351 mandata.
1151 1293 1427 1361 Qua-ritur
1463 1304 1582 1351 uter
1604 1312 1671 1351 ex
1697 1295 1911 1351 duobus
1950 1310 2080 1350 san-

493 1386 637 1440 ctius
671 1385 905 1442 iecerit?
933 1387 1045 1458 82
1090 1386 1251 1443 Nullo
1281 1387 1447 1443 modo
1491 1388 1824 1444 credendum
1861 1396 1946 1443 est
1984 1386 2088 1441 lto-

494 1487 632 1533 stem
666 1488 914 1534 nostrum
970 1494 1086 1535 suae
1124 1479 1299 1549 ipsius
1330 1480 1595 1536 voluntati
1643 1493 1948 1551 repugnare
1984 1479 2085 1552 (α).

2200 563 2428 627 ζῶντες,
2461 562 2553 616 καὶ
2597 564 2655 616 ὲν
2689 562 2769 615 ἑνὶ
2800 561 3189 633 ήσυχαστηρίῳ
3232 560 3729 634 κεκαρτερηκότες,
3762 563 3802 633 ἢ

2199 652 2471 724 κοινοόίῳ.
2518 651 2768 707 Γενέσθω
2818 653 2952 724 ἡμῖν
2984 654 3020 725 ἡ
3052 653 3118 705 ἐκ
3158 650 3271 706 τῶν
3299 653 3482 706 τόπων
3513 652 3759 722 πολεμου

2200 746 2339 818 μένη
2366 745 2719 819 ἀναχώρησις
2746 746 2845 818 τῆς
2869 730 3146 820 ἡμετέρας
3177 748 3356 801 ἐκεῖσε
3378 745 3651 819 εὐαρεστή
3661 763 3802 808 σεως

2191 835 2486 904 ἀπόδειξις.
2531 835 2705 908 Εἴπερ
2737 836 2801 890 τὸ
2853 835 3234 905 πολεμεῖσθαι,
3277 839 3505 908 σημεῖον
3535 834 3629 889 τοῦ
3681 836 3800 908 (85)

2196 927 2478 1000 πολεμεῖν,
2510 928 2570 982 οὺ
2609 928 2917 1000 γενήσομαι
2957 928 3208 1002 κρύπτης
3238 929 3442 995 ἄδικος,
3478 928 3572 983 καὶ
3603 927 3804 982 πλεονο

2192 1019 2359 1090 ἐκτης
2379 1020 2745 1091 ἀπάνθρωπος
2767 1019 2990 1074 σιωπῶν
3013 1020 3211 1093 ὐμῐνβ.
3230 1019 3489 1091 σιγᾶσθαι
3512 1018 3589 1091 μὴ
3614 1019 3741 1089 οέιιιι
3760 1038 3796 1075 ’.

2203 1107 2457 1181 Ἰωάννης
2513 1126 2602 1181 μοι
2660 1111 2689 1164 6
2740 1111 2882 1166 πάνυ
2909 1109 3006 1180 (b),
3061 1112 3091 1163 6
3135 1108 3407 1180 Σαὸαϊτης
3458 1107 3799 1174 ἀξιάκουσττι

2187 1204 2487 1275 διηγήσατο
2556 1201 2892 1275 πράγματα·
2943 1202 3027 1259 ὅτι
3072 1201 3131 1255 δὲ
3169 1201 3388 1272 ἀπαθής
3418 1202 3447 1254 6
3493 1199 3654 1271 ἀνὴρ,
3698 1201 3797 1252 καὶ

2189 1295 2391 1359 παντὸς
2411 1293 2641 1366 ψεύδους
2665 1295 2761 1349 καὶ
2785 1294 2946 1364 λόγου
2970 1294 3064 1348 καὶ
3087 1293 3248 1366 ἔργου
3270 1292 3508 1364 πονηροῦ
3531 1290 3792 1361 καθαρὶς,

2196 1389 2262 1441 ὲκ
2315 1389 2416 1458 τῆς
2455 1388 2625 1445 αὑτοῦ
2677 1388 2876 1459 πείρας
2922 1387 3239 1453 ἐπίστασαι,
3283 1386 3420 1441 ὃσιε.
3471 1379 3642 1448 Οὗτός
3698 1399 3791 1454 μοι

2194 1479 2516 1550 διηγήσατο.

495 1570 834 1639 Argumento
885 1570 1022 1635 sint,
1073 1571 1169 1642 qui
1222 1586 1348 1628 cum
1405 1573 1733 1644 negligentia
1792 1576 2004 1638 vivunt,
2045 1581 2101 1628 et
2152 1581 2346 1629 contra
2398 1571 2493 1645 qui
2567 1573 2623 1628 in
2673 1571 2868 1629 cellula
2921 1582 3018 1628 aut
3064 1571 3319 1628 coenobio
3346 1586 3475 1628 cum
3522 1571 3793 1642 patientia

494 1670 869 1731 perseverant.
901 1663 1041 1718 Cum
1070 1670 1132 1718 ut
1167 1664 1236 1719 de
1268 1664 1392 1721 loco
1420 1665 1743 1737 migremus,
1775 1673 2071 1730 tentamur,
2102 1664 2209 1721 hoc
2234 1664 2414 1736 ipsum
2444 1664 2519 1722 sit
2548 1663 2710 1721 nobis
2741 1672 2894 1720 certa
2948 1661 3150 1719 divinae
3207 1663 3511 1719 voluntatis
3576 1661 3797 1734 signiti-

506 1757 653 1812 catio
680 1755 829 1827 quod
868 1757 979 1813 Deo
1038 1756 1267 1828 placeat,
1333 1767 1396 1814 ut
1441 1758 1498 1814 in
1544 1759 1780 1815 statione
1839 1769 2030 1815 nostra
2074 1760 2474 1831 persistamus;
2522 1773 2651 1812 nam
2682 1756 3014 1828 oppugnari,
3069 1755 3278 1812 indicio
3315 1765 3401 1813 est
3432 1755 3793 1828 pugnandum

495 1864 642 1905 esse.
684 1849 902 1920 Pugnat
923 1848 1070 1904 enim
1096 1849 1191 1919 qui
1222 1848 1591 1922 impugnatur.
1627 1849 1723 1906 Na:
1753 1864 1857 1921 ego
1894 1850 2176 1920 improbus
2208 1850 2312 1906 sim
2376 1858 2432 1905 et
2477 1849 2813 1905 inhumanus
2840 1885 2855 1911 ,
2916 1846 2964 1902 si
3013 1861 3108 1916 per
3161 1846 3443 1902 silentium
3498 1846 3677 1904 celare
3730 1858 3798 1905 et

494 1943 800 2000 subducere
832 1943 1023 1999 lectori
1053 1942 1239 2009 velim,
1259 1957 1383 2013 qua:
1423 1951 1604 2000 tacere
1647 1941 1801 1999 nefas
1829 1943 1923 1998 sit.
1951 1940 2196 2000 Joannes
2245 1941 2497 1998 Sabaites
2534 1940 2632 2013 (b),
2669 1941 2755 1995 vir
2783 1938 2919 1995 mihi
2947 1938 3002 1993 in
3036 1939 3229 2009 paucis
3254 1940 3478 2007 cbarus,
3510 1956 3598 1996 res
3649 1943 3793 1999 mihi

480 2036 685 2091 auditu
708 2033 1063 2104 dignissimas
1095 2034 1302 2091 retulit.
1333 2033 1479 2102 Quin
1509 2044 1567 2091 tu
1614 2036 1751 2107 ipse,
1782 2036 2091 2094 venerande
2112 2037 2367 2105 antistes,
2398 2037 2579 2092 virum
2638 2035 2792 2092 illum
2820 2035 2889 2091 ab
2952 2035 3212 2092 omnibus
3278 2036 3446 2092 animi
3500 2036 3798 2108 perturba-

480 2127 1096 2192 aionibusliberunhet
1123 2127 1192 2182 ab
1217 2126 1370 2183 omni
1414 2130 1689 2187 orationis
1736 2130 1978 2187 vanitate
2020 2128 2289 2199 alienum,
2346 2130 2469 2201 ipso
2518 2128 2897 2201 experimento
2948 2130 3279 2202 cognovisti.
3328 2128 3430 2185 llic
3474 2144 3607 2200 ergo
3647 2130 3793 2186 mihi

494 2224 576 2278 sic
609 2220 983 2277 narrationem
1020 2235 1258 2280 exorsus
1282 2237 1386 2285 est.

564 2310 944 2382 Erat,inquit,
971 2312 1029 2368 in
1056 2326 1124 2368 eo
1145 2312 1297 2369 Asia
1323 2311 1580 2369 cmuobio
1596 2354 1612 2380 ,
1642 2312 1699 2369 in
1728 2328 1842 2386 quo
1866 2328 1967 2386 ego
1995 2312 2084 2370 de-

2263 2299 2498 2379 Ὀτιπερ
2541 2305 2600 2359 ιν
2630 2307 2698 2377 τῇ
2747 2306 2882 2378 μονῇ
2930 2322 3032 2377 μου
3068 2308 3134 2379 τῇ
3184 2306 3268 2372 εἰς
3318 2307 3504 2362 Ἀσίαν
3553 2309 3797 2380 (ἐκεῖθεν

486 2406 685 2475 gebam
712 2404 732 2476 (
757 2404 884 2460 inde
910 2404 1061 2460 enim
1085 2403 1171 2467 vir
1201 2404 1293 2469 hic
1322 2415 1551 2462 sanctus
1581 2408 1838 2476 venerat)
1876 2421 1908 2463 e
1938 2405 2084 2462 seni-

2191 2398 2303 2470 γὰρ
2354 2398 2383 2452 6
2431 2396 2640 2462 δίκαιος
2686 2394 2959 2469 ὥρμητο),
3013 2400 3193 2470 γέρων
3240 2417 3326 2465 τις
3383 2400 3525 2454 πάνυ
3579 2401 3794 2474 ἀμελής

474 2500 597 2555 bus
630 2497 856 2571 quidam
890 2496 1172 2570 religiosis
1194 2538 1210 2563 ,
1247 2498 1544 2555 admodum
1587 2500 1802 2556 solutus
1848 2508 1904 2554 et
1946 2497 2084 2553 male

2191 2490 2287 2545 καὶ
2317 2489 2429 2561 (86)
2463 2489 2789 2553 ἀκόλαστος·
2825 2488 2968 2559 λέγω
3016 2489 3125 2562 γὰρ
3172 2489 3248 2562 μή
3293 2491 3495 2563 κρίνων
3525 2490 3660 2564 (87),
3700 2492 3792 2546 ἵνα

493 2606 627 2647 sane
655 2598 904 2647 moratus
931 2610 947 2646 :
979 2599 1153 2647 testor
1192 2591 1298 2647 hoe
1335 2591 1450 2648 veri
1475 2606 1676 2659 causa,
1709 2606 1820 2647 non
1847 2590 2084 2646 hominis

2191 2581 2346 2653 φανῶ
2394 2578 2712 2652 ἀληθεύων
2762 2571 2940 2647 οὗτος,
2990 2581 3091 2636 οὐκ
3140 2577 3237 2635 οἶδ’
3290 2582 3458 2647 ὅπως,
3515 2583 3792 2656 ἐκτήσατο

486 2680 797 2749 iudicandi.
827 2679 1031 2738 Nactus
1062 2680 1111 2737 is
1138 2690 1260 2738 erat
1279 2680 1612 2754 discipulum
1643 2683 1828 2739 nescio
1855 2695 2084 2753 quomo-

2191 2671 2441 2744 μαθητὴν
2485 2670 2775 2744 νεώτερον,
2839 2671 2918 2743 τῷ
2971 2668 3198 2744 ὀνόματι
3256 2672 3535 2741 Ἀκάκιον,
3579 2676 3793 2732 ἁπλοῦν

491 2775 586 2839 do,
620 2772 920 2829 admodum
948 2772 1208 2841 juvenem
1230 2812 1249 2840 ,
1275 2775 1367 2830 cui
1392 2790 1594 2832 nomen
1626 2775 1865 2832 Aeacius
1889 2814 1905 2840 ,
1937 2775 2084 2845 inge-

2188 2782 2313 2819 τινα
2340 2767 2407 2837 τῇ
2438 2764 2654 2837 γνώμῃ,
2684 2763 2946 2837 φρόνιμον
2968 2765 3023 2820 δὲ
3050 2765 3128 2837 τῷ
3155 2765 3431 2839 λογισμῴο
3459 2767 3520 2833 ὃς
3547 2770 3788 2824 τοσαῦτα

494 2862 587 2917 nio
613 2861 876 2933 simplici,
906 2863 1000 2917 sed
1028 2862 1218 2918 animo
1249 2872 1446 2919 caetera
1471 2864 1701 2920 minime
1727 2864 2085 2935 imprudenti.

492 2950 594 3008 Hic
631 2952 836 3007 ab-illo
874 2951 1068 3009 tetrico
1112 2952 1393 3010 silicernio
1435 2962 1586 3010 tanta
1625 2969 1691 3010 ac
1717 2965 1828 3009 tam
1865 2953 2087 3025 indigna

490 3060 638 3117 saepe
671 3045 831 3113 tulit,
871 3046 951 3102 uti
982 3046 1173 3103 multis
1190 3045 1442 3103 fortasse
1479 3062 1567 3104 res
1598 3063 1766 3118 supra
1809 3047 1971 3104 fidem
2005 3049 2086 3103 vi-

490 3139 607 3194 deri
657 3139 853 3210 possit.
887 3138 1117 3211 Quippe
1173 3140 1270 3212 qui
1314 3156 1425 3197 non
1470 3141 1728 3197 convitiis
1772 3150 1983 3197 tantum
2030 3151 2087 3199 et

493 3233 841 3289 contumeliis
881 3232 1036 3289 illum
1081 3224 1374 3307 exagitarit
1397 3272 1412 3298 ,
1448 3234 1545 3290 sed
1572 3232 1815 3304 quotidie
1838 3234 2083 3290 verbcrio

494 3326 597 3379 lsus
624 3339 675 3381 et
705 3327 882 3398 plagis
915 3327 1058 3382 male
1088 3326 1355 3382 multarit.
1390 3325 1458 3381 Et
1488 3326 1726 3385 Aeacius
1745 3328 1930 3383 omnia
1955 3344 2085 3398 pru-

491 3419 687 3473 denter
728 3428 783 3474 et
818 3418 1096 3487 patienter
1138 3419 1466 3489 perferebat.
1506 3419 1809 3491 llunc~cgo
1851 3436 1976 3477 cum
2029 3421 2083 3475 in

484 3512 744 3583 singulos
773 3512 892 3567 dies
923 3512 1071 3567 velut
1110 3513 1420 3583 emptitium
1467 3514 1802 3586 mancipium
1845 3513 2084 3584 pessime

495 3606 716 3673 tractari
753 3620 1033 3660 cernerem
1055 3645 1071 3671 ,
1115 3621 1495 3675 saepenumero
1532 3616 1911 3663 occurrentem
1947 3608 2082 3663 allo-

2190 2856 2345 2930 παρὰ
2374 2857 2470 2912 τοῦ
2505 2857 2748 2912 τοιούτου
2779 2856 3035 2930 γέροντος
3062 2858 3377 2930 ὑπέμεινεν,
3407 2861 3507 2917 ὅσα
3546 2862 3646 2916 καὶ
3670 2864 3786 2927 τοῖς

2188 2948 2404 3013 πολλοῖς
2432 2948 2639 3003 ἄπιστα
2668 2948 2798 3013 ῐσως
2819 2946 2958 3004 εἶναι
2977 2949 3138 3015 δόξει.
3170 2952 3245 3006 Οὐ
3273 2951 3564 3026 μόνονγὰρ
3591 2952 3785 3027 ὕϐρεσι

2187 3042 2283 3098 καὶ
2306 3041 2555 3113 ἀτιμίαις
2579 3042 2766 3107 αὐτὸν,
2786 3042 2925 3097 ἀλλὰ
2947 3044 3039 3098 καὶ
3056 3043 3293 3115 πληγαῖς
3316 3044 3438 3099 καθ’
3460 3046 3674 3118 ἡμέραν
3692 3048 3785 3102 ἀν-

2186 3134 2526 3201 ισασάνιζεν.
2539 3130 2698 3209 Ἧνή
2719 3136 2962 3208 ὑπομονὴ
2979 3134 3147 3191 αὑτοῦ
3164 3137 3263 3190 οὐκ
3275 3136 3485 3207 ἄλογος.
3503 3137 3676 3209 Ὁρῶν
3687 3133 3785 3193 οὖν

2185 3227 2350 3281 αὐτὸν
2369 3226 2481 3298 ἐγὼ
2499 3226 2851 3298 καθ’ήμέραν
2868 3227 2946 3291 ὡς
2976 3227 3186 3298 ὠνητὸν
3204 3226 3391 3283 δοῦλον
3413 3228 3660 3301 ἐσχάτως
3680 3247 3783 3284 τα·-

2184 3317 2647 3392 λαιπωροῦντα,ὲν
2660 3318 2961 3390 ἀπαντήσει
2976 3319 3233 3383 πολλάκις
3245 3319 3433 3390 ἔλεγον
3445 3321 3582 3393 πρὸς
3594 3323 3781 3377 αὐτόν’
3841 3354 3853 3361 -

2188 3411 2256 3465 Ti
2281 3413 2450 3475 ἐστιν,
2476 3408 2673 3480 ἁδελφὲ
2726 3411 2984 3477 Ἀκάκιε;
3023 3411 3138 3476 πῶς
3172 3414 3205 3483 ή
3238 3413 3514 3484 σήμερονς
3545 3415 3656 3469 Καὶ
3684 3415 3773 3468 εὖ·

2186 3500 2283 3566 θὺς
2327 3503 2558 3567 ἐκεῖνος.
2631 3502 2764 3557 ποτὲ
2820 3502 2918 3575 μὶν
2950 3503 3231 3575 ὀφθαλμὸν
3274 3505 3774 3577 πεπελιδνωμένον,

2186 3594 2317 3648 ποτὲ
2358 3594 2414 3647 δὲ
2458 3594 2551 3649 τὸν
2593 3590 2885 3666 τράχηλον,
2924 3594 3116 3650 ἄλλοτε
3156 3595 3213 3650 δὲ
3267 3598 3370 3669 τὴν
3406 3598 3651 3670 κεφαλὴν
3683 3617 3778 3653 πε-

494 3704 655 3751 cutus
678 3695 790 3767 83
826 3715 838 3751 :
875 3695 1018 3763 Quid
1056 3705 1140 3751 est
1162 3740 1178 3764 ,
1225 3697 1448 3768 inquam
1470 3737 1484 3760 ,
1519 3697 1691 3753 frater
1718 3698 1925 3753 Aeaci?
1948 3715 2084 3770 quo-

2194 3687 2516 3758 πληγμένην
2557 3704 2646 3759 μοι
2685 3687 3023 3742 ὑπεδείκνυε.
3074 3687 3366 3744 Γινώσκων
3406 3686 3502 3744 οὖν
3533 3689 3665 3759 ἐγὼ,
3694 3692 3776 3745 ὅτι

495 3784 660 3841 modo
679 3785 845 3840 babes
868 3784 1066 3841 hodie?
1094 3783 1234 3841 Tum
1263 3786 1353 3843 ille
1377 3787 1513 3843 milii
1539 3802 1665 3844 mox
1690 3804 1835 3846 nunc
1858 3788 2087 3844 liventes

493 3874 729 3937 oculos,
772 3888 921 3929 nunc
968 3874 1158 3930 laesum
1213 3875 1455 3941 collum,
1506 3892 1654 3934 nunc
1702 3885 1868 3949 caput
1912 3877 2087 3947 plagis

494 3974 785 4019 contusum
809 3962 1070 4019 ostendit.
1099 3964 1171 4020 At
1198 3981 1320 4037 ego,
1349 3965 1495 4036 quod
1525 3981 1847 4037 germanum
1873 3966 2087 4036 patien-

486 4057 583 4111 tia:
611 4055 896 4110 alumnum
921 4054 1122 4111 scirem
1149 4073 1161 4109 :
1198 4053 1341 4111 Bene
1372 4056 1557 4118 habet,
1592 4058 1731 4112 bene
1761 4055 1960 4127 habet,
2002 4055 2087 4110 in-

484 4161 683 4217 quam,
715 4147 968 4214 sustine;
1014 4147 1250 4203 fructum
1281 4147 1557 4218 patientiae
1588 4146 1748 4202 feres.
1778 4144 1894 4201 iloc
1926 4154 2086 4217 pacto

485 4252 620 4292 cum
658 4238 997 4293 uovennium
1031 4246 1205 4294 totum
1234 4237 1380 4309 apud
1412 4238 1677 4293 immitem
1717 4238 1871 4293 illum
1898 4252 2083 4294 senem

494 4333 734 4389 Aeacius
762 4333 1074 4405 exegisset,
1124 4334 1191 4388 ad
1236 4332 1437 4387 coelum
1480 4328 1762 4401 profectus
1803 4336 1906 4386 est.
1954 4328 2086 4385 Post

493 4425 747 4495 quintum
785 4424 912 4480 inde
940 4423 1085 4479 diem
1115 4424 1377 4495 magister
1403 4423 1491 4479 ille
1517 4439 1696 4479 saevus
1724 4421 1909 4478 Acacii
1939 4437 2095 4495 mor:

497 4516 599 4582 tui,
626 4516 760 4572 abiit
792 4517 860 4571 ad
894 4516 1186 4586 quemdam
1223 4532 1253 4571 e
1287 4515 1595 4572 senioribus
1631 4515 1813 4585 magni
1843 4513 2084 4570 nominis

493 4608 673 4662 virum
696 4644 712 4674 ,
737 4623 901 4677 quem
931 4605 1163 4664 allatus:
1196 4609 1379 4673 Pater,
1414 4607 1624 4676 inquit,
1657 4606 1824 4663 frater
1849 4608 2083 4664 Acacius

494 4710 747 4757 mortuus
768 4709 872 4756 est.
896 4700 967 4755 At
994 4701 1198 4767 senior,
1227 4700 1331 4757 hoc
1354 4699 1575 4756 audito:
1603 4698 1778 4756 Crede
1808 4699 1964 4767 mihi,
1996 4700 2083 4754 in-

492 4794 644 4860 quit,
697 4800 850 4864 pater
876 4831 892 4859 ,
938 4807 1046 4848 non
1092 4790 1255 4848 credo
1297 4802 1598 4847 mortuum.
1642 4790 1781 4846 Tum
1822 4792 2084 4862 magister

491 4883 713 4940 Aeacii:
751 4881 908 4953 Veni,
939 4881 1138 4954 inquit,
1170 4891 1226 4938 ct
1251 4881 1391 4937 vide.
1424 4881 1677 4937 Surrexit
1702 4880 1853 4937 illico
1885 4890 2039 4952 pater
2065 4921 2079 4947 ,

490 4987 545 5033 et
587 4992 713 5032 cum
745 4977 838 5032 illo
874 4976 943 5032 ad
986 4976 1366 5032 cmmeterium
1410 4974 1610 5031 nobilis
1652 4988 1717 5029 ac
1748 4974 1890 5031 beati
1934 4976 2080 5032 illius

492 5069 693 5139 pngilis
757 5068 1086 5139 properavit.
1145 5065 1246 5123 Ubi
1300 5069 1368 5123 ad
1419 5067 1735 5137 sepulcrum
1791 5067 2078 5131 constitit,

387 5200 397 5209 .
464 5159 761 5217 exclamat
805 5168 997 5229 pater,
1038 5166 1092 5212 et
1138 5157 1286 5213 velut
1314 5157 1584 5212 viventem
1616 5156 1764 5228 (nam
1799 5171 1987 5212 revera
2026 5156 2079 5210 in

490 5252 676 5321 quiete
720 5259 1036 5307 sanctorum
1081 5250 1317 5322 vivebat)
1339 5250 1669 5322 compellans
1693 5266 1707 5305 :
1737 5249 1927 5305 Frater
1947 5251 2083 5305 Aca-

488 5349 538 5398 ci
563 5387 580 5412 ,
608 5344 824 5414 inquit,
864 5356 995 5398 esne
1026 5341 1323 5398 mortuus?
1366 5340 1465 5398 llic
1504 5343 1593 5398 ille
1624 5342 1916 5414 praeclarus
1948 5342 2080 5396 obe-

488 5435 708 5490 dientiae
741 5435 886 5489 filius
932 5435 1095 5489 etiam
1140 5447 1173 5488 a
1222 5440 1402 5488 morte
1443 5432 1721 5504 specimen
1753 5431 2078 5487 obedientiae

563 5526 745 5626 (a_)lta
776 5561 876 5601 nec
928 5546 1181 5601 voluntas
1239 5545 1488 5617 prasidis
1542 5544 1645 5600 sibi
1680 5543 1782 5615 ipsi
1826 5555 1910 5600 est
1953 5560 2087 5601 con-

491 5625 658 5754 "ﬁt?
669 5655 802 5739 Nota
822 5700 1062 5741 errorem
1083 5697 1322 5742 veterum
1344 5685 1700 5754 interpretum
1726 5701 1741 5739 :
1770 5687 1798 5738 6
1818 5685 1961 5738 πάνυ
2002 5682 2080 5739 fe-

490 5766 681 5811 cerunt
706 5770 1008 5824 cognomen
1033 5756 1259 5813 Joannis
1296 5754 1513 5824 Opanii,
1550 5769 1674 5810 cum
1697 5756 1770 5810 sit
1805 5755 1859 5808 in
1886 5754 2078 5811 Graeco

2190 3780 2429 3851 ἐργάτης
2457 3778 2627 3844 ἐστὶν,
2681 3778 2867 3847 ελεγον
2906 3778 3086 3851 αὐτῷ·
3134 3780 3354 3848 Καλῶς,
3404 3781 3606 3847 καλῶς,
3644 3783 3777 3837 61:6-

2189 3887 2392 3942 μεινον,
2428 3871 2523 3925 καὶ
2569 3871 2920 3944 ὠφεληθήσῃ.
2978 3873 3220 3945 Ποιήσας
3270 3871 3367 3929 οὖν
3408 3875 3513 3930 ὑπὸ
3550 3876 3644 3930 τὸν
3686 3876 3778 3944 γέ-

2187 3981 2351 4036 ροντα
2394 3963 2484 4017 τὸν
2525 3963 2721 4036 ἀνελεῆ
2766 3965 2974 4019 ἐκεῖνον
3042 3966 3198 4021 ἐννέα
3251 3966 3478 4039 χρόνους
3507 3968 3775 4042 ἐπορεύθη

2188 4055 2327 4127 πρὸς
2357 4055 2585 4127 Κύριον.
2610 4054 2891 4124 Ταφέντος
2912 4049 3009 4110 οὖν
3037 4057 3203 4111 αὐτοῦ
3229 4060 3288 4113 ἐν
3314 4058 3394 4132 τῷ
3429 4061 3776 4133 κοιμητηρίῳ

2186 4144 2294 4198 τῶν
2327 4145 2611 4216 Πατέρων,
2647 4145 2785 4216 μετὰ
2816 4146 2977 4200 πέντε
2994 4149 3032 4219 ἢ
3044 4148 3215 4223 μέρας
3245 4150 3459 4222 ἀπῆλθε
3484 4151 3621 4223 πρός
3652 4169 3777 4206 τινα

2185 4236 2418 4309 γέροντα
2437 4236 2614 4307 μέγαν
2642 4236 2751 4292 τῶν
2776 4238 2967 4293 αὐτόθι
2994 4243 3022 4294 6
3040 4241 3134 4296 τοῦ
3177 4242 3435 4297 Ἀκακίου
3456 4246 3771 4314 ἐπιστάτης,

2186 4327 2282 4382 καὶ
2312 4326 2463 4397 λέγει
2522 4326 2708 4399 αὐτῷ’
2756 4329 2961 4403 Πάτερ,
3008 4332 3291 4403 ὀάδελφὺς
3353 4334 3601 4398 Ἀκάκιος
3659 4336 3771 4387 ἀπι-

2185 4418 2396 4475 ἐθανεν.
2444 4420 2534 4485 Ὠς
2583 4420 2641 4474 δὲ
2678 4422 2911 4493 ήκουσεν
2948 4424 2976 4477 6
3025 4424 3224 4497 γέρων,
3250 4425 3502 4498 λέγειτῷ
3526 4426 3766 4480 εἰπόντι·

2185 4510 2504 4575 Πίστευσον,
2530 4512 2714 4584 γέρον,
2740 4515 2801 4569 οὐ
2836 4515 3120 4588 πειθομαι.
3157 4519 3216 4573 Ὀ
3237 4519 3295 4572 δέ
3328 4536 3493 4590 φησιν
3514 4536 3530 4553 ο
3569 4520 3770 4591 Ἔρχου

2185 4605 2281 4659 καὶ
2323 4605 2422 4659 ἴδε.
2494 4606 2723 4678 Ἀνέστη
2756 4609 2786 4660 6
2824 4609 3004 4680 γέρων
3051 4610 3305 4682 τάχιστα,
3352 4613 3449 4668 καὶ
3491 4612 3772 4684 καταλαμ-

2186 4695 2425 4751 ϐάνειτὸ
2459 4702 2822 4769 κοιμητήριον
2853 4701 2953 4756 σὺν
3002 4700 3081 4773 τῷ
3131 4702 3400 4777 ἐπιστάτῃ
3461 4702 3556 4758 τοῦ
3594 4720 3771 4775 μακα-

2187 4787 2304 4860 ρίου
2352 4788 2563 4843 πύκτου
2586 4806 2599 4819 ·
2631 4791 2724 4844 καὶ⁸
2770 4790 2872 4864 βοᾷ
2912 4792 2990 4858 ὡς
3041 4792 3206 4859 ζῶντι
3256 4795 3393 4866 πρὸς
3432 4796 3526 4850 τὸν
3558 4795 3770 4868 ἀληθῶς

2184 4882 2242 4934 ὲν
2261 4881 2520 4952 κοιμήσει
2545 4878 2747 4950 ζῶντα,
2800 4884 2896 4938 καὶ
2928 4884 3095 4953 λέγει·
3132 4887 3350 4958 ’Δδελφὲ
3386 4890 3632 4955 Ἀκάκιε,
3662 4893 3770 4945 ἀπ-

2185 4971 2409 5039 έθανες;
2454 4970 2513 5027 Ὀ
2552 4971 2611 5025 δὲ
2670 4972 2969 5047 εὐγνώμων
3001 4977 3265 5050 ὑπήκοος,
3295 4981 3390 5034 καὶ
3433 4981 3576 5051 μετὰ
3604 4982 3769 5036 θάνα-

2184 5080 2277 5117 τον
2317 5064 2569 5135 ὑπακοὴν
2616 5064 3049 5137 ἐνδεικνύμενος,
3093 5070 3430 5141 ἀπεκρίνατο
3477 5072 3617 5143 πρὸς
3675 5072 3768 5127 τὸν

2188 5157 2396 5227 μέγαν·
2449 5154 2596 5220 Πῶς,
2643 5156 2848 5230 Πάτερ,
2887 5159 3180 5215 ἀποθανεῖν
3222 5160 3448 5217 δυνατὸν
3478 5164 3767 5235 ἄνθρωπον

2187 5247 2436 5319 ὑπακοῆς
2469 5247 2711 5320 ἐργάτην
2731 5266 2745 5314 ;
2781 5249 2915 5303 Τότε
2937 5252 2966 5304 6
2985 5251 3168 5325 γέρων
3189 5254 3218 5308 6
3249 5252 3444 5326 πρώην
3467 5253 3631 5309 αὐτοῦ
3652 5253 3765 5325 (88)

2184 5340 2503 5420 ἐπιστάτηςῖ
2537 5339 2773 5411 ἔμφοϐος
2832 5342 3145 5414 γενόμενος,
3186 5344 3282 5398 ἐπὶ
3322 5346 3617 5418 πρόσωπον
3669 5347 3768 5399 σὺν

2184 5431 2419 5504 δάκρυσι
2472 5432 2659 5499 ἔπεσε,
2721 5435 2816 5489 καὶ
2879 5436 3244 5509 αἰτησάμενος
3290 5438 3383 5493 τὸν
3427 5440 3527 5511 τῆς
3561 5438 3768 5511 λαύρας

2207 5547 2461 5624 Ἰωάννης
2491 5567 2580 5621 μοι
2602 5551 2630 5603 6
2657 5550 2820 5615 πάνυ,
2840 5549 3074 5624 Joannes
3097 5554 3248 5608 valde
3277 5554 3531 5621 illustris,
3552 5556 3762 5624 nobilis,

2186 5617 2389 5694 clarus,
2417 5617 2685 5694 magnus;
2724 5622 2971 5694 exempla
2994 5625 3197 5693 passim
3230 5617 3565 5694 occurrunt;
3630 5617 3762 5682 sub;

2186 5689 2407 5769 auditur
2444 5689 2756 5769 pé?aq,_vel
3073 5696 3155 5749 vel
3185 5695 3287 5769 lioc
3312 5712 3484 5764 genus
3536 5689 3762 5769 aliquid,

2188 5775 2278 5829 μοι
2312 5761 2340 5813 6
2389 5762 2549 5827 πάνυ,
2589 5763 2719 5817 mihi
2752 5761 2906 5818 valde
2925 5763 3136 5831 chorus,
3174 5761 3474 5837 ἀγαπητός.
