4110 6436
265 461 379 527 721
1309 462 1541 522 SCALA
1571 463 1956 528 PARADISI.
1983 491 2051 503 -
2080 465 2393 528 GRADUS
2424 466 2498 527 IV
3472 459 3580 520 722

267 573 588 649 ἡγούμενον
626 573 854 653 πλησίον
876 571 970 628 τοῦ
1014 574 1300 646 μνήματος
1341 574 1576 640 κελλίον,
1612 578 1731 630 ἐκεῖ
1769 595 1877 631 σω-

2001 580 2317 635 irwbiturus
2366 597 2379 634 :
2451 575 2778 644 Quomodo,
2840 573 3049 644 inquit,
3120 573 3191 626 mi
3240 580 3421 643 pater,
3468 573 3586 628 litari

264 667 494 738 φρόνως
522 666 709 722 λοιπὸν
756 666 940 738 ἔζησε,
974 665 1152 735 λέγων
1192 667 1280 721 ἀεὶ
1305 670 1418 732 τοῖς
1454 671 1757 741 Πατράσιν,
1796 672 1881 724 ὅτι

2001 681 2159 727 ιοιρει
2188 711 2204 735 .
2259 682 2320 726 ιιι
2371 687 2534 725 verus
2584 668 2911 725 obedientize
2961 667 3220 721 alumnus
3272 666 3583 727 tuuriutmz?

261 759 448 813 Φόνον
491 758 793 831 πεποίηκα.
852 758 1010 831 Ἐμοὶ
1046 758 1215 826 δοκεῖ,
1262 758 1446 832 Πάτερ
1508 762 1754 833 Ἰωάννη,
1790 764 1881 817 τὸν

2001 782 2096 820 ,um
2124 781 2253 820 vero
2286 767 2471 821 senior
2505 764 2594 819 ille
2620 762 2806 818 Acacii
2849 761 3003 832 prius
3041 763 3356 823 moderator
3391 762 3592 821 attoni-

270 851 459 920 μέγαν
471 849 663 922 τοῦτον
692 850 949 921 Ἰωάννην
966 845 1107 904 εἶναι
1127 850 1220 904 τὸν
1240 850 1318 921 τῷ
1340 850 1518 922 νεκρῷ
1542 852 1678 923 λαλή
1688 870 1876 907 σαντα.

2004 873 2068 913 us
2108 871 2233 912 cum
2282 857 2544 929 lacrymis
2586 856 2641 911 in
2687 855 2882 911 faciem
2941 853 3220 924 proiectus
3248 893 3261 916 ,
3305 851 3496 931 petivit
3523 854 3591 909 ab

268 941 396 995 Kal.
418 941 607 1012 ἓτερον
632 942 743 1011 γάρ
779 958 868 1013 μοι
895 940 972 1006 ὡς
1017 942 1148 1013 περὶ
1182 940 1345 996 ἄλλου
1398 943 1547 1007 τινὸς
1577 943 1880 1015 διηγήσατο

2001 963 2148 1003 aura:
2199 948 2593 1003 cmuohiarcha
2651 946 2894 1002 vicinum
2934 946 3145 1000 tumulo
3195 942 3588 1010 domicilium,

266 1037 307 1104 ή
357 1032 608 1105 μακαρία
642 1031 809 1087 αὑτοῦ
850 1032 1036 1104 ψυχή’
1089 1028 1160 1105 ἦν
1202 1033 1261 1088 δὲ
1300 1033 1488 1101 αὐτὸς,
1525 1033 1601 1098 ὡς
1647 1034 1876 1106 ὕστερον

2001 1040 2084 1095 ubi
2115 1040 2382 1111 reliquam
2414 1055 2633 1097 omnem
2656 1042 2824 1097 vitam
2851 1053 2978 1096 cum
3016 1054 3215 1110 magna
3264 1038 3434 1092 animi
3474 1051 3591 1090 mo-

268 1124 537 1197 ἀκριϐῶς
567 1124 764 1195 μαθεῖν
784 1123 1085 1196 ἠδυνήθην.

2001 1129 2157 1187 lestia
2208 1141 2263 1188 et
2309 1133 2678 1190 submissione
2715 1132 2938 1203 exegit,
2991 1130 3289 1186 identidem
3338 1129 3591 1201 patribus

267 1218 591 1274 dictitans:
631 1215 1003 1274 Homicidium
1054 1217 1181 1274 feci.
1234 1216 1400 1275 Pater
1453 1217 1695 1275 Joannes
1748 1218 1880 1273 mihi
1926 1210 2141 1279 videtur
2182 1224 2271 1281 ille
2314 1225 2431 1296 ipse
2458 1226 2698 1283 eximius
2745 1223 2988 1280 Joannes
3050 1222 3271 1288 fuisse;
3321 1222 3413 1292 qui
3463 1236 3590 1275 cum

268 1309 549 1367 defuncto
581 1311 986 1368 sermocinatus
1013 1320 1133 1377 est,
1173 1320 1229 1367 et
1274 1314 1435 1369 nobis
1490 1313 1604 1369 lucc
1657 1314 1924 1382 exposuit.
1983 1315 2097 1389 84
2136 1316 2271 1374 Nam
2306 1319 2500 1375 beatus
2531 1318 2621 1375 ille
2654 1319 2737 1375 vir
2783 1326 2840 1374 et
2870 1316 3023 1373 aliud
3059 1315 3192 1377 mihi
3223 1322 3486 1384 tauquam
3520 1311 3591 1371 de

175 1487 183 1495 .
267 1406 398 1462 alio
434 1404 718 1473 narravit,
757 1406 904 1476 quod
935 1415 1125 1477 postea
1164 1405 1240 1461 illi
1281 1406 1384 1478 ipsi
1416 1406 1718 1477 contigisse
1745 1414 1897 1461 certo
1921 1411 2176 1479 ceguovi.

312 1510 315 1515 '
369 1500 771 1571 Ἐμαθήτευσε,
806 1499 995 1571 φησὶν,
1028 1500 1216 1573 ἕτερός
1254 1516 1342 1564 τις
1376 1502 1435 1554 ὲν
1462 1503 1532 1571 τῇ
1572 1500 1710 1572 αὑτῇ
1748 1501 1884 1571 μονῇ

269 1594 383 1665 τῆς
442 1592 631 1656 Ἀσίας
701 1591 923 1664 μοναχῷ
974 1610 1084 1648 τινι
1132 1593 1296 1664 πράῳ
1349 1592 1446 1646 καὶ
1495 1593 1751 1657 ἐπιεικεῖ,
1793 1592 1889 1645 καὶ

273 1684 502 1757 ήσυχίῳ
522 1699 539 1714 ο
585 1684 681 1738 καὶ
728 1683 871 1756 ὀρῶν
915 1685 1114 1740 ἑαυτὸν
1144 1684 1251 1738 ὑπὸ
1276 1683 1373 1738 τοῦ
1397 1682 1659 1755 γέροντος
1694 1682 1771 1748 ὡς
1804 1701 1887 1738 τι-

281 1778 548 1849 μώμενον
576 1776 674 1832 καὶ
710 1776 822 1848 (89)
859 1775 1391 1849 περιφρονούμενον,
1446 1776 1747 1830 σκέπτεται
1789 1770 1889 1830 κὰ-

2056 1502 2211 1573 Erat,
2250 1507 2448 1578 inquit,
2485 1508 2539 1562 in
2573 1506 2763 1563 eodem
2795 1503 2939 1561 Asia:
2969 1502 3225 1560 cmuohio
3251 1502 3393 1557 alius
3427 1501 3591 1570 quis-

1985 1594 2131 1664 piam
2164 1596 2320 1651 alteri
2352 1596 2471 1653 viro
2500 1597 2762 1667 religioso
2800 1604 2855 1652 et
2900 1593 3106 1651 seniori
3148 1593 3202 1647 iu
3243 1590 3587 1661 disciplinam

1985 1688 2253 1753 traditus,
2300 1688 2513 1744 homini
2562 1688 2717 1744 valde
2758 1686 3068 1753 moderati,
3109 1683 3252 1755 equi
3301 1691 3356 1739 et
3415 1683 3589 1739 sedati

1985 1782 2231 1853 ingenii,
2288 1782 2381 1839 sed
2417 1783 2525 1838 tiro
2556 1782 2646 1837 ille
2668 1822 2683 1848 ,
2724 1796 2849 1841 cum
2878 1780 3088 1836 videret
3134 1794 3193 1835 se
3227 1778 3297 1833 ab
3335 1793 3438 1835 suo
3472 1792 3592 1831 ma-

281 1873 399 1936 λῶς
454 1873 593 1946 ὅπερ
638 1870 855 1935 πολλοῖς
901 1870 1195 1943 σφαλερὸν,
1261 1870 1357 1925 καὶ
1392 1870 1638 1924 δυσωπεῖ
1672 1869 1766 1925 τὸν
1788 1869 1886 1939 γέ-

2001 1874 2162 1947 gistro
2189 1873 2295 1931 coli
2323 1882 2380 1930 et
2401 1873 2685 1931 observari
2705 1913 2721 1938 ,
2768 1872 3048 1944 sapienter
3075 1871 3218 1941 apud
3252 1885 3313 1926 se
3362 1870 3481 1929 rem,
3507 1868 3592 1923 di-

289 1981 459 2035 ροντα
496 1963 769 2019 ἀπολῦσαι
810 1963 993 2019 αὐτόν.
1035 1961 1165 2034 Εἶχε
1207 1963 1318 2035 γὰρ
1360 1963 1455 2017 καὶ
1499 1962 1691 2033 ἕτερον
1717 1963 1889 2034 μαθη.

291 2055 418 2126 τὴν,
468 2056 563 2110 καὶ
612 2055 679 2109 οὐ
722 2054 861 2111 πάνυ
890 2049 961 2126 ἦν
984 2054 1045 2109 re
1072 2056 1359 2126 γινόμενον
1383 2055 1658 2127 λυπηρόν.
1705 2054 1888 2127 Ἐξὲρ-

295 2166 456 2219 χεται
483 2145 578 2204 οὖν
615 2148 678 2214 se
702 2148 868 2204 αὑτοῦ
918 2149 1015 2203 καὶ
1050 2148 1290 2221 καθιστᾷ
1335 2148 1529 2204 ἑαυτὸν
1564 2148 1634 2202 δι’
1664 2150 1886 2202 ἐπιστο-

290 2240 396 2309 λῆς
425 2240 522 2295 τοῦ
566 2240 877 2296 ἐπιστάτου.
910 2239 967 2294 ἐν
1025 2256 1133 2296 τινι
1184 2240 1294 2293 τῶν
1346 2241 1491 2294 κατά
1543 2239 1637 2294 τὸν
1683 2238 1888 2294 Πόντον

290 2332 588 2388 κοινοὸίων
613 2348 626 2361 ’
670 2334 765 2388 καὶ
806 2334 875 2405 τῇ
914 2332 1123 2406 πρώτῃ»
1146 2335 1323 2399 νυκτὶ,
1378 2320 1602 2406 καθ’ἥν
1630 2334 1885 2406 εἰσῆλθεν

284 2427 374 2486 είς
419 2425 483 2478 τὺ
513 2425 806 2492 κοινόσιον,
832 2427 938 2497 ὁρᾷ
968 2425 1112 2479 κατὰ
1142 2427 1270 2489 τοὺς
1308 2425 1515 2490 ὕπνους
1545 2426 1743 2480 ἑαυτὸν
1776 2427 1886 2481 ὑπό

284 2533 456 2571 τινων
478 2516 959 2589 λογοθετούμενον,
1004 2520 1098 2572 καὶ
1132 2517 1274 2589 μετὰ
1321 2519 1383 2573 τὸ
1421 2520 1577 2583 τέλος
1600 2517 1885 2589 τοῦφοσε-

287 2608 545 2679 τιμιωτάτου
572 2608 784 2663 ἐκείνου
811 2608 1145 2677 λογοθεσίου,
1178 2609 1575 2682 λοιπαζόμενον
1597 2611 1693 2666 καὶ
1713 2629 1890 2683 χρεω-

284 2700 539 2754 στοῦντα
608 2700 835 2771 χρυσίου
884 2699 1076 2772 λίτρας
1125 2702 1339 2756 ἑκατόν.
1409 2702 1759 2766 Διυπνισθεὶς
1793 2697 1889 2756 οὖν

284 2790 485 2863 ἔκρινε
517 2791 578 2845 τδ
601 2791 821 2863 ὁραοὲν,
843 2791 939 2847 καὶ
960 2787 1084 2847 εἷπε
1106 2810 1122 2827 ο
1147 2793 1387 2848 Ταπεινὲ
1424 2794 1664 2866 Ἀντίοχε
1698 2792 1891 2866 (τοῦτο

287 2882 417 2954 γὰρ
438 2877 511 2953 ἦν
542 2882 713 2955 ὄνομα
740 2883 892 2954 αὒτῷ
909 2883 951 2955 ),
984 2884 1159 2950 ὄντως
1189 2885 1366 2940 πολλὰ
1389 2884 1769 2957 λοιπαζόμεθα
1790 2885 1887 2941 τοῦ

290 2973 500 3044 χρέους
522 2975 554 3044 ή
564 2972 702 3044 μῶν.
733 2973 820 3039 ὀς
852 2970 1188 3048 οὖνεεμεινα,
1234 2976 1426 3048 φησὶν,
1453 2977 1512 3031 ιν
1529 2976 1609 3048 τῷ
1638 2976 1892 3049 κοινοσίῳ

289 3066 527 3138 χρόνους
565 3069 717 3138 τρεῖς
774 3069 846 3122 ἰν,
868 3068 1177 3141 ἀδιακρίτῳ
1222 3069 1461 3141 ὑπακοῇ,
1510 3069 1620 3125 ὑπὸ
1669 3069 1891 3125 πάντων

293 3161 375 3222 ὡς
414 3158 569 3225 ξένος
617 3160 1030 3233 εὐτελιζόμενος
1060 3164 1156 3216 καὶ
1184 3161 1507 3234 θλισὸμενος
1567 3162 1652 3234 (οὐ
1680 3164 1789 3239 γὰρ
1821 3159 1891 3237 ἦν

1990 1965 2200 2037 spexit,
2234 1980 2401 2037 quam
2430 1964 2617 2021 multis
2648 1978 2793 2035 stepe
2820 1963 3185 2035 periculosam
3216 1969 3270 2016 et
3295 1960 3587 2016 exitiosam

1990 2058 2162 2116 fuisse
2189 2065 2535 2131 recoguoral.
2566 2056 2765 2128 Itaque
2785 2056 2938 2112 venia
2970 2055 3204 2117 abeundi
3235 2055 3397 2125 petita
3420 2096 3433 2118 ,
3472 2068 3590 2117 ma:

1990 2148 2221 2219 gistrum
2270 2163 2432 2205 suum
2461 2189 2477 2215 ,
2506 2155 2566 2204 ut
2598 2147 2963 2203 dimitteretur
2988 2188 3003 2212 ,
3034 2146 3277 2215 rogavit.
3312 2141 3468 2221 Quod
3502 2157 3591 2197 se-

1990 2241 2133 2297 niori
2164 2256 2272 2297 non
2302 2248 2521 2312 poterat
2546 2255 2667 2297 esse
2693 2240 2852 2295 valde
2879 2239 3173 2299 molestum
3202 2278 3216 2303 ,
3254 2252 3380 2292 cum
3415 2235 3587 2292 alium

1991 2335 2215 2391 haberet
2247 2333 2578 2404 discipulum
2612 2334 2677 2389 ad
2706 2346 2957 2389 manum.
3006 2330 3138 2387 inde
3166 2345 3297 2398 ergo
3326 2345 3452 2386 cum
3500 2327 3589 2382 sui

1990 2425 2242 2499 praesidis
2266 2425 2732 2488 commendatitils
2762 2439 3053 2495 egressus,
3099 2437 3160 2479 se
3206 2420 3271 2476 ad
3305 2420 3584 2491 quoddam

1991 2520 2044 2575 in
2074 2518 2594 2585 Pontocmnohium
2621 2517 2874 2584 contulit,
2905 2515 3055 2588 quod
3089 2514 3375 2585 ingressus
3408 2511 3587 2583 prima

1992 2612 2177 2669 statim
2203 2620 2361 2668 noete
2394 2608 2546 2667 visus
2576 2619 2662 2666 est
2697 2609 2803 2665 sibi
2839 2606 3140 2665 secundum
3157 2604 3397 2675 quietem
3419 2616 3586 2674 quos-

1991 2703 2116 2760 dam
2156 2704 2341 2760 videre
2368 2702 2463 2776 qui
2492 2702 2737 2758 rationes
2768 2700 2867 2757 abs
2899 2713 2959 2756 se
2988 2696 3267 2769 exigerent
3292 2736 3307 2759 ,
3345 2708 3581 2763 seseque

1993 2806 2115 2867 post
2161 2796 2502 2853 tremendum
2538 2795 2672 2852 illud
2724 2800 2781 2848 et
2814 2788 3152 2848 horrendum
3186 2786 3459 2843 examinis
3487 2785 3590 2839 tri-

1992 2889 2156 2945 bunal
2204 2898 2423 2945 centum
2473 2889 2594 2945 auri
2640 2885 2822 2958 pondo
2872 2881 3300 2955 repetundarum
3340 2877 3591 2948 postula—

1994 2994 2130 3039 tum.
2184 2982 2572 3053 Experrectum
2624 2995 2757 3049 ergo
2810 2977 2879 3034 de
2933 2976 3149 3047 obiecto
3208 2987 3306 3043 per
3330 2985 3587 3026 somnum

1992 3077 2113 3132 viso
2134 3075 2279 3131 serio
2306 3073 2576 3146 cogitasse
2602 3070 2927 3129 acdixisse:
2960 3065 3177 3131 infelix,
3202 3066 3449 3135 inquam,
3474 3062 3593 3116 An-

1995 3169 2177 3226 tioche
2204 3168 2366 3242 (nam
2415 3167 2472 3223 id
2526 3166 2608 3222 illi
2648 3178 2850 3221 nomen
2883 3160 3034 3231 erat)
3065 3158 3214 3231 gravi
3244 3171 3440 3213 revera
3482 3170 3626 3211 aere.

297 3254 485 3308 ἐκεῖσε
519 3253 680 3318 ἄλλος
706 3254 940 3326 μοναχδς
961 3252 1159 3325 ξένος),
1189 3255 1382 3329 θεωρῶ
1414 3256 1580 3310 πάλιν
1595 3256 1740 3311 κατὰ
1765 3257 1893 3322 τοὺς

2001 3259 2175 3315 alieno
2215 3257 2461 3329 oppressi
2508 3270 2726 3312 sumas.
2766 3247 3141 3309 Perseveravi'
3161 3262 3295 3320 ergo
3334 3247 3390 3302 in
3451 3246 3548 3301 illo
3572 3284 3589 3310 .

299 3346 510 3411 ὕπνους
555 3348 678 3403 τινα
722 3348 885 3405 δόντα
913 3366 1003 3420 μοι
1040 3347 1318 3413 ἀπόδειξιν
1358 3349 1495 3404 δέκα
1544 3347 1748 3421 λιτρῶν
1792 3348 1892 3403 τοῦ

302 3439 503 3510 χρέους
549 3457 671 3512 μου.
717 3441 1069 3506 Διυπνισθεὶς
1106 3436 1224 3504 οὖν,
1257 3440 1434 3509 ἔγνων
1474 3440 1536 3495 τὸ
1559 3440 1767 3511 ὅραμα,
1801 3441 1897 3495 καὶ

302 3530 477 3599 λέγω·
504 3532 708 3605 ’Δκμὴν
717 3533 874 3596 δέκα.
895 3534 991 3589 καὶ
1004 3534 1134 3588 πότε
1150 3534 1258 3604 ἄρα
1277 3533 1458 3602 μέλλω
1468 3533 1687 3605 ἀποπλη
1696 3532 1894 3605 primat;

254 3694 269 3703 ἱ
305 3622 453 3676 Τότε
502 3623 644 3692 λέγω
688 3624 942 3697 ἐμαυτῷ·
982 3625 1221 3679 Ταπεινὶ
1261 3624 1525 3696 Ἄντίοχε,
1569 3626 1898 3699 περισσοτέ-

302 3732 409 3787 ρου
440 3714 610 3769 κόπου
634 3718 731 3771 καὶ⁵
758 3717 985 3787 ἀτιμίας
1019 3717 1181 3789 χρεία
1206 3733 1220 3747 ·
1260 3718 1326 3771 ἐκ
1366 3717 1488 3770 τότε
1522 3712 1618 3772 οὖν
1643 3718 1901 3792 ἠρξάμην

302 3804 398 3858 τὸν
437 3804 633 3875 ἔξηχον
683 3806 1083 3877 ὑποκρίνεσθαι
1111 3808 1186 3879 μὴ
1218 3807 1407 3877 μέντοι
1439 3808 1630 3879 ἀργῶν
1654 3810 1752 3881 τῆς
1785 3810 1902 3865 δια-

301 3899 499 3962 κονίας
527 3900 589 3953 τὸ
620 3900 874 3955 σύνολονσ
905 3900 1030 3956 ὅθεν
1070 3900 1308 3972 ὁρῶντές
1342 3919 1408 3972 με
1445 3904 1503 3955 ὲν
1541 3905 1771 3977 τῇταύτῇ
1806 3906 1898 3961 τά·

305 3992 397 4056 ξει
438 3993 533 4046 καὶ
571 3993 857 4067 προθυμίᾳ
872 3995 921 4048 οί
950 3994 1144 4066 ἀνελεή
1156 4011 1315 4065 μονες
1340 3995 1609 4069 Πατέρες,
1636 3998 1816 4053 πάντα
1834 4000 1904 4055 τὰ

302 4083 413 4153 τῆς
448 4084 619 4153 μονῆς
664 4102 754 4155 μοι
803 4085 979 4162 βαρέα
1027 4086 1167 4159 ἔργα
1211 4088 1533 4146 ἐπέταττον.
1582 4092 1904 4163 Ἐπιμείνας

303 4171 405 4229 οὖν
441 4177 508 4247 τῇ
534 4176 761 4249 τοιαύτῃ
784 4177 1033 4250 διαγωγῇ
1060 4181 1155 4234 ἐπὶ
1174 4182 1439 4255 δεκατρία
1467 4183 1585 4256 ἔτη,
1616 4178 1756 4237 εἶδον
1776 4185 1906 4248 τοὺς

308 4266 511 4340 πρώην
539 4267 808 4338 ὀφθέντας
827 4286 917 4341 μοι
938 4270 1190 4337 ἐλθόντας
1206 4270 1386 4340 αὖθις,
1407 4276 1501 4328 καὶ
1526 4274 1741 4330 τελείαν
1768 4276 1906 4346 ἀμε-

312 4360 542 4430 ριμνίαν
573 4361 675 4416 τοῦ
710 4362 908 4434 χρέους
932 4381 1024 4434 μοι
1050 4364 1393 4436 γράψαντας.
1423 4368 1553 4421 Ὀτε
1577 4363 1672 4421 οὖν
1691 4369 1740 4420 εί
1765 4366 1907 4420 ἑθλι-

309 4453 408 4508 δόν
441 4471 535 4526 με,
582 4454 682 4526 τῆς
728 4455 901 4528 μονῆς
942 4456 1001 4511 ἐν
1040 4474 1148 4513 τινι
1182 4458 1276 4513 τοῦ
1323 4459 1524 4531 χρέους
1563 4477 1666 4531 μου
1716 4460 1909 4529 ὖπομιυ

315 4545 726 4617 μνησκόμενος,
753 4547 1019 4616 γενναίως
1059 4549 1358 4624 ὑπέφερον,
1386 4549 1576 4606 ταῦτα
1590 4568 1681 4621 μοι
1712 4551 1743 4604 ὁ
1773 4551 1909 4605 πάν-

315 4654 485 4707 σοφος
525 4639 805 4712 Ἰωάννης,
834 4641 1018 4712 Πάτερ
1044 4641 1288 4713 Ἰωάννη,
1304 4643 1382 4708 ὡς
1405 4645 1469 4698 ὲκ
1490 4644 1785 4716 προσώπου
1818 4644 1914 4716 δῆ-

315 4724 412 4777 θεν
446 4724 611 4781 ἄλλου
632 4728 935 4800 διηγήσατο
956 4747 969 4761 ·
1011 4729 1095 4785 διὸ
1119 4733 1214 4786 καὶ
1249 4732 1522 4804 ’Δντίοχον
1552 4734 1747 4788 ἑαυτὸν
1785 4751 1914 4805 μετ-

315 4814 629 4886 ωνόμασεν.
685 4814 855 4886 Οὗτος
902 4821 961 4876 δὲ
1036 4817 1105 4894 ἦν
1170 4823 1248 4887 ὡς
1307 4822 1528 4895 ἀληθῶς
1570 4826 1599 4879 ὁ
1642 4824 1704 4878 τὸ
1730 4825 1912 4896 χειρό-

317 4923 539 4979 γραφον
590 4910 658 4965 δι’
699 4912 982 4985 ὑπομονῆς
1027 4912 1328 4987 διαρρήξας
1373 4914 1673 4983 γενναίωςο
1702 4911 1815 4979 οἷος
1855 4916 1915 4969 δὲ

317 4998 418 5052 καὶ
459 5000 653 5069 γέγονε
698 5002 1040 5076 διακριτικδς
1078 5006 1108 5059 ὁ
1147 5005 1295 5070 ὅσιος
1327 5003 1395 5059 ἐκ
1419 5005 1514 5077 τῆς
1539 5006 1719 5077 ἄκρας
1744 5007 1913 5062 αὐτοῦ

320 5091 598 5163 ὑπακοῆς,
628 5094 976 5166 ἀκούσωμεν.

2000 3352 2197 3425 inquit,
2221 3350 2480 3408 emnobio
2500 3358 2612 3405 tres
2635 3361 2811 3403 annos
2840 3345 2961 3401 sine
2983 3342 3304 3400 discrimine
3329 3338 3595 3395 omnibus
3624 3389 3630 3394 .

2000 3445 2324 3515 subjectus,
2369 3441 2437 3497 ab
2470 3440 2729 3497 omnibus
2786 3446 3047 3508 tanquam
3109 3433 3441 3490 adventitius
3500 3431 3598 3485 dc-

2002 3546 2226 3609 spectus
2248 3577 2263 3603 ,
2290 3534 2539 3605 alzjecttts
2556 3541 2609 3588 et
2628 3531 2881 3586 atllietus.
2906 3528 3078 3584 Nemo
3114 3526 3262 3583 enim
3304 3524 3446 3579 alius
3484 3523 3598 3577 illic

2001 3628 2325 3701 peregrinus
2354 3634 2474 3681 erat
2499 3633 2695 3696 praeter
2722 3638 2828 3680 me.
2860 3624 3087 3677 Rursus
3108 3634 3241 3690 ergo
3272 3627 3395 3689 post
3423 3616 3598 3672 trien-

2003 3723 2159 3784 nium
2205 3721 2271 3776 ad
2303 3732 2533 3777 examen
2582 3716 2785 3772 citatus
2811 3757 2827 3783 ,
2860 3713 3023 3770 video
3061 3728 3160 3783 per
3190 3710 3467 3767 somnium
3506 3708 3603 3765 de-

2003 3830 2123 3869 cem
2152 3814 2420 3869 duntaxat
2455 3809 2578 3866 auri
2613 3808 2878 3865 librarum
2912 3804 3248 3863 debitionem
3276 3800 3603 3859 remissam.

2006 3905 2145 3962 Tum
2192 3920 2321 3962 vero
2374 3912 2500 3975 post
2543 3902 2780 3975 quietem
2833 3899 3111 3955 intellecto
3166 3896 3335 3968 probe
3384 3893 3598 3949 caelesti

2005 4000 2163 4056 viso:
2201 4013 2295 4069 per
2325 3995 2620 4052 triennium
2660 4008 2760 4065 pro
2789 3991 2902 4064 35
2949 3992 3138 4047 decem
3172 3997 3382 4043 tantum
3414 3986 3598 4057 pondo

2007 4089 2285 4155 satisfeci,
2312 4085 2600 4157 ecquando
2620 4083 2788 4139 miser
2815 4082 2999 4137 omnia
3021 4079 3242 4135 nomina
3267 4076 3601 4133 dissolvam?

2008 4181 2152 4250 Ergo
2188 4192 2401 4234 mecum
2448 4175 2599 4245 ipse,
2630 4171 2895 4227 vilissime
2935 4168 3207 4225 Antioche
3230 4208 3245 4234 ,
3289 4166 3486 4238 majori
3521 4165 3604 4219 la-

2010 4274 2141 4329 bore
2186 4285 2324 4341 opus
2358 4275 2479 4332 est,
2511 4274 2575 4322 et
2604 4261 2953 4337 gravioribus
2996 4258 3353 4318 contumeliis
3411 4271 3604 4313 assue-

2010 4362 2297 4425 scendum,
2313 4367 2375 4415 ut
2395 4366 2563 4414 totam
2583 4353 2752 4411 debiti
2768 4353 3139 4426 syngrapham
3167 4351 3411 4408 aboleas.
3446 4345 3605 4402 Dein-

2013 4469 2141 4525 ceps
2168 4467 2302 4524 ergo
2345 4450 2495 4507 fatui-
2523 4463 2814 4521 personam
2844 4444 3054 4515 sumpsi
3082 4483 3099 4511 ,
3128 4458 3237 4499 non
3269 4454 3449 4498 tamen
3480 4454 3605 4495 om~

2014 4548 2154 4603 nino
2179 4553 2362 4602 mente
2387 4543 2654 4601 destituti.
2695 4540 2855 4609 Quod
2896 4538 2991 4596 ubi
3040 4537 3233 4592 Patres
3261 4532 3609 4590 animadver-

2019 4651 2155 4702 tere,
2185 4632 2477 4708 meamque
2505 4634 2670 4693 simul
2702 4622 2874 4689 animi
2909 4630 3247 4686 alacritatem
3273 4668 3288 4693 ,
3324 4624 3610 4680 nihilomi—

2016 4745 2122 4787 nus
2148 4729 2203 4783 in
2228 4726 2484 4784 obeundo
2514 4738 2637 4781 meo
2658 4723 2836 4781 oillcio
2858 4735 3104 4786 sensere,
3138 4713 3609 4773 immisericordes

2017 4824 2096 4879 illi
2132 4821 2319 4877 omnia
2357 4817 2676 4875 monasterii
2714 4815 2942 4872 molesta
2977 4823 3032 4869 et
3070 4811 3256 4884 gravia
3284 4823 3451 4866 onera
3484 4818 3614 4861 tau-
3670 4860 3675 4879 ,_

2022 4927 2187 4985 quam
2206 4915 2568 4982 purgamento
2586 4907 2827 4963 emnobii
2848 4900 3311 4975 imposuere.Quo
3331 4900 3386 4955 in
3413 4913 3616 4971 genere

2022 5006 2150 5060 vita:
2175 5018 2303 5059 cum
2351 5015 2528 5057 annos
2569 4997 2829 5055 tredecim
2858 4997 3145 5053 durassent
3172 5033 3188 5058 ,
3225 5007 3444 5048 rursum
3471 5002 3616 5059 quos

2020 5098 2256 5171 primum
2296 5095 2535 5151 videram
2577 5100 2864 5149 exactores
2896 5089 3199 5150 rationum,
3236 5084 3375 5140 mihi
3399 5082 3614 5140 oblatos

319 5186 547 5253 aspexi,
574 5189 668 5258 qui
694 5191 827 5246 mihi
855 5191 1022 5248 totius
1045 5191 1215 5248 debiti
1253 5193 1563 5265 syngrapha
1585 5194 1909 5266 perscripta,
1950 5208 2115 5251 omne
2172 5190 2417 5249 debitum
2482 5189 2777 5244 remissum
2802 5184 3181 5241 ostenderunt.
3213 5177 3321 5233 Illis
3350 5190 3481 5245 ergo
3509 5189 3615 5230 au-

320 5276 416 5332 nis
446 5292 573 5333 cum
610 5297 697 5337 me
725 5292 910 5354 patres
940 5283 1243 5356 allligerent
1266 5325 1284 5351 ,
1346 5300 1564 5359 semper
1595 5302 1806 5344 memor
1865 5287 1991 5344 aeris
2028 5285 2233 5353 alieni,
2266 5284 2451 5340 omnia
2482 5282 2686 5337 invicto
2721 5280 2906 5337 animo
2931 5273 3299 5333 exantlabam.
3328 5270 3454 5329 Haec
3480 5272 3617 5328 mihi

320 5370 775 5441 sapientissimus
803 5376 893 5433 ille
915 5375 1187 5443 Joannes,
1232 5378 1309 5434 mi
1372 5367 1530 5451 pater
1593 5378 1871 5447 Joannes,
1914 5398 1982 5437 ex
2021 5382 2198 5437 aliena
2241 5393 2473 5450 persona
2498 5377 2569 5433 de
2599 5376 2783 5447 seipso
2832 5382 3092 5442 tanquam
3122 5368 3189 5423 de
3216 5365 3327 5422 alio
3354 5366 3621 5423 denarra-

321 5465 405 5518 vit
433 5478 614 5535 eoque
644 5481 704 5522 se
730 5465 1060 5524 Antiochum
1088 5470 1524 5541 cognominarat.
1556 5469 1658 5528 Hic
1685 5487 1810 5527 vere
1839 5481 1925 5527 est
1962 5472 2053 5527 ille
2082 5471 2177 5543 qui
2217 5477 2280 5524 ut
2308 5465 2693 5538 magnanimus
2726 5466 2903 5520 heros.
2921 5457 3349 5528 chirographum
3409 5457 3617 5526 peccati

323 5572 427 5627 per
451 5557 771 5627 patientiam
792 5558 1128 5616 dilaceravit.
1154 5560 1330 5627 Quam
1359 5562 1598 5632 prudens
1655 5577 1786 5618 vero
1848 5564 1992 5620 idem
2031 5562 2086 5618 in
2124 5560 2489 5632 diiudicandis
2525 5557 2809 5612 hominum
2848 5550 3050 5609 animis
3089 5547 3252 5601 fuerit
3301 5548 3509 5618 (quam
3549 5565 3615 5603 ex

328 5648 731 5722 perfectissima
769 5649 1078 5706 obedientia
1106 5661 1439 5708 consecutura
1476 5661 1597 5708 erat
1633 5654 1923 5722 virtutem)
1963 5653 2273 5708 audiamus.

407 5742 786 5815 Καθεζομένῳ
830 5742 1008 5814 τούτῳ
1043 5745 1101 5797 ὲν
1144 5747 1211 5817 τῇ
1242 5749 1380 5818 μονῇ
1419 5745 1514 5800 τοῦ
1543 5747 1700 5817 ἁγίου
1740 5748 1927 5803 Σάὅϐα

2105 5748 2243 5802 Cum
2306 5746 2360 5799 in
2432 5742 2825 5815 phrontistcrio
2890 5738 3063 5795 sancti
3120 5737 3317 5791 Sahba:
3377 5736 3620 5806 degeret,

336 5835 651 5909 προσῆλθον
678 5838 826 5909 τρεῖς
845 5836 1100 5909 νεώτεροι
1128 5840 1353 5909 μοναχοὶ
1398 5838 1743 5910 μαθητεῦσαι
1781 5840 1897 5893 αὐτ(

2037 5847 2149 5894 tres
2200 5838 2266 5891 ad
2318 5852 2443 5891 eum
2499 5833 2737 5904 religiosi
2787 5832 3017 5901 juvenes
3086 5844 3302 5893 vertere,
3353 5829 3429 5883 uti
3479 5844 3537 5884 se
3567 5829 3618 5881 iu

340 5929 691 6000 βουλόμενοι·
743 5928 837 5994 οὓς
874 5929 1273 6005 ὑποδεξάμενος
1330 5932 1649 6004 παραυτίκα
1683 5931 1929 6003 Egloge!-

2038 5928 2155 6001 ejus
2211 5928 2553 6001 disciplinam
2613 5925 2910 5991 traderent,
2965 5937 3105 5994 quos
3162 5920 3274 5992 ipse
3324 5931 3385 5977 ut
3436 5921 3620 5992 liOSpi-
