4110 6440
548 420 653 491 723

1734 464 1741 473 -
1817 432 1877 491 S.
1903 429 2224 490 JOANNIS
2262 429 2567 489 CLIMACI

3721 428 3830 497 72L

550 549 639 596 tes
702 555 831 598 mox
884 550 1229 613 peramanter
1280 543 1492 614 excepit
1540 544 1797 615 hospitio,
1862 554 1917 601 et
1966 545 2035 599 ab
2065 542 2140 598 iti-

2250 560 2436 614 νησεν,
2469 542 2722 614 ἀσμένως
2747 542 2855 597 τῶν
2880 542 2979 613 τῆς
3007 542 3316 613 ὁδοιπορίας
3349 542 3533 597 κόπων
3562 543 3832 616 ἀναψῦξαι

553 633 702 691 neris
760 635 1009 692 molestia
1069 653 1176 707 qua
1235 637 1413 707 potuit
1474 638 1814 694 humanitate
1846 637 2133 693 recreavit.

550 725 683 782 Post
750 726 990 783 triduum
1025 726 1150 783 inde
1205 727 1388 783 senior
1458 728 1582 784 illos
1665 724 2139 786 allocutus:Fra—

552 826 704 884 tres,
772 818 994 889 inquit,
1042 832 1144 889 ego
1211 826 1411 875 natura
1466 821 1580 893 86
1630 836 1841 892 pronus
1907 837 2028 879 sum
2084 821 2141 875 in

550 923 840 976 venerem,
917 909 1150 979 proinde
1214 911 1428 966 nullum
1480 927 1547 968 ex
1606 914 1763 971 vobis
1836 913 1896 969 in
1974 913 2140 969 disci-

552 1001 759 1073 plinam
819 1016 1044 1072 possum
1126 1003 1436 1063 admittere.
1516 1004 1623 1063 Sed
1686 1007 1764 1063 illi
1822 1006 1931 1063 hoc
1995 1007 2142 1063 dicto

550 1091 779 1148 minime
839 1091 1058 1161 oﬂ‘ensi,
1114 1104 1381 1153 noverant
1420 1097 1564 1152 enim
1633 1099 1803 1171 patris
1858 1100 2136 1162 virtutem,

548 1199 672 1240 cum
736 1184 930 1242 multis
993 1202 1117 1242 eum
1164 1188 1589 1260 deprecarentur
1651 1190 1734 1263 (ut
1785 1191 2143 1263 impetrarent

547 1279 699 1349 quod
751 1279 1036 1354 optabant)
1089 1296 1190 1337 nec
1221 1282 1522 1354 quidquam
1564 1286 1914 1354 proﬁcerent,
1974 1284 2140 1340 simul

552 1384 747 1429 omnes
792 1373 861 1429 ad
926 1373 1049 1444 ejus
1099 1374 1266 1446 pedes
1314 1376 1543 1447 proiecti
1594 1377 2016 1434 obtestabantur
2056 1377 2138 1433 uti

550 1466 742 1522 saltem
800 1466 1072 1524 salutares
1120 1467 1226 1524 sibi
1272 1467 1486 1525 vivendi
1540 1470 1685 1540 leges
1738 1471 2138 1541 praescriberet,

549 1556 830 1628 quomodo
882 1565 938 1614 et
995 1558 1088 1614 ubi
1152 1559 1255 1616 sibi
1293 1559 1598 1632 degendum
1670 1571 1911 1634 putaret.
1966 1562 2144 1620 Cessit

549 1663 683 1719 ergo
737 1657 893 1720 pater
948 1650 1205 1722 precibus
1267 1666 1481 1719 eorum,
1535 1652 1682 1724 quod
1739 1652 1951 1710 videret
2021 1653 2143 1711 illos

552 1755 680 1796 cum
736 1756 863 1799 vera
929 1742 1098 1799 animi
1188 1742 1561 1805 submissione
1632 1751 1685 1801 et
1743 1746 1925 1802 studio
1979 1744 2142 1803 obsc-

552 1833 754 1906 quendi
823 1835 969 1893 dicta
1043 1851 1167 1893 esse
1227 1843 1573 1909 excepturos.
1632 1836 1777 1911 Ergo
1835 1854 1904 1896 ex
1964 1838 2141 1895 tribus

553 1926 652 1982 uni
708 1925 909 1999 placet,
984 1928 1180 2000 inquit,
1208 1930 1304 1997 ﬁli,
1358 1928 1592 1988 Domino
1618 1939 1677 1991 ut
1732 1932 1790 1989 in
1844 1931 2142 1990 solitudine

549 2015 657 2072 sub
700 2017 995 2090 disciplina
1056 2020 1296 2092 religiosi
1325 2020 1561 2094 alicujus
1599 2024 1772 2094 patris
1833 2023 2005 2081 vivas.
2044 2023 2139 2079 Al-

548 2108 652 2165 teri
738 2109 864 2167 dein
899 2129 914 2167 :
946 2112 1025 2167 Tu
1093 2114 1230 2170 vade
1280 2123 1336 2171 et
1402 2124 1580 2171 totum
1662 2117 1966 2174 voluntatis
2033 2126 2141 2174 tuae

548 2215 773 2256 sensum
847 2200 988 2257 dona
1057 2201 1190 2270 Deo,
1242 2213 1297 2260 et
1356 2205 1484 2262 tolle
1550 2221 1771 2264 crucem
1834 2216 2006 2275 tuam,
2058 2215 2141 2265 at-

553 2304 665 2361 que
718 2291 774 2345 in
847 2292 1128 2348 communi
1186 2294 1571 2366 religiosorum
1629 2296 1859 2355 fratrum
1922 2307 1978 2356 et
2024 2313 2138 2355 cm-

545 2382 714 2440 nobio
788 2384 943 2456 dege,
990 2394 1047 2441 et
1122 2396 1333 2442 certum
1394 2388 1620 2446 habebis
1691 2390 2012 2448 thesaurum
2083 2391 2139 2447 in

544 2473 705 2531 cmlo.
764 2471 1052 2531 Postremo
1109 2490 1281 2531 vero:
1343 2475 1424 2531 Tu
1505 2476 1665 2532 hauri
1739 2485 1854 2534 toto
1941 2477 2138 2556 spiritu

549 2565 753 2622 mentis
828 2574 955 2633 tuae,
1018 2579 1209 2621 vocem
1278 2565 1555 2633 dicentis,
1621 2582 1745 2637 qute
1825 2567 1921 2624 tibi
1996 2583 2139 2623 nun-

544 2669 714 2726 quam
775 2652 1046 2711 excidat:
1088 2653 1192 2721 Qui
1245 2655 1646 2723 perseveraverit
1679 2657 1750 2713 ,ἔτι
1802 2656 1993 2727 ﬁnem,
2055 2657 2139 2711 hic

544 2748 729 2803 salvus
802 2749 903 2802 erit
958 2747 1025 2802 ⁸³.
1092 2746 1197 2803 Abi
1251 2762 1384 2820 ergo
1441 2756 1497 2805 et
1548 2763 1712 2820 quam
1765 2748 1881 2805 ﬁeri
1936 2756 2137 2822 potest,

545 2865 616 2904 ex
675 2848 827 2904 omni
905 2848 1222 2905 mortalium
1300 2864 1498 2939 genere
1564 2865 1749 2921 qurere
1825 2859 2023 2907 natura
2085 2859 2140 2907 et

548 2956 776 3029 ingenio
847 2956 1214 3028 asperrimum
1294 2964 1351 3011 et
1414 2953 1826 3010 severissimum
1880 2954 2007 3009 vitae
2086 2962 2139 3009 et

543 3072 765 3115 morum
817 3063 1040 3115 tuorum
1088 3055 1584 3130 [infermatorem],
1619 3065 1676 3112 et
1729 3056 2136 3128 perseverando

545 3153 691 3223 apud
746 3151 902 3208 illum
953 3150 1202 3222 quotidie
1251 3149 1746 3217 subsannationes,
1792 3157 1848 3207 et
1900 3148 2138 3205 ludibria

2242 635 2582 705 βουλόμενος.
2617 634 2770 688 Μετά
2803 635 2994 705 τρίτην
3022 627 3118 687 οὖν
3151 635 3367 706 ἡμέραν
3406 633 3558 703 λέγει
3585 636 3767 700 αὖτοῖς
3799 637 3833 688 ὁ

2241 726 2450 798 γέρων·
2486 725 2673 791 Φύσει,
2708 725 2949 795 ἀδελφοὶ,
2994 725 3284 798 ἄνθρωπος
3336 726 3538 798 πόρνος
3565 729 3702 798 εἰμὶ,
3730 731 3830 783 καὶ

2240 819 2302 871 οὐ
2340 816 2577 887 δύναμαι
2600 817 2857 885 δέξασθαί
2887 834 3043 883 τινας
3071 818 3130 884 ἐξ
3160 818 3335 890 ὑμῶν.
3385 819 3621 873 Ἐκεῖνοι
3640 819 3698 873 δὲ
3726 821 3831 874 οὐκ

2241 908 2766 981 ἐσκανδαλίσθησαν
2798 910 3097 980 ἐγίνωσκον
3142 912 3253 982 γὰρ
3303 910 3404 981 τὴν
3432 910 3699 984 ἐργασίαν
3730 912 3831 966 τοῦ

2243 1002 2519 1073 γέροντος.
2580 1002 2671 1067 ’ος
2725 998 2820 1058 οὖν
2882 1003 3055 1058 πολλά
3112 1004 3603 1075 παρακαλέσαντες
3644 1006 3831 1074 αὐτδν,

2242 1097 2426 1149 πεῖσαι
2457 1095 2592 1160 ὅλως
2625 1096 2727 1149 οὐκ
2751 1096 3002 1167 ἴσχυσαν,
3030 1096 3153 1151 τότε
3186 1097 3473 1168 ῥίπτουσιν
3494 1099 3726 1163 ἑαυτοὺς
3753 1104 3833 1166 είς

2240 1187 2367 1251 τοὺς
2402 1186 2569 1250 πόδας
2612 1186 2815 1243 αὐτοῦ’
2859 1187 3241 1253 δυσωποῦντες
3293 1188 3398 1243 κᾶν
3437 1192 3829 1263 κανονισθῆναι

2242 1280 2375 1353 παρ’
2407 1279 2598 1347 αὐτοῦ,
2638 1281 2788 1346 ὅπως
2817 1296 2877 1334 τε
2913 1282 3008 1335 καὶ
3044 1282 3182 1336 ὅπου
3228 1282 3455 1337 καθίσαι
3486 1284 3833 1354 ὀφείλουσιν.

2243 1373 2405 1439 Είξας
2435 1369 2527 1428 οὖν
2547 1375 2576 1429 ὁ
2609 1373 2810 1444 γέρων,
2846 1374 2942 1428 καὶ
2969 1375 3132 1444 γνοὺς
3172 1374 3254 1429 ὅτι
3282 1375 3425 1445 μετά
3445 1376 3836 1443 ταπεινώσεως

2243 1465 2339 1521 καὶ
2378 1467 2628 1539 ὑπακοῆς
2654 1466 2926 1538 δέχονται,
2964 1467 3114 1537 λέγει
3139 1468 3218 1539 τῷ
3242 1469 3323 1523 ἐνί
3344 1482 3358 1498 ⁸
3394 1469 3535 1541 (90)
3568 1470 3836 1526 Βούλεταί

2244 1573 2303 1610 σε
2330 1558 2358 1611 ὁ
2386 1556 2615 1628 Κύριος,
2647 1558 2859 1623 τέκνον,
2888 1560 2949 1615 ὲν
2994 1559 3353 1632 ήσυχαστικῷ
3381 1561 3536 1633 τόπῳ
3565 1563 3708 1633 μετά
3739 1580 3838 1617 πα-

2241 1649 2370 1722 τρὸς
2392 1652 2449 1705 ὲν
2475 1650 2722 1724 ὑποταγῇ
2744 1651 3098 1725 καθεσθῆναι.
3123 1653 3291 1723 Λέγει
3320 1654 3417 1709 καὶ
3449 1655 3529 1727 τῷ
3553 1655 3801 1726 δευτέρῳ
3819 1671 3837 1688 ·

2256 1741 2534 1799 Ἀπελθὼν
2567 1743 2821 1815 πώλησόν
2854 1762 2949 1801 σου
2982 1744 3053 1799 τά
3075 1744 3382 1818 θελήματα,
3422 1748 3516 1818 καὶ
3545 1747 3634 1812 δὸς
3676 1747 3837 1819 Θεῷο

2247 1835 2343 1890 καὶ
2385 1830 2521 1908 ἆρον
2564 1835 2659 1891 τὸν
2704 1835 2839 1910 (91)
2895 1837 3131 1911 σταυρόν
3173 1855 3290 1906 σου,
3326 1838 3424 1894 καὶ
3466 1839 3735 1913 καρτέρει
3781 1842 3841 1896 ὲν

2247 1927 2465 1999 συνοδίᾳ
2489 1929 2583 1983 καὶ
2612 1928 2865 2001 κοινοδίῳ
2897 1929 3142 2001 ἀδελφῶν
3158 1948 3171 1963 ·
3211 1933 3307 1988 καὶ
3329 1933 3550 1998 πάντως
3576 1933 3726 2000 ἔξεις
3742 1933 3842 2006 θη-

2245 2017 2444 2087 σαυρὸν
2466 2018 2526 2073 ὲν
2552 2017 2822 2089 οὐρανοῖς.
2844 2015 2979 2075 Εἶτα
3004 2021 3100 2075 καὶ⁵
3129 2021 3208 2093 τῷ
3244 2022 3417 2095 τρίτῳ
3443 2022 3594 2093 λέγει
3616 2040 3633 2056 ο
3674 2023 3841 2081 Ἀνα·

2242 2109 2410 2165 λαδοῦ
2451 2110 2553 2167 σὺν
2595 2114 2665 2183 τῇ
2707 2114 2843 2183 πνοῇ
2883 2129 2979 2167 σου
3020 2114 3345 2186 ἀχωρίστως
3389 2116 3482 2171 τὸν
3534 2115 3698 2187 λόγον
3743 2117 3843 2173 τὸν

2244 2203 2523 2273 φάσκοντα
2545 2220 2560 2235 ο
2602 2202 2667 2257 '0
2692 2204 3022 2274 ὑπομείνας
3045 2206 3134 2272 είς
3159 2206 3355 2273 τέλος,
3402 2202 3584 2275 οὗτος
3620 2208 3840 2277 σωθή-

2241 2308 2433 2350 σεται.
2464 2296 2579 2352 Καὶ
2614 2295 2844 2364 ἄπελθε,
2880 2298 2930 2350 εί
2949 2297 3197 2367 δυνατὸν,
3237 2298 3312 2370 μὴ
3329 2297 3501 2373 ἐάσῃς
3529 2299 3588 2354 ἐν
3618 2298 3845 2372 ἀνθρώ-

2242 2405 2360 2443 πων
2393 2387 2552 2457 φύσει
2600 2388 3162 2463 ἐπιπληκτικὼτερον,
3199 2389 3233 2462 ἢ
3267 2391 3699 2463 ἀποτομώτερον
3742 2391 3841 2446 τοῦ

2243 2478 2339 2547 σοῦ
2378 2481 2436 2534 ὲν
2467 2480 2659 2552 Κυρίῳ
2685 2480 3025 2553 γυμναστοῦ,
3058 2483 3154 2539 καὶ
3187 2480 3539 2558 καρτερήσας
3562 2482 3688 2538 καθ’
3708 2483 3845 2556 ἡμέ-

2243 2588 2345 2642 ραν
2416 2570 2540 2625 πίνε
2597 2572 2733 2626 ὡσεὶ
2787 2573 2910 2645 μέλι
2958 2573 3056 2629 καὶ
3125 2574 3268 2644 γάλα
3315 2575 3704 2648 μυκτηρισμδν
3744 2577 3842 2631 καὶ

2243 2662 2569 2734 χλευασμόν.
2629 2663 2690 2718 Ὀ
2739 2664 2797 2718 δὲ
2843 2664 3073 2735 ἀδελφός
3137 2682 3272 2738 φησι
3325 2666 3464 2738 πρὸς
3514 2667 3608 2721 τὸν
3657 2668 3841 2738 μέγαν

2255 2756 2512 2828 Ἰωάννην
2538 2773 2550 2786 ·
2581 2757 2703 2811 Κᾶν
2724 2759 2784 2811 έν
2815 2757 3073 2830 ἀμελείᾳ,
3100 2759 3303 2831 Πάτερ,
3336 2761 3366 2814 ὁ
3414 2759 3657 2824 τοιοῦτος
3689 2777 3839 2831 παρα

2243 2847 2428 2919 έχεται
2457 2848 2542 2916 τί;
2584 2848 2643 2904 '0
2666 2849 2724 2905 δὲ
2761 2851 2962 2921 γέρων⁶
2994 2851 3116 2906 Κάν
3137 2850 3250 2924 (92)
3295 2852 3631 2925 πορνεύοντα
3670 2854 3840 2908 αὐτὸν

2244 2946 2436 3020 θεάσῃ,
2458 2947 2533 3020 μὴ
2549 2948 2820 3020 ἀποστῇς⁸
2841 2948 2980 3005 ἀλλά
3008 2949 3138 3020 λέγε
3163 2950 3289 3006 καθ’
3320 2952 3517 3007 ἑαυτόν
3536 2970 3550 2984 ·
3587 2952 3836 3024 Ἑταῖρε,

2244 3038 2330 3108 ἐφ’
2371 3031 2417 3107 ᾧ
2461 3039 2661 3111 πάρει;
2693 3040 2827 3094 Τότε
2864 3038 2988 3109 ὄψει
3027 3040 3094 3094 ἐκ
3137 3039 3230 3095 σοῦ
3281 3040 3700 3113 ἀφανιζομένην
3738 3057 3842 3109 φυ-

2244 3133 2435 3188 σίωσιν
2488 3133 2585 3187 καὶ
2625 3132 3037 3213 μαραινομένην
3083 3133 3356 3207 πύρωσιν.
3410 3132 3842 3205 ’Δγωνισώμεθα

546 3244 712 3299 veluti
765 3243 852 3298 lae
901 3250 957 3298 et
1004 3241 1113 3298 mel
1172 3241 1321 3300 bibe.
1384 3241 1525 3297 Tum
1600 3240 1691 3297 ille
1748 3240 1819 3297 ad
1873 3241 2138 3297 eximium

2244 3227 2472 3299 δυνάμει
2507 3227 2657 3299 πάσῃ
2679 3227 2882 3292 πάντες
2907 3229 2957 3282 σί
2991 3227 3083 3282 τὸν
3126 3226 3334 3298 Κύριον
3365 3227 3675 3299 φοϐηθῆναι
3714 3227 3840 3298 βου-

547 3338 610 3390 ιδ.
669 3334 1169 3403 Joannem:Quid
1236 3336 1309 3399 si,
1378 3335 1582 3406 inquit,
1650 3332 1819 3390 Pater
1899 3334 1989 3391 ille
2044 3349 2139 3406 per

548 3423 816 3479 desidiam
870 3437 1030 3481 suum
1078 3422 1313 3481 cilicium
1374 3438 1484 3480 non
1521 3423 1723 3480 faciat?
1751 3423 1819 3480 Et
1853 3422 2093 3482 Joannes
2123 3442 2136 3481 :

552 3512 800 3579 Etiamsi,
822 3514 1025 3585 inquit,
1044 3515 1413 3572 fornicantem
1442 3525 1498 3571 et
1524 3515 1957 3572 incontinentem
1986 3515 2138 3571 vide-

551 3604 650 3673 ris,
682 3619 751 3661 ne
776 3604 1002 3662 recedas
1031 3605 1237 3673 abillo,
1266 3605 1362 3662 sed
1390 3605 1489 3662 tibi
1521 3605 1627 3677 ipsi
1675 3605 1786 3670 die,
1829 3607 2025 3675 amice,
2072 3607 2139 3663 ad

550 3694 687 3773 quid
740 3696 974 3752 venisti?
1024 3696 1136 3768 87
1193 3694 1335 3752 Tum
1377 3696 1600 3754 demum
1669 3698 1874 3755 senties
1917 3714 2139 3756 omnem

549 3788 606 3842 in
688 3795 742 3842 te
815 3787 1089 3858 superbia:
1151 3786 1355 3845 fastum
1411 3789 1740 3858 concidere,
1811 3805 2142 3861 omnemque

548 3877 784 3935 luxuriae
847 3879 1127 3935 flammam
1186 3882 1545 3952 languescere
1592 3891 1648 3939 et
1702 3882 1998 3954 exstingui.
2041 3885 2142 3939 To-

547 3982 602 4027 ta
659 3970 712 4027 vi
772 3980 829 4028 et
898 3971 1111 4030 viribus
1163 3974 1512 4032 decertemus
1590 3989 1805 4041 omnes,
1878 3976 1972 4047 qui
2032 3975 2141 4034 Do-

548 4061 762 4118 minam
823 4063 1119 4131 timemus,
1172 4079 1243 4120 ne
1305 4064 1360 4119 in
1422 4065 1674 4137 palaestra
1736 4066 1958 4122 virtutis
2014 4082 2140 4124 ver—

547 4154 700 4222 sati,
767 4154 895 4212 inde
949 4170 1050 4228 pro
1116 4157 1416 4216 virtutibus
1467 4158 1770 4229 malitiam,
1822 4161 2138 4229 vafritiem,

549 4246 978 4318 improbitatem,
1030 4249 1292 4307 astutiam
1353 4260 1408 4308 et
1484 4251 1831 4309 iracundiam
1905 4262 2145 4325 reportea

549 4353 701 4395 mus.
767 4338 881 4397 Nec
937 4352 1023 4398 est
1057 4341 1207 4413 quod
1265 4342 1481 4400 mireris
1517 4343 1565 4400 si
1597 4344 1928 4416 quandoque
1956 4345 2011 4400 id
2036 4361 2142 4403 usu

548 4431 738 4487 venire
761 4432 970 4489 videas.
1040 4433 1180 4493 Nam
1235 4435 1479 4505 quandiu
1537 4436 1680 4494 inter
1751 4438 1993 4508 privatos
2047 4447 2145 4493 aut

550 4528 779 4589 nautas,
807 4531 904 4580 aut
943 4525 1210 4598 agricolas
1234 4528 1411 4600 degis,
1439 4528 1625 4587 hostes
1655 4530 1737 4586 tui
1776 4529 1920 4602 regis
1938 4546 2047 4587 non
2066 4531 2142 4587 ita

2240 3319 2479 3391 λόμενοι,
2514 3319 2601 3374 ἵνα
2642 3317 2719 3391 μὴ
2760 3319 2819 3375 ἐν
2846 3318 2926 3391 τῷ
2939 3320 3039 3391 τῆς
3069 3320 3275 3391 ἀρετῆς
3308 3320 3622 3392 γυμνασίῳ,
3645 3322 3835 3375 ἐκεῖσε

2242 3413 2514 3484 πονηρίαν
2543 3414 2759 3476 ἑαυτοῖς
2813 3412 3017 3484 μᾶλλον
3064 3413 3161 3467 καὶ
3201 3412 3425 3479 κακίαν,
3460 3412 3753 3484 δεινότητά
3780 3428 3838 3468 τε

2244 3505 2340 3559 καὶ
2366 3505 2730 3576 πανουργίαν,
2770 3504 3227 3576 κακεντρέχειαν,
3269 3505 3365 3559 καὶ
3393 3505 3565 3577 ὀργὴν
3598 3507 3838 3578 Emam;-

2244 3601 2487 3674 σώμεθα.
2520 3602 2734 3658 Γίνεται
2766 3603 2901 3674 γὰρ,
2941 3601 3037 3655 καὶ
3076 3595 3140 3654 οὗ
3174 3600 3380 3673 θαῦμα.
3410 3602 3555 3667 Ἕως
3593 3602 3698 3672 μὲν
3728 3601 3837 3672 γὰρ

2246 3693 2464 3766 ίδιώτης
2511 3695 2679 3762 ἐστὶν,
2734 3695 2768 3766 ἢ
2828 3696 3104 3764 ναυτικὸς,
3153 3695 3186 3767 ἥ
3229 3693 3472 3765 γηπόνος
3516 3693 3835 3765 ἅνθρωπος,

2243 3786 2306 3839 οὐ
2341 3783 2599 3840 τοσοῦτον
2627 3786 2752 3841 κατ’
2780 3785 2947 3841 αὑτοῦ
2969 3788 3020 3841 οί
3051 3786 3148 3842 τοῦ
3176 3786 3443 3858 βασιλέως
3460 3784 3652 3856 ἐχθροὶ
3674 3783 3837 3840 ὁπλίο

2244 3876 2452 3941 ζονται.
2503 3878 2674 3932 Ἐπάν
2699 3877 2758 3931 δὲ
2785 3878 2951 3933 αὑτὸν
2981 3879 3083 3951 τὴν
3115 3879 3257 3951 (95)
3289 3877 3563 3951 σφραγῖδα
3596 3877 3836 3931 λαϐόντα

2243 3969 2337 4021 καὶ
2368 3968 2467 4041 τὴν
2497 3968 2719 4034 ἀσπίδα,
2741 3970 2837 4024 καὶ
2851 3969 2949 4041 τὴν
2971 3969 3250 4042 μάχαιραν
3280 3970 3374 4024 καὶ
3401 3970 3502 4041 τὴν
3533 3969 3833 4041 ῥομφαίαν,

2245 4060 2340 4115 καὶ
2367 4060 2428 4115 τὸ
2452 4060 2628 4128 τόξον,
2662 4062 2760 4119 καὶ
2803 4060 2900 4117 τοῦ
2933 4062 3267 4134 στρατιώτου
3299 4062 3360 4117 τὸ
3393 4062 3599 4133 ἔνδυμα
3627 4063 3837 4133 ἠμφιευι

2250 4153 2452 4225 σμένον
2486 4153 2815 4221 θεάσωνται,
2854 4156 2977 4209 τότε
3002 4155 3098 4210 καὶ
3129 4155 3291 4209 αὐτοὶ
3318 4154 3445 4219 τοὺς
3471 4154 3694 4217 ὀδόντας
3715 4155 3838 4208 κατ’

2245 4248 2410 4303 αὐτοῦ
2452 4248 2737 4321 βρύχουσι,
2772 4250 2867 4304 καὶ
2893 4251 3113 4316 πάντως
3160 4250 3372 4305 ἀνελεῖν
3406 4251 3571 4305 αὑτὸν
3599 4251 3835 4321 δοκιμά-

2253 4341 2640 4413 ζουσι.Διόπερ
2671 4341 2747 4413 μὴ
2763 4340 3699 4415 ὑπνώ[σ]σωμεν.Ἒὼρακαάκαιρα
3730 4343 3834 4397 καὶ

2246 4433 2512 4490 κάλλιστα
2545 4434 2717 4505 νήπια
2741 4432 2801 4488 ἐν
2834 4434 2997 4505 σχολῇ
3028 4432 3118 4487 διὰ
3159 4433 3375 4502 σοφίαν,
3417 4433 3511 4488 καὶ
3545 4433 3831 4498 παιδείαν,

2246 4527 2342 4582 καὶ
2373 4524 2645 4597 ὠφέλειαν
2672 4525 3098 4598 παραγενόμενα
3116 4541 3131 4557 ο
3158 4527 3254 4609 καὶ
3279 4527 3446 4599 μηδὲν
3472 4526 3649 4580 ὲκεῐσε
3677 4526 3726 4578 εί
3753 4525 3836 4597 μὴ

550 4614 751 4671 acriter
802 4615 857 4671 in
903 4625 956 4673 te
994 4619 1363 4676 concitantur.
1434 4621 1508 4676 At
1561 4622 1656 4678 ubi
1699 4630 1750 4680 le
1788 4600 2137 4693 imperatoris

2246 4621 2530 4693 δεινότητα
2572 4620 2670 4674 καὶ
2710 4621 2912 4675 κακίαν
2949 4600 3310 4675 παιδευθέντα
3352 4621 3419 4675 ὲκ
3456 4620 3555 4691 τῆς
3578 4619 3689 4674 τῶν
3719 4619 3838 4674 λοιο

550 4708 632 4763 tui
675 4708 915 4783 insignia
943 4712 1192 4781 induere,
1257 4722 1476 4772 scutum
1519 4730 1758 4782 sumere,
1792 4724 1848 4772 et
1897 4717 2136 4788 gladium

548 4816 617 4859 ae
674 4802 1070 4875 rhomphaaam,
1112 4820 1326 4873 arcum,
1388 4823 1582 4879 sagum
1627 4817 1683 4865 et
1734 4818 1942 4866 vestem
1995 4811 2140 4867 mili-

550 4907 722 4953 tarem
749 4900 1179 4970 eonspexerint;
1226 4910 1342 4957 tum
1386 4902 1672 4958 enimvero
1718 4902 1969 4960 frendere
2004 4905 2139 4961 deuo

430 5050 441 5055 η
550 4986 733 5055 tibus,
808 4992 1177 5063 omnibusque
1251 4991 1461 5050 viribus
1514 4992 1569 5048 in
1629 5001 1682 5048 te
1750 4994 2034 5066 insurgere
2087 5002 2141 5051 et

548 5080 799 5140 funditus
860 5084 1089 5155 perdere
1165 5094 1461 5142 conantur.
1544 5085 1734 5157 itaque
1799 5102 2016 5159 semper
2084 5088 2141 5145 in

548 5176 798 5233 excubiis
873 5176 1066 5247 vigiles
1138 5177 1521 5248 persistamus.
1582 5177 1705 5236 Vidi
1769 5195 1873 5253 ego
1924 5189 2144 5239 teneros

548 5267 762 5338 puellos
798 5275 856 5323 et
905 5268 1215 5325 innocentia
1261 5277 1317 5326 et
1353 5268 1532 5327 forma
1574 5273 1823 5343 corporis
1882 5273 2140 5344 pulcher-

428 5396 439 5401 η»
549 5362 688 5418 rima
763 5376 996 5433 prorsus
1076 5362 1339 5421 amabiles
1418 5363 1488 5419 ad
1560 5364 1751 5421 ludum
1812 5365 2139 5421 litterarium

550 5454 935 5524 comparandae
978 5454 1274 5520 doctrinae,
1331 5454 1654 5524 sapientiae,
1705 5464 1761 5512 et
1825 5456 2143 5513 hauriendaa

550 5547 801 5603 utilitatis
847 5562 1013 5604 causa
1071 5546 1297 5611 missos,
1351 5547 1445 5618 qui
1513 5538 1695 5603 tamen
1742 5564 1812 5604 ex
1848 5547 2141 5618 aqualium

552 5639 810 5693 societate
858 5639 996 5694 nihil
1045 5639 1173 5695 inde
1228 5638 1336 5695 nisi
1397 5638 1666 5694 vafritiem
1718 5647 1773 5695 et
1822 5639 2144 5711 improbita-

555 5733 662 5782 tem
754 5730 1077 5787 retulerunt.
1173 5731 1277 5799 Qui
1327 5730 1471 5804 sapit
1527 5730 1799 5803 intelligit,
1879 5746 2142 5803 quorsum

622 5905 669 5939 ⁹⁹
698 5905 887 5964 Matth.
912 5912 1079 5979 1,22.

2246 4715 2365 4769 πῶν
2415 4713 2823 4787 ωνδιατριδῆςσ
2863 4712 2922 4767 '0
2970 4712 3096 4768 νοῦν
3128 4713 3270 4785 ἔχων
3288 4714 3493 4785 νοήσει.
3535 4712 3832 4767 Ἀδύνατον

2246 4805 2374 4867 τοὺς
2412 4803 2611 4875 τέχνην
2642 4802 3014 4874 μανθάνοντας
3037 4801 3318 4873 ὁλοψύχως
3342 4801 3417 4874 μὴ
3458 4802 3585 4856 καθ’
3615 4801 3835 4875 ἡμέραν

2248 4898 2584 4971 προκόπτειν
2622 4899 2680 4952 ὲν
2701 4897 2841 4969 αὐτῇ
2864 4912 2878 4927 ·
2912 4897 3033 4952 ἀλλ’
3060 4898 3110 4951 οἱ
3148 4894 3249 4969 μὲν
3276 4897 3377 4969 τὴν
3407 4897 3691 4969 προκοπὴν
3708 4899 3834 4950 ὲπι-

2249 4990 2644 5061 γινώσκουσιν*
2673 4990 2726 5043 οἱ
2748 4989 2804 5044 δὲ
2825 4990 3187 5062 οἰκονομικῶς
3221 4988 3531 5059 ἀγνοοῦσιν.
3578 4989 3834 5061 ’Ἄριστος

2241 5082 2577 5156 τραπεζίτης
2635 5078 2774 5154 (94)
2848 5081 2975 5137 καθ’
3022 5081 3265 5152 ἑσπέραν
3329 5080 3393 5134 τὸ
3455 5080 3558 5150 τῆς
3614 5079 3834 5152 ἡμέρας

2242 5172 2434 5246 κέρδος
2472 5172 2507 5244 ἢ
2559 5170 2762 5245 ζημίαν
2813 5171 3035 5234 πάντως
3076 5168 3346 5242 ψηφίζει·
3389 5164 3453 5223 οὐ
3514 5168 3740 5224 δύναται
3776 5162 3833 5221 δλ

2242 5263 2430 5333 σαφῶς
2472 5263 2698 5333 γνῶναι,
2747 5265 2799 5317 εἰ
2853 5263 2930 5335 μὴ
2985 5261 3109 5317 καθ’
3164 5260 3315 5333 ὥραν
3382 5262 3442 5314 ὲν
3495 5258 3578 5330 τῷ
3642 5268 3835 5311 πινα-

2241 5358 2399 5430 κιδίῳ
2471 5357 2818 5430 σημειοῦσται.
2886 5356 2969 5411 Τά
3013 5355 3125 5427 γὰρ
3171 5354 3295 5409 καθ’
3353 5354 3504 5426 ὥραν
3546 5350 3835 5421 λογοθέσια

2240 5451 2301 5506 τὸ
2354 5450 2724 5522 καθημερινὸν
2771 5448 3110 5520 φωτίζουσι·
3151 5449 3289 5501 ὅταν
3335 5444 3758 5516 ὀνειδιζόμενος,
3799 5439 3831 5511 ἦ

2243 5543 2715 5615 κατακρινόμενος
2762 5542 2792 5595 ὁ
2836 5541 3025 5612 ἄφρων
3055 5540 3347 5609 δάκνηται,
3398 5539 3494 5592 καὶ
3526 5536 3839 5604 ἀντιλέγειν

2241 5639 2548 5709 δοκιμάζει,
2585 5638 2618 5710 ἢ
2655 5636 2937 5707 συντόμως
2986 5632 3066 5704 τῷ
3104 5631 3491 5704 ὲπιπλήττοντι
3540 5629 3839 5703 μετάνοιαν

2244 5730 2499 5798 δέδωκεν,
2535 5730 2597 5785 οὐ
2628 5728 3012 5792 ταπεινώσεως
3058 5725 3239 5800 χάριν,
3299 5724 3437 5782 ἀλλά
3472 5725 3597 5789 τοὺς
3639 5718 3837 5778 ὀνειδι-
