4110 6424
360 344 466 406 79.5
1357 346 1587 407 SCALA
1622 342 2010 407 PARADISI.
2033 369 2106 382 -
2134 347 2445 410 GRADUS
2474 351 2571 411 IV.
3535 344 3643 408 726

363 456 535 529 σμοὺς
561 454 769 539 παῦσαι
801 453 1127 525 βουλόμενος
1150 473 1163 487 ·
1212 459 1554 528 τυπτόμενος
1593 457 1797 521 σιώπα,
1848 457 1944 511 καὶ

2054 456 2170 512 haec
2232 461 2559 527 pertineant.
2637 457 2777 513 Fieri
2853 472 2960 513 non
3035 465 3212 525 potest
3288 466 3347 510 ut
3409 457 3501 525 qni
3581 472 3643 511 se

365 548 671 618 καταδέχου
726 545 912 618 ψυχῆς
963 550 1311 620 καυστῆρις,
1373 551 1573 621 μᾶλλον
1633 550 1688 602 δὲ
1730 549 1954 619 ἁγνείας

2061 549 2279 619 opificio
2335 550 2667 605 addiscendo
2720 556 2894 605 totum
2954 547 3189 610 addicit,
3256 547 3387 618 quin
3465 546 3655 617 pluri--

358 636 684 709 φωστῆρας.
728 638 1091 709 Παυσαμένου
1120 640 1215 693 τοῦ
1243 638 1451 712 ἰατροῦ,
1495 641 1619 693 τότε
1642 641 1818 709 τούτῳ
1854 656 1952 709 με·

2060 658 2212 697 mum
2264 643 2321 698 in
2379 658 2444 698 eo
2523 642 2771 713 quotidie
2830 639 3121 710 proficiat,
3180 655 3345 710 quem
3418 637 3639 708 quidem

356 732 571 785 τανὸει·
614 732 675 784 ὲν
711 727 792 800 τῷ
838 730 996 804 θυμῷ
1044 733 1155 806 γὰρ
1188 732 1325 797 ἴσως
1355 734 1475 787 οὐδὲ
1514 733 1615 805 τὴν
1658 734 1950 807 μετάνοιαν

2058 732 2362 803 profectum
2413 733 2506 788 alii
2546 732 2809 797 sentiunt,
2873 730 2966 786 alii
3008 744 3160 795 vero,
3198 744 3299 800 pro
3359 727 3454 783 Dei
3507 742 3640 799 pro-

355 824 601 895 δέχεται-
2056 825 2321 892 videntis,
2374 839 2484 880 non
2523 825 2982 881 animadvertunt.
3039 820 3287 894 Optimus
3336 821 3427 876 ille
3481 835 3641 876 men-

355 920 541 976 sarius
645 919 958 994 [trapezita]
1036 925 1159 983 est,
1212 916 1305 988 qui
1399 914 1647 985 quotidie
1708 914 1816 969 sub
1886 928 2172 984 vesperam
2255 916 2394 972 lucri
2449 916 2703 972 damnive
2782 919 3029 974 rationes
3097 925 3395 988 computat.
3480 913 3639 981 Quod

354 1020 616 1070 accurate
693 1014 808 1069 fieri
874 1029 983 1069 non
1034 1018 1235 1084 potest,
1296 1007 1412 1079 88
1461 1007 1566 1061 nisi
1616 1022 1714 1077 per
1770 1021 1963 1061 omnes
2001 1005 2168 1062 horas
2220 1006 2275 1062 in
2356 1008 2714 1079 pugillaribus
2765 1009 3007 1064 rationes
3084 1008 3330 1068 adnotes.
3393 1006 3639 1078 singula-

354 1120 483 1159 rum
548 1107 698 1162 enim
756 1109 1019 1163 horarum
1094 1105 1402 1162 observatio
1470 1102 1637 1158 totius
1708 1101 1816 1157 diei
1878 1109 2083 1156 statum
2174 1101 2430 1159 ostendit.
2488 1102 2665 1162 Malus
2735 1105 3028 1175 religiosus
3120 1120 3244 1161 cum
3328 1102 3638 1173 reprelien-

353 1196 510 1251 ditur
558 1206 611 1253 et
668 1198 1034 1270 objurgatur,
1095 1196 1241 1251 dolet
1322 1200 1379 1249 et
1425 1194 1640 1258 uritur,
1697 1198 1752 1246 et
1802 1189 2024 1260 obloqui
2080 1189 2237 1258 solet,
2300 1196 2439 1248 aut?
2481 1195 2666 1250 statim
2762 1194 2992 1266 supplex
3079 1194 3294 1250 veniam
3362 1194 3496 1263 petit
3565 1193 3637 1249 ab

356 1291 709 1362 obiurgante,
767 1308 874 1347 non
933 1288 1322 1347 submissionis
1388 1288 1594 1350 studio,
1687 1287 1781 1344 sed
1853 1292 1916 1340 ut
1968 1293 2121 1355 pater
2178 1284 2340 1340 tinem
2386 1284 2551 1342 faciat
2603 1287 2950 1358 objurgandi.
3014 1286 3282 1343 Convitiis
3350 1286 3663 1342 everbera-

356 1394 452 1439 tus
527 1383 682 1457 [dum
737 1382 1076 1456 objurgaris]
1138 1394 1276 1449 tace,
1351 1392 1406 1439 et
1464 1381 1678 1438 fortiter
1736 1378 1948 1437 sustine
1977 1377 2148 1432 animi
2197 1381 2503 1437 cauterium
2580 1392 2638 1437 et
2704 1382 2996 1445 ustionem,
3084 1381 3197 1437 imo
3281 1396 3410 1436 vero
3464 1380 3635 1436 casti-

357 1476 566 1533 monia
619 1478 769 1534 faces
807 1488 862 1533 et
936 1477 1170 1533 lumina.
1231 1476 1337 1532 libi
1425 1476 1673 1532 medicus
1758 1472 1918 1530 desiit
1965 1470 2298 1544 obiurgare,
2356 1482 2489 1532 tunc
2563 1476 2794 1548 supplex
2847 1477 3061 1533 veniam
3117 1489 3361 1546 precare,
3406 1484 3460 1529 et
3516 1473 3637 1529 cul-

356 1583 489 1640 pam
538 1567 856 1638 deprecare,
888 1568 944 1623 in
998 1568 1191 1623 ardore
1237 1568 1383 1622 enim
1438 1568 1672 1624 ustionis
1718 1565 1954 1621 fortasse
2009 1578 2119 1618 non
2163 1565 2411 1623 admittet
2434 1568 2837 1639 paenitentiam.

435 1660 582 1734 Πρὸς
598 1660 779 1715 πάντα
803 1661 917 1734 (95)
941 1661 1063 1732 μὲν,
1084 1658 1224 1733 πλὴν
1256 1659 1386 1724 ἴσως
1407 1660 1544 1732 πρὸς
1573 1661 1642 1716 τά
1661 1659 1757 1715 δύο
1782 1657 1954 1715 ταῦτα

2130 1656 2203 1713 lis
2275 1661 2370 1731 qui
2430 1661 2484 1716 in
2561 1662 2938 1732 religiosorum
3018 1659 3254 1717 cratibus
3326 1665 3636 1720 versantur,

358 1753 516 1825 πάθη
538 1754 590 1806 οἱ
616 1755 676 1807 ὲν
698 1752 971 1817 συνοδίαις
999 1753 1121 1807 καθ’
1158 1752 1309 1825 ὥραν
1344 1752 1778 1824 ἀγωνισώμεθα·
1812 1749 1949 1823 πρὸς

358 1846 463 1915 τὴν
486 1843 885 1915 κοιλιομανίαν,
901 1845 998 1899 καὶ
1022 1844 1122 1916 τὴν
1146 1844 1431 1917 ὀξυχολίαν
1446 1861 1460 1874 ·
1478 1844 1589 1899 τῶν
1605 1843 1824 1898 οίκείων
1841 1843 1951 1913 γὰρ

362 1939 588 1994 {altth
600 1938 680 2011 τῷ
698 1937 842 2009 ὄχλῳ
852 1936 1167 2009 εὐποροῦσι.
1186 1938 1311 2002 Τοῖς
1329 1939 1385 1992 ἑν
1399 1939 1646 2009 ὑποταγῇ
1664 1939 1693 1991 ὁ
1706 1936 1951 2000 διάϐολος

367 2032 640 2086 ἀδυνάτων
657 2032 844 2095 αὐτοῖς
866 2029 1081 2103 ἀρετῶν
1110 2030 1407 2102 ἐπιθυμίαν
1442 2029 1724 2101 ἐμϐάλλει,
1750 2028 1953 2101 ὁμοίως

366 2124 465 2176 καὶ
485 2125 591 2188 τοῖς
607 2124 667 2177 ὲν
696 2121 900 2194 ἡσυχίᾳ
922 2121 992 2176 τά
1007 2121 1252 2177 ἀνοίκεια
1271 2120 1586 2176 ὑποτίθεται
1609 2137 1624 2152 ο
1645 2119 1952 2185 ἀνάπτυξον

361 2213 745 2269 ὕποτακτικῶν
762 2214 1040 2286 ἀδοκίμων
1051 2213 1313 2280 διάνοιαν,
1329 2213 1425 2269 καὶ
1441 2213 1693 2285 εὑρήσεις
1710 2214 1826 2267 ἐκεῖ
1841 2212 1952 2286 (96)

357 2300 796 2373 πεπλανημένην
859 2300 1093 2370 ἔννοιαν,
1150 2301 1450 2374 ἐπιθυμίαν
1490 2301 1640 2374 (97)
1692 2302 1952 2373 ἡσυχίας,

353 2394 616 2465 νηστείας
637 2393 968 2467 ἀκροτάτης,
991 2394 1304 2466 προσευχῆς
1348 2394 1726 2466 ἀρεμϐἀστου,
1756 2397 1953 2451 ἀκενο-

350 2485 539 2552 δοξίας
568 2485 768 2559 ἄκρας,
813 2488 1037 2558 μνήμης
1056 2486 1425 2558 ἀνεπιλήστου
1449 2488 1653 2556 ἐξόδου,
1672 2487 1954 2559 διηνεκοος

350 2576 728 2643 κατανύξεως,
771 2578 1075 2649 ἀοργησίας
1107 2579 1425 2644 παντελοῦς,
1465 2581 1677 2651 σιωπῆς
1708 2580 1950 2651 βαθείας,

348 2669 588 2737 ἁγνείας
612 2668 1085 2742 ὑπερϐαλλούσης.
1122 2665 1337 2744 Ὦνπερ
1373 2674 1496 2726 κατ’
1533 2673 1850 2743 οἰκονομίαν
1891 2675 1950 2729 ὲν

350 2760 673 2831 προοιμίοις
702 2761 1059 2835 ἀποροῦντες,
1084 2764 1210 2835 είκῆ
1248 2765 1634 2837 μετεπήδησαν
1658 2767 1960 2837 ἀπατηθέν-

347 2868 471 2915 τες.
499 2851 612 2923 Πρὸ
635 2851 741 2923 γὰρ
773 2852 965 2923 καιροῦ
998 2852 1232 2925 ζητῆσαι
1265 2853 1481 2919 αὐτοὺς,
1511 2856 1540 2907 ὁ
1572 2854 1764 2926 ἐχθρὸς
1785 2853 1957 2909 ταῦτα

351 2942 684 3013 πεποίηκεν,
717 2942 808 2998 ἵνα
844 2940 919 3016 μὴ
969 2942 1360 3014 ὑπομείναντες
1376 2944 1434 2997 ὲν
1452 2943 1531 3014 τῷ
1548 2943 1723 3016 καιρῷ
1751 2947 1955 2999 τούτων

2008 1746 2317 1809 adversus
2389 1754 2577 1809 omnia
2644 1755 2866 1825 quidem
2935 1754 3086 1819 alia,
3144 1755 3237 1809 sed
3313 1753 3367 1807 in
3443 1751 3666 1821 primis-

2054 1846 2162 1901 duo
2201 1846 2330 1901 vitia
2382 1845 2615 1916 singulis
2672 1862 2840 1917 prepe
2889 1846 3180 1902 momentis
3217 1844 3634 1915 depugnandum

2053 1944 2138 1991 est
2170 1951 2185 1988 :
2216 1936 2481 1992 adversus
2536 1937 2786 1993 insanam
2840 1936 3044 1993 ventris
3095 1936 3300 1992 rabiem
3359 1944 3415 1991 et
3470 1935 3634 1990 bilem

2051 2040 2149 2080 seu
2204 2023 2568 2081 iracundiam.
2639 2024 2736 2084 llis
2769 2027 2916 2084 enim
2970 2026 3119 2082 vitiis
3174 2026 3293 2096 ipsa
3345 2026 3639 2095 cepiado‘

2054 2118 2407 2175 mesticorum
2481 2119 2760 2190 copiosam
2842 2119 3128 2176 materiam
3212 2118 3635 2184 subministrat,

2054 2210 2158 2265 sub
2224 2212 2491 2267 antistitis
2562 2211 2795 2281 imperio
2860 2212 3026 2267 vitam
3101 2210 3390 2281 agentibus
3462 2210 3683 2267 hostis-

2054 2311 2239 2359 noster
2272 2303 2505 2361 subinde
2529 2304 2795 2360 virtutum
2848 2302 3164 2360 facultatem
3215 2311 3273 2358 et
3325 2304 3471 2358 vires
3536 2316 3639 2358 non

2055 2405 2199 2451 stras
2276 2396 2654 2452 excedentium
2730 2396 3061 2452 desiderium
3124 2395 3416 2461 immittit;
3492 2395 3639 2450 sicut

2056 2486 2403 2543 anachoretis
2469 2486 2704 2543 absurda
2779 2488 3026 2558 quaedam
3097 2487 3356 2557 suggerit,
3434 2485 3636 2541 Excute

2058 2578 2432 2649 improborum
2472 2594 2567 2635 seu
2612 2579 2905 2636 stultorum
2970 2580 3345 2651 religiosorum
3400 2590 3635 2640 mentes,

2054 2681 2111 2727 et
2147 2672 2520 2742 deprehendes
2565 2686 2808 2727 errorem
2865 2672 2917 2728 in
2978 2672 3086 2727 illis
3119 2671 3386 2725 :nimium
3442 2669 3637 2725 solitu-

2055 2762 2201 2819 dinis
2239 2761 2519 2828 studium,
2583 2771 2856 2819 extremas
2915 2760 3255 2831 jejunitates.
3305 2759 3651 2814 indefessam,

2058 2852 2315 2924 precandi
2372 2853 2778 2911 contentionem
2803 2893 2819 2920 ,
2876 2853 3127 2909 ultimam
3185 2853 3271 2911 sui
3325 2852 3636 2924 despicien-

2060 2946 2222 3012 tiam,
2278 2953 2539 3002 aeternam
2612 2945 2807 3001 mortis
2886 2945 3245 3009 memoriam,
3312 2945 3635 3000 continuum

350 3034 682 3106 ἐπιτύχωσι.
729 3035 1042 3106 Μακαρίεζει
1089 3036 1220 3106 παρ’
1253 3037 1584 3107 ἡσυχασταῖς
1630 3037 1660 3089 ὁ
1690 3037 1946 3093 ἀπατεὼν

2054 3039 2220 3093 animi
2274 3038 2503 3104 luctum,
2550 3035 2848 3107 perfectam
2919 3037 3021 3092 ira:
3074 3037 3434 3100 sedationem,
3485 3051 3659 3091 summ

351 3125 467 3179 τῶν
496 3124 755 3196 ὑπηκόων
780 3124 878 3196 τὴν
904 3124 1228 3194 φιλοξενίαν,
1260 3126 1357 3197 τὴν
1376 3125 1669 3194 διακονίαν,
1698 3126 1800 3198 τὴν
1826 3127 1947 3196 φιλ-

354 3214 640 3283 αδελφίαν,
699 3215 796 3268 καὶ
854 3215 1261 3287 συνδιαγωγὴν,
1315 3206 1586 3287 τὴντῶν
1650 3216 1947 3272 νοσούντων

356 3305 688 3377 ὑπηρεσίαν,
721 3304 809 3362 ἵνα
847 3305 1132 3370 κάκείνους
1170 3307 1615 3378 ἀνυπομονήτους
1649 3305 1789 3361 κατὰ
1822 3306 1948 3370 τοὺς

360 3397 663 3468 προτέρους
694 3396 1080 3467 ἀπεργάσηται
1114 3399 1143 3451 ὁ
1169 3397 1388 3462 πλάνος.
1422 3398 1671 3453 Σπανίων
1696 3397 1796 3468 μὲν
1816 3397 1945 3469 γὰρ,

357 3488 441 3552 ὡς
470 3487 678 3559 ἀληθῶς
707 3487 770 3541 τὸ
800 3487 944 3558 λόγῳ
973 3487 1071 3559 τῆς
1097 3487 1327 3559 ἡσυχίας
1359 3486 1737 3559 μετέρχεσθαιο
1764 3486 1951 3542 κάκεί-

359 3596 476 3633 νων
509 3580 683 3651 μόνων
705 3577 816 3633 τῶν
855 3578 951 3651 τὴν
978 3578 1127 3633 θείαν
1163 3579 1508 3651 παράκλησιν
1546 3578 1681 3651 πρὸς
1711 3580 1810 3651 τὴν
1841 3580 1950 3634 τῶν

362 3673 542 3727 πόνων
572 3671 947 3744 παραμυθίαν,
979 3672 1074 3726 καὶ
1108 3672 1359 3745 πολέμων
1395 3673 1712 3744 συνέργειαν
1740 3690 1950 3745 κτησα-

360 3766 567 3837 μένων.
617 3764 765 3839 Πρὸς
800 3764 899 3828 τὰς
932 3765 1224 3835 ποιότητας
1267 3764 1423 3836 ἡμῶν
1458 3764 1568 3818 τῶν
1612 3764 1821 3832 παθῶν,
1856 3764 1951 3819 καὶ

355 3858 462 3922 τὰς
489 3856 773 3926 ὑπσταγάς
792 3856 1178 3928 διακρίνωμεν,
1205 3857 1301 3910 καὶ
1328 3856 1677 3929 ὲκλεξώμεθα
1711 3859 1949 3930 πρεπόντ

361 3965 499 4012 τως.
527 3944 709 4002 Ἔστω
737 3948 848 4021 (98)
886 3966 970 4002 σοι
1008 3950 1137 4021 περὶ
1167 3949 1229 4002 τὸ
1260 3949 1458 4018 λάγνον
1478 3950 1748 4023 ’ἀκρατῶς
1774 3950 1951 4022 ἔχοντι

362 4040 464 4093 καί
489 4037 706 4109 ρέποντι
729 4040 1069 4111 γυμναστὴς,
1098 4041 1208 4111 (99)
1235 4041 1498 4114 ἀσκητὴς,
1522 4044 1615 4096 καὶ
1639 4044 1967 4117 ἀπαράκλη-.

359 4148 458 4196 τος
497 4130 636 4202 πρὸς
666 4132 890 4204 τροφὴν,
923 4134 1017 4186 καὶ
1051 4133 1127 4205 μὴ
1155 4133 1355 4204 μᾶλλον
1396 4130 1813 4205 θαυματοποιὸς,
1860 4137 1953 4189 καὶ

357 4222 581 4293 ἕτοιμος
612 4224 777 4278 παντὶ
803 4226 882 4287 είς
909 4223 1178 4297 ὑποδοχὴν
1211 4226 1308 4280 καὶ
1335 4227 1633 4299 τράπεζαν.
1670 4228 1850 4281 Ἔστω
1872 4245 1953 4281 σοι

359 4314 637 4386 ὑψαύχενι
662 4315 777 4370 δντι
805 4314 931 4382 ὀξὺς
953 4316 1049 4370 καλ⁸
1069 4316 1529 4390 ἀπαραχώρητος,
1563 4318 1656 4372 καὶ
1682 4320 1755 4391 μὴ
1781 4321 1953 4389 πρᾶος

360 4406 463 4459 καὶ
511 4405 914 4478 φιλάνθρωπον
950 4406 1026 4478 μὴ
1076 4408 1328 4479 ζητῶμεν
1380 4409 1762 4480 προγνώστας,
1818 4412 1953 4481 μηδὲ

362 4495 740 4565 «petilium:
773 4496 908 4551 ἀλλά
940 4497 1049 4571 πρὸ
1079 4499 1298 4553 πάντων
1349 4502 1565 4565 πάντως
1596 4503 1955 4572 ταπεινόφρο-

360 4605 489 4654 νας,
515 4589 608 4642 καὶ
636 4591 702 4661 τῇ
747 4591 806 4643 ἐν
837 4592 969 4661 ἡμῖν
1019 4592 1160 4663 νόσῳ
1203 4593 1500 4665 ἀρμοδίους
1546 4596 1609 4647 ὲκ
1632 4595 1839 4665 ’τρόπου
1863 4597 1956 4649 καὶ

360 4676 464 4731 τοῦ
493 4677 849 4747 καθίσματος.
885 4681 1068 4735 Ἔστω
1095 4698 1176 4736 σοι
1205 4684 1347 4737 κατὰ
1378 4684 1469 4737 τὸν
1503 4685 1838 4755 Ἀϐϐάκυρον
1867 4688 1956 4742 τὸν

360 4769 929 4840 προμνημονευθέντα
975 4771 1201 4839 δίκαιον,
1256 4776 1350 4829 καὶ
1396 4768 1551 4840 οὗτος
1580 4778 1767 4842 .καλὸς
1823 4780 1959 4850 πρὸς

358 4856 622 4930 ὑπακοὴν
649 4861 679 4913 ὁ
705 4860 928 4931 τρόπος,
952 4860 1012 4914 τὸ
1040 4861 1130 4915 ἀεὶ
1157 4860 1488 4931 λογίζεσθαι,
1516 4866 1595 4919 ὅτι
1619 4868 1870 4938 πειράζει
1899 4884 1958 4923 σε

356 4954 391 5005 ὁ
429 4950 735 5021 προεστὼς,
763 4953 856 5007 καὶ
887 4953 949 5007 οὐ
986 4954 1063 5025 μὴ
1096 4956 1418 5027 ἀστοχήσεις
1454 4959 1606 5013 ποτέ.
1640 4958 1809 5013 Ὅταν
1834 4961 1957 5014 ἐπι-

360 5043 708 5112 πλήσσοντος
745 5045 1062 5111 ἀπαύστως,
1105 5047 1328 5102 πλείονα
1360 5049 1459 5121 τὴν
1504 5049 1639 5121 πρὸς
1677 5051 1839 5105 αὐτὸν
1871 5052 1961 5105 πί-

360 5152 495 5190 στιν
522 5137 617 5190 καὶ
644 5136 866 5209 ἀγάπην
889 5138 1339 5212 προσλαμϐάνῃς,
1364 5140 1592 5213 Πνεῦμα
1621 5142 1775 5212 ἀγιον
1805 5144 1961 5215 ἀορά-

359 5243 485 5290 τως
510 5229 568 5281 ὲν
598 5230 664 5299 τῇ
689 5228 837 5301 ψυχῇ
868 5246 961 5283 σου
991 5231 1256 5302 ὲνῴκησε,
1294 5233 1391 5286 καὶ
1423 5233 1654 5305 δύναμις
1705 5235 1960 5305 Ὑψίστου

361 5319 674 5374 ἐπεσκίασὲ
699 5338 802 5388 σοι,
834 5322 1092 5390 γίνωσκε.
1122 5323 1269 5396 Πλὴν
1292 5325 1368 5399 μὴ
1389 5325 1600 5399 καυχῶ,
1627 5327 1761 5399 μηδὲ
1781 5330 1959 5400 χαῖρε,

360 5410 639 5481 γενναίως
667 5413 956 5485 ὑποφέρων
983 5414 1083 5479 τάς
1107 5413 1293 5486 ὕϐρεις
1314 5418 1407 5470 καὶ
1432 5419 1530 5482 τὰς
1552 5418 1798 5490 ἀτιμία;’
1828 5420 1965 5473 ἀλλά

366 5501 585 5574 μᾶλλον
605 5502 811 5577 θρήνει,
850 5505 936 5559 ὅτι
978 5506 1116 5571 ὅλως
1159 5504 1308 5573 ἄξιόν
1334 5526 1385 5563 τι
1423 5508 1633 5582 ὕϐρεως
1665 5511 1961 5581 διεπράξω,

368 5595 473 5650 καὶ
503 5596 773 5666 ὲτάραξας
804 5597 984 5669 ψυχὴν
1017 5598 1158 5653 κατὰ
1198 5599 1313 5654 σοῦ.
1352 5602 1444 5671 Μὴ
1475 5601 1621 5672 (100)
1653 5601 1962 5674 θαμῦηθῇς,

370 5688 466 5758 ἐφ’
491 5678 537 5756 ᾧ
565 5688 746 5757 μέλλω
773 5688 978 5758 λέγειν’
1006 5690 1245 5762 Μωῦσῆν
1270 5690 1348 5763 (α)
1377 5691 1484 5762 γὰρ
1512 5692 1619 5763 ἔχω
1647 5695 1961 5766 συνήγορον·

2049 3145 2196 3185 mam
2246 3128 2706 3193 taciturnitatem,
2758 3128 3036 3185 caelestem
3101 3128 3429 3184 castitatem.
3485 3128 3641 3193 Quas

2051 3222 2278 3277 virtutes
2339 3236 2466 3276 cum
2518 3221 2595 3275 in.
2635 3221 2905 3291 tyrocinio
2964 3220 3282 3290 religionis,
3350 3219 3496 3289 quod
3559 3218 3641 3281 ita

2051 3309 2162 3368 Deo
2253 3310 2533 3366 videretur
2569 3350 2586 3375 ,
2677 3325 2787 3366 non
2879 3309 3068 3365 statim
3155 3318 3581 3380 assequerentur
3623 3348 3641 3373 ,

2051 3411 2256 3457 temere
2351 3415 2383 3456 a
2467 3408 2648 3471 coepto
2719 3409 2918 3456 conatu
3001 3400 3213 3471 decepti
3301 3399 3641 3457 resilierunt.

2048 3489 2318 3564 39Nam
2366 3490 2571 3546 idcirco
2605 3491 2776 3546 hostis
2832 3500 2957 3546 ante
2981 3489 3193 3560 justum
3245 3499 3460 3559 tempus
3501 3487 3607 3544 affe

2051 3593 2200 3639 ctare
2238 3591 2349 3638 tam
2381 3579 2640 3637 sublimia
2690 3581 2813 3638 illos
2869 3580 3063 3646 voluit,
3107 3597 3176 3637 ne
3224 3588 3637 3650 perseverantes

2052 3675 2348 3733 virtutibus
2383 3676 2490 3730 illis
2539 3690 2642 3730 suo
2698 3684 2943 3745 tempore
2997 3675 3327 3744 potirentur.
3362 3672 3609 3742 Deprzedi

2053 3777 2141 3822 eat
2177 3767 2317 3839 apud
2354 3766 2715 3821 anachoretas
2754 3763 2897 3819 idem
2938 3772 3211 3820 veterator
3233 3762 3669 3817 coenobitarum.

2056 3860 2499 3940 hospitalitatem,
2534 3858 2921 3923 ministerium,
2958 3856 3255 3913 fraternam
3288 3855 3635 3917 cliaritatem,

2056 3949 2325 4005 familiare
2378 3949 2821 4017 centubernium,
2883 3964 3073 4004 curam
3134 3963 3426 4018 aegrorum,
3487 3954 3545 3999 ut
3585 3954 3641 3999 et

2056 4041 2678 4112 illos,quemadmodum
2715 4038 2950 4111 priores,
2993 4039 3357 4110 praestigiator
3393 4037 3458 4092 de
3489 4043 3637 4091 statu
3656 4062 3673 4074 -ι

2055 4133 2180 4187 vitae
2219 4148 2332 4188 suae
2383 4132 2621 4203 dejiciat.
2654 4131 2966 4187 Paucorum
2999 4147 3129 4187 sane
3166 4141 3249 4186 est
3302 4129 3468 4185 vitam
3506 4144 3639 4183 ana-

2056 4222 2409 4286 choreticam,
2448 4222 2527 4276 uti
2586 4222 2760 4288 decet,
2796 4236 2980 4293 agere,
3037 4230 3312 4276 eteorum
3371 4220 3639 4275 duntaxat

1989 4365 2031 4421 ο
2058 4315 2152 4385 qui
2180 4313 2245 4369 ad
2271 4313 2936 4380 laborum,.certaminnm
2984 4311 3241 4367 alacriter
3282 4310 3639 4367 sustinendo-

2059 4420 2181 4460 rum
2233 4404 2461 4476 gratiam
2521 4404 2729 4460 coalein
2763 4404 3140 4460 consolatione
3186 4403 3493 4458 firmantur.
3534 4404 3640 4459 Pro

2059 4494 2269 4549 ratioiie
2329 4495 2587 4551 vitiorum
2662 4503 2978 4550 nostrorum
3050 4494 3437 4550 convenienter
3484 4497 3642 4549 nobis

2059 4601 2372 4657 quaeramus
2400 4595 2465 4643 et
2487 4585 2793 4660 deligamus
2827 4594 3030 4642 statum
3071 4582 3417 4641 ebedientize.
3455 4585 3557 4654 Qui
3591 4597 3642 4643 te

2058 4681 2127 4735 ad
2160 4680 2633 4750 intemperantiam
2662 4689 2717 4735 et
2743 4679 2994 4750 corporis
3044 4681 3351 4751 voluptates
3406 4696 3641 4751 propen-

2059 4772 2189 4828 dere
2226 4774 2417 4836 sentis,
2441 4771 2659 4828 virtutis
2684 4770 3006 4843 magistrum
3046 4781 3100 4826 et
3152 4771 3361 4827 ventris
3398 4772 3643 4843 castiga-

2060 4866 2263 4921 tionem
2332 4865 2723 4921 inexorabilem
2799 4865 3036 4936 inquire,
3090 4880 3200 4920 non
3265 4865 3642 4937 prodigiorum

2061 4969 2395 5032 patratorem
2436 4976 2529 5016 seu
2561 4961 3033 5031 thaumaturgum,
3077 4976 3184 5016 non
3236 4961 3561 5031 hospitalem
3590 4969 3645 5013 et

2062 5054 2241 5109 cuivis
2293 5050 2573 5108 adventnri
2630 5062 2873 5107 mensam
2926 5062 3302 5123 apparantem.
3360 5051 3544 5106 Elatus
3590 5059 3646 5104 et

2065 5158 2329 5214 arrogans
2362 5144 2563 5213 deligat
2605 5153 2875 5200 rectorem
2941 5158 3158 5199 morum
3209 5143 3640 5204 stomachosum,

2066 5235 2339 5301 tetricum,
2372 5249 2654 5305 nunquam
2698 5234 3058 5301 renidentem,
3120 5233 3215 5290 sed
3263 5233 3641 5287 inclementem

2067 5339 2122 5384 et
2145 5330 2523 5384 inhumanum.
2560 5325 2678 5383 Non
2709 5344 3022 5399 quaeramus
3070 5326 3165 5398 qui
3208 5326 3364 5381 nobis
3386 5325 3452 5380 de
3480 5325 3645 5380 rebus

2069 5420 2272 5476 futuris
2328 5420 2552 5476 oracula
2593 5419 2780 5485 edant,
2821 5430 2916 5475 aut
2947 5418 3118 5474 multa
3152 5416 3516 5488 przevideant:
3547 5415 3647 5470 sed
3760 5474 3767 5483 ,

2066 5513 2319 5567 doctores
2365 5511 2456 5581 qui
2491 5517 2618 5564 ante
2649 5510 2835 5564 omnia
2889 5506 3291 5564 submissionis.
3325 5514 3380 5560 et
3418 5504 3645 5559 humili-

2071 5602 2197 5658 tatis
2249 5602 2493 5671 exempla
2544 5618 2655 5671 pra:
2697 5617 2756 5656 se
2799 5599 2993 5665 ferant,
3048 5601 3253 5670 quique
3300 5598 3368 5654 ad
3424 5598 3647 5653 morbus

2077 5694 2244 5749 animi
2287 5694 2458 5747 nostri
2490 5693 2762 5749 curandos
2795 5693 2906 5748 sint
2936 5693 3134 5756 idonei,
3161 5707 3391 5762 seseque
3430 5690 3496 5745 ad
3527 5706 3649 5744 mo-

456 5805 536 5874 (a)
573 5803 802 5861 Michael
850 5805 1113 5871 lsseltius,
1168 5809 1261 5879 qui
1323 5818 1481 5864 notas
1538 5809 1604 5866 ad
1649 5810 1951 5867 Climacum
1995 5813 2233 5882 scripsit,
2292 5824 2449 5882 negat
2516 5814 2721 5883 (aduot.
2777 5810 2869 5881 ‘27)
2904 5811 2988 5864 hic
3043 5810 3453 5881 intelligendum
3521 5822 3655 5864 ese
