4110 6432
523 366 621 402 Ἶ-ντ

532 366 621 426 727
1788 368 1847 428 S.
1883 364 2202 427 JOANNIS
2227 367 2535 433 CLIMACI

3693 366 3804 428 7:28

525 495 611 533 res
636 487 853 535 nostros
875 489 928 535 et
949 488 1153 535 statum
1204 482 1490 553 locumque
1551 482 1991 539 accommodent.
2027 479 2101 534 Sil

2214 483 2493 555 συμφέρον
2517 484 2596 548 εἰς
2624 483 2778 548 Θεὸν,
2813 483 2905 537 καλ⁵
2946 482 3022 554 μὴ
3068 483 3147 544 εἰς
3184 479 3396 552 πατέρα
3421 478 3579 551 ἡμῶν
3613 479 3805 550 ἆμαρ·

525 568 620 622 tibi
657 569 710 622 in
743 568 926 624 studio
983 570 1342 640 obsequendi,
1377 581 1603 626 sanctus
1649 571 1738 626 ille
1785 585 1951 641 supra
1984 571 2104 625 lana

524 661 684 714 datus
732 661 1052 732 Abbacyrus
1105 659 1301 728 forma,
1326 677 1540 730 semper
1569 663 1896 734 cogitando;
1932 671 2106 718 tentat

523 761 578 806 te
627 761 682 806 et
735 752 983 824 explorat
1040 752 1296 809 virtutem
1357 761 1507 809 tuam
1557 762 1686 810 tuus
1721 754 1971 820 antistes,
2005 770 2105 810 nec

526 856 769 912 unquam
811 842 1093 898 aberrabis
1127 858 1158 898 a
1188 853 1350 899 meta.
1386 844 1497 916 90
1529 845 1584 900 Si
1617 845 1841 902 assidue
1876 853 1930 902 te
1963 861 2105 917 prae-

525 934 642 988 side
668 942 762 988 tuo
804 934 1123 1004 objurgante
1154 937 1416 1006 majorem
1444 939 1494 992 in
1529 939 1682 994 illum
1744 939 1903 996 tidem
1939 949 1993 995 et
2023 938 2103 994 af-

524 1023 728 1079 fectum
768 1024 1032 1091 indueris,
1093 1037 1343 1083 sanctum
1392 1029 1656 1100 Spiritum
1692 1031 1746 1086 in
1789 1031 1970 1086 anima
2013 1039 2103 1086 tua

527 1119 772 1189 quamvis
823 1120 1268 1191 inaspectabilem
1341 1123 1444 1179 sibi
1489 1123 1669 1180 sedem
1719 1124 1907 1180 ﬁxisse
1938 1125 2100 1180 scias.

520 1209 816 1264 Enimvero
848 1224 959 1265 non
1007 1221 1090 1266 est
1137 1217 1282 1282 quod
1323 1213 1576 1284 glorieris
1635 1222 1728 1269 aut
1773 1230 2107 1286 magnopere

520 1298 742 1365 Ireteris,
772 1300 816 1354 si
845 1300 1209 1356 contumelias
1246 1310 1301 1356 et
1338 1302 1574 1358 convitia
1606 1301 1824 1360 fortiter
1856 1313 1910 1361 et
1941 1319 2105 1376 gene-

519 1407 645 1448 rose
683 1391 946 1463 perferas,
988 1393 1102 1448 imo
1129 1409 1255 1451 vero
1293 1404 1394 1461 est,
1425 1396 1569 1467 quod
1601 1397 1786 1468 potius
1833 1397 2021 1454 doleas
2053 1408 2105 1453 et

521 1481 794 1552 deplores,
851 1483 998 1555 quod
1031 1487 1260 1540 omnino
1298 1486 1523 1557 dignum
1568 1497 1622 1543 te
1660 1488 1806 1559 insta
1847 1489 2106 1560 objurga-

518 1578 671 1634 tione
708 1578 1030 1648 praebueris,
1061 1589 1116 1635 et
1141 1579 1311 1651 patris
1343 1581 1421 1636 tui
1451 1581 1696 1637 animum
1731 1583 1783 1638 in
1830 1589 1884 1638 te
1920 1583 2106 1638 conci-

519 1670 676 1723 laris.
716 1669 832 1723 Non
881 1677 963 1725 est
998 1671 1144 1740 quod
1199 1671 1487 1741 perculsus
1541 1673 1902 1744 obstupescas
1941 1691 2106 1745 super

519 1771 586 1809 eo
612 1756 756 1825 quod
788 1756 1037 1813 dicturus
1063 1773 1186 1814 sum
1221 1776 1234 1812 :
1267 1758 1442 1815 habeo
1478 1761 1626 1815 enim
1679 1763 1964 1818 sentcntiae
1987 1763 2104 1819 suf-

2207 572 2387 643 τῆσαιο
2417 573 2554 628 θεοῦ
2584 575 2682 646 μὲν
2713 574 2822 647 γὰρ
2857 571 3338 645 παροργισθέντος,
3369 573 3403 625 ό
3426 573 3458 642 ἠ
3469 569 3586 642 μῶν
3606 569 3804 641 ὁδηγδς

2208 665 2543 732 καταλλάξαι
2579 668 2740 722 αὑτὸν
2777 667 2913 740 πρὸς
2946 667 3090 737 ὑμᾶς
3115 665 3363 729 δύναται,
3397 664 3589 716 τούτου
3617 661 3675 715 δὲ
3711 663 3804 731 ὑφ’

2206 757 2238 828 ἡ
2247 759 2364 828 μῶν
2392 759 2787 831 παραχθέντος,
2806 759 2926 814 τινὰ
2945 760 3035 812 τὸν
3059 757 3432 828 ἐξιλεούμενον
3449 755 3634 810 λοιπὸν
3658 755 3763 809 ύπὲ
3769 773 3806 828 ρ

2207 850 2362 922 ἡμῶν
2389 851 2488 905 οὐκ
2511 851 2725 924 ἔχομεν.
2773 851 2928 923 Ἐμοὶ
2957 851 3014 904 δὲ
3038 850 3186 904 δοκεῖ
3213 852 3294 914 εἰς
3326 849 3455 920 μίαν
3476 848 3636 914 δόξαν
3667 849 3806 901 ἀνα-

2205 947 2422 1016 τρέχειν
2452 945 2521 999 τά
2545 945 2853 1016 ἀμφότερα.
2887 943 3262 1014 Σκοπήσωμεν
3286 943 3381 995 καὶ
3408 940 3804 1012 διακρίνωμεν,

2207 1037 2302 1090 καὶ
2360 1036 2658 1108 νήψωμεν·
2696 1037 2826 1090 ποτὲ
2877 1035 2976 1106 μὲν
3023 1035 3494 1106 κατηγορούμενοι
3541 1033 3677 1104 πρὸς
3712 1031 3806 1085 τὸν

2209 1127 2442 1200 ποιμένα
2467 1127 2805 1200 εὐχαρίστως
2841 1126 3155 1197 ὑπομένειν,
3184 1124 3281 1178 καὶ
3311 1124 3552 1196 ἡσυχίως
3583 1121 3806 1192 ὀφείλο-

2211 1237 2330 1292 μενο
2363 1221 2493 1275 ποτὲ
2545 1221 2602 1274 δὲ
2653 1219 2789 1290 πρὸς
2821 1217 2981 1272 αὐτὸν
3025 1215 3404 1289 πληροφορίαν
3448 1213 3802 1286 ποιήσασθαι.

2220 1313 2374 1384 Ἐμοὶ
2409 1314 2559 1368 δοκεῖ
2598 1312 2694 1365 ἐπὶ
2723 1312 2858 1365 πᾶσι
2901 1311 2998 1382 μὲν
3033 1312 3146 1373 τοῖς
3178 1307 3400 1378 ἀτιμίαν
3435 1309 3567 1379 ἡμῖν
3608 1303 3806 1377 προξε-

2208 1405 2358 1459 νοῦσι
2387 1407 2618 1476 σιωπᾷν·
2653 1403 2876 1476 κέρδους
2909 1403 3018 1472 γὰρ
3040 1400 3159 1473 ὥρα
3188 1400 3356 1454 ἐστίν·
3383 1401 3477 1452 ἐπὶ
3502 1399 3559 1452 δὲ
3587 1402 3703 1462 τοῖς
3724 1400 3804 1461 εἰς

2207 1497 2501 1570 πρόσωπον
2524 1496 2711 1568 ἐτέρου
2743 1494 3134 1567 ἀνατρέχουσιν
3163 1490 3571 1561 ἀπολογεῖσθαι,
3601 1489 3690 1542 διὰ
3711 1489 3803 1542 τὸν

2209 1588 2507 1661 σύνδεσμον
2531 1589 2632 1660 τῆς
2655 1589 2898 1662 ἀγάπης,
2921 1587 3137 1658 καὶτῆς
3157 1585 3353 1642 ἀλύτου
3377 1587 3621 1658 εἰρήνης.
3647 1585 3804 1637 Ὅσοι

2207 1678 2267 1746 ἐξ
2299 1680 2547 1751 ὑπακοῆς
2591 1680 2976 1752 ἀπεπήδησαν,
3006 1674 3152 1734 οῦτοι
3185 1695 3268 1732 σοι
3307 1675 3670 1746 ἀναγγελοῦσι
3704 1673 3804 1746 τὴν

2206 1775 2416 1846 ταύτης
2445 1772 2737 1844 ὠφέλειαν.
2765 1773 2899 1828 Τότε
2928 1771 3038 1842 γὰρ
3064 1771 3307 1842 ἔγνωσαν
3328 1769 3387 1822 ὲν
3417 1768 3557 1839 ποίῳ
3583 1766 3802 1838 οὐρανῷ

519 1846 850 1919 fl'asalorem
909 1847 1116 1904 Μοεθη·
1164 1847 1279 1906 Που
1316 1850 1426 1916 δῖοι
1477 1861 1739 1921 Ρτπθῑθΐθ
1803 1854 1857 1909 in
1926 1853 2099 1910 Deam
2137 1827 2178 1883 Β
2507 1827 2570 1919 ζΟ
2590 1862 2728 1935 πρὸς
2749 1861 2846 1934 τὴν
2869 1827 3140 1916 ἀπάθειαν
3169 1859 3266 1912 καὶ
3290 1857 3385 1910 τὸν
3407 1827 3540 1910 Θεὸν
3561 1827 3798 1926 τρέχων,

518 1937 697 2002 ipsum
727 1951 975 2008 peccare,
1006 1953 1167 2009 quam
1205 1939 1259 1993 in
1301 1940 1618 2014 religiosum
1650 1955 1857 2014 patrem
1887 1944 2102 2000 antisti-

514 2043 626 2088 tem
664 2043 938 2090 nostrum.
973 2031 1109 2089 Nam
1150 2033 1320 2090 Deum
1359 2051 1388 2090 a
1420 2036 1580 2093 nobis
1619 2036 1890 2094 offensum
1920 2053 2103 2096 noster

514 2137 721 2193 praeses
747 2124 966 2196 placare
997 2135 1051 2182 et
1076 2127 1434 2184 reconciliare
1458 2128 1617 2185 nobis
1645 2138 1821 2202 potest
1851 2149 1864 2186 :
1893 2131 2102 2190 oﬂ‘enso

515 2224 697 2272 autem
731 2217 984 2288 religioso
1005 2229 1157 2289 patre
1196 2228 1408 2283 nostro,
1451 2235 1612 2292 quem
1647 2223 1905 2295 deinceps
1931 2226 2103 2281 habes

512 2304 722 2372 bimus,
759 2311 852 2377 qui
905 2308 1074 2365 Deum
1130 2311 1288 2367 nobis
1350 2313 1648 2384 propitium
1709 2317 2100 2384 reddat?Quae

512 2406 694 2453 tamen
727 2406 960 2471 utraque
998 2401 1052 2456 in
1085 2417 1250 2457 unam
1307 2405 1636 2460 sententiam
1665 2418 1978 2466 recurrunt.
2004 2407 2099 2466 Vi-

513 2491 742 2546 deamus
773 2499 826 2546 et
851 2492 1230 2563 dispiciamus,
1272 2505 1328 2551 et
1359 2498 1544 2553 sobria
1594 2509 1777 2555 mente
1823 2516 1938 2556 rem
1980 2518 2102 2574 per-

509 2585 840 2656 pendamus;
891 2585 1206 2658 Objurgatis
1235 2603 1265 2643 a
1313 2589 1663 2648 moderatore
1714 2603 1906 2650 nostro
1954 2611 2101 2653 nunc

511 2675 734 2744 quidem
771 2683 926 2746 grato
967 2686 1024 2731 et
1069 2678 1294 2748 patienti
1344 2679 1532 2735 animo
1573 2696 1698 2737 cum
1754 2683 1972 2741 silentio
2012 2701 2100 2743 re-

509 2765 810 2833 prehensio
859 2767 1180 2822 sustinenda
1231 2777 1336 2834 est,
1389 2785 1537 2826 nunc
1585 2786 1718 2827 vero
1768 2775 1910 2830 ratio
1969 2775 2097 2832 facti

509 2856 687 2911 nostri
717 2856 992 2913 reddenda
1033 2867 1137 2914 est.
1175 2858 1294 2916 Meo
1332 2861 1554 2932 quidem
1579 2861 1788 2934 judicio
1818 2882 1942 2922 cum
1998 2885 2098 2926 nos

510 2946 618 3016 ipsi
667 2946 935 3002 duntaxat
986 2950 1444 3007 contumeliosius
1481 2959 1797 3021 tractamur,
1870 2961 2098 3016 omnino

507 3038 802 3093 tacendum
855 3046 959 3106 est,
1013 3047 1144 3095 tunc
1204 3042 1355 3095 enim
1411 3043 1547 3098 lucri
1603 3049 1958 3116 comparandi
2013 3060 2098 3108 est

2209 1961 2392 2013 πᾶσαν
2440 1956 2680 2029 ἡμέραν,
2717 1958 2774 2010 ὲν
2893 1955 2954 2008 ού
2985 1953 3326 2024 λοιδορεῖται,
3362 1949 3563 2021 πολλὴν
3597 1946 3802 2020 ζημίαν

2205 2051 2501 2121 λογίζεται,
2533 2049 2724 2120 ὥσπερ
2750 2048 2818 2102 τὰ
2838 2047 3032 2119 δένδρα
3055 2045 3166 2099 ὑπὸ
3194 2043 3303 2098 τῶν
3325 2043 3550 2114 ἀνέμων
3578 2039 3800 2110 σειόμε-

2205 2162 2290 2207 να,
2325 2142 2546 2214 βαθείας
2579 2141 2733 2214 ῥίζας
2755 2137 3214 2193 καταϐάλλουσιν·
3241 2134 3385 2189 οὕτω
3413 2133 3505 2188 καὶ
3533 2133 3582 2186 οἱ
3610 2135 3669 2187 ὲν
3698 2132 3802 2185 ὑπο

2204 2240 2342 2309 ακοῇ
2373 2235 2739 2308 διατρίϐοντες
2770 2231 2994 2304 ἰσχυρὰς
3020 2233 3114 2285 κοιλ⁸
3141 2228 3471 2292 ἀσαλεύτους
3499 2226 3680 2298 ψυχὰς
3708 2223 3804 2279 κέ-

2202 2348 2452 2402 κτηνται.
2480 2329 2668 2392 Ὅστις
2696 2326 2818 2381 καθ’
2841 2325 3066 2398 ἡσυχίαν
3092 2323 3422 2393 καθήμενος,
3454 2321 3670 2389 ἐπέγνω
3707 2319 3802 2388 τὴν

2201 2418 2400 2474 ἑαυτοῦ
2445 2417 2750 2482 ἀσθένειαν,
2777 2415 2872 2469 καὶ
2917 2410 3188 2485 μετελθὼν
3228 2410 3516 2480 πέπρακεν
3557 2405 3799 2474 ὑπακοῇ,

2203 2503 2357 2571 οὗτος
2406 2507 2606 2578 τυφλὸς
2653 2505 2751 2572 ὣν,
2794 2505 3017 2565 ἀκόπως
3055 2501 3191 2574 πρὸς
3226 2497 3464 2572 Χριστὸν
3507 2495 3798 2564 ἀνέϐλεψε.

2203 2601 2398 2673 Στῆτε,
2455 2599 2636 2672 στῆτε,
2693 2598 2788 2654 καὶ
2840 2596 3002 2651 πάλιν
3057 2595 3190 2667 ἐρῶ,
3248 2593 3414 2660 στῆτε
3487 2589 3798 2660 τρέχοντες,

2203 2694 2425 2765 ἀδελφοὶ
2467 2691 2721 2764 ἀθληταὶ,
2766 2690 3059 2754 ἀκούοντες
3119 2687 3247 2759 περὶ
3287 2684 3440 2756 ὑμῶν
3481 2681 3577 2736 τοῦ
3627 2679 3795 2751 σοφοῦ

2202 2784 2412 2838 ἐκείνου
2447 2781 2700 2854 βοῶντος⁹
2755 2781 2844 2844 Ὧς
2894 2777 3096 2851 χρυσὸν
3126 2779 3154 2830 ό
3189 2774 3394 2846 Κύριος
3427 2773 3486 2826 ἒν
3517 2786 3797 2842 χωνευτη-

2205 2877 2325 2950 ρίῳ,
2362 2874 2563 2947 μᾶλλον
2600 2873 2658 2927 δὲ
2705 2873 2762 2927 ὲν
2803 2870 3056 2942 κοινοϐίῳ
3096 2867 3420 2940 ἐδοκίμασεν
3454 2865 3671 2929 αὐτοὺς,
3704 2862 3797 2917 καὶ

2201 2973 2278 3032 ὼς
2310 2967 2671 3037 ὁλοκαύτωμα
2707 2964 2898 3028 θυσίας
2929 2960 3288 3036 προσεδέξατο
3332 2957 3534 3020 αὐτοὺς
3573 2957 3633 3011 ὲν
3685 2956 3796 3018 τοῖς

2205 3061 2427 3125 κόλποις
2455 3059 2645 3113 αὐτοῦ’
2671 3052 2716 3127 ᾧ
2749 3059 2782 3130 ἡ
2805 3056 2934 3122 δόξα
2965 3097 2979 3121 ,
3016 3053 3112 3110 καὶ
3143 3054 3204 3107 τὸ
3231 3051 3432 3125 κράτος
3456 3047 3672 3104 αἰώνιον
3702 3048 3797 3101 σὺν

507 3139 746 3200 tempus.
801 3129 903 3186 Ubi
949 3145 1081 3187 vero
1126 3133 1463 3190 contumelia
1507 3135 1561 3190 in
1601 3136 1831 3194 alterius
1879 3155 2098 3212 quoque

2207 3153 2387 3226 Πατρὶ
2417 3151 2642 3224 ἀνάρχῳ
2670 3129 2778 3220 και
2797 3147 3080 3219 Πνεύματι
3111 3144 3250 3217 ἁγίῳ
3279 3143 3372 3198 καὶ
3408 3137 3794 3214 προσκυνητῷ.

509 3232 772 3287 damnum
809 3233 1098 3299 redundat,
1129 3242 1246 3291 tum
1296 3243 1500 3308 mutuae
1528 3237 1815 3298 charitatis
1857 3252 1911 3299 et
1947 3249 2099 3316 pacis
2139 3232 2170 3236 ﬁ
2219 3249 2414 3321 Ἀμήν.

513 3323 911 3381 indissolubilis
937 3325 1216 3382 vinculum
1237 3326 1428 3396 exigit,
1491 3337 1552 3383 ut
1588 3345 1688 3400 pro
1751 3333 1925 3391 altero
1983 3355 2101 3414 resp

2205 3344 2441 3399 :leamus.
2484 3337 2811 3408 Quicunque
2849 3335 2918 3391 ab
2966 3331 3281 3391 obedientia
3329 3327 3668 3390 desiliernnt,
3717 3323 3794 3379 illi

507 3420 605 3475 tibi
640 3421 760 3492 ejus
786 3421 1073 3478 utilitatem
1100 3423 1490 3482 denarrabunt.
1514 3424 1654 3482 Tum
1689 3429 1908 3488 demum
1937 3438 2083 3494 enim
2125 3439 2454 3511 intelligunt,
2483 3450 2591 3508 quo
2629 3436 2682 3489 in
2713 3432 2854 3489 caelo
2920 3431 3075 3504 prius
3115 3426 3481 3485 constiterint.
3541 3422 3651 3493 91
3673 3418 3785 3487 Qui

509 3511 578 3567 ad
607 3527 793 3569 veram
814 3515 981 3570 animi
1008 3517 1453 3586 tranquillitatem
1479 3529 1534 3576 et
1554 3521 1733 3592 ipsum
1761 3523 1933 3582 Deum
1997 3541 2277 3604 properat,
2338 3532 2530 3604 ingens
2595 3527 2984 3584 detrimentum
3055 3537 3114 3579 se
3147 3519 3426 3591 accepisse
3493 3516 3794 3577 existimat,

508 3606 740 3674 quo'die
778 3607 984 3664 nullam
1038 3609 1370 3667 calumniam
1429 3614 1568 3670 tulit.
1647 3614 2120 3683 Quemadmodum
2198 3625 2344 3681 enim
2393 3623 2618 3680 arbores
2669 3636 2701 3676 a
2744 3617 2924 3676 ventis
2987 3616 3204 3687 agitatae
3270 3612 3491 3667 altiores
3571 3608 3783 3663 radices

508 3709 700 3772 agunt,
738 3700 810 3756 ita
831 3701 927 3772 qni
950 3703 1053 3758 sub
1075 3703 1399 3764 obedientite
1421 3706 1555 3780 jugo
1581 3709 1790 3779 vivunt,
1827 3711 1995 3772 fortes
2060 3728 2113 3775 et
2152 3719 2339 3776 invicti
2377 3718 2701 3775 redduntur.
2741 3711 3005 3785 Quisquis
3040 3711 3100 3766 in
3171 3705 3465 3765 solitudine
3520 3711 3792 3766 versatus,

508 3810 668 3850 suam
695 3795 866 3866 ipsius
901 3796 1327 3855 imbecillitatem
1363 3801 1531 3873 coepit
1592 3818 2002 3877 recognoscere,
2041 3811 2277 3883 indeque
2340 3812 2407 3868 ad
2448 3810 2763 3868 coenobium
2801 3805 3116 3877 demigrans
3157 3803 3401 3874 seipsum
3461 3796 3608 3852 ultro
3657 3793 3790 3850 obe-

515 3887 733 3943 dientiae
766 3898 1016 3946 auctorat
1041 3901 1090 3946 et
1119 3891 1338 3957 addicit,
1369 3893 1460 3950 hic
1501 3909 1676 3954 caecus
1697 3905 1842 3965 ante,
1904 3911 2129 3972 repente
2166 3905 2286 3962 sine
2325 3905 2510 3960 labore
2532 3902 2812 3959 Christum
2841 3899 3008 3970 coepit
3046 3897 3342 3966 respicere.
3416 3890 3589 3955 State,
3633 3895 3792 3949 state.

510 3981 753 4052 religiosi
780 3984 1015 4052 athletae,
1049 3985 1244 4042 iterum
1268 3998 1432 4060 atque
1467 3989 1662 4047 iterum
1695 3991 1898 4062 dicam,
1958 3972 2122 4066 state,
2161 4007 2217 4054 et
2250 4006 2621 4071 perseverate,
2687 4004 2741 4052 et
2789 3994 2995 4050 currite
3030 3992 3268 4049 stadium
3325 3984 3670 4049 obedientim,
3706 3996 3794 4038 sa-

505 4075 706 4145 pientis
727 4075 872 4132 illius
901 4092 1088 4133 vocem
1121 4080 1773 4154 attendentes,tanqnam
1811 4101 2009 4142 aurum
2034 4087 2087 4142 in
2128 4087 2439 4157 fornace“,
2463 4091 2574 4145 imo
2620 4101 2756 4144 vero
2791 4085 2966 4142 multo
3037 4083 3214 4154 magis
3258 4081 3315 4136 in
3379 4077 3634 4134 coenobio
3683 4073 3792 4129 Do-

505 4169 690 4224 minus
741 4170 994 4242 probavit
1043 4171 1165 4228 illos
1194 4189 1208 4225 :
1239 4181 1294 4228 et
1347 4173 1494 4230 sicut
1551 4176 1853 4234 holocausti
1891 4179 2100 4237 hostias
2139 4183 2350 4255 accepit
2393 4184 2516 4240 illos
2558 4182 2614 4238 in
2690 4181 2811 4238 sinu
2870 4194 2994 4248 suo,
3046 4177 3137 4234 cui
3215 4173 3386 4246 gloria
3422 4180 3477 4228 et
3504 4168 3792 4241 imperium

506 4271 772 4319 aeternum
803 4278 928 4318 cum
979 4262 1141 4322 Patre
1171 4265 1263 4335 qui
1295 4275 1377 4322 est
1403 4269 1522 4324 sine
1550 4271 1843 4344 principio,
1881 4284 1934 4330 et
1970 4273 2174 4345 Spiritu
2217 4286 2410 4334 sancto
2445 4275 2746 4332 adorando.
2784 4274 2978 4329 Amen.

579 4355 656 4409 De
684 4364 917 4427 quatuor
945 4355 1126 4412 adhuc
1161 4359 1425 4426 gradibus
1463 4362 1705 4432 paradisi
1737 4367 1970 4438 egimus,
1996 4369 2090 4439 qui

2285 4368 2594 4442 ’Ῑσάριθμος
2659 4365 3065 4435 εὐαγγελιστῶν
3130 4358 3360 4432 βαθμός.
3433 4356 3489 4412 '0
3553 4352 3791 4426 ἀθλητὴς

508 4461 796 4502 numerum
828 4455 1063 4518 quatuor
1100 4451 1558 4520 evangelistarum
1593 4459 1928 4528 exprimunt.
1979 4459 2096 4516 Stet

2205 4463 2393 4534 στῆκε,
2424 4460 2634 4532 τρέχων
2659 4457 2897 4528 ἀφόϐως.
2932 4450 3256 4526 Προέδραμέ
3287 4466 3419 4504 ποτε
3443 4447 3646 4516 Πέτρου
3679 4445 3794 4496 Ἰω-

507 4538 708 4595 athleta
761 4538 988 4605 Christi,
1020 4551 1075 4594 et
1123 4541 1432 4612 impavidus
1475 4547 1714 4603 stadium
1769 4551 2096 4608 obedientiaa

2205 4555 2387 4626 ἀννης·
2429 4551 2800 4624 προτέτακται
2843 4549 2902 4603 δὲ
2962 4546 3058 4601 νῦν
3101 4545 3320 4614 ὑπακοὴ
3378 4537 3687 4613 μετανοίας.
3727 4535 3795 4590 Ὀ

507 4631 786 4686 decurrat.
818 4630 959 4686 Olim
990 4631 1228 4690 Joannes
1274 4635 1496 4694 Petrum
1557 4655 1722 4696 cursn
1757 4644 2048 4700 antevertit
2077 4663 2089 4699 :

2206 4647 2305 4718 μὲν
2338 4645 2449 4717 γὰρ
2480 4641 2770 4715 προλαϐὼν
2803 4639 3076 4710 ὑπακοῆς,
3104 4638 3132 4691 ὁ
3161 4637 3218 4691 δὲ
3251 4637 3438 4706 ἔτερος
3465 4629 3595 4702 περὶ
3627 4645 3798 4701 μετα-

509 4739 656 4780 nunc
685 4739 814 4795 ergo
853 4733 908 4780 et
943 4725 1033 4782 hic
1085 4729 1286 4798 gradus
1331 4731 1656 4790 obedientia:
1688 4744 1813 4792 ante
1859 4737 2094 4808 gradum

2205 4738 2351 4802 νοίας
2380 4736 2549 4790 τύπον
2576 4734 2939 4806 καθέστηκεν.
3749 4728 3752 4731 ’

509 4818 843 4890 [venitentiae
887 4821 1186 4880 collocatus
1215 4833 1316 4880 est.
1357 4823 1595 4883 Joannes
1651 4829 1798 4884 enim
1848 4832 2234 4900 praecurrendo
2309 4831 2615 4903 symbolum
2681 4826 3007 4885 obedientiae
3080 4820 3375 4894 expressit,
3411 4815 3608 4874 Petrus
3662 4824 3796 4868 vero

509 4915 863 4984 poenitentiae.

781 5028 897 5101 92
924 5026 1216 5085 scuoua
1275 5029 1371 5084 AD.
1415 5029 1710 5088 GRADUM
1756 5033 1844 5088 Iv.

1071 5142 1152 5199 De
1202 5144 1519 5203 obedientia.

1139 5253 1386 5310 Scholion
1415 5257 1466 5312 1.

581 5345 709 5401 Sive
738 5346 803 5400 ad
829 5345 1106 5413 agonistas
1129 5357 1183 5401 ct
1208 5346 1409 5403 milites
1437 5349 1642 5406 Christi
1685 5351 1952 5410 adversus
1981 5353 2092 5408 dae-

507 5456 701 5494 mones
753 5438 1146 5508 depraeliantes.
1187 5437 1410 5496 Veteres
1460 5442 1630 5506 enim,
1683 5459 1874 5501 omnes
1917 5447 2088 5500 bena-

509 5540 678 5594 tores,
699 5531 914 5601 pugiles
946 5531 1284 5599 vocitabant,
1324 5533 1470 5603 quod
1509 5533 1694 5605 digitis
1748 5539 1801 5591 in
1851 5554 2088 5610 pugnum

585 5643 632 5673 ⁸⁰
675 5643 802 5715 Sap.
842 5660 923 5710 In,
958 5645 990 5700 5

512 5773 773 5834 magnum
797 5759 947 5812 illum
977 5757 1641 5834 Israelitartnndoctorcm
1669 5770 1721 5814 et
1757 5763 2099 5834 prophetam,
2143 5767 2234 5823 sed
2279 5765 2627 5822 monachum.
2681 5761 2842 5832 Atqui
2913 5759 3086 5814 (ἴτωρί
3133 5757 3319 5812 Patres
3352 5752 3576 5809 onmino
3614 5748 3664 5804 id
3697 5747 3780 5802 ai-

514 5830 753 5898 titmant,
790 5838 843 5884 et
876 5843 989 5883 rem
1024 5829 1286 5902 exemplis
1315 5829 1709 5888 demonstrant.

2613 5028 2866 5084 ΣΧΟΛΙΛ
2898 5026 3007 5081 ΕΙΣ
3043 5021 3274 5079 ΛΟΓΟΝ
3303 5022 3379 5075 Δ’.

2763 5142 2902 5213 Περὶ
2926 5137 3226 5207 ὑπακοῆς.

2815 5257 3075 5326 Σχόλιον
3099 5251 3170 5308 a'.

2272 5353 2425 5408 Ἤτοι
2454 5353 2590 5427 πρὸς
2611 5349 2919 5421 ἀγωνιστὰς
2942 5346 3039 5402 καὶ
3062 5342 3405 5416 στρατιώτας
3431 5340 3525 5395 τοῦ
3548 5337 3790 5412 Χριστοῦ

2202 5447 2328 5510 τοῦς
2357 5446 2726 5519 πολεμοῦντας
2767 5443 2909 5498 κατὰ
2953 5439 3062 5493 τῶν
3091 5436 3384 5506 δαιμόνων.
3415 5434 3635 5496 Πάντας
3678 5430 3791 5502 γὰρ

2202 5543 2246 5601 οἱ
2282 5541 2498 5611 ἀρχαῖοι
2527 5541 2652 5603 τοὺς
2687 5534 3041 5608 πολεμιστὰς,
3075 5533 3289 5592 πύκτας
3328 5529 3578 5595 ἐκάλουν,
3611 5525 3698 5579 διὰ
3733 5523 3790 5577 τὸ
