  <div class='ocr_page' id='page_1' title='image "/cluster/home/n/w/nwhite01/storage/ocr_20150623/88/coo.31924054869924/386.png"; bbox 0 0 4110 6490; ppageno 0'>
   <div class='ocr_carea' id='block_1_1' title="bbox 377 415 487 480">
    <p class='ocr_par' dir='ltr' id='par_1_1' title="bbox 377 415 487 480">
     <span class='ocr_line' id='line_1_1' title="bbox 377 415 487 480; baseline 0 0"><span class='ocrx_word' id='word_1_1' title='bbox 377 415 487 480; x_wconf 76' lang='lat'><strong>79.9</strong></span> 
     </span>
    </p>
   </div>
   <div class='ocr_carea' id='block_1_2' title="bbox 1411 416 2622 480">
    <p class='ocr_par' dir='ltr' id='par_1_2' title="bbox 1411 416 2622 480">
     <span class='ocr_line' id='line_1_2' title="bbox 1411 416 2622 480; baseline -0.004 0"><span class='ocrx_word' id='word_1_2' title='bbox 1411 420 1640 480; x_wconf 78' lang='lat' dir='ltr'><strong>SCALA</strong></span> <span class='ocrx_word' id='word_1_3' title='bbox 1674 417 2055 480; x_wconf 75' lang='lat' dir='ltr'><strong>PARADISI.</strong></span> <span class='ocrx_word' id='word_1_4' title='bbox 2087 441 2155 451; x_wconf 82' lang='lat'><em>-</em></span> <span class='ocrx_word' id='word_1_5' title='bbox 2189 417 2496 478; x_wconf 83' lang='lat' dir='ltr'>GRADUS</span> <span class='ocrx_word' id='word_1_6' title='bbox 2525 416 2622 476; x_wconf 82' lang='lat' dir='ltr'><strong>IV.</strong></span> 
     </span>
    </p>
   </div>
   <div class='ocr_carea' id='block_1_3' title="bbox 3543 417 3650 480">
    <p class='ocr_par' dir='ltr' id='par_1_3' title="bbox 3543 417 3650 480">
     <span class='ocr_line' id='line_1_3' title="bbox 3543 417 3650 480; baseline 0.009 -1"><span class='ocrx_word' id='word_1_7' title='bbox 3543 417 3650 480; x_wconf 83' lang='lat'><strong>730</strong></span> 
     </span>
    </p>
   </div>
   <div class='ocr_carea' id='block_1_4' title="bbox 382 519 1966 600">
    <p class='ocr_par' dir='ltr' id='par_1_4' title="bbox 382 523 1966 600">
     <span class='ocr_line' id='line_1_4' title="bbox 382 523 1966 600; baseline 0 -20"><span class='ocrx_word' id='word_1_8' title='bbox 382 523 528 597; x_wconf 70' lang='grc' dir='ltr'><strong>μετά</strong></span> <span class='ocrx_word' id='word_1_9' title='bbox 574 523 688 581; x_wconf 88' lang='grc' dir='ltr'><strong>τῶν</strong></span> <span class='ocrx_word' id='word_1_10' title='bbox 743 527 998 600; x_wconf 87' lang='grc' dir='ltr'>πυγμῶν,</span> <span class='ocrx_word' id='word_1_11' title='bbox 1057 528 1178 600; x_wconf 72' lang='grc' dir='ltr'>ἦτοι</span> <span class='ocrx_word' id='word_1_12' title='bbox 1226 529 1336 584; x_wconf 88' lang='grc' dir='ltr'><strong>τῶν</strong></span> <span class='ocrx_word' id='word_1_13' title='bbox 1389 529 1634 600; x_wconf 80' lang='grc' dir='ltr'>γρόνθων</span> <span class='ocrx_word' id='word_1_14' title='bbox 1685 529 1796 583; x_wconf 80' lang='grc' dir='ltr'><strong>τῶν</strong></span> <span class='ocrx_word' id='word_1_15' title='bbox 1852 545 1966 600; x_wconf 84' lang='grc' dir='ltr'>χει-</span> 
     </span>
    </p>
   </div>
   <div class='ocr_carea' id='block_1_5' title="bbox 2069 519 3652 600">
    <p class='ocr_par' dir='ltr' id='par_1_5' title="bbox 2071 519 3652 595">
     <span class='ocr_line' id='line_1_5' title="bbox 2071 519 3652 595; baseline -0.002 -14"><span class='ocrx_word' id='word_1_16' title='bbox 2071 526 2313 582; x_wconf 88' lang='lat' dir='ltr'><strong>collectis</strong></span> <span class='ocrx_word' id='word_1_17' title='bbox 2342 535 2397 581; x_wconf 89' lang='lat' dir='ltr'><strong>et</strong></span> <span class='ocrx_word' id='word_1_18' title='bbox 2430 523 2676 595; x_wconf 79' lang='lat' dir='ltr'><strong>condyli‘s</strong></span> <span class='ocrx_word' id='word_1_19' title='bbox 2724 535 2985 576; x_wconf 86' lang='lat' dir='ltr'><strong>manuum</strong></span> <span class='ocrx_word' id='word_1_20' title='bbox 3018 521 3074 576; x_wconf 86' lang='lat' dir='ltr'><strong>in</strong></span> <span class='ocrx_word' id='word_1_21' title='bbox 3118 519 3318 576; x_wconf 85' lang='lat' dir='ltr'><strong>bellum</strong></span> <span class='ocrx_word' id='word_1_22' title='bbox 3349 521 3415 578; x_wconf 76' lang='lat' dir='ltr'><strong>ad</strong></span> <span class='ocrx_word' id='word_1_23' title='bbox 3461 523 3652 594; x_wconf 71' lang='lat' dir='ltr'><strong>singu-</strong></span> 
     </span>
    </p>
   </div>
   <div class='ocr_carea' id='block_1_6' title="bbox 380 616 1859 693">
    <p class='ocr_par' dir='ltr' id='par_1_6' title="bbox 380 616 1859 693">
     <span class='ocr_line' id='line_1_6' title="bbox 380 616 1859 693; baseline 0.003 -21"><span class='ocrx_word' id='word_1_24' title='bbox 380 616 497 688; x_wconf 89' lang='grc' dir='ltr'><strong>ρῶν</strong></span> <span class='ocrx_word' id='word_1_25' title='bbox 533 617 737 683; x_wconf 73' lang='grc' dir='ltr'>ἐξιέναι</span> <span class='ocrx_word' id='word_1_26' title='bbox 767 619 963 685; x_wconf 81' lang='grc' dir='ltr'>αὐτοὺς</span> <span class='ocrx_word' id='word_1_27' title='bbox 1005 621 1085 684; x_wconf 76' lang='grc' dir='ltr'><strong>εἰς</strong></span> <span class='ocrx_word' id='word_1_28' title='bbox 1112 621 1349 692; x_wconf 85' lang='grc' dir='ltr'>πόλεμον</span> <span class='ocrx_word' id='word_1_29' title='bbox 1382 621 1476 676; x_wconf 76' lang='grc' dir='ltr'>καὶ</span> <span class='ocrx_word' id='word_1_30' title='bbox 1509 623 1859 693; x_wconf 82' lang='grc' dir='ltr'><strong>μονομαχεῖν.</strong></span> 
     </span>
    </p>
   </div>
   <div class='ocr_carea' id='block_1_7' title="bbox 951 710 1399 766">
    <p class='ocr_par' dir='ltr' id='par_1_7' title="bbox 951 710 1399 766">
     <span class='ocr_line' id='line_1_7' title="bbox 951 710 1399 766; baseline 0 -2"><span class='ocrx_word' id='word_1_31' title='bbox 951 712 1179 766; x_wconf 81' lang='grc' dir='ltr'>Φωτίου</span> <span class='ocrx_word' id='word_1_32' title='bbox 1223 710 1399 766; x_wconf 72' lang='grc' dir='ltr'>ἄλλο.</span> 
     </span>
    </p>
   </div>
   <div class='ocr_carea' id='block_1_8' title="bbox 453 799 1962 876">
    <p class='ocr_par' dir='ltr' id='par_1_8' title="bbox 453 799 1962 876">
     <span class='ocr_line' id='line_1_8' title="bbox 453 799 1962 876; baseline 0.002 -24"><span class='ocrx_word' id='word_1_33' title='bbox 453 799 576 853; x_wconf 75' lang='grc' dir='ltr'>Εἰσὶ</span> <span class='ocrx_word' id='word_1_34' title='bbox 596 801 707 856; x_wconf 87' lang='grc' dir='ltr'><strong>τῶν</strong></span> <span class='ocrx_word' id='word_1_35' title='bbox 737 803 1163 874; x_wconf 80' lang='grc' dir='ltr'>ἐμφωλευόντων</span> <span class='ocrx_word' id='word_1_36' title='bbox 1185 805 1320 876; x_wconf 83' lang='grc' dir='ltr'>ἡμῖν</span> <span class='ocrx_word' id='word_1_37' title='bbox 1345 801 1532 858; x_wconf 87' lang='grc' dir='ltr'>παθῶν</span> <span class='ocrx_word' id='word_1_38' title='bbox 1567 805 1662 858; x_wconf 72' lang='grc' dir='ltr'>καὶ</span> <span class='ocrx_word' id='word_1_39' title='bbox 1687 802 1962 874; x_wconf 78' lang='grc' dir='ltr'>τυραννὶς,</span> 
     </span>
    </p>
   </div>
   <div class='ocr_carea' id='block_1_9' title="bbox 377 891 1966 968">
    <p class='ocr_par' dir='ltr' id='par_1_9' title="bbox 377 891 1966 968">
     <span class='ocr_line' id='line_1_9' title="bbox 377 891 1966 968; baseline 0.003 -24"><span class='ocrx_word' id='word_1_40' title='bbox 377 892 482 945; x_wconf 78' lang='grc' dir='ltr'>καὶ</span> <span class='ocrx_word' id='word_1_41' title='bbox 509 891 753 962; x_wconf 79' lang='grc' dir='ltr'><strong>βάσανοι,</strong></span> <span class='ocrx_word' id='word_1_42' title='bbox 784 897 880 949; x_wconf 73' lang='grc' dir='ltr'>καὶ</span> <span class='ocrx_word' id='word_1_43' title='bbox 909 893 1265 968; x_wconf 82' lang='grc' dir='ltr'><strong>κολαστήρια,</strong></span> <span class='ocrx_word' id='word_1_44' title='bbox 1299 895 1400 967; x_wconf 85' lang='grc' dir='ltr'>τῆς</span> <span class='ocrx_word' id='word_1_45' title='bbox 1429 895 1628 962; x_wconf 78' lang='grc' dir='ltr'>ἔξωθεν</span> <span class='ocrx_word' id='word_1_46' title='bbox 1650 895 1966 966; x_wconf 78' lang='grc' dir='ltr'>τυραννίδος</span> 
     </span>
    </p>
   </div>
   <div class='ocr_carea' id='block_1_10' title="bbox 381 982 1964 1058">
    <p class='ocr_par' dir='ltr' id='par_1_10' title="bbox 381 982 1964 1058">
     <span class='ocr_line' id='line_1_10' title="bbox 381 982 1964 1058; baseline 0.004 -24"><span class='ocrx_word' id='word_1_47' title='bbox 381 982 541 1037; x_wconf 66' lang='grc' dir='ltr'>οὐδὲν</span> <span class='ocrx_word' id='word_1_48' title='bbox 568 984 914 1058; x_wconf 81' lang='grc' dir='ltr'>διαφέροντα.</span> <span class='ocrx_word' id='word_1_49' title='bbox 959 988 1016 1041; x_wconf 90' lang='lat'><strong>&#39;0</strong></span> <span class='ocrx_word' id='word_1_50' title='bbox 1058 986 1191 1057; x_wconf 81' lang='grc' dir='ltr'>γοῦν</span> <span class='ocrx_word' id='word_1_51' title='bbox 1235 987 1502 1058; x_wconf 83' lang='grc' dir='ltr'>ἀντισχὼν</span> <span class='ocrx_word' id='word_1_52' title='bbox 1527 988 1790 1057; x_wconf 78' lang='grc' dir='ltr'>γενναίως</span> <span class='ocrx_word' id='word_1_53' title='bbox 1827 986 1964 1058; x_wconf 79' lang='grc' dir='ltr'>πρὸς</span> 
     </span>
    </p>
   </div>
   <div class='ocr_carea' id='block_1_11' title="bbox 384 1072 1964 1152">
    <p class='ocr_par' dir='ltr' id='par_1_11' title="bbox 384 1072 1964 1152">
     <span class='ocr_line' id='line_1_11' title="bbox 384 1072 1964 1152; baseline 0.01 -27"><span class='ocrx_word' id='word_1_54' title='bbox 384 1072 582 1142; x_wconf 78' lang='grc' dir='ltr'>ταῦτα,</span> <span class='ocrx_word' id='word_1_55' title='bbox 612 1076 708 1130; x_wconf 77' lang='grc' dir='ltr'>καὶ</span> <span class='ocrx_word' id='word_1_56' title='bbox 741 1075 804 1130; x_wconf 76' lang='grc' dir='ltr'>τὸ</span> <span class='ocrx_word' id='word_1_57' title='bbox 835 1076 928 1131; x_wconf 80' lang='grc' dir='ltr'><strong>τοῦ</strong></span> <span class='ocrx_word' id='word_1_58' title='bbox 953 1077 1216 1147; x_wconf 79' lang='grc' dir='ltr'><strong>λογισμοῦ</strong></span> <span class='ocrx_word' id='word_1_59' title='bbox 1247 1078 1325 1150; x_wconf 79' lang='grc' dir='ltr'>μὴ</span> <span class='ocrx_word' id='word_1_60' title='bbox 1365 1078 1748 1152; x_wconf 79' lang='grc' dir='ltr'>ἀρνησάμενος</span> <span class='ocrx_word' id='word_1_61' title='bbox 1773 1074 1964 1140; x_wconf 75' lang='grc' dir='ltr'><strong>αὒτεξ-</strong></span> 
     </span>
    </p>
   </div>
   <div class='ocr_carea' id='block_1_12' title="bbox 374 1164 1966 1243">
    <p class='ocr_par' dir='ltr' id='par_1_12' title="bbox 374 1164 1966 1243">
     <span class='ocr_line' id='line_1_12' title="bbox 374 1164 1966 1243; baseline 0.002 -25"><span class='ocrx_word' id='word_1_62' title='bbox 374 1164 587 1233; x_wconf 86' lang='grc' dir='ltr'>ούσιον,</span> <span class='ocrx_word' id='word_1_63' title='bbox 618 1169 731 1232; x_wconf 86' lang='grc' dir='ltr'>τοῖς</span> <span class='ocrx_word' id='word_1_64' title='bbox 760 1171 1118 1241; x_wconf 84' lang='grc' dir='ltr'>μαρτυρικοῖς</span> <span class='ocrx_word' id='word_1_65' title='bbox 1144 1169 1320 1239; x_wconf 84' lang='grc' dir='ltr'>ἀγῶσι</span> <span class='ocrx_word' id='word_1_66' title='bbox 1345 1169 1658 1243; x_wconf 88' lang='grc' dir='ltr'>παραθέων,</span> <span class='ocrx_word' id='word_1_67' title='bbox 1682 1168 1834 1224; x_wconf 80' lang='grc' dir='ltr'>οὐδὲν</span> <span class='ocrx_word' id='word_1_68' title='bbox 1859 1165 1966 1221; x_wconf 86' lang='grc' dir='ltr'><strong>τῶν</strong></span> 
     </span>
    </p>
   </div>
   <div class='ocr_carea' id='block_1_13' title="bbox 374 1257 1214 1335">
    <p class='ocr_par' dir='ltr' id='par_1_13' title="bbox 374 1257 1214 1335">
     <span class='ocr_line' id='line_1_13' title="bbox 374 1257 1214 1335; baseline 0.01 -25"><span class='ocrx_word' id='word_1_69' title='bbox 374 1257 585 1330; x_wconf 75' lang='grc' dir='ltr'>ὁμοίων</span> <span class='ocrx_word' id='word_1_70' title='bbox 617 1259 870 1315; x_wconf 84' lang='grc' dir='ltr'>ὲπάθλων</span> <span class='ocrx_word' id='word_1_71' title='bbox 900 1263 1214 1335; x_wconf 80' lang='grc' dir='ltr'>ἀστοχήσει.</span> 
     </span>
    </p>
   </div>
   <div class='ocr_carea' id='block_1_14' title="bbox 2073 613 2812 686">
    <p class='ocr_par' dir='ltr' id='par_1_14' title="bbox 2073 613 2812 686">
     <span class='ocr_line' id='line_1_14' title="bbox 2073 613 2812 686; baseline -0.007 -14"><span class='ocrx_word' id='word_1_72' title='bbox 2073 618 2185 674; x_wconf 80' lang='lat' dir='ltr'><strong>lare</strong></span> <span class='ocrx_word' id='word_1_73' title='bbox 2209 626 2485 674; x_wconf 77' lang='lat' dir='ltr'><strong>certamen</strong></span> <span class='ocrx_word' id='word_1_74' title='bbox 2514 613 2812 686; x_wconf 72' lang='lat' dir='ltr'><strong>prodirent.</strong></span> 
     </span>
    </p>
   </div>
   <div class='ocr_carea' id='block_1_15' title="bbox 2666 707 3059 766">
    <p class='ocr_par' dir='ltr' id='par_1_15' title="bbox 2666 707 3059 766">
     <span class='ocr_line' id='line_1_15' title="bbox 2666 707 3059 766; baseline 0.008 -3"><span class='ocrx_word' id='word_1_75' title='bbox 2666 707 2829 763; x_wconf 73' lang='lat' dir='ltr'><strong>Aliud</strong></span> <span class='ocrx_word' id='word_1_76' title='bbox 2859 707 3059 766; x_wconf 85' lang='lat' dir='ltr'><strong>Photii.</strong></span> 
     </span>
    </p>
   </div>
   <div class='ocr_carea' id='block_1_16' title="bbox 2147 799 3654 875">
    <p class='ocr_par' dir='ltr' id='par_1_16' title="bbox 2147 799 3654 875">
     <span class='ocr_line' id='line_1_16' title="bbox 2147 799 3654 875; baseline 0.003 -19"><span class='ocrx_word' id='word_1_77' title='bbox 2147 799 2286 856; x_wconf 90' lang='lat' dir='ltr'><strong>Sunt</strong></span> <span class='ocrx_word' id='word_1_78' title='bbox 2305 816 2372 858; x_wconf 81' lang='lat' dir='ltr'><strong>ex</strong></span> <span class='ocrx_word' id='word_1_79' title='bbox 2403 799 2908 872; x_wconf 74' lang='lat' dir='ltr'><strong>perturbationibus</strong></span> <span class='ocrx_word' id='word_1_80' title='bbox 2940 800 3228 858; x_wconf 76' lang='lat' dir='ltr'><strong>aﬂ&#39;ectuum</strong></span> <span class='ocrx_word' id='word_1_81' title='bbox 3259 802 3506 874; x_wconf 66' lang='lat' dir='ltr'><strong>quaedam</strong></span> <span class='ocrx_word' id='word_1_82' title='bbox 3529 820 3654 875; x_wconf 75' lang='lat' dir='ltr'><strong>quae</strong></span> 
     </span>
    </p>
   </div>
   <div class='ocr_carea' id='block_1_17' title="bbox 2072 894 3652 968">
    <p class='ocr_par' dir='ltr' id='par_1_17' title="bbox 2072 894 3652 968">
     <span class='ocr_line' id='line_1_17' title="bbox 2072 894 3652 968; baseline 0.001 -17"><span class='ocrx_word' id='word_1_83' title='bbox 2072 910 2132 951; x_wconf 89' lang='lat' dir='ltr'><strong>se</strong></span> <span class='ocrx_word' id='word_1_84' title='bbox 2162 895 2443 950; x_wconf 86' lang='lat' dir='ltr'><strong>insinuant</strong></span> <span class='ocrx_word' id='word_1_85' title='bbox 2477 905 2532 950; x_wconf 90' lang='lat' dir='ltr'><strong>et</strong></span> <span class='ocrx_word' id='word_1_86' title='bbox 2576 895 2889 952; x_wconf 86' lang='lat' dir='ltr'><strong>illatebrant</strong></span> <span class='ocrx_word' id='word_1_87' title='bbox 2925 894 3106 962; x_wconf 90' lang='lat' dir='ltr'><strong>nobis,</strong></span> <span class='ocrx_word' id='word_1_88' title='bbox 3141 905 3195 952; x_wconf 89' lang='lat' dir='ltr'><strong>et</strong></span> <span class='ocrx_word' id='word_1_89' title='bbox 3230 898 3478 968; x_wconf 66' lang='lat' dir='ltr'><strong>tyrannis</strong></span> <span class='ocrx_word' id='word_1_90' title='bbox 3502 914 3652 968; x_wconf 66' lang='lat' dir='ltr'><strong>qua»</strong></span> 
     </span>
    </p>
   </div>
   <div class='ocr_carea' id='block_1_18' title="bbox 2071 986 3652 1059">
    <p class='ocr_par' dir='ltr' id='par_1_18' title="bbox 2071 986 3652 1059">
     <span class='ocr_line' id='line_1_18' title="bbox 2071 986 3652 1059; baseline 0.002 -17"><span class='ocrx_word' id='word_1_91' title='bbox 2071 986 2220 1053; x_wconf 86' lang='lat' dir='ltr'><strong>dam,</strong></span> <span class='ocrx_word' id='word_1_92' title='bbox 2259 997 2314 1042; x_wconf 90' lang='lat' dir='ltr'><strong>et</strong></span> <span class='ocrx_word' id='word_1_93' title='bbox 2356 996 2653 1054; x_wconf 89' lang='lat' dir='ltr'><strong>tormenta,</strong></span> <span class='ocrx_word' id='word_1_94' title='bbox 2708 997 2764 1044; x_wconf 88' lang='lat' dir='ltr'><strong>et</strong></span> <span class='ocrx_word' id='word_1_95' title='bbox 2803 987 3093 1058; x_wconf 90' lang='lat' dir='ltr'><strong>supplicia,</strong></span> <span class='ocrx_word' id='word_1_96' title='bbox 3130 1003 3253 1059; x_wconf 69' lang='lat' dir='ltr'><strong>quae</strong></span> <span class='ocrx_word' id='word_1_97' title='bbox 3306 989 3376 1044; x_wconf 92' lang='lat' dir='ltr'><strong>ab</strong></span> <span class='ocrx_word' id='word_1_98' title='bbox 3425 998 3652 1045; x_wconf 80' lang='lat' dir='ltr'><strong>externa</strong></span> 
     </span>
    </p>
   </div>
   <div class='ocr_carea' id='block_1_19' title="bbox 2072 1079 3650 1152">
    <p class='ocr_par' dir='ltr' id='par_1_19' title="bbox 2072 1079 3650 1152">
     <span class='ocr_line' id='line_1_19' title="bbox 2072 1079 3650 1152; baseline 0.002 -18"><span class='ocrx_word' id='word_1_99' title='bbox 2072 1079 2319 1150; x_wconf 90' lang='lat' dir='ltr'><strong>corporis</strong></span> <span class='ocrx_word' id='word_1_100' title='bbox 2339 1079 2624 1151; x_wconf 85' lang='lat' dir='ltr'><strong>tyrannide</strong></span> <span class='ocrx_word' id='word_1_101' title='bbox 2654 1079 2790 1135; x_wconf 85' lang='lat' dir='ltr'><strong>nihil</strong></span> <span class='ocrx_word' id='word_1_102' title='bbox 2841 1080 3114 1137; x_wconf 70' lang='lat' dir='ltr'><strong>differunt.</strong></span> <span class='ocrx_word' id='word_1_103' title='bbox 3161 1079 3265 1148; x_wconf 84' lang='lat' dir='ltr'><strong>Qui</strong></span> <span class='ocrx_word' id='word_1_104' title='bbox 3301 1095 3430 1152; x_wconf 84' lang='lat' dir='ltr'><strong>ergo</strong></span> <span class='ocrx_word' id='word_1_105' title='bbox 3452 1080 3650 1152; x_wconf 87' lang='lat' dir='ltr'><strong>hujus-</strong></span> 
     </span>
    </p>
   </div>
   <div class='ocr_carea' id='block_1_20' title="bbox 2075 1169 3652 1243">
    <p class='ocr_par' dir='ltr' id='par_1_20' title="bbox 2075 1169 3652 1243">
     <span class='ocr_line' id='line_1_20' title="bbox 2075 1169 3652 1243; baseline 0.001 -19"><span class='ocrx_word' id='word_1_106' title='bbox 2075 1169 2223 1225; x_wconf 90' lang='lat' dir='ltr'><strong>modi</strong></span> <span class='ocrx_word' id='word_1_107' title='bbox 2279 1171 2556 1242; x_wconf 82' lang='lat' dir='ltr'><strong>tyrannidi</strong></span> <span class='ocrx_word' id='word_1_108' title='bbox 2585 1169 2798 1227; x_wconf 81' lang='lat' dir='ltr'><strong>fortiter</strong></span> <span class='ocrx_word' id='word_1_109' title='bbox 2827 1181 2883 1226; x_wconf 90' lang='lat' dir='ltr'><strong>et</strong></span> <span class='ocrx_word' id='word_1_110' title='bbox 2922 1186 3182 1243; x_wconf 73' lang='lat' dir='ltr'><strong>generose</strong></span> <span class='ocrx_word' id='word_1_111' title='bbox 3236 1172 3462 1238; x_wconf 84' lang='lat' dir='ltr'><strong>resistit,</strong></span> <span class='ocrx_word' id='word_1_112' title='bbox 3495 1181 3551 1227; x_wconf 89' lang='lat' dir='ltr'><strong>ct</strong></span> <span class='ocrx_word' id='word_1_113' title='bbox 3582 1173 3652 1226; x_wconf 85' lang='lat' dir='ltr'><strong>li-</strong></span> 
     </span>
    </p>
   </div>
   <div class='ocr_carea' id='block_1_21' title="bbox 2075 1260 3652 1334">
    <p class='ocr_par' dir='ltr' id='par_1_21' title="bbox 2075 1260 3652 1334">
     <span class='ocr_line' id='line_1_21' title="bbox 2075 1260 3652 1334; baseline 0.001 -17"><span class='ocrx_word' id='word_1_114' title='bbox 2075 1260 2268 1317; x_wconf 87' lang='lat' dir='ltr'><strong>berum</strong></span> <span class='ocrx_word' id='word_1_115' title='bbox 2303 1263 2502 1320; x_wconf 86' lang='lat' dir='ltr'><strong>mentis</strong></span> <span class='ocrx_word' id='word_1_116' title='bbox 2529 1263 2819 1334; x_wconf 88' lang='lat' dir='ltr'><strong>imperium</strong></span> <span class='ocrx_word' id='word_1_117' title='bbox 2849 1272 3014 1334; x_wconf 88' lang='lat' dir='ltr'><strong>atque</strong></span> <span class='ocrx_word' id='word_1_118' title='bbox 3062 1263 3346 1319; x_wconf 84' lang='lat' dir='ltr'><strong>arbitrium</strong></span> <span class='ocrx_word' id='word_1_119' title='bbox 3381 1279 3488 1320; x_wconf 87' lang='lat' dir='ltr'><strong>non</strong></span> <span class='ocrx_word' id='word_1_120' title='bbox 3527 1263 3652 1318; x_wconf 81' lang='lat' dir='ltr'><strong>infl-</strong></span> 
     </span>
    </p>
   </div>
   <div class='ocr_carea' id='block_1_22' title="bbox 373 1350 3653 1427">
    <p class='ocr_par' dir='ltr' id='par_1_22' title="bbox 373 1350 3653 1427">
     <span class='ocr_line' id='line_1_22' title="bbox 373 1350 3653 1427; baseline 0.001 -22"><span class='ocrx_word' id='word_1_121' title='bbox 373 1351 578 1417; x_wconf 88' lang='lat' dir='ltr'><strong>ciatur,</strong></span> <span class='ocrx_word' id='word_1_122' title='bbox 617 1350 707 1407; x_wconf 91' lang='lat' dir='ltr'><strong>ille</strong></span> <span class='ocrx_word' id='word_1_123' title='bbox 748 1351 867 1422; x_wconf 90' lang='lat' dir='ltr'><strong>pari</strong></span> <span class='ocrx_word' id='word_1_124' title='bbox 908 1368 1034 1410; x_wconf 90' lang='lat' dir='ltr'><strong>cum</strong></span> <span class='ocrx_word' id='word_1_125' title='bbox 1075 1355 1410 1426; x_wconf 86' lang='lat' dir='ltr'><strong>martyribus</strong></span> <span class='ocrx_word' id='word_1_126' title='bbox 1461 1369 1624 1413; x_wconf 82' lang='lat' dir='ltr'><strong>cursu</strong></span> <span class='ocrx_word' id='word_1_127' title='bbox 1656 1351 1957 1417; x_wconf 81' lang='lat' dir='ltr'><strong>contendit,</strong></span> <span class='ocrx_word' id='word_1_128' title='bbox 1999 1364 2103 1407; x_wconf 88' lang='lat' dir='ltr'><strong>uec</strong></span> <span class='ocrx_word' id='word_1_129' title='bbox 2169 1353 2400 1410; x_wconf 88' lang='lat' dir='ltr'><strong>dubium</strong></span> <span class='ocrx_word' id='word_1_130' title='bbox 2444 1363 2528 1411; x_wconf 87' lang='lat' dir='ltr'><strong>est</strong></span> <span class='ocrx_word' id='word_1_131' title='bbox 2589 1355 2721 1426; x_wconf 90' lang='lat' dir='ltr'><strong>quin</strong></span> <span class='ocrx_word' id='word_1_132' title='bbox 2753 1371 2851 1426; x_wconf 88' lang='lat' dir='ltr'><strong>par</strong></span> <span class='ocrx_word' id='word_1_133' title='bbox 2879 1369 3097 1427; x_wconf 88' lang='lat' dir='ltr'><strong>quoque</strong></span> <span class='ocrx_word' id='word_1_134' title='bbox 3128 1355 3411 1426; x_wconf 76' lang='lat' dir='ltr'><strong>praemium</strong></span> <span class='ocrx_word' id='word_1_135' title='bbox 3455 1356 3524 1412; x_wconf 89' lang='lat' dir='ltr'><strong>sit</strong></span> <span class='ocrx_word' id='word_1_136' title='bbox 3565 1368 3653 1408; x_wconf 82' lang='lat' dir='ltr'><strong>re-</strong></span> 
     </span>
    </p>
   </div>
   <div class='ocr_carea' id='block_1_23' title="bbox 378 1444 619 1500">
    <p class='ocr_par' dir='ltr' id='par_1_23' title="bbox 378 1444 619 1500">
     <span class='ocr_line' id='line_1_23' title="bbox 378 1444 619 1500; baseline 0.004 -1"><span class='ocrx_word' id='word_1_137' title='bbox 378 1444 619 1500; x_wconf 82' lang='lat' dir='ltr'><strong>laturus.</strong></span> 
     </span>
    </p>
   </div>
   <div class='ocr_carea' id='block_1_24' title="bbox 983 1543 1361 1613">
    <p class='ocr_par' dir='ltr' id='par_1_24' title="bbox 983 1543 1361 1613">
     <span class='ocr_line' id='line_1_24' title="bbox 983 1543 1361 1613; baseline 0.008 -16"><span class='ocrx_word' id='word_1_138' title='bbox 983 1543 1246 1613; x_wconf 76' lang='grc' dir='ltr'>Σχόλιον</span> <span class='ocrx_word' id='word_1_139' title='bbox 1277 1544 1361 1610; x_wconf 79' lang='grc' dir='ltr'><strong>β’.</strong></span> 
     </span>
    </p>
   </div>
   <div class='ocr_carea' id='block_1_25' title="bbox 453 1626 1968 1702">
    <p class='ocr_par' dir='ltr' id='par_1_25' title="bbox 453 1626 1968 1702">
     <span class='ocr_line' id='line_1_25' title="bbox 453 1626 1968 1702; baseline 0.001 -22"><span class='ocrx_word' id='word_1_140' title='bbox 453 1626 686 1695; x_wconf 81' lang='grc' dir='ltr'>Ἤγουν,</span> <span class='ocrx_word' id='word_1_141' title='bbox 715 1627 816 1681; x_wconf 79' lang='grc' dir='ltr'>οὐκ</span> <span class='ocrx_word' id='word_1_142' title='bbox 844 1627 1028 1700; x_wconf 75' lang='grc' dir='ltr'>έχουσι</span> <span class='ocrx_word' id='word_1_143' title='bbox 1057 1631 1186 1696; x_wconf 78' lang='grc' dir='ltr'>τοὺς</span> <span class='ocrx_word' id='word_1_144' title='bbox 1217 1632 1387 1697; x_wconf 84' lang='grc' dir='ltr'>πόδας</span> <span class='ocrx_word' id='word_1_145' title='bbox 1411 1631 1594 1686; x_wconf 81' lang='grc' dir='ltr'>αὐτῶν</span> <span class='ocrx_word' id='word_1_146' title='bbox 1633 1628 1968 1702; x_wconf 79' lang='grc' dir='ltr'>κεκολλημέ-</span> 
     </span>
    </p>
   </div>
   <div class='ocr_carea' id='block_1_26' title="bbox 377 1717 1969 1797">
    <p class='ocr_par' dir='ltr' id='par_1_26' title="bbox 377 1717 1969 1797">
     <span class='ocr_line' id='line_1_26' title="bbox 377 1717 1969 1797; baseline 0.003 -28"><span class='ocrx_word' id='word_1_147' title='bbox 377 1734 527 1784; x_wconf 85' lang='grc' dir='ltr'>νους,</span> <span class='ocrx_word' id='word_1_148' title='bbox 576 1717 715 1773; x_wconf 89' lang='grc' dir='ltr'><strong>ἀλλά</strong></span> <span class='ocrx_word' id='word_1_149' title='bbox 756 1719 849 1774; x_wconf 74' lang='grc' dir='ltr'>τὸν</span> <span class='ocrx_word' id='word_1_150' title='bbox 908 1721 1008 1793; x_wconf 76' lang='grc' dir='ltr'>μὲν</span> <span class='ocrx_word' id='word_1_151' title='bbox 1055 1722 1272 1795; x_wconf 69' lang='grc' dir='ltr'>ἕτοιμον</span> <span class='ocrx_word' id='word_1_152' title='bbox 1327 1723 1466 1797; x_wconf 80' lang='grc' dir='ltr'>πρὸς</span> <span class='ocrx_word' id='word_1_153' title='bbox 1513 1723 1749 1796; x_wconf 75' lang='grc' dir='ltr'>κενησιν,</span> <span class='ocrx_word' id='word_1_154' title='bbox 1784 1721 1876 1775; x_wconf 73' lang='grc' dir='ltr'><strong>τὸν</strong></span> <span class='ocrx_word' id='word_1_155' title='bbox 1911 1720 1969 1774; x_wconf 84' lang='grc' dir='ltr'><strong>δὲ</strong></span> 
     </span>
    </p>
   </div>
   <div class='ocr_carea' id='block_1_27' title="bbox 380 1808 1506 1887">
    <p class='ocr_par' dir='ltr' id='par_1_27' title="bbox 380 1808 1506 1887">
     <span class='ocr_line' id='line_1_27' title="bbox 380 1808 1506 1887; baseline 0.005 -24"><span class='ocrx_word' id='word_1_156' title='bbox 380 1808 783 1880; x_wconf 78' lang='grc' dir='ltr'><strong>ἀμετακίνητον</strong></span> <span class='ocrx_word' id='word_1_157' title='bbox 814 1811 907 1865; x_wconf 75' lang='grc' dir='ltr'><strong>ἐπὶ</strong></span> <span class='ocrx_word' id='word_1_158' title='bbox 929 1815 1242 1886; x_wconf 85' lang='grc' dir='ltr'>προσευχὴν</span> <span class='ocrx_word' id='word_1_159' title='bbox 1271 1813 1506 1887; x_wconf 73' lang='grc' dir='ltr'>ἔχοντες.</span> 
     </span>
    </p>
   </div>
   <div class='ocr_carea' id='block_1_28' title="bbox 987 1901 1364 1974">
    <p class='ocr_par' dir='ltr' id='par_1_28' title="bbox 987 1901 1364 1974">
     <span class='ocr_line' id='line_1_28' title="bbox 987 1901 1364 1974; baseline 0.003 -19"><span class='ocrx_word' id='word_1_160' title='bbox 987 1901 1250 1970; x_wconf 77' lang='grc' dir='ltr'>Σχόλιον</span> <span class='ocrx_word' id='word_1_161' title='bbox 1293 1908 1364 1974; x_wconf 81' lang='grc' dir='ltr'><strong>τ’.</strong></span> 
     </span>
    </p>
   </div>
   <div class='ocr_carea' id='block_1_29' title="bbox 465 1984 1965 2061">
    <p class='ocr_par' dir='ltr' id='par_1_29' title="bbox 465 1984 1965 2061">
     <span class='ocr_line' id='line_1_29' title="bbox 465 1984 1965 2061; baseline 0.002 -23"><span class='ocrx_word' id='word_1_162' title='bbox 465 1985 532 2039; x_wconf 87' lang='grc' dir='ltr'><em>Ἢ</em></span> <span class='ocrx_word' id='word_1_163' title='bbox 557 1985 779 2057; x_wconf 76' lang='grc' dir='ltr'>ὑπακοὴ</span> <span class='ocrx_word' id='word_1_164' title='bbox 811 1984 908 2041; x_wconf 78' lang='grc' dir='ltr'><strong>τοῦ</strong></span> <span class='ocrx_word' id='word_1_165' title='bbox 931 1987 1082 2052; x_wconf 77' lang='grc' dir='ltr'>ὄντος</span> <span class='ocrx_word' id='word_1_166' title='bbox 1115 1987 1420 2061; x_wconf 84' lang='grc' dir='ltr'>θελήματός</span> <span class='ocrx_word' id='word_1_167' title='bbox 1443 1991 1592 2045; x_wconf 78' lang='grc' dir='ltr'>ἐστιν</span> <span class='ocrx_word' id='word_1_168' title='bbox 1624 1988 1864 2060; x_wconf 79' lang='grc' dir='ltr'>ὑπακοὴ,</span> <span class='ocrx_word' id='word_1_169' title='bbox 1903 1988 1965 2042; x_wconf 87' lang='grc' dir='ltr'><strong>ού</strong></span> 
     </span>
    </p>
   </div>
   <div class='ocr_carea' id='block_1_30' title="bbox 388 2077 1964 2156">
    <p class='ocr_par' dir='ltr' id='par_1_30' title="bbox 388 2077 1964 2156">
     <span class='ocr_line' id='line_1_30' title="bbox 388 2077 1964 2156; baseline 0.002 -24"><span class='ocrx_word' id='word_1_170' title='bbox 388 2077 486 2132; x_wconf 71' lang='grc' dir='ltr'><strong>τοῦ</strong></span> <span class='ocrx_word' id='word_1_171' title='bbox 521 2078 592 2151; x_wconf 73' lang='grc' dir='ltr'>μὴ</span> <span class='ocrx_word' id='word_1_172' title='bbox 613 2080 765 2144; x_wconf 72' lang='grc' dir='ltr'>ὄντος</span> <span class='ocrx_word' id='word_1_173' title='bbox 793 2080 1061 2156; x_wconf 79' lang='grc' dir='ltr'>ὑποταγήο</span> <span class='ocrx_word' id='word_1_174' title='bbox 1092 2083 1152 2137; x_wconf 86' lang='grc' dir='ltr'>οὐ</span> <span class='ocrx_word' id='word_1_175' title='bbox 1183 2082 1291 2156; x_wconf 81' lang='grc' dir='ltr'><strong>γὰρ</strong></span> <span class='ocrx_word' id='word_1_176' title='bbox 1335 2083 1396 2138; x_wconf 81' lang='grc' dir='ltr'>τὸ</span> <span class='ocrx_word' id='word_1_177' title='bbox 1422 2083 1614 2153; x_wconf 76' lang='grc' dir='ltr'>ἄλογον</span> <span class='ocrx_word' id='word_1_178' title='bbox 1657 2083 1900 2154; x_wconf 82' lang='grc' dir='ltr'>ὑπήκοον</span> <span class='ocrx_word' id='word_1_179' title='bbox 1931 2079 1964 2150; x_wconf 78' lang='grc' dir='ltr'>ἢ</span> 
     </span>
    </p>
   </div>
   <div class='ocr_carea' id='block_1_31' title="bbox 389 2176 934 2250">
    <p class='ocr_par' dir='ltr' id='par_1_31' title="bbox 389 2176 934 2250">
     <span class='ocr_line' id='line_1_31' title="bbox 389 2176 934 2250; baseline 0.011 -22"><span class='ocrx_word' id='word_1_180' title='bbox 389 2176 659 2248; x_wconf 75' lang='grc' dir='ltr'>παρήκων</span> <span class='ocrx_word' id='word_1_181' title='bbox 683 2176 934 2250; x_wconf 82' lang='grc' dir='ltr'>λέξομεν.</span> 
     </span>
    </p>
   </div>
   <div class='ocr_carea' id='block_1_32' title="bbox 915 2349 1430 2421">
    <p class='ocr_par' dir='ltr' id='par_1_32' title="bbox 915 2349 1430 2421">
     <span class='ocr_line' id='line_1_32' title="bbox 915 2349 1430 2421; baseline 0.004 -17"><span class='ocrx_word' id='word_1_182' title='bbox 915 2349 1106 2405; x_wconf 71' lang='grc' dir='ltr'><strong>’Ἄλλο</strong></span> <span class='ocrx_word' id='word_1_183' title='bbox 1154 2351 1430 2421; x_wconf 75' lang='grc' dir='ltr'>σκόλιον.</span> 
     </span>
    </p>
   </div>
   <div class='ocr_carea' id='block_1_33' title="bbox 460 2437 1966 2515">
    <p class='ocr_par' dir='ltr' id='par_1_33' title="bbox 460 2437 1966 2515">
     <span class='ocr_line' id='line_1_33' title="bbox 460 2437 1966 2515; baseline 0.003 -21"><span class='ocrx_word' id='word_1_184' title='bbox 460 2458 482 2494; x_wconf 74' lang='grc' dir='ltr'><strong>ι</strong></span> <span class='ocrx_word' id='word_1_185' title='bbox 515 2437 584 2494; x_wconf 73' lang='lat' dir='ltr'><strong>El</strong></span> <span class='ocrx_word' id='word_1_186' title='bbox 623 2456 709 2505; x_wconf 84' lang='grc' dir='ltr'><strong>τις</strong></span> <span class='ocrx_word' id='word_1_187' title='bbox 755 2438 899 2495; x_wconf 86' lang='grc' dir='ltr'>θέλει</span> <span class='ocrx_word' id='word_1_188' title='bbox 936 2439 1117 2496; x_wconf 79' lang='grc' dir='ltr'>ὀπίσω</span> <span class='ocrx_word' id='word_1_189' title='bbox 1171 2459 1274 2513; x_wconf 92' lang='grc' dir='ltr'><strong>μου</strong></span> <span class='ocrx_word' id='word_1_190' title='bbox 1322 2443 1520 2509; x_wconf 74' lang='grc' dir='ltr'>ἐλθεῖν,</span> <span class='ocrx_word' id='word_1_191' title='bbox 1556 2442 1966 2515; x_wconf 80' lang='grc' dir='ltr'>ἀπαρνησάσθω</span> 
     </span>
    </p>
   </div>
   <div class='ocr_carea' id='block_1_34' title="bbox 379 2531 1965 2607">
    <p class='ocr_par' dir='ltr' id='par_1_34' title="bbox 379 2531 1965 2607">
     <span class='ocr_line' id='line_1_34' title="bbox 379 2531 1965 2607; baseline 0.003 -22"><span class='ocrx_word' id='word_1_192' title='bbox 379 2531 598 2587; x_wconf 67' lang='grc' dir='ltr'>ἑαυτόν.</span> <span class='ocrx_word' id='word_1_193' title='bbox 634 2549 654 2584; x_wconf 70' lang='grc' dir='ltr'><strong>ι</strong></span> <span class='ocrx_word' id='word_1_194' title='bbox 679 2531 805 2596; x_wconf 85' lang='grc' dir='ltr'>Πῶς</span> <span class='ocrx_word' id='word_1_195' title='bbox 829 2531 886 2586; x_wconf 71' lang='grc' dir='ltr'><strong>δὲ</strong></span> <span class='ocrx_word' id='word_1_196' title='bbox 918 2531 1111 2587; x_wconf 77' lang='grc' dir='ltr'>ἑαυτὸν</span> <span class='ocrx_word' id='word_1_197' title='bbox 1139 2534 1385 2605; x_wconf 81' lang='grc' dir='ltr'>ἀρνεῖται</span> <span class='ocrx_word' id='word_1_198' title='bbox 1407 2536 1436 2588; x_wconf 82' lang='grc' dir='ltr'>ὁ</span> <span class='ocrx_word' id='word_1_199' title='bbox 1467 2535 1771 2607; x_wconf 77' lang='grc' dir='ltr'>ἄνθρωπος,</span> <span class='ocrx_word' id='word_1_200' title='bbox 1807 2536 1855 2589; x_wconf 73' lang='grc' dir='ltr'>εἰ</span> <span class='ocrx_word' id='word_1_201' title='bbox 1889 2533 1965 2606; x_wconf 71' lang='grc' dir='ltr'>μὴ</span> 
     </span>
    </p>
   </div>
   <div class='ocr_carea' id='block_1_35' title="bbox 378 2622 1965 2700">
    <p class='ocr_par' dir='ltr' id='par_1_35' title="bbox 378 2622 1965 2700">
     <span class='ocr_line' id='line_1_35' title="bbox 378 2622 1965 2700; baseline 0.003 -22"><span class='ocrx_word' id='word_1_202' title='bbox 378 2623 544 2692; x_wconf 76' lang='grc' dir='ltr'>ἀφεὶς</span> <span class='ocrx_word' id='word_1_203' title='bbox 566 2623 635 2678; x_wconf 80' lang='grc' dir='ltr'>τὰ</span> <span class='ocrx_word' id='word_1_204' title='bbox 661 2622 944 2696; x_wconf 84' lang='grc' dir='ltr'>θελήματα</span> <span class='ocrx_word' id='word_1_205' title='bbox 974 2624 1142 2680; x_wconf 81' lang='grc' dir='ltr'>αὐτοῦ</span> <span class='ocrx_word' id='word_1_206' title='bbox 1177 2625 1248 2679; x_wconf 83' lang='grc' dir='ltr'>τὰ</span> <span class='ocrx_word' id='word_1_207' title='bbox 1273 2626 1502 2694; x_wconf 80' lang='grc' dir='ltr'>φυσικὰ,</span> <span class='ocrx_word' id='word_1_208' title='bbox 1537 2627 1632 2681; x_wconf 74' lang='grc' dir='ltr'>καὶ</span> <span class='ocrx_word' id='word_1_209' title='bbox 1659 2627 1807 2700; x_wconf 78' lang='grc' dir='ltr'>αὐτῷ</span> <span class='ocrx_word' id='word_1_210' title='bbox 1836 2627 1965 2682; x_wconf 80' lang='grc' dir='ltr'>ἀκο-</span> 
     </span>
    </p>
   </div>
   <div class='ocr_carea' id='block_1_36' title="bbox 379 2714 1962 2789">
    <p class='ocr_par' dir='ltr' id='par_1_36' title="bbox 379 2714 1962 2789">
     <span class='ocr_line' id='line_1_36' title="bbox 379 2714 1962 2789; baseline 0.002 -21"><span class='ocrx_word' id='word_1_211' title='bbox 379 2714 671 2786; x_wconf 74' lang='grc' dir='ltr'>λουθήσεις</span> <span class='ocrx_word' id='word_1_212' title='bbox 694 2715 792 2770; x_wconf 81' lang='grc' dir='ltr'><strong>Διὰ</strong></span> <span class='ocrx_word' id='word_1_213' title='bbox 820 2715 979 2771; x_wconf 77' lang='grc' dir='ltr'>τοῦτο</span> <span class='ocrx_word' id='word_1_214' title='bbox 1000 2715 1159 2780; x_wconf 71' lang='grc' dir='ltr'>εἰδὼς</span> <span class='ocrx_word' id='word_1_215' title='bbox 1190 2717 1320 2789; x_wconf 72' lang='grc' dir='ltr'>περὶ</span> <span class='ocrx_word' id='word_1_216' title='bbox 1353 2719 1462 2772; x_wconf 87' lang='grc' dir='ltr'><strong>τῶν</strong></span> <span class='ocrx_word' id='word_1_217' title='bbox 1502 2718 1750 2788; x_wconf 81' lang='grc' dir='ltr'>φυσικῶν</span> <span class='ocrx_word' id='word_1_218' title='bbox 1793 2716 1962 2787; x_wconf 83' lang='grc' dir='ltr'>λέγει,</span> 
     </span>
    </p>
   </div>
   <div class='ocr_carea' id='block_1_37' title="bbox 382 2806 1961 2882">
    <p class='ocr_par' dir='ltr' id='par_1_37' title="bbox 382 2806 1961 2882">
     <span class='ocr_line' id='line_1_37' title="bbox 382 2806 1961 2882; baseline 0.003 -22"><span class='ocrx_word' id='word_1_219' title='bbox 382 2807 482 2861; x_wconf 74' lang='grc' dir='ltr'>καὶ</span> <span class='ocrx_word' id='word_1_220' title='bbox 510 2807 569 2861; x_wconf 80' lang='grc' dir='ltr'><strong>ού</strong></span> <span class='ocrx_word' id='word_1_221' title='bbox 607 2806 717 2863; x_wconf 88' lang='grc' dir='ltr'><strong>τῶν</strong></span> <span class='ocrx_word' id='word_1_222' title='bbox 747 2808 901 2881; x_wconf 88' lang='grc' dir='ltr'><strong>παρά</strong></span> <span class='ocrx_word' id='word_1_223' title='bbox 929 2807 1111 2880; x_wconf 89' lang='grc' dir='ltr'>φύσιν.</span> <span class='ocrx_word' id='word_1_224' title='bbox 1168 2809 1295 2863; x_wconf 84' lang='grc' dir='ltr'>Ἐὰν</span> <span class='ocrx_word' id='word_1_225' title='bbox 1335 2810 1445 2882; x_wconf 83' lang='grc' dir='ltr'>γὰρ</span> <span class='ocrx_word' id='word_1_226' title='bbox 1491 2810 1562 2866; x_wconf 83' lang='grc' dir='ltr'><strong>τά</strong></span> <span class='ocrx_word' id='word_1_227' title='bbox 1607 2810 1758 2881; x_wconf 88' lang='grc' dir='ltr'><strong>παρά</strong></span> <span class='ocrx_word' id='word_1_228' title='bbox 1798 2811 1961 2880; x_wconf 89' lang='grc' dir='ltr'>φύσιν</span> 
     </span>
    </p>
   </div>
   <div class='ocr_carea' id='block_1_38' title="bbox 2696 1537 3030 1594">
    <p class='ocr_par' dir='ltr' id='par_1_38' title="bbox 2696 1537 3030 1594">
     <span class='ocr_line' id='line_1_38' title="bbox 2696 1537 3030 1594; baseline -0.006 0"><span class='ocrx_word' id='word_1_229' title='bbox 2696 1537 2943 1594; x_wconf 85' lang='lat' dir='ltr'><strong>Scholion</strong></span> <span class='ocrx_word' id='word_1_230' title='bbox 2974 1537 3030 1592; x_wconf 78' lang='lat'><strong>2.</strong></span> 
     </span>
    </p>
   </div>
   <div class='ocr_carea' id='block_1_39' title="bbox 2143 1603 3655 1702">
    <p class='ocr_par' dir='ltr' id='par_1_39' title="bbox 2143 1603 3655 1702">
     <span class='ocr_line' id='line_1_39' title="bbox 2143 1603 3655 1702; baseline -0.003 -18"><span class='ocrx_word' id='word_1_231' title='bbox 2143 1628 2269 1686; x_wconf 83' lang='lat' dir='ltr'><strong>Sive</strong></span> <span class='ocrx_word' id='word_1_232' title='bbox 2295 1645 2401 1685; x_wconf 92' lang='lat' dir='ltr'><strong>non</strong></span> <span class='ocrx_word' id='word_1_233' title='bbox 2429 1631 2632 1688; x_wconf 85' lang='lat' dir='ltr'><strong>habent</strong></span> <span class='ocrx_word' id='word_1_234' title='bbox 2660 1631 2828 1702; x_wconf 81' lang='lat' dir='ltr'><strong>pedes</strong></span> <span class='ocrx_word' id='word_1_235' title='bbox 2861 1644 2994 1688; x_wconf 85' lang='lat' dir='ltr'><strong>suos</strong></span> <span class='ocrx_word' id='word_1_236' title='bbox 3031 1629 3179 1685; x_wconf 83' lang='lat' dir='ltr'><strong>velut</strong></span> <span class='ocrx_word' id='word_1_237' title='bbox 3222 1628 3432 1700; x_wconf 89' lang='lat' dir='ltr'><strong>glutino</strong></span> <span class='ocrx_word' id='word_1_238' title='bbox 3452 1603 3655 1683; x_wconf 43' lang='lat' dir='ltr'><strong>&#39;devin-</strong></span> 
     </span>
    </p>
   </div>
   <div class='ocr_carea' id='block_1_40' title="bbox 2071 1719 3666 1804">
    <p class='ocr_par' dir='ltr' id='par_1_40' title="bbox 2071 1719 3666 1804">
     <span class='ocr_line' id='line_1_40' title="bbox 2071 1719 3666 1804; baseline 0 -28"><span class='ocrx_word' id='word_1_239' title='bbox 2071 1729 2208 1785; x_wconf 82' lang='lat' dir='ltr'><strong>ctos,</strong></span> <span class='ocrx_word' id='word_1_240' title='bbox 2234 1722 2327 1777; x_wconf 87' lang='lat' dir='ltr'><strong>sed</strong></span> <span class='ocrx_word' id='word_1_241' title='bbox 2354 1723 2582 1779; x_wconf 89' lang='lat' dir='ltr'><strong>alterum</strong></span> <span class='ocrx_word' id='word_1_242' title='bbox 2618 1723 2836 1794; x_wconf 88' lang='lat' dir='ltr'><strong>quidem</strong></span> <span class='ocrx_word' id='word_1_243' title='bbox 2869 1722 2934 1776; x_wconf 83' lang='lat' dir='ltr'><strong>ad</strong></span> <span class='ocrx_word' id='word_1_244' title='bbox 2977 1731 3185 1777; x_wconf 88' lang='lat' dir='ltr'><strong>motum</strong></span> <span class='ocrx_word' id='word_1_245' title='bbox 3212 1729 3486 1792; x_wconf 82' lang='lat' dir='ltr'><strong>paratum,</strong></span> <span class='ocrx_word' id='word_1_246' title='bbox 3523 1719 3666 1804; x_wconf 81' lang='lat' dir='ltr'><strong>alte-_</strong></span> 
     </span>
    </p>
   </div>
   <div class='ocr_carea' id='block_1_41' title="bbox 2071 1813 3435 1885">
    <p class='ocr_par' dir='ltr' id='par_1_41' title="bbox 2071 1813 3435 1885">
     <span class='ocr_line' id='line_1_41' title="bbox 2071 1813 3435 1885; baseline 0 -19"><span class='ocrx_word' id='word_1_247' title='bbox 2071 1828 2189 1868; x_wconf 88' lang='lat' dir='ltr'><strong>rum</strong></span> <span class='ocrx_word' id='word_1_248' title='bbox 2225 1826 2354 1871; x_wconf 88' lang='lat' dir='ltr'><strong>vero</strong></span> <span class='ocrx_word' id='word_1_249' title='bbox 2394 1814 2680 1871; x_wconf 91' lang='lat' dir='ltr'><strong>immotum</strong></span> <span class='ocrx_word' id='word_1_250' title='bbox 2714 1813 2780 1869; x_wconf 90' lang='lat' dir='ltr'><strong>ad</strong></span> <span class='ocrx_word' id='word_1_251' title='bbox 2815 1813 3148 1885; x_wconf 82' lang='lat' dir='ltr'><strong>precandum</strong></span> <span class='ocrx_word' id='word_1_252' title='bbox 3178 1813 3435 1868; x_wconf 89' lang='lat' dir='ltr'><strong>retinent.</strong></span> 
     </span>
    </p>
   </div>
   <div class='ocr_carea' id='block_1_42' title="bbox 2684 1900 3024 1958">
    <p class='ocr_par' dir='ltr' id='par_1_42' title="bbox 2684 1900 3024 1958">
     <span class='ocr_line' id='line_1_42' title="bbox 2684 1900 3024 1958; baseline 0 0"><span class='ocrx_word' id='word_1_253' title='bbox 2684 1900 2940 1958; x_wconf 81' lang='lat' dir='ltr'><strong>Scholion</strong></span> <span class='ocrx_word' id='word_1_254' title='bbox 2967 1902 3024 1958; x_wconf 79' lang='grc'>5.</span> 
     </span>
    </p>
   </div>
   <div class='ocr_carea' id='block_1_43' title="bbox 2139 1986 3658 2048">
    <p class='ocr_par' dir='ltr' id='par_1_43' title="bbox 2139 1986 3658 2048">
     <span class='ocr_line' id='line_1_43' title="bbox 2139 1986 3658 2048; baseline 0.002 -5"><span class='ocrx_word' id='word_1_255' title='bbox 2139 1986 2460 2046; x_wconf 88' lang='lat' dir='ltr'><strong>Obedientia</strong></span> <span class='ocrx_word' id='word_1_256' title='bbox 2507 1999 2590 2047; x_wconf 87' lang='lat' dir='ltr'><strong>est</strong></span> <span class='ocrx_word' id='word_1_257' title='bbox 2647 1990 2946 2046; x_wconf 83' lang='lat' dir='ltr'><strong>voluntatis</strong></span> <span class='ocrx_word' id='word_1_258' title='bbox 2974 1991 3031 2046; x_wconf 92' lang='lat' dir='ltr'><strong>in</strong></span> <span class='ocrx_word' id='word_1_259' title='bbox 3063 1989 3286 2046; x_wconf 82' lang='lat' dir='ltr'><strong>homine</strong></span> <span class='ocrx_word' id='word_1_260' title='bbox 3335 1988 3658 2048; x_wconf 81' lang='lat' dir='ltr'><strong>exsistentis</strong></span> 
     </span>
    </p>
   </div>
   <div class='ocr_carea' id='block_1_44' title="bbox 2067 2079 3652 2153">
    <p class='ocr_par' dir='ltr' id='par_1_44' title="bbox 2067 2079 3652 2153">
     <span class='ocr_line' id='line_1_44' title="bbox 2067 2079 3652 2153; baseline 0.001 -18"><span class='ocrx_word' id='word_1_261' title='bbox 2067 2079 2400 2148; x_wconf 86' lang='lat' dir='ltr'><strong>obedientia,</strong></span> <span class='ocrx_word' id='word_1_262' title='bbox 2443 2097 2552 2138; x_wconf 90' lang='lat' dir='ltr'><strong>non</strong></span> <span class='ocrx_word' id='word_1_263' title='bbox 2608 2083 2755 2138; x_wconf 86' lang='lat' dir='ltr'><strong>illius</strong></span> <span class='ocrx_word' id='word_1_264' title='bbox 2808 2083 2863 2137; x_wconf 93' lang='lat' dir='ltr'><strong>in</strong></span> <span class='ocrx_word' id='word_1_265' title='bbox 2899 2095 3010 2153; x_wconf 91' lang='lat' dir='ltr'><strong>quo</strong></span> <span class='ocrx_word' id='word_1_266' title='bbox 3062 2082 3314 2138; x_wconf 81' lang='lat' dir='ltr'><strong>voluntas</strong></span> <span class='ocrx_word' id='word_1_267' title='bbox 3372 2099 3481 2139; x_wconf 87' lang='lat' dir='ltr'><strong>non</strong></span> <span class='ocrx_word' id='word_1_268' title='bbox 3526 2089 3652 2138; x_wconf 86' lang='lat' dir='ltr'><strong>est:</strong></span> 
     </span>
    </p>
   </div>
   <div class='ocr_carea' id='block_1_45' title="bbox 2067 2171 3658 2241">
    <p class='ocr_par' dir='ltr' id='par_1_45' title="bbox 2067 2171 3658 2241">
     <span class='ocr_line' id='line_1_45' title="bbox 2067 2171 3658 2241; baseline 0.001 -16"><span class='ocrx_word' id='word_1_269' title='bbox 2067 2171 2211 2240; x_wconf 82' lang='lat' dir='ltr'><strong>quod</strong></span> <span class='ocrx_word' id='word_1_270' title='bbox 2235 2171 2380 2226; x_wconf 83' lang='lat' dir='ltr'><strong>enim</strong></span> <span class='ocrx_word' id='word_1_271' title='bbox 2407 2175 2620 2229; x_wconf 86' lang='lat' dir='ltr'><strong>ratione</strong></span> <span class='ocrx_word' id='word_1_272' title='bbox 2665 2181 2837 2236; x_wconf 89' lang='lat' dir='ltr'><strong>caret,</strong></span> <span class='ocrx_word' id='word_1_273' title='bbox 2867 2186 2983 2241; x_wconf 32' lang='lat' dir='ltr'><strong>nec.</strong></span> <span class='ocrx_word' id='word_1_274' title='bbox 3028 2171 3311 2241; x_wconf 84' lang='lat' dir='ltr'><strong>obediens,</strong></span> <span class='ocrx_word' id='word_1_275' title='bbox 3339 2189 3439 2230; x_wconf 90' lang='lat' dir='ltr'><strong>nec</strong></span> <span class='ocrx_word' id='word_1_276' title='bbox 3466 2173 3658 2228; x_wconf 91' lang='lat' dir='ltr'><strong>inobe-</strong></span> 
     </span>
    </p>
   </div>
   <div class='ocr_carea' id='block_1_46' title="bbox 2065 2260 2600 2334">
    <p class='ocr_par' dir='ltr' id='par_1_46' title="bbox 2065 2260 2600 2334">
     <span class='ocr_line' id='line_1_46' title="bbox 2065 2260 2600 2334; baseline 0.002 -17"><span class='ocrx_word' id='word_1_277' title='bbox 2065 2261 2223 2319; x_wconf 75' lang='lat' dir='ltr'><strong>cliens</strong></span> <span class='ocrx_word' id='word_1_278' title='bbox 2253 2260 2362 2318; x_wconf 91' lang='lat' dir='ltr'><strong>dici</strong></span> <span class='ocrx_word' id='word_1_279' title='bbox 2391 2270 2600 2334; x_wconf 90' lang='lat' dir='ltr'><strong>potest.</strong></span> 
     </span>
    </p>
   </div>
   <div class='ocr_carea' id='block_1_47' title="bbox 2622 2348 3092 2404">
    <p class='ocr_par' dir='ltr' id='par_1_47' title="bbox 2622 2348 3092 2404">
     <span class='ocr_line' id='line_1_47' title="bbox 2622 2348 3092 2404; baseline -0.002 -1"><span class='ocrx_word' id='word_1_280' title='bbox 2622 2349 2786 2404; x_wconf 82' lang='lat' dir='ltr'><strong>Aliud</strong></span> <span class='ocrx_word' id='word_1_281' title='bbox 2829 2348 3092 2404; x_wconf 79' lang='lat' dir='ltr'><strong>scholion.</strong></span> 
     </span>
    </p>
   </div>
   <div class='ocr_carea' id='block_1_48' title="bbox 2143 2435 3660 2510">
    <p class='ocr_par' dir='ltr' id='par_1_48' title="bbox 2143 2435 3660 2510">
     <span class='ocr_line' id='line_1_48' title="bbox 2143 2435 3660 2510; baseline 0.001 -19"><span class='ocrx_word' id='word_1_282' title='bbox 2143 2457 2163 2491; x_wconf 78' lang='grc' dir='ltr'><strong>ι</strong></span> <span class='ocrx_word' id='word_1_283' title='bbox 2208 2437 2267 2494; x_wconf 88' lang='lat' dir='ltr'><strong>Si</strong></span> <span class='ocrx_word' id='word_1_284' title='bbox 2306 2438 2431 2510; x_wconf 83' lang='lat' dir='ltr'><strong>quis</strong></span> <span class='ocrx_word' id='word_1_285' title='bbox 2479 2437 2598 2492; x_wconf 82' lang='lat' dir='ltr'><strong>vult</strong></span> <span class='ocrx_word' id='word_1_286' title='bbox 2631 2437 2818 2494; x_wconf 82' lang='lat' dir='ltr'><strong>venire</strong></span> <span class='ocrx_word' id='word_1_287' title='bbox 2851 2446 2977 2509; x_wconf 85' lang='lat' dir='ltr'><strong>post</strong></span> <span class='ocrx_word' id='word_1_288' title='bbox 3028 2451 3136 2503; x_wconf 90' lang='lat' dir='ltr'><strong>me,</strong></span> <span class='ocrx_word' id='word_1_289' title='bbox 3191 2435 3421 2508; x_wconf 84' lang='lat' dir='ltr'><strong>abneget</strong></span> <span class='ocrx_word' id='word_1_290' title='bbox 3453 2445 3660 2492; x_wconf 57' lang='lat' dir='ltr'><strong>semet.</strong></span> 
     </span>
    </p>
   </div>
   <div class='ocr_carea' id='block_1_49' title="bbox 2065 2527 3660 2602">
    <p class='ocr_par' dir='ltr' id='par_1_49' title="bbox 2065 2527 3660 2602">
     <span class='ocr_line' id='line_1_49' title="bbox 2065 2527 3660 2602; baseline -0.003 -15"><span class='ocrx_word' id='word_1_291' title='bbox 2065 2528 2327 2602; x_wconf 82' lang='lat' dir='ltr'><strong>ipsum“.</strong></span> <span class='ocrx_word' id='word_1_292' title='bbox 2355 2547 2374 2582; x_wconf 75' lang='grc' dir='ltr'><strong>ι</strong></span> <span class='ocrx_word' id='word_1_293' title='bbox 2402 2527 2691 2596; x_wconf 85' lang='lat' dir='ltr'><strong>Quomodo</strong></span> <span class='ocrx_word' id='word_1_294' title='bbox 2720 2537 2903 2583; x_wconf 80' lang='lat' dir='ltr'><strong>autem</strong></span> <span class='ocrx_word' id='word_1_295' title='bbox 2965 2527 3131 2584; x_wconf 87' lang='lat' dir='ltr'><strong>homo</strong></span> <span class='ocrx_word' id='word_1_296' title='bbox 3174 2527 3406 2598; x_wconf 84' lang='lat' dir='ltr'><strong>abnegat</strong></span> <span class='ocrx_word' id='word_1_297' title='bbox 3455 2535 3660 2583; x_wconf 82' lang='lat' dir='ltr'><strong>semet-</strong></span> 
     </span>
    </p>
   </div>
   <div class='ocr_carea' id='block_1_50' title="bbox 2065 2618 3658 2695">
    <p class='ocr_par' dir='ltr' id='par_1_50' title="bbox 2065 2618 3658 2695">
     <span class='ocr_line' id='line_1_50' title="bbox 2065 2618 3658 2695; baseline -0.004 -13"><span class='ocrx_word' id='word_1_298' title='bbox 2065 2625 2270 2695; x_wconf 87' lang='lat' dir='ltr'><strong>ipsum,</strong></span> <span class='ocrx_word' id='word_1_299' title='bbox 2303 2621 2413 2677; x_wconf 88' lang='lat' dir='ltr'><strong>nisi</strong></span> <span class='ocrx_word' id='word_1_300' title='bbox 2471 2620 2746 2676; x_wconf 87' lang='lat' dir='ltr'><strong>renuntiet</strong></span> <span class='ocrx_word' id='word_1_301' title='bbox 2800 2619 3036 2675; x_wconf 67' lang='lat' dir='ltr'><strong>nataurali</strong></span> <span class='ocrx_word' id='word_1_302' title='bbox 3087 2618 3352 2675; x_wconf 80' lang='lat' dir='ltr'><strong>voluntati</strong></span> <span class='ocrx_word' id='word_1_303' title='bbox 3408 2634 3544 2685; x_wconf 75' lang='lat' dir='ltr'><strong>suae,</strong></span> <span class='ocrx_word' id='word_1_304' title='bbox 3600 2631 3658 2675; x_wconf 77' lang='lat' dir='ltr'><strong>et</strong></span> 
     </span>
    </p>
   </div>
   <div class='ocr_carea' id='block_1_51' title="bbox 2065 2710 3664 2784">
    <p class='ocr_par' dir='ltr' id='par_1_51' title="bbox 2065 2710 3664 2784">
     <span class='ocr_line' id='line_1_51' title="bbox 2065 2710 3664 2784; baseline -0.001 -16"><span class='ocrx_word' id='word_1_305' title='bbox 2065 2721 2327 2784; x_wconf 85' lang='lat' dir='ltr'><strong>sequatur</strong></span> <span class='ocrx_word' id='word_1_306' title='bbox 2355 2711 2678 2768; x_wconf 71' lang='lat' dir='ltr'><strong>Christum?</strong></span> <span class='ocrx_word' id='word_1_307' title='bbox 2709 2710 2826 2767; x_wconf 84' lang='lat' dir='ltr'><strong>Hoc</strong></span> <span class='ocrx_word' id='word_1_308' title='bbox 2861 2727 2993 2783; x_wconf 89' lang='lat' dir='ltr'><strong>ergo</strong></span> <span class='ocrx_word' id='word_1_309' title='bbox 3017 2727 3126 2767; x_wconf 90' lang='lat' dir='ltr'><strong>non</strong></span> <span class='ocrx_word' id='word_1_310' title='bbox 3162 2713 3424 2781; x_wconf 76' lang='lat' dir='ltr'><strong>ignorans</strong></span> <span class='ocrx_word' id='word_1_311' title='bbox 3457 2712 3524 2767; x_wconf 91' lang='lat' dir='ltr'><strong>de</strong></span> <span class='ocrx_word' id='word_1_312' title='bbox 3557 2727 3664 2767; x_wconf 86' lang='lat' dir='ltr'><strong>ua—</strong></span> 
     </span>
    </p>
   </div>
   <div class='ocr_carea' id='block_1_52' title="bbox 2068 2803 3658 2875">
    <p class='ocr_par' dir='ltr' id='par_1_52' title="bbox 2068 2803 3658 2875">
     <span class='ocr_line' id='line_1_52' title="bbox 2068 2803 3658 2875; baseline 0 -16"><span class='ocrx_word' id='word_1_313' title='bbox 2068 2812 2205 2860; x_wconf 61' lang='lat' dir='ltr'><strong>turae</strong></span> <span class='ocrx_word' id='word_1_314' title='bbox 2227 2804 2384 2862; x_wconf 83' lang='lat' dir='ltr'><strong>bonis</strong></span> <span class='ocrx_word' id='word_1_315' title='bbox 2408 2819 2518 2860; x_wconf 92' lang='lat' dir='ltr'><strong>non</strong></span> <span class='ocrx_word' id='word_1_316' title='bbox 2549 2818 2673 2875; x_wconf 66' lang='lat' dir='ltr'><strong>quae</strong></span> <span class='ocrx_word' id='word_1_317' title='bbox 2699 2812 2829 2860; x_wconf 89' lang='lat' dir='ltr'><strong>sunt</strong></span> <span class='ocrx_word' id='word_1_318' title='bbox 2857 2813 3052 2875; x_wconf 76' lang='lat' dir='ltr'><strong>praeter</strong></span> <span class='ocrx_word' id='word_1_319' title='bbox 3079 2811 3354 2870; x_wconf 84' lang='lat' dir='ltr'><strong>naturam,</strong></span> <span class='ocrx_word' id='word_1_320' title='bbox 3375 2803 3620 2874; x_wconf 86' lang='lat' dir='ltr'><strong>loquitur</strong></span> <span class='ocrx_word' id='word_1_321' title='bbox 3639 2820 3658 2859; x_wconf 86' lang='lat'><strong>:</strong></span> 
     </span>
    </p>
   </div>
   <div class='ocr_carea' id='block_1_53' title="bbox 379 2890 1966 2974">
    <p class='ocr_par' dir='ltr' id='par_1_53' title="bbox 379 2900 1966 2974">
     <span class='ocr_line' id='line_1_53' title="bbox 379 2900 1966 2974; baseline 0.003 -22"><span class='ocrx_word' id='word_1_322' title='bbox 379 2901 586 2972; x_wconf 76' lang='grc' dir='ltr'>ἀφήσει</span> <span class='ocrx_word' id='word_1_323' title='bbox 610 2917 717 2966; x_wconf 89' lang='grc' dir='ltr'>τις,</span> <span class='ocrx_word' id='word_1_324' title='bbox 749 2900 860 2955; x_wconf 86' lang='grc' dir='ltr'><strong>τῶν</strong></span> <span class='ocrx_word' id='word_1_325' title='bbox 887 2900 1052 2955; x_wconf 82' lang='grc' dir='ltr'>αὐτοῦ</span> <span class='ocrx_word' id='word_1_326' title='bbox 1079 2902 1233 2957; x_wconf 79' lang='grc' dir='ltr'>οὐδὲν</span> <span class='ocrx_word' id='word_1_327' title='bbox 1259 2902 1440 2974; x_wconf 85' lang='grc' dir='ltr'>ἀφῆκε</span> <span class='ocrx_word' id='word_1_328' title='bbox 1467 2902 1554 2958; x_wconf 80' lang='grc' dir='ltr'>διὰ</span> <span class='ocrx_word' id='word_1_329' title='bbox 1583 2903 1675 2956; x_wconf 83' lang='grc' dir='ltr'>τὸν</span> <span class='ocrx_word' id='word_1_330' title='bbox 1703 2903 1856 2956; x_wconf 88' lang='grc' dir='ltr'>Θεόν·</span> <span class='ocrx_word' id='word_1_331' title='bbox 1885 2904 1966 2956; x_wconf 78' lang='grc' dir='ltr'><strong>οὑ-</strong></span> 
     </span>
    </p>
   </div>
   <div class='ocr_carea' id='block_1_54' title="bbox 2069 2890 3658 2974">
    <p class='ocr_par' dir='ltr' id='par_1_54' title="bbox 2072 2897 3658 2969">
     <span class='ocr_line' id='line_1_54' title="bbox 2072 2897 3658 2969; baseline -0.001 -17"><span class='ocrx_word' id='word_1_332' title='bbox 2072 2897 2166 2968; x_wconf 88' lang='lat' dir='ltr'><strong>qui</strong></span> <span class='ocrx_word' id='word_1_333' title='bbox 2211 2897 2357 2954; x_wconf 89' lang='lat' dir='ltr'><strong>enim</strong></span> <span class='ocrx_word' id='word_1_334' title='bbox 2400 2911 2466 2952; x_wconf 90' lang='lat' dir='ltr'><strong>ea</strong></span> <span class='ocrx_word' id='word_1_335' title='bbox 2509 2912 2634 2969; x_wconf 65' lang='lat' dir='ltr'><strong>qua;</strong></span> <span class='ocrx_word' id='word_1_336' title='bbox 2683 2907 2882 2968; x_wconf 71' lang='lat' dir='ltr'><strong>praeter</strong></span> <span class='ocrx_word' id='word_1_337' title='bbox 2923 2905 3176 2952; x_wconf 87' lang='lat' dir='ltr'><strong>naturam</strong></span> <span class='ocrx_word' id='word_1_338' title='bbox 3227 2903 3378 2963; x_wconf 88' lang='lat' dir='ltr'><strong>sunt,</strong></span> <span class='ocrx_word' id='word_1_339' title='bbox 3415 2897 3658 2968; x_wconf 87' lang='lat' dir='ltr'><strong>reliquit.</strong></span> 
     </span>
    </p>
   </div>
   <div class='ocr_carea' id='block_1_55' title="bbox 377 2988 1965 3065">
    <p class='ocr_par' dir='ltr' id='par_1_55' title="bbox 377 2988 1965 3065">
     <span class='ocr_line' id='line_1_55' title="bbox 377 2988 1965 3065; baseline 0.002 -22"><span class='ocrx_word' id='word_1_340' title='bbox 377 2988 584 3065; x_wconf 63' lang='grc' dir='ltr'>ἃ,γάρ</span> <span class='ocrx_word' id='word_1_341' title='bbox 630 2990 795 3046; x_wconf 80' lang='grc' dir='ltr'>αὑτοῦ</span> <span class='ocrx_word' id='word_1_342' title='bbox 832 2993 989 3046; x_wconf 71' lang='grc' dir='ltr'>εἰσιν.</span> <span class='ocrx_word' id='word_1_343' title='bbox 1032 2991 1093 3049; x_wconf 91' lang='grc' dir='ltr'>Ὀ</span> <span class='ocrx_word' id='word_1_344' title='bbox 1124 2992 1179 3047; x_wconf 80' lang='grc' dir='ltr'><strong>δὲ</strong></span> <span class='ocrx_word' id='word_1_345' title='bbox 1216 2993 1286 3048; x_wconf 84' lang='grc' dir='ltr'>τὰ</span> <span class='ocrx_word' id='word_1_346' title='bbox 1325 2991 1532 3062; x_wconf 78' lang='grc' dir='ltr'>φυσικὰ</span> <span class='ocrx_word' id='word_1_347' title='bbox 1577 2991 1742 3048; x_wconf 79' lang='grc' dir='ltr'>αὐτοῦ</span> <span class='ocrx_word' id='word_1_348' title='bbox 1784 2994 1965 3064; x_wconf 71' lang='grc' dir='ltr'>ἀφεὶς,</span> 
     </span>
    </p>
   </div>
   <div class='ocr_carea' id='block_1_56' title="bbox 381 3074 1082 3156">
    <p class='ocr_par' dir='ltr' id='par_1_56' title="bbox 381 3074 1082 3156">
     <span class='ocr_line' id='line_1_56' title="bbox 381 3074 1082 3156; baseline 0.006 -20"><span class='ocrx_word' id='word_1_349' title='bbox 381 3074 541 3148; x_wconf 74' lang='grc' dir='ltr'>οὗτος</span> <span class='ocrx_word' id='word_1_350' title='bbox 562 3084 844 3156; x_wconf 76' lang='grc' dir='ltr'>ἠρνήσατο</span> <span class='ocrx_word' id='word_1_351' title='bbox 871 3083 1082 3140; x_wconf 73' lang='grc' dir='ltr'>ἑαυτόν.</span> 
     </span>
    </p>
   </div>
   <div class='ocr_carea' id='block_1_57' title="bbox 505 3260 1362 3328">
    <p class='ocr_par' dir='ltr' id='par_1_57' title="bbox 505 3260 1362 3328">
     <span class='ocr_line' id='line_1_57' title="bbox 505 3260 1362 3328; baseline 0.002 -14"><span class='ocrx_word' id='word_1_352' title='bbox 505 3289 514 3294; x_wconf 90' lang='grc'><strong><em>-</em></strong></span> <span class='ocrx_word' id='word_1_353' title='bbox 985 3262 1034 3314; x_wconf 89' lang='grc' dir='ltr'><strong><em>Σ</em></strong></span> <span class='ocrx_word' id='word_1_354' title='bbox 1036 3260 1248 3328; x_wconf 73' lang='grc' dir='ltr'>χόλιον</span> <span class='ocrx_word' id='word_1_355' title='bbox 1289 3260 1362 3316; x_wconf 81' lang='grc' dir='ltr'>δ’.</span> 
     </span>
    </p>
   </div>
   <div class='ocr_carea' id='block_1_58' title="bbox 455 3343 1968 3421">
    <p class='ocr_par' dir='ltr' id='par_1_58' title="bbox 455 3343 1968 3421">
     <span class='ocr_line' id='line_1_58' title="bbox 455 3343 1968 3421; baseline 0.001 -23"><span class='ocrx_word' id='word_1_356' title='bbox 455 3345 530 3399; x_wconf 78' lang='grc' dir='ltr'><strong>Οὐ</strong></span> <span class='ocrx_word' id='word_1_357' title='bbox 559 3343 655 3400; x_wconf 78' lang='grc' dir='ltr'>τὸν</span> <span class='ocrx_word' id='word_1_358' title='bbox 690 3343 918 3421; x_wconf 75' lang='grc' dir='ltr'>ψυχικὸν</span> <span class='ocrx_word' id='word_1_359' title='bbox 956 3346 1200 3400; x_wconf 78' lang='grc' dir='ltr'>κίνδυνόν</span> <span class='ocrx_word' id='word_1_360' title='bbox 1228 3363 1381 3417; x_wconf 83' lang='grc' dir='ltr'>φησι,</span> <span class='ocrx_word' id='word_1_361' title='bbox 1421 3347 1558 3402; x_wconf 83' lang='grc' dir='ltr'><strong>ἀλλά</strong></span> <span class='ocrx_word' id='word_1_362' title='bbox 1595 3347 1686 3400; x_wconf 83' lang='grc' dir='ltr'>τὸν</span> <span class='ocrx_word' id='word_1_363' title='bbox 1725 3363 1968 3417; x_wconf 82' lang='grc' dir='ltr'>σωματι-</span> 
     </span>
    </p>
   </div>
   <div class='ocr_carea' id='block_1_59' title="bbox 386 3434 1967 3509">
    <p class='ocr_par' dir='ltr' id='par_1_59' title="bbox 386 3434 1967 3509">
     <span class='ocr_line' id='line_1_59' title="bbox 386 3434 1967 3509; baseline 0.001 -21"><span class='ocrx_word' id='word_1_364' title='bbox 386 3435 503 3497; x_wconf 66' lang='grc' dir='ltr'>κδιν,</span> <span class='ocrx_word' id='word_1_365' title='bbox 525 3434 584 3490; x_wconf 75' lang='grc' dir='ltr'>ὃν</span> <span class='ocrx_word' id='word_1_366' title='bbox 606 3435 872 3505; x_wconf 75' lang='grc' dir='ltr'>ὑφίστατο</span> <span class='ocrx_word' id='word_1_367' title='bbox 891 3436 919 3489; x_wconf 81' lang='grc' dir='ltr'><strong>ὁ</strong></span> <span class='ocrx_word' id='word_1_368' title='bbox 947 3435 1240 3492; x_wconf 80' lang='grc' dir='ltr'>ὑπακούων</span> <span class='ocrx_word' id='word_1_369' title='bbox 1263 3438 1326 3492; x_wconf 79' lang='grc' dir='ltr'>ὲκ</span> <span class='ocrx_word' id='word_1_370' title='bbox 1352 3454 1417 3490; x_wconf 90' lang='grc' dir='ltr'><strong>συ</strong></span> <span class='ocrx_word' id='word_1_371' title='bbox 1425 3437 1780 3509; x_wconf 76' lang='grc' dir='ltr'>μσεσηκότος,</span> <span class='ocrx_word' id='word_1_372' title='bbox 1805 3437 1838 3506; x_wconf 83' lang='grc' dir='ltr'>ἢ</span> <span class='ocrx_word' id='word_1_373' title='bbox 1872 3435 1967 3490; x_wconf 77' lang='grc' dir='ltr'><strong>θαο</strong></span> 
     </span>
    </p>
   </div>
   <div class='ocr_carea' id='block_1_60' title="bbox 388 3525 1966 3600">
    <p class='ocr_par' dir='ltr' id='par_1_60' title="bbox 388 3525 1966 3600">
     <span class='ocr_line' id='line_1_60' title="bbox 388 3525 1966 3600; baseline 0.004 -23"><span class='ocrx_word' id='word_1_374' title='bbox 388 3525 562 3597; x_wconf 80' lang='grc' dir='ltr'>λάσσῃ</span> <span class='ocrx_word' id='word_1_375' title='bbox 592 3525 796 3592; x_wconf 85' lang='grc' dir='ltr'>πλέων,</span> <span class='ocrx_word' id='word_1_376' title='bbox 821 3526 854 3599; x_wconf 80' lang='grc' dir='ltr'>ἢ</span> <span class='ocrx_word' id='word_1_377' title='bbox 882 3527 1109 3600; x_wconf 78' lang='grc' dir='ltr'>λῃσταῖς</span> <span class='ocrx_word' id='word_1_378' title='bbox 1133 3527 1468 3600; x_wconf 79' lang='grc' dir='ltr'>περιπεσὼν,</span> <span class='ocrx_word' id='word_1_379' title='bbox 1500 3529 1595 3583; x_wconf 66' lang='grc' dir='ltr'>καὶ</span> <span class='ocrx_word' id='word_1_380' title='bbox 1619 3528 1793 3592; x_wconf 79' lang='grc' dir='ltr'>οὕτως</span> <span class='ocrx_word' id='word_1_381' title='bbox 1827 3530 1966 3583; x_wconf 82' lang='grc' dir='ltr'>ἀπο-</span> 
     </span>
    </p>
   </div>
   <div class='ocr_carea' id='block_1_61' title="bbox 385 3614 1966 3692">
    <p class='ocr_par' dir='ltr' id='par_1_61' title="bbox 385 3614 1966 3692">
     <span class='ocr_line' id='line_1_61' title="bbox 385 3614 1966 3692; baseline 0.003 -25"><span class='ocrx_word' id='word_1_382' title='bbox 385 3614 652 3686; x_wconf 69' lang='grc' dir='ltr'>θνήσκων,</span> <span class='ocrx_word' id='word_1_383' title='bbox 679 3617 859 3671; x_wconf 78' lang='grc' dir='ltr'>ὅντινα</span> <span class='ocrx_word' id='word_1_384' title='bbox 893 3617 1124 3674; x_wconf 82' lang='grc' dir='ltr'>θάνατον</span> <span class='ocrx_word' id='word_1_385' title='bbox 1149 3620 1209 3673; x_wconf 84' lang='grc' dir='ltr'>οὐ</span> <span class='ocrx_word' id='word_1_386' title='bbox 1247 3620 1489 3692; x_wconf 81' lang='grc' dir='ltr'>μεριμνᾷ</span> <span class='ocrx_word' id='word_1_387' title='bbox 1519 3621 1548 3673; x_wconf 85' lang='grc' dir='ltr'>ὁ</span> <span class='ocrx_word' id='word_1_388' title='bbox 1577 3619 1828 3692; x_wconf 77' lang='grc' dir='ltr'>ἀληθινὸς</span> <span class='ocrx_word' id='word_1_389' title='bbox 1861 3622 1966 3672; x_wconf 85' lang='grc' dir='ltr'><strong>ὐπ-</strong></span> 
     </span>
    </p>
   </div>
   <div class='ocr_carea' id='block_1_62' title="bbox 381 3707 1967 3785">
    <p class='ocr_par' dir='ltr' id='par_1_62' title="bbox 381 3707 1967 3785">
     <span class='ocr_line' id='line_1_62' title="bbox 381 3707 1967 3785; baseline 0.004 -25"><span class='ocrx_word' id='word_1_390' title='bbox 381 3708 568 3776; x_wconf 77' lang='grc' dir='ltr'>ήκοος,</span> <span class='ocrx_word' id='word_1_391' title='bbox 596 3707 777 3774; x_wconf 80' lang='grc' dir='ltr'>καλῶς</span> <span class='ocrx_word' id='word_1_392' title='bbox 804 3709 962 3776; x_wconf 73' lang='grc' dir='ltr'>εἰδὼς</span> <span class='ocrx_word' id='word_1_393' title='bbox 993 3711 1076 3765; x_wconf 86' lang='grc' dir='ltr'>ὃτι</span> <span class='ocrx_word' id='word_1_394' title='bbox 1125 3712 1204 3777; x_wconf 75' lang='grc' dir='ltr'>εἰς</span> <span class='ocrx_word' id='word_1_395' title='bbox 1239 3712 1541 3785; x_wconf 88' lang='grc' dir='ltr'>μαρτύριον</span> <span class='ocrx_word' id='word_1_396' title='bbox 1580 3711 1731 3784; x_wconf 83' lang='grc' dir='ltr'>αὐτῷ</span> <span class='ocrx_word' id='word_1_397' title='bbox 1761 3713 1910 3766; x_wconf 71' lang='grc' dir='ltr'>ἔσται</span> <span class='ocrx_word' id='word_1_398' title='bbox 1938 3713 1967 3766; x_wconf 87' lang='grc' dir='ltr'><strong>ό</strong></span> 
     </span>
    </p>
   </div>
   <div class='ocr_carea' id='block_1_63' title="bbox 381 3795 1966 3874">
    <p class='ocr_par' dir='ltr' id='par_1_63' title="bbox 381 3795 1966 3874">
     <span class='ocr_line' id='line_1_63' title="bbox 381 3795 1966 3874; baseline 0.006 -26"><span class='ocrx_word' id='word_1_399' title='bbox 381 3795 749 3869; x_wconf 76' lang='grc' dir='ltr'>συμϐεϐηκὼς</span> <span class='ocrx_word' id='word_1_400' title='bbox 775 3798 1016 3866; x_wconf 85' lang='grc' dir='ltr'>κίνδυνος</span> <span class='ocrx_word' id='word_1_401' title='bbox 1041 3800 1139 3874; x_wconf 75' lang='grc' dir='ltr'>τὴν</span> <span class='ocrx_word' id='word_1_402' title='bbox 1169 3801 1412 3874; x_wconf 80' lang='grc' dir='ltr'>ὑπακοὴν</span> <span class='ocrx_word' id='word_1_403' title='bbox 1442 3801 1769 3873; x_wconf 82' lang='grc' dir='ltr'>ἀδιακρίτως</span> <span class='ocrx_word' id='word_1_404' title='bbox 1787 3804 1966 3857; x_wconf 77' lang='grc' dir='ltr'>ἐπιτε-</span> 
     </span>
    </p>
   </div>
   <div class='ocr_carea' id='block_1_64' title="bbox 380 3888 585 3946">
    <p class='ocr_par' dir='ltr' id='par_1_64' title="bbox 380 3888 585 3946">
     <span class='ocr_line' id='line_1_64' title="bbox 380 3888 585 3946; baseline 0.015 -4"><span class='ocrx_word' id='word_1_405' title='bbox 380 3888 585 3946; x_wconf 83' lang='grc' dir='ltr'>λοῦντι.</span> 
     </span>
    </p>
   </div>
   <div class='ocr_carea' id='block_1_65' title="bbox 1000 4068 1357 4121">
    <p class='ocr_par' dir='ltr' id='par_1_65' title="bbox 1000 4068 1357 4121">
     <span class='ocr_line' id='line_1_65' title="bbox 1000 4068 1357 4121; baseline 0.003 -1"><span class='ocrx_word' id='word_1_406' title='bbox 1000 4068 1262 4121; x_wconf 67' lang='grc' dir='ltr'>Σῖόλιον</span> <span class='ocrx_word' id='word_1_407' title='bbox 1293 4072 1357 4121; x_wconf 83' lang='grc' dir='ltr'><strong>ε’.</strong></span> 
     </span>
    </p>
   </div>
   <div class='ocr_carea' id='block_1_66' title="bbox 453 4066 1965 4226">
    <p class='ocr_par' dir='ltr' id='par_1_66' title="bbox 453 4066 1965 4226">
     <span class='ocr_line' id='line_1_66' title="bbox 1000 4068 1357 4121; baseline 0.003 -1"><span class='ocrx_word' id='word_1_408' title='bbox 1000 4068 1050 4120; x_wconf 81' lang='grc' dir='ltr'><strong><em>Σ</em></strong></span> <span class='ocrx_word' id='word_1_409' title='bbox 1343 4106 1357 4121; x_wconf 99' lang='grc'><strong>.</strong></span> 
     </span>
     <span class='ocr_line' id='line_1_67' title="bbox 453 4066 1965 4226; baseline 0.003 -20"><span class='ocrx_word' id='word_1_410' title='bbox 453 4151 561 4207; x_wconf 81' lang='grc' dir='ltr'><strong>Τὸν</strong></span> <span class='ocrx_word' id='word_1_411' title='bbox 587 4152 904 4226; x_wconf 81' lang='grc' dir='ltr'>προεστῶτα</span> <span class='ocrx_word' id='word_1_412' title='bbox 930 4066 1374 4226; x_wconf 43' lang='grc' dir='ltr'><strong>λέγεῖἆΐῗὲιζγῖρ</strong></span> <span class='ocrx_word' id='word_1_413' title='bbox 1403 4154 1645 4226; x_wconf 83' lang='grc' dir='ltr'>ὑπηκόου</span> <span class='ocrx_word' id='word_1_414' title='bbox 1671 4155 1730 4209; x_wconf 75' lang='grc' dir='ltr'>τὸ</span> <span class='ocrx_word' id='word_1_415' title='bbox 1752 4154 1965 4226; x_wconf 77' lang='grc' dir='ltr'>θέλημα</span> 
     </span>
    </p>
   </div>
   <div class='ocr_carea' id='block_1_67' title="bbox 2074 2983 3662 3061">
    <p class='ocr_par' dir='ltr' id='par_1_67' title="bbox 2074 2983 3662 3061">
     <span class='ocr_line' id='line_1_68' title="bbox 2074 2983 3662 3061; baseline -0.001 -17"><span class='ocrx_word' id='word_1_416' title='bbox 2074 2989 2209 3044; x_wconf 82' lang='lat' dir='ltr'><strong>nihil</strong></span> <span class='ocrx_word' id='word_1_417' title='bbox 2249 2983 2474 3045; x_wconf 72' lang='lat' dir='ltr'><strong>suorum</strong></span> <span class='ocrx_word' id='word_1_418' title='bbox 2508 2990 2730 3061; x_wconf 86' lang='lat' dir='ltr'><strong>reliquit</strong></span> <span class='ocrx_word' id='word_1_419' title='bbox 2777 2996 2998 3060; x_wconf 82' lang='lat' dir='ltr'><strong>propter</strong></span> <span class='ocrx_word' id='word_1_420' title='bbox 3033 2987 3242 3056; x_wconf 90' lang='lat' dir='ltr'><strong>Deum;</strong></span> <span class='ocrx_word' id='word_1_421' title='bbox 3278 3004 3458 3061; x_wconf 89' lang='lat' dir='ltr'><strong>neque</strong></span> <span class='ocrx_word' id='word_1_422' title='bbox 3510 2989 3662 3044; x_wconf 88' lang='lat' dir='ltr'><strong>enim</strong></span> 
     </span>
    </p>
   </div>
   <div class='ocr_carea' id='block_1_68' title="bbox 2074 3079 3662 3152">
    <p class='ocr_par' dir='ltr' id='par_1_68' title="bbox 2074 3079 3662 3152">
     <span class='ocr_line' id='line_1_69' title="bbox 2074 3079 3662 3152; baseline -0.001 -16"><span class='ocrx_word' id='word_1_423' title='bbox 2074 3081 2247 3152; x_wconf 87' lang='lat' dir='ltr'><strong>ipsius</strong></span> <span class='ocrx_word' id='word_1_424' title='bbox 2270 3089 2420 3138; x_wconf 85' lang='lat' dir='ltr'><strong>sunt.</strong></span> <span class='ocrx_word' id='word_1_425' title='bbox 2443 3079 2548 3148; x_wconf 81' lang='lat' dir='ltr'><strong>Qui</strong></span> <span class='ocrx_word' id='word_1_426' title='bbox 2583 3090 2767 3136; x_wconf 88' lang='lat' dir='ltr'><strong>autem</strong></span> <span class='ocrx_word' id='word_1_427' title='bbox 2799 3095 2914 3137; x_wconf 78' lang='lat' dir='ltr'><strong>sua:</strong></span> <span class='ocrx_word' id='word_1_428' title='bbox 2960 3087 3168 3136; x_wconf 76' lang='lat' dir='ltr'><strong>natura:</strong></span> <span class='ocrx_word' id='word_1_429' title='bbox 3193 3079 3334 3135; x_wconf 89' lang='lat' dir='ltr'><strong>bona</strong></span> <span class='ocrx_word' id='word_1_430' title='bbox 3383 3079 3500 3151; x_wconf 90' lang='lat' dir='ltr'><strong>(seu</strong></span> <span class='ocrx_word' id='word_1_431' title='bbox 3535 3095 3662 3150; x_wconf 82' lang='lat' dir='ltr'><strong>pro—</strong></span> 
     </span>
    </p>
   </div>
   <div class='ocr_carea' id='block_1_69' title="bbox 2072 3171 3659 3244">
    <p class='ocr_par' dir='ltr' id='par_1_69' title="bbox 2072 3171 3659 3244">
     <span class='ocr_line' id='line_1_70' title="bbox 2072 3171 3659 3244; baseline -0.001 -16"><span class='ocrx_word' id='word_1_432' title='bbox 2072 3173 2247 3244; x_wconf 88' lang='lat' dir='ltr'><strong>priam</strong></span> <span class='ocrx_word' id='word_1_433' title='bbox 2276 3172 2635 3244; x_wconf 85' lang='lat' dir='ltr'><strong>voluntatem)</strong></span> <span class='ocrx_word' id='word_1_434' title='bbox 2671 3171 2914 3242; x_wconf 89' lang='lat' dir='ltr'><strong>reliquit,</strong></span> <span class='ocrx_word' id='word_1_435' title='bbox 2937 3171 3027 3228; x_wconf 86' lang='lat' dir='ltr'><strong>hic</strong></span> <span class='ocrx_word' id='word_1_436' title='bbox 3069 3171 3361 3243; x_wconf 76' lang='lat' dir='ltr'><strong>abnegavit</strong></span> <span class='ocrx_word' id='word_1_437' title='bbox 3388 3171 3659 3243; x_wconf 89' lang='lat' dir='ltr'><strong>seipsum.</strong></span> 
     </span>
    </p>
   </div>
   <div class='ocr_carea' id='block_1_70' title="bbox 2702 3256 3035 3315">
    <p class='ocr_par' dir='ltr' id='par_1_70' title="bbox 2702 3256 3035 3315">
     <span class='ocr_line' id='line_1_71' title="bbox 2702 3256 3035 3315; baseline -0.003 0"><span class='ocrx_word' id='word_1_438' title='bbox 2702 3257 2953 3315; x_wconf 82' lang='lat' dir='ltr'><strong>Scholion</strong></span> <span class='ocrx_word' id='word_1_439' title='bbox 2978 3256 3035 3315; x_wconf 74' lang='grc'>4.</span> 
     </span>
    </p>
   </div>
   <div class='ocr_carea' id='block_1_71' title="bbox 2143 3345 3660 3420">
    <p class='ocr_par' dir='ltr' id='par_1_71' title="bbox 2143 3345 3660 3420">
     <span class='ocr_line' id='line_1_72' title="bbox 2143 3345 3660 3420; baseline -0.003 -17"><span class='ocrx_word' id='word_1_440' title='bbox 2143 3348 2262 3405; x_wconf 83' lang='grc' dir='ltr'><strong>Νοη</strong></span> <span class='ocrx_word' id='word_1_441' title='bbox 2289 3347 2529 3420; x_wconf 87' lang='lat' dir='ltr'><strong>loquitur</strong></span> <span class='ocrx_word' id='word_1_442' title='bbox 2570 3347 2661 3402; x_wconf 89' lang='lat' dir='ltr'><strong>hic</strong></span> <span class='ocrx_word' id='word_1_443' title='bbox 2687 3347 2757 3403; x_wconf 89' lang='lat' dir='ltr'><strong>de</strong></span> <span class='ocrx_word' id='word_1_444' title='bbox 2788 3345 3033 3418; x_wconf 88' lang='lat' dir='ltr'><strong>periculo</strong></span> <span class='ocrx_word' id='word_1_445' title='bbox 3055 3345 3275 3411; x_wconf 72' lang='lat' dir='ltr'><strong>animze,</strong></span> <span class='ocrx_word' id='word_1_446' title='bbox 3312 3345 3406 3402; x_wconf 86' lang='lat' dir='ltr'><strong>sed</strong></span> <span class='ocrx_word' id='word_1_447' title='bbox 3457 3360 3660 3415; x_wconf 87' lang='lat' dir='ltr'><strong>corpo-</strong></span> 
     </span>
    </p>
   </div>
   <div class='ocr_carea' id='block_1_72' title="bbox 2072 3434 3658 3512">
    <p class='ocr_par' dir='ltr' id='par_1_72' title="bbox 2072 3434 3658 3512">
     <span class='ocr_line' id='line_1_73' title="bbox 2072 3434 3658 3512; baseline -0.003 -14"><span class='ocrx_word' id='word_1_448' title='bbox 2072 3443 2173 3510; x_wconf 85' lang='lat' dir='ltr'><strong>ris,</strong></span> <span class='ocrx_word' id='word_1_449' title='bbox 2209 3439 2353 3512; x_wconf 88' lang='lat' dir='ltr'><strong>quod</strong></span> <span class='ocrx_word' id='word_1_450' title='bbox 2398 3438 2547 3495; x_wconf 85' lang='lat' dir='ltr'><strong>subit</strong></span> <span class='ocrx_word' id='word_1_451' title='bbox 2574 3436 2836 3493; x_wconf 88' lang='lat' dir='ltr'><strong>obediens</strong></span> <span class='ocrx_word' id='word_1_452' title='bbox 2885 3434 3027 3492; x_wconf 87' lang='lat' dir='ltr'><strong>forte</strong></span> <span class='ocrx_word' id='word_1_453' title='bbox 3080 3434 3325 3502; x_wconf 88' lang='lat' dir='ltr'><strong>fortuna,</strong></span> <span class='ocrx_word' id='word_1_454' title='bbox 3372 3443 3468 3490; x_wconf 83' lang='lat' dir='ltr'><strong>aut</strong></span> <span class='ocrx_word' id='word_1_455' title='bbox 3517 3440 3658 3493; x_wconf 78' lang='lat' dir='ltr'><strong>mari</strong></span> 
     </span>
    </p>
   </div>
   <div class='ocr_carea' id='block_1_73' title="bbox 2073 3524 3664 3603">
    <p class='ocr_par' dir='ltr' id='par_1_73' title="bbox 2073 3524 3664 3603">
     <span class='ocr_line' id='line_1_74' title="bbox 2073 3524 3664 3603; baseline -0.006 -14"><span class='ocrx_word' id='word_1_456' title='bbox 2073 3533 2360 3603; x_wconf 73' lang='lat' dir='ltr'><strong>navigans,</strong></span> <span class='ocrx_word' id='word_1_457' title='bbox 2389 3537 2484 3585; x_wconf 83' lang='lat' dir='ltr'><strong>aut</strong></span> <span class='ocrx_word' id='word_1_458' title='bbox 2511 3529 2566 3583; x_wconf 92' lang='lat' dir='ltr'><strong>in</strong></span> <span class='ocrx_word' id='word_1_459' title='bbox 2593 3528 2835 3583; x_wconf 87' lang='lat' dir='ltr'><strong>latrones</strong></span> <span class='ocrx_word' id='word_1_460' title='bbox 2856 3526 3130 3593; x_wconf 85' lang='lat' dir='ltr'><strong>incidens,</strong></span> <span class='ocrx_word' id='word_1_461' title='bbox 3153 3525 3402 3596; x_wconf 84' lang='lat' dir='ltr'><strong>adeoque</strong></span> <span class='ocrx_word' id='word_1_462' title='bbox 3436 3524 3545 3596; x_wconf 82' lang='lat'><strong>93</strong></span> <span class='ocrx_word' id='word_1_463' title='bbox 3575 3525 3664 3579; x_wconf 79' lang='lat' dir='ltr'><strong>sic</strong></span> 
     </span>
    </p>
   </div>
   <div class='ocr_carea' id='block_1_74' title="bbox 2074 3614 3658 3695">
    <p class='ocr_par' dir='ltr' id='par_1_74' title="bbox 2074 3614 3658 3695">
     <span class='ocr_line' id='line_1_75' title="bbox 2074 3614 3658 3695; baseline -0.007 -16"><span class='ocrx_word' id='word_1_464' title='bbox 2074 3624 2306 3680; x_wconf 90' lang='lat' dir='ltr'><strong>moritur</strong></span> <span class='ocrx_word' id='word_1_465' title='bbox 2339 3640 2352 3676; x_wconf 92' lang='lat'><strong>:</strong></span> <span class='ocrx_word' id='word_1_466' title='bbox 2385 3633 2549 3690; x_wconf 82' lang='lat' dir='ltr'><strong>quam</strong></span> <span class='ocrx_word' id='word_1_467' title='bbox 2581 3625 2814 3673; x_wconf 84' lang='lat' dir='ltr'><strong>mortem</strong></span> <span class='ocrx_word' id='word_1_468' title='bbox 2843 3617 2932 3672; x_wconf 82' lang='lat' dir='ltr'><strong>cui</strong></span> <span class='ocrx_word' id='word_1_469' title='bbox 2985 3631 3122 3672; x_wconf 83' lang='lat' dir='ltr'><strong>vera</strong></span> <span class='ocrx_word' id='word_1_470' title='bbox 3164 3615 3476 3671; x_wconf 87' lang='lat' dir='ltr'><strong>obedientia</strong></span> <span class='ocrx_word' id='word_1_471' title='bbox 3496 3614 3658 3695; x_wconf 63' lang='lat' dir='ltr'><strong>cordi</strong></span> 
     </span>
    </p>
   </div>
   <div class='ocr_carea' id='block_1_75' title="bbox 2071 3707 3669 3783">
    <p class='ocr_par' dir='ltr' id='par_1_75' title="bbox 2071 3707 3669 3783">
     <span class='ocr_line' id='line_1_76' title="bbox 2071 3707 3669 3783; baseline -0.006 -11"><span class='ocrx_word' id='word_1_472' title='bbox 2071 3724 2175 3783; x_wconf 89' lang='lat' dir='ltr'><strong>est,</strong></span> <span class='ocrx_word' id='word_1_473' title='bbox 2208 3727 2318 3769; x_wconf 88' lang='lat' dir='ltr'><strong>non</strong></span> <span class='ocrx_word' id='word_1_474' title='bbox 2349 3720 2532 3776; x_wconf 83' lang='lat' dir='ltr'><strong>curat,</strong></span> <span class='ocrx_word' id='word_1_475' title='bbox 2566 3711 2709 3782; x_wconf 86' lang='lat' dir='ltr'><strong>quod</strong></span> <span class='ocrx_word' id='word_1_476' title='bbox 2735 3710 2944 3782; x_wconf 89' lang='lat' dir='ltr'><strong>optime</strong></span> <span class='ocrx_word' id='word_1_477' title='bbox 2994 3709 3144 3766; x_wconf 90' lang='lat' dir='ltr'><strong>norit</strong></span> <span class='ocrx_word' id='word_1_478' title='bbox 3177 3707 3508 3778; x_wconf 89' lang='lat' dir='ltr'><strong>periculum,</strong></span> <span class='ocrx_word' id='word_1_479' title='bbox 3549 3721 3669 3777; x_wconf 90' lang='lat' dir='ltr'><strong>quo-</strong></span> 
     </span>
    </p>
   </div>
   <div class='ocr_carea' id='block_1_76' title="bbox 2072 3797 3658 3878">
    <p class='ocr_par' dir='ltr' id='par_1_76' title="bbox 2072 3797 3658 3878">
     <span class='ocr_line' id='line_1_77' title="bbox 2072 3797 3658 3878; baseline -0.008 -13"><span class='ocrx_word' id='word_1_480' title='bbox 2072 3823 2199 3865; x_wconf 73' lang='lat' dir='ltr'><strong>casu</strong></span> <span class='ocrx_word' id='word_1_481' title='bbox 2233 3806 2552 3878; x_wconf 89' lang='lat' dir='ltr'><strong>perfunctus</strong></span> <span class='ocrx_word' id='word_1_482' title='bbox 2581 3814 2686 3868; x_wconf 85' lang='lat' dir='ltr'><strong>est,</strong></span> <span class='ocrx_word' id='word_1_483' title='bbox 2717 3803 2820 3874; x_wconf 89' lang='lat' dir='ltr'><strong>ipsi</strong></span> <span class='ocrx_word' id='word_1_484' title='bbox 2859 3802 3231 3859; x_wconf 87' lang='lat' dir='ltr'><strong>obedientiam</strong></span> <span class='ocrx_word' id='word_1_485' title='bbox 3281 3801 3401 3856; x_wconf 85' lang='lat' dir='ltr'><strong>sine</strong></span> <span class='ocrx_word' id='word_1_486' title='bbox 3434 3797 3658 3871; x_wconf 84' lang='lat' dir='ltr'><strong>propria</strong></span> 
     </span>
    </p>
   </div>
   <div class='ocr_carea' id='block_1_77' title="bbox 2071 3890 3656 3970">
    <p class='ocr_par' dir='ltr' id='par_1_77' title="bbox 2071 3890 3656 3970">
     <span class='ocr_line' id='line_1_78' title="bbox 2071 3890 3656 3970; baseline -0.007 -14"><span class='ocrx_word' id='word_1_487' title='bbox 2071 3897 2465 3970; x_wconf 86' lang='lat' dir='ltr'><strong>dijudicatione</strong></span> <span class='ocrx_word' id='word_1_488' title='bbox 2485 3905 2540 3952; x_wconf 88' lang='lat' dir='ltr'><strong>et</strong></span> <span class='ocrx_word' id='word_1_489' title='bbox 2560 3894 2968 3950; x_wconf 83' lang='lat' dir='ltr'><strong>examinatione</strong></span> <span class='ocrx_word' id='word_1_490' title='bbox 3017 3892 3340 3963; x_wconf 83' lang='lat' dir='ltr'><strong>exsequenti</strong></span> <span class='ocrx_word' id='word_1_491' title='bbox 3393 3890 3448 3947; x_wconf 89' lang='lat' dir='ltr'><strong>in</strong></span> <span class='ocrx_word' id='word_1_492' title='bbox 3493 3905 3656 3946; x_wconf 84' lang='lat' dir='ltr'><strong>coro-</strong></span> 
     </span>
    </p>
   </div>
   <div class='ocr_carea' id='block_1_78' title="bbox 2073 3988 2804 4062">
    <p class='ocr_par' dir='ltr' id='par_1_78' title="bbox 2073 3988 2804 4062">
     <span class='ocr_line' id='line_1_79' title="bbox 2073 3988 2804 4062; baseline -0.01 -14"><span class='ocrx_word' id='word_1_493' title='bbox 2073 4006 2200 4050; x_wconf 88' lang='lat' dir='ltr'><strong>nam</strong></span> <span class='ocrx_word' id='word_1_494' title='bbox 2225 3988 2477 4062; x_wconf 83' lang='lat' dir='ltr'><strong>martyrii</strong></span> <span class='ocrx_word' id='word_1_495' title='bbox 2498 4000 2804 4045; x_wconf 85' lang='lat' dir='ltr'><strong>cessuram.</strong></span> 
     </span>
    </p>
   </div>
   <div class='ocr_carea' id='block_1_79' title="bbox 2698 4074 3040 4132">
    <p class='ocr_par' dir='ltr' id='par_1_79' title="bbox 2698 4074 3040 4132">
     <span class='ocr_line' id='line_1_80' title="bbox 2698 4074 3040 4132; baseline -0.012 0"><span class='ocrx_word' id='word_1_496' title='bbox 2698 4074 2950 4132; x_wconf 69' lang='lat' dir='ltr'><strong>Scholion</strong></span> <span class='ocrx_word' id='word_1_497' title='bbox 2984 4074 3040 4130; x_wconf 75' lang='grc'>5.</span> 
     </span>
    </p>
   </div>
   <div class='ocr_carea' id='block_1_80' title="bbox 2140 4157 3656 4241">
    <p class='ocr_par' dir='ltr' id='par_1_80' title="bbox 2140 4157 3656 4241">
     <span class='ocr_line' id='line_1_81' title="bbox 2140 4157 3656 4241; baseline -0.007 -18"><span class='ocrx_word' id='word_1_498' title='bbox 2140 4165 2594 4224; x_wconf 72' lang='lat' dir='ltr'><strong>Cmnobiareham</strong></span> <span class='ocrx_word' id='word_1_499' title='bbox 2651 4162 2940 4235; x_wconf 74' lang='lat' dir='ltr'><strong>intelligit,</strong></span> <span class='ocrx_word' id='word_1_500' title='bbox 2995 4159 3090 4232; x_wconf 83' lang='lat' dir='ltr'><strong>qui</strong></span> <span class='ocrx_word' id='word_1_501' title='bbox 3136 4159 3469 4241; x_wconf 78' lang='lat' dir='ltr'><strong>voluntatem</strong></span> <span class='ocrx_word' id='word_1_502' title='bbox 3521 4157 3656 4214; x_wconf 84' lang='lat' dir='ltr'><strong>obe-</strong></span> 
     </span>
    </p>
   </div>
   <div class='ocr_carea' id='block_1_81' title="bbox 375 4243 1966 4323">
    <p class='ocr_par' dir='ltr' id='par_1_81' title="bbox 375 4243 1960 4316">
     <span class='ocr_line' id='line_1_82' title="bbox 375 4243 1960 4316; baseline 0.001 -18"><span class='ocrx_word' id='word_1_503' title='bbox 375 4243 543 4308; x_wconf 75' lang='grc' dir='ltr'>αὐτὸς</span> <span class='ocrx_word' id='word_1_504' title='bbox 573 4245 887 4311; x_wconf 73' lang='grc' dir='ltr'>ἀνελάϐετο,</span> <span class='ocrx_word' id='word_1_505' title='bbox 935 4246 1031 4300; x_wconf 72' lang='grc' dir='ltr'>καὶ</span> <span class='ocrx_word' id='word_1_506' title='bbox 1060 4246 1344 4316; x_wconf 80' lang='grc' dir='ltr'>μονονουχὶ</span> <span class='ocrx_word' id='word_1_507' title='bbox 1377 4245 1719 4303; x_wconf 77' lang='grc' dir='ltr'>ἐθανάτωσεν</span> <span class='ocrx_word' id='word_1_508' title='bbox 1758 4247 1921 4302; x_wconf 82' lang='grc' dir='ltr'>αὐτόν</span> <span class='ocrx_word' id='word_1_509' title='bbox 1945 4262 1960 4277; x_wconf 77' lang='grc' dir='ltr'><strong>ο</strong></span> 
     </span>
    </p>
   </div>
   <div class='ocr_carea' id='block_1_82' title="bbox 2069 4243 3657 4323">
    <p class='ocr_par' dir='ltr' id='par_1_82' title="bbox 2069 4251 3657 4323">
     <span class='ocr_line' id='line_1_83' title="bbox 2069 4251 3657 4323; baseline -0.007 -7"><span class='ocrx_word' id='word_1_510' title='bbox 2069 4259 2265 4316; x_wconf 82' lang='lat' dir='ltr'><strong>dientis</strong></span> <span class='ocrx_word' id='word_1_511' title='bbox 2315 4259 2369 4313; x_wconf 91' lang='lat' dir='ltr'><strong>in</strong></span> <span class='ocrx_word' id='word_1_512' title='bbox 2423 4271 2482 4313; x_wconf 90' lang='lat' dir='ltr'><strong>se</strong></span> <span class='ocrx_word' id='word_1_513' title='bbox 2525 4254 2787 4323; x_wconf 86' lang='lat' dir='ltr'><strong>suscepit,</strong></span> <span class='ocrx_word' id='word_1_514' title='bbox 2839 4261 2896 4309; x_wconf 89' lang='lat' dir='ltr'><strong>et</strong></span> <span class='ocrx_word' id='word_1_515' title='bbox 2937 4251 3239 4322; x_wconf 78' lang='lat' dir='ltr'><strong>subjectum</strong></span> <span class='ocrx_word' id='word_1_516' title='bbox 3283 4259 3493 4306; x_wconf 86' lang='lat' dir='ltr'><strong>tantum</strong></span> <span class='ocrx_word' id='word_1_517' title='bbox 3544 4265 3657 4305; x_wconf 87' lang='lat' dir='ltr'><strong>non</strong></span> 
     </span>
    </p>
   </div>
   <div class='ocr_carea' id='block_1_83' title="bbox 375 4331 1681 4411">
    <p class='ocr_par' dir='ltr' id='par_1_83' title="bbox 375 4331 1681 4411">
     <span class='ocr_line' id='line_1_84' title="bbox 375 4331 1681 4411; baseline 0.002 -21"><span class='ocrx_word' id='word_1_518' title='bbox 375 4331 531 4402; x_wconf 75' lang='grc' dir='ltr'>οὗτος</span> <span class='ocrx_word' id='word_1_519' title='bbox 556 4332 652 4393; x_wconf 78' lang='grc' dir='ltr'>οὖν</span> <span class='ocrx_word' id='word_1_520' title='bbox 684 4338 829 4411; x_wconf 80' lang='grc' dir='ltr'>ὑπὲρ</span> <span class='ocrx_word' id='word_1_521' title='bbox 862 4337 957 4392; x_wconf 83' lang='grc' dir='ltr'><strong>τοῦ</strong></span> <span class='ocrx_word' id='word_1_522' title='bbox 987 4338 1230 4408; x_wconf 80' lang='grc' dir='ltr'>ὑπηκόου</span> <span class='ocrx_word' id='word_1_523' title='bbox 1261 4339 1681 4411; x_wconf 80' lang='grc' dir='ltr'>ἀπολογήσεται.</span> 
     </span>
    </p>
   </div>
   <div class='ocr_carea' id='block_1_84' title="bbox 999 4516 1361 4585">
    <p class='ocr_par' dir='ltr' id='par_1_84' title="bbox 999 4516 1361 4585">
     <span class='ocr_line' id='line_1_85' title="bbox 999 4516 1361 4585; baseline -0.003 -15"><span class='ocrx_word' id='word_1_524' title='bbox 999 4516 1256 4585; x_wconf 75' lang='grc' dir='ltr'>Σχόλισν</span> <span class='ocrx_word' id='word_1_525' title='bbox 1285 4521 1361 4581; x_wconf 85' lang='grc' dir='ltr'>ς’.</span> 
     </span>
    </p>
   </div>
   <div class='ocr_carea' id='block_1_85' title="bbox 460 4600 1961 4673">
    <p class='ocr_par' dir='ltr' id='par_1_85' title="bbox 460 4600 1961 4673">
     <span class='ocr_line' id='line_1_86' title="bbox 460 4600 1961 4673; baseline 0.001 -17"><span class='ocrx_word' id='word_1_526' title='bbox 460 4600 746 4666; x_wconf 83' lang='grc' dir='ltr'>Ἀπόθοσις</span> <span class='ocrx_word' id='word_1_527' title='bbox 764 4600 1086 4673; x_wconf 81' lang='grc' dir='ltr'>διακρίσεώς</span> <span class='ocrx_word' id='word_1_528' title='bbox 1108 4605 1224 4657; x_wconf 76' lang='grc' dir='ltr'>ἐστι</span> <span class='ocrx_word' id='word_1_529' title='bbox 1242 4603 1304 4657; x_wconf 76' lang='grc' dir='ltr'>τὸ</span> <span class='ocrx_word' id='word_1_530' title='bbox 1321 4602 1637 4669; x_wconf 74' lang='grc' dir='ltr'>ὑπακούειν,</span> <span class='ocrx_word' id='word_1_531' title='bbox 1658 4603 1733 4668; x_wconf 84' lang='grc' dir='ltr'><strong>ὡς</strong></span> <span class='ocrx_word' id='word_1_532' title='bbox 1756 4605 1961 4670; x_wconf 87' lang='grc' dir='ltr'>καλοῖς,</span> 
     </span>
    </p>
   </div>
   <div class='ocr_carea' id='block_1_86' title="bbox 375 4694 1963 4768">
    <p class='ocr_par' dir='ltr' id='par_1_86' title="bbox 375 4694 1963 4768">
     <span class='ocr_line' id='line_1_87' title="bbox 375 4694 1963 4768; baseline 0.001 -20"><span class='ocrx_word' id='word_1_533' title='bbox 375 4698 490 4758; x_wconf 79' lang='grc' dir='ltr'>τοῖς</span> <span class='ocrx_word' id='word_1_534' title='bbox 514 4695 862 4766; x_wconf 77' lang='grc' dir='ltr'>φαινομένοις</span> <span class='ocrx_word' id='word_1_535' title='bbox 895 4694 970 4759; x_wconf 84' lang='grc' dir='ltr'><strong>ὡς</strong></span> <span class='ocrx_word' id='word_1_536' title='bbox 1021 4698 1232 4759; x_wconf 84' lang='grc' dir='ltr'>κακοῖς.</span> <span class='ocrx_word' id='word_1_537' title='bbox 1260 4695 1336 4759; x_wconf 83' lang='grc' dir='ltr'><strong>ὡς</strong></span> <span class='ocrx_word' id='word_1_538' title='bbox 1370 4695 1620 4768; x_wconf 76' lang='grc' dir='ltr'>Ἀϐραὰμ</span> <span class='ocrx_word' id='word_1_539' title='bbox 1651 4695 1963 4760; x_wconf 75' lang='grc' dir='ltr'>κελευσθεὶς</span> 
     </span>
    </p>
   </div>
   <div class='ocr_carea' id='block_1_87' title="bbox 377 4787 1962 4863">
    <p class='ocr_par' dir='ltr' id='par_1_87' title="bbox 377 4787 1962 4863">
     <span class='ocr_line' id='line_1_88' title="bbox 377 4787 1962 4863; baseline 0.013 -27"><span class='ocrx_word' id='word_1_540' title='bbox 377 4787 583 4857; x_wconf 75' lang='grc' dir='ltr'>σφάξαι</span> <span class='ocrx_word' id='word_1_541' title='bbox 612 4788 704 4842; x_wconf 80' lang='grc' dir='ltr'>τὸν</span> <span class='ocrx_word' id='word_1_542' title='bbox 733 4789 869 4852; x_wconf 74' lang='grc' dir='ltr'>υἱὸν,</span> <span class='ocrx_word' id='word_1_543' title='bbox 899 4787 1148 4843; x_wconf 71' lang='grc' dir='ltr'>ἐπλούτει</span> <span class='ocrx_word' id='word_1_544' title='bbox 1177 4789 1507 4861; x_wconf 73' lang='grc' dir='ltr'>ἁδιακρίτως</span> <span class='ocrx_word' id='word_1_545' title='bbox 1552 4791 1652 4863; x_wconf 81' lang='grc' dir='ltr'>τὴν</span> <span class='ocrx_word' id='word_1_546' title='bbox 1696 4791 1756 4860; x_wconf 76' lang='grc' dir='ltr'>ἐξ</span> <span class='ocrx_word' id='word_1_547' title='bbox 1785 4791 1962 4863; x_wconf 80' lang='grc' dir='ltr'>ἀρχῆς</span> 
     </span>
    </p>
   </div>
   <div class='ocr_carea' id='block_1_88' title="bbox 375 4878 1108 4951">
    <p class='ocr_par' dir='ltr' id='par_1_88' title="bbox 375 4878 1108 4951">
     <span class='ocr_line' id='line_1_89' title="bbox 375 4878 1108 4951; baseline 0.007 -20"><span class='ocrx_word' id='word_1_548' title='bbox 375 4878 816 4949; x_wconf 79' lang='grc' dir='ltr'>στοιχειωθεῐσαν</span> <span class='ocrx_word' id='word_1_549' title='bbox 840 4879 1108 4951; x_wconf 82' lang='grc' dir='ltr'>ὑπακοήν.</span> 
     </span>
    </p>
   </div>
   <div class='ocr_carea' id='block_1_89' title="bbox 967 4963 1355 5036">
    <p class='ocr_par' dir='ltr' id='par_1_89' title="bbox 967 4963 1355 5036">
     <span class='ocr_line' id='line_1_90' title="bbox 967 4963 1355 5036; baseline 0.003 -15"><span class='ocrx_word' id='word_1_550' title='bbox 967 4967 1264 5036; x_wconf 77' lang='grc' dir='ltr'>Εὐαγρίου</span> <span class='ocrx_word' id='word_1_551' title='bbox 1293 4963 1355 5028; x_wconf 70' lang='grc' dir='ltr'><strong>ζ’.</strong></span> 
     </span>
    </p>
   </div>
   <div class='ocr_carea' id='block_1_90' title="bbox 444 5051 1957 5126">
    <p class='ocr_par' dir='ltr' id='par_1_90' title="bbox 444 5051 1957 5126">
     <span class='ocr_line' id='line_1_91' title="bbox 444 5051 1957 5126; baseline 0.004 -22"><span class='ocrx_word' id='word_1_552' title='bbox 444 5051 550 5106; x_wconf 80' lang='grc' dir='ltr'>Τὸν</span> <span class='ocrx_word' id='word_1_553' title='bbox 581 5051 708 5106; x_wconf 79' lang='grc' dir='ltr'>νοῦν</span> <span class='ocrx_word' id='word_1_554' title='bbox 735 5053 796 5108; x_wconf 74' lang='grc' dir='ltr'>αἱ</span> <span class='ocrx_word' id='word_1_555' title='bbox 819 5053 1031 5125; x_wconf 72' lang='grc' dir='ltr'>ἀρεταὶ,</span> <span class='ocrx_word' id='word_1_556' title='bbox 1065 5053 1162 5109; x_wconf 75' lang='grc' dir='ltr'>καὶ</span> <span class='ocrx_word' id='word_1_557' title='bbox 1191 5056 1246 5108; x_wconf 78' lang='grc' dir='ltr'>αἱ</span> <span class='ocrx_word' id='word_1_558' title='bbox 1275 5054 1462 5109; x_wconf 75' lang='grc' dir='ltr'>κακίαι</span> <span class='ocrx_word' id='word_1_559' title='bbox 1485 5055 1683 5125; x_wconf 79' lang='grc' dir='ltr'>τυφλὸν</span> <span class='ocrx_word' id='word_1_560' title='bbox 1710 5057 1957 5126; x_wconf 80' lang='grc' dir='ltr'>ἀπεργά-</span> 
     </span>
    </p>
   </div>
   <div class='ocr_carea' id='block_1_91' title="bbox 371 5143 1960 5219">
    <p class='ocr_par' dir='ltr' id='par_1_91' title="bbox 371 5143 1960 5219">
     <span class='ocr_line' id='line_1_92' title="bbox 371 5143 1960 5219; baseline 0.004 -22"><span class='ocrx_word' id='word_1_561' title='bbox 371 5143 561 5208; x_wconf 76' lang='grc' dir='ltr'>ζονται</span> <span class='ocrx_word' id='word_1_562' title='bbox 586 5160 600 5174; x_wconf 89' lang='grc'><strong>·</strong></span> <span class='ocrx_word' id='word_1_563' title='bbox 632 5145 691 5198; x_wconf 78' lang='grc' dir='ltr'><strong>αι</strong></span> <span class='ocrx_word' id='word_1_564' title='bbox 723 5144 845 5214; x_wconf 78' lang='grc' dir='ltr'>μὲν,</span> <span class='ocrx_word' id='word_1_565' title='bbox 874 5145 960 5200; x_wconf 85' lang='grc' dir='ltr'><strong>ῖνα</strong></span> <span class='ocrx_word' id='word_1_566' title='bbox 994 5145 1068 5216; x_wconf 79' lang='grc' dir='ltr'>μὴ</span> <span class='ocrx_word' id='word_1_567' title='bbox 1103 5144 1274 5219; x_wconf 80' lang='grc' dir='ltr'>βλέπῃ</span> <span class='ocrx_word' id='word_1_568' title='bbox 1299 5147 1398 5212; x_wconf 84' lang='grc' dir='ltr'><strong>τάς</strong></span> <span class='ocrx_word' id='word_1_569' title='bbox 1420 5149 1618 5211; x_wconf 79' lang='grc' dir='ltr'>κακίας</span> <span class='ocrx_word' id='word_1_570' title='bbox 1646 5164 1661 5179; x_wconf 90' lang='grc'><strong>·</strong></span> <span class='ocrx_word' id='word_1_571' title='bbox 1685 5149 1742 5202; x_wconf 79' lang='grc' dir='ltr'>αἱ</span> <span class='ocrx_word' id='word_1_572' title='bbox 1767 5149 1848 5216; x_wconf 78' lang='grc' dir='ltr'>δὲ,</span> <span class='ocrx_word' id='word_1_573' title='bbox 1873 5149 1960 5204; x_wconf 82' lang='grc' dir='ltr'>ἵνα</span> 
     </span>
    </p>
   </div>
   <div class='ocr_carea' id='block_1_92' title="bbox 375 5237 1140 5312">
    <p class='ocr_par' dir='ltr' id='par_1_92' title="bbox 375 5237 1140 5312">
     <span class='ocr_line' id='line_1_93' title="bbox 375 5237 1140 5312; baseline 0 -18"><span class='ocrx_word' id='word_1_574' title='bbox 375 5238 452 5309; x_wconf 85' lang='grc' dir='ltr'>μὴ</span> <span class='ocrx_word' id='word_1_575' title='bbox 483 5237 646 5293; x_wconf 80' lang='grc' dir='ltr'>πάλιν</span> <span class='ocrx_word' id='word_1_576' title='bbox 675 5237 761 5312; x_wconf 71' lang='grc' dir='ltr'><strong>ἴδῃ</strong></span> <span class='ocrx_word' id='word_1_577' title='bbox 788 5239 888 5305; x_wconf 81' lang='grc' dir='ltr'>τὰς</span> <span class='ocrx_word' id='word_1_578' title='bbox 915 5239 1140 5312; x_wconf 83' lang='grc' dir='ltr'>ἀρετάς.</span> 
     </span>
    </p>
   </div>
   <div class='ocr_carea' id='block_1_93' title="bbox 975 5332 1338 5398">
    <p class='ocr_par' dir='ltr' id='par_1_93' title="bbox 975 5332 1338 5398">
     <span class='ocr_line' id='line_1_94' title="bbox 975 5332 1338 5398; baseline 0.003 -14"><span class='ocrx_word' id='word_1_579' title='bbox 975 5332 1235 5398; x_wconf 75' lang='grc' dir='ltr'><strong>Σχόλιον</strong></span> <span class='ocrx_word' id='word_1_580' title='bbox 1262 5332 1338 5398; x_wconf 82' lang='grc' dir='ltr'>η’.</span> 
     </span>
    </p>
   </div>
   <div class='ocr_carea' id='block_1_94' title="bbox 443 5415 1956 5493">
    <p class='ocr_par' dir='ltr' id='par_1_94' title="bbox 443 5415 1956 5493">
     <span class='ocr_line' id='line_1_95' title="bbox 443 5415 1956 5493; baseline 0.007 -27"><span class='ocrx_word' id='word_1_581' title='bbox 443 5415 665 5468; x_wconf 80' lang='grc' dir='ltr'>Στάδιον</span> <span class='ocrx_word' id='word_1_582' title='bbox 687 5416 968 5493; x_wconf 73' lang='grc' dir='ltr'>ἀθλήσεως</span> <span class='ocrx_word' id='word_1_583' title='bbox 1002 5417 1097 5470; x_wconf 62' lang='grc' dir='ltr'><strong>καὶ¹</strong></span> <span class='ocrx_word' id='word_1_584' title='bbox 1127 5419 1407 5488; x_wconf 84' lang='grc' dir='ltr'>προκοπῆς</span> <span class='ocrx_word' id='word_1_585' title='bbox 1434 5419 1633 5488; x_wconf 81' lang='grc' dir='ltr'>εύοδία,</span> <span class='ocrx_word' id='word_1_586' title='bbox 1663 5422 1757 5475; x_wconf 77' lang='grc' dir='ltr'>καὶ</span> <span class='ocrx_word' id='word_1_587' title='bbox 1784 5421 1956 5493; x_wconf 84' lang='grc' dir='ltr'>διηνε-</span> 
     </span>
    </p>
   </div>
   <div class='ocr_carea' id='block_1_95' title="bbox 367 5506 1954 5586">
    <p class='ocr_par' dir='ltr' id='par_1_95' title="bbox 367 5506 1954 5586">
     <span class='ocr_line' id='line_1_96' title="bbox 367 5506 1954 5586; baseline 0.005 -26"><span class='ocrx_word' id='word_1_588' title='bbox 367 5506 475 5577; x_wconf 81' lang='grc' dir='ltr'>κὴς</span> <span class='ocrx_word' id='word_1_589' title='bbox 499 5507 792 5577; x_wconf 79' lang='grc' dir='ltr'>γυμνασία.</span> <span class='ocrx_word' id='word_1_590' title='bbox 821 5508 914 5562; x_wconf 77' lang='grc' dir='ltr'>καὶ</span> <span class='ocrx_word' id='word_1_591' title='bbox 941 5507 1141 5578; x_wconf 78' lang='grc' dir='ltr'>μελέτη</span> <span class='ocrx_word' id='word_1_592' title='bbox 1160 5508 1266 5562; x_wconf 88' lang='grc' dir='ltr'><strong>τῶν</strong></span> <span class='ocrx_word' id='word_1_593' title='bbox 1288 5508 1384 5562; x_wconf 82' lang='grc' dir='ltr'><strong>τοῦ</strong></span> <span class='ocrx_word' id='word_1_594' title='bbox 1415 5510 1621 5581; x_wconf 75' lang='grc' dir='ltr'>Κυρίου</span> <span class='ocrx_word' id='word_1_595' title='bbox 1646 5513 1895 5585; x_wconf 75' lang='grc' dir='ltr'>ἐντολῶν,</span> <span class='ocrx_word' id='word_1_596' title='bbox 1920 5516 1954 5586; x_wconf 82' lang='grc' dir='ltr'>ὴ</span> 
     </span>
    </p>
   </div>
   <div class='ocr_carea' id='block_1_96' title="bbox 366 5597 1631 5672">
    <p class='ocr_par' dir='ltr' id='par_1_96' title="bbox 366 5597 1631 5672">
     <span class='ocr_line' id='line_1_97' title="bbox 366 5597 1631 5672; baseline 0.005 -21"><span class='ocrx_word' id='word_1_597' title='bbox 366 5597 466 5651; x_wconf 68' lang='grc' dir='ltr'><strong>ἐπὶ</strong></span> <span class='ocrx_word' id='word_1_598' title='bbox 492 5597 555 5650; x_wconf 83' lang='grc' dir='ltr'>τὸ</span> <span class='ocrx_word' id='word_1_599' title='bbox 584 5597 714 5651; x_wconf 78' lang='grc' dir='ltr'>αὐτὸ</span> <span class='ocrx_word' id='word_1_600' title='bbox 749 5598 1065 5670; x_wconf 76' lang='grc' dir='ltr'>κατοίκησις</span> <span class='ocrx_word' id='word_1_601' title='bbox 1094 5600 1210 5653; x_wconf 76' lang='grc' dir='ltr'>ἐστι</span> <span class='ocrx_word' id='word_1_602' title='bbox 1238 5599 1346 5654; x_wconf 84' lang='grc' dir='ltr'><strong>τῶν</strong></span> <span class='ocrx_word' id='word_1_603' title='bbox 1368 5601 1631 5672; x_wconf 75' lang='grc' dir='ltr'>ἀδελφῶν.</span> 
     </span>
    </p>
   </div>
   <div class='ocr_carea' id='block_1_97' title="bbox 989 5687 1342 5756">
    <p class='ocr_par' dir='ltr' id='par_1_97' title="bbox 989 5687 1342 5756">
     <span class='ocr_line' id='line_1_98' title="bbox 989 5687 1342 5756; baseline 0.011 -15"><span class='ocrx_word' id='word_1_604' title='bbox 989 5687 1248 5756; x_wconf 63' lang='grc' dir='ltr'><strong>Σχόνῑιον</strong></span> <span class='ocrx_word' id='word_1_605' title='bbox 1274 5693 1342 5744; x_wconf 83' lang='grc' dir='ltr'>θ’.</span> 
     </span>
    </p>
   </div>
   <div class='ocr_carea' id='block_1_98' title="bbox 453 5769 2012 5858">
    <p class='ocr_par' dir='ltr' id='par_1_98' title="bbox 453 5769 2012 5858">
     <span class='ocr_line' id='line_1_99' title="bbox 453 5769 2012 5858; baseline 0.01 -35"><span class='ocrx_word' id='word_1_606' title='bbox 453 5769 512 5823; x_wconf 87' lang='grc'><strong>’0</strong></span> <span class='ocrx_word' id='word_1_607' title='bbox 543 5771 640 5841; x_wconf 74' lang='grc' dir='ltr'>τὴν</span> <span class='ocrx_word' id='word_1_608' title='bbox 671 5772 1006 5845; x_wconf 80' lang='grc' dir='ltr'>ἱδιορυθμίαν</span> <span class='ocrx_word' id='word_1_609' title='bbox 1037 5775 1540 5850; x_wconf 74' lang='grc' dir='ltr'>ἁποκρουσάμενος,</span> <span class='ocrx_word' id='word_1_610' title='bbox 1582 5778 1817 5852; x_wconf 70' lang='grc' dir='ltr'>ὑπήκοος</span> <span class='ocrx_word' id='word_1_611' title='bbox 1857 5785 1947 5837; x_wconf 67' lang='grc' dir='ltr'>καὶ</span> <span class='ocrx_word' id='word_1_612' title='bbox 2007 5843 2012 5858; x_wconf 34' lang='grc'><strong>1</strong></span> 
     </span>
    </p>
   </div>
   <div class='ocr_carea' id='block_1_99' title="bbox 479 5861 1012 5934">
    <p class='ocr_par' dir='ltr' id='par_1_99' title="bbox 479 5861 1012 5934">
     <span class='ocr_line' id='line_1_100' title="bbox 479 5861 1012 5934; baseline 0.008 -18"><span class='ocrx_word' id='word_1_613' title='bbox 479 5861 522 5894; x_wconf 86' lang='grc'><strong>⁶¹</strong></span> <span class='ocrx_word' id='word_1_614' title='bbox 557 5861 750 5920; x_wconf 76' lang='lat' dir='ltr'><strong>Matth.</strong></span> <span class='ocrx_word' id='word_1_615' title='bbox 779 5879 897 5934; x_wconf 68' lang='lat' dir='ltr'><strong>nt,</strong></span> <span class='ocrx_word' id='word_1_616' title='bbox 923 5865 1012 5920; x_wconf 64' lang='grc' dir='ltr'>Ἡ.</span> 
     </span>
    </p>
   </div>
   <div class='ocr_carea' id='block_1_100' title="bbox 2068 4340 3651 4420">
    <p class='ocr_par' dir='ltr' id='par_1_100' title="bbox 2068 4340 3651 4420">
     <span class='ocr_line' id='line_1_101' title="bbox 2068 4340 3651 4420; baseline -0.006 -16"><span class='ocrx_word' id='word_1_617' title='bbox 2068 4347 2392 4420; x_wconf 90' lang='lat' dir='ltr'><strong>(secundum</strong></span> <span class='ocrx_word' id='word_1_618' title='bbox 2445 4345 2724 4418; x_wconf 86' lang='lat' dir='ltr'><strong>propriam</strong></span> <span class='ocrx_word' id='word_1_619' title='bbox 2775 4342 2897 4414; x_wconf 82' lang='lat' dir='ltr'><strong>ejus</strong></span> <span class='ocrx_word' id='word_1_620' title='bbox 2944 4341 3320 4412; x_wconf 72' lang='lat' dir='ltr'><strong>voluntatem)</strong></span> <span class='ocrx_word' id='word_1_621' title='bbox 3376 4340 3651 4395; x_wconf 81' lang='lat' dir='ltr'><strong>mactavit.</strong></span> 
     </span>
    </p>
   </div>
   <div class='ocr_carea' id='block_1_101' title="bbox 2067 4433 3597 4512">
    <p class='ocr_par' dir='ltr' id='par_1_101' title="bbox 2067 4433 3597 4512">
     <span class='ocr_line' id='line_1_102' title="bbox 2067 4433 3597 4512; baseline -0.007 -18"><span class='ocrx_word' id='word_1_622' title='bbox 2067 4437 2168 4495; x_wconf 79' lang='lat' dir='ltr'><strong>llic</strong></span> <span class='ocrx_word' id='word_1_623' title='bbox 2197 4453 2329 4512; x_wconf 86' lang='lat' dir='ltr'><strong>ergo</strong></span> <span class='ocrx_word' id='word_1_624' title='bbox 2365 4453 2465 4511; x_wconf 91' lang='lat' dir='ltr'><strong>pro</strong></span> <span class='ocrx_word' id='word_1_625' title='bbox 2497 4435 2748 4508; x_wconf 83' lang='lat' dir='ltr'><strong>subjecto</strong></span> <span class='ocrx_word' id='word_1_626' title='bbox 2787 4450 2912 4502; x_wconf 92' lang='lat' dir='ltr'><strong>suo,</strong></span> <span class='ocrx_word' id='word_1_627' title='bbox 2947 4434 3061 4490; x_wconf 88' lang='lat' dir='ltr'><strong>Deo</strong></span> <span class='ocrx_word' id='word_1_628' title='bbox 3093 4433 3359 4489; x_wconf 81' lang='lat' dir='ltr'><strong>rationem</strong></span> <span class='ocrx_word' id='word_1_629' title='bbox 3391 4433 3597 4488; x_wconf 82' lang='lat' dir='ltr'><strong>reddet.</strong></span> 
     </span>
    </p>
   </div>
   <div class='ocr_carea' id='block_1_102' title="bbox 2680 4521 3022 4579">
    <p class='ocr_par' dir='ltr' id='par_1_102' title="bbox 2680 4521 3022 4579">
     <span class='ocr_line' id='line_1_103' title="bbox 2680 4521 3022 4579; baseline -0.003 0"><span class='ocrx_word' id='word_1_630' title='bbox 2680 4521 2929 4579; x_wconf 79' lang='lat' dir='ltr'><strong>Scholion</strong></span> <span class='ocrx_word' id='word_1_631' title='bbox 2966 4524 3022 4578; x_wconf 82' lang='grc'>6.</span> 
     </span>
    </p>
   </div>
   <div class='ocr_carea' id='block_1_103' title="bbox 2136 4607 3651 4684">
    <p class='ocr_par' dir='ltr' id='par_1_103' title="bbox 2136 4607 3651 4684">
     <span class='ocr_line' id='line_1_104' title="bbox 2136 4607 3651 4684; baseline -0.005 -15"><span class='ocrx_word' id='word_1_632' title='bbox 2136 4613 2425 4671; x_wconf 83' lang='lat' dir='ltr'><strong>Abdicatio</strong></span> <span class='ocrx_word' id='word_1_633' title='bbox 2477 4611 2685 4684; x_wconf 89' lang='lat' dir='ltr'><strong>proprii</strong></span> <span class='ocrx_word' id='word_1_634' title='bbox 2721 4609 2912 4680; x_wconf 80' lang='lat' dir='ltr'><strong>iudicii</strong></span> <span class='ocrx_word' id='word_1_635' title='bbox 2964 4619 3051 4666; x_wconf 88' lang='lat' dir='ltr'><strong>est</strong></span> <span class='ocrx_word' id='word_1_636' title='bbox 3111 4607 3334 4666; x_wconf 88' lang='lat' dir='ltr'><strong>obedire</strong></span> <span class='ocrx_word' id='word_1_637' title='bbox 3392 4617 3651 4678; x_wconf 87' lang='lat' dir='ltr'><strong>tanquam</strong></span> 
     </span>
    </p>
   </div>
   <div class='ocr_carea' id='block_1_104' title="bbox 2062 4701 3652 4780">
    <p class='ocr_par' dir='ltr' id='par_1_104' title="bbox 2062 4701 3652 4780">
     <span class='ocr_line' id='line_1_105' title="bbox 2062 4701 3652 4780; baseline -0.006 -15"><span class='ocrx_word' id='word_1_638' title='bbox 2062 4709 2242 4774; x_wconf 85' lang='lat' dir='ltr'><strong>bonis,</strong></span> <span class='ocrx_word' id='word_1_639' title='bbox 2265 4707 2516 4780; x_wconf 83' lang='lat' dir='ltr'><strong>quamvis</strong></span> <span class='ocrx_word' id='word_1_640' title='bbox 2547 4703 3030 4772; x_wconf 78' lang='lat' dir='ltr'><strong>videanturmala,</strong></span> <span class='ocrx_word' id='word_1_641' title='bbox 3057 4710 3120 4759; x_wconf 90' lang='lat' dir='ltr'><strong>ut</strong></span> <span class='ocrx_word' id='word_1_642' title='bbox 3150 4702 3425 4758; x_wconf 81' lang='lat' dir='ltr'><strong>Abraham</strong></span> <span class='ocrx_word' id='word_1_643' title='bbox 3457 4701 3652 4772; x_wconf 84' lang='lat' dir='ltr'><strong>jussus</strong></span> 
     </span>
    </p>
   </div>
   <div class='ocr_carea' id='block_1_105' title="bbox 2063 4791 3654 4866">
    <p class='ocr_par' dir='ltr' id='par_1_105' title="bbox 2063 4791 3654 4866">
     <span class='ocr_line' id='line_1_106' title="bbox 2063 4791 3654 4866; baseline -0.006 -10"><span class='ocrx_word' id='word_1_644' title='bbox 2063 4809 2305 4856; x_wconf 85' lang='lat' dir='ltr'><strong>mactare</strong></span> <span class='ocrx_word' id='word_1_645' title='bbox 2339 4798 2510 4854; x_wconf 82' lang='lat' dir='ltr'><strong>lilium</strong></span> <span class='ocrx_word' id='word_1_646' title='bbox 2543 4797 2771 4866; x_wconf 86' lang='lat' dir='ltr'><strong>adeptus</strong></span> <span class='ocrx_word' id='word_1_647' title='bbox 2798 4803 2882 4851; x_wconf 88' lang='lat' dir='ltr'><strong>est</strong></span> <span class='ocrx_word' id='word_1_648' title='bbox 2911 4809 2941 4848; x_wconf 92' lang='lat' dir='ltr'><strong>a</strong></span> <span class='ocrx_word' id='word_1_649' title='bbox 2976 4793 3249 4865; x_wconf 90' lang='lat' dir='ltr'><strong>principio</strong></span> <span class='ocrx_word' id='word_1_650' title='bbox 3283 4793 3498 4849; x_wconf 82' lang='lat' dir='ltr'><strong>doetaln</strong></span> <span class='ocrx_word' id='word_1_651' title='bbox 3531 4791 3654 4847; x_wconf 83' lang='lat' dir='ltr'><strong>sine</strong></span> 
     </span>
    </p>
   </div>
   <div class='ocr_carea' id='block_1_106' title="bbox 2059 4885 3161 4958">
    <p class='ocr_par' dir='ltr' id='par_1_106' title="bbox 2059 4885 3161 4958">
     <span class='ocr_line' id='line_1_107' title="bbox 2059 4885 3161 4958; baseline -0.007 -12"><span class='ocrx_word' id='word_1_652' title='bbox 2059 4890 2404 4946; x_wconf 82' lang='lat' dir='ltr'><strong>discussione</strong></span> <span class='ocrx_word' id='word_1_653' title='bbox 2434 4887 2735 4958; x_wconf 88' lang='lat' dir='ltr'><strong>simplicem</strong></span> <span class='ocrx_word' id='word_1_654' title='bbox 2770 4885 3161 4942; x_wconf 84' lang='lat' dir='ltr'><strong>obedientiam.</strong></span> 
     </span>
    </p>
   </div>
   <div class='ocr_carea' id='block_1_107' title="bbox 2698 4973 3015 5044">
    <p class='ocr_par' dir='ltr' id='par_1_107' title="bbox 2698 4973 3015 5044">
     <span class='ocr_line' id='line_1_108' title="bbox 2698 4973 3015 5044; baseline -0.006 -15"><span class='ocrx_word' id='word_1_655' title='bbox 2698 4973 2917 5044; x_wconf 84' lang='lat' dir='ltr'><strong>Evagrii</strong></span> <span class='ocrx_word' id='word_1_656' title='bbox 2955 4973 3015 5027; x_wconf 81' lang='lat'><strong>7.</strong></span> 
     </span>
    </p>
   </div>
   <div class='ocr_carea' id='block_1_108' title="bbox 2128 5058 3647 5133">
    <p class='ocr_par' dir='ltr' id='par_1_108' title="bbox 2128 5058 3647 5133">
     <span class='ocr_line' id='line_1_109' title="bbox 2128 5058 3647 5133; baseline -0.007 -13"><span class='ocrx_word' id='word_1_657' title='bbox 2128 5065 2386 5133; x_wconf 76' lang='lat' dir='ltr'><strong>Mentem,</strong></span> <span class='ocrx_word' id='word_1_658' title='bbox 2427 5072 2483 5122; x_wconf 90' lang='lat' dir='ltr'><strong>et</strong></span> <span class='ocrx_word' id='word_1_659' title='bbox 2505 5063 2736 5120; x_wconf 83' lang='lat' dir='ltr'><strong>virtutes</strong></span> <span class='ocrx_word' id='word_1_660' title='bbox 2761 5070 2814 5118; x_wconf 88' lang='lat' dir='ltr'><strong>et</strong></span> <span class='ocrx_word' id='word_1_661' title='bbox 2842 5061 2976 5118; x_wconf 83' lang='lat' dir='ltr'><strong>vitia</strong></span> <span class='ocrx_word' id='word_1_662' title='bbox 3001 5075 3204 5116; x_wconf 67' lang='lat' dir='ltr'><strong>caecam</strong></span> <span class='ocrx_word' id='word_1_663' title='bbox 3236 5059 3503 5125; x_wconf 82' lang='lat' dir='ltr'><strong>reddunt;</strong></span> <span class='ocrx_word' id='word_1_664' title='bbox 3534 5058 3647 5112; x_wconf 84' lang='lat' dir='ltr'><strong>vir-</strong></span> 
     </span>
    </p>
   </div>
   <div class='ocr_carea' id='block_1_109' title="bbox 2059 5150 3648 5228">
    <p class='ocr_par' dir='ltr' id='par_1_109' title="bbox 2059 5150 3648 5228">
     <span class='ocr_line' id='line_1_110' title="bbox 2059 5150 3648 5228; baseline -0.008 -14"><span class='ocrx_word' id='word_1_665' title='bbox 2059 5167 2201 5214; x_wconf 87' lang='lat' dir='ltr'><strong>tutes</strong></span> <span class='ocrx_word' id='word_1_666' title='bbox 2246 5158 2493 5228; x_wconf 85' lang='lat' dir='ltr'><strong>quidem,</strong></span> <span class='ocrx_word' id='word_1_667' title='bbox 2543 5169 2611 5211; x_wconf 90' lang='lat' dir='ltr'><strong>ne</strong></span> <span class='ocrx_word' id='word_1_668' title='bbox 2656 5169 2816 5210; x_wconf 87' lang='lat' dir='ltr'><strong>mens</strong></span> <span class='ocrx_word' id='word_1_669' title='bbox 2851 5152 2980 5209; x_wconf 85' lang='lat' dir='ltr'><strong>vitia</strong></span> <span class='ocrx_word' id='word_1_670' title='bbox 3014 5152 3304 5224; x_wconf 84' lang='lat' dir='ltr'><strong>respiciat_;</strong></span> <span class='ocrx_word' id='word_1_671' title='bbox 3361 5150 3525 5215; x_wconf 72' lang='lat' dir='ltr'><strong>vitia,</strong></span> <span class='ocrx_word' id='word_1_672' title='bbox 3578 5165 3648 5204; x_wconf 80' lang='lat' dir='ltr'><strong>ne</strong></span> 
     </span>
    </p>
   </div>
   <div class='ocr_carea' id='block_1_110' title="bbox 2057 5251 3142 5320">
    <p class='ocr_par' dir='ltr' id='par_1_110' title="bbox 2057 5251 3142 5320">
     <span class='ocr_line' id='line_1_111' title="bbox 2057 5251 3142 5320; baseline -0.003 -15"><span class='ocrx_word' id='word_1_673' title='bbox 2057 5251 2291 5306; x_wconf 77' lang='lat' dir='ltr'><strong>virtutes</strong></span> <span class='ocrx_word' id='word_1_674' title='bbox 2321 5254 2602 5320; x_wconf 78' lang='lat' dir='ltr'><strong>agnoscat.</strong></span> <span class='ocrx_word' id='word_1_675' title='bbox 3119 5301 3142 5309; x_wconf 76' lang='lat'>_</span> 
     </span>
    </p>
   </div>
   <div class='ocr_carea' id='block_1_111' title="bbox 2681 5331 3020 5390">
    <p class='ocr_par' dir='ltr' id='par_1_111' title="bbox 2681 5331 3020 5390">
     <span class='ocr_line' id='line_1_112' title="bbox 2681 5331 3020 5390; baseline -0.009 0"><span class='ocrx_word' id='word_1_676' title='bbox 2681 5332 2930 5390; x_wconf 82' lang='lat' dir='ltr'><strong>Scholion</strong></span> <span class='ocrx_word' id='word_1_677' title='bbox 2965 5331 3020 5388; x_wconf 83' lang='lat'><strong>8.</strong></span> 
     </span>
    </p>
   </div>
   <div class='ocr_carea' id='block_1_112' title="bbox 2129 5415 3636 5486">
    <p class='ocr_par' dir='ltr' id='par_1_112' title="bbox 2129 5415 3636 5486">
     <span class='ocr_line' id='line_1_113' title="bbox 2129 5415 3636 5486; baseline -0.011 -2"><span class='ocrx_word' id='word_1_678' title='bbox 2129 5426 2376 5484; x_wconf 87' lang='lat' dir='ltr'><strong>Stadium</strong></span> <span class='ocrx_word' id='word_1_679' title='bbox 2407 5422 2724 5481; x_wconf 86' lang='lat' dir='ltr'><strong>certaminis</strong></span> <span class='ocrx_word' id='word_1_680' title='bbox 2752 5431 2837 5477; x_wconf 88' lang='lat' dir='ltr'><strong>est</strong></span> <span class='ocrx_word' id='word_1_681' title='bbox 2867 5421 2996 5476; x_wconf 80' lang='lat' dir='ltr'><strong>felix</strong></span> <span class='ocrx_word' id='word_1_682' title='bbox 3028 5419 3083 5474; x_wconf 89' lang='lat' dir='ltr'><strong>in</strong></span> <span class='ocrx_word' id='word_1_683' title='bbox 3111 5419 3208 5486; x_wconf 66' lang='lat' dir='ltr'><strong>jvia</strong></span> <span class='ocrx_word' id='word_1_684' title='bbox 3247 5415 3459 5470; x_wconf 87' lang='lat' dir='ltr'><strong>Domini</strong></span> <span class='ocrx_word' id='word_1_685' title='bbox 3509 5429 3636 5484; x_wconf 90' lang='lat' dir='ltr'><strong>pro-</strong></span> 
     </span>
    </p>
   </div>
   <div class='ocr_carea' id='block_1_113' title="bbox 2057 5509 3642 5589">
    <p class='ocr_par' dir='ltr' id='par_1_113' title="bbox 2057 5509 3642 5589">
     <span class='ocr_line' id='line_1_114' title="bbox 2057 5509 3642 5589; baseline -0.008 -17"><span class='ocrx_word' id='word_1_686' title='bbox 2057 5533 2301 5589; x_wconf 77' lang='lat' dir='ltr'><strong>gressus,</strong></span> <span class='ocrx_word' id='word_1_687' title='bbox 2327 5517 2545 5573; x_wconf 85' lang='lat' dir='ltr'><strong>assidua</strong></span> <span class='ocrx_word' id='word_1_688' title='bbox 2577 5514 2918 5578; x_wconf 77' lang='lat' dir='ltr'><strong>exercitatio,</strong></span> <span class='ocrx_word' id='word_1_689' title='bbox 2950 5520 3005 5566; x_wconf 89' lang='lat' dir='ltr'><strong>ct</strong></span> <span class='ocrx_word' id='word_1_690' title='bbox 3037 5509 3318 5566; x_wconf 83' lang='lat' dir='ltr'><strong>meditatio</strong></span> <span class='ocrx_word' id='word_1_691' title='bbox 3349 5515 3642 5578; x_wconf 71' lang='lat' dir='ltr'><strong>praecepto-</strong></span> 
     </span>
    </p>
   </div>
   <div class='ocr_carea' id='block_1_114' title="bbox 2057 5601 3283 5677">
    <p class='ocr_par' dir='ltr' id='par_1_114' title="bbox 2057 5601 3283 5677">
     <span class='ocr_line' id='line_1_115' title="bbox 2057 5601 3283 5677; baseline -0.01 -14"><span class='ocrx_word' id='word_1_692' title='bbox 2057 5627 2178 5666; x_wconf 78' lang='lat' dir='ltr'><strong>rum</strong></span> <span class='ocrx_word' id='word_1_693' title='bbox 2211 5609 2331 5677; x_wconf 84' lang='lat' dir='ltr'><strong>Dei,</strong></span> <span class='ocrx_word' id='word_1_694' title='bbox 2364 5619 2416 5663; x_wconf 85' lang='lat' dir='ltr'><strong>ct</strong></span> <span class='ocrx_word' id='word_1_695' title='bbox 2446 5605 2706 5663; x_wconf 85' lang='lat' dir='ltr'><strong>habitatio</strong></span> <span class='ocrx_word' id='word_1_696' title='bbox 2743 5603 2971 5659; x_wconf 79' lang='lat' dir='ltr'><strong>fratrum</strong></span> <span class='ocrx_word' id='word_1_697' title='bbox 3008 5601 3059 5656; x_wconf 91' lang='lat' dir='ltr'><strong>in</strong></span> <span class='ocrx_word' id='word_1_698' title='bbox 3095 5613 3283 5653; x_wconf 88' lang='lat' dir='ltr'><strong>unum.</strong></span> 
     </span>
    </p>
   </div>
   <div class='ocr_carea' id='block_1_115' title="bbox 2681 5691 3008 5750">
    <p class='ocr_par' dir='ltr' id='par_1_115' title="bbox 2681 5691 3008 5750">
     <span class='ocr_line' id='line_1_116' title="bbox 2681 5691 3008 5750; baseline -0.015 0"><span class='ocrx_word' id='word_1_699' title='bbox 2681 5692 2924 5750; x_wconf 81' lang='lat' dir='ltr'><strong>Scholion</strong></span> <span class='ocrx_word' id='word_1_700' title='bbox 2955 5691 3008 5745; x_wconf 86' lang='lat'><strong>9.</strong></span> 
     </span>
    </p>
   </div>
   <div class='ocr_carea' id='block_1_116' title="bbox 2128 5768 3642 5852">
    <p class='ocr_par' dir='ltr' id='par_1_116' title="bbox 2128 5768 3642 5852">
     <span class='ocr_line' id='line_1_117' title="bbox 2128 5768 3642 5852; baseline -0.01 -13"><span class='ocrx_word' id='word_1_701' title='bbox 2128 5785 2230 5852; x_wconf 84' lang='lat' dir='ltr'><strong>Qui</strong></span> <span class='ocrx_word' id='word_1_702' title='bbox 2285 5800 2438 5842; x_wconf 82' lang='lat' dir='ltr'><strong>snam</strong></span> <span class='ocrx_word' id='word_1_703' title='bbox 2488 5781 2701 5839; x_wconf 73' lang='lat' dir='ltr'><strong>vn&#39;cndi</strong></span> <span class='ocrx_word' id='word_1_704' title='bbox 2746 5779 3011 5834; x_wconf 79' lang='lat' dir='ltr'><strong>rationem</strong></span> <span class='ocrx_word' id='word_1_705' title='bbox 3067 5789 3176 5833; x_wconf 73' lang='lat' dir='ltr'><strong>non</strong></span> <span class='ocrx_word' id='word_1_706' title='bbox 3229 5773 3494 5844; x_wconf 77' lang='lat' dir='ltr'><strong>sequitur,</strong></span> <span class='ocrx_word' id='word_1_707' title='bbox 3545 5768 3642 5825; x_wconf 70' lang='lat' dir='ltr'><strong>ml</strong></span> 
     </span>
    </p>
   </div>
  </div>
