4110 6486
480 330 583 408 731

1748 346 1808 407 S.
1843 347 2167 415 JOANNIS
2192 354 2502 418 CLIMACI

3661 362 3776 427 732

476 462 664 534 potius
706 459 974 532 repudiat,
1015 460 1106 516 hic
1144 470 1197 515 et
1241 461 1501 518 obediens
1547 470 1648 530 est,
1692 473 1745 517 et
1784 465 1850 518 ad
1884 475 2070 521 nutum

2182 472 2536 543 προσανέχων
2574 470 2651 543 τῷ
2687 470 3011 541 διδασκάλῳ,
3059 472 3158 544 ἤδη
3210 471 3359 526 ἐστὶν
3408 473 3467 526 ἐν
3508 474 3620 536 τοῖς
3661 478 3777 531 τῶν

477 556 563 608 sui
603 552 839 624 religiOsi
875 553 1120 623 magistri
1153 568 1211 608 se
1245 552 1420 624 lingit,
1458 562 1510 608 ct
1535 553 1648 624 iam
1682 552 1734 607 in
1772 563 1919 610 statu
1952 571 2075 612 ver-

475 657 630 702 satur
660 644 1045 717 perlertorum,
1075 644 1330 715 quamvis
1373 660 1469 714 per
1514 659 1678 714 opera
1713 645 2068 716 perfectionis

475 739 720 793 nondum
753 737 1059 793 incesserit.
1095 733 1325 803 Quando
1355 737 1495 793 solet
1529 737 1818 810 improbus
1858 740 2070 797 damon

475 829 790 899 obstrepere
825 825 1227 893 obedientihus,
1255 842 1555 898 eorumque
1585 826 1827 884 laborem
1855 829 2071 887 elevare

473 930 529 975 et
559 929 927 985 contemnere,
975 919 1134 988 quasi
1184 933 1362 990 neque
1405 919 1636 990 ieiunia,
1684 910 1860 991 neque
1901 920 2069 977 disci-

473 1013 677 1083 plinam
731 1010 1044 1081 religiosam
1096 1011 1200 1066 rite
1247 1019 1563 1078 exerceant,
1601 1027 1777 1084 neque
1815 1012 2070 1083 precibus

472 1105 627 1175 puris
655 1103 899 1159 animum
932 1102 1239 1173 intendere,
1287 1119 1465 1176 neque
1499 1104 1606 1161 alia
1650 1114 1911 1178 praestare
1941 1121 2068 1176 pos-

2171 560 2393 614 τελείων
2417 561 2618 631 ἔργοις,
2648 562 2751 617 κᾶν
2775 565 2940 635 μήπω
2960 562 3031 617 δι’
3052 564 3232 617 αὐτῶν
3254 561 3510 619 ῶδευσεν.
3550 564 3775 638 Ἐπειδὴ

2171 652 2282 724 γὰρ
2304 652 2498 708 εἴωθεν
2526 654 2554 707 6
2584 655 2820 727 πονηρὸς
2849 654 3090 727 ἐνοχλεῖν
3135 658 3248 720 τοῖς
3289 656 3348 710 ὲν
3388 657 3629 728 ὑπακοῇ,
3673 659 3773 713 καὶ

2171 744 2472 812 ὲξουθενεῖν
2505 749 2598 805 τὸν
2628 749 2798 806 κόπον
2828 750 3030 816 αὐτῶν,
3058 749 3135 813 ὼς
3171 752 3309 822 μήτε
3340 750 3597 822 νηστείαν
3628 753 3773 822 μήτε

2172 838 2410 911 ἄσκησιν
2438 839 2671 911 ἐχόντων
2696 841 2921 913 ἀκριϐῆ,
2960 842 3101 915 μήτε
3134 843 3449 914 προσευχὴν
3494 841 3772 913 καθαρὰν,

2178 928 2315 1000 μήτε
2342 929 2411 982 τὰ
2439 928 2574 984 ἄλλα
2604 929 2640 991 ἆ
2668 930 2786 985 ἐστι
2820 933 2932 996 τοῖς
2962 930 3318 1004 ἡσυχάζουσι,
3365 931 3515 999 λέγει
3555 931 3775 1003 Πατὴρ,

2171 1017 2255 1071 ὅτι
2303 1018 2456 1075 οὐδέν
2497 1021 2603 1074 εῖσι
2647 1020 2824 1076 ταῦτα
2868 1021 3005 1093 πρὸς
3048 1021 3145 1094 τὴν
3184 1021 3450 1093 ἀληθινὴν
3492 1021 3775 1091 ὑπακοήν.

2171 1104 2275 1162 Τὸν
2299 1109 2408 1181 γὰρ
2432 1109 2596 1164 τύπον
2635 1108 2816 1164 αὐτῶν
2844 1109 2985 1183 αὕτη
3032 1111 3360 1184 ἀναπληροῖ,
3410 1111 3507 1166 καὶ
3536 1110 3646 1182 πρὸ
3674 1109 3778 1164 τοῦ

470 1196 600 1260 sint,
629 1210 751 1267 qum
783 1195 1132 1252 anachoretis
1161 1204 1214 1251 et
1244 1195 1515 1253 solitariis
1553 1197 1900 1265 conveniunt,
1949 1205 2062 1253 tum

2173 1199 2391 1255 διελθεῖν
2421 1201 2513 1256 τὸν
2546 1202 2787 1275 ὑπήκοον
2813 1202 2880 1258 δι’
2909 1200 3089 1258 αὐτῶν
3114 1204 3173 1258 ὲν
3198 1204 3388 1274 μέσοις
3420 1203 3605 1265 αὐτοῖς
3625 1197 3778 1255 εῖναι

474 1288 637 1344 Ριοιρι·
666 1290 821 1357 dicit,
856 1291 1002 1362 quod
1035 1292 1150 1346 llch
1177 1291 1360 1345 omnia
1398 1291 1531 1346 nihil
1553 1291 1663 1347 sint
1697 1291 1740 1347 si
1776 1306 1900 1346 cum
1932 1307 2061 1348 vera

2173 1296 2597 1366 παρασκευάζει.

475 1385 785 1441 obcdientia
842 1393 1253 1456 comparentur.
1308 1384 1488 1441 Viccm
1535 1387 1682 1442 enim
1720 1387 1940 1443 illorum
2008 1401 2111 1444 nec
2149 1386 2361 1460 implet,
2392 1400 2446 1446 et
2507 1400 2800 1464 antequam
2845 1391 3107 1448 obediens
3146 1408 3243 1464 per
3290 1393 3381 1448 illa
3415 1390 3761 1462 ingrediatur

471 1478 637 1535 eﬂioit
676 1487 732 1535 ut
761 1478 874 1550 iam
910 1479 965 1534 in
1000 1480 1180 1535 medio
1215 1480 1434 1536 illorum
1467 1489 1740 1537 versetur.

1087 1570 1341 1629 Scholion
1380 1573 1469 1627 l0.

545 1662 720 1720 Omne
767 1664 1038 1737 judicium
1089 1666 1326 1737 propria:
1374 1664 1671 1721 voluntatis
1704 1663 2075 1735 periculosum

479 1768 584 1823 est,
640 1757 789 1828 quod
841 1756 985 1813 haud
1040 1758 1313 1831 ignoravit
1344 1757 1653 1830 (propheta)
1692 1755 1860 1813 David
1887 1797 1902 1824 ,
1946 1772 2074 1812 cum

475 1847 642 1905 dixit:
666 1846 857 1903 Juraui
880 1857 932 1902 et
954 1848 1127 1903 statui
1149 1849 1418 1904 custodire
1432 1849 1643 1919 judicia
1666 1847 2073 1920 justiﬁcationia

478 1949 584 1995 tua:
613 1940 680 2005 “,
725 1954 836 1996 non
873 1954 1025 1996 meas
1053 1938 1386 1998 voluntates.

1185 2031 1371 2087 Aliud.

546 2119 865 2192 Exstirpare
886 2136 1042 2178 suam
1067 2120 1425 2187 voluntatem.
1454 2121 1561 2178 hoc
1584 2129 1691 2190 est,
1715 2119 1828 2197 94
1857 2129 1918 2179 ιιι
1945 2121 2073 2195 quis

478 2210 533 2267 in
565 2213 727 2270 bonis
756 2215 922 2270 rebus
968 2215 1243 2285 propriam
1285 2215 1616 2270 voluntatem
1663 2216 1972 2285 rescindat,
2018 2225 2074 2274 et

478 2317 801 2365 sanctorum
836 2307 1000 2364 faciat
1026 2323 1042 2363 :
1078 2308 1133 2364 in
1158 2308 1320 2366 malis
1349 2318 1531 2367 autem
1561 2323 1658 2381 per
1679 2323 1762 2376 se,
1784 2311 1931 2381 quod
1958 2325 2073 2366 nou

475 2399 649 2463 decet,
680 2397 930 2470 refugiat.

1093 2487 1347 2544 Scholion
1384 2488 1472 2545 ﬂ.

569 2578 1035 2635 Consuetudinem
1092 2580 1429 2653 negligenter
1484 2578 1721 2635 viventis
1790 2576 2067 2651 reingias,

475 2671 828 2741 quantumvis
876 2671 1021 2744 apud
1075 2671 1214 2728 alios
1277 2686 1535 2743 magnum
1598 2669 1820 2726 virtutis
1868 2685 2071 2727 nomen

475 2764 741 2821 obtineat.

1076 2854 1329 2912 Scholion
1370 2856 1460 2913 12.

2806 1573 3062 1641 Σχόλιον
3094 1577 3147 1627 ι’.

2246 1663 2405 1719 Πᾶσα
2455 1664 2639 1736 κρίσις
2689 1664 2818 1719 ἰδίου
2867 1664 3173 1735 θελήματος
3217 1664 3545 1737 ἐπισφαλής.
3584 1665 3776 1737 Ὅπερ

2174 1753 2328 1818 εἰδὼς
2379 1755 2409 1808 6
2455 1753 2620 1809 Aa6i6
2671 1752 2856 1825 ἔλεγεν
2883 1771 2897 1787 ο
2949 1756 3183 1826 Ὠμοσιι
3230 1756 3328 1810 καὶ
3380 1755 3619 1825 ἕστησα
3657 1758 3774 1812 τοῦ

2173 1847 2563 1917 φυλάξασθαι
2607 1847 2684 1903 τὰ
2726 1848 2983 1918 κρίματα
3025 1845 3136 1919 τῆς
3184 1848 3581 1918 δικαιοσύνης
3621 1866 3771 1914 σου.

2173 1938 2235 1993 οὐ
2262 1938 2330 1995 τὰ
2360 1938 2469 2010 ὲμά
2500 1937 2807 2011 θελήματα.

2865 2032 3078 2089 Ἄλλο.

2245 2122 2320 2177 Τὸ
2349 2121 2513 2193 κόψαι
2550 2123 2613 2177 τδ
2653 2123 2886 2197 θέλημα,
2932 2125 3077 2181 τοῦτ’
3109 2126 3278 2195 ἐστιν,
3319 2128 3409 2186 ῖνα
3436 2130 3494 2184 ὲν
3522 2129 3623 2201 μὲν
3652 2130 3772 2194 τοῖς

2174 2214 2361 2279 καλοῖς
2387 2215 2448 2269 τὸ
2481 2212 2611 2270 ῖδιον
2656 2215 2834 2290 κόπτῃ
2871 2234 2957 2281 τις
2995 2217 3228 2289 θέλημα,
3262 2219 3323 2274 τὸ
3346 2221 3404 2275 δὲ
3435 2221 3544 2276 τῶν
3587 2220 3771 2290 ἁγίων

2173 2307 2300 2376 ποιῇ
2329 2319 2343 2333 ο
2386 2306 2444 2359 ὲν
2469 2305 2526 2360 δὲ
2550 2307 2664 2371 τοῖς
2686 2308 2880 2372 κακοῖς
2901 2308 2997 2377 ἀφ’
3024 2308 3221 2363 ἑαυτοῦ
3244 2310 3421 2383 φεύγῃ
3447 2313 3508 2365 τὸ
3534 2311 3765 2366 ἄτοπον.

2772 2486 3033 2554 Σχόλιον
3059 2492 3155 2542 ια’.

2242 2574 2352 2633 Τοῦ
2372 2574 2592 2649 ἀμελῶς
2613 2575 2856 2647 βιοῦντος
2880 2578 3158 2649 μάκρυνον
3184 2574 3431 2646 σεαυτὸν,
3458 2576 3567 2633 κᾶν
3588 2576 3768 2649 ὄνομα

2175 2668 2318 2742 μέγα
2345 2668 2496 2741 παρὰ
2521 2667 2737 2734 πολλοῖς
2765 2667 3049 2741 κέκτηται.

2770 2845 3032 2915 Σχόλιον
3053 2845 3151 2910 ιβ’.

547 2946 689 3002 Ante
722 2948 1121 3005 abdicationem
1154 2949 1362 3014 seaculi,
1406 2948 1648 3020 religiosi
1680 2947 1920 3005 doctoris
1946 2959 2067 3001 mo-

2248 2936 2363 3012 Πρὸ
2401 2936 2504 3008 τῆς
2545 2935 2828 3009 ἀποταγῆς
2870 2935 3251 3007 ἀκριϐολογεῖν
3300 2935 3391 2993 τὸν
3441 2935 3769 2993 διδάσκαλον

474 3052 565 3092 res
604 3036 926 3107 explorandi
960 3047 1110 3105 sunt,
1162 3048 1286 3109 post
1334 3038 1733 3094 abdicationem
1786 3054 1894 3094 non
1943 3053 2063 3092 am-

471 3131 639 3199 plius.
692 3128 830 3185 Nam
884 3131 978 3201 qui
1029 3130 1303 3199 explorat,
1343 3130 1606 3198 damnat;
1659 3129 1755 3202 qui
1807 3130 2065 3199 damnat,

483 3222 804 3288 contemnit,
844 3230 1036 3293 postea
1071 3237 1171 3278 nec
1204 3229 1360 3292 paret
1389 3223 1624 3292 amplius
1653 3238 1755 3280 nec
1784 3223 1920 3279 ﬁdit.

986 3313 1150 3368 Aliud
1190 3315 1429 3370 acholion
1470 3316 1556 3372 l5.

552 3404 676 3463 Vita
705 3407 957 3477 religiosa
984 3406 1221 3463 studium
1244 3408 1568 3479 appellatur,
1593 3407 1686 3478 qui
1714 3415 1898 3464 autem
1928 3422 2070 3478 prm-

474 3499 649 3557 sidem
689 3514 851 3556 suum
898 3500 1210 3571 religiosum
1251 3500 1462 3571 iudicat
1507 3507 1560 3556 et
1593 3501 1863 3571 explorat,
1916 3509 2071 3556 certo

476 3591 531 3645 in
566 3591 889 3660 quibusdam
939 3590 1105 3646 etiam
1143 3590 1414 3647 damnat:
1449 3590 1545 3663 qui
1591 3599 1776 3647 autem
1823 3591 2066 3654 damnat,

475 3694 570 3738 aut
606 3666 715 3738 non
743 3691 918 3753 paret,
948 3690 1046 3738 aut
1073 3683 1221 3754 quod
1255 3683 1336 3739 illi
1372 3683 1769 3755 praescribitur,
1801 3698 1910 3738 non
1934 3697 2068 3737 scum

473 3775 654 3830 debita
709 3774 815 3830 ﬁde
862 3775 1184 3845 exsequitur
1227 3794 1239 3832 :
1287 3776 1382 3846 qui
1437 3784 1620 3831 autem
1672 3789 1779 3830 non
1840 3774 2068 3831 ﬁdeliter

476 3868 791 3939 praescripta
822 3864 1056 3936 faciunt,
1085 3877 1334 3938 peccant.

1170 3958 1353 4013 Aliud.

543 4050 666 4105 Non
700 4050 736 4104 ii
768 4059 977 4106 tantum
1006 4050 1097 4121 qui
1130 4051 1198 4107 ob
1227 4050 1431 4113 Christi
1467 4065 1662 4106 nomen
1698 4058 1930 4105 mortem
1966 4064 2068 4120 op-

472 4151 697 4212 petunt,
756 4153 1025 4216 martyres
1064 4153 1225 4209 sunt;
1264 4145 1359 4199 sed
1412 4143 1448 4198 ii
1502 4144 1665 4199 etiam
1719 4145 1813 4216 qui
1847 4152 2069 4215 propter

472 4234 647 4309 legum
682 4237 858 4307 ipsius
891 4237 1329 4294 observationem
1374 4236 1706 4293 moriuntur.

630 4342 637 4351 ί
1074 4328 1325 4385 Scholion
1366 4329 1455 4385 Η.

544 4418 906 4486 Quaerendum
971 4421 1250 4491 quomodo
1324 4422 1445 4476 sine
1507 4421 1849 4501 subiectione
1907 4435 2070 4477 nemo

475 4507 647 4567 Deum
684 4512 907 4569 visurus
935 4512 1046 4567 sit?
1073 4512 1202 4584 quid
1229 4513 1415 4570 enim?
1445 4512 1614 4569 Maria
1658 4513 1980 4586 Egyptiaca
2016 4523 2072 4569 et

478 4605 571 4658 alii
598 4605 822 4676 quidam
878 4606 1015 4663 nulli
1067 4620 1309 4677 unquam
1346 4606 1601 4676 subjecti,
1652 4618 1764 4661 non
1810 4605 2072 4661 videbunt

472 4694 768 4753 Dominum
784 4698 811 4753 2
834 4697 1187 4755 Aﬂirmamus
1215 4712 1348 4770 ergo
1371 4698 1676 4755 Climacum
1705 4713 1814 4754 non
1847 4698 1918 4755 de
1942 4697 2073 4754 sub-

471 4789 710 4860 iectione
735 4791 986 4860 corporis
1021 4791 1241 4847 tantum
1279 4792 1451 4862 loqui,
1497 4793 1593 4849 sed
1634 4792 1701 4848 de
1732 4790 2074 4862 subiectione

473 4878 639 4934 etiam
674 4881 895 4937 animas.
938 4880 1154 4937 Nullum
1192 4883 1359 4955 igitur
1396 4884 1705 4954 reperimus
1752 4891 2070 4939 sanctorum

474 4970 572 5042 qui
601 4987 712 5027 non
754 4972 1056 5044 subiecerit
1098 4990 1300 5047 corpus
1335 4976 1572 5046 Spiritui,
1606 4985 1665 5031 ut
1694 4976 1904 5032 clarum
1944 4989 2073 5045 pro-

473 5064 605 5121 inde
636 5065 726 5131 sit,
762 5067 907 5137 quod
947 5068 1053 5122 nisi
1083 5068 1208 5139 quis
1230 5076 1286 5125 et
1315 5069 1458 5124 hanc
1497 5067 1937 5140 (obedientiam)
1962 5081 2070 5122 una

475 5168 602 5210 cum
631 5158 883 5228 corporis
914 5158 1255 5230 subiectione
1282 5159 1516 5225 habeat,
1576 5175 1686 5215 non
1732 5161 1955 5215 visurus
2003 5158 2076 5214 sit

479 5243 798 5305 Dominum.
833 5250 987 5306 Multi
1021 5251 1167 5307 enim
1212 5252 1535 5322 parentibus
1564 5252 1822 5324 subiecti,
1860 5248 2071 5308 nullum

483 5345 663 5397 tamen
688 5358 754 5398 ex
783 5344 885 5399 hac
914 5344 1255 5415 subiectione
1286 5343 1523 5401 fructum
1550 5349 1810 5412 retulere,
1839 5363 1905 5404 eo
1927 5346 2073 5417 quod

484 5433 726 5491 anhnum
761 5436 1100 5508 voluptatum
1136 5438 1388 5494 servituti
1419 5439 1774 5510 subiecerint.

1083 5529 1336 5588 Scholion
1375 5532 1460 5588 l5.

551 5611 784 5676 llumilis
825 5636 935 5677 non
965 5622 1177 5679 videtur
1208 5624 1310 5680 sibi
1347 5623 1582 5696 perfecte
1620 5624 1898 5694 subiectus
1942 5637 2061 5678 esse

553 5764 601 5802 θ’
633 5748 777 5829 Psal.
815 5789 1005 5835 cxvttt.
1052 5778 1167 5833 lOG.

2174 3032 2443 3101 προσήκει
2465 3046 2479 3059 ·
2537 3027 2675 3100 μετά
2698 3028 2756 3082 δὲ
2794 3027 2894 3100 τὴν
2921 3028 3202 3101 ἀποταγὴν
3239 3028 3340 3084 οὐκ
3368 3027 3470 3085 ἔτι.
3512 3029 3572 3082 Ὁ
3599 3022 3765 3101 ἀκρι-

2174 3121 2433 3190 ϐολογῶν,
2459 3118 2881 3189 καταγινώσκει,
2911 3120 3006 3174 καί⁵
3031 3122 3060 3175 6
3080 3119 3529 3190 καταγινώσκων,
3555 3118 3763 3186 ἀθετεῖ,

2173 3210 2294 3269 εἶτα
2325 3214 2417 3267 καὶ
2447 3213 2684 3268 ἀπειθεῖ.

2781 3301 3041 3372 Σχόλιον
3068 3307 3161 3370 ιγ’.

2244 3395 2464 3450 Στάδιον
2492 3394 2712 3465 λέγεται
2739 3394 2769 3448 6
2792 3394 3082 3467 μοναχικὺς
3111 3393 3245 3466 βίος.
3281 3394 3342 3448 Ὅ
3368 3394 3428 3450 δὲ
3452 3393 3765 3467 ἀνακρίνων

2173 3488 2264 3545 τὸν
2293 3488 2634 3559 προεστῶτα,
2661 3486 2903 3558 δηλονότι
2934 3486 2991 3541 ἐν
3016 3502 3128 3540 τισι
3163 3485 3566 3556 καταγινώσκει
3592 3503 3607 3517 ο
3651 3487 3685 3540 6
3707 3484 3764 3541 δῖ

2174 3581 2626 3651 καταγινώσκων,
2672 3580 2706 3650 ἢ
2757 3578 2991 3646 ἀπειθεῖ,
3033 3579 3069 3649 ἢ
3110 3579 3173 3632 ού
3227 3577 3369 3650 μετά
3400 3578 3656 3642 πίστεως
3705 3578 3764 3631 τὸ

2175 3673 2466 3745 ἐπιταχθὲν
2500 3672 2672 3729 ἀνύει.
2726 3673 2851 3736 Τοῖς
2887 3671 2943 3726 δὲ
2976 3672 3078 3726 οὑκ
3117 3673 3185 3726 ἐκ
3226 3670 3484 3737 πίστεως,
3515 3671 3764 3743 ἁμαρτία

2175 3763 2345 3821 ἐστίν.

2873 3942 3084 3996 Ἄλλο.

2244 4035 2321 4089 Ού
2353 4033 2512 4106 μόνον
2537 4034 2587 4088 oi
2614 4034 2703 4089 διὰ
2740 4032 2840 4105 τὴν
2884 4034 2965 4097 είς
2993 4018 3227 4103 Χριστὸν
3259 4030 3444 4085 πίστιν
3479 4030 3763 4103 δεξάμενοι

2174 4129 2266 4185 τὸν
2295 4129 2546 4194 θάνατον,
2596 4128 2878 4200 μάρτυρές
2906 4129 3068 4192 εἰσιν,
3105 4123 3243 4180 ἀλλά
3271 4126 3366 4181 καὶ
3403 4123 3495 4180 διὰ
3523 4125 3626 4196 τὴν
3655 4126 3762 4180 τῶν

2174 4220 2404 4276 ἐντολῶν
2436 4219 2603 4276 αὐτοῦ
2633 4222 2868 4293 τήρησιν
2896 4219 3356 4290 ἀποθνήσκοντες.

2770 4311 3034 4381 Σχόλιον
3062 4309 3156 4365 ιδ’.

2245 4402 2517 4478 Ζητητᾷον
2562 4401 2680 4466 πῶς
2727 4403 2896 4473 χωρὶς
2926 4402 3208 4473 ὑποταγῆς
3245 4401 3422 4466 οὐδεὶς
3452 4402 3636 4472 ὄψεται
3663 4399 3749 4453 τὸν

2172 4494 2306 4549 Θεόν
2332 4474 2378 4561 ;’
2396 4474 2448 4547 τί
2480 4493 2621 4566 γάρ;
2679 4494 2745 4551 Ἦ
2771 4494 3046 4562 Αἰγυπτία
3072 4495 3281 4565 Μαρία,
3322 4494 3418 4548 καὶ
3443 4491 3587 4548 ἄλλοι
3611 4491 3750 4554 τινὲς

2176 4586 2252 4659 μὴ
2280 4587 2648 4655 ὑποταγέντες
2670 4587 2799 4650 τινὶ,
2827 4585 2929 4638 οὐκ
2957 4586 3179 4656 ὄψονται
3206 4591 3299 4641 τδν
3319 4586 3552 4658 Κύριον;
3597 4584 3754 4653 Λέγο-

2179 4695 2280 4749 μεν
2327 4673 2442 4745 οὖν,
2487 4679 2570 4732 ὅτι
2601 4679 2665 4731 οὐ
2716 4677 2864 4746 λέγει
2901 4678 3029 4748 περὶ
3076 4678 3176 4748 τῆς
3222 4677 3546 4749 σωματικῆς
3596 4677 3758 4748 μόνης

2174 4768 2473 4840 ὑποταγῆς.
2520 4768 2657 4823 ἀλλά
2685 4768 2782 4822 καὶ
2815 4768 2941 4838 περὶ
2971 4770 3070 4838 τῆς
3110 4769 3375 4840 ψυχικῆς.
3430 4769 3640 4823 Οὐδένα
3671 4762 3760 4822 οὖν

2174 4862 2406 4935 εὕρομεν
2438 4860 2546 4914 τῶν
2580 4860 2786 4930 ἀγίων,
2840 4858 2901 4925 ὃς
2944 4859 3044 4930 οὑχ
3077 4860 3314 4926 ὑπέταξε
3362 4861 3426 4914 τὸ
3474 4861 3640 4932 σῶμα
3686 4856 3760 4929 τῷ

2175 4953 2489 5024 πνεύματι·
2539 4952 2680 5007 ὥστε
2729 4951 2909 5023 δῆλον,
2944 4953 3089 5007 δτιὸ
3131 4953 3204 5024 μὴ
3249 4954 3344 5007 καὶ
3372 4953 3580 5024 ταύτην
3627 4951 3759 5024 μετὰ

2173 5041 2275 5113 τῆς
2300 5040 2619 5113 σωματικῆς
2641 5040 2800 5113 ἔχων,
2833 5042 2933 5095 οὐκ
2960 5040 3152 5111 ὄψεται
3181 5041 3275 5095 τὸν
3311 5042 3541 5112 Κύριον.
3574 5041 3758 5095 Πολ)ιοῖ

2175 5135 2353 5189 τοίνυν
2414 5134 2747 5205 σωματικοῖς
2809 5135 3082 5206 πατράσιν
3140 5134 3575 5206 ὑποτασσόμενοι
3644 5136 3758 5197 ταῖς

2173 5227 2387 5299 ἡδοναῖς
2415 5226 2513 5298 τὴν
2542 5226 2719 5298 ψυχὴν
2750 5225 3156 5280 κατεδούλωσαν
3174 5266 3193 5295 ,
3233 5226 3389 5281 οὐδὲν
3420 5226 3479 5282 δὲ
3526 5227 3635 5281 ἀπὺ
3667 5227 3758 5297 τῆς

2174 5320 2431 5393 τοιαύτης
2460 5321 2741 5392 ὑποταγῆς
2771 5319 3155 5391 ὠφελήθησαν.

2778 5526 3041 5595 Σχόλιον
3073 5533 3155 5580 ιε’.

2257 5619 2317 5673 ’0
2352 5616 2728 5691 ταπεινὸφοων
2758 5619 2817 5672 οὑ
2847 5617 2996 5673 δοκεῖ
3025 5618 3245 5684 τελείως
3287 5617 3648 5690 ὑποτετάχθαι
3674 5633 3691 5651 “
3729 5615 3754 5670 6
