4110 6416
337 346 445 409 ’ἕῖὶἿ

1383 340 1611 399 SCALA
1646 339 2028 436 PARADISI:
2059 363 2123 375 -
2145 339 2452 400 GRADUS
2488 340 2580 399 IV-

3515 334 3620 397 7.18

344 461 517 527 ὶέζει,
571 457 663 509 καὶ
734 455 896 508 πάλιν
946 455 1274 526 ἁμαρτάνει,
1324 455 1420 507 καὶ
1467 451 1843 526 ἡκαταλαλιά
1874 453 1932 506 δὲ

2049 463 2115 520 la,
2143 453 2361 524 quando
2394 469 2454 508 se
2483 449 2863 524 panitcntiam
2913 463 3072 518 agere
3101 447 3409 518 proﬁtetur,
3442 461 3494 504 et
3520 451 3623 504 ite-

342 551 515 622 ἀργὺς
545 549 704 618 λόγος
736 548 907 611 ἐστὶν,
942 546 1030 600 ὅτε
1081 564 1167 610 τις
1209 548 1310 617 ὁρᾷ
1335 547 1426 599 τὸν
1457 547 1806 618 διασύροντα,
1842 546 1937 598 καὶ

343 641 552 710 σιωπᾷ.
578 636 688 690 Καὶ
721 637 750 690 6
800 635 876 706 μὴ
915 634 1156 706 ἐλέγχων
1186 632 1242 688 δὲ
1274 635 1415 704 μετὰ
1466 634 1803 707 παρρησίας,
1840 633 1934 686 καὶ

342 727 506 796 οὗτος
529 729 846 792 καταλαλεῖ,
867 729 1170 801 ἐπειδήπερ
1196 729 1224 782 6
1251 729 1406 783 λαλεῖ
1431 731 1531 782 οὐκ
1555 729 1669 799 ἔχει
1695 729 1936 782 ὑπόστα-

346 840 455 878 σιν.
489 821 600 876 Καὶ
644 821 671 874 6
697 819 792 889 ἀφ’
819 817 1014 873 ἐαυτοῦ
1044 817 1240 888 ψεῦδος
1284 817 1574 882 συντιθεὶς,
1612 815 1938 888 ἀργολογίαν

344 912 664 985 ἐργάζεται,
700 909 892 979 ἐπειδὴ
935 909 998 962 τὸ
1040 910 1114 982 μὴ
1166 909 1434 982 πραχθὲν,
1468 908 1722 980 ἢόραθέν
1750 908 1940 979 διηγή-

347 1021 505 1056 σατο.
560 1005 668 1056 Καὶ
719 1004 747 1056 6
798 1000 1067 1055 διδάσκων
1116 1001 1282 1056 καλὸν
1314 1000 1510 1067 ποιεῖν,
1557 1000 1720 1064 αὐτὸς
1762 995 1818 1053 δὲ
1860 1001 1937 1072 μὴ

349 1096 546 1158 ποιῶν,
580 1093 879 1166 ἀργολόγος
912 1093 1082 1148 ἐστίν.

350 1359 465 1414 Τοῦ
488 1358 757 1429 μεγάλου
797 1357 1127 1411 Βασιλείου
1181 1355 1272 1410 κδ’
1306 1356 1440 1424 περὶ
1485 1355 1592 1410 τοῦ
1639 1354 1725 1424 μὴ
1784 1373 1937 1425 συγ-

456 1456 745 1521 κρύπτειν
768 1452 1164 1524 ἀμαρτήματα
1194 1450 1478 1522 ἀδελφῶν
1507 1448 1543 1520 ’ἢ
1578 1447 1828 1506 ἑαυτῶν.

420 1549 538 1601 Πᾶν
567 1546 879 1618 ἁμάρτημα
931 1545 1302 1617 ἀναφέρεσθαι
1337 1543 1442 1616 χρὴ
1479 1543 1559 1615 τῷ
1601 1543 1932 1616 προεστῶτι,

346 1638 381 1708 ἢ
424 1639 556 1709 παρ’
589 1636 756 1690 αὑτοῦ
801 1635 895 1690 τοῦ
940 1637 1346 1709 ἡμαρτηκότος,
1380 1637 1413 1708 ἢ
1448 1637 1599 1708 παρὰ
1638 1637 1746 1689 τῶν
1809 1654 1936 1690 συν-

346 1729 693 1794 εγνωκότων,
711 1729 808 1782 ἐὰν
833 1727 974 1782 αὐτὰ
1003 1727 1342 1801 θεραπεῦσαι
1372 1728 1448 1800 μὴ
1477 1727 1768 1796 δυνηθῶσι.
1791 1728 1935 1782 κατά

347 1822 409 1874 τὸ
472 1819 578 1874 ὑπὸ
627 1820 723 1874 τοῦ
767 1821 976 1892 Κυρίου
1032 1821 1530 1893 προστεταγμένον.
1585 1822 1772 1875 Κακία
1826 1821 1934 1892 γὰρ
1969 1801 2010 1855 Β

347 1911 691 1982 σιωπηθεῖσα
723 1910 875 1975 νόσος
911 1908 1146 1975 ὖπουλός
1191 1913 1341 1965 ἐστιν
1376 1914 1432 1964 ἐν
1486 1909 1656 1982 ψυχῇ.
1709 1913 1797 1977 Ὠς
1839 1911 1935 1968 οὖν

346 2003 448 2055 οὐκ
481 2002 549 2057 ἂν
597 2003 842 2073 εἴπωμεν
899 2003 1194 2075 εὐεργέτην
1225 2003 1318 2056 τὸν
1359 2004 1822 2071 ἐγκατακλείοντα
1858 2004 1937 2076 τῷ

350 2093 570 2163 σώματι
597 2093 665 2147 τὰ
699 2093 946 2165 ὀλέθρια,
976 2094 1114 2148 ἀλλὰ
1138 2094 1340 2165 μᾶλλον
1376 2094 1468 2148 τὸν
1497 2096 1566 2150 δι’
1613 2095 1808 2169 ὁδῦνης
1842 2097 1939 2150 καὶ

348 2185 610 2255 ἀμύξεως
640 2188 722 2250 εἰς
747 2186 806 2240 τὸ
855 2185 1090 2257 φανερὸν
1113 2185 1364 2252 ἕλκοντα,
1407 2185 1604 2260 ὥστεῆ
1637 2189 1707 2241 δι’
1739 2185 1936 2258 ἐμέτου

349 2275 657 2347 ἀπορρῖψαι
689 2277 751 2330 τὸ
777 2276 1031 2347 βλάπτον,
1061 2278 1092 2347 ἢ
1117 2277 1346 2331 καθόλου
1377 2280 1466 2332 διὰ
1483 2279 1582 2349 τῆς
1609 2279 1703 2332 τοῦ
1732 2279 1940 2344 πάθους

325 2367 712 2440 ’φανερώσεως
735 2368 1041 2438 εὔγνωστον
1075 2369 1314 2442 ὑπάρξαι
1345 2371 1437 2424 τὸν
1465 2372 1667 2442 τρόπον
1716 2371 1816 2438 τῆς
1847 2371 1941 2425 θε-

355 2461 610 2532 ραπείας.
658 2461 813 2515 Οὖτω
841 2461 1000 2533 δῆλον
1033 2462 1116 2516 ὅτι
1147 2462 1240 2516 καὶ
1267 2462 1328 2516 τὸ
1371 2462 1638 2534 κρύπτειν
1665 2463 1941 2534 ἁμαρτίαν

350 2552 897 2620 συγκατασκευάζειν
959 2553 1078 2606 ἐστὶ
1119 2553 1200 2625 τῷ
1255 2553 1501 2608 νοσοῦντι
1550 2558 1642 2610 τὸν
1671 2556 1939 2610 θάνατον·

353 2644 625 2713 Κέντρον
648 2643 756 2715 γάρ
791 2645 925 2699 ἐστι
955 2645 1065 2701 τοῦ
1089 2646 1352 2702 θανάτου
1384 2647 1422 2713 ἡ
1451 2648 1726 2717 ἁμαρτία,
1785 2649 1939 2718 φησί.

348 2738 657 2806 Κρείσσους
689 2737 744 2790 δὲ
773 2737 984 2807 ἔλεγχοι
1021 2737 1160 2808 μετὰ
1188 2740 1524 2811 παρρησίας,
1561 2741 1945 2813 κρυπτομένης

352 2831 564 2900 φιλίας’
613 2833 750 2901 μήτε
791 2827 886 2885 οὖν
916 2831 1077 2894 ἄλλος
1109 2831 1255 2902 ἄλλῳ
1289 2832 1713 2903 συγκρυπτέτω,
1747 2833 1833 2886 ἵνα
1860 2835 1937 2905 μὴ

351 2924 747 2993 ἀδελφοκτόνος
809 2923 930 2978 ἀντὶ
982 2923 1216 2992 ἀδελφοῦ
1282 2925 1530 2997 γένηται,
1579 2926 1718 2996 μήτε
1781 2926 1944 2988 αὐτὸς

355 3017 564 3087 ἐαυτῷ.
606 3016 664 3070 '0
698 3017 808 3088 γὰρ
855 3017 930 3088 μὴ
987 3015 1216 3088 ἰώμενος
1272 3017 1486 3082 ἑαυτὸν,
1519 3019 1678 3088 φησὶ,
1731 3019 1790 3072 ἐν
1834 3021 1947 3083 τοῖς

354 3110 542 3182 ἔργοις
573 3109 764 3174 αὐτοῦ,
796 3108 1026 3180 ἀδελφός
1072 3110 1190 3163 ἐστι
1250 3107 1346 3162 τοῦ
1395 3109 1794 3181 λυμαινομένου
1821 3110 1948 3166 ἐαυο

354 3201 465 3254 τόν.

2042 560 2162 598 rum
2209 553 2418 615 peccat.
2452 542 2547 598 Est
2577 552 2632 598 et
2670 539 2938 596 detractio
2987 555 3173 594 sermo
3213 540 3462 604 otiosus,
3495 555 3622 595 cum

2041 637 2166 708 quis
2195 637 2341 691 videt
2372 635 2514 706 quod
2543 635 2770 690 alterum
2802 634 2942 689 alter
2982 634 3183 688 laceret
3219 643 3273 689 et
3319 631 3627 688 calumnie-

2043 739 2132 784 tur
2157 768 2172 792 ,
2202 737 2257 783 et
2289 737 2451 784 tacet.
2489 726 2633 794 Quin
2663 736 2718 782 et
2757 727 2852 797 qui
2889 725 3267 781 detrahentem
3302 743 3412 780 non
3455 726 3629 781 libere

2040 820 2342 890 redarguit,
2406 820 2523 889 ipse
2565 832 2787 889 quoque
2829 817 3069 872 detrahit
3105 856 3122 882 ,
3174 817 3625 887 quandoquidem

2041 912 2186 982 quod
2216 912 2460 981 loquitur
2484 926 2589 964 non
2624 910 2782 964 habet
2830 924 2947 964 rem
2978 908 3370 964 subsistentem
3404 927 3417 962 :
3447 919 3500 963 et
3530 910 3622 979 qui

2039 1020 2138 1074 per
2169 1019 2228 1060 se
2260 1002 2703 1059 comminiscitur
2737 1001 3106 1068 mendacium,
3142 1001 3382 1057 otiosum
3413 1017 3627 1057 sermo.

2039 1113 2164 1152 nem
2201 1096 2408 1162 etl'utit,
2451 1094 2675 1166 quando
2713 1109 2829 1149 rem
2893 1109 3004 1149 non
3061 1093 3260 1148 factam
3303 1102 3400 1148 aut
3447 1095 3621 1149 visam

2041 1199 2250 1245 narrat.
2271 1190 2337 1245 Et
2360 1189 2456 1260 qui
2481 1189 2716 1242 alterum
2740 1186 2902 1241 docet
2919 1186 3067 1256 quod
3087 1185 3290 1241 bonum
3305 1195 3408 1250 est,
3434 1197 3488 1240 et
3505 1187 3624 1256 ipse

2043 1300 2154 1338 non
2192 1284 2344 1346 facit,
2378 1282 2494 1352 ipse
2528 1279 2742 1334 otiosus
2775 1277 2968 1332 doctor
3000 1285 3104 1332 est.

2039 1375 2237 1431 Basilii
2296 1373 2482 1443 Magni
2523 1373 2588 1426 dc
2645 1388 2748 1424 non
2801 1369 3134 1424 occultandi:
3167 1385 3256 1422 seu
3279 1368 3509 1438 propriis
3537 1383 3628 1422 seu

2533 1464 2723 1518 alienis
2767 1464 3001 1516 delictis.
3033 1460 3124 1514 ‘26.

2111 1558 2288 1614 Omne
2332 1566 2620 1628 peccatum
2683 1553 3033 1609 referendum
3083 1562 3167 1608 est
3198 1552 3265 1606 ad
3299 1551 3627 1617 antistitem,

2040 1653 2156 1708 sive
2187 1653 2257 1708 ab
2297 1665 2364 1706 eo
2395 1651 2516 1720 ipso
2545 1648 2639 1720 qui
2684 1646 2930 1718 peccavit
2949 1646 3063 1702 sive
3089 1645 3158 1700 ab
3191 1645 3334 1710 aliis,
3361 1646 3454 1715 qui
3482 1647 3631 1701 illius

2039 1740 2250 1797 conscii
2304 1751 2454 1806 sunt,
2489 1737 2534 1793 si
2581 1737 2712 1791 illud
2737 1735 2840 1806 ipsi
2871 1749 3070 1791 curare
3093 1750 3200 1789 non
3237 1735 3470 1804 possint,
3492 1744 3632 1790 eteo

2039 1833 2214 1891 modo
2259 1832 2490 1895 mederi,
2513 1844 2624 1901 quo
2647 1845 2676 1884 a
2701 1827 2936 1884 Domino
2959 1835 3295 1897 praeceptum
3317 1835 3402 1881 est
3423 1842 3636 1897 ;quan-

2037 1927 2108 1982 do
2139 1925 2332 1980 vitium
2367 1921 2772 1979 dissimulatum
2799 1919 3026 1975 morbus
3059 1926 3145 1973 est
3169 1919 3224 1972 in
3259 1916 3446 1972 animo
3477 1917 3620 1973 obli-

2039 2027 2278 2081 tescens,
2310 2023 2364 2070 et
2428 2023 2880 2083 supputrcscens.
2929 2006 3404 2075 Quemadmodum
3459 1991 3631 2078 igitur

2039 2102 2196 2158 nullo
2250 2099 2418 2155 modo
2458 2099 2596 2153 bene
2629 2099 2694 2152 de
2723 2096 2880 2151 nobis
2934 2095 3190 2151 meritum
3227 2095 3541 2151 diceremus
3569 2095 3636 2149 il-

2039 2200 2180 2258 lum,
2209 2196 2303 2266 qui
2351 2193 2635 2254 intestina,
2668 2201 2821 2262 peste
2856 2189 3056 2246 infecta
3091 2191 3146 2245 in
3177 2205 3411 2261 corpore
3441 2201 3636 2246 nostro

2040 2288 2341 2358 clauderet,
2363 2285 2457 2340 sed
2489 2285 2641 2338 illum
2665 2284 2850 2354 potius
2871 2284 2965 2353 qui
3006 2298 3131 2338 cum
3161 2282 3348 2338 dolore
3371 2293 3424 2337 et
3464 2299 3634 2338 cruo-

2043 2382 2123 2436 ris
2152 2380 2316 2435 etiatn
2341 2377 2606 2434 missione
2636 2391 2732 2446 per
2773 2377 3074 2432 sectionem
3117 2391 3212 2431 seu
3265 2376 3631 2433 scarificatio-

2044 2485 2170 2526 nem
2203 2484 2268 2524 ea
2323 2468 2377 2522 in
2419 2474 2673 2536 apertum
2719 2465 3073 2532 extraheret;
3105 2480 3216 2535 quo
3251 2465 3508 2520 videlicet
3539 2474 3640 2521 aut

2053 2562 2203 2633 quod
2254 2561 2479 2616 noxium
2523 2567 2669 2615 esset
2695 2574 2788 2629 per
2812 2558 3081 2612 vomitum
3116 2557 3427 2627 repelleret,
3460 2566 3552 2612 aut
3581 2556 3636 2611 in

2046 2654 2365 2709 universum
2425 2665 2521 2722 per
2559 2649 2737 2705 morbi
2798 2647 3225 2704 declarationem
3277 2647 3541 2707 efficeret.
3579 2654 3642 2701 ut

2048 2745 2250 2802 medus
2281 2757 2505 2814 quoque
2550 2741 2856 2797 curationis
2905 2738 3125 2794 facilius
3161 2745 3590 2808 cognosceretur
3620 2753 3634 2790 :

2049 2838 2125 2893 ita
2179 2837 2388 2892 clarum
2415 2842 2468 2890 et
2503 2842 2714 2889 certum
2749 2839 2856 2896 est,
2884 2820 3006 2885 eum
3037 2828 3132 2900 qui
3156 2828 3297 2884 celat
3327 2835 3641 2897 peccatum,

2049 2928 2334 3000 aegrotanti
2356 2934 2585 2981 mortem
2605 2937 2927 2996 procurare,
2959 2920 3212 2975 stimulus
3249 2921 3388 2974 enim
3437 2916 3644 2988 peccati

2050 3039 2215 3089 mors,
2283 3021 2465 3092 inquit
2523 3017 2822 3089 Apostolus
2856 3016 2922 3071 ”.
2956 3013 3463 3084 Reprehensionem
3509 3025 3642 3064 vero

2051 3126 2148 3168 seu
2183 3109 2607 3181 obiurgationes
2639 3106 2822 3160 libera
2844 3113 2896 3158 et
2917 3111 3136 3174 aperta’,
3169 3101 3414 3156 utiliores
3455 3097 3646 3154 occul-

2056 3211 2110 3256 ta
2143 3198 2406 3256 amicitia.
2439 3195 2613 3251 Nemo
2635 3209 2762 3263 ergo
2793 3192 2935 3247 alius
2980 3190 3208 3245 alterius
3235 3193 3516 3259 peccatum
3563 3191 3646 3236 te-

357 3305 469 3363 gat,
501 3307 570 3344 ne
595 3307 694 3361 pro
726 3290 894 3346 fratre
925 3291 1115 3349 fratris
1175 3295 1266 3349 ﬁat
1296 3293 1596 3359 homicida,
1658 3309 1836 3364 neque
1863 3307 2023 3348 suum
2066 3294 2241 3364 ipsius
2274 3293 2410 3364 ipse.
2441 3290 2555 3362 98
2581 3287 2685 3357 Qui
2732 3287 2877 3342 enim
2918 3301 2976 3340 se
3012 3284 3128 3356 ipse
3157 3282 3210 3336 in
3242 3279 3360 3336 suis
3383 3276 3642 3349 operibus

360 3397 468 3437 non
498 3395 675 3445 curat,
712 3381 882 3436 frater
902 3391 980 3436 est
1024 3398 1082 3438 se
1107 3374 1285 3452 ipsum
1321 3384 1618 3453 perdentis.

954 3480 999 3530 Σ
1002 3477 1217 3544 χόλιον
1243 3482 1348 3530 κε’.
1703 3516 1718 3524 ,-

446 3569 710 3623 Ἐνταῦθα
737 3570 881 3641 μένὸ
910 3569 1212 3640 πάμμεγας
1240 3561 1396 3632 οὗτος
1424 3569 1615 3639 Πατὴρ
1634 3568 1729 3621 καὶ
1759 3568 1793 3638 ἡ
1822 3583 1950 3620 συν-

361 3661 518 3732 ήθεια
542 3663 642 3732 τὴν
661 3663 808 3730 λέξιν
828 3663 920 3715 ἐπὶ
954 3661 1123 3731 ψόγου
1149 3661 1362 3714 τάσσει.
1393 3662 1533 3724 Τοὺς
1563 3661 1672 3733 γὰρ
1691 3659 1948 3723 αὐθάδεις

356 3754 452 3806 καὶ
483 3753 863 3817 ἀπαιδεύτους,
899 3753 993 3807 καὶ
1042 3753 1262 3824 θρασεῖς
1293 3752 1387 3806 καὶ
1415 3752 1702 3818 ἀλαζόνας,
1726 3753 1818 3806 καὶ⁸
1841 3753 1957 3820 οίη-

363 3846 584 3916 ματίας,
619 3847 712 3900 καὶ
744 3846 1114 3917 ἐπηρμένους,
1153 3844 1466 3916 ἀγερώχους
1500 3846 1770 3914 λέγουσιν.
1799 3845 1860 3898 Ὀ
1895 3844 1952 3898 δὲ

363 3938 615 4007 ’Όμηρος
644 3937 734 3991 καί
779 3954 923 4001 τινες
977 3937 1086 3990 τῶν
1141 3935 1342 4006 σοφῶν,
1380 3938 1504 4001 τοὺς
1537 3937 1676 4006 ἀγαν
1709 3937 1962 4006 ἐντίμους

361 4025 679 4098 ἀγερώχους
707 4027 867 4096 φασιν
889 4027 998 4081 ἀπὸ
1013 4025 1106 4080 τοῦ
1126 4027 1280 4096 ἄγαν
1303 4026 1396 4080 ἐπὶ
1417 4027 1477 4080 τὸ
1501 4027 1669 4100 γέρας
1695 4026 1957 4097 ὀχεῖσθαι.

365 4118 545 4171 Ἔνιοι
592 4119 647 4170 δέ
702 4120 809 4172 τῶν
861 4118 1306 4191 γλωσσογράφων
1362 4118 1438 4189 (a)
1498 4119 1642 4182 ίδίως
1683 4119 1810 4180 τοὺς
1862 4135 1961 4190 νη-

361 4209 568 4274 σιώτας
612 4206 767 4265 εἷπον
820 4211 1140 4283 ἀγερώχους
1189 4211 1473 4266 καλεῖσθαι
1516 4211 1605 4266 διὰ
1657 4210 1720 4264 τὸ
1767 4211 1953 4264 ἐπεισ-

359 4302 514 4372 άκτῳ
550 4305 724 4374 τροφῇ
757 4302 1058 4373 κεχρῆσθαι
1096 4303 1312 4366 αὐτοὺς,
1366 4301 1474 4357 ἀπὸ
1518 4299 1762 4373 ἀγείρειν
1805 4300 1956 4372 ὀχὴν,

360 4393 534 4460 ἤγουν
575 4391 832 4459 συνάγειν
890 4392 1117 4463 τροφήν
1170 4392 1271 4463 ὀχὴ
1331 4392 1442 4464 γὰρ
1497 4391 1723 4460 λέγεται
1779 4390 1955 4462 τροφὴ

361 4482 518 4554 παρά
552 4485 665 4544 τοῖς
688 4483 905 4546 πολλοῖς
936 4484 1045 4538 τῶν
1073 4484 1274 4554 σοφῶν,
1312 4485 1377 4538 ἐκ
1403 4483 1498 4538 τοῦ
1531 4483 1678 4556 ἔχειν
1708 4483 1805 4537 καὶ
1831 4484 1954 4536 δια⁸

363 4578 588 4643 κρατεῖν
609 4575 698 4628 τὸν
723 4574 883 4638 ζωόν.

2657 3467 2905 3522 Scholion
2961 3463 3054 3518 25.

2121 3564 2189 3622 Et
2218 3565 2307 3620 hic
2336 3562 2582 3634 quidem,
2615 3561 2891 3615 maximus
2927 3557 3017 3612 hic
3044 3563 3220 3626 pater,
3255 3552 3399 3608 sicut
3420 3557 3476 3607 et
3507 3563 3649 3608 con-

2052 3657 2284 3714 suetudo
2301 3671 2397 3711 seu
2427 3670 2562 3710 usus
2591 3649 2849 3724 loquendi
2875 3663 3062 3703 vocem
3088 3645 3229 3699 hanc
3247 3642 3572 3713 (ἀγέρωχον)
3589 3641 3649 3696 in

2059 3752 2257 3806 malam
2286 3757 2494 3818 partem
2528 3745 2727 3814 accipit
2764 3763 2775 3797 :
2800 3741 3038 3796 audaces
3058 3738 3203 3792 enim
3234 3745 3286 3790 et
3316 3734 3568 3790 indoctos
3594 3743 3650 3788 et

2059 3837 2402 3910 praefidentes
2449 3841 2505 3889 et
2553 3839 2898 3902 arrogantes,
2939 3834 2995 3881 et
3047 3823 3343 3879 insolentes
3371 3830 3426 3876 et
3472 3821 3648 3875 elatos

2060 3928 2254 3983 dicunt
2275 3922 2612 3994 ἀγερώχους.
2632 3918 2905 3974 Homerus
2927 3916 3001 3988 (ὁ)
3015 3929 3146 3969 vero
3161 3921 3216 3967 et
3231 3911 3322 3966 alii
3337 3910 3645 3980 sapientum

2062 4021 2217 4076 valde
2248 4019 2542 4072 honoratos
2577 4016 2712 4087 (sive
2737 4014 2958 4081 heroas)
2989 4017 3188 4064 vocant
3236 4003 3550 4074 ἀγερώχους
3579 4004 3650 4056 ab

2059 4114 2199 4182 ἄγαν
2247 4110 2393 4181 quod
2451 4117 2538 4164 est
2596 4107 2771 4170 valde,
2804 4113 2859 4160 et
2915 4102 3084 4174 γέρας
3141 4100 3350 4164 honor,
3413 4105 3468 4150 et
3503 4095 3651 4166 ὀχεῖ-

2063 4205 2214 4268 σθαι,
2237 4203 2381 4273 quod
2421 4200 2581 4255 valde
2631 4213 2828 4269 magno
2876 4196 3089 4250 honore
3143 4191 3465 4254 evehantur,
3509 4186 3650 4256 ἄγαν

2060 4298 2155 4352 ἐπὶ
2187 4297 2249 4350 τὸ
2287 4295 2456 4367 γέρας
2509 4291 2779 4364 ὀχεῖσθαι.
2828 4286 3089 4344 Nonnulli
3137 4280 3516 4357 glossographi
3553 4281 3653 4334 do-

2061 4398 2187 4448 cent
2247 4385 2467 4459 proprie
2529 4383 2799 4454 quosdam
2862 4379 3136 4436 insularcs
3206 4378 3382 4433 dictos
3438 4372 3654 4446 ἀγερώ-

2056 4499 2211 4554 χους,
2239 4495 2305 4536 eo
2331 4479 2477 4550 quod
2508 4479 2672 4533 illatis
2694 4487 2751 4532 et
2776 4476 3010 4532 invectis
3033 4479 3323 4529 uterentur
3347 4469 3654 4530 alimentis,

2061 4577 2130 4630 al)
2179 4571 2422 4646 ἀγείρειν
2475 4571 2632 4644 ὀχὴν,
2691 4587 2721 4626 a
2798 4567 3144 4652 corrogando
3203 4581 3303 4623 seu
3348 4561 3659 4633 colligendo

364 4663 690 4737 γὶειιι.’οχὴ
717 4667 864 4720 enim
891 4667 1365 4738 apudcomplures
1415 4665 1706 4724 doctorum
1773 4667 2019 4727 virorum
2061 4668 2264 4726 dicitur
2311 4664 2658 4729 alimentum,
2692 4678 2758 4719 eo
2814 4663 2965 4734 quod
3019 4661 3130 4716 alat
3157 4666 3213 4715 et
3239 4665 3458 4714 tueatur
3490 4654 3657 4709 vitam

364 4758 647 4813 aaimalis.

763 4869 1088 4924 Βασιλείου
1121 4867 1392 4940 μεγάλου
1443 4869 1559 4934 σις’.

438 4959 548 5012 Δύο
573 4960 829 5032 σημαίνει
857 4963 890 5033 ἡ
924 4961 1020 5016 τοῦ
1051 4962 1363 5036 πανούργου
1404 4965 1772 5037 προσηγορία,
1816 4966 1907 5019 καὶ
1933 4967 1962 5020 6

366 5053 472 5122 μέν
505 5049 669 5124 [πως]
698 5054 790 5107 ἐπὶ
827 5053 1000 5128 βλάϐῃ
1059 5055 1262 5126 ἐτέρων
1305 5059 1372 5128 τῇ
1409 5057 1624 5127 ἐπινοίᾳ
1657 5056 1959 5128 χρώμενος,

365 5144 634 5214 πονηρός·
665 5145 765 5198 ὀδὲ
788 5147 1074 5211 ἐπαινετὸς
1104 5145 1434 5220 πανοῦργος,
1466 5151 1494 5202 6
1528 5148 1696 5216 ὀξέως
1717 5149 1812 5201 καὶ
1833 5165 1962 5201 συν-

366 5234 511 5297 ετῶς
535 5235 598 5288 τδ
625 5237 825 5291 οἰκεῖον
867 5237 1074 5306 ἀγαθὸν
1113 5239 1467 5312 ἐξευρίσκων,
1499 5241 1594 5292 καὶ
1632 5241 1744 5303 τοῖς
1770 5239 1964 5302 δολίοις

372 5329 469 5382 καὶ
497 5328 804 5395 ἐπιϐούλοις
829 5333 960 5403 παρ’
984 5331 1188 5403 ἐτέρων
1217 5331 1366 5404 αὐτῷ
1416 5331 1622 5403 βλάϐας
1653 5349 1959 5405 σκαιωρου-

382 5421 550 5492 μένας
577 5421 1015 5494 ἀποδιδράσκων.

449 5600 502 5631 τ’
521 5598 678 5656 Rom.
710 5617 785 5671 vr,
808 5602 900 5657 25.

441 5763 521 5828 (ιι)
574 5756 898 5830 Hesychius.

1987 4853 2038 4912 ι)

2591 4862 2763 4918 Basil.
2799 4861 2985 4933 Magn.
3035 4859 3127 4916 26.

2135 4959 2320 5016 Astuti
2375 4957 2672 5030 appellatio
2719 4956 2831 5010 duo
2863 4954 3158 5025 significat.
3199 4993 3213 5008 .
3244 4992 3258 5006 .
3294 4989 3310 5007 .
3346 4992 3360 5005 .
3398 4990 3412 5004 .
3444 4989 3460 5005 .
3506 4991 3521 5003 .
3557 4991 3570 5003 .
3609 4960 3659 5005 et

2064 5054 2308 5125 quidem,
2333 5051 2450 5124 qui,
2483 5033 2760 5121 quomodo
2800 5048 2926 5104 aliis
2957 5054 3174 5112 noceat,
3202 5045 3518 5106 meditatur,
3543 5057 3656 5096 ma-

2064 5146 2151 5202 lus
2177 5154 2280 5212 est,
2325 5141 2675 5200 laudabiliter
2703 5156 2832 5196 vero
2863 5148 3081 5195 astutus
3133 5148 3243 5202 est,
3280 5136 3376 5207 qui
3403 5147 3563 5189 acute
3611 5142 3659 5186 et

2064 5238 2368 5309 prudenter
2426 5236 2639 5291 bonum
2671 5250 2834 5290 suum
2868 5233 3157 5303 investigat
3186 5239 3239 5285 et
3272 5225 3659 5298 deprehendit,

2072 5341 2238 5401 atque
2300 5328 2591 5385 meditatas
2631 5326 2736 5384 sibi
2781 5344 2876 5398 per
2929 5323 3149 5380 fraudes
3171 5331 3226 5378 et
3265 5320 3494 5376 insidias
3526 5315 3656 5372 alio-

2075 5439 2196 5477 rum
2223 5439 2397 5478 noxas
2433 5430 2488 5478 et
2520 5421 2722 5478 damna
2759 5431 2919 5477 caute
2937 5415 3195 5474 declinat.

2146 5763 2220 5830 (ιι)
2255 5756 2418 5816 Iliad.
2454 5757 2517 5825 ιι,
2541 5761 2663 5812 τίει-ι.
