4110 6422
464 350 570 414 τις»

1098 472 1274 526 Marri
1315 471 1404 526 27.

538 561 644 632 Qui
678 578 953 618 aerumnas
983 572 1037 618 et
1061 563 1419 632 ignominiam
1450 576 1550 631 pro
1591 563 1820 619 verit-uc
1852 565 2055 619 tuenda

463 658 634 730 eligit,
665 657 1022 726 apostolicam
1058 655 1476 709 viam'ambulat
1501 698 1515 720 ,
1548 671 1884 726 crucemque
1920 658 2060 712 tollit

465 757 659 802 catena
693 747 1094 800 circumdatus.
1123 745 1229 811 Qui
1261 754 1418 800 extra
1456 745 1573 802 hmc
1599 745 1732 812 duo,
1767 748 1917 802 cordi
1957 763 2059 804 suo

458 839 690 910 obsequi
745 838 1034 893 conabitur
1070 836 1276 892 fallitur
1336 839 1520 895 animo
1557 879 1571 907 ,
1620 838 1928 912 inciditque
2001 840 2057 897 in

461 934 818 998 tcntationes,
855 939 908 986 et
936 931 1163 1001 laqueos
1187 931 1414 985 diaboli.

1065 1103 1294 1159 Maximi
1321 1127 1326 1130 ·
1356 1103 1448 1160 28.

530 1195 801 1267 Quisquis
821 1210 952 1251 eum
977 1195 1250 1266 religiosis
1277 1195 1540 1250 fratribus
1574 1196 1757 1251 vivere
1796 1196 2054 1257 decresti.

465 1291 654 1346 statim
721 1289 790 1344 ab
827 1289 947 1360 ipso
974 1289 1246 1343 vestibulo
1278 1297 1332 1342 et
1356 1289 1605 1359 ingressu
1633 1299 1756 1344 tuas
1801 1289 2059 1344 volunta—

460 1393 548 1437 tes
570 1382 763 1437 abdica
790 1425 806 1449 ,
843 1395 1019 1450 neque
1049 1381 1196 1436 enim
1233 1380 1346 1433 alio
1392 1381 1556 1436 modo
1579 1381 1662 1434 vel
1683 1379 1854 1456 [apud
1883 1381 2056 1435 Deum

467 1476 550 1530 vel
613 1483 738 1530 tuos
791 1471 1237 1544 contubernales]
1266 1472 1450 1528 divina
1499 1474 1583 1528 vel
1623 1475 1865 1530 h‘umana
1924 1490 2058 1544 pace

465 1568 577 1623 frui
607 1582 846 1639 unquam
879 1567 1111 1637 poteris.

1033 1657 1296 1712 Diadocht’
1333 1657 1424 1712 29.

541 1752 898 1822 Exploratum
935 1761 1021 1806 est
1065 1750 1436 1806 obedientiam
1489 1763 1613 1806 esse
1641 1749 1903 1805 virtutum
1929 1765 2052 1806 om-

1729 356 1792 415 S-
1815 356 2137 420 JOANNIS
2169 358 2480 420 CLIMACI
3644 365 3749 430 τεο

2769 479 3013 544 Μάρκου
3053 473 3152 536 xC’.

2245 571 2302 621 Ὀ
2333 569 2632 639 κακουχίας
2671 571 2765 623 καὶ
2823 572 3051 640 ἀτιμίας
3093 569 3235 642 ὑπὲρ
3260 567 3521 640 ἀληθείας
3555 570 3746 641 αἱρού-

2164 677 2345 730 μενος,
2395 659 2761 730 ἀποστολικὴν
2809 659 2926 713 ὁδὸν
2995 659 3309 730 πορεύεται,
3367 659 3458 712 τὸν
3513 661 3748 730 σταυρὸν

2160 749 2320 820 ἄρας.
2357 752 2450 806 καὶ
2470 751 2568 824 τὴν
2598 750 2787 810 ἅλυσιν
2834 749 3237 823 περικείμενος.
3283 750 3343 803 '0
3365 750 3422 804 δὲ
3455 749 3609 814 ἑκτὸς
3641 751 3750 805 τῶν

2160 841 2254 895 δύο
2287 841 2514 910 τούτων,
2551 846 2618 915 τῇ
2675 843 2869 916 καρδίᾳ
2905 842 3197 915 προσέχειν
3231 842 3575 915 πειρώμενος
3611 843 3748 896 πλα-

2160 938 2318 991 νᾶται
2378 936 2518 991 κατὰ
2543 936 2687 1002 νοῦν,
2735 937 2826 992 καὶ
2859 937 3118 1010 ἐμπίπτει
3165 937 3245 1000 εἰς
3288 935 3596 1008 πειρασμὸν
3654 937 3752 990 καὶ

2162 1028 2366 1098 παγίδα
2398 1029 2493 1084 τοῦ
2521 1030 2793 1085 διαϐόλου.

2737 1207 3016 1277 Μαξίμου
3050 1207 3166 1275 κη’.

2233 1299 2636 1370 Πνευματικοῖς
2667 1299 2920 1369 ἀδελφοῖς
2947 1300 3182 1372 συζῆσαι
3214 1301 3754 1374 προῃρημένος,τοτς

2162 1393 2275 1455 σοῖς
2323 1391 2592 1463 θελήμασι
2641 1392 2750 1448 ἀπὸ
2807 1392 2987 1464 θυρῶν
3036 1393 3329 1462 ἀπόταξαι·
3383 1379 3468 1446 ού’
3510 1393 3588 1465 μὴ
3639 1397 3753 1466 γὰρ

2160 1484 2338 1556 ἑτέρῳ
2368 1487 2556 1558 τρόπῳ
2607 1483 2925 1557 είρηνεῦσαι
2973 1485 3200 1558 δυνήσῃ,
3249 1484 3372 1540 οὔτε
3410 1486 3546 1556 πρὸς
3591 1486 3751 1554 Θεὸν,

2158 1575 2282 1631 οὔτε
2303 1577 2438 1652 πρὸς
2461 1578 2590 1643 τοὺς
2624 1577 2926 1644 συζῶντας.

2725 1671 3018 1742 Διαδόχου
3064 1670 3176 1728 κθ.

2241 1761 2307 1814 Ἦ
2357 1760 2572 1833 ὑπακοὴ
2618 1761 2838 1834 πρῶτον
2884 1765 2943 1816 ἐν
2991 1763 3194 1828 πάσαις
3243 1765 3364 1827 ταῖς
3424 1764 3758 1833 είσαγωγοῖς

463 1847 644 1911 nium,
683 1860 806 1916 quae
831 1844 898 1898 ad
932 1843 1243 1912 religiosam
1273 1843 1438 1896 vitam
1461 1842 1604 1896 viam
1634 1844 2060 1915 muniuntprin-

2164 1854 2385 1926 ἀρεταῖς
2413 1855 2678 1926 ὑπάρχειν
2707 1853 2980 1924 ἔγνωσται
3003 1855 3187 1911 καλόν.
3233 1856 3441 1914 ’Λθετεῖ
3468 1859 3577 1930 γὰρ
3609 1858 3758 1924 τέως

462 1939 678 2015 cipem;
713 1937 957 1992 retundit
981 1938 1126 1991 enim
1155 1951 1374 1989 onmem
1412 1933 1610 1990 fastum
1638 1937 1838 2007 suique
1862 1937 2057 1991 existi—

469 2033 766 2085 mationem
817 2029 977 2096 tollit,
1021 2029 1386 2083 humilitatem
1437 2027 1582 2098 parit
1618 2047 1630 2082 :
1663 2028 1808 2082 unde
1835 2039 1890 2083 et
1939 2031 2058 2084 adi-

462 2132 580 2178 tum
635 2124 810 2193 aperit
854 2123 919 2176 iis
954 2123 1044 2192 qui
1074 2131 1321 2191 prompte
1356 2135 1478 2174 eam
1534 2121 1944 2190 amplectuntur
1989 2123 2056 2178 ad

462 2214 560 2270 Dei
608 2215 950 2269 cltaritatem.
986 2211 1099 2282 99
1130 2210 1280 2266 Hane
1325 2226 1450 2267 cum
1501 2211 1746 2266 Adamus
1785 2212 2052 2280 exuisset,

461 2307 664 2376 seipse
704 2307 756 2359 in
811 2305 982 2359 imum
1035 2312 1307 2358 tartarum
1358 2303 1694 2374 praecipitem
1737 2305 1868 2375 egit.
1903 2303 2057 2360 Hanc

461 2415 588 2456 eum
641 2397 907 2452 Dominus
960 2412 1058 2467 per
1119 2407 1432 2466 susceptam
1461 2396 1858 2450 humanitatem
1893 2397 2056 2451 reda-

461 2499 688 2553 masset.
719 2490 900 2546 factus
926 2499 1011 2545 est
1044 2487 1190 2544 Patri
1218 2505 1321 2544 suo
1346 2489 1608 2544 ubediens
1630 2504 1808 2559 usque
1837 2489 1907 2543 ad
1932 2503 2059 2544 cru-

461 2599 582 2639 cem
641 2593 695 2639 et
745 2592 977 2638 mortem
1000 2583 1068 2636 ⁷⁸.
1116 2581 1298 2636 Prima
1351 2595 1481 2652 ergo
1531 2589 1586 2634 et
1633 2596 1850 2636 summa
1890 2579 2056 2652 hujus

465 2689 603 2730 cura
634 2675 881 2728 habenda
907 2682 991 2729 est
1021 2673 1088 2728 iis
1123 2673 1215 2742 qui
1243 2687 1368 2726 cum
1403 2670 1673 2740 superbiae
1698 2673 1895 2742 spiritu
1937 2671 2058 2726 dia-

458 2768 589 2825 bolo
628 2775 907 2822 certamen
961 2766 1376 2837 aggrediuntur.
1433 2764 1562 2817 Ilaec
1609 2763 1757 2818 enim
1825 2764 2057 2820 ulterius

462 2859 865 2932 progrediendo
907 2873 1102 2914 omnes
1160 2857 1320 2914 nobis
1359 2857 1578 2914 virtutis
1617 2858 1736 2916 vias
1776 2858 1896 2916 sine
1939 2857 2052 2916 ullo

461 2968 651 3008 errore
677 2951 1104 3007 demonstrabit.

1071 3042 1320 3098 Scholion
1357 3043 1450 3099 50.

534 3137 846 3194 Veneratur
877 3146 931 3194 et
971 3137 1228 3194 observat
1269 3147 1424 3209 pater
1480 3137 1783 3210 legitimum
1835 3148 2055 3210 septen-

2157 1944 2256 2016 τὴν
2293 1945 2492 2017 οἴησιν,
2526 1944 2702 1999 τίκτει
2761 1945 2820 1998 δὲ
2868 1947 2901 2017 ἡ
2955 1946 3054 2017 μὲν
3091 1947 3191 2019 τὴν
3217 1948 3752 2020 ταπεινοφροσύνην.

2164 2037 2334 2090 Ὅθεν
2394 2038 2490 2092 καὶ
2548 2037 2688 2110 θύρα
2744 2039 2954 2108 γίνεται
3011 2041 3123 2104 τοῖς
3179 2041 3352 2112 αὐτῆς
3397 2042 3756 2114 ἀνεχομένοις

2158 2129 2328 2200 ἡδέως
2378 2131 2478 2202 τῆς
2531 2131 2612 2194 είς
2665 2130 2798 2186 Θεὸν
2844 2131 3088 2202 ἀγάπης.
3152 2132 3368 2204 Ταύτην
3423 2134 3758 2204 ἀθετήσαςὸ

2169 2221 2362 2292 Ἀδάμ,
2388 2223 2469 2286 είς
2487 2222 2579 2276 τὸν
2610 2221 2794 2293 βύθιον
2823 2223 3173 2300 ἀπῳλίσθησε
3211 2227 3501 2297 τάρταρον.
3530 2226 3760 2296 Ταύτης

2158 2313 2390 2386 ἑραστὴς
2430 2317 2459 2369 ὀ
2489 2315 2696 2387 Κύριος
2766 2316 2846 2387 τῷ
2888 2319 2988 2388 τῆς
3024 2317 3358 2388 -οίκονομίας
3419 2317 3562 2388 λόγῳ
3621 2317 3766 2388 ἄχρι

2160 2407 2395 2482 σταυροῦ
2428 2411 2523 2464 καὶ
2553 2410 2788 2466 θανάτου
2817 2411 3096 2482 ὑπήκουσε
3149 2412 3229 2482 τῷ
3286 2411 3485 2464 ἑαυτοῦ
3545 2409 3760 2481 Πατρε.

2158 2500 2385 2574 Πρώτου
2423 2499 2516 2557 οὗν
2543 2502 2735 2557 τούτου
2780 2504 3157 2574 ἐπιμελεῖσθαι
3189 2503 3270 2556 δεῖ
3310 2501 3437 2568 τοὺς
3485 2504 3621 2574 πρὸς
3649 2503 3766 2571 τὴν

2157 2595 2336 2668 οἴησιν
2369 2597 2463 2651 τοῦ
2498 2598 2745 2652 διαϐόλου
2782 2596 3210 2668 ἀναδεχομένους
3244 2596 3343 2669 τὴν
3393 2597 3574 2667 πάλην
3597 2611 3610 2622 ·
3637 2593 3764 2650 δεὶ-

2159 2689 2240 2756 ξει
2270 2690 2380 2764 γὰρ
2402 2692 2532 2763 ἡμῖν
2555 2690 2692 2763 αὓτη
2715 2691 2981 2764 προϊοῦσα
3005 2692 3186 2756 πάσας
3209 2689 3468 2755 ἀπλανῶς
3497 2689 3597 2753 τὰς
3634 2688 3766 2766 τρε..

2159 2781 2289 2848 ϐους
2322 2783 2431 2838 τῶν
2463 2785 2696 2856 ἀρετῶν.

2764 3049 3025 3105 Σγόλιον
3061 3051 3138 3105 .l'.

2764 3069 2802 3102 ὦ
2853 3069 3025 3103 ο.ιιον
3061 3069 3138 3105 ,ιλ

2231 3139 2383 3214 Τιμᾷ
2410 3144 2439 3196 ὁ
2463 3141 2655 3214 Πατὴρ
2687 3141 2786 3214 τὴν
2809 3069 3040 3213 four.th
3078 3139 3393 3205 ἑπταετίαν,
3440 3139 3612 3202 λύσας
3652 3135 3762 3206 τοῦ

462 3232 641 3298 nium,
671 3234 797 3287 dum
823 3231 914 3286 illo
936 3239 1131 3287 exacto
1162 3229 1432 3288 [siderum
1461 3247 1492 3288 a
1522 3242 1671 3288 statu
1712 3231 2058 3303 paenitentiae

2163 3234 2438 3306 ἐπιτιμίου
2469 3235 2561 3288 τὸν
2599 3234 2889 3304 Ἰσίδωρον,
2933 3234 3110 3306 τούτῳ
3161 3232 3528 3306 παραδεικνὺς
3566 3230 3626 3285 τὸ
3656 3232 3763 3284 ἑπ⁹

462 3325 722 3388 exsolvit,
756 3340 867 3396 quo
892 3325 1137 3380 ostendit
1163 3324 1268 3381 hoc
1295 3325 1556 3382 omnibus
1590 3324 1922 3381 mortalibus
1952 3341 2055 3380 usu

464 3421 679 3484 venire,
737 3427 798 3472 nt
837 3426 1162 3488 praesentem
1201 3418 1371 3473 vitam
1407 3434 1534 3474 cum
1564 3419 1754 3474 labore
1791 3425 1846 3473 et
1867 3417 2060 3474 dolore

463 3513 708 3583 exigant,
743 3509 923 3579 quoad
977 3511 1064 3566 bis
1118 3511 1481 3581 prtesentibus
1537 3509 1812 3584 perfuncti
1841 3510 1910 3566 ad
1966 3525 2054 3567 re—

465 3607 651 3678 quiem
683 3603 909 3660 alterius
942 3604 1066 3658 vita:
1111 3604 1455 3674 perveniant.

1034 3695 1271 3752 Thalasii
1289 3695 1367 3770 (α)
1399 3698 1486 3752 51.

535 3789 752 3862 Optima
821 3791 1112 3864 disciplina
1181 3807 1274 3847 seu
1343 3789 1610 3857 studium,
1681 3788 1825 3846 mala
1890 3787 2061 3846 dedi-

467 3900 640 3941 ξρετε.

1077 3975 1252 4032 Marci
1324 3976 1415 4034 '52.

536 4069 640 4138 Qui
709 4071 922 4128 futuras
957 4085 1235 4127 aerumnas
1270 4077 1324 4124 et
1369 4068 1590 4124 labores
1643 4067 1835 4124 tollere
1868 4075 1923 4123 et
1963 4081 2061 4122 ex-

465 4165 742 4236 stinguere
770 4165 1030 4231 voluerit,
1063 4171 1282 4233 oportet
1311 4169 1369 4217 ut
1399 4169 1704 4232 praesentes
1745 4161 1978 4216 libenter
2007 4169 2062 4215 et

461 4257 704 4328 jucunde
774 4259 1134 4328 perpetietur.
1169 4254 1246 4309 lta
1309 4254 1609 4323 prudenter
1659 4269 1774 4310 rem
1811 4269 1938 4310 cum
2000 4268 2062 4308 re

463 4361 798 4405 connectens
853 4350 1089 4406 modicis
1137 4347 1428 4404 doloribus
1476 4348 1726 4419 ingentes
1780 4346 2060 4404 molestias

468 4442 790 4498 declinabit.

1162 4534 1368 4591 lsaaci.

2163 3325 2385 3392 ωδύνως
2405 3326 2506 3399 τὴν
2536 3329 2593 3381 ἑν
2625 3326 2702 3398 τῷ
2720 3325 2822 3398 βίῳ
2852 3326 3028 3398 τούτῳ
3059 3326 3206 3397 ζωὴν
3231 3325 3542 3398 διέρχεσθαι
3572 3323 3760 3399 πάντα

2162 3418 2454 3491 ἄνθρωπον
2477 3418 2819 3490 συμϐαίνειν,
2849 3417 3046 3492 μέχρις
3067 3418 3134 3472 ἀν
3156 3417 3266 3472 τῶν
3295 3411 3398 3472 ὦδε
3413 3415 3760 3487 ἀπαλλαγεὶς

2164 3511 2300 3585 πρὸς
2326 3510 2426 3584 τὴν
2462 3511 2672 3606 ἐκεῖθεν
2709 3511 3026 3585 καταντήσῃ
3053 3511 3387 3570 ἀνάπαυσιν.

2663 3687 3016 3742 Θαλασσίου
3045 3687 3120 3758 (a)
3143 3691 3257 3742 λα’.

2238 3783 2497 3853 Ἀριστον
2523 3780 2756 3854 μάθημά
2788 3782 2938 3836 ἑστιν
2970 3779 3284 3851 ἀνθρώποις
3335 3778 3398 3834 τὸ
3443 3777 3754 3850 ἀπομαθεῖν

2161 3873 2230 3932 τὰ
2253 3874 2419 3929 κακά.

2759 3963 3005 4040 Μάρκού
3030 3964 3152 4030 λβθ.

2232 4056 2315 4112 Τὰ
2346 4056 2611 4128 μέλλοντα
2637 4055 2889 4129 μοχθηρά
2913 4056 3161 4128 ἀναιρεῖν
3179 4051 3527 4126 βουλόμενος,
3545 4053 3752 4126 ὀφείλει

2171 4149 2242 4205 τά
2291 4149 2566 4205 ἑνεστῶτα
2607 4149 2780 4220 ἡδέως
2827 4147 3120 4220 ὑποφέρειν
3150 4163 3165 4178 ο
3199 4145 3343 4200 οὕτω
3389 4146 3499 4219 γὰρ
3549 4148 3750 4219 νοερῶς

2164 4241 2552 4297 συναλλάσσων
2583 4243 2820 4314 πρᾶγμα
2853 4241 3163 4312 πράγματι,
3191 4241 3281 4298 διὰ
3303 4241 3518 4316 μικρῶν
3543 4237 3746 4297 ὀδυνῶν

2165 4336 2408 4408 μεγάλας
2446 4335 2790 4407 ἐκφεύξεται.

2760 4517 2968 4574 Ἰσαὰκ
3003 4514 3182 4571 ἄλλο.

539 4630 718 4686 Parva
748 4627 972 4685 alllictio
1006 4637 1230 4699 propter
1263 4627 1432 4684 Deum
1468 4636 1723 4697 suscepta
1758 4667 1773 4692 ,
1803 4631 1900 4680 aut
1929 4623 2060 4678 tule-

2239 4614 2429 4684 Θλῖψις
2453 4613 2626 4686 μικρὰ
2653 4611 2743 4666 διὰ
2763 4610 2853 4664 τὸν
2887 4609 3020 4664 Θεὸν
3042 4609 3306 4681 γινομένη
3341 4608 3612 4680 κρείσσων
3629 4605 3747 4664 ἑστὶ

467 4736 630 4792 rata,
661 4730 886 4793 praestat
937 4723 1088 4792 operi
1134 4738 1334 4793 magno
1382 4724 1500 4778 sine
1548 4720 1847 4775 aﬂlictione
1900 4717 2064 4772 facto.

467 4813 609 4880 Quia
637 4812 948 4867 voluntaria
995 4809 1219 4868 aﬂlictio
1254 4810 1530 4882 specimen
1559 4809 1681 4864 ﬁdei
1734 4815 1788 4862 et
1829 4803 2068 4861 cbarita—

469 4907 541 4961 tis
567 4906 678 4960 edit
711 4924 724 4973 ;
763 4921 903 4976 opus
963 4919 1096 4959 vero
1145 4903 1374 4973 quietis,
1415 4902 1577 4974 quasi
1618 4917 1684 4956 ex
1719 4897 2072 4955 conscientiae

469 5000 648 5069 copia,
675 5014 772 5053 seu
806 4997 1061 5053 satietate
1113 4998 1381 5052 nascitur.
1418 4995 1710 5065 Propterea
1751 5000 2070 5050 smictorum

472 5090 527 5145 in
568 5090 852 5146 Christum
911 5087 1161 5144 cbaritas
1214 5102 1312 5157 per
1342 5085 1667 5142 atliictiones
1695 5083 1918 5153 probata
1949 5080 2070 5145 fuit,

473 5184 552 5256 (et
581 5199 685 5237 non
724 5198 820 5253 per
850 5179 1139 5255 quietem).
1177 5179 1368 5248 Itaque
1405 5195 1542 5250 Opus
1599 5179 1718 5235 sine
1765 5177 1950 5232 labore
1988 5174 2070 5232 fa—

469 5285 620 5332 ctum
655 5275 1000 5330 saecularium
1033 5281 1118 5330 est
1147 5272 1382 5342 justitia,
1415 5273 1509 5343 qui
1539 5288 1602 5327 ex
1646 5271 1804 5327 bonis
1832 5269 2072 5324 exterio-

473 5370 630 5426 ribus
683 5369 1090 5438 eleemosynam
1140 5365 1474 5437 largiuntur,
1527 5375 1582 5420 et
1629 5380 1738 5419 non
1779 5380 1843 5419 ex
1869 5363 2071 5433 seipsis

473 5457 689 5513 lucrum
716 5458 944 5512 iaciunt.

549 5631 594 5664 ὀ
632 5631 873 5704 Philipp.
912 5648 971 5697 ll,
1006 5633 1060 5697 7,
1094 5631 1145 5688 8.

2167 4708 2406 4780 μεγάλου
2468 4706 2632 4778 ἔργου
2669 4703 2762 4757 τοῦ
2813 4702 3089 4764 ἀθλίπτως
3135 4701 3484 4773 τελουμένου.
3538 4697 3744 4773 Διότιή

2165 4798 2409 4862 ἑκούσιος
2443 4796 2640 4867 θλῖψις,
2675 4795 2736 4848 τὸ
2773 4794 3023 4864 δοκίμιον
3074 4792 3174 4863 τῆς
3227 4795 3462 4856 πίστεως
3517 4793 3613 4844 καὶ
3651 4790 3749 4861 τῆς

2165 4891 2386 4961 ἀγάπης
2408 4887 2711 4944 ἀνατέλλει.
2743 4887 2818 4940 Τὸ
2863 4887 2920 4940 δὲ
2958 4885 3120 4958 ἑργον
3149 4885 3247 4955 τῆς
3283 4881 3646 4946 ἀναπαύσεως
3686 4881 3752 4937 ἐκ

2169 4983 2262 5038 τοῦ
2305 4983 2468 5056 κόρου
2523 4982 2625 5052 τῆς
2666 4981 3030 5053 συνειδήσεως
3059 4977 3294 5048 γίνεται.
3335 4974 3435 5030 Διά
3478 4973 3640 5027 τοῦτο
3694 4973 3752 5028 ἑν

2173 5077 2416 5148 θλίψεσιν
2445 5074 2883 5146 ἐδοκιμάσθησαν
2924 5074 2973 5126 οἱ
3015 5073 3164 5140 ἀγιοι
3222 5069 3361 5139 ὑπὲρ
3401 5066 3505 5136 τῆς
3535 5065 3756 5135 ἀγάπης

2167 5171 2260 5224 τοῦ
2293 5168 2554 5241 Χριστοῦ,
2581 5169 2674 5222 καὶ
2696 5167 2818 5237 ούχλ⁵
2844 5167 2900 5219 ἑν
2930 5160 3357 5221 ἀνέσενδιὸτιτὸ
3385 5157 3556 5231 χωρὶς
3581 5156 3752 5210 κόπου

2169 5264 2456 5335 γινόμενον
2497 5261 2684 5333 ἔργον,
2721 5262 2754 5332 ὴ
2790 5257 3106 5327 δικαιοσύνη
3137 5254 3255 5310 ἑστὶ
3291 5253 3402 5307 τῶν
3445 5249 3752 5323 κοσμικῶν,

2167 5358 2361 5419 οἵτινες
2383 5356 2446 5408 ἑκ
2473 5354 2567 5408 τοῦ
2597 5353 2796 5418 ἔξωθεν
2837 5349 3082 5405 ποιοῦσιν
3116 5345 3511 5418 ἐλεημοσύνην,
3545 5342 3756 5398 καὶούκ

2168 5451 2226 5502 ἑν
2253 5449 2464 5512 ἑαυτοῖς
2493 5446 2885 5517 κερδαίνουσιν.
3737 5455 3740 5458 ·

553 5753 628 5815 tu)
666 5753 764 5809 llic
809 5753 1130 5811 Thalassius
1156 5763 1237 5811 est.
1275 5761 1404 5809 tom.
1445 5751 1538 5808 ΙΙΙ.
1567 5749 1729 5813 Bib!.,
1767 5747 1921 5817 cujus
1954 5757 2081 5804 sunt
2122 5765 2172 5802 ιν
2204 5746 2614 5814 hecatontades,
2681 5761 2735 5815 p.
2805 5743 2930 5812 562,
2959 5743 3053 5800 sed
3087 5743 3177 5800 hic
3209 5741 3362 5800 locus
3390 5754 3500 5795 non
3561 5730 3756 5807 repuli-

479 5830 587 5876 tur.
