4110 6420
499 337 606 400 743

1760 334 1824 395 S-
1858 333 2181 396 JOANNIS
2222 333 2534 396 CLIMACI

3693 331 3796 396 744

499 439 782 514 apostasia
815 456 846 497 a
875 440 984 497 Dro
1015 451 1068 497 ct
1108 439 1416 497 defectione
1457 450 1797 496 manserunt.
1851 439 2094 496 Homine:

2213 440 2494 513 κρείττους
2537 438 2763 492 ἐκείνων
2814 438 2982 492 εἰσίν·
3046 437 3235 508 ὥσπερ
3289 438 3338 494 οἱ
3394 439 3616 509 ἄγγελοι
3650 442 3797 514 ὑπὶρ

499 542 686 588 autem
737 542 957 604 propter
1003 531 1365 590 mulationem
1398 547 1495 588 seu
1528 534 1947 588 conversionem
1980 532 2090 588 illis

501 624 762 680 meliores
809 633 982 692 sunt;
1039 625 1217 694 angeli
1269 634 1456 679 autem
1511 624 1738 680 vincunt
1786 634 2090 695 utrosque,

498 713 647 786 quod
675 731 957 786 nunquam
987 731 1018 770 a
1048 715 1194 770 bono
1233 715 1400 771 averti
1436 715 1671 786 amplius
1711 715 1947 786 possint.

1141 805 1390 861 Scholion
1427 807 1494 863 ,Η
1507 847 1521 862 .

579 894 780 953 Curam
839 897 1156 953 animalium
1205 899 1421 954 ratione
1477 897 1782 953 carentium
1833 897 2092 967 intellige.

501 983 608 1040 Sed
650 987 840 1042 vitium
866 1004 975 1043 non
1002 998 1122 1043 erat
1152 997 1354 1059 praeter
1383 987 1672 1050 rationem,
1729 1001 1904 1057 neque
1947 986 2094 1041 enim

495 1076 724 1134 ridendo
753 1079 1035 1134 lasciviam
1071 1078 1306 1146 sanavit,
1331 1080 1424 1150 qui
1486 1078 1727 1134 Antonio
1774 1094 1975 1150 magno
2014 1088 2097 1135 te-

494 1177 674 1224 status
709 1169 1184 1242 estsellerequod
1231 1173 1308 1244 ab
1362 1171 1583 1241 onagris
1654 1172 2036 1242 (daemonibus
2075 1172 2094 1241 )

497 1270 645 1316 esset
669 1263 868 1318 victus.
919 1264 1059 1330 Quid
1090 1274 1270 1320 autem
1297 1264 1692 1335 intelligitcum
1726 1264 1859 1319 dicit
1885 1263 1903 1335 (
1932 1265 2094 1320 linem

493 1355 784 1423 actionis)
837 1372 903 1412 an
952 1355 1098 1426 quod
1148 1356 1289 1412 ciam
1324 1355 1531 1426 aliquid
1588 1355 1911 1410 voraverit?
1955 1353 2096 1422 Quia

492 1449 806 1504 comederat
844 1464 910 1503 ex
950 1449 1022 1504 iis
1053 1450 1445 1520 quaejumenta
1503 1447 1769 1504 ferebant.
1825 1448 1984 1516 Quod
2047 1450 2094 1504 si

492 1554 691 1609 pecora
717 1549 875 1595 erant
894 1539 994 1612 (a),
1043 1541 1350 1612 'mulgendo
1397 1539 1480 1596 lac
1541 1541 1800 1610 gustavit,
1840 1549 1934 1596 aut
1965 1542 2096 1612 quid
2205 1568 2222 1585 ο
2299 1571 2316 1587 ο
2407 1571 2422 1587 ο

493 1631 660 1701 hujus
717 1632 932 1702 generis
1005 1631 1101 1702 (id
1129 1639 1236 1700 est,
1270 1647 1492 1688 caseum
1522 1631 1800 1704 butyrum,
1841 1634 2094 1708 serum.)

1110 1813 1328 1886 Evagrii
1359 1813 1449 1869 ιε.

566 1907 705 1963 Cum
745 1905 1092 1963 anachoretis
1121 1921 1216 1961 seu
1284 1904 1550 1962 solitariis
1609 1903 1891 1960 daemones
1959 1903 2091 1960 nudi

493 1999 798 2056 luctantur.
857 1999 934 2053 Ex
992 1997 1060 2054 iis
1105 2006 1287 2053 autem
1343 1999 1438 2068 qui
1475 1997 1526 2051 in
1577 1997 1842 2052 cmnohiis
1879 2002 1934 2050 et
1961 2012 2095 2053 con-

494 2089 746 2145 ventibus
803 2087 871 2142 ad
927 2087 1190 2142 virtutem
1245 2095 1591 2154 exercentur,
1677 2087 2097 2160 negligentiores

494 2189 804 2238 exarmant.
857 2177 926 2233 At
991 2179 1192 2234 bellum
1260 2178 1533 2248 posterius
1601 2179 1778 2233 multo
1803 2179 1976 2236 levius
2013 2191 2099 2240 est

493 2274 713 2343 priore:
738 2280 1071 2343 quapropter
1108 2287 1215 2327 non
1243 2283 1326 2327 est
1354 2271 1600 2328 invenire
1626 2272 1680 2327 in
1717 2275 1877 2330 terris
1931 2283 2098 2331 atro-

492 2364 674 2420 ciores
707 2363 958 2421 homines
1007 2363 1370 2431 daemonibus,
1437 2363 1531 2436 qni
1607 2365 1852 2421 omnium
1918 2367 2098 2423 homi-

492 2473 624 2512 num
691 2460 920 2513 vincunt
967 2456 1256 2523 malitiam,
1309 2455 1526 2513 etiamsi
1583 2456 1837 2514 homines
1874 2473 2095 2516 omnem

495 2549 667 2606 simul
693 2549 1106 2622 improbitatem
1144 2558 1496 2620 expromam.

1090 2638 1252 2694 Aliud
1308 2641 1567 2696 scholion.

563 2729 669 2799 Qui
698 2733 769 2788 ah
819 2732 1138 2788 hominibus
1189 2733 1354 2790 Iasus
1411 2749 1512 2804 pro
1564 2734 1673 2790 illis
1745 2733 2094 2805 deprecatur.

493 2819 775 2876 daemones
799 2819 1022 2890 allligit:
1055 2819 1150 2892 qui
1191 2819 1508 2877 hominibus
1558 2819 1788 2889 resistit,
1845 2823 2097 2879 vulnera-

494 2920 586 2968 tur
605 2927 637 2968 a
671 2912 1034 2969 daemonibus.

1133 3005 1316 3062 Aliud.

563 3095 740 3154 Ilinor
806 3107 892 3154 est
957 3098 1116 3170 culpa
1173 3097 1459 3154 hominum
1505 3112 1671 3170 quam
1735 3098 2088 3168 damonum;

492 3191 586 3246 sed
633 3190 728 3263 qui
756 3191 935 3247 studet
969 3191 1184 3262 placere
1219 3190 1472 3258 Domino,”
1495 3199 1763 3264 utrosque
1797 3193 1943 3250 vicit.

2116 3153 2166 3218 ϐ

2199 532 2547 602 ἀμφοτέρους
2572 530 2662 585 διὰ
2693 530 2754 584 τὸ
2787 530 3221 602 ἀμετάτρεπτον.

2787 801 2832 852 Σ
2834 799 3044 869 χόλιον
3076 805 3196 868 μα’.

2271 892 2531 963 Φροντίδα
2563 892 2776 961 ἀλόγων
2830 892 2986 964 φησί.
3032 893 3168 964 Οὐχὶ
3191 892 3254 948 δὲ
3291 892 3434 948 κατά
3465 892 3659 962 ἄλογον
3689 893 3786 948 πάο

2201 983 2313 1048 θος,
2343 984 2465 1038 ἐπεὶ
2509 983 2610 1037 οὑκ
2641 983 2708 1038 ἀν
2745 983 2967 1054 μειδιῶν
2993 983 3093 1054 τὴν
3130 983 3419 1052 ἀσέλγειαν
3462 985 3598 1050 ἰᾶτο,
3635 985 3666 1037 ό
3714 983 3795 1055 τῷ

2203 1075 2426 1144 μεγάλῳ
2493 1073 2764 1144 Ἀντωνίῳ
2823 1074 3122 1146 μαρτυρῶν
3177 1075 3388 1129 κλαίειν
3434 1077 3529 1129 ἐπὶ
3559 1077 3638 1147 τῷ
3686 1075 3795 1130 ὑπὸ

2199 1166 2306 1221 τῶν
2363 1166 2610 1236 ὀνάγρων
2661 1165 2990 1234 ἐπιταγέντι.
3043 1166 3110 1218 Τί
3162 1166 3222 1220 δέ
3277 1167 3393 1220 ἐστι
3445 1167 3635 1237 νοῆσαι
3675 1166 3792 1234 τὸν,

2199 1257 2356 1321 τέλος
2383 1257 2481 1328 τῆς
2511 1255 2783 1326 πράξεως,
2816 1256 2850 1328 ἢ
2881 1255 3290 1327 λαθροφαγίαςς
3328 1257 3450 1310 "Ott
3496 1256 3700 1326 ἔφαγεν
3724 1259 3792 1312 ὲκ

2199 1348 2310 1404 τῶν
2359 1348 2762 1420 βασταγμάτων
2810 1349 2920 1403 τῶν
2971 1348 3202 1417 ἀλόγων.
3255 1348 3320 1400 El
3359 1348 3418 1402 δὲ
3465 1348 3791 1419 βοσκήματα

2200 1431 2268 1510 ἦν
2297 1436 2573 1509 ἀμέλγων,
2616 1435 2982 1507 ἀπεγεύσατο,
3020 1437 3054 1509 ἢ
3097 1436 3227 1492 ἀλλο
3257 1453 3310 1490 τι
3343 1436 3786 1508 τοιουτότροπονο

2763 1816 3063 1887 Εὐαπρίου
3093 1816 3220 1885 μβ.

2265 1907 2391 1971 Τοῖς
2421 1905 2518 1978 μὲν
2545 1906 2926 1978 ἀναχωρητατς
2957 1909 3005 1960 οι
3033 1907 3286 1977 δαίμονες
3308 1905 3508 1978 γυμνοὶ
3529 1923 3784 1978 προσπα-

2195 1997 2406 2054 λαίουσι
2427 2014 2440 2029 ο
2472 1999 2583 2062 τοῖς
2610 1997 2669 2052 δὲ
2712 1999 2771 2051 έν
2801 1996 3087 2060 κοινοόίοις
3124 1996 3158 2068 ἢ
3195 1996 3465 2062 συνοδίαις
3508 2014 3785 2069 κατεργα-

2197 2092 2443 2162 ζομένοις
2476 2091 2575 2163 τὴν
2603 2089 2825 2162 ἀρετὴν,
2853 2090 2981 2154 τοὺς
3019 2088 3419 2163 ἀμελεστέρους
3461 2088 3572 2143 τῶν
3624 2089 3782 2144 ἀδελ-

2197 2183 2312 2254 φῶν
2369 2181 2762 2248 ἑξοπλίζουσιν.
2799 2180 2859 2235 '0
2900 2180 3154 2252 δεύτερος
3200 2180 3258 2234 δὲ
3307 2179 3545 2252 πόλεμος
3603 2181 3786 2254 πολλῷ

2197 2274 2525 2345 κουφότερος
2570 2273 2662 2327 τοῦ
2698 2271 2916 2345 πρώτου
2937 2289 2951 2303 ο
2996 2273 3131 2327 διότι
3159 2272 3259 2326 οὐκ
3286 2271 3433 2326 ιστιν
3466 2273 3649 2346 εὑρεῖν
3690 2275 3784 2330 επὶ

2195 2365 2294 2436 τῆς
2334 2365 2438 2436 γῆς
2485 2363 2806 2438 ἀνθρώπους
2844 2365 3205 2437 πικροτέρους
3250 2364 3544 2436 δαιμόνων,
3587 2365 3636 2418 εί
3687 2365 3784 2417 καὶ

2195 2460 2379 2513 πᾶσαν
2421 2457 2604 2512 αὑτῶν
2649 2457 2862 2530 ἀθρόως
2913 2456 3346 2529 ὑποδεχομένους
3397 2457 3495 2528 τὴν
3539 2473 3781 2528 κακουρ·

2194 2547 2340 2618 γίαν.

2880 2639 3092 2695 Ἄλλο.

2276 2729 2337 2784 '0
2369 2730 2699 2787 ἀδικούντων
2741 2731 3045 2804 ἀνθρώπων
3075 2729 3536 2804 ὑπερευχόμενος,
3570 2733 3782 2802 καταρ-

2197 2821 2392 2894 ρἀσει
2425 2822 2688 2894 δαίμονας
2708 2840 2724 2856 ο
2750 2826 2779 2879 ό
2799 2824 2856 2877 δὲ
2888 2826 2998 2888 τοῖς
3037 2821 3274 2895 πρώτοις
3300 2822 3776 2895 ἀντιτασσόμενος,

2195 2914 2302 2970 ὑπὸ
2329 2913 2438 2970 τῶν
2465 2915 2734 2986 δευτέρων
2755 2915 3140 2986 τιτρώσκεται.

2887 3011 3099 3065 Ἄλλο.

2266 3103 2554 3174 Κρείσσων
2605 3099 2953 3174 πλημμέλεια
3002 3099 3328 3174 ἀνθρώπων,
3386 3099 3482 3154 καὶ
3534 3098 3609 3172 μὴ
3659 3097 3777 3152 Gat-

2197 3196 2409 3269 μόνων·
2456 3197 2485 3250 ό
2532 3194 2590 3250 δι
2634 3194 2941 3266 εὐαρεστῶν
2986 3195 3198 3266 Κυρίῳ,
3257 3193 3384 3258 τοὺς
3433 3191 3778 3264 ἀμφοτέρους

2193 3289 2468 3361 ἐνίκησεν.
2867 3308 2895 3329 ο

531 3409 806 3468 Scholium
859 3427 1076 3484 sequens
1130 3413 1380 3469 abrasum
1428 3432 1462 3469 ιι
1513 3416 1797 3486 principio,
1852 3418 1956 3493 legi
2005 3439 2110 3478 non
2174 3435 2369 3496 potest,
2416 3444 2582 3498 quare
2633 3437 2804 3483 totum
2867 3427 3078 3482 omitto.
3137 3425 3275 3482 Sunt
3340 3425 3446 3480 duo
3499 3424 3580 3482 vel
3628 3435 3740 3480 tres

2034 3510 2236 3554 versus.

495 3724 2065 3755 σοθοοοιοοοσου-οσοο-οοοοοοοο

1121 3777 1374 3835 Scholion
1395 3780 1486 3836 Μ.

565 3863 826 3924 Veritatis
852 3866 1136 3925 studiosus
1184 3869 1381 3941 duplex
1423 3875 1773 3930 commodum
1829 3878 2084 3950 percipit:

491 3974 658 4028 super
720 3959 879 4015 bonis
946 3961 1207 4031 operibus
1264 3965 1686 4022 commendatus
1741 3968 1975 4025 alacrior
2010 3973 2090 4036 lit,

489 4050 560 4105 ad
595 4051 785 4105 eadem
826 4053 1133 4108 exercenda
1201 4055 1567 4124 reprehensus
1624 4059 1840 4130 cogitur
1904 4077 2094 4119 emcn-

488 4143 643 4208 dare,
677 4151 732 4198 ct
756 4144 1132 4214 paenitentiam
1169 4161 1351 4215 agere.

1141 4238 1299 4309 102
1337 4239 1524 4294 Aliud.

557 4324 668 4381 Pro
735 4328 946 4383 ratione
1001 4345 1344 4401 progressus,
1407 4334 1518 4389 vita
1597 4336 1932 4394 instituenda
1980 4349 2086 4406 est,

489 4432 591 4489 pro
637 4418 850 4476 ratione
901 4421 1045 4488 vitai,
1101 4438 1293 4492 preces
1328 4425 1438 4482 Deo
1471 4426 1764 4485 otl‘erendae
1829 4438 1980 4486 sunt.

1089 4601 1336 4661 Scholion
1367 4605 1460 4662 45.

561 4697 618 4752 1η
658 4696 948 4768 elegantia,
983 4694 1027 4750 si
1047 4696 1270 4766 phrasin
1303 4713 1398 4754 seu
1432 4698 1794 4755 elocutionem
1824 4709 2076 4770 spectes;
2111 4713 2156 4768 1)

489 4791 726 4853 inutilia,
805 4790 852 4845 si
907 4789 1222 4844 saecularem
1279 4801 1484 4848 sortem
1512 4804 1566 4848 et
1595 4793 2084 4864 felicitatem;spi-

489 4897 608 4946 nas,
647 4881 692 4937 si
717 4882 934 4947 duram,
1016 4889 1075 4936 ut
1129 4881 1359 4948 videtur,
1437 4892 1492 4938 et
1539 4884 1747 4941 tristem
1777 4887 2084 4948 enarratio-

489 4989 634 5030 nem.
1497 5015 1516 5023 -

1095 5064 1348 5120 Scholion
1386 5065 1476 5121 ιϐ.

557 5156 795 5213 Noverat
820 5156 964 5228 quod
992 5157 1085 5227 qui
1120 5159 1367 5228 peceanti
1402 5159 1678 5224 connivet,
1738 5175 1846 5217 non
1902 5160 2083 5216 minus

487 5263 652 5319 quam
685 5249 803 5319 ipse
833 5247 924 5320 qui
954 5248 1219 5318 peccavit,
1251 5249 1521 5320 judicium
1551 5252 1822 5308 sustineat
1844 5261 1898 5307 et
1947 5268 2084 5309 con-

488 5340 920 5397 demnationem.

1053 5431 1219 5487 Aliud
1257 5448 1320 5487 ea:
1352 5433 1554 5490 Marco.

557 5521 701 5591 Quid
754 5524 806 5579 in
863 5526 1185 5598 magistratu
1243 5535 1348 5589 est,
1409 5537 1662 5598 apportet
1721 5539 1778 5581 nt
1835 5529 2082 5600 subjecto

565 5726 642 5796 (α)
675 5725 894 5798 Snpple,
941 5743 1173 5800 quorum
1201 5746 1386 5787 curam
1432 5731 1684 5788 habebat.

2775 3797 3036 3867 Σχόλιον
3076 3795 3196 3865 μᾶ.

2264 3887 2570 3958 Φιλαλὴθης
2605 3888 2880 3960 ἀκροατὴς
2921 3885 3312 3958 ἀμφοτέρωθεν
3342 3885 3629 3959 πορίζεται
3677 3886 3774 3958 τὴν

2191 3979 2491 4049 ὠφέλειαν·
2545 3981 2638 4034 ἐπὶ
2701 3981 2800 4052 μὲν
2851 3982 2966 4045 τοῖς
3023 3979 3248 4049 ἀγαθοῖς
3305 3978 3771 4051 μαρτυρούμενος,

2191 4071 2603 4143 προθυμότερος
2654 4073 2894 4142 γίνεται’
2945 4075 3037 4128 ἐπὶ
3068 4073 3126 4126 δὲ
3165 4074 3278 4136 τοῖς
3319 4074 3510 4136 κακοῖς
3552 4071 3772 4143 ἐλεγχό-

2194 4181 2375 4235 μενος,
2411 4166 2694 4236 μετανοεῖν
2723 4164 3112 4234 ἀναγκάζεται.

2871 4259 3084 4314 Ἄλλο.

2259 4349 2352 4401 Δεῖ
2375 4349 2524 4420 ἡμᾶς
2559 4350 2698 4403 κατὰ
2734 4349 2831 4421 τὴν
2869 4349 3152 4422 προκοπὴν
3199 4351 3293 4404 καὶ
3334 4349 3424 4404 τὸν
3455 4349 3568 4420 βίον
3604 4347 3765 4418 ἔχειν,

2189 4440 2285 4494 καὶ
2316 4439 2460 4494 κατά
2486 4441 2578 4496 τὸν
2607 4441 2722 4513 βίον
2747 4442 3036 4514 ὀφείλομεν
3067 4443 3146 4515 τῷ
3173 4442 3292 4515 Θεῷ
3327 4443 3425 4508 τὰς
3467 4440 3768 4514 προσευχὰς

2187 4533 2503 4603 ἀναφέρειν.

2782 4625 3043 4696 Σχόνιιον
3075 4630 3187 4695 με’.

2267 4715 2503 4788 Ἀκαλλῆ
2531 4716 2674 4771 κατά
2699 4717 2797 4788 τὴν
2826 4719 3027 4789 φράσιν
3047 4735 3061 4749 ο
3091 4716 3481 4790 ἀνονησιφόρα,
3506 4717 3648 4773 κατὰ
3671 4717 3767 4787 τὴν

2191 4809 2460 4880 κοσμικὴν
2490 4810 2832 4881 εὑπραγίανυ
2879 4810 3370 4882 ἀκανθολογήματα
3409 4809 3466 4863 δὲ
3506 4809 3650 4865 κατά
3672 4808 3767 4880 τὴν

2193 4898 2433 4972 σκληρὰν
2467 4899 2730 4956 δοκοῦσαν
2759 4901 3034 4974 διήγησιν.

2777 5082 2825 5134 Σ
2825 5081 3038 5150 χόλιον
3068 5079 3186 5153 μς¹,

2267 5167 2421 5238 "nou
2459 5167 2534 5232 ὡς
2581 5169 2610 5222 ό
2661 5170 3018 5244 ἐφησυχάζων
3063 5177 3140 5244 τῷ
3172 5175 3436 5242 πταίοντι,
3468 5177 3568 5248 οὐχ
3607 5165 3766 5247 ἦττον

2185 5259 2349 5314 αὑτοῦ
2380 5260 2478 5331 τὴν
2512 5261 2806 5335 καταδίκην
2839 5266 3188 5336 ὑφίστασθαι.

2728 5446 2916 5502 Ἀλλο
2947 5448 3214 5518 Μάρκου.

2273 5533 2517 5605 Ἀρχικὺς
2559 5535 2908 5610 ὑποτακτικῷ
2949 5542 3216 5611 χρεωστεί
3247 5537 3424 5608 λέγειν
3457 5539 3516 5594 τὸ
3549 5534 3764 5609 ὀφειλό-
