4110 6468
539 430 647 496 745

1556 435 1782 508 σελω
1819 433 2199 496 PARADISI.
2236 429 2316 470 ’--
2346 431 2653 494 GRADUS
2693 431 2789 492 Ιν.

3693 437 3800 500 Ἠσ

530 557 719 610 μενον,
757 543 1186 613 παρακουομένῳ
1233 541 1290 598 οδ
1339 543 1434 612 τὴν
1479 543 1744 614 ὲπιφορὰν
1784 544 1890 597 τῶν
1925 542 2105 597 κακῶν

2214 555 2375 596 suum
2415 539 2648 597 oﬂicium
2701 545 2966 608 exponat:
3003 537 3223 594 obedire
3275 539 3551 597 recusanti
3583 541 3798 599 futuro-

531 630 916 700 προαγγέλλει.

1224 809 1425 864 Ἄλλο.
1439 809 1448 820 ’

604 891 774 946 Ὅταν
819 895 852 962 ἠ
901 893 994 946 τοῦ
1033 895 1149 959 ἑνὸς
1200 896 1370 968 βλάϐη
1418 899 1497 963 είς
1545 900 1770 966 πολλοὺς
1820 901 2110 974 διατρέχελι,

527 983 653 1036 τότε
704 983 765 1036 οὑ
811 984 893 1036 δεῖ
949 985 1355 1057 μακροθυμεῖν,
1417 989 1538 1043 οὐδὲ
1577 991 1756 1062 ζητεῖν
1809 993 1870 1046 τὸ
1919 992 2112 1046 ἑαυτοῦ

531 1074 834 1144 συμφέρον,
857 1074 993 1128 ἀλλὰ
1013 1076 1074 1128 τὸ
1095 1076 1172 1128 τῶ
1194 1077 1426 1142 πολλῶν,
1453 1080 1540 1134 ἵνα
1572 1080 1805 1134 σωθῶσι.
1839 1082 1984 1136 Διότι
2016 1082 2115 1153 τῆς

533 1163 873 1236 μονομεροῦς
897 1166 1101 1238 ἀρετῆς
1147 1168 1181 1240 ἠ
1216 1169 1528 1241 πολυμερὴς
1573 1171 1952 1242 ὠφελιμοτέρα
1979 1189 2114 1241 τυγ-

529 1271 705 1324 χανει.

1127 1350 1385 1420 Σχόλιον
1409 1348 1518 1421 μζ.

604 1438 872 1510 Λογισμοὶ
894 1440 1182 1495 σπουδαίου
1224 1443 1416 1512 σοφίας
1443 1443 1712 1514 μελετῶσι
1731 1462 1744 1474 ο
1783 1445 1874 1499 καὶ
1898 1446 1946 1499 οἱ
1967 1445 2116 1514 λόγοι

531 1525 698 1579 αὑτοῦ
727 1523 1018 1596 φωτίζουσι
1053 1531 1180 1592 τοὺς
1211 1531 1528 1596 ἀκούοντας.

1221 1620 1426 1676 Ἄλλο.

617 1706 1020 1778 Ὑποκειμένων
1050 1712 1117 1781 τῇ
1165 1709 1310 1782 ψυχῇ
1358 1710 1567 1782 ἀρετῶν
1613 1711 1848 1781 ἀγαθοὺς
1880 1717 2118 1787 γεωργεῖ

529 1800 859 1870 λογισμούς’
913 1802 1120 1855 κακιῶν
1165 1802 1221 1855 δὲ
1272 1804 1645 1875 ὑποκειμένων
1688 1805 1898 1875 φαύλας
1939 1808 2114 1862 τίκτει

531 1891 764 1955 ἑννοίας.

1118 1990 1164 2042 Σ
1165 1987 1377 2055 χόλιον
1403 1993 1523 2056 μη’.

603 2074 742 2145 Τρία
776 2075 1077 2146 ὑπάρχουσι
1119 2078 1416 2147 πράγματα
1453 2079 1522 2131 δι’
1567 2072 1642 2133 ὧν
1671 2078 1924 2152 [ἡψυχὴ]
1969 2079 2109 2150 λαμ-

529 2166 687 2220 ϐάνει
726 2167 852 2231 τοὺς
881 2169 1206 2240 λογισμούςυ
1237 2171 1270 2242 ἡ
1317 2171 1588 2243 αἴσθησις,
1624 2175 1656 2242 ὴ
1710 2173 1920 2244 μνήμη,
1953 2173 2048 2227 καὶ
2076 2175 2110 2244 ὴ

529 2263 727 2333 κρᾶσις
770 2263 864 2316 τοῦ
916 2264 1198 2336 σώματος*
1246 2266 1618 2339 χαλεπώτεροι
1651 2267 1710 2321 δὲ
1753 2270 1809 2341 οξ,
1854 2270 1964 2323 ἀπὸ
2013 2269 2112 2339 τῆς

532 2357 758 2426 μνήμης
785 2356 943 2410 εἰσίν.

1082 2449 1271 2502 ’Ἄλλο
1303 2449 1551 2506 Φωτίου.

603 2537 678 2589 Τὸ
703 2537 975 2605 ἐκφαίνειν
1005 2539 1265 2600 έκουσῖως
1302 2539 1424 2593 τινὰ
1455 2540 1524 2593 τὰ
1568 2540 1762 2594 ἑαυτοῦ
1793 2541 2112 2612 πταίσματα

528 2627 758 2700 ἀνδράσι
805 2633 1212 2698 πνευματικοῖς,
1249 2631 1580 2701 σημαντικὸν
1627 2631 1743 2703 βίου
1792 2634 2111 2706 ἐπανορθώ-

532 2734 706 2781 σεως·
737 2718 798 2770 τὸ
838 2718 894 2770 δὲ
927 2719 1210 2789 κρύπτειν,
1254 2722 1549 2792 δηλωτικὸν
1583 2724 1862 2794 ὲμπαθοῦς
1892 2727 2107 2799 ψυχῆς’

528 2808 708 2870 οὐδεὶς
739 2808 847 2879 γὰρ
881 2810 1183 2881 συντρέχων
1215 2811 1494 2876 κλέπταις,
1529 2814 1622 2865 καὶ
1652 2815 1714 2868 τὺ
1745 2816 1912 2887 μέρος
1942 2818 2108 2874 αὐτοῦ

531 2901 676 2970 μετὰ
721 2899 922 2970 μοιχῶν
962 2901 1240 2972 τιθέμενος
1284 2903 1467 2972 ἐξάγει
1508 2903 1731 2970 τούτους
1769 2907 1921 2962 ποτέ.
1963 2911 2109 2964 Διότι

531 2990 900 3059 φιλοστόργως
925 2991 1190 3046 διάκειται
1231 2995 1368 3065 πρὸς
1396 2994 1457 3047 τὸ
1493 2995 1662 3060 πάθος
1686 2997 1714 3048 ὁ
1755 2998 1985 3070 ἀπαθὴς,
2017 2999 2108 3054 λέ-

528 3099 644 3150 γων
691 3083 990 3155 ἁμάρτημα
1033 3084 1282 3154 ἀδελφοῦ,
1331 3085 1472 3140 κατὰ
1519 3087 1612 3141 δύο
1659 3090 1839 3154 αἰτίας
1864 3091 2032 3159 λέγει,
2069 3089 2102 3160 ἢ

531 3171 620 3224 ἵνα
652 3172 812 3225 αὐτὸν
840 3171 1220 3245 διορθὼσηται,
1257 3174 1290 3245 ἦ
1327 3176 1412 3230 ἵνα
1440 3176 1596 3232 ἄλλον
1645 3179 1922 3252 ὠφελήσῃ.
1952 3182 2016 3234 Εί
2046 3181 2106 3234 δὲ

529 3262 686 3327 ὲκτδς
713 3264 917 3318 τούτων
962 3265 1131 3334 λέγει,
1159 3267 1267 3320 εἴτε
1301 3269 1446 3339 αὐτῷ
1485 3271 1594 3324 εἴτε
1639 3271 1802 3344 ἄλλῳ,
1833 3273 2103 3337 ὀνειδίζων

529 3355 564 3422 ἢ
593 3353 863 3426 διασύρων
885 3355 1050 3424 λέγει,
1081 3357 1174 3410 καὶ
1203 3359 1262 3410 οὐ
1295 3359 1369 3429 μὴ
1401 3360 1613 3432 ἐκφύγῃ
1637 3361 1734 3432 τὴν
1760 3363 1908 3416 θείαν
1941 3365 2106 3431 ἐγκα-

530 3445 776 3515 τάλειψιν
795 3462 808 3476 ·
832 3446 946 3500 ἀλλ’
975 3447 1008 3518 ἢ
1047 3448 1124 3518 τῷ
1152 3449 1300 3520 αύτῷ
1327 3450 1358 3521 ἢ
1390 3450 1533 3523 ἄλλῳ
1559 3453 1860 3524 πταίσματι
1888 3455 2106 3519 πάντως

529 3540 930 3607 περιπεσεῖται,
970 3539 1064 3592 καὶ
1093 3539 1407 3606 ὀνειδισθεὶς
1437 3544 1988 3616 καταισχυνθήσεται.

901 3831 1288 3902 Χρυσολόγου
1320 3834 1579 3902 σκόλιον
1611 3836 1729 3906 μθ’.

605 3922 772 3990 Δῆσον
796 3923 889 3976 τὸν
918 3923 1405 3995 πλημμελήσαντα,
1432 3927 1520 3980 ἵνα
1542 3925 1804 4002 ἐξιλεὼσῃ
1835 3929 1924 3983 τὸν
1943 3930 2103 3985 Θεόνο

536 4008 615 4080 μὴ
645 4011 780 4081 ἀφῇς
805 4011 1112 4082 λελυμένον,
1147 4014 1232 4068 ἵνα
1266 4016 1340 4087 μὴ
1378 4015 1538 4071 πλέον
1581 4017 1706 4090 δεθῇ
1750 4022 1816 4092 τῇ
1845 4020 1938 4074 τοῦ
1969 4020 2106 4076 Θεοῦ

529 4099 690 4172 ὀργῇ.
730 4104 822 4156 Ἂν
852 4103 963 4170 ἐγὼ
989 4103 1158 4172 δήσω,
1189 4106 1216 4160 ὁ
1243 4104 1374 4169 Θεὸς
1405 4107 1505 4158 οὐκ
1534 4105 1613 4161 Ετι
1637 4107 1858 4178 δεσμοῖ’
1890 4111 1958 4164 ἂν
1994 4111 2107 4180 ἐγὼ

529 4191 610 4262 μὴ
647 4191 815 4262 δήσω,
845 4193 912 4246 τὰ
942 4192 1194 4264 ἄῤῥηκτα
1241 4195 1404 4248 αὐτὸν
1451 4193 1602 4264 μένει
1647 4195 1851 4266 δεσμά’
1896 4199 1967 4252 El
1995 4198 2108 4269 γὰρ

523 4281 780 4348 ἑαυτοὺς
819 4281 1154 4352 ἐκρίνομεν,
1199 4284 1312 4337 οὐκ
1362 4281 1440 4337 ἂν
1481 4285 1848 4354 ἐκρινόμεθα.
1900 4287 2106 4357 Μηδεὶς

525 4375 808 4444 ὠμότητος
850 4375 1117 4445 νομιζέτω
1145 4375 1206 4429 τὸ
1241 4374 1504 4440 τοιοῦτον,
1541 4377 1634 4430 καὶ
1674 4378 2102 4451 ἀπανθρωπίαςο

522 4467 664 4520 ἀλλὰ
682 4468 781 4536 τῆς
806 4467 980 4538 ἄκρας
1003 4468 1341 4539 ἡμερότητος
1365 4469 1459 4522 καὶ
1482 4469 1581 4538 τῆς
1606 4470 1833 4542 ἀρίστης
1865 4471 2104 4544 ἰατρείας

2218 648 2338 686 rum
2371 631 2636 686 malorum
2665 629 3012 686 imminentes
3058 643 3250 699 pmnas
3279 632 3557 701 praedicei,
3585 643 3638 690 et
3675 644 3804 692 ante

2217 719 2502 775 denuntiet

2887 813 3064 868 Aliud.

2287 905 2519 972 Quando
2569 905 2827 962 damnum
2877 906 3042 961 unius
3087 905 3154 960 ad
3192 906 3375 975 plures
3403 906 3660 976 pertinet,
3691 918 3805 964 tum

2218 1011 2327 1050 non
2361 1005 2575 1067 oportet
2605 996 2850 1051 cunctari
2877 1005 2928 1049 et
2953 996 3220 1066 patienter
3263 997 3424 1064 ferre,
3456 1013 3634 1068 neque
3680 1015 3809 1070 pro-

2216 1089 2395 1158 prium
2424 1087 2772 1144 commodum
2796 1103 3068 1158 quaerere,
3092 1087 3184 1142 sed
3228 1088 3549 1155 multorum,
3582 1098 3642 1144 ut
3667 1091 3801 1147 salvi

2217 1178 2374 1234 fiant.
2414 1178 2597 1234 Virtus
2618 1179 2763 1234 enim
2787 1193 2909 1249 quae
2949 1179 3199 1249 pluribus
3241 1179 3482 1250 prodest,
3540 1181 3798 1253 singulari

2217 1281 2300 1326 est
2323 1270 2509 1325 utilior
2529 1279 2581 1324 et
2624 1270 2982 1341 praeferenda.

2821 1361 3075 1418 Scholion
3099 1361 3189 1416 l7.

2287 1452 2658 1524 Cogitationes
2685 1453 2786 1509 viri
2833 1454 2962 1508 boni
3010 1453 3341 1508 meditantur
3369 1453 3712 1524 sapientiam,
3748 1463 3806 1510 et

2217 1543 2380 1600 verba
2421 1545 2593 1615 ipsius
2619 1545 2928 1600 illuminant
2973 1545 3274 1600 auditores.

2931 1632 3116 1688 Aliud.

2289 1723 2598 1781 Virtutibus
2625 1725 2822 1780 animae
2852 1724 3136 1792 subjectis,
3164 1721 3345 1778 anima
3383 1721 3550 1778 bonas
3599 1722 3803 1792 cogita-

2219 1811 2396 1867 tiones
2427 1813 2596 1868 volvit
2622 1832 2634 1868 :
2664 1813 2810 1868 vitiis
2843 1814 2896 1867 in
2927 1814 3116 1869 eadem
3139 1812 3547 1868 dominantibus
3574 1811 3662 1866 illa
3695 1827 3807 1864 tua-

2141 1888 2189 1947 Β
2214 1901 2297 1958 las
2324 1904 2510 1960 itidem
2531 1906 2672 1976 parit
2703 1905 3078 1976 cogitationes.

2813 1994 3066 2052 Scholion
3103 1995 3193 2052 48.

2284 2084 2408 2141 Tria
2441 2093 2682 2157 suntper
2726 2103 2848 2159 quae
2901 2089 3263 2160 cogitationes
3312 2088 3366 2143 in
3415 2088 3599 2144 anima
3657 2089 3806 2145 exsi-

2210 2183 2362 2232 stunt
2401 2193 2416 2232 :
2469 2191 2684 2243 sensus,
2734 2179 2996 2234 memoria
3045 2187 3100 2234 et
3151 2179 3398 2250 corporis
3441 2180 3797 2236 constitutio:

2213 2267 2308 2323 sed
2336 2269 2612 2338 graviores
2652 2277 2802 2334 sunt,
2835 2285 2957 2340 qua:
2983 2284 3046 2325 ex
3074 2270 3333 2327 memoria
3379 2271 3728 2342 proveniunt.

2837 2445 3000 2500 Aliud
3040 2445 3236 2502 Pharii.

2281 2534 2486 2608 Sponte
2504 2536 2718 2608 aperire
2735 2538 2981 2608 quaedam
3005 2545 3224 2608 peccata
3253 2539 3498 2608 patribus
3539 2537 3792 2609 spiritua-

2211 2627 2371 2693 libus,
2393 2638 2771 2709 argumentum
2794 2640 2876 2685 est
2901 2629 3298 2685 emendationis
3313 2631 3437 2686 vitae
3464 2647 3477 2682 :
3503 2639 3706 2702 tegeret
3723 2631 3797 2686 si-

2210 2735 2376 2789 gnum
2391 2701 2473 2775 cf!
2489 2721 2695 2776 vitiosae
2714 2721 3277 2792 etperturbationibus
3294 2723 3539 2778 obnoxiae
3566 2701 3791 2776 animus.

2208 2806 2380 2865 Nemo
2401 2809 2545 2865 enim
2565 2825 2792 2867 currens
2809 2826 2934 2867 cum
2975 2811 3186 2867 furibus
3202 2821 3256 2866 et
3287 2813 3588 2882 portionem
3633 2827 3790 2867 suam

2207 2915 2334 2956 cum
2359 2900 2618 2957 adulteris
2664 2917 2894 2972 ponens,
2959 2904 3061 2960 hos
3109 2919 3350 2974 unquam
3395 2903 3562 2974 ejicit.
3613 2902 3794 2958 Nimio

2206 2993 2352 3046 enim
2382 3007 2574 3048 sensus
2596 2991 2792 3049 affectu
2821 2993 3066 3049 ferturin
3104 2993 3320 3049 vitium.
3373 2993 3475 3061 Qui
3521 2995 3792 3050 vicitaﬂ‘e-

2206 3092 2328 3138 ctus
2342 3082 2456 3153 jam
2473 3085 2658 3139 animo
2683 3084 3032 3154 tranquillus,
3055 3084 3272 3154 quando
3295 3082 3480 3140 fratris
3508 3096 3789 3155 peccatum

2207 3174 2434 3244 profert,
2469 3175 2522 3230 id
2553 3176 2690 3232 duas
2709 3176 2780 3232 ob
2813 3191 3008 3233 causas
3036 3175 3185 3240 facit,
3225 3177 3306 3233 vel
3350 3185 3409 3230 ut
3454 3177 3632 3247 ipsum
3664 3191 3791 3230 cor-

2208 3265 2453 3337 rigat,vel
2488 3265 2721 3322 utalteri
2778 3265 2971 3336 prosit.
3013 3275 3167 3321 extra
3212 3280 3350 3336 quas
3399 3267 3445 3320 si
3468 3267 3634 3330 dicat,
3675 3265 3793 3320 sive

2207 3354 2308 3424 ipsi
2337 3353 2428 3422 qui
2459 3351 2607 3413 fecit.
2636 3353 2750 3408 sive
2769 3352 2945 3416 alteri,
2972 3352 3055 3407 vel
3090 3351 3454 3422 exprobrandi
3482 3367 3666 3416 causa,
3706 3351 3790 3405 vel

2205 3443 2572 3498 calumniandi
2595 3452 2649 3498 et
2673 3442 2944 3498 laceramli
2971 3443 3144 3514 gratia
3187 3444 3238 3498 id
3277 3442 3429 3508 facit.
3465 3458 3569 3502 nec
3633 3444 3790 3515 103

2207 3533 2500 3588 vindictam
2532 3533 2803 3598 Numinis,
2828 3541 2888 3587 ut
2901 3533 2969 3588 ab
2988 3548 3054 3586 eo
3083 3534 3386 3601 deseratur,
3410 3533 3649 3605 eﬁ'ugiet,
3688 3536 3782 3588 sed

2207 3625 2293 3678 vel
2336 3625 2390 3679 in
2414 3625 2544 3679 illud
2571 3625 2745 3695 ipsum
2777 3626 2955 3680 scelus
2986 3624 3208 3692 incidet,
3229 3624 3312 3680 vel
3332 3633 3476 3681 certe
3498 3624 3553 3680 in
3591 3623 3737 3680 aliud
3764 3643 3780 3690 ;

2207 3725 2263 3774 et
2289 3717 2360 3772 ab
2403 3719 2524 3774 aliis
2547 3719 2916 3788 reprehensus
2934 3727 2988 3774 et
3023 3719 3241 3790 probris
3269 3717 3497 3776 affectus
3530 3719 3786 3791 pudetiet.

2633 3829 2940 3901 Chrysologi
2993 3831 3228 3886 scholion
3272 3831 3362 3888 £9.

2281 3919 2411 3993 Liga
2427 3930 2740 3992 peccantem
2758 3931 2815 3976 ut
2831 3921 3084 3990 propitiet
3097 3921 3198 3977 sibi
3217 3919 3411 3986 Deum.
3431 3935 3529 3976 nec
3545 3921 3786 3978 solutum

2206 4014 2440 4079 dimitte,
2474 4029 2543 4068 ne
2564 4029 2659 4084 per
2681 4013 2819 4068 iram
2844 4012 2940 4068 Dei
2968 4014 3174 4069 arctius
3199 4013 3488 4069 vinciatur.
3511 4011 3568 4067 Si
3591 4029 3690 4084 ego
3719 4013 3785 4066 il-

2208 4106 2321 4160 lum
2343 4106 2600 4174 Iigavero,
2628 4105 2767 4160 Deus
2782 4105 2932 4159 illum
2960 4118 3068 4159 non
3087 4103 3276 4174 Iigabit
3293 4120 3308 4170 ς
3327 4103 3371 4158 si
3392 4117 3498 4159 non
3519 4103 3780 4174 Iigavero,

2207 4195 2518 4252 insolubilia
2578 4195 2730 4248 illum
2759 4193 2973 4248 vincula
2997 4199 3240 4246 manent.
3266 4189 3330 4246 Si
3353 4192 3492 4245 enim
3515 4206 3609 4245 nos
3642 4191 3782 4258 ipsos

2209 4285 2644 4356 diiudicaremus,
2692 4301 2795 4338 non
2837 4284 3016 4354 utique
3061 4281 3566 4352 dijudicaremur".
3615 4279 3782 4336 Nemo

2208 4375 2314 4430 hoc
2337 4388 2434 4443 pro
2457 4374 2772 4427 crudelitate
2813 4371 2895 4426 vel
2945 4371 3341 4426 inhumanitate
3377 4369 3779 4441 interpretetur,

2207 4464 2302 4521 sed
2328 4479 2427 4535 pro
2461 4477 2675 4519 summa
2700 4464 2921 4518 lenitate
2941 4462 3254 4534 optimaque
3277 4463 3556 4519 curatione
3592 4471 3648 4520 et
3665 4479 3780 4519 me—

522 4559 622 4612 καὶ
667 4559 866 4629 πολλῆς
919 4560 1017 4626 τῆς
1072 4560 1415 4631 κηδεμονίας.
1487 4560 1627 4614 Ἀλλ’
1679 4563 1859 4616 ίκανδν
1915 4565 2103 4621 ἔδοσαν

2209 4556 2388 4614 dicina
2405 4555 2636 4624 accipiat
2656 4572 2668 4606 :
2693 4555 2786 4611 sed
2813 4555 2968 4620 satis,
2991 4554 3189 4625 inquit,
3211 4553 3375 4626 longo
3397 4562 3642 4626 tempore
3661 4568 3782 4626 pm-

521 4651 716 4722 χρόνον
747 4651 1042 4722 τιμωρίας,
1075 4651 1228 4724 φησί.
1277 4653 1468 4717 Πόσον,
1517 4654 1639 4706 εἰπέ
1681 4670 1806 4726 μοι;
1839 4657 2101 4723 ἐνιαυτὸν,

519 4740 620 4794 καὶ
649 4740 762 4801 δύο,
790 4742 882 4792 καὶ
913 4741 1039 4812 τρία
1069 4740 1200 4812 Ern;
1243 4741 1382 4794 Ἀλλ’
1409 4742 1471 4795 οὐ
1501 4743 1662 4798 τοῦτο
1693 4745 1862 4814 ζητῶ,
1889 4748 2100 4818 χρόνον,

518 4830 658 4887 ἀλλὰ
699 4831 880 4902 ψυχῆς
923 4832 1242 4903 διόρθωσινο
1291 4833 1450 4888 τοῦτο
1497 4835 1676 4889 τοίνυν
1722 4837 2002 4902 ἐπίδειξον,
2052 4841 2101 4892 εί

517 4924 919 4992 κατενύγησαν,
956 4924 1004 4976 εί
1056 4923 1431 4994 μετεδάλοντο,
1462 4927 1646 4980 καὶτὸ
1685 4929 1794 4982 πᾶν
1841 4929 2097 4997 γέγονεν’

514 5017 598 5078 ὡς
625 5015 689 5068 ἂν
722 5014 796 5085 μὴ
824 5015 980 5069 τοῦτο
1006 5012 1064 5088 ᾖ,
1100 5015 1253 5070 οὐδὲν
1282 5016 1474 5085 ὄφελος
1506 5018 1599 5072 τοῦ
1630 5020 1824 5089 χρόνου
1843 5036 1857 5051 ·
1888 5021 1946 5074 οὐ
1992 5020 2102 5093 γὰρ

516 5109 573 5160 εί
622 5107 879 5170 πολλάκις
924 5107 1150 5175 ὲπεδέθη
1192 5108 1255 5160 τὸ
1300 5108 1523 5179 τραῦμα
1569 5110 1860 5182 ζητοῦμεν,
1906 5112 2022 5166 ἀλλ’
2051 5114 2101 5166 εί

515 5198 698 5270 ὤνησέ
740 5217 792 5252 τι
837 5201 865 5252 ὀ
913 5199 1130 5268 δεσμός.
1180 5200 1244 5253 Εἰ
1295 5201 1391 5266 μὲν
1423 5202 1670 5273 ὠφέλησε
1701 5204 1793 5256 καὶ
1832 5207 1889 5257 ὲν
1921 5205 2098 5276 χρόνῳ

518 5290 714 5362 βραχεῖ
757 5291 1102 5362 προσκείσθω
1154 5293 1387 5363 μηκέτιο
1434 5294 1484 5346 εί
1534 5295 1591 5348 δὲ
1639 5295 1806 5366 μηδὲν
1850 5296 2100 5367 ὠφέλησε

519 5385 662 5453 μετὰ
692 5383 988 5437 δεκαπέντε
1036 5383 1337 5449 ἐνιαυτοὺς,
1387 5384 1469 5438 ἔτι
1512 5387 1878 5455 προσκείσθω,
1927 5388 2023 5442 καὶ
2067 5390 2098 5442 6

513 5475 642 5543 ὅρος
675 5470 826 5537 οὗτος
851 5476 992 5528 ἔστω
1018 5473 1222 5538 λύσεως
1250 5474 1344 5530 τοῦ
1373 5476 1656 5547 δεδεμένου
1687 5478 1746 5532 τὸ
1778 5479 1986 5550 κέρδος.

585 5819 631 5856 ’⁸⁸
667 5821 838 5878 lCor.
877 5839 954 5888 xi,
987 5824 1074 5879 51.

799 5939 1064 6002 Panos.
1101 5940 1218 6002 Gn.
1245 5902 1646 6002 LXXXVIII.

2204 4664 2304 4706 nas
2333 4647 2500 4704 dedit.
2525 4647 2760 4715 Quanto,
2780 4647 3042 4703 obsecro?
3058 4661 3284 4709 annum,
3307 4646 3466 4712 duos,
3489 4648 3631 4702 tres?
3659 4645 3778 4702 Non

2203 4739 2310 4795 hoc
2331 4751 2536 4808 quaero,
2563 4752 2665 4793 nec
2679 4751 2815 4794 curo
2835 4745 3070 4808 tempus,
3107 4735 3202 4792 sed
3221 4734 3418 4793 animae
3446 4735 3800 4793 emendatio-.

2203 4846 2350 4886 nem.
2377 4828 2527 4885 lianc
2547 4845 2678 4901 ergo
2707 4828 2958 4894 ostende,
2980 4843 3049 4884 an
3065 4826 3378 4900 compuncti
3405 4827 3518 4884 sint
3542 4827 3635 4899 qui
3656 4843 3782 4899 pec-

2203 4934 2420 4990 carunt,
2444 4939 2513 4979 an
2551 4939 2732 4980 mores
2762 4923 3117 4988 mutaverint,
3147 4931 3201 4978 et
3231 4937 3347 4977 rem
3377 4921 3579 4979 factam
3613 4924 3780 4980 habe-

2201 5014 2415 5081 bimus;
2455 5030 2578 5068 nam
2615 5013 2717 5070 hoc
2749 5014 2825 5068 ita
2858 5015 2962 5069 nisi
2994 5014 3104 5080 ﬁat,
3139 5014 3277 5069 nihil
3301 5022 3514 5086 tempus
3537 5017 3777 5086 prodest.

2198 5103 2384 5174 Neque
2403 5105 2546 5160 enim
2571 5105 2869 5174 quaerimus
2893 5105 3130 5174 quoties,
3163 5114 3217 5160 et
3237 5121 3304 5163 an
3321 5120 3464 5174 saepe
3489 5107 3685 5160 vulnus
3707 5107 3778 5161 sit

2198 5196 2518 5264 obligatum,
2546 5195 2641 5251 sed
2669 5211 2737 5251 an
2770 5197 3023 5268 ligamina
3045 5196 3248 5266 aliquid
3269 5194 3611 5265 profecerim.
3638 5195 3774 5252 Nam

2197 5289 2244 5344 si
2272 5288 2361 5342 illa
2391 5303 2521 5342 cura
2569 5288 2710 5342 intra
2759 5289 2920 5343 breve
2966 5297 3180 5358 tempus
3223 5286 3442 5357 profuit,
3487 5296 3542 5342 et
3575 5291 3776 5343 vulnus

2196 5377 2416 5442 coaluit,
2443 5377 2580 5431 nihil
2633 5384 2738 5442 est,
2782 5378 2929 5446 quod
2982 5377 3214 5447 amplius
3254 5377 3503 5432 addatur.
3554 5376 3609 5432 Si
3640 5377 3774 5431 nihil
3875 5429 3882 5436 .

2195 5462 2401 5534 profuit
2442 5465 2606 5518 etiam
2665 5474 2787 5533 post
2808 5463 3118 5534 quindecim
3174 5476 3368 5529 annos,
3414 5465 3624 5519 curatio
3663 5470 3772 5517 no‘n

2196 5563 2391 5608 cesset.
2423 5551 2663 5622 Denique
2690 5553 2776 5608 hic
2799 5551 3088 5608 solutionis
3107 5552 3377 5608 terminus
3401 5562 3541 5618 esto,
3565 5553 3773 5607 sanitas

2193 5651 2246 5698 et
2271 5658 2486 5700 eommo
2508 5647 2616 5699 lum
2640 5644 2804 5699 vincti
2837 5660 2931 5700 seu
2961 5644 3129 5716 ligati.

3447 5934 3527 5998 24
