4110 6418
431 381 533 449 ’τις

1013 486 1260 542 Scholion
1286 485 1372 541 50.

497 578 696 643 Simul,
729 580 923 648 inquit,
954 578 1362 633 omnesimitari
1398 591 1559 631 nemo
1607 587 1802 646 potest.
1865 576 2011 643 Quo-

426 673 593 728 modo
613 671 760 726 enim
790 669 906 724 fieri
940 669 1156 740 possit?
1186 683 1308 723 cum
1338 668 1423 722 hic
1450 668 1520 723 sit
1561 669 1855 723 admodum
1904 668 2007 723 ho-

426 762 666 832 spitalis,
708 761 844 816 alter
875 775 1157 831 nunquam
1196 760 1247 814 in
1274 760 1553 831 publicum
1608 761 1871 830 prodeat;
1921 760 2010 816 hic

426 856 797 909 inconcussus
833 859 1036 917 mente,
1091 851 1180 907 ille
1209 853 1565 919 inaccessus;
1597 852 1685 907 hic
1714 860 1839 921 post
1866 852 2010 906 mul-

427 955 511 1000 tos
564 945 784 999 demum
836 941 952 997 dies
1003 943 1187 997 cibum
1242 953 1442 1008 sumat,
1507 943 1596 998 ille
1639 942 1885 1013 quotidie
1916 952 2011 997 aut

424 1050 569 1093 certe
600 1036 958 1106 frequentius.
988 1034 1250 1105 Superest
1280 1052 1411 1108 ergo
1474 1046 1529 1090 ut
1557 1050 1750 1091 omnes
1807 1035 2009 1089 imitari

426 1131 588 1185 simul
612 1143 774 1184 nemo
812 1128 1004 1197 possit.

1027 1217 1276 1272 Scholion
1304 1219 1391 1273 5i.

492 1315 613 1370 Vim
645 1316 765 1373 sine
789 1315 841 1369 vi
873 1315 975 1371 sibi
1005 1312 1265 1378 inierunt,
1294 1312 1383 1381 qui
1424 1311 1610 1366 divino
1634 1323 1820 1365 amore
1888 1308 2011 1363 vul-

423 1408 595 1464 nerati
650 1415 919 1476 coguntur
976 1404 1196 1461 studere
1258 1412 1319 1457 ut
1377 1402 1624 1471 placeant
1649 1400 1776 1468 Deo,
1813 1401 1886 1455 ita
1915 1410 1995 1465 ut,

423 1500 576 1555 nullo
602 1507 849 1570 cogente,
883 1498 977 1554 sed
1008 1497 1189 1551 divina
1224 1495 1490 1550 charitate
1522 1493 1702 1558 tracti,
1733 1493 2009 1548 utdictum

423 1601 528 1656 est,
584 1606 749 1648 suave
812 1579 873 1647 et‘
921 1590 1037 1643 leve
1099 1588 1287 1658 jugum
1353 1585 1550 1640 Christi
1614 1592 1830 1653 portent
1892 1594 2003 1638 tra-

423 1686 688 1756 hantquc.

1071 1767 1320 1823 Scholion
1350 1769 1436 1823 5‘2.

494 1866 680 1921 Abbas
742 1862 991 1920 Zosimas
1051 1863 1123 1917 ita
1179 1861 1506 1931 loquebatur
1564 1855 2010 1916 :dazmonesubi

422 1957 657 2014 viderint
712 1954 1027 2025 quempiam
1078 1951 1169 2007 vel
1229 1950 1558 2007 contumelia
1618 1950 1891 2016 atii-ctum,
1926 1947 2012 2003 vel

422 2047 719 2121 ignominia
777 2054 1044 2109 notatum,
1095 2043 1181 2098 vel
1230 2047 1431 2098 damno
1478 2042 1663 2112 aliquo
1704 2040 2013 2105 multatum,

421 2136 508 2191 vel
535 2135 902 2206 quodcunque
932 2132 1076 2187 aliud
1104 2130 1307 2185 malum
1333 2144 1681 2200 perpessum,
1721 2142 1830 2183 non
1881 2126 2017 2181 ami-

419 2228 473 2301 gi
493 2228 635 2298 qu’od
664 2226 866 2296 aliquid
885 2224 1017 2279 mali
1035 2223 1381 2286 sustinuerit,
1396 2222 1489 2279 sed
1506 2221 1653 2292 quod
1685 2221 1813 2276 illud
1838 2220 2014 2291 ipsum

402 2332 528 2374 'non
557 2331 813 2389 generose
827 2326 879 2371 et
901 2315 1111 2371 fortiter
1130 2316 1432 2386 pertulerit,
1459 2314 1620 2385 hujus
1642 2314 1749 2368 vim
1776 2322 1828 2368 et
1847 2328 2016 2367 cona-

418 2420 536 2466 tum
562 2410 836 2465 daemones
889 2421 1222 2479 magnopere
1259 2407 1676 2478 pertimescunt.
1720 2404 1878 2477 104
1908 2404 2016 2457 No-

416 2509 549 2556 runt
596 2499 741 2555 enim
777 2499 922 2570 quod
979 2498 1263 2554 veritatem
1300 2499 1475 2568 ipsam
1518 2499 2011 2567 comprehenderit,

416 2598 470 2645 et
521 2587 770 2645 statuerit
800 2589 943 2641 viam
984 2586 1367 2641 mandatorum
1394 2585 1487 2641 Dei
1518 2584 1749 2656 ingredi.

1028 2675 1275 2732 Scholion
1316 2676 1407 2731 55.

488 2771 634 2827 Idem
667 2770 881 2827 dicebat
902 2770 1067 2838 quod.
1098 2769 1191 2838 qui
1215 2784 1399 2823 veram
1431 2768 1525 2822 Dei
1549 2769 1690 2822 viam
1720 2776 1774 2822 et
1803 2775 2007 2821 rectam

415 2878 545 2919 vere
605 2862 843 2925 affectat,
894 2859 1034 2916 dum
1093 2860 1364 2926 turbatur,
1389 2861 1630 2927 seipsum
1658 2859 2011 2912 vehementer

416 2955 669 3026 obiurget
689 2963 743 3008 et
785 2952 967 3007 dicat:
1027 2950 1169 3017 Quid
1221 2949 1357 3004 furis
1407 2951 1590 3003 anima
1656 2948 1821 3003 mea?
1882 2949 2011 3017 quid

418 3046 657 3101 turbaris
712 3045 859 3099 velut
910 3043 1089 3098 insani
1156 3042 1249 3112 qui
1308 3042 1679 3111 despumant?
1728 3039 1841 3095 Hoc
1893 3041 2011 3110 ipso

420 3136 666 3192 ostendis
696 3143 750 3190 te
788 3134 842 3189 in
870 3134 1064 3189 morbo
1090 3134 1291 3188 cubare
1323 3150 1337 3186 :
1364 3148 1488 3187 nam
1532 3133 1575 3188 si
1638 3147 1771 3187 sana
1834 3146 2008 3195 esses,
2037 3156 2081 3216 ο

416 3226 554 3281 nihil
584 3227 870 3297 patereris.
912 3224 1017 3290 Qui
1041 3226 1052 3276 I
1076 3214 1263 3280 cessas
1293 3224 1518 3293 teipsam
1573 3223 2014 3292 reprehendere?

416 3317 638 3371 fratrem
684 3324 835 3370 tuum
891 3328 1141 3380 accusas,
1199 3312 1349 3383 quod
1406 3312 1661 3367 morbum
1712 3313 1806 3368 tibi
1857 3323 2009 3368 tuum

416 3408 719 3465 ostenderit
750 3406 927 3476 rcipsa
969 3413 1023 3459 et
1046 3405 1102 3458 in
1135 3405 1383 3459 veritate.
1455 3403 1619 3459 Disce
1655 3403 1751 3458 Dei
1807 3418 2012 3473 praece-

418 3509 549 3571 pta:
590 3497 695 3564 Qui
747 3512 867 3550 cum
900 3495 1318 3559 malediceretur,
1348 3511 1451 3549 non
1480 3494 1862 3559 maledicebat;
1890 3511 2011 3550 cum

314 3659 324 3667 .
412 3601 699 3661 pateretur,
733 3605 836 3644 non
864 3588 1286 3643 comminabatur
1311 3588 1381 3654 ",
1416 3588 1509 3644 sed
1547 3588 1729 3643 omnia
1790 3587 2012 3644 suﬂ'ere-

418 3688 598 3751 bat,et
618 3681 834 3737 dicebat
854 3681 1024 3750 quod,
1046 3679 1093 3735 si
1116 3680 1239 3751 quis
1251 3681 1453 3735 viveret
1476 3694 1646 3734 annos
1667 3678 2007 3745 Mathusalae,

419 3790 592 3847 neque
651 3774 791 3828 hanc
855 3782 1059 3827 rectam
1103 3771 1378 3827 incederet
1425 3773 1569 3827 viam
1620 3788 1785 3842 quam
1818 3786 2009 3828 omnes

414 3866 588 3924 sancti
627 3866 916 3928 triverunt,
959 3872 1021 3918 ut
1053 3878 1248 3934 nempe
1290 3864 1607 3934 ignominiis
1644 3865 2006 3930 aﬂicerentur,

413 3969 469 4016 et
494 3957 839 4015 incommoda
865 3956 1046 4012 omnia
1080 3956 1407 4027 perferrent,
1466 3964 1522 4013 et
1579 3957 1696 4013 hac
1742 3971 2010 4029 generoso

413 4051 597 4106 animo
652 4049 1007 4115 sustinerent,
1048 4062 1161 4103 non
1214 4049 1636 4119 progrederetur
1666 4063 1768 4104 nec
1791 4063 2007 4119 parum,

412 4156 517 4197 nec
554 4141 809 4206 multum,
854 4139 951 4196 sed
987 4153 1161 4195 annos
1198 4139 1465 4197 duntaxat
1507 4140 1710 4199 frustra
1739 4142 1860 4197 sine
1899 4142 2008 4198 ullo

413 4232 592 4289 fructu
635 4238 1008 4288 consumeret.

692 4372 697 4375 .
1016 4320 1267 4378 Scholion
1291 4322 1378 4381 54.

446 4406 953 4474 -ρυειηιιιιιιιοᾶιιιιι
991 4410 1086 4479 qui
1126 4411 1182 4465 in
1221 4410 1363 4467 mari
1418 4413 1694 4482 navigant,
1754 4415 2007 4471 alacriter

1687 382 1747 441 S.
1771 380 2094 443 JOANNIS
2122 384 2428 448 CLIMACI

3587 398 3695 467 ’τιὸ

2731 496 2986 562 Σχοτλιον
3012 497 3086 555 ν’.

2195 579 2319 648 Ὑφ’
2381 583 2457 641 ἓν,
2521 586 2718 653 φησιν,
2781 587 3061 643 ἀδύνατον.
3119 590 3242 655 Πῶς
3296 593 3439 663 γάρ;
3487 594 3547 648 Ὀ
3600 600 3703 667 μιν

2115 671 2411 740 φιλόξενος,
2460 680 2489 729 6
2542 678 2595 731 δὲ
2646 679 2961 750 ἀπρόσιτος,
3017 683 3113 736 καὶ
3168 685 3197 737 6
3275 684 3377 755 μὲν
3429 687 3701 755 ἄσκυλτος

2113 764 2193 827 είς
2240 765 2340 828 τὰς
2390 766 2661 833 διανοίας³
2715 772 2743 823 6
2800 771 2857 824 δὲ
2907 772 3200 843 ἀπρόῖτος*
3253 776 3349 829 καὶ
3397 780 3427 831 6
3463 779 3560 850 μὲν
3609 780 3700 835 διὰ

2113 853 2324 909 πολλῶν
2381 859 2603 930 ἡμερῶν
2653 862 3021 933 τρεφόμενος,
3068 867 3097 920 6
3152 864 3211 919 δὲ
3275 870 3700 941 συνεχέστερον·

2112 944 2298 1002 λοιπὸν
2329 948 2420 1017 ὑφ’
2450 949 2508 1004 ἓν
2539 953 2884 1024 μιμήσασθαι
2918 955 3148 1024 πάντας,
3180 957 3462 1014 ἀδύνατον.

2698 1235 2960 1302 Σχόλιον
3000 1241 3114 1295 ra’.

2195 1311 2469 1372 Ἀϐίαστοι
2516 1319 2736 1389 βιασταί
2783 1326 2963 1392 εἰσιν,“
2990 1330 3039 1381 οί
3083 1330 3150 1400 τῇ
3195 1329 3385 1403 ἀγάπῃ
3415 1332 3511 1385 τοῦ
3556 1332 3695 1389 θεοῦ

2111 1405 2463 1494 τετρωμένοι,
2494 1410 2589 1463 καὶ
2619 1409 2927 1494 βιαζόμενοι
2957 1413 3036 1485 τῷ
3063 1415 3184 1486 Θεῷ
3212 1417 3599 1488 εὐαρεστῆσαι,
3629 1420 3696 1472 ού

2114 1492 2436 1565 βιαζομένου
2460 1498 2622 1565 τινὸς,
2654 1501 2770 1554 ἀλλ’
2798 1492 3082 1575 ἑλκόμενοι
3110 1509 3177 1577 τῇ
3199 1505 3292 1560 τοῦ
3320 1507 3455 1561 Θεοῦ
3478 1508 3695 1581 ἀγάπῃ,

2112 1585 2184 1650 ὡς
2220 1588 2457 1659 εἴρηται,
2492 1591 2583 1644 τὸν
2616 1591 2780 1661 ζυγὸν
2822 1595 3002 1651 ἕλκειν
3033 1597 3127 1651 τοῦ
3158 1599 3396 1669 Χριστοῦ
3440 1602 3532 1655 τὸν
3574 1602 3700 1656 ἐλαι

2113 1674 2247 1746 φρὸν
2277 1679 2373 1731 καὶ
2420 1683 2676 1751 χρηστόν.

2703 1776 2962 1844 Σχόλιον
2987 1778 3103 1843 νβ’.

2197 1857 2257 1913 Ὀ
2302 1859 2475 1924 ἀϐϐᾶς
2526 1865 2780 1934 Ζωσιμᾶς
2808 1866 2992 1935 ἔλεγεν
3022 1868 3217 1935 οὕτως,
3252 1871 3335 1925 ὅτι
3369 1872 3463 1926 ἐὰν
3513 1873 3695 1927 ἱδωσιν

2116 1950 2166 2003 oi
2188 1950 2438 2021 δαίμονες
2458 1954 2540 2006 ὅτι
2562 1954 2791 2028 ὑϐρίσθη
2815 1960 2973 2031 τις,ἢ
2999 1962 3300 2034 ἡτιμάσθη,
3324 1962 3357 2034 ἦ
3387 1963 3697 2038 ἐζημιώθη,

2116 2041 2150 2115 ἢ
2180 2044 2287 2099 πᾶν
2306 2043 2334 2097 ὃ
2362 2060 2414 2097 τι
2444 2044 2668 2111 ἔπαθεν,
2703 2049 2792 2102 καὶ
2835 2049 3103 2124 θλίϐηται,
3127 2053 3225 2125 οὐχ
3260 2056 3289 2109 ὃ
3317 2073 3368 2109 τι
3399 2056 3565 2111 ἔπαθε
3596 2077 3697 2114 κα-

2117 2132 2262 2196 κῶς,
2321 2133 2439 2187 ἀλλ’
2490 2135 2572 2189 ὅτι
2618 2138 2720 2192 ούκ
2768 2141 2965 2212 ἤνεγκε
2993 2145 3255 2212 γενναίως
3302 2147 3403 2216 τὴν
3442 2149 3699 2222 τοιαύτην

2115 2221 2309 2293 ὁρμὴν,
2361 2224 2650 2292 φοϐοῦνται
2693 2228 3060 2300 οίδαίμονες·
3103 2232 3432 2301 γινώσκουσι
3464 2238 3572 2309 γὰρ
3613 2221 3698 2293 ὅτι

2114 2312 2290 2381 ἥψατο
2316 2313 2415 2384 τῆς
2440 2315 2713 2387 ἀληθείας,
2741 2321 2834 2373 καὶ
2862 2321 3177 2391 βουλεύεται
3206 2332 3528 2399 περιπατεῖν
3554 2333 3696 2385 κατά

2116 2405 2213 2466 τὰς
2245 2403 2468 2469 ἐντολὰς
2498 2407 2591 2461 τοῦ
2624 2408 2784 2465 Θεοῦ.

2704 2680 2751 2731 Σ
2751 2679 2964 2747 χόλιον
2997 2691 3107 2752 r7".

2196 2756 2255 2810 '0
2297 2760 2463 2825 αὐτὸς
2491 2762 2679 2831 ἔλεγεν
2724 2767 2806 2821 ὅτι
2853 2771 2883 2822 ὁ
2936 2770 3117 2826 ποθῶν
3161 2777 3259 2845 τὴν
3304 2778 3565 2851 ἀληθινὴν
3604 2784 3701 2839 καὶ

2115 2852 2327 2904 εὐθεῖαν
2355 2852 2493 2918 ὁδὸν,
2528 2855 2585 2908 ἐν
2622 2856 2699 2927 τῷ
2740 2860 3105 2933 ταράττεσθαι
3155 2868 3476 2942 ἐπιπλήττει
3504 2875 3699 2930 ἑαυτὸν

2115 2942 2375 3041 σφοδρῶς,
2404 2946 2497 3041 καὶ
2531 2947 2700 3017 λέγει’
2728 2951 2792 3003 Τί
2824 2953 3008 3025 μαίνῃ,
3037 2956 3340 3030 ψυχή.μου;
3374 2964 3420 3016 τί
3444 2968 3696 3041 ταράσσῃ

2112 3034 2189 3125 ᾡς
2230 3036 2280 3089 oi
2319 3039 2672 3110 ἀφρίζοντες;
2701 3044 2841 3097 Αὐτὸ
2869 3047 3029 3102 τοῦτο
3060 3050 3349 3120 δεικνύεις,
3385 3057 3469 3110 ὅτι
3498 3034 3693 3125 voseis;

2216 3125 2291 3198 μὴ
2343 3130 2570 3222 ενὸσεις,
2601 3134 2701 3186 ούκ
2733 3134 2991 3208 ἔπασχες.
3045 3141 3111 3193 Τί
3155 3144 3356 3212 ἀφεῖσα
3398 3149 3460 3202 τὸ
3495 3151 3698 3222 ἑαυτὴν

2117 3217 2466 3290 μέμφεσθαι,
2506 3224 2756 3292 ἐγκαλεῖς
2824 3229 2905 3298 τῷ
2974 3232 3187 3306 ἀδελφῷ
3232 3254 3350 3305 σου,
3399 3242 3481 3295 ὅτι
3524 3217 3693 3311 ἔδειξέ

2114 3329 2197 3407 σοι
2222 3315 2322 3388 τὴν
2346 3318 2498 3373 νόσον
2529 3336 2623 3374 σου
2653 3323 2749 3376 καὶ
2774 3325 3079 3397 πράγματι,
3116 3331 3210 3385 καὶ
3252 3331 3500 3407 ἀληθείᾳ.
3536 3338 3692 3392 Μάιοε

2111 3406 2210 3470 τὰς
2234 3409 2455 3475 ἐντολὰς
2485 3412 2578 3466 τοῦ
2610 3414 2748 3467 Θεοῦ
2768 3432 2781 3444 ’
2820 3419 2925 3485 Ὃς
2955 3420 3417 3492 λοιδορούμενος
3447 3406 3560 3483 οὐκ
3588 3430 3690 3485 ἀν-

2110 3500 2468 3571 τελοιδόρει*
2528 3505 2782 3577 πάσχων
2834 3513 2946 3566 οὐκ
3000 3514 3272 3583 ἠπείλει,
3326 3519 3462 3575 ἀλλά
3515 3523 3690 3578 πάντα

2111 3594 2394 3685 ὑπέμεινε,
2446 3599 2540 3650 καὶ
2590 3599 2795 3667 ἔλεγεν,
2831 3603 2913 3656 ὅτι
2957 3605 3053 3660 ἐὰν
3084 3605 3225 3680 ζήσῃ
3255 3628 3339 3674 τις
3372 3613 3440 3666 τὰ
3472 3614 3565 3685 ἐτη
3594 3616 3691 3670 τοῦ

2072 3757 2077 3763 _
2109 3684 2464 3753 Μαθουσαλά,
2495 3689 2586 3743 καὶ
2620 3690 2695 3762 μὴ
2734 3692 3157 3769 όδεύοῃςεαύτην
3180 3699 3279 3771 τὴν
3307 3703 3523 3758 εὐθεῖαν
3548 3684 3686 3772 666v,

2109 3775 2176 3845 ἢν
2216 3775 2455 3832 ὥδευσαν
2489 3780 2688 3847 πάντες
2731 3785 2781 3836 oi
2826 3785 2994 3854 ἅγιοι,
3032 3787 3175 3859 λέγω
3211 3791 3275 3865 δὴ
3311 3793 3410 3865 τὴν
3451 3796 3546 3850 τοῦ
3577 3799 3690 3852 ἀτι-

2113 3867 2400 3937 μάζεσθαι,
2433 3872 2528 3924 καὶ
2559 3871 2910 3944 ζημιοῦσθαι,
2961 3879 3056 3932 καὶ
3086 3880 3276 3953 φέρειν
3305 3887 3590 3953 γενναίως,
3624 3890 3690 3942 ού

2111 3959 2187 4032 μὴ
2215 3962 2415 4036 προϐῇ,
2445 3966 2507 4019 οὐ
2563 3966 2776 4039 μικρὸν,
2807 3970 2869 4025 ού
2906 3972 3050 4042 μέγα
3070 3989 3085 4006 ο
3116 3974 3254 4031 ἀλλὰ
3294 3979 3455 4049 μόνον
3497 3981 3565 4035 τὰ
3590 3980 3689 4053 ἐτη

2107 4053 2388 4109 ἀναλίσκει
2415 4056 2693 4129 διακενῆς.

2695 4347 2957 4417 Σχόλιον
2987 4349 3100 4406 νδ’.

2179 4431 2390 4504 ’Ὥσπερ
2412 4435 2460 4488 οί
2489 4436 2546 4488 ἐν
2576 4436 2819 4512 θαλάσσῃ
2844 4440 3117 4510 πλέοντες,
3148 4444 3325 4517 ἡδέως
3356 4446 3683 4519 ὑπομένουσι

411 4501 544 4558 solis
572 4501 821 4556 ardorem
848 4502 1143 4567 sustinent,
1192 4504 1265 4560 ita
1293 4505 1388 4575 qui
1430 4506 1693 4561 malitiam
1745 4508 1997 4573 oderunt,

2110 4522 2198 4576 τδν
2227 4501 2452 4596 ήλιαιιὸν
2494 4529 2774 4596 καύσωνα,
2793 4501 2994 4601 ’.οὕτως
3035 4501 3421 4609 οίιμιισοῦντες
3464 4501 3683 4608 itania»,

410 4603 601 4649 amant
649 4594 1112 4665 obiurgationem.
1197 4595 1492 4667 Propterea
1558 4605 1725 4655 nauta
1795 4600 2004 4657 resistit

408 4688 608 4753 ventis,
633 4686 923 4758 religiosus
948 4688 1161 4744 vitiosis
1183 4691 1352 4746 animi
1377 4693 1905 4762 perturbationibus.

1153 4779 1335 4836 Aliud.

477 4865 581 4923 llic
611 4868 851 4925 animam
874 4884 1035 4927 suam
1070 4885 1172 4941 pro
1204 4871 1375 4929 fratre
1404 4877 1608 4945 posuit.

1092 5025 1319 5083 Maximi
1341 5028 1428 5085 56.

478 5114 583 5183 Qui
618 5116 675 5172 in
715 5117 935 5188 publico
970 5135 1235 5176 consessu
1296 5114 1613 5178 sermonum
1665 5123 1997 5180 auditionem

405 5209 713 5278 petulanter
758 5211 1088 5282 interpellat,
1146 5213 1291 5268 haud
1345 5214 1510 5269 dubia
1554 5215 1648 5271 dat
1675 5216 1829 5288 signa
1849 5217 1998 5289 quod

408 5301 726 5376 ambitionis
768 5305 963 5359 morbo
1024 5313 1294 5372 teneatur,
1340 5322 1450 5377 quo
1503 5317 1802 5378 occupatus
1850 5308 1999 5364 mille

409 5388 525 5446 vias
573 5402 627 5448 et
675 5393 934 5463 ambages
971 5395 1334 5465 quaestionum
1357 5405 1413 5454 et
1438 5401 1875 5468 propositionum
1905 5401 2000 5456 ob-

409 5478 548 5549 iicit,
613 5491 672 5540 ut
726 5486 922 5542 seriem
994 5488 1329 5559 loquentium
1378 5493 1669 5563 abrumpat
1696 5501 1791 5549 aut
1826 5494 1996 5551 inter-

412 5570 572 5638 polet.

477 5682 524 5718 7‘
550 5685 730 5742 lPetr.
762 5704 823 5754 ιι,
852 5689 945 5745 25.

473 5754 556 5859 la)
593 5794 807 5856 Videtur
848 5802 1055 5872 aliquid
1087 5804 1299 5861 deesse.

2110 4615 2368 4682 ἀγαπῶσι
2398 4617 2616 4690 ἔλεγχον
2637 4638 2650 4651 ο
2674 4621 2809 4677 διότι
2836 4626 3191 4696 ἐναντιοῦται,
3215 4631 3244 4684 6
3277 4629 3376 4701 μὲν
3423 4635 3537 4698 τοῖς
3565 4636 3685 4689 ἀνέ-

2110 4721 2252 4775 μοις,
2282 4708 2311 4762 ὁ
2333 4708 2392 4761 δὲ
2436 4711 2663 4766 πάθεσιν
2696 4712 2798 4785 (τι).

2687 4808 2950 4876 Σχόλιον
2985 4818 3087 4865 re’.
3130 4818 3134 4822 ‘

2177 4880 2348 4954 Οὗτος
2394 4892 2492 4962 τὴν
2534 4894 2729 4949 ἑαυτοῦ
2771 4896 2950 4973 ψυχὴν
2993 4900 3133 4974 ὑπὲρ
3174 4903 3269 4957 τοῦ
3315 4902 3545 4975 ἀδελφοῦ
3600 4905 3686 4961 τὲ-

2105 4978 2307 5034 θεικεν.
3452 5009 3465 5026 ‘

2675 5058 2949 5128 Ma€l1wv
2991 5068 3109 5127 νίζ’.

2183 5139 2243 5194 Ὀ
2287 5142 2347 5196 ὲν
2399 5146 2659 5218 συνεδρίῳ
2704 5148 2877 5216 λόγων
2914 5152 3181 5225 ἀκρόασιν
3226 5156 3517 5227 προπετῶς
3553 5158 3684 5211 ἀνα-

2100 5230 2337 5300 κόπτων,
2385 5235 2487 5289 ούκ
2528 5237 2684 5293 ἔλαθε
2728 5241 3035 5311 φιλοδοξίαν
3079 5247 3271 5315 νοσῶν,
3310 5248 3400 5319 ὑφ’
3445 5242 3516 5321 ἧς
3562 5250 3678 5304 ἁλι-

2100 5324 2363 5395 σχόμενος
2410 5330 2640 5402 μυρίους
2680 5336 3041 5406 προϐάλλεται
3069 5339 3325 5412 δρόμους,
3383 5341 3479 5396 καὶ
3525 5359 3679 5414 περι-

2103 5416 2340 5487 δρόμους
2397 5423 2754 5492 προτάσεων,
2804 5428 2899 5486 τὸν
2956 5431 3149 5502 είρμδν
3206 5434 3316 5489 τῶν
3372 5433 3680 5506 λεγομένων

2101 5508 2386 5582 διαστῆσαι
2422 5514 2761 5586 βουλόμενος.
