4110 6442
367 444 474 513 ’151
1625 441 1686 499 3.
1717 441 1952 502 IOANN

2061 440 2365 503 CLIMACI
3514 434 3622 500 ’752

369 589 468 636 aut
519 580 564 637 si
606 594 663 635 se
700 577 894 632 avellat
935 575 1079 631 illico
1099 579 1345 630 mortuus
1364 584 1446 629 est
1486 572 1686 637 anima,
1731 583 1784 628 et
1844 576 1945 629 du-

2055 571 2253 640 πατρὸς
2305 570 2587 641 χορηγίας⁸
2610 563 2695 623 οἶα
2724 569 2788 640 δὴ
2806 569 2902 640 τὴν
2927 569 3013 622 ἐπ’
3035 568 3197 622 αὑτοῦ
3226 567 3494 639 σύμϐασιν
3510 569 3630 622 ἀθε-

368 673 538 728 ctoris
589 671 670 726 sui
719 667 1032 739 magisterio
1072 665 1388 728 destitutus,
1426 674 1610 730 utpote
1645 667 1738 735 qui
1771 664 1951 722 ftetlus

2055 661 2246 730 τήσας.
2273 663 2450 714 Ἔστω
2471 662 2648 714 τοίνυν
2675 663 2702 714 ὀ
2726 661 2962 724 τοιοῦτος
2983 660 3448 730 κατακεκριμένος
3479 660 3630 732 παρά

367 769 528 808 suum
568 751 806 805 violavit.
849 749 930 802 Sit
952 762 1079 817 ergo
1113 747 1426 815 hujusmodi
1468 750 1536 802 ab
1563 765 1676 818 ipsa
1717 749 1952 804 Veritate

2056 751 2278 822 ἀληθείᾳ
2321 751 2637 822 δικαζούσῃ,
2664 752 2737 814 ὡς
2760 751 3069 805 σκανδάλων
3115 751 3374 814 ὑπόθεσις
3417 751 3628 805 πλείοσι

363 841 640 910 jutlicante
662 842 970 904 damnatus,
1014 851 1071 894 ut
1102 840 1196 909 qui
1219 840 1468 909 pluribus
1497 843 1781 896 materiam
1804 857 1952 896 scan-

2057 844 2448 912 καθιστάμενος
2516 844 2658 897 ’Καὶ
2707 842 2996 912 συμφέρει
3055 842 3236 907 αὐτῷ,
3298 843 3399 895 ινα
3435 845 3634 911 μύλος

367 927 494 981 dali-
516 927 821 996 praebuerit;
852 927 1055 996 expedit
1085 931 1223 980 enim
1254 929 1333 982 illi
1363 939 1418 982 ut
1441 931 1792 998 suspendatur
1813 931 1952 984 mola

2058 936 2259 1000 ὀνικὸς
2305 934 2613 1008 κρεμασθῇ
2641 937 2773 1004 περὶ
2814 937 2923 988 τὸν
2951 934 3258 1003 τράχηλον
3285 935 3495 998 αὑτοῦ,
3532 934 3632 988 καὶ

369 1018 605 1069 asinaria
637 1017 833 1067 circum
880 1015 1073 1068 collum
1107 1017 1243 1086 ejus,
1276 1027 1325 1071 el
1373 1018 1708 1088 demergatur
1748 1019 1804 1071 in
1830 1034 1952 1087 pro-

2058 1025 2506 1094 καταποντισθῇ
2556 1027 2627 1081 ἐν
2670 1025 2750 1093 τῷ
2794 1027 3040 1096 πελάγει
3111 1025 3224 1096 τῆς
3289 1026 3630 1095 θαλάσσης.

367 1105 588 1175 fundum
642 1105 890 1160 maris".
937 1107 1034 1162 Ubi
1093 1111 1237 1164 enim
1283 1112 1463 1164 anima
1505 1125 1600 1180 per
1628 1111 1952 1179 apostasiam

2071 1115 2238 1166 Ἐπὰν
2269 1115 2373 1186 γὰρ
2404 1115 2550 1186 ψυχὴ
2591 1117 2915 1170 ἀποστατεῖν
2944 1115 3144 1188 είθίσῃ,
3190 1115 3394 1187 πολλῆς
3421 1117 3634 1188 ἐμπίμ-

367 1197 597 1252 deﬁcere
661 1200 1025 1266 constraverit,
1087 1203 1234 1256 omni
1277 1217 1473 1272 genere
1532 1203 1952 1273 intemperantia:

2060 1206 2259 1259 πλαται
2287 1208 2584 1277 ἀκρασίας.⁸

367 1287 694 1358 completur.
1194 1307 1196 1310 ·

972 1377 1219 1434 Scholion
1243 1379 1330 1436 63.
1951 1401 1952 1404 ‘

2640 1360 2900 1430 Σχόλιον
2933 1358 3043 1432 £1".
3269 1407 3272 1410 «
3629 1413 3633 1416 .

447 1462 763 1541 Obedientia
796 1465 1126 1534 principium
1178 1475 1263 1521 est
1312 1467 1656 1522 humilitatis.
1699 1465 1811 1520 Nisi
1835 1465 1952 1535 quis

2142 1449 2386 1524 ’Υπακοὴ
2413 1451 2554 1522 ἀρχὴ
2577 1449 2959 1514 ταπεινώσεως
2977 1465 2992 1480 '
3018 1449 3172 1522 ὁγὰρ
3194 1449 3268 1522 μὴ
3293 1449 3486 1505 ἑαυτοῦ
3507 1467 3634 1505 κατ-

369 1549 512 1602 enim
561 1537 801 1619 seipsum
849 1561 1107 1620 tanquam
1165 1553 1348 1607 omnis
1397 1555 1614 1608 virtutis
1679 1562 1952 1623 expertem

2061 1544 2282 1610 αγνοὺς,
2335 1543 2564 1613 ἐλλιπὴς
2592 1537 2731 1596 εἶναι
2765 1542 2874 1595 τῶν
2914 1541 3144 1613 ἀρετῶν,
3177 1542 3283 1595 ὑπὸ
3312 1544 3469 1613 χεῖρα
3496 1539 3638 1596 εἶναι

365 1634 590 1704 judicct,
637 1651 730 1704 per
769 1638 992 1692 alterius
1037 1652 1256 1691 manum
1289 1640 1399 1708 regi
1433 1655 1537 1692 non
1575 1647 1775 1709 potest.
1820 1638 1952 1692 Cum

2061 1634 2250 1706 ἑτέρου
2289 1634 2350 1688 οὐ
2391 1634 2636 1688 δύναται.
2672 1634 2734 1687 El
2773 1629 2867 1687 οὖν
2897 1633 3241 1702 κατάγνωσις
3276 1633 3637 1687 συστέλλουσα

369 1740 501 1794 ergo
533 1727 616 1779 sui
651 1723 824 1792 ipsius
848 1725 1232 1780 condemnatio
1273 1713 1512 1780 animam
1543 1729 1683 1780 intra
1711 1742 1770 1782 se
1806 1741 1952 1781 coer-

2061 1726 2162 1797 τὴν
2191 1725 2370 1796 ψυχὴν
2402 1727 2494 1778 ἐπὶ
2532 1726 2630 1796 τὴν
2670 1726 2919 1794 ὑπακοὴν
2965 1725 3109 1793 ἄγει,
3143 1726 3175 1794 ἡ
3206 1724 3262 1777 δδ
3292 1725 3505 1795 ὑπακοὴ
3536 1725 3637 1793 φό-

370 1828 512 1886 ceat,
535 1817 758 1873 deducit
785 1817 932 1871 illam
961 1815 1027 1870 ad
1058 1817 1423 1872 obedientiam
1457 1835 1471 1872 :
1499 1818 1804 1872 obedientia
1833 1832 1952 1871 vero

2064 1816 2144 1888 ϐῳ
2167 1815 2302 1869 Θεοῦ
2344 1816 2755 1888 κεκρατημένη,
2794 1817 2959 1886 γεννᾷ
2993 1816 3092 1885 τὴν
3135 1816 3356 1886 ἀγάπην
3393 1817 3488 1869 καὶ
3536 1816 3637 1886 τὴν

370 1912 567 1965 timore
604 1907 818 1962 Domini
859 1907 1105 1977 perculsa
1154 1908 1295 1976 parit
1317 1907 1632 1962 cltaritatem
1658 1907 1750 1960 Dei
1779 1916 1831 1961 et
1857 1908 1952 1961 bu-

2061 1907 2422 1962 ταπείνωσιν·
2484 1908 2816 1969 ταπείνωσις
2859 1907 2915 1960 δὲ
2975 1906 3180 1970 τέλειος
3245 1906 3477 1978 ἐξορίζει
3535 1908 3636 1978 τὴν

370 2003 700 2067 utilitatem;
757 1997 995 2069 perfecta
1054 2007 1233 2052 autem
1281 1999 1558 2052 humilitas
1609 2012 1823 2052 onmem
1870 2013 1952 2052 ar-

2059 2001 2255 2072 οῐησιν.
2307 2001 2365 2053 Ὀ
2418 2000 2475 2054 δὲ
2527 1998 2732 2071 ταύτης
2775 2000 2868 2053 καὶ
2915 1999 3022 2052 τῶν
3075 1998 3279 2052 λοιπῶν
3314 1999 3633 2072 καθαρθεὶς,

369 2091 672 2162 regantiam
710 2098 762 2143 et
805 2088 887 2144 sui
933 2089 1392 2142 existimationem
1456 2088 1802 2142 exterminat.
1861 2086 1952 2140 Bo.

2059 2093 2155 2162 τῆς
2188 2090 2453 2154 ἀπαθείας
2479 2088 2812 2162 χρηματίζει
2846 2083 3017 2154 οἶκος,
3035 2088 3110 2151 ὡς
3133 2088 3330 2144 ἔοικεν.

369 2191 629 2252 purgatus
680 2187 859 2232 autem
917 2177 985 2230 ab
1040 2177 1212 2232 hocet
1244 2178 1366 2231 aliis
1426 2177 1738 2246 ltujusmodi
1792 2178 1956 2242 vitiis,

371 2273 428 2328 fit
457 2287 596 2327 V013
624 2269 1052 2339 tranquillitatis,
1073 2278 1132 2322 ut
1158 2284 1256 2338 par
1279 2277 1380 2325 est.
1413 2267 1770 2322 domicibum.

1063 2360 1246 2415 Aliud.

2761 2349 2957 2402 Ἄλλο.

437 2452 770 2522 Principium
809 2450 1040 2521 quidem
1063 2460 1117 2506 et
1140 2451 1262 2505 linis
1291 2458 1374 2503 est
1405 2448 1707 2503 obedientia
1735 2460 1828 2517 per
1858 2446 1952 2501 hu-

2140 2440 2307 2511 Ἀρχὴ
2353 2440 2452 2510 μὲν
2501 2439 2595 2493 καὶ
2630 2441 2781 2502 τέλος
2823 2440 3040 2509 ὑπακοὴ
3090 2437 3182 2492 διὰ
3215 2441 3316 2510 τῆς
3356 2440 3636 2522 ταπεινώ-

368 2511 651 2600 militalem
689 2511 1036 2598 :obedienlia
1084 2541 1410 2612 principium
1467 2549 1522 2594 et
1560 2539 1683 2593 linis
1731 2511 1817 2593 est
1855 2539 1952 2591 hu-

2059 2535 2292 2604 σεως’ἡ
2332 2532 2386 2584 δὲ
2434 2532 2681 2604 θυγάτηρ
2719 2533 2912 2602 αὐτῆς,
2957 2535 2988 2603 ἡ
3027 2531 3286 2597 ἀπάθεια,
3313 2511 3636 2601 τελεῖωτικη

368 2641 634 2695 militatis.
662 2636 992 2693 llumilitatis
1013 2646 1190 2690 autem
1218 2636 1432 2692 soboles
1465 2641 1548 2690 est
1594 2634 1952 2703 tranquillitas

2056 2623 2266 2690 γίνεται
2318 2623 2418 2694 τῆς
2488 2622 2714 2694 μητρὸς,
2760 2622 2855 2678 καὶ
2899 2623 2994 2693 τὴν
3035 2623 3249 2676 τελείαν
3301 2624 3632 2677 ταπείνωσιν

367 2733 557 2794 animi,
585 2745 707 2800 quae
749 2729 955 2799 perlicit
983 2728 1295 2798 genitricem
1340 2742 1515 2794 suam,
1564 2727 1806 2796 adeoque
1834 2741 1958 2796 per-
2057 2715 2331 2786 προξενεῖ·

367 2823 566 2879 feclam
598 2821 725 2876 facit
751 2820 1136 2874 humilitatem.

1082 2907 1264 2963 Aliud.
2068 2924 2072 2927 ·
2718 2894 2928 2946 Ἀλλο.

435 3001 671 3058 Humilis
692 3010 746 3056 et
812 2999 1090 3065 obediens,
1140 2999 1273 3055 vitio
1321 2999 1643 3070 arrogantiae
1677 2998 1792 3054 sive
1841 3013 1952 3054 sua:

2135 2983 2194 3036 '0
2239 2981 2491 3044 ταπεινὸς
2541 2979 2637 3034 καὶ
2683 2981 2922 3052 ὑπήκοος
2949 2979 3112 3035 πάθει
3140 2983 3202 3035 οὐ
3247 2980 3486 3036 δουλεύει
3506 2983 3621 3052 0H)-

363 3091 785 3149 existimationis
850 3105 956 3146 non
1001 3090 1188 3145 servit.
1237 3089 1341 3155 Qui
1398 3089 1534 3144 liber
1563 3089 1734 3145 estab
1755 3087 1952 3160 hujus-

2057 3091 2194 3136 σεως
2211 3088 2224 3103 ·
2244 3075 2272 3127 ὁ
2300 3073 2356 3127 δὲ
2389 3072 2578 3127 παθῶν
2603 3073 2923 3137 άδούλωτος,
2954 3073 3168 3146 ἀπαθὴς
3197 3073 3414 3138 πάντως
3435 3075 3634 3146 γνωρί-

365 3183 512 3240 modi
536 3184 684 3238 vitiis
712 3191 764 3237 et
785 3179 951 3236 animi
985 3165 1506 3252 perturbationibus,
1533 3180 1686 3236 illum
1726 3169 1952 3235 omnino

2060 3166 2242 3232 ζεται·
2267 3169 2294 3221 ὁ
2317 3166 2373 3220 δὲ
2400 3166 2615 3237 ἀπαθὴς
2641 3167 2802 3238 ἤπιός
2831 3167 2978 3221 ἐστιν
3006 3168 3127 3232 ὅλος
3151 3167 3242 3222 καὶ
3265 3167 3465 3240 πραῢς,
3491 3167 3631 3222 ὥστε

2055 3261 2144 3288 ...Α
2193 3260 2405 3288 ,ια--..λιι
2432 3261 2593 3288 ..ρ-...3
2629 3259 2726 3288 ριὶ...
2774 3259 3035 3288 Δ.-ι.ο-.....
3080 3261 3164 3288 ἒηὶ.
3200 3261 3362 3288 ..Ι--.ι
3395 3261 3495 3288 -Ζ,
3537 3277 3603 3288 --

364 3274 472 3329 frui
499 3275 663 3329 animi
692 3273 1077 3343 tranquillitate
1099 3279 1328 3328 constat.
1377 3271 1728 3342 Tranquillus
1767 3278 1950 3327 autem

364 3367 547 3422 animo
576 3375 890 3421 mansuetus
921 3377 974 3420 et
1000 3366 1148 3420 mitis
1179 3373 1262 3420 est
1283 3373 1448 3429 totus,
1485 3363 1558 3420 ita
1596 3376 1656 3420 ut
1701 3364 1864 3420 etiam
1893 3367 1953 3420 a—
2055 3354 2383 3419 πεινώσεως-

364 3459 502 3514 nimi
556 3452 1003 3529 tranquillitatem
1047 3456 1353 3512 obedientia
1424 3471 1521 3528 per
1581 3456 1951 3512 humilitatem

365 3551 564 3621 pariat.

2055 3261 2150 3316 καὶ
2193 3260 2407 3331 ὑπακοὴ
2432 3261 2594 3331 γεννᾷ
2629 3259 2726 3333 τὴν
2771 3259 3035 3316 ἀπάθειαν
3078 3261 3164 3320 διὰ
3198 3261 3363 3331 μέσου
3395 3261 3495 3333 τῆς
3537 3277 3632 3315 τα-

985 3639 1231 3696 Scholion
1266 3640 1353 3696 64.

2611 3616 2872 3685 Σχόλιον
2907 3611 2994 3679 ξδ’
3016 3649 3031 3667 .

421 3730 586 3801 Origo
610 3739 665 3786 et
706 3745 902 3800 parens
929 3728 1330 3800 tranquillitatis
1361 3730 1526 3784 animi
1570 3739 1654 3785 est
1694 3729 1952 3786 obedien-

2137 3709 2303 3784 Ἀρχὴ
2341 3710 2440 3780 μὲν
2487 3709 2580 3763 καὶ
2632 3711 2816 3780 μήτηρ
2861 3705 3130 3769 ἀπαθείας
3165 3704 3380 3774 ὑπακοὴ
3411 3702 3498 3756 διὰ
3528 3719 3628 3757 τα-

361 3823 438 3877 tia
501 3790 598 3892 per
661 3790 1040 3888 humilitatem,
1065 3790 1145 3876 ἐκ
1185 3837 1291 3893 qua
1331 3832 1455 3876 nata
1509 3831 1588 3877 est
1615 3821 1951 3893 animitran-

2055 3799 2392 3861 πεινώσεως·
2425 3799 2458 3867 ἡ
2480 3797 2538 3850 δὲ
2565 3795 2811 3865 θυγάτηρ
2851 3794 3043 3864 αὐτῆς,
3069 3795 3102 3864 ἡ
3143 3792 3383 3846 ἀπάθεια
3407 3790 3627 3844 τελειω-

364 3878 622 3981 quillitas,
676 3927 796 3981 qua:
836 3878 1386 3982 perticit'parentem,
1438 3912 1508 3967 ita
1544 3922 1600 3967 ut
1650 3890 1951 3982 perfectam

2055 3891 2180 3960 τικὴ
2219 3890 2428 3958 γίνεται
2471 3887 2569 3955 τῆς
2629 3887 2856 3957 μητρὸς,
2918 3885 2991 3947 ὼς
3040 3885 3136 3956 τὴν
3183 3883 3397 3936 τελείαν
3439 3878 3627 3954 προξε-

361 3980 550 4058 reddat
577 3980 935 4056 humilitatem
973 3980 1100 4071 (α).“
1651 3980 1696 4028 '-

2055 3981 2222 4037 νοῦσα
2246 3980 2597 4034 ταπείνωσιν.

957 4069 1202 4143 Scholion
1235 4087 1325 4142 65.

2634 4070 2893 4138 Σχόλιον
2923 4069 3024 4133 ξε¹.

428 4179 709 4252 Tanquam
737 4181 791 4235 in
821 4180 1062 4250 speculo,
1099 4179 1295 4250 inquit,
1325 4178 1556 4248 teipsum
1587 4176 1640 4231 in
1667 4177 1952 4232 conscien-

2135 4166 2220 4228 Ὦς
2250 4165 2307 4216 ὲν
2329 4161 2640 4231 κατόπτρῳ,
2663 4160 2816 4229 φησὶ,
2855 4159 2930 4228 τῷ
2957 4157 3214 4212 συνειδότι
3247 4156 3468 4211 σεαυτὸν
3497 4156 3622 4208 ἀνα-

360 4273 434 4328 tia
464 4247 910 4343 contemplare,et
932 4284 1051 4328 tuas
1095 4247 1250 4342 167
1279 4270 1634 4342 cegitationes
1663 4269 1947 4338 investiga.

2057 4257 2274 4326 θεώρει,
2333 4255 2427 4308 καὶ
2472 4251 2738 4322 ἀνερεύνα
2759 4252 2878 4313 τοὺς
2911 4250 3106 4304 ἑαυτοῦ
3145 4247 3449 4318 λογισμούς
3481 4263 3494 4277 ’
3527 4248 3624 4299 καὶ

358 4362 512 4430 Quod
566 4365 611 4418 si
645 4373 696 4418 te
746 4337 1244 4418 conscientia—non
1282 4337 1502 4416 accuset
1529 4359 1638 4413 ulla
1669 4359 1724 4412 in
1745 4373 1825 4424 re,
1855 4337 1950 4413 sed

2055 4351 2101 4403 εί
2140 4349 2200 4402 οὑ
2252 4347 2548 4416 κατηγορεῖ
2599 4360 2692 4396 σου
2753 4345 2786 4412 ἡ
2835 4343 3139 4411 συνείδησις
3185 4340 3242 4392 ἐν
3294 4357 3436 4405 τινι,
3487 4337 3624 4391 ἀλλά

359 4463 586 4509 testetur
649 4462 699 4508 te
751 4451 984 4523 perfecte
1051 4453 1105 4506 in
1160 4451 1413 4506 omnibus
1455 4451 1570 4505 sine
1638 4449 1950 4505 discrimine

2056 4441 2324 4510 μαρτυρεῖ
2378 4452 2460 4489 σοι
2516 4437 2572 4488 ὲν
2617 4436 2748 4486 πᾶσι
2800 4433 2896 4503 τὴν
2955 4433 3236 4502 ὑποταγὴν
3283 4431 3620 4502 ἀδιάκριτον,

359 4541 704 4600 obedientem
724 4553 776 4597 et
811 4543 1138 4610 subjectum,
1193 4557 1298 4597 non
1340 4547 1424 4597 est
1464 4538 1608 4611 quod
1657 4539 1938 4594 certiorem

2055 4531 2132 4600 μὴ
2169 4529 2322 4598 ζήτει
2353 4525 2725 4596 πληροφορίαν
2760 4523 3002 4592 μείζονα.

358 4640 411 4686 et
437 4633 714 4687 meliorem
747 4640 939 4686 testem
967 4645 1201 4700 quaeras.

955 4699 1209 4774 Scholion
1255 4715 1343 4771 66.

2622 4700 2881 4768 Σχόλιον
2905 4699 3021 4764 εςι.

428 4811 613 4866 Abbas
663 4806 913 4865 Zosimas
949 4809 1196 4864 dicebat:
1249 4826 1268 4859 ι
1326 4805 1616 4862 Nescimus
1649 4820 1750 4860 nos
1791 4820 1939 4861 mor-

2123 4795 2181 4847 ὐ
2238 4791 2413 4853 acea;
2460 4791 2715 4859 Ζωσιμᾶς
2760 4788 2946 4856 ἔλεγεν
2991 4787 3200 4852 οὕτως’
3245 4786 3358 4841 Οὐκ
3399 4787 3624 4861 οίδαμεν

359 4902 492 4956 tales
532 4901 702 4954 amari
747 4910 800 4954 et
857 4900 1136 4963 honorari,
1188 4899 1281 4954 sed
1335 4898 1671 4968 perdidimus
1702 4896 1941 4967 pruden-

2055 4887 2091 4941 Jl
2133 4885 2411 4956 ἀνθρωττοι
2442 4881 2764 4948 ἀγαπᾶσθαι
2807 4881 2840 4952 ἢ
2890 4882 3189 4950 τιμᾶσθαν
3241 4881 3355 4933 ἀλλ’
3410 4880 3623 4933 ἀπωλέ-

357 4993 489 5047 tiam
539 5001 806 5047 nostram.
864 4991 1151 5046 Paululum
1215 4989 1507 5044 sustinebit
1538 4988 1661 5057 quis
1709 4987 1936 5042 fratrem

2055 4995 2218 5050 ταμεν
2247 4976 2345 5047 τὴν
2371 4976 2631 5047 φρόνησιν
2664 4975 2840 5044 ἡμῶν.
2873 4974 3086 5044 Μικρὸν
3127 4974 3386 5042 βαστάσει
3419 4990 3502 5036 τις
3529 4974 3620 5026 τὸν

358 5097 542 5145 suum.
597 5083 813 5154 quando
843 5084 1103 5139 irascitur
1141 5094 1234 5137 aut
1267 5083 1335 5136 ab
1371 5082 1490 5152 ipso
1516 5080 1800 5149 premitur,
1843 5080 1938 5150 qui

2055 5071 2268 5140 ιδελφὸν
2288 5067 2474 5132 αὐτοῦ,
2507 5067 2634 5119 ὅταν
2680 5066 2967 5136 θυμοῦται,
3012 5067 3044 5135 ἢ
3079 5065 3336 5127 θλίϐεται,
3376 5067 3470 5118 καὶ
3504 5066 3619 5134 μετ’

359 5175 519 5243 paulo
582 5185 707 5246 post
769 5176 910 5230 redit
970 5176 1326 5244 ad'seipsum
1391 5187 1668 5236 reversus,
1691 5174 1930 5239 cognito,

2055 5163 2221 5230 Βλίγον
2268 5161 2488 5230 ἔρχεται
2522 5160 2600 5221 είς
2637 5158 2854 5221 ἑαυτὸν,
2899 5158 2993 5210 καὶ
3019 5159 3182 5224 γνοὺς
3219 5157 3356 5226 ὅπερ
3383 5156 3616 5209 ὲεάστα-

359 5267 503 5339 quod
559 5267 826 5338 patienter
875 5268 1008 5320 alter
1047 5266 1231 5320 tulerit
1260 5266 1462 5333 ipsum,
1499 5264 1670 5332 ipsam
1693 5262 1934 5316 animam

2055 5258 2128 5318 ξεν
2159 5251 2341 5316 αὐτὸν,
2365 5250 2532 5320 αὐτὴν
2555 5249 2652 5320 τὴν
2683 5249 2860 5319 ψυχὴν
2902 5248 3066 5301 αὑτοῦ
3111 5248 3323 5318 τίθησιν
3356 5247 3496 5316 ὑπὲρ
3521 5248 3619 5298 ac-

356 5359 508 5429 ponit
532 5373 630 5429 pro
662 5359 755 5414 illo
789 5357 1041 5428 patiente.
1083 5384 1100 5408 ι
2035 5344 2152 5401 τοῦ.

955 5444 1205 5500 Scholion
1231 5444 1320 5498 67.

2607 5433 2867 5500 Σχόλιον
2909 5430 3016 5495 εξ.

422 5538 552 5596 Illos
597 5538 832 5611 appellat
857 5537 951 5607 qui
1004 5538 1056 5590 in
1095 5536 1299 5591 familia
1329 5533 1582 5604 religiosa
1613 5530 1779 5586 simul
1803 5545 1926 5585 ver-

2111 5527 2236 5588 Τοῑς
2281 5527 2338 5578 ἐν
2374 5523 2642 5586 συνοδίαις
2669 5522 2840 5590 λέγει,
2885 5522 2980 5574 καὶ
3023 5523 3138 5584 τοῖς
3181 5521 3566 5587 ὑποτακτικοίς
3596 5535 3613 5552 ⁸

425 5709 471 5744 ⁷⁸
487 5717 676 5772 Matth.
709 5736 861 5786 xvm,
882 5719 937 5776 6.

455 5873 536 5944 (a)
563 5872 740 5942 Supra
795 5874 956 5938 idem,
987 5874 1090 5931 nisi
1140 5871 1284 5942 quod
1325 5869 1398 5924 ibi
1432 5882 1529 5939 pro
1559 5876 1772 5937 parente
1819 5875 1983 5939 ponat
2017 5869 2174 5938 finem
2197 5866 2408 5924 scholia
2443 5867 2798 5938 praecedente.
