4110 6480
598 402 718 471 ⁸253

1634 398 1869 461 SCALA
1896 396 2275 458 PARADISI.
2314 420 2378 431 -
2410 395 2721 458 GRADUS
2750 397 2848 461 ΙΥ.

3762 405 3870 471 754

617 514 766 575 Ἐὰν,
814 511 1002 580 φησὶν,
1050 510 1152 563 οὐκ
1203 505 1258 562 sl
1301 506 1592 579 πρόχειρος
1638 509 1717 570 είς
1764 507 1824 561 τὸ
1872 506 2185 577 μέμφεσθαι

2292 516 2504 572 santur,
2563 517 2616 562 et
2656 523 2891 577 quorum
2938 508 3078 565 alter
3136 508 3297 566 alteri
3344 519 3518 582 paret.
3560 513 3640 583 Si,
3670 515 3869 588 inquit,

546 636 555 641 τ
601 603 702 656 καὶ
728 602 1034 669 ἐξουθενεῖν
1059 599 1186 664 τοὺς
1210 598 1426 665 ἄλλους,
1461 596 1694 666 ἐργάζου
1715 596 1813 667 τὴν
1840 598 2040 668 ἀρετὴν
2070 595 2191 650 καθ’

598 690 798 745 ἑαυτὸν
849 690 946 742 καὶ⁵
996 690 1055 742 ἐν
1092 686 1171 758 τῷ
1207 687 1290 741 νοΐ
1327 704 1447 751 σου,
1499 686 1636 756 μήτε
1668 687 1968 756 κινήματος
2033 683 2194 739 τοῦτο

603 784 894 855 ἐμφαίνων
920 797 935 812 ·
959 783 1009 834 εί
1053 780 1110 833 δέ
1143 779 1281 850 πρὸς
1322 777 1650 849 κατάκρισιν
1679 776 1996 849 ἐπιρῤεπῶς
2025 776 2190 847 ἔχεις,

609 872 746 943 μηδὲ
785 874 843 924 ἐν
868 873 933 940 τῇ
962 869 1109 941 ψυχῇ
1139 869 1233 940 σού
1280 885 1406 922 τινα
1439 867 1704 937 ἐργασίαν
1757 866 1848 937 ἔχε
1882 866 2052 919 πλείω
2083 868 2193 921 τῶν

600 963 805 1024 ἄλλων,
842 960 957 1015 ἀλλ’
986 960 1079 1013 ἐσο
1119 960 1305 1022 αὐτοῖς
1353 956 1495 1011 κατὰ
1528 955 1708 1010 πάντα
1737 957 1945 1027 ὅμοιος.
1989 955 2190 1025 Ἐργα-

605 1062 730 1113 σίαν
774 1057 833 1111 δὲ
871 1056 1055 1127 ψυχῆς
1086 1056 1188 1126 τὴν
1219 1053 1566 1108 ἀδιάλειπτον
1585 1051 1751 1123 εὐχὴν
1777 1051 1989 1105 καὶτὸν
2029 1050 2193 1105 κλαυ-

604 1146 766 1216 θμὸν,
795 1147 907 1225 καὶβ
936 1146 1005 1200 τὰ
1041 1144 1268 1199 τοιαῦτα
1297 1143 1464 1211 λέγει.
1501 1143 1627 1197 Ἐὰν
1665 1139 1780 1206 οὖν,
1810 1139 1964 1213 φησὶ,
1998 1141 2068 1195 δι’
2098 1142 2191 1196 αὐ-

603 1236 714 1289 τῶν
746 1238 828 1300 είς
859 1236 1037 1307 οἴησιν
1071 1235 1369 1307 ἐμπίπτῃς,
1407 1235 1544 1302 ἄφες
1581 1232 1742 1287 αὐτὰ.

2290 598 2463 654 fueris
2524 599 2705 656 lentus
2751 608 2807 655 et
2859 600 3048 657 tardus
3107 600 3177 657 ad
3217 604 3694 673 reprehendendos
3731 608 3871 665 alios

2284 697 2456 759 atque
2504 693 2859 760 spernendos,
2925 692 3183 748 virtutem
3246 694 3545 764 (quantam
3605 705 3868 767 quautam

2287 782 2477 851 potes)
2532 790 2709 836 tecum
2764 781 2901 852 ipse,
2959 781 3076 838 sive
3124 784 3355 839 seorsim
3419 785 3473 839 in
3516 786 3717 863 animo
3775 795 3870 842 tuo

2287 885 2503 937 exerce,
2542 872 2794 941 quamvis
2858 888 3036 944 neque
3086 875 3256 930 verbo
3312 891 3492 946 neque
3542 877 3701 959 signo
3743 894 3872 935 cor-

2290 957 2440 1028 poris
2500 958 2650 1012 illam
2710 959 2974 1017 declares.
3005 960 3165 1028 Quod
3190 962 3245 1041 si
3258 962 3327 1017 ad
3358 963 3495 1018 alios
3523 957 3871 1021 damnandos

2286 1049 2567 1122 proiectus
2601 1065 2683 1118 es,
2722 1067 2899 1122 neque
2932 1053 2987 1107 in
3011 1054 3194 1109 animo
3219 1054 3441 1124 quidem
3479 1064 3573 1110 tuo
3599 1056 3868 1124 majorem

2289 1139 2411 1211 aliis
2455 1141 2697 1219 laborem
2740 1130 3000 1214 suscipe,
3055 1134 3188 1213 sed:
3205 1132 3433 1217 reliquis
3462 1135 3586 1216 'par
3646 1156 3764 1202 esto
3812 1146 3871 1204 in

2291 1234 2566 1290 omnibus.
2591 1231 2858 1289 Laborem
2885 1244 3067 1289 autem
3094 1236 3261 1291 animi
3288 1237 3714 1294 vocatassitluas
3738 1255 3867 1310 pre-

603 1342 695 1383 ees
741 1328 953 1384 luctum
988 1337 1040 1382 et
1089 1328 1297 1392 ﬂetum,
1339 1334 1395 1380 et
1451 1325 1555 1379 hoc
1593 1338 1765 1395 genus
1803 1324 1929 1378 alia.
1989 1322 2047 1379 Si
2104 1323 2495 1401 ergo,_inquit,
2555 1325 2670 1380 haec
2705 1333 2757 1379 te
2784 1324 2840 1379 in
2885 1326 3250 1407 arrogantiam
3310 1328 3603 1398 extollunt,
3649 1328 3865 1386 dimitte

605 1420 718 1475 illa.
1604 1448 1609 1451 -
1684 1490 1689 1493 η

1235 1512 1497 1582 Σχόλιον
1544 1513 1656 1581 ξη⁹.

672 1609 767 1681 Μὴ
822 1609 937 1672 τοῖς
984 1608 1116 1678 παρ’
1164 1606 1368 1676 ἐτέρων
1412 1605 1806 1677 κατορθώμασι
1859 1604 2179 1677 Θαρῤὦμεν·

603 1701 741 1756 ἀλλὰ
764 1701 889 1774 κᾶνο
909 1699 1224 1770 θαυμαστὸν
1250 1698 1396 1767 ἔχεις
1427 1697 1519 1751 τὸν
1557 1697 1944 1768 γεγεννηκότα,
1987 1695 2073 1767 μὴ·
2093 1713 2180 1749 νο-

606 1794 772 1867 μίσῃς
805 1794 996 1863 ἀρκεῖν
1041 1807 1123 1844 σοι
1150 1788 1312 1868 τοῦτο
1340 1791 1429 1869 ⁸είς
1470 1789 1770 1858 σωτηρίαν,
1809 1788 1842 1860 ἢ
1886 1785 2181 1869 είςητιμὴν
2219 1821 2259 1874 Β

604 1883 910 1950 καὶδόξαν,
943 1882 1041 1945 ἐὰν,
1079 1882 1157 1953 μὴ
1208 1882 1475 1953 συγγενὴς
1520 1880 1668 1950 αὐτῷ
1714 1881 1839 1951 γίνῃ
1862 1880 2023 1933 κατὰ
2060 1880 2213 1943 τοὺς.

597 1975 857 2046 τρόπους.
891 1975 1104 2044 Ὠσπερ
1157 1967 1250 2026 οὖν
1276 1973 1378 2027 κᾶν
1427 1971 1633 2042 φαῦλον
1678 1970 1828 2042 ἔχῃς,
1886 1970 1961 2042 μὴ
1992 1969 2178 2041 νόμιζε

600 2064 1090 2132 καταδικάζεσοαι,
1130 2063 1248 2132 εἴγε
1298 2063 1366 2116 τά
1395 2062 1536 2116 κατὰ
1566 2061 1789 2115 σεαυτὸν
1811 2058 2055 2129 διαθείης
2089 2075 2181 2112 κα-

599 2156 736 2220 λῶς.
1190 2170 1197 2175 ·

554 2382 565 2389 .
1185 2332 1446 2400 Σχόλιον
1479 2329 1586 2396 ἔθ’.

670 2423 783 2495 Τὴν
833 2423 1030 2493 ἄλογον
1081 2423 1298 2488 κολάζει
1337 2423 1593 2494 σιωπὴνὸ
1622 2420 1829 2492 Πατὴρ,
1859 2418 1954 2475 καὶ
1992 2419 2053 2473 τὸ
2081 2436 2181 2472 vw-

600 2514 735 2586 θρδη
774 2514 1081 2586 διορθοῦται
1108 2513 1203 2579 τοῦ
1244 2514 1413 2584 ἤθους
1444 2528 1457 2541 ⁸
1500 2512 1562 2566 τὸ
1593 2512 1693 2583 μὲν
1720 2512 1831 2583 γάρ
1880 2509 2182 2589 ὑπεροψίας

593 2605 919 2676 τεκμήριον,
965 2606 1061 2658 καὶ
1118 2603 1354 2674 μάλιστα
1394 2602 1555 2656 ὁπότε
1600 2600 1679 2670 τῷ
1717 2600 1917 2671 πλήθει
1955 2614 2185 2668 συναγε-

556 2762 559 2765 δ
595 2695 848 2759 ⁴λάζοιτο·
896 2694 959 2748 τὸ
993 2694 1052 2747 δὲ
1094 2694 1442 2764 δυσκίνητον,
1470 2692 1563 2745 τὸν
1613 2690 1744 2745 ὄντα
1786 2693 1844 2745 ἐν
1875 2693 1989 2755 τοῖς
2016 2706 2181 2744 πνευ-

603 2791 875 2859 ματικοῖς,
907 2788 1284 2859 ἀπεργάζεται
1324 2786 1507 2848 πόνοις
1538 2783 1633 2838 καὶ
1679 2786 1801 2847 ταῖς
1861 2782 2182 2854 δυσχερέσιν

600 2881 926 2952 ἐργασίαις⁹
965 2880 1246 2954 νομίζουσι
1299 2878 1601 2950 γάρ-τινες
1657 2860 1757 2946 τὴν
1809 2874 2014 2929 οίκείαν
2057 2864 2184 2929 ἀλο-

547 3016 555 3021 .
600 2974 728 3038 γίαν
775 2972 1271 3043 πληροφοροῦντες,
1311 2969 1466 3036 τάξιν
1507 2971 1727 3042 κρατεῖν
1754 2985 1768 3000 ’
1806 2967 1920 3021 ἀλλ’
1944 2968 2007 3020 οὐ
2043 2966 2181 3038 πρὸς

599 3066 840 3135 ὑπήκοον
875 3064 1027 3117 ἔσται
1051 3063 1203 3128 τάξις
1233 3062 1432 3126 οἰκεία,
1465 3063 1625 3133 εἴπερ
1672 3058 1877 3131 ἀληθὴς
1905 3059 2177 3133 ὑπήκοος·

2744 1584 2765 1591 μ
2888 1508 3135 1566 Scholion
3172 1510 3262 1567 68.
3308 1551 3324 1565 .

2361 1600 2478 1659 Non
2538 1611 2625 1658 est
2683 1603 2828 1673 quod
2863 1603 3094 1658 aliorum
3124 1612 3273 1659 recte
3309 1601 3471 1660 factis
3493 1613 3548 1661 et
3576 1604 3867 1663 virtutibus

2285 1693 2567 1750 nitamur:
2623 1708 2750 1749 nam
2799 1694 3016 1751 etiamsi
3061 1695 3284 1765 dignum
3308 1695 3471 1751 etiam
3508 1696 3867 1752 admiratione

2286 1782 2584 1853 genitorem
2625 1783 2829 1840 habeas
2861 1785 3063 1854 ipsum,
3092 1800 3203 1840 non
3241 1785 3396 1848 oh-id
3431 1786 3616 1841 salvus
3647 1801 3728 1852 es,
3765 1802 3867 1841 ne-

2289 1888 2396 1943 que
2418 1874 2624 1945 majore
2647 1875 2730 1930 vel
2764 1876 2995 1943 honore,
3026 1877 3111 1931 vel
3148 1876 3319 1949 gloria
3348 1877 3584 1949 dignior,
3616 1877 3723 1933 nisi
3755 1893 3867 1933 mo-

2288 1952 2440 2020 ribus
2482 1954 2646 2020 etiam
2685 1965 2840 2021 illum
2898 1966 3130 2023 imitere.
3162 1966 3639 2037 Quemadmodum
3681 1968 3727 2025 si
3760 1969 3868 2024 im-

2287 2056 2519 2126 probum
2556 2045 2784 2131 haberes
2836 2067 3135 2129 parentem,
3168 2051 3282 2115 non
3305 2060 3536 2131 proinde
3564 2068 3617 2116 te
3645 2075 3867 2131 quoque

2287 2145 2481 2200 merito
2520 2136 2992 2219 condemnandum
3056 2157 3234 2219 putes,
3279 2134 3329 2206 si
3385 2149 3551 2205 modo
3597 2157 3658 2206 tu
3696 2148 3863 2205 vitam

2254 2296 2259 2317 τ
2286 2237 2353 2294 ad
2377 2237 2720 2331 honestatem
2746 2246 2801 2294 et
2836 2230 3091 2294 virtutem
3119 2235 3440 2323 componas.

2885 2326 3136 2384 Scholion
3188 2328 3279 2385 69.

2354 2389 2735 2490 importunum
2761 2391 3036 2508 silentium
3057 2420 3406 2492 reprehendit
3436 2430 3610 2497 pater,
3637 2430 3691 2478 et
3709 2422 3860 2494 quod

2286 2509 2342 2562 in
2376 2509 2623 2565 moribus
2661 2511 2908 2580 spurium
2942 2518 2997 2566 et
3024 2510 3357 2572 insincerum
3403 2522 3507 2581 est,
3561 2515 3860 2571 emendat:

2245 2677 2260 2685 _
2285 2600 2515 2656 alterum
2546 2601 2693 2658 enim
2725 2600 2901 2659 fastus
2922 2611 2976 2658 et
3019 2605 3300 2675 supercilii
3339 2616 3425 2661 est
3452 2616 3859 2678 argumentum,

2284 2694 2585 2764 praesertim
2626 2695 2846 2765 quando
2891 2694 3129 2768 (silens)
3187 2697 3256 2752 ad
3296 2706 3499 2755 coelum
3558 2700 3862 2756 multorum

2245 2782 2513 2852 'accedit,
2560 2794 2616 2842 et
2651 2786 2707 2841 in
2763 2788 3051 2844 sodalitate
3113 2788 3352 2861 plurium
3403 2799 3691 2857 versatur;
3727 2791 3861 2847 alte-

2282 2891 2406 2947 rum
2433 2877 2499 2931 ad
2528 2875 2744 2933 labores
2777 2877 3069 2948 religiosos
3086 2876 3295 2933 lentum
3327 2884 3381 2933 et
3410 2880 3623 2934 tardum
3660 2879 3859 2971 reddit,

2283 2968 2585 3037 praiserti‘m
2627 2969 2719 3031 ubi
2755 2968 2986 3025 arduum
3039 2970 3245 3042 aliquid
3281 2978 3366 3027 est
3409 2968 3856 3043 aggrediendum.

2286 3056 2430 3113 Sunt
2484 3060 2633 3116 enim
2680 3061 2775 3133 qui
2821 3060 3141 3116 existimant
3176 3061 3307 3116 dum
3348 3063 3572 3118 stultam
3619 3077 3775 3118 suam
3801 3071 3858 3117 et

599 3158 668 3210 τὰ
689 3155 745 3210 δὲ
768 3156 973 3210 τούτων
997 3144 1220 3209 ἐναντία
1260 3154 1354 3208 καὶ
1384 3154 1445 3207 τὸ
1474 3153 1570 3206 τοῦ
1604 3151 1723 3216 νοὸς
1750 3148 2048 3223 γρηγορον,
2082 3149 2178 3203 καὶ

2281 3149 2549 3219 privatam
2590 3148 2819 3206 ‘viveudi
2869 3144 3134 3207 rationem
3154 3148 3483 3224 sequuntur,
3516 3170 3576 3210 se
3603 3154 3858 3209 ordinem

595 3247 659 3299 τὸ
685 3244 1009 3315 φιλάλληλον
1039 3244 1337 3314 παρίστησι
1367 3243 1484 3315 (a).

2273 3255 2514 3308 servare;
2557 3242 2718 3312 108
2738 3241 2832 3297 sed
2862 3243 2953 3299 ille
2975 3244 3219 3314 privatus
3249 3244 3463 3299 vivendi
3488 3245 3623 3300 ordo
3646 3254 3702 3301 et
3732 3260 3859 3300 mo-

530 3387 553 3403 ,
592 3339 858 3393 dus.non
911 3336 1041 3392 facit
1069 3337 1134 3392 ad
1161 3352 1286 3392 eum
1318 3337 1412 3405 qui
1481 3350 1607 3391 vere
1662 3333 1925 3390 obediens
1986 3340 2092 3413 est.
2159 3330 2448 3388 Contraria
2493 3332 2582 3390 his
2636 3334 2949 3391 communis
3009 3335 3146 3391 ordo
3185 3344 3239 3391 et
3267 3336 3466 3393 mentis
3519 3336 3861 3409 vigilantiam

540 3474 547 3487 .
597 3439 654 3483 et
679 3427 977 3483 fraternam
1024 3441 1119 3483 seu
1162 3436 1405 3481 mutuam
1447 3416 1768 3480 charitatem
1797 3416 2047 3493 prazslat.‘
2115 3479 2121 3484 _

808 3508 813 3513 ί
910 3512 915 3517 ’
1096 3552 1099 3555 λ
1208 3517 1468 3585 Σχόνίιον
1496 3522 1565 3571 o'.

538 3674 545 3681 _
673 3607 786 3679 Τὴν
832 3605 1354 3679 ἅνθρωπαρέσκειαν
1401 3605 1679 3678 νωθρότης
1721 3605 1818 3658 καὶ
1872 3603 2178 3675 ἐπιτηδειό-

597 3680 695 3769 της
749 3685 873 3754 οἶδε
910 3699 1153 3771 τρέφειν,
1197 3694 1278 3763 οἷς
1312 3698 1405 3752 καὶ
1442 3698 1767 3770 προστρέχει
1812 3699 1841 3751 ὁ
1884 3697 2061 3768 ὄχλος,
2084 3714 2180 3751 τα-

548 3782 551 3785 ’
602 3794 860 3846 πείνωσιν
904 3793 966 3845 τὸ
999 3790 1373 3862 κατεσκληκὸς
1403 3791 1501 3862 τῆς
1523 3790 1720 3860 ὅψεως,
1756 3789 1931 3844 καὶτὸ
1968 3790 2179 3862 νωθρὸν
2220 3782 2227 3785 ⁷

598 3881 730 3956 ἦθος
755 3870 1249 3955 κατονομάσαντες.
1282 3878 1384 3938 Ὧν
1417 3887 1537 3948 ταῖς
1576 3883 1901 3955 συνδρομαῖς
1936 3882 2179 3955 γαυρού-

603 3993 755 4047 μενοι
776 3975 837 4041 ἐξ
867 3978 1099 4047 οἰήσεως
1143 3973 1593 4030 κατανύσσονται.
1622 3976 1689 4028 ⁶Α
1726 3975 2177 4045 κατασιωπήσας,

602 4069 748 4137 μάλα
775 4067 955 4138 σοφῶς
988 4068 1239 4140 ποικίλην
1271 4068 1370 4141 τὴν
1394 4066 1592 4123 κακίαν
1616 4069 1644 4121 ὁ
1670 4067 1852 4138 πατὴρ
1876 4061 2020 4121 εἶναι
2042 4064 2177 4137 ὡρί-

601 4173 756 4218 nam.
830 4209 834 4213 .

1181 4426 1443 4498 Σχόνιιον
1476 4424 1585 4480 oa'.

667 4519 907 4584 Θάνατος
933 4518 1108 4591 ψυχῆς
1136 4521 1169 4592 ἡ
1198 4518 1441 4591 ἁμαρτία
1460 4534 1473 4549 ·
1498 4517 1603 4573 κᾶν
1625 4516 1682 4571 ἔν
1707 4533 1846 4571 τισιν
1868 4511 1965 4571 οὖν
1993 4516 2175 4587 ἀμαρ-

530 4678 535 4685 ε
597 4613 757 4686 τάνῃ,
791 4612 946 4682 φησὶ,
993 4612 1324 4683 μετανοείτω
1364 4610 1528 4665 πάλιν
1551 4651 1566 4676 ,
1612 4610 1708 4665 καλ⁵
1757 4609 2028 4681 μηδέποτε
2073 4609 2175 4679 τῆς

600 4706 770 4777 μονῆς
830 4694 1217 4777 ὑιιτοχωρεὶτω⁸
1275 4704 1371 4759 καὶ
1423 4702 1714 4776 προλαϐὼν
1771 4702 1881 4773 γὰρ
1921 4701 2049 4773 ἔφη,
2094 4701 2177 4755 ὅτι

597 4797 735 4870 μηδὲ
762 4797 976 4851 πίπτων
1009 4797 1285 4868 ὑποχώρει
1328 4794 1424 4850 τοῦ
1459 4796 1803 4867 σκάμματος.

2871 3514 3123 3571 Scholion
3184 3515 3273 3572 70.

2354 3607 2439 3663 Ab
2478 3607 2570 3664 illa
2603 3623 2818 3665 morum
2873 3609 3225 3667 simulatione
3272 3618 3326 3666 et
3354 3608 3588 3665 naturali
3619 3610 3858 3681 quadam

2283 3700 2542 3756 comitate
2585 3701 2656 3756 ali
2713 3703 2866 3756 novit
2915 3702 3154 3758 studium
3203 3700 3457 3773 placendi
3504 3700 3857 3758 hominibus:

2283 3791 2351 3846 ad
2390 3807 2514 3861 quae
2562 3792 2720 3847 turba
2763 3807 2983 3864 quoque
3019 3791 3250 3859 accedit,
3283 3807 3404 3863 quae
3435 3793 3640 3848 malum
3675 3794 3860 3849 vultus

2285 3882 2529 3938 habitum
2590 3892 2645 3938 et
2706 3884 2860 3939 [ictos
2941 3899 3124 3939 mores
3193 3881 3557 3937 humilitatem
3589 3882 3861 3953 interpre-

2285 3980 2452 4027 tatur.
2475 3973 2720 4041 Quorum
2756 3977 3003 4030 omnium
3031 3989 3307 4030 concursu
3348 3973 3516 4029 inﬂati
3541 3982 3596 4029 et
3622 3974 3751 4029 elati
3788 3989 3859 4031 ex

2284 4063 2428 4120 fastu
2494 4076 2954 4136 compunguntur.
3011 4066 3143 4134 Quae
3204 4076 3356 4136 pater
3406 4079 3537 4120 sane
3593 4080 3859 4137 perquam

2284 4154 2565 4223 sapienter
2608 4155 3070 4220 animadvertetis,
3131 4155 3395 4210 malitiam
3451 4154 3660 4209 variam
3719 4160 3860 4225 (nec

2284 4244 2397 4299 ullo
2460 4244 2625 4302 modo
2693 4245 2995 4317 simplicem
3040 4255 3095 4302 et
3153 4244 3465 4318 sinceram)
3516 4260 3639 4302 esse
3714 4247 3859 4317 aliir-

2282 4335 2472 4392 mavit.

2875 4425 3129 4493 Scholion
3182 4428 3242 4484 7i
3257 4470 3269 4484 .

2353 4512 2501 4571 Mors
2550 4518 2747 4572 animm
2792 4529 3072 4597 peccatum
3131 4530 3232 4587 est,
3292 4532 3346 4577 et
3370 4522 3641 4592 quamvis,
3679 4525 3856 4597 inquit

2282 4605 2638 4680 (reliogiosus
2667 4609 2927 4681 athleta),
2981 4610 3212 4673 subinde
3254 4615 3518 4684 peccarit,
3562 4623 3688 4686 agat
3734 4633 3857 4672 rur-

2279 4713 2400 4753 sum
2450 4700 2931 4769 ptenitentiam,et
2975 4718 3258 4777 nunquam
3306 4705 3375 4772 de
3405 4707 3740 4763 monasterio
3762 4722 3855 4764 rev

2204 4790 2209 4793 ’
2278 4788 2474 4858 cedat;
2503 4796 2763 4862 quoniam
2806 4794 3166 4867 (occupando
3211 4815 3519 4855 sermonem
3548 4800 3721 4873 dicit)
3751 4817 3854 4858 ne-

2090 4870 2095 4873 ’
2206 4880 2213 4885 ’
2278 4896 2386 4952 que
2440 4882 2759 4952 palaestrita,
2809 4885 2978 4939 ubiin
3015 4887 3160 4942 lucta
3189 4888 3464 4958 ceciderit,
3494 4904 3525 4947 a
3555 4870 3853 4950 scam—mate

1183 5060 1446 5129 Σχόλιον
1477 5058 1591 5124 οβ’.

678 5153 1063 5217 Ἀδιάστακτος
1099 5150 1291 5223 γνώμη
1346 5151 1446 5223 τὴν
1485 5149 1622 5222 πρὸς
1674 5150 1803 5214 τοὺς
1847 5149 2046 5216 τόπους
2075 5149 2171 5205 καὶ

591 5245 691 5309 ⁴τὰς
715 5243 963 5305 συνοδίας
1007 5242 1310 5313 καρτερίαν
1348 5240 1681 5312 ἐργάζεται·
1724 5240 1753 5293 ὁ
1782 5239 1841 5295 δέ
1870 5239 2169 5311 δισταγμδς

590 5334 883 5405 ἐργάζεται
932 5333 1193 5388 ἀπιστίαν
1234 5333 1330 5387 καὶ
1381 5331 1677 5397 ἔκπτωσιν,
1707 5332 1802 5386 καὶ
1842 5332 2169 5407 μεταϐάσεις

588 5418 699 5477 οἶδε
737 5422 834 5478 καὶ
871 5423 1147 5493 ποιμένων
1177 5422 1270 5475 καὶ
1298 5421 1569 5492 ποιμνίων
1598 5422 1792 5483 ποιεῖν,

663 5790 746 5864 (α)
770 5792 847 5847 Ex
877 5790 994 5846 Elia
1018 5790 1260 5847 Cretensi
1293 5791 1596 5847 emendata.

2277 4987 2373 5029 seu
2395 4973 2520 5030 loco
2540 4975 2861 5033 certaminis
2882 4978 3130 5035 excedat.

2871 5067 3125 5133 Scholion,
3170 5070 3261 5128 72.

2344 5150 2622 5212 Constans
2675 5158 2894 5214 animus
2942 5173 2998 5217 et
3053 5162 3349 5227 immobilis
3405 5164 3472 5220 ad
3513 5172 3724 5221 certum
3769 5168 3852 5222 lo-

2272 5258 2399 5300 cum
2444 5258 2762 5319 certamque
2814 5250 3077 5307 familiam
3132 5254 3437 5326 religiosam
3480 5256 3845 5325 retinendam,

2270 5333 2588 5404 patientiam
2624 5338 2805 5406 parit.
2863 5338 3072 5397 Dubius
3099 5357 3229 5397 vero
3251 5352 3307 5399 et
3328 5344 3570 5402 incertus
3593 5355 3741 5401 creat
3763 5353 3849 5402 tn~

2271 5424 2588 5481 lidelitatem
2620 5436 2683 5483 ut
2714 5429 2948 5497 excidat,
2988 5443 3391 5504 perpetuasque
3433 5435 3768 5493 mutationes
3790 5446 3846 5493 et

2270 5516 2623 5573 transitiones
2673 5534 2703 5575 a
2756 5524 3065 5590 pastoribus
3124 5533 3180 5579 et
3227 5526 3462 5583 ovilibus
3505 5527 3645 5598 (hoc
3674 5535 3782 5594 est,
3816 5543 3848 5585 ι

2273 5603 2677 5666 cmnobiarchis
2698 5617 2752 5665 et
2781 5610 3047 5691 coenobiis
3072 5613 3090 5682 )
3117 5613 3329 5671 eilieere
3357 5615 3515 5673 solet.

2717 5890 2746 5903 ρ.
2774 5896 2777 5901 γ
