4110 6458
179 432 192 441 .
299 391 411 455 ’ῖ55

880 500 1190 575 Syncletica:
1231 505 1316 559 75.

389 592 862 662 Quemadmodum
882 595 1102 665 gallina,
1121 593 1340 664 quando
1362 594 1432 650 ab
1450 595 1567 651 ovis
1584 596 1700 651 suis
1728 596 1883 650 incu-

1569 391 1630 451 S.
1656 390 1976 452 JOANNIS
2004 393 2310 455 CLIMACI

3463 396 3574 464 756

2341 506 2761 578 Συγκλητικῆς
2817 508 3079 576 0x61101-
3104 514 3214 579 οῖ’.

2070 600 2279 670 Ὠσπερ
2332 598 2483 669 δρνις
2528 596 2638 651 τῶν
2670 597 2794 651 ὠῶν
2823 597 2996 668 αὐτῆς
3025 597 3381 669 ἐξισταμένῃ,
3415 596 3573 669 οὔρια

309 680 505 739 bandis
526 682 778 752 discedit,
800 681 889 738 illa
908 682 1091 738 inania
1110 697 1164 739 et
1185 682 1390 738 sterilia
1412 683 1563 749 facit,
1601 684 1674 740 ita
1696 680 1891 740 mona:

2010 689 2162 744 ταῦτα
2189 689 2282 742 καὶ
2310 689 2481 760 άγονα
2531 688 2976 759 παρασκευάζει·
3016 687 3161 743 οῦτω
3195 690 3289 744 καὶ
3316 690 3572 761 μοναχδς,

310 775 451 830 chus
478 774 573 846 qui
596 774 775 832 locum
801 789 868 830 ex
900 774 1022 830 loco
1053 783 1254 837 mutat.
1279 775 1517 831 animam
1533 774 1712 831 fructu
1738 778 1888 831 omni

314 866 583 924 destituit.

906 955 1156 1011 Scholion
1196 956 1282 1012 74.

385 1050 464 1116 Si,
497 1050 697 1121 inquit,
718 1048 774 1104 in
801 1047 1047 1120 ignotum
1070 1050 1341 1106 medicum
1373 1057 1427 1106 et.
1469 1050 1741 1106 oﬂicinam
1775 1065 1891 1106 me-

313 1143 490 1197 dicam
549 1141 829 1208 incideris,
887 1141 956 1199 de
987 1143 1186 1212 quibus
1229 1157 1330 1198 nec
1366 1157 1462 1214 per
1493 1143 1889 1213 experimenta,

313 1250 411 1289 nec
444 1249 541 1305 per
569 1233 909 1290 auditionem
949 1234 1253 1306 quidquam
1296 1234 1602 1305 COgttovistl
1626 1250 1641 1301 ;
1669 1235 1892 1305 explora

311 1326 465 1396 prius
511 1324 664 1383 illius
695 1338 867 1382 artem
911 1334 966 1381 et
997 1326 1413 1391 medicamenta,
1452 1334 1506 1380 et
1530 1332 1642 1380 tum
1670 1325 1890 1381 demum

316 1417 461 1488 aperi
494 1416 573 1472 illi
605 1417 858 1473 morbum
899 1426 1053 1473 tuum
1093 1433 1159 1473 ac
1203 1418 1541 1488 spiritualem
1588 1416 1785 1471 exhibe
1816 1416 1894 1470 illi

314 1520 367 1564 et
388 1509 617 1567 ostende
646 1508 1037 1576 obedientiam,
1077 1518 1132 1565 et
1172 1509 1431 1564 mandata
1466 1508 1634 1573 illius,
1662 1506 1895 1563 testibus

316 1601 578 1673 angelicis
602 1601 909 1669 ordinibus,
937 1616 1260 1672 exsequere.

905 1691 1156 1749 Scholion
1207 1693 1296 1749 75.

390 1784 517 1841 Sive
565 1795 875 1858 arrogantia
899 1792 991 1841 tua
1013 1785 1338 1856 deprimitur
1358 1794 1412 1839 ct
1449 1782 1624 1839 fastus
1648 1790 1702 1838 et
1726 1783 1896 1837 animi

320 1877 482 1936 elatio
504 1878 794 1950 dejicitur:
828 1879 934 1933 boc
958 1878 1101 1933 enim
1127 1890 1207 1933 est
1239 1875 1383 1948 quod
1418 1875 1786 1947 quaerebatur.

748 1970 910 2043 109
967 1970 1281 2043 Synclelica:
1328 1969 1417 2024 76.

392 2056 541 2115 Mors
574 2061 793 2131 praprie
821 2059 1094 2130 separatio
1125 2068 1210 2115 est
1239 2074 1266 2112 a
1298 2058 1426 2114 Deo.

935 2150 1185 2207 Scholion
1218 2151 1305 2207 77.

395 2242 500 2300 Ubi
555 2260 775 2300 manum
839 2245 993 2315 operi
1048 2243 1306 2301 faciundo
1353 2244 1686 2308 admoveris,
1713 2243 1897 2314 lingua

323 2335 542 2391 interim
610 2336 826 2406 psallat,
875 2346 929 2392 et
983 2353 1139 2393 mens
1205 2338 1458 2408 precibus
1514 2336 1901 2407 vacet:cxigit

324 2426 469 2481 enim
503 2426 646 2483 Deus
677 2444 707 2483 α
756 2428 915 2485 nobis
938 2439 1257 2502 perpetuam
1297 2432 1383 2487 sui
1422 2429 1766 2485 memoriam.

911 2520 1161 2576 Scholion
1197 2522 1283 2577 78.

394 2601 453 2660 Si
485 2606 565 2662 vis
592 2606 695 2663 bos
723 2610 973 2679 corporis
1004 2610 1242 2676 labores,
1271 2612 1365 2682 qui
1404 2629 1567 2671 manu
1600 2617 1758 2681 fiunt,
1781 2633 1899 2674 caa-

322 2695 651 2764 IeSltSS,'DOH
682 2708 973 2758 terrestres
1005 2703 1101 2758 tibi
1136 2702 1273 2771 ﬁcri,
1303 2710 1649 2765 communica
1685 2710 1911 2778 lucrum,

326 2789 473 2857 quod
505 2789 631 2846 inde
665 2792 900 2863 percipis
928 2809 1050 2849 cum
1095 2798 1443 2865 paupz'ribus.

1035 2887 1217 2943 Aliud.

394 2969 501 3038 Qui
554 2982 773 3043 propter
835 2976 1062 3033 alterius
1109 2980 1349 3049 quietem
1407 2997 1546 3052 Opus
1579 3001 1738 3039 suum
1793 2987 1902 3055 pri-

323 3071 511 3119 vatum
565 3064 786 3132 omittit,
839 3079 1056 3126 exercet
1117 3071 1440 3128 cbaritatem
1499 3084 1553 3131 et
1618 3077 1901 3132 humilita-

324 3165 457 3210 Irin.

757 3306 761 3311 ,
916 3249 1165 3308 Scholion
1221 3254 1311 3312 79.

399 3336 458 3391 Si
489 3340 788 3408 consuesti,
820 3342 1017 3413 inquit,
1043 3354 1138 3400 aut
1159 3362 1284 3402 cum
1312 3356 1405 3403 tuo
1437 3365 1617 3421 grege,
1654 3366 1749 3407 aut
1776 3369 1901 3409 cum

328 3428 447 3483 aliis
490 3431 770 3489 nonnullis
822 3449 933 3489 una
965 3433 1147 3500 vivere
1176 3447 1231 3491 et
1259 3438 1525 3502 habitare,
1560 3451 1615 3496 et
1654 3444 1903 3498 animad-

327 3519 498 3575 vertis
534 3522 959 3579 contubernium
1004 3534 1157 3585 tuum
1203 3528 1309 3584 illis
1336 3546 1444 3586 non
1480 3532 1613 3588 utile
1641 3548 1784 3599 esse,
1815 3551 1905 3591 se-

326 3611 526 3683 jungas
549 3620 600 3668 te
627 3614 697 3670 ab
723 3615 856 3672 illis:
880 3628 1103 3690 praestat
1131 3622 1275 3676 enim
1312 3625 1604 3680 verborum
1631 3625 1904 3697 jacturam

332 3702 532 3770 facere,
567 3722 728 3778 quam
772 3709 1058 3781 religiosos
1086 3729 1218 3771 suos
1245 3714 1384 3772 filios
1422 3718 1670 3788 perdere,
1704 3726 1760 3773 et
1789 3720 1911 3774 ani-

332 3811 432 3849 mae
483 3812 686 3854 noxam
741 3800 1041 3880 incurrere.
1092 3804 1150 3860 Si
1210 3816 1395 3862 autem
1455 3810 1829 3880 experimento
1862 3820 1913 3867 te

1991 783 2155 835 τόπον
2183 782 2250 834 ὲκ
2283 780 2454 834 τόπου
2503 780 2872 850 μεταϐαίνων.

2603 875 2862 942 Σχόλιον
2888 871 2993 927 06'.

2065 966 2128 1018 El
2162 965 2258 1035 μὲν
2288 964 2475 1036 ἰατρῷ,
2504 966 2658 1035 φησι,
2691 966 3039 1036 καταντήσας
3075 966 3453 1035 άγνοουμένῳ,
3481 967 3575 1019 καὶ

1997 1058 2238 1130 ἰατρείῳ,
2271 1057 2400 1127 περὶ
2432 1050 2507 1109 ὧν
2535 1055 2659 1109 οὔτε
2687 1057 2752 1109 ὲκ
2780 1055 2998 1127 πείρας,
3015 1054 3140 1109 οὔτε
3168 1056 3228 1123 ἐξ
3250 1056 3419 1127 ἀκοῆς
3441 1055 3576 1127 Epa-

1994 1151 2107 1214 θες,
2132 1150 2233 1217 τὴν
2262 1149 2426 1204 αὑτοῦ
2452 1149 2583 1203 λάϐε
2607 1150 2871 1221 πρότερον
2900 1148 3155 1220 δοκιμὴν,
3177 1149 3273 1203 καὶ
3292 1149 3412 1202 τότε
3436 1150 3576 1203 άπο-

1994 1235 2284 1307 γύμνωσον
2308 1237 2370 1290 τὸ
2402 1237 2493 1289 σὺν
2528 1235 2875 1308 ἀρρώστημα
2919 1252 2935 1267 ο
2978 1232 3098 1289 εἶτα
3137 1238 3232 1290 καὶ
3280 1236 3379 1308 τὴν
3407 1254 3577 1290 πνευ-

1998 1330 2237 1401 ματικὴν
2302 1327 2452 1399 αὐτῷ
2508 1328 2684 1396 δεῖξον
2737 1326 2933 1392 πειθὼ,
2988 1329 3100 1388 τοῖς
3137 1326 3578 1396 αὐτοῦνδιατάγ-

1999 1438 2134 1493 μασι
2169 1420 2468 1493 σχολάζων,
2533 1420 2638 1474 ὑπὸ
2685 1420 2925 1492 μάρτυσι
2958 1422 3078 1483 ταῖς
3116 1419 3437 1489 άγγελικαῖς
3467 1419 3576 1475 τά-

1998 1512 2166 1578 ξεσιν.

2576 1602 2836 1671 Σχόλιον
2870 1606 2967 1654 σε’.

2075 1695 2284 1763 Ἤγουν
2318 1694 2669 1749 ταπεινοῦται
2711 1712 2806 1748 σου
2856 1694 2919 1747 τὸ
2969 1693 3268 1765 φρόνημα,,
3300 1695 3397 1748 καὶ
3418 1696 3451 1764 ἡ
3482 1693 3577 1763 δγι

2003 1801 2175 1848 κωσις
2230 1788 2329 1855 τῆς
2383 1784 2584 1855 ψυχῆς,
2644 1785 2739 1838 καὶ
2778 1786 2810 1852 ἡ
2863 1783 3096 1854 ἔπαρσις
3137 1783 3569 1839 καταὸάλλεταν

1999 1876 2161 1932 τοῦτο
2186 1877 2296 1949 γὰρ
2331 1876 2686 1950 ζητούμενον.

2576 1971 2837 2040 Σχόλιον
2872 1977 2983 2034 og’.

2073 2062 2314 2128 Θάνατος
2340 2063 2546 2133 κυρίως
2575 2062 2724 2115 ἐστὶν
2744 2064 2773 2115 ό
2794 2061 2888 2115 τοῦ
2921 2062 3057 2115 Θεοῦ
3081 2062 3378 2133 χωρισμός.

2601 2153 2862 2221 Σχόλιον
2887 2150 2989 2211 ρξ’.

2088 2247 2214 2300 Ἐὰν
2242 2246 2320 2308 εἰς
2350 2245 2487 2315 ἔργα
2521 2244 2620 2314 τὴν
2655 2246 2814 2314 χεῖρα
2842 2246 3032 2307 κινεῖς,
3062 2245 3095 2314 ἡ
3135 2242 3353 2312 γλῶσσα
3384 2240 3585 2311 ψαλλέ-

2003 2356 2103 2402 τω,
2130 2337 2226 2391 καὶ
2251 2338 2279 2391 ὁ
2309 2336 2434 2399 νοῦς
2462 2335 2849 2407 προσευχέσθω
2873 2351 2887 2364 ο
2912 2336 3135 2389 άπαιτεί
3151 2334 3261 2404 γάρ
3293 2332 3351 2398 ἐξ
3371 2331 3527 2404 ἡμῶν
3557 2332 3588 2385 ό

2005 2430 2137 2493 Θεὸς
2162 2429 2244 2482 άεὶ
2272 2427 2728 2500 μνημονεύεσθαι.

2603 2520 2649 2570 Σ
2652 2520 2861 2586 χόλων
2892 2521 3001 2584 οη’.

2080 2610 2141 2663 El
2169 2608 2348 2680 βούλει
2375 2606 2551 2662 ταῦτα
2577 2607 2685 2660 τῶν
2718 2606 2915 2677 χειρῶν
2944 2606 3083 2678 ἔργα
3126 2604 3246 2659 θεῖά
3274 2620 3357 2656 σοι
3385 2600 3481 2656 καί⁵
3513 2600 3589 2673 μὴ

2007 2704 2167 2776 χοῖκὰ
2197 2701 2465 2771 γίνεσθαι,
2494 2700 2648 2754 κοινά
2678 2717 2757 2754 σοι
2792 2699 2861 2753 τὰ
2895 2698 2955 2764 ἐξ
2983 2697 3163 2752 αὐτῶν
3193 2697 3429 2766 γινέσθω
3452 2693 3591 2767 πρὸς

2005 2801 2133 2862 τοὺς
2156 2797 2475 2869 χρῄζοντας.

2699 2891 2901 2943 Ἄλλο.

2080 2985 2178 3038 Διὰ
2204 2982 2267 3037 τδ
2299 2981 2614 3037 ἀναπαῦσαι
2648 2981 2740 3034 τὸν
2772 2980 3001 3050 ἀδελφὸν
3032 2978 3093 3032 τὸ
3121 2980 3324 3034 οἰκεῖον
3360 2973 3590 3030 καταλι-

2009 3082 2149 3144 πὼν,
2177 3077 2396 3147 ἀγάπην
2426 3075 2522 3129 καὶ
2543 3074 2875 3128 ταπείνωσιν
2907 3072 3127 3137 ἔδειξεν.

2594 3257 2856 3325 Σχόλιον
2890 3257 2993 3309 σθ’.

2078 3357 2144 3412 El
2184 3352 2431 3408 συνείθου
2461 3346 2757 3423 [συνέθου],
2799 3347 2953 3418 φησι,
2994 3348 3219 3419 ποίμνῃ,
3260 3345 3295 3417 ἦ
3326 3361 3468 3399 τισιν
3493 3342 3591 3399 ἄλο

2006 3449 2119 3513 λοις
2179 3442 2606 3507 συνδιαιτᾶσθαι,
2661 3438 2990 3504 ἀλυσιτελῶς
3046 3438 3102 3493 δὲ
3155 3439 3254 3510 τὴν
3302 3436 3594 3504 ξυναυλίαν

2007 3543 2165 3613 ὁρᾷς,
2194 3537 2564 3593 άποδιίστασο·
2598 3537 2853 3605 κρεῖσσον
2884 3532 2992 3604 γὰρ
3024 3532 3197 3601 λόγων
3220 3530 3488 3601 άθετητὴν
3507 3546 3593 3599 γε-

2009 3633 2222 3694 νέσθαι,
2262 3631 2295 3703 ἢ
2354 3628 2612 3684 ἀτεκνίαν
2672 3629 2769 3681 καὶ
2800 3625 2982 3696 λώϐην
3026 3624 3205 3697 ψυχῆς
3247 3623 3412 3696 ἔχειν.
3442 3623 3507 3676 Εἰ
3533 3621 3594 3676 δι

2009 3727 2231 3796 δόκιμος
2262 3717 2334 3788 εἷ,
2367 3721 2564 3791 στέργε
2591 3719 2690 3791 τὴν
2721 3719 3118 3788 συνδιαγωγήψ
3157 3717 3291 3781 ῐσως
3320 3714 3430 3787 γάρ
3464 3714 3593 3778 τοὺς

2014 3817 2275 3879 συνόντας
2302 3813 2447 3884 λόγῳ
2472 3811 2781 3882 βελτιώσεις
2813 3811 2909 3864 καὶ
2936 3809 3137 3880 ἔργοις.

332 3887 620 3956 probatum
657 3900 712 3947 et
748 3877 937 3949 utilem
969 3896 1207 3954 didicisti
1247 3915 1370 3954 cum
1402 3901 1510 3957 illis
1548 3902 1602 3956 in
1641 3904 1922 3961 communi
1960 3909 2167 3974 vivere,
2212 3907 2333 3963 cole
2372 3917 2665 3961 commune
2693 3900 3113 3956 contubernium
3144 3906 3200 3955 et
3244 3896 3589 3964 convictum;

337 3979 576 4037 fortasse
616 3983 765 4039 enim
797 3986 1219 4045 contubernales
1243 3997 1368 4046 tuos
1384 3992 1548 4048 verbo
1572 4000 1627 4048 et
1650 3997 1900 4067 exemplo
1935 4000 2194 4054 meliores
2223 3996 2436 4053 reddes.

1020 4081 1183 4137 Aliud
1190 4125 1203 4137 .

1020 4083 1203 4138 Aliud.

409 4169 728 4243 Priusquam
769 4174 897 4228 vitia
934 4174 1117 4239 tollas,
1153 4192 1260 4231 non
1307 4178 1496 4233 audies
1527 4180 1661 4249 quid
1693 4182 1788 4236 tibi
1822 4196 1918 4238 cor

341 4270 493 4316 tuum
522 4273 796 4334 suggerat.
831 4263 1002 4330 Quale
1039 4267 1185 4320 enim
1216 4267 1268 4321 in
1290 4268 1475 4322 animo
1501 4268 1916 4328 fundamentum

343 4354 532 4424 babes,
558 4357 664 4412 tale
700 4356 993 4412 mdilicium
1028 4368 1300 4416 exstrues.

720 4434 727 4437 ’
778 4444 1059 4516 Carpathii
1107 4448 1343 4504 scholion
1393 4450 1483 4506 80.

412 4532 514 4593 Per
550 4537 683 4593 mihi
735 4538 938 4593 mirum
982 4539 1225 4609 videtur,
1263 4542 1308 4597 si
1347 4543 1473 4614 quis
1524 4553 1678 4600 satur
1737 4546 1915 4615 epulis

340 4644 609 4687 summam
667 4630 838 4687 animi
894 4631 1342 4702 tranquillitatem
1367 4634 1436 4690 ab
1458 4637 1611 4691 omni
1640 4637 1921 4706 perturba-

340 4722 490 4785 tione
516 4722 778 4777 vitiorum
822 4729 1087 4779 remotam
1114 4725 1394 4794 possidere
1409 4735 1621 4797 potest:
1649 4728 1917 4800 tranquil-

339 4813 549 4872 litatem
601 4813 748 4883 dico,
797 4830 906 4873 non
956 4832 1079 4888 quae
1112 4818 1166 4872 in
1204 4818 1258 4874 vi
1312 4820 1656 4881 abstinentiae
1705 4836 1736 4875 a
1787 4836 1917 4891 pec-

345 4915 469 4962 cato
512 4907 786 4975 consistit,
827 4907 944 4964 haec
988 4909 1134 4965 enim
1178 4912 1516 4969 continentia
1562 4929 1658 4971 seu
1705 4921 1914 4985 tempe-

342 4998 523 5054 rantia
583 5009 831 5066 vocatur,
889 5000 984 5058 sed
1036 5002 1184 5057 illam
1244 5018 1368 5074 quae
1420 5018 1614 5061 omnes
1641 5004 1915 5060 exanimo

2703 4089 2907 4141 Ἄλλο.

2087 4186 2201 4255 Πρὸ
2247 4182 2580 4255 ἀναιρέσεως
2637 4180 2746 4234 τῶν
2798 4178 3006 4240 κακῶν,
3046 4177 3120 4248 μὴ
3167 4175 3481 4245 ὑπακούσῃς
3526 4175 3592 4245 τῇ

2016 4275 2215 4347 καρδίᾳ
2243 4291 2357 4328 σοιν
2386 4274 2507 4336 οἵας
2548 4272 2658 4343 γάρ
2708 4269 2941 4340 ὲνθήκας
2990 4270 3156 4339 ἔχεις,
3208 4266 3460 4329 τοιαύτας
3500 4265 3594 4318 καὶ

1921 4362 1931 4373 “
2017 4366 2340 4440 προσθήκας
2368 4367 2638 4436 ἐπιζητεῖ.

2435 4454 2778 4525 Καρπαθίου
2815 4455 3071 4521 σκόλιον
3102 4457 3177 4504 π’.

2090 4549 2371 4621 Θαυμάξω
2402 4549 2451 4602 εἰ
2488 4547 2741 4619 βρώμασι
2773 4544 3168 4616 κορεννῦμενος
3199 4540 3487 4612 δυνήσεταί
3514 4554 3595 4601 τις

2023 4641 2289 4698 ἀπάθειαν
2347 4638 2652 4711 κτήσασθαι
2680 4655 2694 4671 ⁸
2733 4637 3002 4692 ἀπάθειαν
3065 4633 3122 4687 δὲ
3169 4632 3337 4700 λέγω,
3389 4630 3450 4684 οὒ
3494 4629 3595 4700 τὴν

2018 4733 2231 4806 άποχὴν
2265 4733 2366 4802 τῆς
2392 4731 2511 4785 κατ’
2536 4731 2820 4803 ἐνέργειαν
2857 4726 3135 4798 ἁμαρτίας
3172 4722 3333 4794 (αὕτη
3363 4722 3472 4793 γὰρ
3504 4722 3597 4789 ἑγ-

2018 4823 2250 4894 κράτεια
2274 4820 2687 4893 λέγεται),άλλά
2712 4821 2812 4891 τὴν
2841 4818 2950 4875 ἀπὸ
2975 4821 3072 4889 τῆς
3100 4815 3336 4878 διανοίας
3366 4815 3467 4879 τὰς
3494 4815 3594 4885 ἐμ-

2020 4914 2212 4978 παθεῖς
2272 4913 2482 4975 ἐννοίας
2536 4909 2832 4985 πρόρριζον
2887 4909 3257 4971 ὲκτίλλουσαν.
3293 4911 3327 4981 ἤ
3353 4923 3462 4961 που
3499 4906 3594 4960 καὶ

2024 5005 2334 5077 καθαρότης
2367 5003 2595 5074 καρδίας
2615 5003 2947 5075 ὠνόμασται.

341 5089 509 5149 etiam
569 5088 795 5145 vitiosas
837 5090 1195 5160 cogitationes
1262 5093 1764 5163 perturbationibus
1833 5095 2126 5160 obnoxias,
2194 5096 2454 5154 radicitus
2535 5093 2720 5151 evellit
2762 5104 2816 5149 et
2870 5094 3158 5163 exstirpat,
3190 5106 3312 5162 qua:
3351 5102 3405 5147 et
3434 5106 3597 5145 mun-

345 5185 477 5242 ditia
507 5187 689 5243 coxdis
712 5185 1035 5259 appellatur.

771 5276 1022 5334 Scholion
1071 5279 1373 5351 syncleticw
1401 5280 1463 5336 81
1477 5322 1491 5335 .

408 5373 787 5430 Periculosum
812 5382 896 5429 est
919 5373 985 5428 ad
1019 5372 1322 5428 docendum
1354 5374 1607 5445 progredi
1647 5389 1796 5440 eum,
1826 5376 1921 5445 qui

340 5482 451 5523 non
485 5482 583 5538 per
614 5480 775 5524 usum
804 5474 859 5520 et
889 5465 1102 5536 praxim
1145 5480 1212 5520 eo
1235 5465 1504 5522 deductus
1533 5476 1637 5532 est,
1674 5474 1730 5521 et
1760 5466 1923 5538 quasi

343 5569 588 5614 coactus.
633 5555 1108 5625 Quemadmodum
1158 5557 1301 5612 enim
1338 5557 1386 5612 si
1406 5558 1530 5627 quis
1561 5558 1840 5613 ruinosam
1871 5566 1925 5612 et

345 5658 558 5719 putrem
621 5648 841 5703 domum
904 5648 1088 5714 habet,
1158 5649 1405 5718 hospites
1457 5658 1641 5704 tamen
1693 5649 1919 5718 excipit,

344 5754 484 5811 quos
516 5739 674 5794 ruina
694 5747 749 5794 et.
773 5754 905 5797 casu
926 5740 1073 5795 lardit
1092 5779 1106 5805 ,
1136 5739 1210 5795 ita
1243 5739 1320 5804 hi,
1341 5740 1436 5809 qui
1459 5756 1565 5794 non
1583 5739 1734 5810 prius
1759 5741 1920 5810 no

348 5846 407 5887 se
459 5831 608 5901 ipsos
664 5830 840 5887 valide
890 5831 1173 5902 solideque
1237 5832 1479 5901 tirmant,
1516 5842 1570 5886 et
1625 5830 1918 5899 aedificant,

2377 5281 2423 5338 Σ
2425 5276 2758 5348 υγκλητικῆ
2765 5297 2795 5342 ς
2827 5276 3084 5346 σκόλιον
3117 5281 3238 5329 ua’.

2102 5371 2475 5429 Ἐπικίνδυνον
2504 5371 2596 5423 τὸν
2638 5370 2712 5440 μὴ
2739 5367 2828 5422 διὰ
2850 5366 2946 5421 τοῦ
2974 5362 3284 5439 πρακτικοῦ
3311 5350 3603 5437 βιασθέντα

2018 5460 2292 5515 διδάσκειν
2348 5460 2666 5529 ἐπιχειρεῖν·
2703 5457 2892 5529 ὥσπερ
2934 5456 3002 5510 ἂν
3035 5454 3089 5509 εἴ
3121 5471 3204 5518 τις
3240 5455 3418 5510 οἰκίαν
3462 5455 3601 5525 ἔχων

2021 5550 2230 5624 σαθρὰν
2265 5551 2448 5617 ξένους
2488 5550 2888 5620 ὑποδεξάμενος
2924 5547 3099 5620 βλάψῃ
3150 5550 3216 5619 τῇ
3260 5547 3466 5603 πτώσει
3500 5546 3603 5602 τοῦ

2027 5646 2348 5715 οἰκήματος·
2396 5645 2537 5696 οὕτω
2592 5644 2684 5696 καὶ
2727 5638 2893 5707 οῦτοι,
2946 5640 3021 5713 μὴ
3068 5641 3336 5714 πρότερον
3377 5642 3605 5707 ἑαυτοὺς

2026 5737 2286 5806 ἀσφαλῶς
2316 5736 2757 5806 ᾠκοδομήσαντο,
2792 5737 2887 5788 καὶ
2914 5735 3039 5798 τοὺς
3068 5732 3469 5807 προσελθόντας
3504 5735 3606 5789 αὐ-

2027 5832 2138 5897 τοῖς
2160 5827 2563 5883 συναπώλεσανο
2585 5830 2695 5891 τοῖς
2726 5825 2825 5898 μὶν
2846 5828 2954 5899 γὰρ
2973 5826 3151 5897 λόγοις
3172 5826 3307 5899 πρὸς
3331 5826 3609 5899 σωτηρίαν
