4110 6488
582 399 704 472 757
1625 401 1853 462 SCALA
1880 402 2261 462 PARADISI.
2300 428 2364 437 —
2392 403 2698 465 GRADUS
2742 405 2838 465 IV.
3728 402 3853 474 '758

584 507 838 566 καλοῦσι·
858 508 935 579 τῷ
949 509 1005 562 δὲ
1030 508 1217 582 τρόπῳ
1235 509 1361 573 τοὺς
1382 509 1621 582 ἀθλητὰς
1650 511 1851 580 μᾶλλον
1883 512 2144 584 ἠδίκησαν

2274 517 2435 570 etiam
2480 516 2804 571 accedentes
2830 515 2896 570 ad
2930 530 2989 570 se
3019 515 3181 571 simul
3210 517 3463 587 perdunt,
3487 532 3627 589 quos
3662 514 3850 575 verbis

584 601 806 668 quidem
857 602 925 654 ad
972 601 1204 657 salutem
1248 601 1501 669 invitant,
1553 602 1714 660 factis
1770 620 1901 661 vero
1943 616 1997 662 et
2040 610 2199 668 malis
2229 614 2473 667 moribus
2509 610 2730 664 athletis
2772 608 2971 665 Christi
3016 612 3367 666 vehementer
3399 623 3615 678 nocent,
3663 620 3718 667 et
3769 613 3857 667 in-

582 688 729 757 juria
758 687 1017 747 alliciunt.

1178 785 1437 853 Σχόλιον
1459 786 1584 850 πβκ

659 870 918 923 Διακόνου
952 870 1112 941 λόγον
1139 874 1325 944 ἐπέχει
1354 877 1383 927 6
1406 876 1542 947 πρὸς
1578 879 1705 941 τοὺς
1733 880 1912 949 ἱεροὺς
1946 881 2167 950 ἀγῶνας

585 961 824 1032 ἀλείφων
848 964 941 1016 τὸν
969 964 1116 1030 νοῦν,
1147 966 1241 1018 καὶ
1267 969 1395 1030 τοὺς
1424 970 1692 1038 ἐμπαθεῖς
1732 971 2054 1028 ἀπελαύνων
2082 977 2167 1030 λο-

585 1054 821 1123 γισμοὺς
871 1055 969 1107 ἀπ’
1001 1054 1186 1108 αὑτοῦο
1215 1057 1585 1130 πρεσϐυτέρου
1629 1060 1706 1124 δὲ,
1743 1064 1769 1115 6
1793 1064 1873 1126 εἰς
1904 1065 2000 1135 τὴν
2025 1067 2167 1133 γνῶ-

586 1160 672 1195 σιν
716 1143 825 1198 τῶν
840 1143 1012 1199 ὄντων
1031 1146 1304 1213 φωτίζων,
1333 1150 1428 1202 κα)⁸
1460 1150 1559 1221 τὴν
1588 1148 2165 1225 ψευδώνυμονγνῶσιν

584 1233 943 1303 ἐξαφανίζων·
973 1237 1273 1291 ἐπισκόπου
1304 1239 1381 1303 δὲ,
1407 1241 1436 1291 6
1472 1241 1550 1311 τῷ
1604 1242 1748 1314 ἁγίῳ
1800 1245 1958 1316 μύρῳ
1997 1247 2165 1302 τελῶν

580 1326 682 1396 τῆς
703 1326 978 1395 γνώσεως,
1005 1329 1104 1399 τῆς
1141 1332 1524 1403 προσκυνητῆς
1569 1336 1662 1388 καὶ
1712 1337 1874 1403 ἁγίας
1911 1338 2160 1409 Τριάδος.

1155 1516 1201 1567 Σ
1202 1514 1412 1581 χόλιον
1445 1523 1560 1584 παρ’.

649 1599 994 1654 Αίνίττεσθαί
1025 1618 1114 1672 μοι
1140 1602 1287 1656 δοκεί
1304 1620 1427 1658 τινα
1449 1606 1687 1675 ὑπήκοον
1711 1611 1775 1678 τῇ
1802 1609 1987 1681 πείρᾳ,
2005 1611 2165 1665 τοῦτο

579 1689 764 1757 γνούς·
785 1689 866 1743 διὸ
882 1692 975 1745 καὶ
990 1692 1066 1757 ὡς
1082 1694 1217 1765 πρὸς
1236 1695 1410 1771 είδότα
1431 1714 1503 1767 φη
1512 1697 1584 1750 σί·
1609 1718 1627 1750 ‹
1651 1698 1749 1768 Μὴ
1766 1699 2022 1770 ἐπιλάϐῃ
2039 1702 2166 1757 τοῦ·

579 1782 670 1835 δε.
694 1800 714 1833 ›
732 1777 898 1847 Οὗτος
913 1785 1090 1839 τοίνυν
1111 1787 1169 1839 ὲν
1189 1787 1404 1850 πολλοῖς
1426 1787 1570 1842 ἔτεσι
1589 1790 1950 1856 δεδουλευκὼς
1971 1796 2160 1864 πατρὶ,

575 1870 833 1926 οὐδέποτε
855 1873 987 1945 παρ’
1004 1874 1167 1928 αὑτοῦ
1190 1876 1423 1946 ἤκουσεν
1440 1878 1607 1948 εὐχῆς
1623 1881 1809 1950 τρόπῳ
1834 1880 1914 1945 τὸ,
1935 1882 2159 1951 Σωθῇς·

2868 782 3120 840 Scholion
3175 783 3262 839 82.

2344 878 2568 932 Diaconi
2608 876 2842 931 oﬂicium
2875 875 3022 943 facil,
3056 877 3147 945 qui
3177 886 3413 932 mentem
3451 878 3517 933 ad
3548 890 3705 933 sacra
3731 891 3851 933 cer-

2272 971 2476 1024 tamina
2501 969 2736 1040 inungit,
2769 976 2822 1022 et
2849 969 3211 1038 cogitationes
3234 969 3462 1025 vitiosas
3489 969 3559 1025 ab
3580 970 3696 1039 ipsa
3723 984 3851 1039 pro-

2270 1061 2450 1130 ﬂigat;
2505 1060 2626 1113 dein
2672 1058 2970 1128 presbyteri
3011 1059 3102 1129 qui
3151 1071 3387 1113 mentem
3439 1075 3625 1114 rerum
3656 1059 3849 1130 cogni-

2271 1152 2417 1206 tione
2441 1149 2734 1213 illuminat,
2757 1158 2812 1203 et
2843 1146 3034 1202 falsam
3065 1148 3346 1203 scientiam
3374 1150 3712 1219 exstinguit;
3748 1163 3848 1218 po-

2268 1250 2475 1297 stremo
2521 1239 2787 1309 episeOpi,
2842 1239 2936 1308 qui
2997 1238 3117 1292 oleo
3174 1250 3365 1295 saneto
3417 1240 3679 1307 scientiae,
3738 1255 3848 1310 qua

2268 1339 2460 1389 saneta
2509 1338 2563 1385 et
2615 1328 2893 1384 adoranda
2945 1327 3186 1383 Trinitas
3234 1331 3605 1400 cognoscitur,
3633 1331 3848 1401 perlicit

2265 1431 2321 1476 ει
2350 1429 2657 1478 consecrat.

2849 1507 3099 1563 Scholion
3133 1507 3222 1562 85.

2335 1602 2585 1667 Videtur,
2642 1599 2896 1670 quamvis
2931 1598 3288 1665 subobscure,
3324 1597 3475 1669 loqui
3520 1600 3587 1655 de
3609 1602 3845 1672 quodam

2256 1696 2557 1769 ,obediente
2579 1701 2634 1749 et
2659 1693 2917 1763 religioso
2956 1692 3146 1755 fratre,
3175 1706 3205 1745 a
3237 1707 3346 1762 quo
3374 1692 3477 1747 hoc
3504 1708 3601 1763 per
3629 1695 3846 1763 experi-

2265 1796 2509 1844 mentum
2556 1791 2857 1855 cognorat:
2892 1796 3177 1855 propterea
3211 1785 3370 1855 quasi
3405 1789 3686 1841 conscium
3709 1787 3845 1843 allo-

2266 1881 2474 1950 quitur,
2498 1893 2624 1932 cum
2661 1875 2829 1930 dicit:
2869 1873 2993 1929 Non
3027 1874 3358 1930 obliviscaris
3404 1876 3573 1943 illius,
3609 1886 3715 1934 etc.
3745 1877 3846 1936 Hic

578 1963 714 2016 ἀλλὰ
734 1964 841 2034 μὴν
856 1981 930 2018 πα
939 1966 1009 2036 ρὰ
1026 1967 1117 2020 τοῦ
1132 1967 1265 2021 Θεοῦ
1286 1969 1420 2039 ήκου
1429 1987 1488 2021 σε
1504 1969 1585 2034 τὸ,
1613 1971 1757 2025 Ἰδοὺ
1776 1972 2029 2040 ἐσώθης,
2046 1990 2148 2028 νοε·

2264 1985 2399 2042 ergo
2438 1969 2789 2025 cum-multis
2830 1967 2990 2022 annis
3033 1968 3240 2023 seniori
3291 1969 3677 2033 ministrasset,
3711 1985 3846 2024 nun-

583 2055 711 2123 μ’ὗς.
737 2057 899 2124 Λέγει
918 2054 1032 2124 οὖν,
1060 2060 1141 2113 ὅτι
1162 2061 1251 2115 διὰ
1274 2061 1371 2133 τὴν
1397 2063 1643 2135 ὑπακοὴν
1664 2066 1850 2132 αὑτοῦ,
1873 2069 1921 2120 εἰ
1952 2067 2049 2122 καὶ
2084 2069 2160 2141 μὴ

575 2149 729 2218 παρὰ
759 2149 853 2203 τοῦ
883 2150 1206 2207 διδασκάλου
1240 2154 1437 2225 ἤκουεν
1469 2155 1656 2228 εὐχὴν,
1696 2156 1835 2211 ἀλλὰ
1886 2160 2036 2230 παρὰ
2063 2161 2158 2214 τοῦ

569 2239 710 2291 θεοῦ
732 2241 1206 2313 πεπληροφόρητοσ
1228 2246 1353 2299 ὅσον
1372 2246 1481 2317 γὰρ
1505 2248 1534 2299 6
1551 2247 1869 2313 διδάσκαλος
1888 2250 2049 2305 αὑτὸν
2077 2250 2158 2317 ἐξ·

566 2328 804 2396 ουθένει,
830 2331 1083 2386 τοσοῦτον
1108 2337 1136 2387 6
1161 2335 1295 2399 Θεὸς
1327 2335 1488 2392 αὑτὸν
1521 2337 1732 2393 ἔνδοθεν
1770 2339 2155 2414 ὲπληροφὸρει.

2269 2077 2435 2133 quam
2494 2060 2634 2116 bene
2674 2059 2952 2130 precantis
2994 2068 3089 2113 aut
3127 2058 3421 2114 salutantis
3451 2074 3604 2115 more
3636 2060 3847 2116 audivit

2267 2154 2371 2209 hoc
2403 2152 2655 2216 verbum,
2699 2148 2891 2204 Salvus
2940 2150 3013 2204 sis
3042 2149 3174 2219 (aut
3207 2147 3390 2219 salve),
3422 2149 3514 2203 sed
3539 2164 3571 2204 a
3603 2150 3712 2204 Deo
3744 2166 3844 2206 au-

2266 2245 2404 2303 divit
2462 2242 2596 2296 illud
2643 2241 2697 2294 in
2746 2240 2931 2294 animo
2967 2255 3087 2305 suo,
3129 2238 3262 2292 Ecce
3290 2239 3466 2293 salvus
3507 2256 3583 2295 es.
3615 2240 3844 2312 Propter

2266 2332 2629 2393 obedientiam
2659 2345 2789 2399 ergo
2828 2331 2973 2384 illius
3010 2330 3143 2384 dicit
3177 2329 3332 2384 :Etsi
3369 2345 3400 2384 a
3435 2345 3537 2385 suo
3578 2332 3843 2402 magistro

574 2422 835 2491 religioso
900 2438 1183 2495 nunquam
1237 2428 1448 2483 audivit
1485 2431 1924 2499 apprecationem
1978 2433 2150 2498 illam,
2194 2429 2403 2498 accepit
2432 2434 2615 2479 tamen
2674 2437 2705 2475 a
2762 2420 2872 2475 Deo
2900 2421 3277 2509 testimonium
3320 2421 3554 2477 salutis:
3584 2437 3698 2493 quo
3723 2439 3842 2479 ma-

569 2515 655 2582 εἰς
697 2515 841 2568 enim
892 2516 1202 2572 moderator
1251 2519 1399 2576 illius
1446 2520 1599 2576 illum
1629 2522 1848 2591 abiecit,
1875 2524 1981 2579 hoc
2005 2526 2181 2594 magis
2220 2521 2371 2577 illum
2400 2516 2543 2570 Deus
2571 2513 2719 2567 intus
2748 2518 2958 2565 certum
2984 2510 3178 2566 salutis
3197 2510 3446 2565 reddidit.

1166 2612 1427 2680 Σχόλιον
1458 2613 1575 2667 κδ’.

646 2697 750 2751 Δύο
778 2699 932 2763 τινὰς
978 2702 1248 2771 προσάγει
1300 2703 1683 2773 ὲπιταγέντας,
1733 2700 1809 2761 ὧν
1857 2709 1886 2760 6
1941 2708 2039 2778 μὲν
2086 2709 2162 2779 μὴ

567 2791 727 2859 ἡδέος
755 2789 910 2854 ὄντος
933 2791 1024 2845 τοῦ
1059 2794 1387 2866 πράγματος
1414 2794 1491 2867 τῷ
1517 2796 1902 2867 προστάξαντι·
1939 2799 2052 2852 ἀλλ’
2075 2802 2163 2854 ὲν-

565 2881 737 2953 αντίῳ
779 2882 889 2936 τινὶ
936 2883 1078 2937 τέλει
1113 2886 1511 2953 καταντῶντος,
1537 2888 1696 2942 τοῦτο
1732 2891 2159 2962 παραιτησάμε-

566 2990 678 3036 νος·
709 2975 737 3027 6
763 2974 820 3028 δὲ
860 2975 1067 3047 ἕτερος,
1096 2977 1193 3031 καὶ
1223 2978 1386 3043 αὐτὸς
1418 2979 1594 3045 εἰδὼς,
1625 2982 1774 3053 ὅμως
1809 2982 2151 3046 ὑπακούσας.

567 3062 667 3126 Ὗίς
695 3058 807 3125 οὖν,
838 3067 996 3136 φησὶ,
1035 3069 1281 3139 κρεῖττον
1330 3070 1589 3139 ἐποίησε;
1631 3071 1877 3141 Λέγομεν
1929 3068 2022 3125 οὑν
2070 3073 2153 3127 ὅτι

563 3155 798 3219 ἕκαστος
828 3156 886 3209 ὲν
919 3157 1034 3227 ἰδίῳ
1060 3159 1240 3235 καιρῷ
1267 3161 1570 3225 ἐπαινετόςο
1599 3163 1627 3214 6
1667 3163 1763 3232 μὲν
1790 3164 1897 3235 γὰρ
1922 3165 2154 3233 εἰσαγω-

561 3243 723 3307 γικὺς
746 3249 1002 3316 κρεῖσσον
1040 3230 1257 3319 ποιῆσει
1285 3252 1672 3322 ἀναμφιϐόλως
1698 3253 2013 3317 ὑπακούσας
2049 3254 2152 3312 (ἔτι

557 3335 673 3405 γὰρ
700 3335 809 3415 τῶν
841 3337 1283 3410 δοκιμαζομένων
1327 3338 1520 3412 ἐστίνῖο
1553 3345 1580 3397 6
1611 3345 1667 3397 δὲ
1696 3344 1773 3415 τῷ
1804 3346 1980 3416 χρόνῳ
2012 3347 2150 3399 ἀπό-

557 3426 728 3493 δειξιν
797 3430 997 3501 πολλὴν
1049 3434 1148 3503 τῆς
1197 3434 1445 3505 ὑπακοῆς
1507 3437 1911 3507 παρεχόμενος,
1966 3437 2146 3500 καλῶς

558 3521 782 3588 ποιήσει
815 3522 890 3593 μὴ
927 3523 1266 3590 ὑπακούσας,
1306 3528 1401 3579 καὶ
1429 3527 1627 3597 μᾶλλον
1658 3528 2023 3582 ἐπακούσεται
2071 3529 2148 3602 μὴ

556 3615 902 3682 ὑπακούσας.
938 3619 1136 3673 Οὑκέτι
1164 3620 1271 3693 γὰρ
1299 3621 1375 3684 ὡς
1403 3620 1587 3684 δοῦλος
1612 3622 1712 3691 τὴν
1737 3622 1959 3694 λογικὴν
1981 3641 2150 3693 προσ-

556 3706 755 3776 φοράν·
783 3708 901 3761 ἀλλ’
925 3709 1001 3772 ὡς
1027 3712 1252 3782 γνήσιος
1278 3711 1411 3776 υίὸς,
1444 3713 1537 3767 καὶ
1566 3714 1717 3783 φίλος
1742 3714 1839 3786 τὴν
1862 3715 2144 3787 γνωμικὴν

556 3801 655 3852 τοῦ
686 3802 895 3874 πατρὸς
918 3804 1238 3874 ἀνιχνεύσας
1267 3806 1569 3859 ὲπιτελέσει
1601 3806 1817 3878 βουλήν.

2859 2601 3109 2658 Scholion
3156 2603 3244 2659 84.

2336 2703 2482 2756 Duos
2514 2697 2766 2769 producit
2793 2697 2993 2766 quibus
3029 2696 3232 2766 aliquid
3261 2697 3586 2766 imperatum
3634 2705 3721 2754 est
3741 2713 3842 2768 per

2260 2793 2648 2857 obedientiam,
2689 2804 2922 2861 quorum
2969 2789 3108 2843 alter
3152 2802 3278 2843 cum
3305 2790 3572 2859 judicaret
3598 2791 3838 2858 impera-

2257 2899 2376 2944 tum
2430 2883 2711 2955 negotium
2764 2897 2875 2936 non
2914 2890 3127 2953 gratum
3168 2881 3459 2952 imperanti
3499 2881 3616 2937 fore
3652 2883 3736 2952 (si
3762 2884 3838 2939 ita

2257 2976 2410 3033 ﬁeret
2446 2983 2507 3029 ut
2556 2976 2886 3042 imperatum
2943 2973 3087 3043 est),
3133 2971 3229 3029 sed
3275 2973 3558 3028 contrario
3597 2972 3704 3029 ﬁne
3741 2974 3837 3031 alii

2254 3067 2417 3122 alicui
2472 3066 2604 3121 illud
2647 3065 2826 3121 facere
2868 3065 3141 3133 neglexit:
3182 3064 3321 3119 alter
3363 3079 3494 3119 vero
3524 3079 3649 3120 cum
3690 3064 3834 3120 idem
3878 3107 3888 3123 .

2252 3176 2361 3215 non
2403 3160 2699 3229 ignoraret,
2743 3158 3104 3212 nihilominus
3149 3156 3390 3212 obedivit
3419 3166 3474 3211 et
3503 3159 3654 3214 fecit.
3685 3159 3823 3225 Quis

2254 3252 2473 3324 (inquit
2501 3251 2805 3322 Climacus)
2840 3265 2904 3304 ex
2934 3249 3020 3304 his
3048 3249 3262 3306 duobus
3297 3250 3496 3306 melius
3521 3249 3691 3305 fecit?
3726 3250 3834 3306 Re-

2253 3341 2585 3414 spondemus
2640 3350 2937 3411 utrumque
2964 3355 3065 3411 pro
3099 3340 3313 3396 ratione
3354 3340 3619 3410 temporis
3649 3349 3704 3396 et
3736 3356 3835 3398 oc-

2253 3435 2515 3501 casionis,
2561 3434 2913 3489 laudandum.
2959 3434 3269 3504 lteligiosus
3323 3434 3525 3505 quippe
3576 3435 3683 3489 tiro
3716 3434 3837 3491 sine

2245 3528 2589 3585 dubitatione
2648 3527 2844 3583 melius
2896 3526 3061 3582 faciet
3112 3527 3442 3598 simpliciter
3484 3528 3830 3597 obediendo;

2244 3631 2329 3678 est
2392 3623 2538 3678 enim
2598 3620 2653 3675 in
2698 3620 2951 3676 tirocinio
3009 3619 3190 3675 adhuc
3233 3621 3550 3690 probandus
3581 3621 3722 3675 inter
3754 3622 3830 3674 ti-

2244 3728 2447 3781 rones;
2517 3713 2655 3768 alter
2711 3727 2839 3767 vero
2904 3727 3028 3767 cum
3081 3712 3245 3783 longo
3300 3713 3414 3783 jam
3449 3714 3542 3769 diu
3584 3723 3831 3783 tempore

2242 3820 2401 3860 suam
2448 3804 2585 3861 alias
2623 3803 2988 3860 obedientiam
3040 3804 3156 3859 suis
3187 3805 3488 3873 majoribus
3548 3805 3652 3859 rite
3680 3818 3809 3874 pro-

560 3892 723 3957 barit,
757 3902 902 3947 recte
921 3908 975 3949 et
1003 3896 1196 3949 ordine
1243 3893 1425 3962 faciet,
1466 3896 1511 3950 si
1552 3912 1663 3952 non
1690 3897 1977 3961 obedierit,
2011 3895 2293 3966 magisque
2314 3894 2650 3964 obsequetur
2681 3909 2789 3948 non
2834 3893 3206 3963 obsequendo.
3252 3893 3407 3963 ιιι
3451 3892 3638 3962 Neque
3678 3893 3824 3948 enim

562 3994 626 4039 ut
663 4000 854 4042 servus
884 3987 1037 4043 verbi
1077 4004 1273 4043 sonum
1324 3999 1379 4044 et
1404 3991 1644 4061 syllabas
1705 3991 2050 4061 imperantis,
2085 3990 2179 4047 sed
2220 3998 2280 4044 ut
2341 4004 2637 4060 germanus
2692 3988 3017 4044 obedientia:
3064 3990 3209 4043 lilius
3242 3997 3296 4043 et
3324 3989 3555 4053 amicus,
3586 3998 3828 4046 mentem

497 4068 509 4076 ’
557 4077 751 4148 patris,
822 4079 1122 4149 spectando
1168 4081 1503 4136 voluntatem
1559 4081 1691 4152 ejus
1757 4093 2113 4153 exsequetur.

1142 4173 1403 4240 Σχόλιον
1438 4179 1551 4230 πεκ

631 4300 650 4317 .
694 4301 709 4315 .
753 4300 768 4316 .
812 4304 827 4317 .
867 4264 931 4317 El
962 4263 1073 4334 γὰρ
1102 4265 1151 4318 ol
1189 4266 1512 4329 παλαίοντες
1545 4266 1603 4319 ὲν
1636 4264 1714 4337 τῷ
1744 4265 2020 4320 Θλίϐεσθαι
2052 4266 2144 4320 καὶ

558 4354 885 4409 ἀντιθλίόειν
910 4356 1040 4424 εἰσὶ,
1083 4356 1375 4411 παλαίουσι
1410 4358 1469 4411 δὲ
1506 4359 1637 4429 ἡμῖν
1674 4361 1723 4411 οἱ
1751 4358 2004 4428 δαίμονες
2046 4359 2141 4412 καὶ

552 4445 715 4499 αὐτοὶ
762 4448 871 4518 ἄρα
927 4447 1198 4512 θλίϐοντες
1255 4450 1425 4519 ἡμᾶς,
1476 4450 1565 4517 ὑφ’
1598 4448 1754 4519 ἡμῶν
1801 4449 2138 4503 ἁντιθλίόον-

551 4554 669 4594 ται,
730 4539 1024 4608 Ἑκθλίψω
1071 4541 1204 4611 γὰρ,
1260 4542 1444 4612 φησὶν,
1502 4541 1744 4607 αὐτοὺς,
1781 4540 1879 4594 καὶ
1926 4542 1998 4595 οὐ
2046 4539 2133 4609 μὴ

553 4631 851 4685 δύνωνται
888 4631 1129 4700 στῆναι.
1180 4634 1293 4686 Καὶ
1329 4633 1513 4686 πάλινο
1565 4636 1629 4686 Ol
1679 4631 1992 4699 θλίϐοντές
2034 4649 2130 4701 με,

552 4716 658 4773 καὶ
687 4722 743 4774 οί
776 4721 981 4790 ἐχθροί
1011 4739 1156 4792 μου,
1187 4722 1734 4792 αὐτοὶὴσθένησαν
1765 4724 1863 4777 καὶ
1883 4723 2111 4779 ἔπεσον

975 4906 1257 4974 Σχόλιον,
1292 4905 1553 4975 διήγημα
1579 4914 1704 4973 πςδ.

2840 4168 3090 4224 Scholion
3128 4168 3216 4225 85.

2489 4254 2549 4312 Si
2599 4257 2743 4312 enim
2798 4272 2864 4312 ex
2923 4257 2992 4312 iis
3043 4258 3136 4327 qui
3181 4265 3446 4327 pugnant,
3497 4244 3628 4313 dum
3685 4258 3826 4315 allii-

2238 4356 2463 4415 guntur,
2521 4346 2763 4402 vicissim
2802 4347 2964 4401 etiam
2997 4345 3275 4417 afﬂigunt;
3333 4357 3651 4418 oppugnant
3707 4363 3812 4405 au-

2239 4446 2347 4492 tem
2403 4454 2508 4495 nos
2566 4439 2877 4504 daemones,
2938 4437 3183 4507 profecto
3246 4442 3341 4509 qui
3401 4439 3646 4509 atiligunt
3696 4456 3820 4508 nos,

2236 4529 2473 4585 vicissim
2497 4545 2528 4584 a
2557 4529 2714 4585 nobis
2742 4528 3053 4598 allliguntur
3084 4547 3098 4583 :
3124 4529 3337 4583 Elidem
3382 4529 3823 4605 [confringam]"

2237 4619 2430 4691 inquit,
2453 4622 2613 4690 ipsos,
2643 4631 2691 4675 et
2729 4636 2830 4674 non
2882 4614 3124 4691 poterunt
3151 4634 3337 4686 stare;
3365 4633 3419 4678 et
3445 4624 3641 4680 iterum
3676 4644 3691 4679 :
3719 4625 3823 4693 Qui

2236 4712 2495 4766 tribulam
2540 4730 2617 4767 me
2664 4714 2869 4767 inimici
2923 4715 3063 4779 mei,
3104 4715 3210 4786 ipsi
3258 4716 3524 4785 inﬁrmati
3584 4727 3711 4774 sunt
3773 4728 3823 4774 et

2235 4805 2531 4860 ceciderunt
2562 4804 2630 4861 ".

2840 4891 3087 4947 Scholion
3140 4892 3229 4949 86.

624 4993 699 5049 T6
727 4994 1142 5050 ἀκολασταίνειν
1169 4997 1313 5062 τινὲς
1335 4999 1430 5053 ἐπὶ
1461 5000 1629 5071 μόνης
1657 4999 1757 5071 τῆς
1783 5001 2039 5073 πορνείας
2062 5004 2136 5057 εί-

2315 4984 2517 5045 Vocem
2595 4984 3008 5041 ἀκολασταίνειν
3037 5026 3061 5051 ν
3109 4987 3540 5059 intemperanter
3601 4989 3822 5053 vivere,

551 5085 776 5153 ρὴκαοι,
804 5083 899 5136 καὶ
939 5084 1238 5139 ἀκόλαστον
1289 5085 1380 5140 τὸν
1426 5088 1625 5160 πόρνον
1666 5086 1840 5146 εἷπον·
1876 5087 2032 5157 οὗτος
2079 5093 2135 5147 δὲ

549 5174 642 5225 ἐπὶ
666 5175 865 5238 παντὸς
893 5175 1155 5248 λογισμοῦ
1185 5177 1281 5231 τοῦ
1310 5178 1386 5252 μὴ
1416 5180 1630 5253 ἔχοντος
1650 5184 1749 5254 τὴν
1780 5187 2135 5257 πρωτόνοιαν,

549 5268 645 5317 καὶ
671 5272 767 5330 τὰς
795 5267 1027 5336 ἀλόγους
1055 5269 1154 5339 τῆς
1181 5269 1359 5342 ψυχῆς
1380 5273 1557 5344 ὁρμάς
1580 5274 1919 5342 κολάζοντοῦ
1943 5278 2036 5331 καὶ
2061 5280 2137 5351 μὴ

550 5355 748 5420 ἐῶντος
793 5358 1065 5430 προϐῆναι
1097 5361 1175 5426 είς
1208 5363 1390 5434 ἔργον,
1434 5365 1735 5420 ἀκόλαστον
1794 5369 2135 5441 ιῐιιττεφήνατο⁸

551 5447 645 5498 καὶ
675 5449 783 5517 γὰρ
824 5449 981 5521 θυμῷ
1011 5453 1039 5504 6
1066 5452 1264 5524 γέρων,
1313 5455 1407 5510 καὶ
1434 5458 1576 5530 ὁρμῇ
1615 5457 1795 5529 ἀλόγῳ
1848 5459 2130 5532 ἐκέχρητο.

551 5534 629 5587 Τὸ
657 5535 715 5588 δὲ
745 5536 872 5606 ἑξῆς
906 5538 1063 5592 τοῦτο
1087 5539 1258 5611 δηλοῖ.

620 5817 667 5849 ’⁸
687 5815 975 5885 Psalavn,
1003 5822 1091 5879 39.
1169 5822 1215 5855 "
1243 5822 1388 5881 Psal.
1416 5839 1562 5889 χιιι,
1602 5823 1656 5879 2.

2236 5077 2482 5132 nonnulli
2541 5085 2751 5133 tantum
2810 5077 2878 5133 de
2939 5077 3154 5134 luxuria
3227 5080 3692 5149 interpretantur,
3767 5088 3823 5134 et

2237 5171 2535 5225 ἀκόλαστον
2609 5169 2953 5227 luxuriosum
3021 5185 3116 5227 seu
3176 5170 3561 5228 fornicator-em
3611 5172 3821 5228 dicunt.

2236 5261 2515 5317 Climacus
2579 5269 2764 5318 autem
2819 5263 2920 5319 bas
2981 5278 3144 5319 voces
3226 5263 3295 5318 ad
3383 5276 3601 5317 omnem
3653 5262 3823 5323 relert

2238 5354 2623 5425 cogitationem
2697 5355 3178 5419 inconsideratam,
3237 5368 3339 5410 nec
3402 5354 3570 5409 animi
3639 5364 3820 5409 motus

2245 5446 2457 5501 ratione
2529 5453 2815 5510 carentes,
2862 5463 2930 5502 ne
2981 5449 3034 5501 in
3096 5461 3234 5516 opus
3280 5454 3610 5513 erumpant.
3664 5460 3820 5502 coer-

2243 5534 2479 5591 centem.
2535 5535 2712 5590 Senex
2771 5537 2916 5590 enim
2993 5537 3077 5591 hic
3142 5549 3289 5590 caeco
3346 5533 3545 5589 mentis
3611 5535 3816 5605 impetu

2240 5635 2429 5681 contra
2500 5626 2764 5682 rationem
2820 5626 3094 5697 prepriam
3147 5626 3444 5684 ferebatur.
3512 5624 3668 5693 Quod
3716 5641 3815 5681 an-

2239 5729 2345 5773 tem
2402 5718 2691 5787 sequitur,
2742 5718 2845 5773 hoc
2882 5718 3142 5774 declarat.
