4110 6482
471 428 580 493 763

1732 426 1792 488 S.
1820 426 2142 488 JOANNIS
2172 427 2476 489 CLIMACI

3631 429 3739 495 764

476 538 669 594 habuit
715 545 937 607 propt'r
979 535 1221 608 Moysen,
1255 550 1580 604 poenamque
1627 535 1817 588 evasit.
1881 531 2053 599 Quan-

2170 536 2249 598 είς
2275 535 2514 606 Μωῦσῆν
2535 535 2965 608 ἐπλημμέλησαν
2992 539 3038 590 οἱ
3075 539 3202 610 περὶ
3225 537 3400 592 Δαθάν
3434 541 3528 593 καὶ
3569 541 3746 598 Ἀϐει.

474 631 548 681 do
609 637 791 682 autem
854 629 1064 691 Datlran
1138 638 1196 682 et
1254 628 1479 691 Alziron,
1528 637 1582 680 et
1655 640 1812 680 soror
1884 627 2056 694 ipsius

473 717 680 789 Moysis
751 717 920 772 Maria
998 718 1054 772 in
1113 717 1334 788 Moysen
1398 715 1787 784 deliquerunt,
1851 714 2058 784 suppli-

475 810 620 862 cium
668 809 786 864 sine
845 809 952 862 ulla
1025 821 1178 861 mora
1246 805 1618 874 dependerunt
1671 805 1737 859 ⁷⁸.

992 895 1049 950 S.
1107 895 1334 950 Maximi
1385 896 1554 948 aliud.

544 986 663 1040 Non
721 987 954 1056 recipias
1025 987 1357 1042 calumniam
1423 987 1689 1041 adversus
1741 985 2054 1055 religiosum

477 1087 680 1146 patrem
753 1087 943 1142 tuum,
1014 1093 1192 1147 neque
1265 1077 1680 1131 calumniaturis
1770 1076 1944 1145 ipsius
2005 1085 2060 1130 te

475 1169 711 1221 amicum
774 1180 827 1223 et
877 1169 1200 1224 benevolum
1255 1170 1532 1233 ostendas,
1587 1182 1654 1222 ne
1703 1166 1902 1220 iratum
1939 1163 2056 1220 Nu-

475 1275 598 1312 men
651 1259 722 1313 ob
767 1275 1049 1316 sermones
1105 1269 1228 1315 tuos
1284 1259 1434 1314 tollat
1485 1268 1536 1313 te
1581 1273 1645 1312 ex
1691 1265 1834 1312 terra
1871 1255 2055 1311 viven-

477 1360 635 1404 tium.

1020 1441 1269 1498 Scholion
1315 1442 1483 1497 aliud.

547 1533 653 1601 Qui
722 1533 858 1589 fodit
911 1536 1160 1605 proximo
1235 1551 1334 1589 suo
1413 1536 1668 1600 foveam,
1725 1532 1924 1588 incidet
1999 1548 2056 1588 In

477 1641 620 1690 eam,
673 1637 726 1680 et
777 1627 870 1696 qui
937 1627 1192 1698 laqueum
1241 1627 1499 1696 appendit
1550 1625 1879 1681 moderatori
1931 1639 2054 1688 suo,

479 1719 681 1786 impius
745 1730 795 1773 et
847 1721 1145 1775 sceleratus
1201 1729 1284 1774 est
1337 1719 1461 1776 talis
1494 1719 1580 1784 5°;
1639 1717 1866 1787 proinde
1913 1716 2053 1770 idem

474 1807 740 1876 judicium
791 1810 1086 1862 sustinebit
1126 1824 1248 1863 cum
1289 1808 1462 1871 Juda,
1505 1808 1598 1876 qui
1648 1807 2052 1861 brnefactorem

2162 625 2290 696 ρὼν,
2342 629 2433 679 καὶ
2484 627 2758 698 ήάδελτὴ
2815 628 2980 681 αὐτοῦ
3043 629 3298 701 Μαριὰμ,
3361 633 3746 704 ἀναπάρτητον

2159 717 2226 788 [Ι.
2253 717 2643 791 άνυπέρθετον]
2676 719 2774 790 τὴν
2797 721 3063 791 τιμωρῖαν
3088 721 3407 791 ὑπέμειναν.

2520 895 2702 948 Ἀλλο
2733 891 2844 947 τοῦ
2879 893 3053 963 ἁγίου
3088 892 3386 962 Μαξίμου.

2227 984 2318 1055 Μὴ
2362 985 2659 1055 καταδέχου
2703 984 2845 1038 κατὰ
2893 984 3104 1056 πατρός
3138 1001 3233 1037 σου
3264 985 3554 1056 λοιδορίαν,
3607 987 3744 1058 μηδὲ

2161 1073 2646 1144 προθυμοποιήσῃς
2681 1074 2770 1127 τὸν
2802 1071 3140 1142 ἀτιμάζοντα
3179 1073 3362 1138 αὑτὸν,
3400 1073 3488 1128 ἵνα
3539 1073 3615 1146 μὴ
3649 1076 3746 1146 ὀρ-

2158 1164 2320 1236 γισθῇ
2359 1167 2562 1234 Κύριος
2597 1166 2690 1218 ἐπὶ
2721 1169 2834 1228 τοῖς
2859 1164 3058 1239 ἔργοις
3094 1182 3211 1228 σου,
3254 1165 3348 1218 καὶ
3387 1164 3749 1239 ὲξολοθρεύσῃ

2161 1272 2221 1308 σε
2256 1257 2321 1310 ἐκ
2351 1257 2455 1326 γῆς
2487 1255 2725 1320 ζώντων.

2708 1437 2755 1490 Σ
2755 1436 2968 1503 χόλιον
2998 1436 3174 1492 ἄλλο.

2243 1527 2304 1581 '0
2334 1527 2580 1599 ὀρύσσων
2610 1517 2825 1598 ’βόθρον
2875 1526 2952 1598 τῷ
2986 1527 3238 1598 ’πλησίον
3291 1530 3612 1600 ἐμπεσεῖται
3665 1532 3748 1592 είς

2159 1618 2344 1681 αὐτὸν,
2378 1618 2470 1670 καὶ
2511 1620 2540 1672 ὁ
2592 1618 2753 1671 ἱστῶν
2801 1619 3002 1688 παγίδα
3055 1618 3135 1690 τῷ
3177 1619 3368 1674 ἑαυτοῦ
3419 1619 3746 1691 διδασκάλῳ,

2157 1709 2419 1782 δυσσεϐὴς
2447 1711 2476 1762 ὁ
2509 1709 2744 1772 τοιοῦτος
2781 1710 2875 1764 καὶ
2909 1711 3240 1780 παράνομος.
3273 1709 3435 1764 Ὅθεν
3467 1713 3561 1765 καὶ
3617 1727 3749 1780 συγ-

2163 1801 2492 1872 κατάκριτος
2531 1799 2683 1854 ἔσται
2729 1799 2807 1870 τῷ
2847 1800 2938 1853 τὸν
2973 1801 3266 1871 εὐεργέτην
3293 1801 3386 1854 καὶ
3428 1799 3748 1854 διδάσκαλον

476 1905 533 1953 et
585 1897 903 1967 magistrum
947 1914 1105 1955 suum
1150 1899 1204 1952 in
1243 1915 1438 1952 manus
1476 1896 1698 1951 tradidit
1749 1896 2053 1967 impiorum.

2170 1891 2573 1963 παραδεδωκότι
2603 1895 2684 1956 εἰς
2720 1893 2907 1964 χεῖρας
2936 1892 3173 1962 ἀνόμων.

481 2028 771 2037 —--—————-
780 2025 881 2034 _-——-

523 2028 771 2038 *-

1082 2084 1363 2139 GliAilLlS
1413 2084 1475 2140 V.

487 2213 560 2266 De
611 2226 862 2272 accurata
915 2227 964 2271 et
1015 2217 1223 2271 sincera
1284 2219 1609 2286 pcenilenlin,
1666 2220 1722 2271 in
1776 2234 1878 2287 qua
1940 2233 2064 2270 san-

551 2295 754 2338 ctorum
815 2298 863 2340 et
937 2289 1304 2356 pwnitentium
1376 2304 1585 2341 reorum
1644 2289 1750 2342 vita
1820 2287 2064 2358 [actaque

552 2358 932 2422 declarantur;
992 2367 1042 2411 et
1083 2359 1148 2413 de
1209 2374 1417 2412 carcere
1461 2359 1560 2430 (α).

552 2505 876 2562 Paenitentia
922 2515 1005 2562 est
1047 2508 1324 2564 revocatio
1372 2509 1734 2580 baptismatis.
1798 2509 2063 2565 Paeniten-

479 2599 555 2653 tia
607 2609 692 2652 est
745 2608 960 2668 pactum
1021 2614 1146 2654 cum
1202 2598 1312 2654 Deo
1351 2601 1542 2655 initum
1586 2604 1654 2657 de
1707 2603 1812 2656 vita
1873 2603 2059 2672 (priori

477 2689 865 2759 crnendanda),
919 2700 973 2745 et
1033 2692 1260 2746 meliore
1327 2693 1684 2748 instituenda.
1734 2693 2058 2749 Pmnitentia

477 2788 558 2833 est
605 2780 951 2848 procuratrix
1012 2780 1355 2836 humilitatis.
1418 2782 1746 2837 Pmnitentia
1802 2792 1887 2836 est
1935 2800 2058 2838 om-

479 2874 632 2926 nium
710 2876 1031 2942 gaudiorum
1113 2875 1361 2944 corporis
1431 2886 1689 2944 perpetua
1761 2875 2054 2930 abdicatio.

478 2963 803 3017 Paenitentia
857 2974 940 3020 est
1003 2965 1088 3020 sui
1136 2967 1307 3034 ipsius
1357 2967 1521 3034 jndcx
1553 3006 1567 3031 ,
1605 2975 1659 3020 et
1705 2982 1895 3021 secura
1973 2965 2058 3021 sui

478 3056 815 3122 ipsiuacura.
841 3055 1160 3110 l’mnitentia
1191 3067 1272 3110 est
1294 3057 1399 3109 lilia
1424 3057 1560 3124 spei,
1583 3068 1634 3109 ct
1661 3057 1946 3127 abnegatio
1968 3057 2058 3112 de-

475 3146 821 3212 sperationis.
839 3147 1119 3203 Poenitens
1139 3157 1221 3202 est
1241 3164 1366 3203 reus
1388 3150 1454 3203 ab
1476 3150 1625 3204 omni
1652 3149 1874 3203 infamia
1898 3150 2052 3204 liber.

477 3238 806 3293 l’uenitcnlia
848 3248 930 3294 est
960 3241 1330 3295 reconciliatio
1357 3258 1480 3296 cum
1531 3241 1640 3295 Dvo
1663 3257 1757 3312 per
1783 3243 2052 3296 bonorum

887 2017 3746 2046 Μ’*-

2336 2130 2364 2146 ,
2789 2085 3004 2136 ΛΟΓυΣ

2166 2225 2304 2296 Περὶ
2345 2225 2688 2296 *μετανοίας
2740 2225 3253 2296 μεμεριμνημένης
3295 2229 3395 2282 καὶ
3433 2227 3748 2296 ἐναργοῦς,

2233 2295 2309 2374 ἐζ
2332 2289 2370 2365 ᾗ
2401 2295 2662 2374 καὶ-βίος
2699 2289 2828 2348 τῶν(
2847 2289 3034 2364 ἁγίων
3059 2289 3394 2353 καταδίκων
3414 2315 3429 2330 ·
3475 2289 3596 2352 καί
3613 2289 3748 2368 περὶ

2236 2368 2348 2432 τῆς
2388 2368 2694 2432 φυλακῆς.

2234 2521 2508 2576 Μετάνοιά
2534 2523 2681 2575 ἐστιν
2714 2519 3010 2592 ἀνάκλησις
3029 2520 3422 2592 βαπτίσματος.
3447 2522 3744 2588 Μετάνοια,

2162 2612 2280 2668 ἐστὶ
2329 2612 2569 2683 συνθήκη
2615 2613 2749 2682 πρὸς
2793 2612 2926 2666 Θεὸν
2963 2611 3220 2684 δευτέρου
3286 2611 3422 2682 βίου.
3473 2614 3750 2670 Μετάνοιά

2162 2707 2280 2758 ἐστι
2313 2704 2696 2767 ταπεινώσεως
2727 2704 3056 2776 ἀγοραστής.
3093 2704 3372 2758 Μετάνοιά
3413 2707 3528 2759 ἐστι
3555 2722 3746 2778 σωμα-

2161 2794 2320 2863 τικῆς
2348 2792 2738 2862 κατακλήσεως
2788 2791 3042 2860 διηνεκὴς
3081 2792 3419 2847 ἀνελπιστία.
3472 2795 3748 2850 Μετάνοιά

2160 2884 2277 2936 ἐστι
2305 2881 2768 2951 αύτοματόκριτος
2800 2879 3081 2950 λογισμὸς,
3113 2882 3208 2934 καὶ
3241 2881 3543 2953 ἀμέριμνος
3573 2885 3740 2938 αύτο.

2163 2973 2423 3044 μέριμνος
2456 2972 2552 3043 (2).
2599 2971 2870 3024 Μετάνοιά
2913 2973 3029 3022 ἐστι
3077 2970 3322 3042 θυγάτηρ
3369 2973 3602 3038 ἐλπίδος,
3649 2975 3748 3028 καὶ

2159 3067 2384 3136 ἄρνησις
2459 3063 2822 3125 ἀνελπιστίας.
2877 3062 3168 3116 Μετανοῶν
3241 3063 3360 3116 ἐστι
3455 3065 3745 3130 κατάδικος

2160 3158 2610 3226 ἀκαταίσχυντος.
2641 3155 2916 3210 Μετάνοιά
2959 3157 3071 3208 ἐστι
3103 3154 3364 3226 διαλλαγὴ
3399 3157 3630 3228 Κυρίου,
3653 3159 3744 3212 διά

2157 3249 2258 3318 τῆς
2287 3247 2396 3300 τῶν
2421 3247 2678 3301 ἐναντίων
2709 3249 2820 3310 τοῖς
2847 3246 3186 3316 πταῖσμα-σιν
3211 3245 3428 3314 ἀγαθῶν
3460 3247 3740 3316 ἐργασίας.

477 3345 702 3397 operiun
749 3333 986 3398 peccatis
1009 3333 1406 3386 contrariorum
1431 3333 1898 3387 exercitationem.
1928 3331 2053 3388 Ρω-

2159 3339 2432 3396 Μετάνοιά
2491 3340 2608 3392 ἐστι
2671 3337 2970 3400 συνειδότος
3039 3337 3402 3408 καθαρισμὸς.
3469 3340 3744 3394 Μετάνοια

479 3421 708 3474 nitentia
733 3429 816 3474 est
844 3421 1194 3475 conscientiae
1227 3423 1555 3491 rcpurgatio.
1597 3419 1924 3476 Pmnitentia
1965 3430 2049 3477 est

475 3513 781 3566 voluntaria
808 3511 1052 3566 omnium
1072 3511 1416 3566 aﬂlictionum
1441 3514 1747 3568 tolerantia.
1773 3511 2048 3568 Pmnitens

475 3611 559 3656 est
594 3600 879 3670 (optimus)
917 3602 1315 3672 casrigandisui
1345 3603 1561 3658 artifex.
1609 3601 1934 3658 Poenitcntia
1965 3609 2050 3657 est

481 3690 637 3759 115
681 3705 845 3760 grave
877 3699 1202 3745 tormentum
1244 3693 1463 3758 ventris,
1508 3701 1562 3747 et
1603 3692 1800 3747 animae
1830 3693 1884 3746 in
1921 3691 2050 3746 forti

477 3795 640 3833 sensu
667 3779 995 3850 objurgatio.
1030 3779 1374 3845 Concurrite,
1403 3781 1644 3836 accedite
1667 3821 1682 3846 ,
1717 3783 1926 3848 adeste,
1953 3797 2051 3836 au-

476 3871 606 3927 oitc.
669 3871 947 3942 Exponam
975 3873 1129 3929 vobis
1155 3885 1425 3944 quotquor
1454 3873 1624 3929 Deum
1653 3874 1718 3930 ad
1755 3875 1892 3928 iram
1925 3891 2050 3944 pro-

477 3965 731 4030 ντηςθεῑίδ,
763 3965 936 4036 cogite
963 3973 1184 4030 cretum,
1214 3967 1388 4019 videte
1413 3977 1613 4036 quanta
1645 3965 1710 4020 ad
1740 3965 2048 4036 exemplum

449 4066 528 4117 ,ιι
568 4055 798 4110 salutem
843 4056 1075 4111 aliorum
1127 4054 1271 4111 Deus
1311 4058 1608 4111 ostenderit
1651 4057 1847 4110 animae
1894 4072 2048 4113 mea).

475 4149 644 4206 Porro
687 4149 1054 4203 narrationem
1081 4149 1148 4202 de
1181 4147 1426 4216 abjectis,
1457 4147 1883 4220 [ignominiosis,
1923 4163 2052 4203 con-

477 4239 714 4312 lmnplis]
737 4281 751 4305 ,
783 4239 876 4295 sed
907 4239 1054 4295 ornni
1084 4241 1246 4296 simul
1286 4241 1490 4296 honore
1521 4241 1764 4296 colendis
1787 4241 2050 4310 operariis

475 4333 675 4386 Christi
701 4347 1080 4400 praeponamus
1105 4372 1120 4396 ,
1164 4340 1217 4385 et
1247 4331 1475 4386 honoris
1508 4347 1674 4386 causa
1713 4333 1892 4402 primo
1931 4333 2052 4388 loco

476 4423 828 4478 collocemus.
873 4422 1210 4490 Audiamus,
1240 4423 1594 4478 observemus
1641 4431 1694 4474 et
1733 4421 2048 4488 imitemur,

477 4517 793 4585 quicunque
821 4531 916 4588 per
955 4513 1154 4574 finiam
1193 4515 1398 4584 peccati
1439 4515 1654 4568 ruinam
1686 4513 2046 4568 concidimus.

477 4607 766 4680 lii-surgite
815 4618 870 4664 et
924 4608 1207 4664 consistite
1263 4608 1577 4678 quicunque
1625 4621 1723 4677 per
1769 4616 2048 4678 peccatum

2158 3432 2407 3495 ἑκούσιος
2445 3431 2664 3485 πάντων
2691 3428 2800 3482 τῶν
2835 3428 3099 3500 θλιϐερῶν
3141 3429 3406 3500 ὑπομονὴ.
3451 3430 3742 3484 Μετανοῶν

2157 3525 2272 3577 ἐστι
2327 3523 2657 3594 δημιουργὸς
2709 3521 2924 3574 οἰκείων
2969 3521 3265 3574 κολάσεων.
3319 3521 3596 3575 Μετάνοιά
3627 3523 3742 3575 ἐστι

2158 3616 2338 3686 θλίψις
2363 3615 2600 3686 γαστρὺς
2634 3613 2851 3684 ἰσχυρά,
2879 3613 2975 3666 καὶ
3005 3612 3182 3684 ψυχῆς
3211 3612 3404 3682 πλῆξις
3447 3614 3504 3666 ὲν
3547 3613 3741 3685 αἰσθή-

2160 3729 2241 3766 σει
2269 3711 2524 3782 κραταιᾷ.
2563 3709 2927 3780 Συνδράμετε,
2953 3708 3049 3761 καὶ
3079 3707 3406 3780 προσέλθετε
3431 3750 3446 3776 ,
3471 3709 3625 3762 δεῦτε
3647 3711 3744 3763 καὶ

2159 3802 2443 3868 ἀκούσετε,
2479 3802 2572 3855 καὶ
2603 3800 2935 3872 διηγήσομαι
2961 3800 3090 3870 ὑμῖν
3124 3817 3138 3831 ·
3174 3799 3377 3862 πάντες
3403 3803 3451 3855 ei
3480 3789 3742 3868 τὸνὉεδν

2159 3886 2613 3966 παροργισαντες,
2649 3891 2973 3963 ἀθροίσθητε
3007 3891 3104 3946 καὶ
3129 3891 3291 3955 ἴδετε,
3340 3893 3442 3946 ὅσα
3477 3893 3615 3964 πρὸς
3661 3894 3741 3947 ol-

2159 3984 2395 4056 κοδομὴν
2444 3983 2692 4050 ὑπέδειξε
2753 3987 2822 4056 τῇ
2872 3983 3018 4055 ψυχῇ
3070 4000 3192 4054 μου.
3242 3982 3609 4055 Προτάξωμεν
3649 3983 3744 4038 καὶ

2161 4078 2592 4148 προτιμήσωμεν
2619 4076 2998 4146 τετιμημένων
3031 4075 3240 4146 ἀτίμων
3270 4075 3518 4147 ἐργατῶν
3546 4076 3742 4148 διήγη-

2161 4187 2266 4224 σιν.
2323 4169 2670 4240 Ἀκούσωμεν
2722 4169 2816 4222 καὶ
2873 4167 3216 4237 φυλάξωμεν,
3267 4168 3362 4220 καὶ
3402 4168 3738 4238 ποιήσωμεν,

2158 4264 2272 4314 ὅσοι
2302 4277 2354 4314 τι
2383 4260 2643 4330 ἀδόκιμον
2673 4259 2876 4329 πτῶμα
2905 4259 3279 4329 πεπόνθαμεν.
3323 4259 3618 4330 ’Λνάστητε
3647 4259 3740 4313 καὶ

2159 4353 2471 4420 καθίστατε,
2527 4353 2576 4406 oi
2630 4351 2718 4406 διὰ
2773 4351 2881 4406 τῶν
2955 4353 3268 4422 πτωμάτων
3332 4353 3734 4423 κατακείμενοι.

2160 4446 2480 4518 Προσέχετε,
2511 4443 2728 4514 ἀδελφοί
2759 4461 2860 4514 μου
2886 4484 2902 4507 ,
2941 4445 3116 4512 τούτῳ
3143 4443 3219 4514 τῷ
3253 4443 3397 4513 λόγῳ
3439 4461 3542 4514 μου
3564 4460 3578 4476 °
3624 4444 3737 4498 κλί-
3773 4508 3786 4526 .

2163 4557 2290 4594 νατε
2323 4540 2384 4594 τὸ
2417 4534 2510 4603 οὖς
2548 4539 2702 4609 ὑμῶν
2722 4541 2770 4592 οἱ
2799 4538 2890 4591 τὸν
2920 4537 3052 4591 Θεὸν
3078 4535 3244 4592 πάλιν
3269 4538 3480 4600 ἑαυτοῖς
3520 4535 3588 4590 δι’
3617 4537 3735 4589 ἐπι-

2162 4631 2399 4702 στροφῆς
2421 4629 2657 4700 ἀληθοῦς
2681 4627 2961 4692 διαλλάξαι
2987 4627 3316 4698 βουλόμενοι.
3341 4626 3605 4691 Ἀκούσας
3627 4625 3736 4695 ἐγὼ

477 4704 704 4774 col'apsi
728 4703 942 4774 jacetis.
973 4701 1274 4767 Attendite,
1303 4701 1496 4757 fratres
1523 4701 1626 4756 mei
1651 4742 1665 4768 ,
1691 4701 1853 4754 verba
1898 4715 2052 4766 mea;

2159 4724 2186 4776 ὁ
2211 4701 2446 4791 ἀσθενὴς
2489 4720 2732 4792 μεγάλην
2761 4719 2883 4774 τινὰ
2935 4718 3028 4772 καὶ
3065 4718 3222 4789 ξένην
3251 4713 3392 4772 εἶναι
3433 4718 3534 4790 τὴν
3568 4719 3736 4773 κατά-

477 4792 736 4848 incliuate
781 4808 972 4849 aurem
1018 4802 1276 4856 vestram,
1315 4793 1628 4864 quicunque
1674 4791 1840 4846 vultis
1887 4789 2052 4843 Deum

478 4887 632 4942 vobis
685 4901 781 4958 per
836 4887 962 4942 vita:
1015 4885 1452 4942 emendationem
1491 4884 1863 4940 reconciliare.
1916 4882 2053 4936 Cum

477 4978 860 5034 intellexissem
925 4993 1026 5050 ego
1070 4977 1354 5034 imbecillis
1391 4975 1556 5031 homo
1603 4991 1723 5030 esse
1762 4974 2055 5044 quamdam

477 5085 654 5126 raram
683 5079 737 5126 et
768 5070 1084 5124 inusitatam
1131 5067 1667 5138 abjectissimamque
1713 5066 1922 5120 vivendi
1967 5083 2056 5120 ra-

478 5165 682 5218 tionem
731 5164 1145 5234 quorumdam,
1193 5163 1286 5232 qui
1340 5161 1393 5214 in
1446 5159 1654 5229 privato
1699 5165 1753 5213 et
1807 5168 2055 5229 separato

477 5256 714 5326 quodam
786 5255 947 5321 loco,
996 5268 1157 5324 quem
1219 5267 1496 5308 carcerem
1543 5251 1771 5315 dicunt,
1810 5251 2052 5320 degunt;

477 5356 723 5427 subjecto
749 5367 928 5414 tamen
971 5354 1047 5410 illi
1080 5352 1236 5408 alta-ri
1271 5352 1416 5422 quod
1453 5366 1616 5420 supra
1649 5349 1863 5405 laudavi
1905 5347 2058 5426 [san-

477 5456 747 5531 ctissime,l
778 5457 1016 5513 siderum
1045 5455 1209 5511 sideri
1245 5451 1496 5509 coenobio
1515 5491 1528 5515 ,
1551 5459 1606 5506 et
1633 5450 1811 5506 adhuc
1833 5449 1904 5504 ibi
1941 5465 2059 5503 mo-

548 5633 596 5664 "
627 5632 788 5688 Num.
825 5649 935 5698 xvi,
974 5633 995 5687 ί
1031 5646 1183 5703 seqq.
1259 5631 1306 5663 ‘°
1349 5632 1513 5686 Eccli.
1552 5647 1722 5694 nvn,
1754 5630 1845 5686 29.

555 5807 630 5879 (ai
683 5805 856 5874 liuius
923 5809 1155 5879 separati
1232 5808 1666 5879 monasteriiqlit
1727 5805 1928 5879 mentio
1995 5807 2063 5879 ah

487 5873 526 5930 S
573 5873 916 5947 Hieronymo,
937 5873 1141 5948 pfrcfat.
1171 5880 1238 5933 ad
1270 5878 1529 5950 Regulam
1550 5877 1606 5934 S.
1633 5875 1936 5940 Paclromii,
1958 5876 2058 5932 ait-

2157 4830 2344 4866 στασιν
2391 4812 2486 4866 καὶ
2516 4813 2614 4882 τὴν
2643 4812 2971 4868 ταπείνωσιν
3000 4811 3110 4867 τῶν
3141 4813 3200 4866 ὲν
3227 4814 3292 4884 τῇ
3326 4815 3460 4884 μονῇ
3490 4813 3560 4883 τῇ
3605 4813 3734 4867 ἰδια-

2155 4905 2322 4976 ζούσῃ
2348 4909 2416 4976 τῇ
2444 4905 2713 4979 λεγομένῃ
2743 4904 2978 4977 φυλακῇ,
3011 4907 3080 4976 τῇ
3116 4904 3452 4978 ὑποκειμένῃ
3483 4903 3562 4976 τῷ
3601 4921 3736 4978 προ-

2157 5013 2263 5066 μνη
2273 4993 2581 5063 μονευθέντι
2601 4995 2847 5068 φωστῆρι
2864 4995 3057 5066 ἐκείνῳ
3077 4994 3186 5049 τῶν
3205 4996 3535 5068 φωστὴρων,
3555 4997 3733 5052 ἐκεῖσε

2159 5104 2260 5158 μου
2301 5086 2380 5140 ἔτι
2409 5086 2560 5150 ὄντος
2587 5085 2690 5158 [ἔτι
2722 5085 2845 5160 ὢν],
2875 5087 3134 5141 ἱκέτευσα
3158 5087 3250 5140 τὸν
3303 5087 3512 5142 δίκαιον
3554 5104 3734 5160 παρα-

2155 5179 2408 5249 γενέσθαι
2435 5195 2500 5249 με
2528 5180 2708 5232 ἐκεῖσε
2735 5196 2748 5210 ·
2784 5178 2878 5232 καὶ
2909 5179 2974 5251 δὴ
2998 5174 3139 5244 εἶξεν
3166 5181 3194 5232 ὁ
3220 5179 3417 5249 μέγας,
3448 5178 3570 5252 μηδ’
3601 5181 3736 5242 ὅλως

2158 5272 2290 5324 ποτὲ
2319 5269 2494 5342 ψυχὴν
2523 5269 2764 5339 λυπῆσαι
2793 5267 2982 5324 θέλων.
3017 5269 3470 5341 Παραγενόμενος
3507 5265 3600 5325 οὖν
3625 5269 3735 5340 ἐγὼ

2160 5364 2251 5416 ἐπὶ
2283 5365 2350 5434 τῇ
2383 5361 2491 5415 τῶν
2525 5359 2930 5432 μετανοούντων
2963 5362 3122 5432 μονῇ,
3151 5358 3244 5413 καὶ
3276 5359 3444 5430 ὄντως
3476 5359 3732 5414 πενθούν-

2159 5473 2266 5511 των
2288 5453 2462 5525 χώρᾳ,
2503 5451 2724 5524 ἑώρακα
2753 5449 2992 5523 ἀληθῶς,
3026 5451 3077 5504 ei
3111 5450 3190 5521 μὴ
3219 5448 3494 5524 τολμηρὸν
3539 5452 3732 5517 εἰπεῖν,

2171 5825 2304 5936 ilic
2331 5811 2784 5938 λ’ὶῗῗιυῗιξθὲἒωπ
2800 5807 3728 5950 τάῗ¹¹ἕεῖ³¹ἓζ¹έεν⁰ιῗίθέδδλ¹⁰⁸²¹¹⁰⁸³¹¹¹’

2465 5901 2480 5936 t
2650 5909 2666 5932 ι
2709 5898 2736 5936 Ζ
2789 5898 2820 5936 ll
3143 5919 3156 5934 .
3233 5922 3244 5935 .
3393 5921 3408 5936 .

2465 5898 2592 5936 dum
2627 5898 2878 5936 t-azmnm
2908 5898 2974 5936 an
3001 5898 3156 5936 ωδε.
3193 5898 3244 5936 υ.
3281 5898 3408 5936 οοο.
