4110 6416
372 395 485 459 765

369 506 416 558 ἃ
446 505 520 568 ,μς
550 503 741 573 ἔτυχεν
785 502 1062 571 όφθαλμὶς
1094 501 1380 572 ἀνθρώπου
1415 501 1649 569 άμελοῦς
1688 503 1787 555 οὐκ
1830 500 1956 566 εἶδε,

370 597 473 649 καὶ
494 593 585 658 οὖς
611 595 854 666 ῥᾳθύμου
878 596 938 646 ού
965 594 1201 662 δέχεται,
1232 595 1325 645 καὶ
1349 595 1439 645 ἐπὶ
1471 594 1697 662 καρδίαν
1724 595 1957 666 όκνηροῦ

366 688 477 739 οὐκ
511 687 678 757 ἀνεὸη
704 703 717 717 ·
768 686 1072 757 πράγματα
1112 685 1207 738 καὶ
1255 686 1476 755 ῥήματα
1510 685 1601 738 τὸν
1632 686 1765 739 Θεὸν
1803 688 1961 742 δυνά-

371 794 518 846 μενα
552 776 842 848 βιάσασθαι
868 817 885 843 ,
914 775 1326 845 ἐπιτηδεύματά
1358 792 1416 829 τε
1451 776 1546 828 καὶ
1571 779 1829 848 σχήματα
1858 779 1958 848 τὴν

366 864 540 918 αὑτοῦ
566 864 977 935 φιλανθρωπίαν
998 865 1279 934 συντόμως
1309 866 1791 935 κατακάμπτοντα.
1818 869 1959 931 Τοὺς

367 956 475 1024 μὲν
498 954 609 1007 τῶν
632 952 948 1006 ὑπευθύνων
978 953 1207 1007 ἐκείνων
1243 954 1352 1008 τῶν
1384 955 1691 1010 ἀνευθύνων
1722 960 1959 1029 παννυχὶ

367 1047 537 1115 μβχρι
560 1045 774 1113 πρωῖας
798 1042 1120 1113 ἱσταμένους
1158 1045 1423 1117 αίθρίους,
1465 1047 1591 1110 τοὺς
1630 1048 1795 1111 πόδας
1835 1051 1960 1103 ἀκι-

362 1138 566 1206 νήτους
607 1135 851 1207 ἔχοντας,
895 1136 990 1189 καὶ
1017 1135 1097 1207 τῷ
1129 1136 1285 1207 ὕπνῳ
1321 1138 1569 1202 ἐλεεινῶς
1597 1140 1958 1194 κατακλονου-

365 1228 570 1296 μένους
596 1226 1100 1300 [κατακλωμένους]
1132 1231 1197 1299 τῇ
1229 1228 1319 1300 βία
1358 1229 1560 1300 ταύτης
1590 1232 1689 1300 τῆς
1718 1230 1952 1300 φύσεως,

364 1318 464 1371 καὶ
503 1318 772 1389 μηδεμίαν
803 1319 1113 1373 ἀνάπαυσιν
1146 1321 1329 1384 αὐτοῖς
1374 1322 1765 1393 χαριζομένους
1789 1338 1801 1351 ·
1839 1323 1956 1376 ἀλλ’

360 1410 595 1473 ἑαυτοὺς
647 1410 1082 1481 ἐπιπλήσσοντας
1113 1411 1208 1465 καὶ
1235 1412 1483 1483 ἀτιμίαις
1513 1415 1606 1467 καὶ
1639 1413 1829 1484 ὕϐρεσι
1880 1413 1957 1467 δι-

359 1499 693 1566 υπνίζοντας
715 1518 730 1532 ·
758 1501 951 1565 ἄλλους
978 1503 1059 1565 είς
1085 1503 1313 1574 οὐρανὸν
1344 1504 1707 1569 ἀτενίζοντας,
1734 1507 1827 1560 καὶ
1852 1508 1952 1577 τὴν

359 1595 579 1645 ἐκεῖθεν
613 1592 867 1663 βοήθειαν
903 1591 1022 1664 μετ’
1058 1593 1305 1663 ὀδυρμῶν
1337 1596 1431 1648 καὶ
1478 1596 1616 1665 βοῶν
1660 1597 1953 1650 ἐπικαλου·

365 1683 564 1752 μένους
594 1700 606 1713 ·
640 1685 859 1756 ἑτέρους
906 1687 964 1737 ὲν
1157 1690 1432 1758 προσευχῇ
1486 1690 1949 1760 παρισταμένους,

364 1776 465 1827 καὶ
491 1773 713 1827 ὄπισθεν
740 1774 950 1828 ἑαυτῶν
973 1775 1277 1829 καταδίκων
1307 1775 1461 1847 δίκην
1487 1778 1587 1841 τὰς
1611 1782 1798 1850 χεῖρας
1823 1797 1950 1832 συν-

1416 397 1645 455 SCALA
1677 397 2056 456 PARADISI.
2090 424 2158 434 -
2186 402 2493 464 GRADUS
2529 404 2597 465 γ.

3550 408 3653 472 766

1994 520 2033 568 Α
2067 525 2235 575 rarer,
2261 510 2446 581 rogavi
2473 520 2728 567 sanctum
2754 510 2905 564 illum
2939 512 3222 581 praesidem
3255 515 3334 569 uti
3366 514 3498 569 mihi
3524 516 3652 571 lice-

2065 611 2149 654 ret
2198 602 2381 655 sedem
2427 602 2573 654 illam
2613 616 2798 655 coram
2845 601 3134 670 inspicere.
3169 602 3352 659 Cessit
3394 608 3652 674 precibus

2064 693 2201 748 meis
2237 693 2324 746 ille
2356 692 2590 763 inclytus
2618 694 2852 748 eoenobii
2885 695 3137 761 antistes,
3173 696 3317 764 quod
3352 696 3521 751 nollet
3563 713 3651 752 me

2064 783 2173 837 ulla
2224 783 2437 837 ratione
2470 782 2759 839 oﬂensum.
2793 785 2932 840 Cum
2979 801 3111 857 ergo
3157 787 3224 840 ad
3271 787 3450 842 locum
3486 789 3644 843 illum

2061 875 2440 944 poenitentium
2473 917 2488 941 ,
2545 877 2657 932 imo
2704 893 2835 932 vero
2884 878 2952 933 ad
3004 880 3281 949 regionem
3336 880 3645 948 lugentium

2062 967 2358 1032 (carcerem
2403 970 2674 1039 inquam)
2725 972 2999 1026 venissem
3029 972 3140 1041 (ὑ),
3195 972 3299 1025 vidi
3341 988 3564 1033 revera.
3598 976 3642 1027 si

2060 1057 2144 1114 l‘as
2175 1060 2357 1115 dicere
2378 1098 2394 1123 ,
2442 1076 2565 1130 qua:
2588 1104 2603 1129 ,
2636 1062 2716 1116 uti
2756 1063 2932 1125 solet,
2968 1062 3201 1116 hominis
3235 1062 3414 1131 ignavi
3450 1065 3643 1118 oculus

2058 1166 2167 1206 non
2197 1153 2368 1213 vidit,
2407 1162 2461 1207 et
2488 1153 2679 1209 inertis
2712 1169 2873 1209 aures
2904 1168 3012 1208 non
3041 1155 3369 1220 audierunt,
3411 1171 3641 1224 quisque

2058 1243 2113 1295 in
2149 1258 2244 1297 cor
2282 1244 2419 1314 pigri
2453 1259 2559 1296 non
2595 1245 3015 1307 ascenderuntp
3042 1243 3184 1297 facta
3210 1286 3225 1309 ,
3271 1246 3490 1314 inquam
3522 1284 3538 1305 .
3585 1257 3640 1300 et

2058 1336 2223 1389 verba
2254 1351 2373 1405 qua:
2417 1334 2527 1389 Deo
2558 1336 2962 1405 quodammodo
3002 1336 3211 1404 possint
3246 1337 3353 1388 vim
3399 1337 3633 1402 inferre;

2055 1426 2239 1481 studia
2269 1437 2323 1481 et
2356 1428 2573 1481 habitus
2604 1442 2724 1495 qua:
2752 1427 3092 1480 ciententiam
3128 1427 3297 1494 ipsius
3325 1427 3506 1480 statim
3554 1428 3638 1480 in-

2053 1518 2292 1574 ﬂectunt.
2330 1518 2447 1572 Vidi
2486 1520 2646 1589 116
2680 1518 2943 1588 quosdam
2985 1532 3052 1571 ex
3099 1517 3482 1571 innocentibus
3527 1519 3635 1572 illis

2054 1613 2163 1667 reis
2209 1620 2354 1665 tetas
2399 1620 2584 1666 noctes
2618 1612 2682 1663 ad
2721 1625 2893 1679 usque
2938 1625 3099 1663 mane
3135 1610 3238 1663 sub
3271 1611 3362 1663 dio
3393 1611 3635 1663 immotis

2054 1702 2284 1771 pedibus
2310 1710 2514 1755 stantes
2536 1742 2549 1763 ,
2581 1710 2634 1753 et
2661 1700 3047 1769 miserabiliger
3074 1714 3198 1752 cum
3231 1713 3425 1753 somno
3449 1707 3502 1751 et
3534 1714 3631 1752 na-

2054 1805 2176 1847 tura
2211 1793 2502 1856 luctantes,
2530 1792 2687 1859 vique
2722 1791 2883 1859 hujus
2916 1806 3049 1860 pene
3079 1789 3281 1844 fractos
3304 1834 3317 1856 ,
3351 1791 3479 1843 dum
3515 1790 3635 1842 nul-

360 1864 656 1934 δήσαντας,
683 1866 760 1927 εἰς
782 1865 887 1935 γῆν
918 1882 977 1918 τε
1025 1865 1085 1917 τὸ
1121 1866 1394 1919 σκοτεινὸν
1435 1866 1616 1921 αὐτῶν
1656 1869 1949 1939 πρόςωπον

2055 1887 2160 1941 lam
2193 1884 2295 1940 sibi
2328 1885 2542 1953 penitus
2573 1884 2807 1951 quit-tun
2856 1882 3193 1949 indulgercnt
3216 1922 3230 1944 ,
3274 1882 3383 1934 inm
3417 1882 3627 1948 seipsos

363 1954 676 2018 κλίναντας,
738 1956 832 2008 καὶ
875 1954 1125 2019 ἀναξίους
1153 1958 1378 2020 ἑαυτοὺς
1431 1958 1531 2027 τῆς
1589 1959 1668 2022 είς
1720 1960 1949 2030 οὐρανὸν

364 2044 717 2114 ἀναϐλέψειας
791 2045 1300 2110 καταδικάσαντας,
1362 2048 1497 2118 μηδέ
1551 2064 1602 2101 τι
1662 2052 1854 2114 εἰπεῖν,
1912 2052 1946 2124 ἢ

361 2135 724 2204 φθέγξασθαι,
756 2135 789 2208 ἢ
818 2135 1076 2201 εῦξασθαι
1110 2138 1244 2207 πρὸς
1283 2138 1436 2200 Θεὸν,
1470 2139 1571 2191 ὑπ’)
1608 2140 1707 2209 τῆς
1732 2141 1840 2193 τῶν
1869 2142 1948 2195 λο-

361 2227 580 2297 γισμῶν
640 2229 733 2280 καὶ
775 2227 871 2281 τοῦ
924 2228 1223 2292 συνειδότος
1284 2230 1505 2299 ἀτιμίας
1558 2231 1945 2301 εὐποροῦντας,

363 2318 503 2387 μηδὲ
542 2317 715 2388 πῶςῆ
750 2316 911 2370 πόθεν
939 2318 1036 2387 τὴν
1067 2319 1273 2370 ἱκεσίαν
1297 2318 1628 2389 ποιήσασθαι
1663 2320 1947 2390 εὑρίσκον-

358 2425 482 2471 τας,
521 2408 690 2477 μόνην
731 2408 805 2479 (4)
845 2407 1025 2477 ψυχὴν
1057 2406 1269 2475 άλογον,
1303 2410 1396 2460 καὶ
1439 2408 1564 2461 νοῦν
1610 2409 1823 2477 ἄρωνον
1868 2410 1947 2481 τῷ

357 2499 481 2570 θεῷ
514 2500 916 2570 παριστῶντας,
950 2499 1166 2563 σκοτίας
1196 2500 1680 2570 πεπληρωμένους,
1728 2504 1821 2554 καὶ
1854 2502 1945 2572 ψι-

355 2591 456 2660 λῆς
498 2589 863 2658 ἀπογνώσεως
891 2606 905 2621 ο
936 2589 1131 2654 ἄλλους
1170 2592 1227 2643 ὲν
1395 2592 1578 2661 tati-ps:
1609 2593 1701 2645 ἐπὶ
1738 2595 1944 2647 σάκκου

355 2691 455 2741 καὶ
488 2687 684 2741 σποδοῦ
716 2685 1081 2757 καθημένους,
1108 2687 1201 2739 καὶ
1223 2686 1282 2738 τὸ
1309 2686 1598 2756 πρόσωπον
1622 2689 1731 2749 τοῖς
1755 2688 1947 2755 γόνασι

353 2780 755 2843 καλύπτοντας,
816 2781 912 2833 καὶ
961 2781 1022 2832 τὸ
1048 2780 1298 2850 μέτωπον
1331 2782 1408 2840 εἰς
1445 2780 1545 2848 γῆν
1595 2779 1896 2844 τύπτοντας
1928 2798 1942 2811 ⁸

354 2874 585 2942 ἑτέρους
640 2871 702 2923 τὸ
762 2871 958 2941 στῆθος
1004 2870 1295 2933 διαπαντὸς
1350 2873 1673 2937 τύπτοντας,
1718 2874 1811 2924 καὶ
1848 2873 1945 2943 τὴν

354 2956 569 3018 ἑαυτῶν
596 2963 670 3034 (ὸ)
698 2965 872 3035 ψυχὴν
899 2965 992 3017 καὶ
1020 2963 1164 3035 ζωὴν
1204 2963 1700 3031 ἀνακαλουμένους.
1749 2966 1810 3015 ΟΞ
1845 2964 1944 3033 μὲν

355 3059 416 3108 ἐν
448 3056 675 3119 ἐκείνοις
693 3057 753 3108 τὸ
785 3055 1102 3124 ἕδαφοςτοῖς
1118 3056 1377 3125 δάκρυσιν
1400 3054 1619 3125 ἔΰρεχον
1638 3071 1650 3084 ·
1674 3055 1723 3106 οἱ
1764 3054 1818 3106 δὲ
1848 3054 1944 3106 δα·

357 3147 548 3216 κρύων
594 3145 925 3218 ἀποροῦντες
975 3146 1201 3208 ἑαυτοὺς
1230 3146 1566 3198 κατέκοπτον
1594 3146 1694 3215 (α).
1738 3145 1802 3197 υἱ
1846 3145 1944 3214 μὲν

355 3238 435 3300 ὡς
475 3236 570 3289 ἐπὶ
609 3239 731 3299 ταῖς
775 3236 984 3289 ἑαυτῶν
1010 3236 1209 3306 ψυχαῖς
1250 3234 1536 3299 ὠλόλυζον,
1567 3235 1666 3303 τὴν
1717 3235 1945 3306 συνοχὴν

356 3330 460 3397 τῆς
494 3327 719 3397 καρδίας
755 3327 942 3398 φέρειν
970 3326 1045 3398 μὴ
1087 3327 1359 3396 ἰσχύοντες
1382 3341 1395 3353 ·
1426 3327 1476 3379 οἱ
1508 3326 1564 3379 δὲ
1595 3330 1663 3396 τῇ
1703 3328 1778 3396 (6)
1806 3344 1947 3397 καρ-

356 3419 449 3489 δία
481 3419 727 3491 ἔϐρυχον,
777 3421 870 3472 καὶ
900 3418 978 3489 τῷ
1009 3420 1239 3489 στόματι
1269 3419 1364 3471 τὸν
1390 3418 1484 3472 τοῦ
1519 3417 1756 3489 ὀδυρμοῦ
1777 3418 1947 3489 ψόφον

356 3511 672 3566 διεκώλυον.
718 3512 877 3566 Ἔστι
920 3511 976 3564 δὲ
1024 3512 1112 3565 ὅτε
1168 3510 1363 3581 μηκέτι
1403 3513 1625 3582 κρατεῖν
1673 3509 1949 3581 ἰσχύοντες

360 3601 646 3670 αἰφνιδίως
679 3600 1000 3674 ἀνέκραζον.
1040 3595 1201 3653 Εἶδον
1247 3599 1358 3669 ἐγὼ
1404 3602 1520 3652 ἐκεῖ
1562 3616 1716 3664 τινας
1755 3600 1945 3671 ῶσπερ

358 3693 572 3747 ἑαυτῶν
618 3691 978 3762 ἑξεστηκότας
1031 3690 1110 3762 τῷ
1159 3690 1279 3762 ἤθει
1327 3690 1421 3744 κα)⁸
1469 3692 1535 3761 τῇ
1586 3691 1803 3762 συννοίᾳ
1856 3693 1946 3745 ὲν·

358 3784 519 3849 νεούς
570 3800 726 3848 τινας
775 3785 842 3856 τῇ
896 3782 1064 3855 πολλῇ
1120 3783 1389 3855 ἀδημονίᾳ
1447 3783 1744 3852 γεγονότας
1792 3782 1948 3846 ὅλους

359 3876 808 3948 ὲσκοτισμένους,
856 3875 951 3930 καὶ
978 3874 1169 3946 ὥσπερ
1199 3874 1558 3946 ἀναισθήτους
1600 3875 1735 3947 πρὸς
1768 3876 1948 3929 πάντα

360 3971 565 4045 [καὶτὰ
602 3971 694 4025 τοῦ
730 3971 846 4042 βίου
880 3971 1267 4042 τυγχάνοντας,
1309 3970 1386 4041 τῷ
1419 3968 1501 4023 νοῒ
1548 3970 1732 4024 λοιπὸν
1772 3972 1831 4025 ὲν
1880 3972 1947 4040 τῇ

358 4065 590 4136 ἀσύσσῳ
638 4065 737 4136 τῆς
782 4064 1165 4129 ταπεινώσεως
1222 4063 1671 4129 καταδύσαντας,
1722 4064 1818 4116 καὶ
1870 4062 1950 4134 τῷ

360 4159 497 4230 πυρὶ
527 4158 626 4229 τῆς
654 4156 896 4228 ἀθυμίας
923 4157 994 4211 τὰ
1020 4157 1130 4211 τῶν
1169 4155 1465 4227 ὀφθαλμῶν
1492 4155 1705 4227 δάκρυα
1736 4158 1948 4228 ἀποτη-

356 4249 728 4320 γανίσαντας⁶
762 4249 953 4313 ἄλλους
982 4248 1329 4321 καθημένους
1364 4247 1587 4311 σύννους
1618 4248 1699 4309 είς
1731 4249 1835 4317 γῆν
1862 4263 1949 4299 νε-

358 4342 659 4410 νευκότας,
735 4342 831 4396 καὶ
863 4341 974 4414 τὴν
1033 4340 1241 4394 ἑαυτῶν
1290 4338 1531 4411 κεφαλὴν
1585 4337 1947 4401 ἀδιαλείπτως

358 4432 673 4497 κινοῦντας,
701 4434 795 4486 καὶ
826 4432 983 4504 δίκην
1028 4430 1263 4485 λεόντων
1311 4431 1541 4503 καρδίας
1603 4429 1698 4484 καὶ
1743 4429 1949 4500 ὀνύχων

2053 1974 2291 2047 graviter
2324 1973 2503 2026 adhuc
2533 1970 2885 2039 objurgarent
2910 2009 2923 2032 ,
2960 1981 3013 2023 et
3039 1971 3292 2024 convitiis
3325 1971 3547 2039 insuper
3576 1981 3631 2024 et

2051 2063 2398 2121 contumeliis
2425 2061 2748 2115 excitarent.
2800 2059 2947 2113 Alios
2985 2060 3184 2114 cmlum
3232 2061 3502 2114 intuentes
3526 2102 3541 2127 ,
3576 2072 3633 2115 et

2052 2154 2203 2208 illinc
2233 2166 2392 2221 opem
2421 2164 2547 2202 cum
2582 2148 2915 2201 lamentabili
2948 2162 3079 2201 voce
3100 2150 3410 2217 gemituque
3432 2151 3631 2218 implo-

2052 2254 2261 2299 rantes.
2306 2243 2457 2296 Alios
2492 2243 2617 2296 item
2650 2242 2741 2310 qui
2782 2242 2832 2294 in
2872 2242 3123 2310 precibus
3164 2243 3629 2310 perseverabant,

2050 2353 2246 2393 manus
2278 2345 2399 2405 post
2443 2344 2590 2405 terga
2616 2335 3004 2388 sceleratorum
3045 2333 3151 2386 ritu
3186 2332 3413 2387 revincti
3448 2335 3629 2389 vultus

2050 2431 2158 2482 alto
2203 2442 2438 2481 interere
2482 2424 2740 2479 confusos
2794 2423 2943 2476 lmmi
2976 2422 3280 2492 deﬁgebant
3305 2464 3320 2487 ,
3355 2431 3412 2475 ut
3444 2422 3535 2491 qui
3568 2437 3629 2476 se

2049 2519 2303 2587 indignos
2331 2516 2637 2585 judicarent
2658 2515 2748 2582 qui
2776 2515 2971 2567 coelum
2999 2515 3350 2582 respicerent,
3380 2511 3512 2565 nihil
3538 2525 3630 2564 au-

2048 2625 2140 2663 sos
2174 2609 2348 2677 loqui,
2394 2605 2660 2660 necillam
2709 2620 2894 2659 vocem
2945 2606 3196 2668 mittere,
3249 2618 3347 2656 nec
3378 2602 3628 2671 precari,

2052 2699 2289 2753 Deumre
2312 2712 2421 2767 pra:
2447 2696 2838 2765 cogitationum
2874 2694 3034 2747 turba
3067 2702 3122 2747 et
3157 2691 3501 2746 conscientiae
3529 2699 3631 2746 tre-

2047 2793 2323 2864 pidatione
2351 2800 2404 2844 et
2434 2790 2728 2859 ignominia
2753 2788 3046 2857 appellare,
3085 2802 3192 2842 non
3218 2786 3478 2841 habentes
3503 2786 3630 2855 quid

2046 2895 2101 2940 et
2126 2885 2402 2954 quomodo
2428 2882 2706 2943 dicerent,
2742 2880 2994 2948 undeque
3029 2894 3247 2948 precum
3272 2879 3494 2932 exordia
3528 2879 3632 2931 du-

2046 2985 2253 3039 cerent,
2288 2974 2380 3027 sed
2425 2974 2596 3027 solam
2637 2973 2873 3025 animam
2914 2973 3125 3025 ratione
3146 2971 3430 3026 confusam
3479 2986 3633 3024 men-

2049 3072 2268 3132 temque
2293 3061 2436 3126 Deo,
2472 3062 2616 3131 pleni
2665 3062 2903 3116 tenebris
2931 3069 2986 3115 et
3019 3061 3202 3116 subtili
3239 3061 3394 3130 quasi
3432 3062 3629 3129 despe-

2047 3154 2259 3207 ratione
2286 3152 2462 3206 allecti
2484 3192 2499 3218 ,
2534 3159 3002 3220 repraesentantes.
3036 3150 3311 3205 Sedebant
3339 3152 3430 3205 alii
3474 3152 3628 3204 bumi
3660 3204 3665 3210 ,

2049 3246 2103 3299 in
2137 3246 2445 3314 pavimento
2474 3258 2639 3313 super
2662 3243 2899 3297 cinerem
2933 3252 2989 3298 et
3015 3258 3256 3310 saccum,
3288 3244 3631 3314 genibusque

2050 3339 2260 3393 vultum
2292 3337 2580 3408 tegebant,
2618 3336 2888 3392 frontibus
2921 3337 3153 3391 humum
3190 3338 3446 3392 ferientes
3480 3356 3494 3392 :
3537 3336 3633 3391 alii

2051 3430 2272 3485 assidue
2314 3435 2505 3496 pectus
2540 3426 2844 3480 tundebant
2865 3468 2879 3493 ,
2921 3427 3120 3481 anima:
3143 3442 3259 3481 suae
3284 3436 3485 3482 statum
3517 3427 3634 3497 pri-

2050 3536 2200 3576 mutn
2231 3520 2505 3589 vitamque
2534 3520 2859 3590 praeteritam
2902 3521 3105 3590 (quam
3138 3533 3263 3573 cum
3291 3519 3493 3573 virtute
3519 3527 3636 3574 tra-

2051 3608 2357 3683 duxerant)
2393 3618 2732 3666 revocantes.
2761 3610 2841 3664 Ex
2871 3610 2957 3665 bis
2985 3624 3117 3681 ergo
3142 3609 3235 3664 alii
3262 3604 3635 3680 pavimentum

2050 3701 2309 3771 lacrymis
2341 3700 2682 3756 iuundabant
2706 3738 2722 3763 ,
2763 3700 2854 3754 alii
2886 3700 3249 3771 lacrymarum
3285 3699 3435 3754 fonte
3465 3698 3637 3755 desti-

2053 3794 2152 3848 tuti
2185 3806 2243 3846 se
2271 3791 2420 3861 ipsos
2447 3791 2881 3846 diverberabaut.
2914 3791 3019 3845 Alii
3052 3801 3307 3862 tanquam
3367 3791 3526 3862 117
3577 3794 3633 3846 in

2052 3883 2242 3938 funere
2280 3882 2493 3938 animas
2523 3898 2653 3938 suas
2682 3882 3143 3949 lamentabantur,
3174 3898 3276 3938 nec
3308 3881 3636 3950 magnitudi-

2051 3991 2173 4030 nem
2207 3975 2415 4030 doloris
2458 3985 2677 4045 pectore
2716 3982 2967 4043 poterant
3006 3975 3307 4029 continere.
3348 3973 3451 4025 Alii
3484 3973 3634 4028 intus

2053 4065 2302 4137 (leonum
2342 4065 2555 4137 instar)
2609 4066 2892 4135 rugiebaut
2940 4075 2995 4119 et
3045 4066 3237 4134 spiritu
3289 4064 3633 4128 fremebant,

2052 4157 2147 4213 sed
2199 4157 2413 4211 interim
2462 4158 2746 4227 Strepitum
2799 4156 3163 4211 lamentorum
3219 4155 3633 4225 reprimebant,

2051 4250 2302 4321 quamvis
2354 4249 2465 4303 vim
2507 4250 2711 4305 doloris
2751 4264 3148 4317 nonnunquam
3188 4263 3297 4302 non
3359 4246 3637 4318 potuerint

2054 4342 2324 4398 sustinere
2348 4384 2364 4409 ,
2400 4342 2494 4397 sed
2532 4352 2754 4412 repente
2785 4341 2839 4394 in
2878 4350 3092 4410 apertos
3131 4340 3398 4394 clamores
3440 4352 3635 4406 erupe-

2054 4432 2184 4486 rint.
2223 4432 2474 4502 Spectavi
2515 4447 2615 4503 ego
2660 4431 2734 4486 ibi
2765 4429 3034 4501 quosdam
3066 4445 3133 4486 eo
3161 4431 3409 4500 corporis
3443 4429 3636 4489 habitu

360 4522 665 4597 ίὲγκάτων]
719 4523 1020 4595 βρύχοντας
1081 4524 1176 4578 καὶ
1240 4524 1547 4585 στένοντας.
1622 4523 1685 4575 Ol
1742 4523 1849 4599 pta
1891 4524 1949 4576 ὲν

2052 4539 2119 4579 ac
2151 4524 2254 4580 sibi
2288 4525 2357 4578 ab
2385 4540 2444 4579 se
2473 4525 2605 4595 ipsis
2635 4522 3020 4591 excessissent,
3053 4531 3107 4578 et
3133 4522 3244 4577 alto
3281 4535 3517 4577 maerore
3540 4520 3637 4575 de-

356 4617 594 4680 ἐκείνοις
623 4617 819 4685 ἄφεσιν
870 4615 1205 4679 εύελπίστως
1241 4616 1479 4686 παντελῆ
1512 4613 1813 4685 ἐπεζήτουν
1851 4616 1946 4669 καὶ

356 4707 629 4781 ηὔχοντο·
670 4709 849 4781 ἕτεροι
876 4707 1130 4775 ἀναξίους
1187 4710 1412 4773 ἑαυτοὺς
1441 4710 1540 4779 τῆς
1592 4709 1837 4778 ἀφέσεως
1883 4709 1947 4763 ἐκ

354 4802 751 4865 ταπεινώσεως
805 4804 1013 4872 ἀφάτου
1064 4802 1440 4871 κατεδίκαςον,
1479 4803 1574 4858 καὶ
1621 4805 1699 4874 μὴ
1744 4802 1948 4873 ἰσχύειν

352 4894 811 4965 ἀπολογήσασθαι
855 4894 936 4966 τῷ
980 4895 1100 4967 Θεῷ
1148 4895 1471 4970 ἀνέκραζον.
1528 4897 1685 4961 Τινὲς
1736 4897 1835 4968 μὲν
1866 4898 1950 4950 ὲν-

355 4986 546 5041 ταῦθα
577 4986 929 5059 κολασθῆναι,
971 4988 1135 5042 κάκεῖ
1185 4987 1471 5061 ἐλεηθῆναι
1504 4988 1818 5043 ὲδυσὼπουν
1859 4989 1953 5042 τὸν

359 5077 612 5150 Κύριονο
660 5079 839 5151 ἱτεροι
869 5080 1317 5153 συντετριμμένοι
1350 5080 1456 5135 ὑπὸ
1481 5079 1577 5135 τοῦ
1613 5080 1816 5153 βάρους
1855 5080 1951 5136 τοῦ

442 5233 522 5306 (ιι)
546 5232 687 5306 Male
737 5236 1019 5291 transtulit
1063 5235 1213 5292 hunc
1247 5236 1426 5292 locum
1480 5235 1940 5301 Camaldulensis,

357 5305 589 5374 quando
638 5305 725 5359 illa
767 5308 930 5360 verba
960 5306 1183 5362 Climaci
1234 5306 1462 5370 ἑαυτοὺς
1511 5307 1739 5361 ἔκοπτον
1774 5308 1944 5361 inter-

363 5384 617 5444 pretatus
639 5384 724 5430 est
761 5393 775 5429 :
810 5375 1024 5444 Seier
1060 5378 1433 5432 miserabiliter
1476 5377 1945 5442 lamentabantur;

362 5447 568 5500 melius
590 5455 745 5519 vetus
772 5447 1049 5519 interpres
1075 5466 1087 5500 :
1132 5447 1342 5519 Seipsos
1373 5448 1672 5519 disciplinis
1702 5448 1946 5519 verbera-

360 5519 522 5584 bant,
559 5516 634 5569 uti
665 5527 720 5570 et
752 5531 856 5572 nos
885 5516 1324 5584 diverberaba'ut;
1360 5532 1484 5571 nam
1512 5516 1725 5571 κόπτω
1758 5529 1812 5572 et
1841 5517 1951 5571 δια-

361 5583 1053 5658 κόπτω-ηυηιιιιιιιιινιιιοι,
1098 5589 1240 5657 quod
1297 5589 1565 5658 lamentor
1614 5588 1695 5642 vel
1730 5586 1944 5658 plango,

361 5653 466 5727 sed
523 5653 902 5727 κόπτομαι,τδ
951 5653 1132 5727 μέσον
1171 5658 1378 5720 κόπτω,
1432 5657 1656 5727 verbum
1684 5653 1945 5727 medium

361 5723 668 5797 aliquando
699 5723 847 5797 illam
875 5723 985 5782 vim
1014 5727 1195 5787 habet.
1238 5737 1296 5783 ut
1324 5728 1520 5797 plango
1548 5726 1633 5781 vel
1680 5726 1947 5780 lamentor

365 5792 671 5865 signiﬁcet;
730 5795 918 5852 κόπτω
951 5798 1035 5855 vel
1067 5792 1339 5854 διακόπτω
1375 5792 1611 5854 activum
1640 5811 1941 5869 nunquam.

2055 4616 2147 4669 tisi
2179 4616 2244 4671 ad
2275 4625 2553 4687 stuporem
2583 4617 2750 4671 animi
2780 4625 2834 4671 et
2862 4626 3126 4671 aeternum
3163 4614 3439 4670 silentium
3470 4611 3638 4668 reda-a

2055 4708 2126 4763 eti
2154 4717 2357 4776 essent,
2392 4708 2629 4764 tenebris
2655 4709 2822 4764 animi
2856 4708 3140 4766 altissimis
3169 4707 3449 4772 confusos,
3477 4716 3533 4763 et
3568 4709 3639 4765 ad

2056 4802 2238 4857 omnia
2287 4803 2413 4858 vita;
2461 4801 2637 4859 oﬂieia
2679 4804 2826 4859 velut
2872 4810 3154 4873 stupentes
3212 4812 3267 4858 et
3303 4816 3567 4858 exsensos
3619 4818 3638 4864 :

2056 4905 2314 4952 czeterum
2353 4896 2540 4950 animo
2574 4895 2643 4951 ad
2681 4905 2988 4951 extremum
3041 4895 3366 4953 humilitatis
3409 4895 3637 4966 gradum

2058 4989 2326 5045 demissos
2354 5030 2369 5054 ,
2423 4999 2478 5045 et
2519 4989 2645 5060 igne
2691 4989 2965 5046 maestitia:
3005 4990 3274 5061 laerymas
3307 4972 3636 5058 eliquantes.

2061 5081 2315 5151 Spectavi
2363 5083 2502 5139 alios
2543 5085 2636 5154 qui
2686 5082 2956 5152 capitibus
3000 5082 3055 5137 in
3102 5092 3300 5138 terram
3350 5074 3639 5152 promissis

2048 5238 2146 5293 Adi
2180 5236 2493 5294 Gretserum
2518 5238 2611 5293 lib.
2655 5255 2690 5293 ι.
2729 5237 2801 5292 De
2833 5236 3155 5307 disciplinis,
3187 5232 3525 5307 eap_.710._p.
3552 5233 3638 5307 b5

2046 5317 2102 5362 et
2135 5323 2250 5377 seq.
2284 5307 2736 5379 EtApologetico,
2789 5309 2880 5363 lib.
2930 5302 3044 5374 t,'c.
3078 5306 3161 5370 15,
3193 5302 3407 5375 p.133,
3434 5302 3508 5357 De
3542 5303 3639 5357 Di-

2047 5379 2288 5433 scinlinis
2318 5378 2648 5433 Graecorum.

2145 5448 2198 5519 ὁ)
2222 5446 2360 5503 Nota
2391 5465 2682 5519 operarum
2720 5449 2933 5517 lapsum
2963 5446 3107 5516 apud
3135 5442 3635 5519 Camaldulensem,

2057 5515 2147 5574 ubi
2172 5515 2271 5603 pro
2316 5515 2585 5600 regionem
2615 5515 2916 5603 lugentium
2941 5515 3234 5603 stantum
3261 5522 3373 5603 est,
3418 5515 3636 5583 religio-

2057 5584 2186 5643 neut
2217 5584 2562 5660 fugientium.
2613 5584 2784 5660 Χῶρα
2839 5585 3201 5660 πενθούντων,
3239 5584 3322 5660 est
3361 5584 3512 5660 locus
3537 5599 3634 5660 seu

2056 5660 2197 5730 regio
2243 5653 2552 5731 lugentium,
2618 5653 2725 5713 non
2790 5656 3090 5731 religionem
3148 5653 3635 5731 fugientiamiqui

2056 5725 2233 5784 tanien
2264 5725 2463 5786 m'ultos
2491 5742 2776 5785 auctorum
2806 5725 3009 5799 paSsim
3037 5725 3206 5785 libro»
3251 5725 3561 5794 occupavit.
