4110 6424
551 401 656 468 767

1811 395 1869 455 S.
1892 392 2212 455 JOANNIS
2242 395 2552 457 CLIMACI

3730 394 3847 460 763

552 508 923 569 meditabundi
966 506 1265 569 sedebant,
1301 501 1655 572 cervicesque
1698 501 1919 557 assidue
1952 510 2130 557 mota-

2246 503 2533 566 συνειδότος
2565 502 2942 575 ὑπάρχοντες,
2976 501 3135 575 ’μήτε
3165 503 3245 574 (7)
3288 502 3653 576 κολασθῆναι,
3694 512 3839 580 μήτε

553 608 726 669 bant,
771 612 827 657 et
854 617 919 655 ex
966 601 1076 653 imo
1105 607 1323 668 pectore
1350 607 1403 651 et
1446 595 1651 649 inlimis
1682 594 1983 649 visceribus
2024 594 2133 648 ritu

553 697 776 751 leonum
818 691 1105 762 rugicbant
1137 698 1190 742 ct
1217 688 1667 757 ingemisrebaut.
1707 685 1780 739 Ex
1814 686 2012 755 quibus
2042 685 2135 739 alii

554 788 767 840 veniam
807 784 1052 839 omnium
1085 780 1406 835 delictorum
1448 780 1564 849 spei
1612 778 1755 849 pleni
1799 777 2053 847 petebant
2085 784 2139 862 et

553 880 917 936 obsecrabant
958 894 971 929 :
1021 875 1113 930 alii
1161 889 1221 929 se
1268 874 1520 943 indignos
1559 872 1714 927 venia
1755 886 1820 926 ex
1872 869 2135 926 altissima

555 971 860 1026 humilitate
906 968 1260 1039 iudicabant,
1313 982 1414 1021 nec
1456 980 1617 1035 posse
1656 980 1754 1034 pro
1780 963 1994 1018 delictis
2022 961 2138 1016 suis

554 1063 666 1117 Deo
718 1061 1054 1132 respondere
1105 1058 1571 1115 vociferabantur.
1626 1053 1881 1110 Nonnulli
1928 1062 1989 1108 ut
2046 1051 2138 1108 hic

552 1170 747 1225 poenas
792 1156 1029 1221 darent,
1074 1161 1131 1208 et
1183 1153 1257 1208 ibi
1314 1152 1547 1223 gratiam
1594 1146 2138 1215 misericordiamque

552 1255 1054 1316 consequerentur,
1090 1244 1415 1315 rogitabant.
1451 1242 1551 1297 Alii
1591 1239 1751 1295 simul
1792 1238 1976 1294 oneris
2006 1254 2139 1292 con-

552 1338 797 1395 scientiae
828 1336 1093 1408 gravitate
1122 1334 1398 1405 depressi,
1434 1343 1489 1387 et
1526 1332 1785 1402 Supplicia
1816 1342 2013 1385 aeterna
2039 1329 2138 1385 de-

552 1430 957 1501 precabantur,
1009 1438 1063 1483 et
1109 1428 1363 1498 indignos
1409 1436 1587 1480 tamen
1636 1440 1694 1479 se
1736 1425 1877 1479 coelo
1928 1424 2140 1479 sincere

554 1519 1001 1590 proclamabant,
1041 1525 1097 1572 et
1142 1517 1442 1572 dummodo
1490 1518 1629 1579 Ixoc,
1683 1514 1957 1585 inquiunt,
2024 1513 2139 1578 ﬁat,

555 1612 756 1668 sufﬁcit
801 1612 981 1667 nobis.
1017 1611 1139 1665 Vidi
1173 1612 1281 1664 illic
1319 1612 1530 1663 animas
1566 1609 1797 1663 humiles
1832 1606 2137 1673 contritas,

556 1715 609 1760 et
642 1706 824 1760 oneris
854 1704 1091 1774 pondere
1125 1703 1410 1773 depressas
1436 1743 1448 1765 ,
1485 1718 1606 1773 quae
1639 1717 1770 1757 saxa
1809 1700 1923 1770 ipsa
1958 1700 2141 1756 verbis

556 1806 611 1852 et
665 1796 1147 1852 vociferationibus
1211 1797 1373 1866 118
1433 1796 1791 1864 p"ecil)usque
1843 1795 1909 1849 ad
1968 1794 2138 1847 Deum

2237 596 2339 666 τῆς
2369 596 2644 666 βασιλείας
2682 596 2981 665 ἀξιωθῆναι
3010 597 3322 666 εἰλικρινῶς
3355 597 3543 665 ελεγον
3565 616 3578 631 ’
3609 600 3721 654 Καὶ
3745 603 3847 671 ἁρ-

2240 687 2395 741 κετδν
2431 689 2584 757 ἡμῖν,
2632 690 2816 757 φασὶν,
2858 687 3025 742 ἐστιν.
3071 686 3322 760 Ἑώρακα
3358 690 3478 742 ἐκεῖ
3520 690 3702 760 ψυχὰς
3755 693 3841 761 (8)

2237 780 2500 845 ταπεινὰς
2527 778 3051 852 [τεταπεινωμένας]
3085 781 3181 834 καὶ
3212 784 3712 853 συντετριμμένας.
3742 786 3844 838 καὶ

2238 871 2776 943 κατακαμπτομένας
2800 873 2908 926 ὑπὸ
2927 872 3021 926 τοῦ
3053 872 3252 943 βάρους
3283 872 3380 926 τοῦ
3407 875 3629 945 φορτίου
3657 858 3857 948 ῦπαρ-ί

2238 956 2459 1027 χούσας,
2497 960 2591 1012 καὶ
2624 959 2797 1030 αὐτὴν
2840 960 2940 1031 τὴν
2986 959 3097 1014 τῶν
3143 960 3314 1015 λίθων
3354 961 3612 1033 αίσθησιν
3659 982 3838 1018 κατα-

2240 1053 2397 1119 νύξαι
2443 1053 2767 1124 δυναμένας,
2818 1054 2912 1109 ἐπὶ
2956 1057 3080 1119 ταῖς
3124 1057 3257 1127 παρ’
3284 1056 3467 1111 αὐτῶν
3512 1058 3648 1129 πρὸς
3700 1058 3839 1114 Θεὶν

2241 1144 2548 1215 βοωμέναις
2601 1147 2805 1213 φωναῖς
2852 1147 2948 1199 καὶ
2982 1149 3257 1218 ῥήμασιν’
3307 1147 3492 1216 ἔλεγον
3541 1148 3651 1219 γὰρ
3681 1149 3838 1204 κάτω

2239 1238 2322 1300 είς
2349 1236 2451 1307 γὴν
2484 1238 2825 1302 νενευκότες·
2851 1230 3037 1304 Οὕτως
3057 1240 3299 1310 οἴδαμεν,
3324 1240 3551 1311 οἴδαμεν
3582 1241 3666 1294 ὅτι
3691 1240 3837 1305 ἄξιοι

2219 1320 2426 1385 ’λοιπὸν
2454 1332 2634 1401 πάσης
2667 1332 2936 1402 τιμωρίας
2967 1336 3059 1385 καὶ
3095 1331 3372 1396 meum;
3401 1334 3595 1404 ἐσμεν,
3639 1335 3736 1387 καὶ
3765 1334 3844 1387 δι-

2241 1422 2449 1486 καίως·
2480 1422 2597 1475 οὐδὲ
2629 1423 2736 1493 γὰρ
2780 1421 3118 1493 ἐξαρκοῦμεν
3150 1421 3336 1475 λοιπὸν
3366 1424 3503 1491 πρὸς
3530 1422 3841 1492 ἀπολογίαν

2239 1514 2335 1570 τοῦ
2383 1515 2625 1586 πλήθους
2663 1515 2758 1569 τοῦ
2811 1515 3085 1585 ἡμετέρου
3137 1515 3353 1586 χρέους,
3400 1515 3510 1570 οὐδ’
3538 1514 3605 1570 ἂν
3654 1517 3841 1570 πᾶσαν

2239 1603 2339 1673 τὴν
2371 1605 2698 1676 οἰκουμένην
2744 1604 2885 1676 ὑπὲρ
2934 1604 3092 1675 ⁴ἡμῶν
3143 1604 3447 1658 πενθοῦσαν
3482 1606 3843 1674 συγκαλέσαι⁹

2244 1714 2361 1767 μεν.
2399 1698 2606 1753 Ἐκεῖνο
2625 1699 2681 1752 δὲ
2724 1700 2883 1768 μόνον
2918 1698 3229 1769 ἐρωτῶμεν,
3258 1699 3435 1752 ἐκεῖνο
3453 1699 3841 1773 δυσωποῦμεν,

2242 1789 2417 1841 ἐκεῖνο
2436 1788 2748 1857 ἱκετεύομεν
2770 1789 2973 1841 λοιπόν·
2996 1792 3051 1841 Μ
3062 1788 3094 1856 ὴ
3119 1787 3196 1851 τῷ
3218 1788 3380 1857 θυμῷ
3396 1788 3559 1862 [σου]
3575 1790 3841 1861 ἐλέγξῃς

558 1889 695 1945 fusis
734 1889 800 1943 ad
842 1906 1060 1946 sensum
1096 1889 1591 1944 commiseratimnis
1636 1895 1856 1955 possent
1902 1885 2137 1941 ﬂectere.

2246 1878 2422 1948 ἡμᾶς,
2449 1880 2605 1948 μηδὲ
2638 1879 2712 1949 τῇ
2750 1882 2798 1947 6,-
2822 1879 2899 1950 γῇ
2947 1896 3065 1934 σου
3100 1879 3402 1949 παιδεύσῃ
3435 1881 3613 1951 ἡμᾶς.
3675 1882 3845 1937 Ἀλλὰ

564 1980 885 2036 Nutautibus
930 1981 1130 2050 quippe
1177 1981 1473 2050 pronisque
1519 1981 1570 2032 in
1617 1988 1817 2032 terram
1873 1978 2143 2046 capitibus

555 2073 921 2127 dictitabant:
968 2073 1045 2128 Ita
1094 2087 1225 2128 sane
1274 2088 1380 2126 non
1432 2072 1786 2139 ignoramus,
1830 2069 1924 2124 sed
1977 2068 2146 2137 probe

559 2168 815 2223 novimus
868 2182 968 2224 nos
1018 2167 1275 2237 deinceps
1335 2166 1482 2219 omni
1551 2178 1712 2233 poena
1770 2170 1825 2217 et
1879 2162 2145 2232 supplicio

558 2261 913 2331 dignissimos
940 2300 953 2325 ,
988 2269 1043 2315 et
1073 2258 1272 2313 merito
1302 2273 1470 2320 sane;
1527 2273 1635 2311 non
1669 2270 1967 2327 possumus
1995 2254 2144 2310 enim

559 2367 671 2421 prae
701 2365 926 2406 numero
965 2360 1019 2405 et
1062 2349 1409 2404 multitudine
1441 2358 1786 2418 peccatorum
1830 2353 2145 2401 nostrorum

558 2439 878 2495 satisfacere
900 2479 915 2505 ,
946 2439 1161 2495 etiamsi
1198 2450 1345 2497 totus
1386 2442 1625 2497 mundus
1658 2451 1992 2498 convocatus
2042 2456 2145 2495 no-

561 2532 769 2585 biscum
806 2529 1106 2599 plangeret.
1148 2529 1285 2584 lllud
1320 2546 1488 2584 unum
1528 2546 1821 2600 rogamus,
1871 2529 2004 2584 illud
2050 2529 2149 2584 de-

558 2636 877 2690 precamur,
911 2622 1041 2677 illud
1071 2621 1327 2692 deinceps
1353 2638 1521 2677 unum
1559 2623 1940 2677 obtestamur:
1978 2620 2060 2675 Ne
2090 2623 2148 2674 in

562 2713 741 2779 furore
772 2720 861 2765 tuo
893 2728 1087 2781 arguas
1113 2728 1239 2778 nos,
1274 2729 1434 2783 neque
1458 2715 1513 2767 in
1543 2713 1625 2766 ira
1661 2724 1784 2776 tua,
1816 2712 1906 2766 sed
1944 2698 2150 2767 miscri-

562 2800 745 2854 c-ordia
791 2802 1047 2870 corripias
1084 2818 1177 2855 nos
1200 2802 1268 2856 ⁸⁸.
1316 2802 1461 2856 Satis
1496 2803 1639 2857 enim
1692 2802 1851 2856 nobis
1879 2810 1991 2864 est,
2036 2802 2083 2856 si
2116 2819 2148 2857 a

562 2889 887 2958 gravissima
940 2898 1031 2943 tua
1081 2890 1508 2944 comminatione
1568 2899 1616 2943 et
1677 2888 2149 2958 iuexplicabilibus

562 2990 617 3033 et
654 2980 952 3036 reconditis
990 2981 1273 3051 suppliciis
1322 2980 1639 3035 liberemur.
1675 2978 1746 3033 Ut
1780 2978 1926 3033 enim
1970 2979 2150 3035 omnis

565 3087 792 3137 prorsus
825 3087 986 3142 pmna
1018 3073 1174 3127 nobis
1202 3073 1545 3138 remittatur,
1577 3074 1846 3142 veniaque
1879 3073 2145 3138 donetur,

567 3174 750 3232 petere
778 3179 885 3219 non
911 3165 1196 3231 audemus;
1231 3180 1338 3235 qua
1368 3165 1545 3220 fronte
1571 3166 1716 3221 enim
1744 3165 1796 3220 id
1824 3165 2144 3227 audeamus,

566 3255 657 3322 qui
682 3263 865 3309 votum
890 3263 1138 3310 sanctum
1165 3254 1506 3320 violavimus,
1539 3263 1593 3309 et
1617 3263 1741 3325 post
1764 3255 1992 3324 primam
2026 3252 2144 3306 cul-

570 3358 763 3410 parum
789 3347 1032 3398 omnium
1061 3343 1291 3413 gratiam
1326 3358 1425 3415 pro
1455 3342 1716 3413 singulari
1745 3352 1836 3398 tua
1859 3340 2147 3399 clementia

569 3436 770 3492 iactam
811 3443 920 3491 tam
973 3436 1116 3491 foede
1159 3436 1611 3506 inquinavimus?
1649 3434 1780 3490 Erat
1832 3434 1939 3501 ibi,
1996 3441 2145 3498 erat,

570 3529 754 3595 amici,
785 3544 913 3584 vere
937 3528 1010 3583 ibi
1039 3530 1293 3598 clareque
1325 3530 1507 3583 videre
1533 3526 1755 3583 Davidis
1783 3525 1982 3591 verba;
2025 3538 2149 3592 spe-

570 3635 738 3687 ctare,
774 3623 1018 3694 inquam,
1051 3623 1299 3686 aﬂlictos,
1330 3632 1385 3678 et
1409 3629 1667 3677 curvatos
1692 3634 1864 3689 usque
1889 3618 1955 3673 ad
1988 3619 2148 3672 linem

573 3712 743 3767 totius
770 3712 926 3778 vitaz,
963 3711 1059 3782 qui
1099 3717 1215 3766 toto
1256 3709 1345 3766 die
1382 3711 1688 3767 contristati
1719 3709 2038 3765 incedebant
2062 3708 2110 3742 ⁸³
2131 3751 2147 3775 ,

570 3804 847 3861 olentibus
881 3804 995 3874 jam
1036 3813 1091 3859 et
1122 3804 1395 3874 corruptis
1436 3803 1866 3874 putrefactisque
1904 3800 2151 3871 corporis

572 3896 955 3961 cicatricibus,
998 3905 1058 3952 ut
1094 3896 1186 3967 qui
1222 3895 1426 3951 nullam
1456 3896 1706 3967 corporis
1762 3909 1950 3950 curam
1986 3892 2152 3948 habe-

546 3997 723 4057 ‘rent,
758 3997 813 4045 et
853 3989 1006 4044 obliti
1050 3996 1221 4044 erant
1247 3990 1534 4045 comedere
1584 4003 1779 4059 panem
1832 3976 1992 4044 suum
2024 4027 2039 4051 ,
2097 3996 2153 4043 et

572 4092 756 4152 potum
816 4064 973 4153 aquae
1023 4073 1373 4152 lacrymis'et
1408 4079 1533 4135 lletu
1582 4080 1920 4145 miscebant;
1967 4078 2153 4148 pulve-

571 4189 684 4230 rem
711 4183 765 4229 et
793 4174 1032 4229 cinerem
1061 4188 1162 4244 pro
1188 4188 1328 4245 pane
1353 4173 1726 4229 comedebant.
1748 4172 1884 4228 Ossa
1910 4173 2022 4226 cuti
2055 4171 2154 4226 ad-

575 4266 853 4321 haerebant
884 4274 939 4321 et
966 4266 1070 4336 ipsi
1091 4275 1354 4337 tanquam
1383 4266 1565 4321 fenum
1589 4273 1912 4321 exaruerant
1940 4264 2018 4318 ἰε
2051 4278 2154 4320 nec

571 4357 720 4413 aliud
736 4359 879 4428 apud
900 4358 1022 4415 illos
1035 4359 1225 4415 audire
1241 4369 1547 4429 erat,quam
1574 4357 1949 4426 hujuscemodi
1967 4371 2149 4412 voces:

573 4448 685 4514 Vae,
725 4462 806 4503 vat
828 4447 1041 4505 miseris
1082 4449 1264 4515 nobis,
1301 4449 1462 4520 119
1500 4450 1807 4520 iterumque
1837 4464 1917 4503 va:
1940 4447 2155 4503 miseris

2247 1972 2599 2043 φειδομένως,
2631 1972 2721 2025 καὶ
2766 1972 2996 2043 ἀρκετὸν
3030 1973 3161 2042 ἡμῖν
3196 1974 3296 2042 τῆς
3320 1972 3522 2044 πολλῆς
3547 1992 3640 2027 σου
3671 1976 3841 2029 ἀπεδ-

2243 2062 2364 2131 λῆς,
2406 2063 2500 2117 καὶ
2535 2064 2785 2133 βασάνων
2827 2063 3125 2132 ἀνωνύμων
3173 2065 3268 2117 καὶ
3310 2065 3643 2136 ἀποκρύφων
3678 2066 3843 2119 ἐλευ·

2245 2154 2579 2226 θερωθῆναι·
2628 2158 2706 2221 είς
2756 2156 2909 2221 τέλος
2969 2155 3077 2230 γὰρ
3127 2155 3321 2225 ἄφεσιν
3366 2158 3718 2230 αἰτήσασθαι,
3776 2161 3841 2214 ο)

2244 2246 2551 2317 τολμῶμεν.
2611 2247 2733 2311 Πῶς
2777 2247 2886 2317 γὰρ
2921 2247 2971 2299 οί
3019 2247 3080 2299 τὸ
3127 2247 3335 2300 ἑαυτῶν
3384 2248 3709 2321 ἐπάγγελμα
3762 2252 3842 2322 μὴ

2246 2336 2576 2406 φυλάξαντες
2607 2334 2871 2407 ἄμωμον,
2894 2336 3030 2391 ἀλλὰ
3075 2336 3231 2392 τοῦτο
3263 2338 3404 2410 μετὰ
3436 2340 3534 2411 τὴν
3563 2343 3843 2418 προτέραν

2246 2430 2677 2501 φιλανθρωπίαν,
2710 2431 2804 2484 καὶ
2834 2428 3031 2500 ἄφεσιν
3060 2430 3451 2503 ρυπώσαντες;
3486 2428 3596 2488 Ἦν
3627 2436 3747 2490 ἐκεῖ
3770 2439 3843 2493 τὰ

2245 2520 2338 2574 τοῦ
2361 2522 2523 2575 Δαυῒδ
2552 2523 2799 2591 ἐναργῶς
2827 2522 3127 2578 θεάσασθαι
3151 2525 3395 2597 ῥήματα,
3425 2527 3843 2601 ταλαιπωροῦν-

2244 2629 2345 2676 τας
2364 2612 2562 2667 ἰδέσθαι
2575 2654 2586 2673 ,
2606 2629 2819 2667 κατακα
2828 2614 3169 2685 μπτομένους
3192 2615 3297 2679 ἕως
3310 2615 3497 2680 τέλους
3513 2620 3612 2689 τῆς
3628 2619 3841 2674 ἑαυτῶν

2234 2702 2428 2773 ζωῆς·
2469 2702 2595 2775 ὅλην
2620 2705 2719 2774 τὴν
2748 2703 2961 2775 ἡμέραν
3010 2704 3509 2777 σκυθρωπάζοντας
3537 2710 3841 2781 πορευομέ-

2248 2812 2401 2859 νους·
2462 2796 2824 2867 προσόζοντας
2878 2798 2974 2853 καὶ
3026 2799 3408 2871 σεσημμένους
3455 2801 3536 2872 (α)
3584 2801 3841 2873 σώματος

2252 2886 2546 2957 μώλωπας,
2590 2889 2682 2942 καὶ
2728 2889 3160 2962 ἀνεπιμελήτους
3211 2892 3575 2964 ὑπάρχοντας,
3610 2893 3838 2950 ἐπιλαν-

2248 2978 2576 3049 θανομένους
2605 2981 2696 3034 τοῦ
2726 2985 2920 3051 φαγεῖν
2950 2983 3040 3037 τὸν
3069 2985 3231 3056 ἄρτον
3264 2986 3445 3039 αὐτῶν
3465 3002 3479 3015 ·
3508 2987 3569 3040 τὸ
3592 2986 3650 3040 δὲ
3684 2989 3839 3059 πόμα

2234 3067 2343 3121 ’τοῦ
2372 3068 2563 3133 ὓδατος
2610 3070 2746 3140 μετὰ
2781 3071 3061 3142 κλαυθμοῦ
3102 3074 3403 3144 κιρνῶντας
3424 3091 3437 3105 ·
3490 3075 3585 3129 καὶ¹
3619 3076 3837 3142 σποδὸν,

2251 3162 2344 3215 καὶ
2369 3162 2576 3232 τέφραν
2621 3164 2740 3216 ἀντὶ
2778 3162 2943 3241 ᾇρτου
2992 3164 3271 3228 ἐσθίοντας
3292 3181 3305 3195 ·
3338 3166 3433 3220 καὶ
3463 3168 3841 3239 κεκολλημένα

2251 3251 2471 3324 ἔχοντας
2509 3254 2577 3307 τὰ
2616 3255 2749 3309 ὀστᾶ
2778 3258 2842 3326 τῇ
2878 3250 3075 3327 σαρκί·
3113 3256 3207 3310 καὶ
3254 3256 3450 3322 αὐτοὺς
3481 3257 3611 3313 ὡσεὶ
3640 3259 3835 3331 χόρτος

2249 3345 2679 3419 ἐξηραμμένους.
2715 3348 2878 3402 Οὐδὲν
2903 3344 2970 3420 ἦν
3003 3349 3188 3419 ἕτερον
3216 3350 3349 3421 παρ’
3377 3352 3561 3416 αὐτοῖς
3589 3352 3832 3419 ἀκούειν,

2251 3441 2299 3493 εἰ
2334 3439 2409 3511 μὴ
2437 3438 2609 3493 ταῦτα
2632 3440 2700 3492 τὰ
2729 3442 2952 3511 ῥήματα
2971 3458 2985 3473 ⁸
3032 3442 3191 3507 Οὐαὶ,
3241 3430 3393 3508 οὐαὶ,
3417 3444 3473 3497 οῑ
3499 3462 3611 3515 μοι,
3663 3446 3836 3515 οίμοι,

2251 3528 2494 3593 δικαίως,
2528 3530 2786 3593 δικαίως’
2838 3534 3042 3601 φεῖσαι,
3095 3533 3303 3603 φεῖσαι,
3336 3533 3601 3588 Δέσποτα.
3638 3536 3703 3587 Ol
3739 3535 3843 3606 μὲν

2248 3620 2469 3691 ελεγονο
2521 3621 2794 3694 Ἐλέησον,
2825 3622 3046 3694 ἐλέησον
3068 3638 3081 3654 ·
3113 3625 3161 3677 οί
3192 3623 3246 3677 δὲ
3278 3622 3441 3677 πάλιν
3484 3624 3563 3677 ἔτι
3610 3624 3846 3678 ἐλεεινό-

2236 3718 2439 3785 ’τερον’
2476 3713 2858 3786 Συγχώρησον,
2911 3714 3176 3779 Δέσποτα,
3225 3713 3581 3786 συγχώρησον
3615 3715 3713 3769 ἐὰν
3757 3718 3844 3769 ἐν-

2251 3805 2488 3877 δέχεται.
2523 3801 2632 3858 Ἦν
2681 3806 2740 3858 ἐν
2785 3806 3015 3868 ἐκείνοις
3059 3804 3315 3874 γλώσσας
3360 3805 3701 3876 φλεγομένας
3733 3807 3843 3861 ίδέ-

2255 3897 2400 3964 σθαι,
2430 3897 2524 3951 καὶ
2550 3896 2706 3968 δίκην
2733 3896 2912 3950 κυνῶν
2942 3895 3037 3951 τοῦ
3070 3898 3337 3969 στόματος
3370 3897 3839 3969 προϐαλλομένοις.

2253 3992 2317 4043 Ol
2349 3989 2448 4060 μὲν
2479 3991 2536 4044 ἐν
2580 3988 2654 4059 τῷ
2683 3988 2921 4065 καύσωνι
2955 3990 3182 4054 ἑαυτοὺς
3220 3981 3526 4062 ἐτιμώρουν
3550 4007 3565 4020 ·
3615 3991 3667 4043 οί
3695 3990 3751 4044 δὲ
3784 3992 3844 4044 ἐν

2252 4080 2332 4152 τῷ
2359 4079 2521 4151 ψύχει
2550 4080 2778 4144 ἑαυτοὺς
2807 4079 3150 4145 ἐϐασάνιζον.
3190 4082 3363 4135 Ἔνιοι
3397 4081 3496 4152 μέν
3529 4081 3726 4153 μικρὸν
3745 4080 3843 4134 τοῦ

2255 4172 2446 4235 ὕδατος
2475 4172 2893 4243 ἀπογενόμενοι,
2937 4168 3233 4237 ἐπαύοντο,
3276 4173 3400 4227 ὅσον
3450 4172 3613 4244 μόνον
3661 4173 3736 4245 μὴ
3778 4174 3845 4226 ἐκ

2254 4263 2415 4335 δίψης
2468 4263 2868 4336 ἀποθνήσκεινο
2929 4266 2978 4318 οἱ
3026 4264 3083 4318 δὲ
3122 4262 3216 4318 τοῦ
3263 4262 3460 4336 ἄρτου
3494 4265 3689 4335 μικρὸν
3741 4282 3844 4336 με·-

2254 4355 2737 4427 ταλαμῶνοντες(
2767 4355 2956 4410 τοῦτον
3028 4357 3094 4427 τῇ
3147 4356 3291 4428 χειρὶ
3333 4355 3551 4435 μακρὰν
3603 4356 3842 4430 ἀπέρρι-

2256 4464 2411 4512 πτον,
2459 4446 2712 4513 ἀναξίους
2764 4448 2990 4512 ἑαυτοὺς
3016 4446 3267 4517 λέγοντες
3306 4447 3532 4517 λογικῆς
3588 4445 3843 4516 βρώσεως

571 4536 769 4605 nobis;
802 4540 1022 4605 merito,
1064 4542 1285 4609 merito;
1318 4557 1498 4613 parce.
1541 4557 1724 4613 parce,
1759 4540 2003 4596 Domine.
2044 4539 2148 4594 Alii

2255 4538 2332 4603 ὡς
2360 4538 2427 4592 τὰ
2456 4538 2564 4592 τῶν
2590 4539 2800 4608 ἀλόγων
2844 4537 3340 4611 διαπραξαμένους.
3373 4537 3482 4592 Ποῦ
3524 4538 3583 4593 ἐν
3610 4537 3844 4600 ἐκείνοις

571 4625 928 4682 clamitabant
957 4644 970 4682 :
994 4626 1269 4696 Miserere,
1291 4629 1802 4701 niiserere.§Rursus
1817 4630 1908 4685 alii
1926 4629 2157 4684 misera-

546 4710 549 4713 ’
573 4715 736 4774 bilius
756 4719 1284 4790 :lgnosce,Domine,
1306 4722 1545 4792 ignosce,
1570 4721 1616 4779 si
1632 4721 1776 4777 ullus
1793 4721 2154 4777 venim‘locus.

544 4842 551 4849 ι
579 4807 771 4865 Videre
798 4812 927 4866 erat‘
945 4812 999 4866 in
1023 4812 1131 4870 illis
1155 4813 1369 4884 linguas
1387 4814 1640 4870 ardentes
1655 4822 1709 4868 et
1722 4829 1819 4885 pro
1837 4814 1941 4868 ritu
1959 4828 2156 4868 canum

572 4913 639 4954 ex
670 4913 765 4955 ore
790 4901 1109 4971 promissas.
1130 4902 1235 4957 Alii
1267 4903 1323 4958 in
1352 4903 1502 4975 gravi
1534 4904 1667 4959 solis
1697 4913 1831 4958 testu
1860 4908 1921 4958 se
1946 4903 2161 4958 crucia-

573 4991 737 5059 bant;
771 4992 862 5047 alii
909 4991 1189 5065 frigorese
1214 4995 1569 5064 torquebant;
1598 4995 1689 5050 alii
1724 5010 1847 5050 cum
1873 4994 2151 5049 modicum

571 5082 702 5152 quid
717 5099 873 5154 aquae
893 5084 1175 5153 libassent,
1191 5086 1489 5151 desierunt,
1513 5084 1725 5141 tantum
1748 5082 1808 5141 ut
1836 5100 1903 5140 ne
1922 5085 2009 5141 siti
2029 5100 2156 5140 ene-

546 5234 549 5239 .
574 5183 863 5243 carentur;
896 5176 987 5231 alii
1006 5192 1131 5232 cum
1154 5192 1347 5247 panem
1368 5186 1681 5248 gustassent
1698 5178 1980 5242 duntaxat,
1996 5177 2152 5231 illum

577 5278 768 5322 rursus
791 5269 979 5337 procul
998 5268 1066 5323 ab
1086 5283 1144 5324 se
1155 5268 1493 5338 rejiciehaut,
1509 5268 1831 5340 seindignos
1848 5269 2158 5324 dictitantes

576 5357 671 5426 qui
692 5357 873 5413 cibum
899 5360 1196 5413 humanum
1220 5370 1519 5423 sumerent,
1544 5360 1637 5429 qui
1663 5359 1961 5415 bestiarum
1986 5373 2154 5427 opera

578 5447 970 5504 exercuissent.
991 5446 1095 5504 Ubi
1113 5448 1329 5519 signum
1348 5449 1488 5519 apud
1508 5450 1828 5521 illoszrisus?
1856 5449 1948 5506 ubi
1966 5449 2155 5506 otiosae

2252 4627 2488 4698 γέλωτος
2547 4629 2856 4698 ἐμφάνεια;
2910 4628 3017 4711 ποῦ
3074 4627 3410 4698 ἀργολογία;
3466 4626 3569 4681 ποῦ
3630 4627 3839 4697 θυμός;

2257 4718 2360 4773 ποῦ
2394 4720 2571 4791 ὀργῆς
2615 4718 2751 4774 Οὐδέ
2800 4720 2848 4771 εί
2878 4719 3024 4773 ἐστιν
3052 4718 3189 4791 ὀργὴ
3232 4719 3363 4790 παρ’
3395 4719 3706 4792 ἀνθρώποις
3736 4719 3845 4772 λοι-

2255 4810 2360 4863 πὸν
2403 4809 2734 4880 ἠπίσταντο⁹
2784 4810 2879 4864 τοῦ
2929 4810 3161 4876 πένθους
3210 4812 3291 4876 είς
3336 4810 3489 4874 τέλος
3526 4811 3620 4864 τὸν
3671 4811 3846 4882 θυμὸν
3954 4834 3961 4840 ·

2258 4902 2647 4967 ἀπολέσαντος.
2679 4902 2792 4958 Ποῦ
2836 4902 3151 4972 ἀντιλογία;
3183 4903 3286 4957 ποῦ
3316 4904 3514 4974 ἐορτή;
3555 4902 3662 4957 πσῦ
3706 4905 3848 4976 παρο

2262 4994 2456 5065 ρησίας
2481 4993 2582 5046 ποῦ
2608 4993 2874 5066 θεραπεία
2898 4993 3181 5065 σώματος;
3207 4994 3311 5049 ποῦ
3336 4995 3480 5065 ἴχνος
3506 4995 3844 5062 κενοδοξίαςς

2259 5082 2365 5137 ποῦ
2411 5084 2627 5156 τρυφῆς
2668 5086 2854 5141 λοιπὸν
2904 5086 3095 5156 ἐλπίς;
3142 5086 3246 5140 ποῦ
3296 5087 3439 5142 οίνου
3479 5072 3691 5157 ἐννοια;
3743 5088 3847 5141 ποῦ

2257 5172 2484 5245 ὀπώρας
2528 5173 2754 5243 γεῦσις;
2803 5174 2905 5229 ποῦ
2938 5175 3145 5247 χύτρας
3196 5176 3578 5248 παράκλησις;
3616 5174 3719 5229 ποῦ
3759 5174 3849 5228 λά-

2258 5244 2459 5335 ρυγγος
2486 5263 2842 5336 γλυκασμός;
2896 5244 3123 5320 Πάντων
3170 5244 3512 5337 γὰρττούτῶν
3554 5264 3739 5319 λοιπὸν
3791 5244 3875 5351 ἐνί

2252 5354 2332 5426 τῷ
2365 5355 2460 5410 νῦν
2488 5355 2645 5411 αἰῶνι
2681 5359 2709 5429 ἡ
2742 5358 2898 5421 ἐλπὶς
2938 5357 3069 5427 παρ’
3099 5358 3337 5421 ἐκείνοις
3364 5356 3619 5427 ἐσϐέσθη.
3647 5353 3759 5409 Ποῦ
3791 5355 3850 5408 ἐν

2254 5448 2484 5513 ἐκείνοις
2534 5448 2773 5521 μέριμνα
2822 5450 3068 5520 ἐπιγείου
3118 5449 3299 5516 τινόςς
3358 5448 3465 5503 ποῦ
3512 5446 3696 5520 κρῖναί
3722 5463 3848 5503 τινα

654 5619 701 5653 ⁸³
730 5618 876 5676 Psal.
904 5635 977 5687 vr,
1012 5618 1067 5674 2.
1144 5620 1191 5657 ⁸³
1222 5619 1364 5675 Psal.
1393 5636 1602 5685 xxxvn,
1640 5624 1691 5677 7.
1770 5621 1815 5654 ’δ
1853 5621 1995 5678 Psal.
2017 5637 2091 5689 Cl,
2120 5623 2220 5680 Eiet
2246 5623 2330 5678 l2.

663 5800 869 5868 (α)Τοίς
902 5806 1263 5878 σεσημμένοις
1293 5806 1384 5858 τοῦ
1418 5807 1657 5877 σσῖιμπιτίς
1698 5806 1938 5877 ίυῖίὶθνξκιο
