4110 6430
316 388 431 448 769

1375 383 1601 446 SCALA
1633 378 2012 444 PARADISI.
2044 401 2114 412 -
2147 378 2454 439 GRADUS
2476 378 2537 439 V.

3486 378 3591 439 ’Πθ

311 498 610 567 ἄνθρωπον
629 510 651 567 ;η
691 490 964 562 Οὐδαμοῦ.
1010 489 1194 545 Ταῦτα
1220 460 1290 562 ἦν
1324 478 1449 561 παρ’
1481 488 1709 550 ἐκείκοις
1736 486 1913 553 διηνε-

2024 482 2215 538 fabula:
2241 483 2263 538 ?
2291 484 2378 537 ubi
2436 482 2649 535 subitus
2685 479 2836 537 furor
2877 492 2969 537 aut
3025 482 3101 536 ira
3132 481 3273 551 apud
3305 495 3444 550 quos
3473 483 3586 552 jam

312 585 436 648 κῶς
478 583 546 638 τὰ
578 582 848 651 λεγόμενα
887 582 980 635 καὶ
1010 581 1259 651 βοώμενα
1283 580 1418 650 πρὸς
1464 579 1689 647 Κύριον.
1720 576 1785 628 Oi
1811 574 1910 645 μὲν

310 676 380 729 τὸ
429 672 624 743 στῆθος
661 673 897 743 ἰσχυρῶς
929 672 1242 742 κρούοντες,
1274 670 1464 740 ὥςπερ
1502 670 1559 720 ἐν
1593 669 1658 737 τῇ
1692 664 1786 718 τοῦ
1818 664 1911 717 oft-

314 766 490 840 ρανοῦ
541 764 683 835 πύλῃ
722 765 1021 834 ἱστάμενοι,
1053 764 1189 835 πρὸς
1239 762 1369 815 Θεὸν
1398 761 1616 827 ἔλεγον·
1667 755 1910 819 Ἀνοιξον

310 863 345 931 ἡ
358 863 454 931 μῖν
478 899 494 921 ,
551 856 781 910 δικαστά
800 898 815 919 ,
835 872 852 892 ο
874 844 1084 921 ἄνοιξον
1146 856 1279 925 ἡμῖν
1301 893 1315 916 ,
1371 851 1557 920 ἐπειδὴ
1613 847 1910 920 ἁμαρτίαις

313 950 644 1019 ὲκλείσαμεν
692 949 925 1010 ἑαυτοῖς,
975 945 1184 1009 ἄνοιξον
1233 945 1384 1013 ἡμῖν.
1439 944 1500 995 Οί
1559 941 1618 994 δὲ
1663 939 1884 1007 ἔλεγονο

328 1042 666 1109 Ἐπίέρανον
688 1038 752 1090 τὸ
786 1037 1116 1104 πρόσωπόν
1147 1052 1265 1089 σου
1291 1037 1472 1105 μόνον,
1510 1031 1604 1085 καὶ
1638 1029 1912 1097 σωθησό-

310 1132 494 1197 μεθα.
544 1124 737 1188 ’Ἄλλος
790 1122 986 1176 πάλινο
1037 1122 1369 1190 Ἐπίφανον
1423 1117 1547 1184 τοῖς
1593 1118 1663 1172 ἐν
1706 1116 1911 1170 σκότει

316 1216 423 1270 καὶ
447 1214 591 1282 σκιᾷ
625 1212 888 1269 θανάτου
924 1208 1283 1279 καθημένοις
1315 1210 1613 1271 ταπεινοῖς.
1648 1207 1907 1277 Ἔτερος’

324 1307 487 1376 Ταχὺ
516 1302 1136 1374 προκαταλαϐἐτωσαν
1181 1298 1340 1370 ἡμᾶς
1369 1302 1420 1353 ol
1452 1297 1739 1366 οἰκτιρμοί
1770 1311 1908 1360 σου,

318 1400 522 1466 Κύριε,
572 1396 663 1449 ὅτι
713 1393 1142 1462 ἀπολώλαμεν,
1193 1391 1282 1445 ὅτι
1333 1390 1783 1460 ἀπεγνώκαμειν,
1824 1386 1913 1441 ὅτι

318 1488 773 1562 ἐξελ[ε]ἰπομεν
794 1485 1050 1555 σφόδρα.
1085 1485 1148 1538 Οἱ
1185 1485 1282 1555 μὲν
1310 1483 1494 1551 ἔλεγον
1514 1498 1526 1511 ο
1564 1483 1625 1536 Εἰ
1657 1482 1765 1552 ἀρα
1791 1482 1914 1533 ὲπι-

318 1586 487 1654 φάνοι
516 1582 719 1652 Κύριος
756 1579 851 1633 τοῦ
884 1578 1069 1632 λοιποῦ
1101 1579 1184 1647 ἐφ’
1217 1579 1363 1648 ἡμᾶς
1386 1593 1399 1606 ·
1433 1577 1609 1646 ἕτεροι
1637 1574 1694 1627 δέ
1714 1590 1728 1605 °
1759 1568 1915 1639 Ἀρα

316 1672 578 1741 διῆλθεν·
601 1674 638 1740 ἡ
664 1670 835 1739 ψυχὴ
870 1668 1035 1737 ἡμῶν
1064 1669 1131 1721 τὸ
1161 1665 1335 1736 χρέος
1365 1666 1429 1719 τό
1452 1665 1878 1719 ἀνυπόστατον
1894 1678 1915 1727 ;

322 1765 555 1827 Ἀλλος·
596 1764 747 1831 Ἀρα
793 1759 1328 1829 παρακληθήσεται
1366 1757 1578 1823 Κύριος
1627 1751 1731 1806 τοῦ
1787 1755 1915 1805 .Znt-

2011 575 2356 631 nesciebatur
2389 586 2570 628 utrum
2604 573 2784 629 adhuc
2816 574 2955 629 inter
2992 574 3243 628 homines
3268 573 3411 628 ullus
3444 586 3591 630 esset

2009 665 2106 720 ira:
2136 665 2326 719 locus?
2353 665 2488 717 adeo
2524 665 2704 718 luctus
2732 672 2969 718 aeternus
3012 676 3230 716 omnem
3277 663 3330 715 in
3365 662 3469 715 illis
3496 663 3590 716 ira:

2010 765 2216 809 motum
2243 755 2601 827 exstinxerat,
2630 753 2734 809 Ubi
2771 753 3065 807 verborum
3098 752 3473 806 concertatio?
3499 753 3587 805 ubi

2009 844 2196 899 feriae?
2223 845 2311 898 ubi
2341 845 2508 898 nimia
2540 842 2793 914 loquendi
2821 844 3087 898 libertas?
3119 844 3209 897 ubi
3234 858 3366 897 cura
3398 858 3594 912 corpo—

2013 937 2119 992 ris?
2145 937 2231 990 ubi
2273 935 2563 1003 vestigium
2597 950 2749 989 vanae
2786 933 3009 1004 glori-te?
3044 935 3132 989 ubi
3168 917 3420 1000 deinceps
3454 934 3593 988 deli-

2009 1026 2219 1082 ciarum
2254 1025 2416 1096 spes?
2447 1026 2536 1079 ubi
2582 1026 2649 1080 de
2697 1027 2823 1079 vino
2849 1023 3145 1095 cogitatio?
3194 1025 3288 1077 ubi
3319 1025 3403 1079 vel
3444 1026 3589 1092 pomi

2009 1119 2246 1189 gustatio
2267 1118 2289 1173 ?
2310 1119 2400 1175 ubi
2431 1119 2627 1175 culinae
2655 1125 2709 1171 et
2727 1116 2851 1171 ollae
2874 1116 3169 1172 solatium?
3195 1116 3285 1170 ubi
3314 1116 3450 1186 ςιιιω
3478 1116 3595 1169 illc-

2010 1210 2204 1266 ccbra?
2247 1213 2491 1265 omnium
2538 1210 2733 1263 horum
2761 1209 3020 1278 deinceps
3071 1209 3121 1260 in
3159 1222 3307 1261 omni
3336 1207 3591 1277 praesenti

2010 1303 2120 1357 vita
2151 1318 2277 1372 spes
2326 1305 2468 1372 apud
2502 1301 2623 1356 illos
2664 1301 2878 1369 penitus
2910 1300 3123 1355 sublata
3151 1308 3205 1353 et
3256 1299 3430 1354 deleta
3453 1310 3591 1353 erat.

2013 1392 2117 1463 Ubi
2143 1410 2272 1448 cura
2296 1395 2436 1448 inter
2467 1394 2589 1447 illos
2616 1392 2724 1445 ulla
2756 1407 2937 1445 rerum
2963 1391 3368 1445 humanarum?
3395 1390 3592 1459 ubijn-

2012 1486 2229 1540 tlicantli
2268 1470 2652 1555 quemcunque
2682 1484 2850 1538 alium
2888 1480 3092 1537 libido?
3135 1480 3441 1550 Nusquam.
3484 1479 3591 1534 Sed

2016 1577 2130 1631 haec
2152 1578 2293 1645 apud
2346 1577 2467 1630 illos
2518 1584 2778 1645 perpetuo
2819 1558 3317 1645 ingeminabantur,
3358 1572 3472 1626 liaae
3530 1573 3596 1623 ad

2015 1668 2306 1723 Dominum
2361 1670 2434 1722 illi
2478 1666 2937 1722 vociferabantur.
2991 1665 3095 1719 Alii
3155 1666 3356 1736 quippe
3412 1672 3601 1733 pectus

2016 1762 2256 1833 graviter
2307 1760 2616 1824 tundentes,
2674 1760 2898 1828 perinde
2950 1773 3014 1812 ac
3046 1758 3091 1812 si
3146 1758 3212 1812 ad
3241 1759 3362 1812 coeli
3388 1767 3599 1812 starent

322 1858 449 1914 ποῦ
478 1858 567 1927 ἐφ’
596 1851 754 1927 ἡμᾶς
772 1873 788 1921 ;
812 1852 921 1926 ipa
945 1851 1293 1922 ἀκουσόμεθα
1311 1850 1475 1905 αὑτοῦ
1499 1849 1747 1917 λέγοντος
1782 1836 1912 1917 ἡμῖν

2024 1853 2206 1908 limina
2239 1851 2303 1906 ad
2348 1849 2637 1905 Dominum
2667 1849 3022 1905 clamitabant
3052 1865 3065 1903 :
3093 1848 3256 1917 Aperi
3295 1847 3474 1913 nobis,
3504 1847 3596 1915 ju-

322 1954 443 2017 τοῖς
475 1954 532 2005 ἐν
560 1952 778 2021 δεσμοῖς
804 1950 1022 2011 ἀλύτοις
1040 1964 1054 1977 ·
1099 1946 1406 2010 Ἐξέλθετε
1424 1960 1436 1974 ’
1469 1943 1563 1997 καὶ
1592 1941 1712 2007 τοῖς
1740 1941 1809 1993 ἐν
1834 1937 1918 2004 τῷ

326 2042 449 2110 ἅδῃ
479 2040 591 2110 τῆς
603 2041 947 2110 μετανοίας·
976 2036 1436 2106 Συγχωρήθητε;
1459 2028 1601 2101 Ἀρα
1631 2029 1919 2099 εἰσῆλθεν

324 2139 367 2204 ἠ
394 2137 625 2208 κραυγή
647 2136 816 2206 ἡμῶν
838 2137 924 2201 εἰς
948 2136 1021 2189 τὰ
1037 2128 1157 2188 ὦτα
1185 2132 1403 2199 Kirpt'ov
1419 2148 1438 2196 ;
1470 2129 1673 2190 Πάντες
1699 2126 1756 2179 δὲ
1787 2124 1919 2177 ὲκά-

326 2233 497 2302 θηντο
543 2230 633 2283 ἀεὶ
664 2231 721 2282 ὲν
753 2227 1052 2297 ὀφθαλμοῖς
1088 2222 1267 2276 αὐτῶν
1292 2220 1525 2292 ὁρῶντες
1552 2218 1643 2271 τὴν
1668 2216 1917 2279 θάνατον,

325 2324 429 2378 καὶ
469 2324 720 2391 λέγοντες
745 2339 756 2350 ·
787 2317 934 2391 τΑρα
971 2320 1025 2372 τί
1058 2319 1118 2372 τὸ
1156 2316 1569 2386 ἀποϐησόμενον
1590 2327 1603 2340 ·
1639 2306 1748 2381 ἆρα
1774 2309 1857 2371 τίς
1884 2310 1918 2378 ἡ

326 2417 609 2486 ἀπόφασις
625 2435 639 2478 ;
663 2411 773 2486 ἆρα
786 2413 838 2467 τί
853 2412 1072 2475 τὸτέλος
1088 2410 1245 2482 ἡμῶν
1266 2427 1281 2475 ;
1300 2406 1409 2480 ipa
1426 2409 1572 2460 ἔστιν
1587 2402 1881 2472 ἀνάκλησις
1902 2418 1918 2467 ;

326 2511 445 2585 ἆρα
467 2512 583 2565 ἔστι
606 2508 953 2580 συγχώρησις
973 2508 1082 2570 τοῖς
1129 2505 1445 2568 σκοτεινοῖς,
1481 2503 1595 2564 τοῖς
1622 2497 1922 2562 ταπεινοῖς,

324 2608 444 2666 τοῖς
489 2601 833 2663 καταδίκοιςς
867 2595 974 2670 ἄρα
1021 2597 1241 2666 ῐσχυσεν
1274 2593 1429 2665 ἡμῶν
1461 2595 1493 2663 ἡ
1537 2592 1721 2662 δέησις
1750 2586 1923 2641 εἰσελ-

325 2696 448 2750 θεῖν
498 2695 728 2747 ὲνὼπιον
779 2689 1015 2760 Κυρίου;
1060 2689 1093 2758 ἦ
1141 2686 1465 2757 ἀπεστράφη
1497 2683 1722 2744 δικαίως
1767 2696 1924 2732 τετα-

326 2785 648 2854 πεινωμένη
696 2781 792 2835 καὶ
844 2776 1314 2850 κατῃσχυμμένης
1350 2770 1460 2844 ipa
1490 2772 1547 2824 δὲ
1580 2768 1920 2832 εἰσελθοῦσα,

327 2879 501 2930 πόσον
529 2871 949 2944 ὲξευμενίσατο;
984 2854 1148 2922 πόσον
1180 2868 1412 2937 ἦνυσεν;
1450 2864 1613 2916 πόσον
1638 2860 1919 2931 ὼερέλησε;

328 2968 502 3022 πόσον
521 2966 859 3035 ὲνήργησεν;
885 2958 1074 3028 ἐπειδὴ
1102 2956 1160 3020 ἐξ
1183 2958 1258 3024 (9)
1283 2955 1610 3025 ἀκαθάρτων
1638 2952 1922 3023 στομάτων

331 3061 429 3115 καὶ
458 3058 732 3127 σωμάτων
761 3049 1109 3119 ἀνεπέμφθη,
1145 3047 1240 3101 καὶ
1269 3047 1329 3100 ού
1375 3044 1575 3115 πολλὴν
1618 3042 1718 3115 τὴν
1768 3040 1921 3110 ἰσχὺν

330 3154 623 3223 κέκτηται.
656 3143 806 3219 1’Δρα
834 3146 914 3201 εἰς
944 3142 1097 3217 τέλος
1144 3137 1394 3210 διήλλαξε
1435 3137 1526 3189 τὸν
1560 3134 1784 3207 κριτήν;
1816 3128 1923 3202 ipa
1951 3188 1970 3237 (

334 3219 580 3316 μερικῶς
602 3259 617 3308 ;
640 3237 749 3312 ἄρα
772 3234 916 3290 κατὰ
933 3233 992 3286 τὸ
1023 3233 1199 3303 ἥμισυ
1222 3228 1332 3282 τῶν
1359 3227 1639 3300 μωλώπων
1660 3243 1674 3289 ;
1699 3224 1921 3296 μεγάλοι
1952 3219 1990 3238 υ

330 3338 442 3409 γὰρ
458 3329 608 3388 οὗτοι
635 3331 824 3393 ὅντως,
844 3326 940 3380 καὶ
960 3323 1171 3378 πολλῶν
1196 3320 1433 3392 ἱδρώτων
1462 3327 1556 3373 καὶ
1578 3317 1788 3388 μόχθων
1812 3316 1924 3369 δεό-

336 3407 670 3497 μενοι.⁷Αρα
699 3420 1037 3490 ἐπλησίασαν
1066 3417 1194 3487 ἡμῖν
1222 3414 1271 3467 οἱ
1299 3411 1454 3482 ἡμῶν
1492 3409 1749 3479 φύλακες,
1780 3407 1813 3479 ἢ
1845 3407 1925 3459 ἔτι

333 3517 533 3589 πόρρω
564 3514 655 3584 ἀφ’
676 3516 707 3583 ὴ
717 3512 836 3581 μῶν
856 3510 1222 3582 ὑπάρχουσιν;
1264 3503 1516 3557 Ἐκεῐνων
1540 3501 1645 3571 γὰρ
1666 3500 1745 3589 μὴν
1771 3500 1926 3589 ὲγγιξ

334 3587 542 3671 (όντων
571 3603 706 3675 πρὸς
732 3602 901 3672 ἡμᾶς,
932 3601 1040 3662 πᾶς
1070 3600 1099 3651 ὁ
1132 3595 1300 3657 κόπος
1329 3591 1486 3664 ἡμῶν
1517 3588 1799 3660 ἀνωφελὴς
1828 3587 1927 3641 καλ⁵

335 3699 600 3767 ἀνόνητος
625 3709 642 3726 ⁶
693 3694 755 3747 οὐ
787 3688 1301 3767 γὰρ’ἔχειδύναμιν
1330 3682 1647 3755 παρρησίας
1688 3682 1723 3752 ἡ
1752 3696 1926 3750 προσ-

334 3789 474 3861 ευχὴ
510 3787 687 3858 ἡμῶν,
721 3785 842 3839 οὐδὲ
868 3782 1068 3853 πτερὸν
1108 3778 1478 3850 καθαρότητος
1505 3771 1765 3827 εἰσελθεῖν
1792 3771 1928 3842 πρὸς

334 3878 572 3949 Κύριον,
601 3878 650 3929 εί
685 3875 760 3947 μή
792 3872 846 3926 τί
873 3889 938 3942 γε
959 3873 1009 3924 οἱ
1035 3868 1257 3939 ἄγγελοι
1282 3865 1439 3938 ἡμῶν
1466 3862 1929 3949 προσεγγίσαντες

334 3948 502 4040 ἡμῖν,
548 3966 752 4036 ταύτην
802 3963 1061 4026 λαϐόντες
1092 3959 1283 4032 Κυρίῳ
1325 3956 1797 4027 προσενέγκωσινέ
1827 3948 1929 4006 Οἷα

332 4064 396 4117 δὲ
426 4061 516 4135 [οί
536 4059 617 4132 δὲ]
644 4058 903 4120 πολλάκις
926 4057 1020 4111 κα)⁸
1050 4054 1188 4125 προς
1218 4051 1481 4122 ἀλλήλους
1496 4046 1809 4118 διηπόρουν,
1834 4044 1930 4098 καὶ

338 4146 736 4221 ελεγονοἋρα,
768 4147 1009 4216 ἀδελφοὶ,
1046 4144 1280 4215 ἀνύομεν
1301 4159 1316 4209 ;
1336 4138 1446 4212 ἆρα
1474 4137 1813 4207 τυγχάνομεν
1831 4135 1931 4204 τῆς

339 4245 653 4314 αἰτήσεωςς
704 4237 817 4313 ipa.
853 4238 1067 4310 δέχεται
1106 4237 1300 4302 πάλιν;
1354 4230 1465 4303 ipa
1493 4231 1735 4299 ἀνοίγει;
1783 4229 1846 4281 Ol
1873 4226 1931 4280 δὲ

335 4335 528 4405 ιτεροι
557 4332 695 4403 πρὸς
721 4330 895 4385 ταῦτα
921 4329 1283 4401 ἀπεκρίναντο
1307 4342 1321 4356 ·
1365 4323 1460 4388 Τίς
1493 4319 1652 4385 οἶδεν,
1674 4321 1749 4383 ὡς
1777 4314 1931 4372 εἷπον

341 4428 396 4479 oi
431 4424 651 4494 ἀδελφοὶ
679 4422 836 4495 ήμῶν
862 4425 909 4475 οἱ
940 4419 1221 4476 Νινευῖται
1245 4436 1259 4449 ο
1296 4419 1388 4489 Μή
1412 4432 1529 4480 πως
1558 4409 1933 4485 μεταμεληθή-

2019 1943 2143 2011 dett,
2181 1944 2339 2013 120
2360 1945 2508 2013 aperi
2535 1944 2713 2008 nobis,
2748 1940 2967 2010 quando
3003 1941 3160 2016 nobis
3212 1940 3313 2009 ipsi
3361 1941 3600 2009 peccatis

2020 2040 2223 2092 nostris
2256 2035 2401 2090 fores
2449 2035 2571 2089 εωΙί
2600 2034 2954 2099 occlusimus,
2991 2032 3141 2101 aperi
3173 2016 3351 2085 nobis.
3378 2032 3482 2084 Alii
3514 2030 3601 2084 di-

2019 2130 2309 2184 ctitabant:
2335 2126 2563 2201 Ostende
2592 2125 2741 2179 nobis
2761 2124 2935 2179 solum
2963 2123 3152 2194 faciem
3178 2135 3349 2187 tuam,
3381 2132 3431 2176 et
3464 2122 3600 2175 εαΙυὶ

2019 2222 2214 2275 erimus
2246 2219 2311 2271 ⁸⁵.
2350 2219 2502 2271 Alius
2538 2235 2551 2270 :
2585 2216 2910 2271 “luminare
2947 2215 3028 2268 Itis
3079 2215 3413 2285 miserisqui
3445 2216 3499 2267 in
3525 2224 3603 2267 ιε·-

2023 2312 2194 2365 nebris
2230 2320 2276 2360 et
2310 2310 2498 2362 umbra
2524 2308 2706 2360 mortis
2735 2308 2914 2360 sedent
2943 2306 3007 2359 ⁸⁸⁵.
3042 2306 3229 2360 Alius:
3258 2306 3375 2358 Cito
3404 2306 3602 2359 antici-

2022 2414 2141 2472 pent
2178 2418 2271 2456 nos
2310 2399 2690 2454 misericordia:
2722 2408 2844 2463 tuaz,
2874 2396 3117 2461 Domine,
3167 2398 3413 2468 quoniam
3441 2399 3603 2466 perii-

2024 2510 2162 2558 mus,
2221 2493 2349 2561 quia
2405 2489 2820 2559 desperavimns,
2860 2489 2985 2558 quia
3029 2487 3316 2557 defecimus
3354 2488 3504 2540 valde
3530 2486 3601 2540 ⁸⁷.

2022 2584 2126 2638 Alii
2158 2583 2409 2637 dicebant
2441 2600 2452 2634 :
2487 2581 2569 2633 An
2602 2579 2868 2633 Dominus
2906 2579 3103 2632 iterum
3139 2579 3604 2648 apparebitsuprr

2024 2674 2165 2729 nos?
2195 2673 2297 2725 Alii
2331 2686 2459 2725 vero
2494 2687 2507 2724 :
2541 2668 2687 2722 Num
2720 2668 2961 2721 transivit
2993 2668 3176 2720 anima
3197 2677 3379 2720 nostra
3409 2684 3602 2737 aquam

2024 2765 2185 2819 debiti
2230 2761 2618 2817 intolerabilem
2642 2751 2727 2814 ⁸⁸⁸2
2783 2741 2940 2813 Alius
2985 2777 2997 2812 :
3039 2756 3185 2811 Nunt
3240 2759 3602 2811 consolabitur

2024 2855 2282 2909 Dominus
2313 2855 2501 2907 iterum
2556 2856 2865 2920 super’nos
2894 2849 2981 2903 8’?
3031 2847 3266 2905 Putasne
3320 2850 3608 2903 audiemus

2023 2931 2315 3002 Dominum
2371 2945 2641 3009 dicentem
2698 2942 2858 2997 nobis
2920 2942 3165 3010 ‘vinculis
3221 2941 3608 2996 insolubilibus

2024 3039 2262 3095 astrictis
2291 3055 2304 3091 :
2337 3035 2527 3101 Exite;
2561 3045 2614 3090 et
2636 3035 2730 3104 qui
2763 3034 2818 3087 in
2844 3048 3066 3087 carcere
3089 3034 3423 3102 prenitentim
3451 3033 3609 3086 sede-

2026 3129 2118 3193 tis,
2156 3126 2443 3180 Laxamini
2474 3141 2504 3178 a
2528 3125 2744 3179 delictis
2765 3123 2832 3175 ’°.
2876 3122 2957 3176 An
2974 3106 3262 3192 penetravit
3288 3121 3489 3176 clamor
3509 3138 3607 3175 κοί

2024 3233 2133 3277 ster
2158 3220 2228 3273 ad
2254 3234 2407 3272 aures
2429 3217 2543 3287 ejus
2573 3215 2659 3269 "2
2687 3217 2887 3270 Omnes
2936 3230 3101 3284 porro
3140 3214 3465 3268 scssitabant
3496 3230 3608 3285 prae

2025 3313 2201 3368 oculis
2232 3326 2446 3381 semper
2480 3317 2710 3363 mortem
2767 3307 3084 3375 dcfigentes.
3124 3305 3349 3374 Ecquid,
3391 3306 3606 3375 inquie-

2025 3406 2177 3469 bant,
2204 3403 2490 3457 nobiscum
2524 3400 2657 3455 fiet?
2686 3413 2808 3479 qua:
2837 3397 3103 3465 sententia
3138 3396 3199 3469 in.
3225 3410 3325 3450 nos
3368 3396 3612 3464 profere-

2026 3498 2156 3553 tur?
2180 3497 2303 3566 quis
2333 3495 2455 3550 linis
2478 3496 2600 3548 vitie
2649 3490 2884 3545 nostrae?
2918 3489 3104 3543 Eritne
3137 3488 3342 3542 reditus
3377 3488 3443 3541 ab
3468 3489 3613 3543 exsi-

2026 3590 2104 3657 lio
2133 3589 2188 3661 in
2223 3589 2500 3643 cmlestem
2552 3584 2826 3655 patriam?
2856 3582 3044 3637 Eritne
3089 3598 3214 3661 spes
3254 3583 3423 3637 venia:
3457 3592 3612 3637 tene-

2026 3660 2433 3741 brisconfusis,
2483 3673 2736 3743 abiectis,
2807 3673 2949 3727 reis?
3001 3660 3253 3741 potuitne
3299 3673 3614 3739 deprecatio

2028 3780 2214 3825 nostra
2245 3767 2312 3823 ad
2330 3776 2686 3837 conspectum
2715 3765 2927 3820 Domini
2952 3763 3279 3836 pervenire?
3303 3764 3385 3817 An
3416 3766 3613 3820 merito

2027 3856 2229 3929 reiecta
2250 3867 2354 3923 est,
2408 3858 2620 3925 abjecta
2667 3867 2721 3911 ct
2767 3870 2893 3911 cum
2951 3855 3255 3925 ignominia
3295 3854 3612 3924 repudiata?

2032 3944 2224 4033 Utrum
2274 3936 2513 4010 admissa
2566 3952 2741 4033 potuit
2773 3950 3175 4022 aliquantulum
3228 3950 3614 4020 judicempla—

2030 4029 2190 4102 care?
2213 4055 2480 4117 quantum
2508 4029 2783 4115 profecit?
2810 4052 3076 4114 quantum
3107 4041 3350 4112 profuit?
3378 4042 3506 4111 quid
3531 4041 3612 4096 cf-

2032 4137 2199 4193 fecit?
2225 4137 2445 4208 quando
2472 4151 2540 4191 ex
2582 4135 2798 4205 impuro
2828 4148 2923 4188 ore
2972 4142 3028 4188 et
3050 4147 3281 4203 corpore
3308 4130 3478 4187 effusa
3504 4141 3613 4196 est,

2032 4243 2139 4301 non
2172 4242 2424 4299 magnam
2457 4223 2708 4296 profecto
2763 4225 2874 4279 vim
2911 4223 3191 4293 habuerit,
3239 4223 3322 4276 An
3368 4222 3610 4293 judicem

2032 4320 2189 4376 nobis
2220 4322 2435 4389 penitus
2463 4316 2878 4374 reconciliavit?
2909 4331 2977 4369 an
3004 4330 3193 4384 parum
3227 4323 3280 4369 et
3303 4315 3617 4385 aliquantu-

2031 4412 2144 4468 lum
2174 4411 2474 4466 duntaxat?
2502 4409 2583 4465 An
2618 4409 2844 4464 dimidia
2874 4407 3165 4462 vulnerum
3219 4422 3342 4476 pars
3400 4415 3617 4463 tantum

344 4532 504 4571 σεται
529 4489 768 4585 Κύριοᾷ
802 4513 913 4567 Καὶ
941 4511 1043 4566 κᾶν
1068 4511 1168 4581 τῆς
1200 4508 1405 4577 πολλῆς
1429 4505 1701 4566 κολάσεως
1727 4500 1925 4574 λυτρώ-

2036 4503 2226 4575 curata
2266 4513 2278 4547 :
2312 4508 2439 4547 nam
2500 4491 2737 4562 ingentia
2789 4490 3035 4561 profecto
3096 4489 3270 4544 multo
3320 4490 3522 4545 sudore
3562 4501 3620 4547 et

344 4626 512 4681 σηται
536 4609 706 4680 ἡμᾶς,
742 4606 891 4687 ὅμως
916 4604 1063 4675 ἡμᾶς
1095 4602 1157 4656 τὸ
1182 4600 1266 4672 ἐφ’
1297 4602 1428 4672 ἡμῖν
1456 4598 1794 4669 ποιήσωμεν.
1824 4597 1935 4651 Καὶ

338 4704 445 4758 ἑάν
478 4700 688 4771 ἀνοίξῃ,
722 4694 781 4752 εὖ
809 4697 902 4777 καὶ
936 4695 1117 4761 καλῶς
1139 4711 1154 4724 ⁸
1205 4693 1329 4748 ἐπεὶ⁵
1355 4688 1648 4762 εὐλογητὸς
1677 4687 1880 4761 Κύριος
1907 4691 1936 4743 ὀ

334 4799 499 4860 Θεὸς,
522 4796 552 4848 ὁ
574 4791 904 4854 ἀποκλείσας
923 4792 1055 4862 ἡμῖν
1080 4790 1323 4852 δικαίως.
1344 4788 1491 4858 Πλὴν
1513 4785 1624 4857 (10)
1641 4783 1937 4854 ὲπιμεὶνω-

334 4911 447 4964 μεν
482 4890 795 4958 κρούοντες,
822 4887 927 4950 ἕως
946 4880 1132 4948 τέλους
1162 4885 1261 4955 τῆς
1288 4882 1433 4954 ζωῆς
1467 4879 1623 4952 ἡμῶν
1648 4896 1662 4910 ·
1698 4880 1830 4942 ἴσως
1868 4881 1933 4948 τῇ

330 4984 516 5055 πολλῇ
545 4980 703 5051 ἡμῶν
741 4978 986 5049 ἀναιδείᾳ
1002 4976 1202 5041 ἀνοίξει
1225 4977 1381 5047 ἡμῖν.
1403 4974 1493 5027 Διὸ
1512 4973 1605 5027 καὶ
1623 4971 1849 5034 ἑαυτοὺς
1866 4970 1945 5023 δι-

325 5064 682 5143 εγείροντες,
712 5073 919 5142 ἔλεγονο
955 5070 1287 5141 Δράμωμεν,
1325 5065 1892 5137 ἀδελφοῂδράμωμεν
1920 5078 1935 5092 ·

324 5168 547 5237 δρόμου
611 5166 721 5237 γὰρ
774 5162 936 5236 χρεία
970 5163 1087 5231 ,καὶ
1130 5161 1355 5233 δρόμου,
1401 5158 1593 5227 ἐπειδὴ
1624 5150 1940 5229 τῆς.καλῆς

324 5260 503 5329 ἡμῶν
541 5257 789 5322 συνοδίας
818 5244 1232 5324 ἀπελείςρθημεν
1259 5270 1273 5285 ·
1317 5251 1617 5324 δράμωμεν
1650 5249 1726 5321 μὴ
1756 5248 1935 5318 φειδό-

336 5367 500 5421 μενοι
560 5348 763 5423 ταύτης
806 5349 907 5422 τῆς
954 5346 1208 5419 pompa;
1273 5346 1367 5399 καὶ
1417 5343 1695 5415 μοχθηρᾶς
1741 5340 1942 5412 σαρκὸς

332 5439 541 5513 ἡμῶν·
606 5438 730 5512 ἀλλ’¹
771 5428 1197 5507 ἀποκτείνωμεν
1240 5424 1445 5505 αὖτὴν,
1501 5432 1579 5495 ὼς
1620 5429 1939 5485 ἀπέκτεινεν

330 5531 519 5602 ἡμᾶς,
558 5528 748 5600 ὥσπερ
771 5530 868 5603 καὶ
893 5527 1111 5583 ἐποίουν
1139 5528 1186 5581 οἱ
1216 5516 1478 5599 μακάριοι
1500 5521 1812 5577 ὑπεύθυνοι.
1850 5520 1938 5573 Ἐν

2039 4587 2244 4658 ingenti
2276 4586 2461 4640 labore
2482 4591 2658 4649 egent.
2689 4584 2845 4652 121
2878 4582 3022 4637 Num
3057 4583 3235 4653 angeli
3269 4584 3528 4658 custodes
3546 4584 3618 4638 ad

2040 4666 2142 4761 nos
2187 4679 2400 4732 tandem
2461 4675 2779 4731 redierunt?
2826 4690 2899 4759 an
2949 4676 3130 4730 adhuc
3177 4656 3429 4745 procula
3461 4674 3620 4731 nobis

2041 4767 2276 4835 absunt?
2301 4765 2437 4819 Nam
2471 4762 2711 4834 quandiu
2745 4762 2819 4816 illi
2862 4761 3227 4831 dedignantur
3254 4761 3319 4814 ad
3340 4775 3437 4814 nos
3459 4775 3619 4814 acce-

2036 4846 2189 4927 dere,
2221 4859 2401 4912 omnis
2430 4866 2661 4912 conatus
2711 4864 2766 4908 et
2791 4853 2940 4908 labor
2975 4862 3159 4909 noster
3190 4839 3369 4906 inanis
3411 4858 3466 4907 et
3500 4855 3621 4907 inu-

2039 4953 2149 5007 tilis
2175 4962 2255 5006 rst
2284 4950 2443 5004 nobis
2470 4970 2481 5003 :
2513 4963 2611 5002 nec
2631 4946 2776 5017 enim
2810 4961 2935 5015 spes
2953 4955 3039 5000 est
3067 4946 3350 5008 libertatis,
3380 4960 3480 5000 nec
3508 4946 3620 4999 vim

2039 5040 2379 5096 confidentiae
2424 5037 2626 5091 habent
2656 5049 2844 5104 preces
2876 5044 3100 5100 nostrae,
3134 5050 3233 5091 nec
3265 5044 3476 5089 castum
3506 5037 3621 5087 ala-

2037 5150 2158 5190 rum
2185 5129 2705 5201 remigium,quibus
2727 5129 2944 5183 evolare
2973 5129 3185 5201 possint
3208 5128 3279 5204 ad
3303 5127 3617 5191 Dominum,

2037 5225 2144 5280 nisi
2169 5224 2342 5294 angeli
2372 5220 2546 5279 nostri
2578 5220 2732 5275 nobis
2763 5219 2959 5274 iterum
2995 5220 3296 5274 familiares
3333 5220 3431 5272 bas
3461 5233 3492 5271 a
3515 5233 3621 5271 no-

2042 5313 2125 5369 bis
2159 5311 2370 5366 oblatas
2423 5310 2651 5363 Domino
2708 5316 3119 5377 repraesentem.
3186 5307 3337 5361 Alias
3372 5321 3622 5376 smpenu-

2038 5429 2192 5469 mero
2224 5411 2640 5468 subdubitantes
2695 5409 2839 5464 inter
2898 5425 2957 5464 se
3015 5408 3350 5479 quazrcbant,
3393 5406 3623 5462 Proﬁci-

2043 5532 2170 5572 mus
2210 5514 2439 5585 aliquid,
2471 5511 2706 5568 fratres?
2742 5509 3090 5582 potiemurne
3115 5518 3242 5566 voto
3265 5508 3496 5564 nostro?
3516 5508 3626 5563 Ad-

418 5708 470 5743 ⁸⁸
506 5706 652 5764 Psal.
687 5674 875 5776 Litus,
904 5708 996 5765 20.
1070 5707 1119 5741 "
1149 5704 1282 5763 Luc.
1314 5720 1355 5770 ι,
1379 5703 1468 5760 79.
1544 5701 1588 5735 ⁸⁷
1614 5699 1763 5755 Psal.
1790 5711 2021 5763 Lxxvm,
2051 5693 2107 5753 8.
2182 5694 2229 5729 "
2253 5693 2597 5762 Psalcxxm,
2626 5692 2679 5750 5.
2756 5689 2941 5768 "Job.
2975 5702 3109 5757 xui,
3145 5687 3236 5746 ﬂ.
3310 5687 3359 5721 ”
3393 5686 3626 5754 Ismara,

337 5781 441 5836 ιι.
508 5780 554 5813 ’⁸
584 5778 706 5836 Job.
731 5791 869 5849 xxx,
898 5778 989 5836 20.
