4110 6450
536 407 603 430 μευ

547 407 603 430 lg"

547 405 637 466 “’1

1804 396 1862 456 S.
1897 395 2140 456 IOANN
2153 395 2220 453 IS
2247 395 2366 454 CLI
2374 396 2554 457 MACI

3712 401 3828 468 772

539 513 777 570 mittitne
832 524 1019 578 preces
1083 517 1301 560 nostras
1350 505 1583 558 iterum?
1627 505 1899 559 iterumne
1951 505 2122 574 aperit

2230 503 2458 568 ἐκείνοις
2482 505 2694 576 ἑωρᾶτο
2721 507 2924 575 γόνατα
2957 507 3338 578 ἐπεσκληκότα
3366 508 3447 582 τῷ
3478 510 3676 582 πλήθει
3709 515 3827 567 τῶν

541 601 738 656 nobis?
763 601 840 653 Ad
874 615 994 668 qurc
1021 598 1108 648 alii
1137 615 1150 650 :
1178 595 1334 660 Quis,
1369 593 1645 662 inquiunt,
1684 592 1858 656 novit,
1895 601 1955 646 ut
1991 592 2122 646 olim

543 696 739 749 fratres
772 691 941 745 nostri
986 687 1235 741 Niniviue
1264 685 1516 740 dicebant
1533 686 1618 738 "z
1657 683 1737 738 An
1771 691 2126 740 convertatur

539 785 824 849 Dominus,
847 791 901 836 et
933 781 1000 836 ab
1031 778 1254 833 immani
1280 779 1366 833 illa
1395 792 1556 848 pmna
1585 793 1686 833 nos
1709 777 1936 832 liberet?
1968 775 2038 831 Ut
2067 784 2128 831 ut

539 848 633 944 sit,
654 893 753 932 nos
775 848 1017 928 nostrum
1043 872 1308 926 faciamus
1329 869 1586 924 ofﬁcium.
1606 869 1671 938 Et
1695 870 1738 922 si
1762 868 1979 938 quidem
2001 882 2128 938 ape-

537 971 710 1027 ruerit
739 968 916 1028 nobis,
947 966 1085 1019 bene
1115 972 1218 1018 est.
1247 961 1340 1016 Sin
1382 961 1529 1016 aliud
1557 962 1738 1017 visum
1773 961 1849 1015 illi
1876 977 1892 1027 ;
1925 960 2129 1015 nihilo-

537 1063 720 1116 minus
763 1058 1076 1113 benedictus
1109 1055 1372 1109 Dominus
1420 1053 1598 1118 Dens,
1645 1053 1740 1122 qui
1787 1052 1985 1106 merito
2024 1065 2126 1107 nos

539 1153 790 1209 ettrtlusit.
847 1150 1142 1204 Enintvero
1203 1163 1613 1218 perseveremus
1647 1146 1917 1217 pulsando
1951 1159 2126 1217 usque

539 1247 604 1300 ad
631 1246 794 1300 linem
821 1244 945 1298 vitae
973 1251 1192 1304 nostrae,
1231 1237 1464 1293 fortasse
1524 1246 1750 1308 propter
1795 1235 2126 1307 importuni-

537 1346 702 1390 tatem
777 1343 830 1387 et
891 1329 1282 1400 imprudentiam
1375 1337 1616 1382 nostram
1675 1329 1882 1398 aperiet
1943 1327 2122 1382 nobis.

538 1427 680 1497 Ergo
718 1442 776 1480 se
800 1425 946 1494 ipsos
980 1420 1270 1477 excitando
1317 1419 1574 1476 dicebant
1608 1438 1622 1474 :
1652 1419 1980 1486 Curramus,
2009 1418 2122 1474 fra-

539 1528 670 1580 tres,
727 1531 1036 1570 cmi-amns.
1067 1514 1216 1582 Opus
1269 1521 1352 1568 est
1407 1513 1552 1566 enim
1597 1527 1788 1579 cursu,
1824 1521 1876 1566 et
1897 1521 2124 1566 conten-

541 1608 752 1664 tissimn
779 1622 964 1672 cursu,
995 1603 1216 1674 quando
1240 1613 1485 1659 sanctam
1523 1603 1838 1658 societatem
1876 1612 2120 1658 nostram

537 1699 904 1756 deseruimus.
959 1696 1280 1759 Curramus.
1332 1711 1508 1766 neque
1553 1697 1766 1764 impuro
1824 1703 1878 1750 et
1923 1710 2124 1750 terum-

511 1807 679 1850 ‘uOso
708 1791 923 1862 corpori
960 1798 1150 1844 nostro
1183 1803 1492 1858 parcamus,
1527 1789 1618 1842 sed
1676 1799 1974 1843 mactemus
2003 1802 2124 1842 car-

539 1901 662 1940 nem
695 1893 963 1946 nostram,
997 1881 1460 1952 quemadmodum
1500 1882 1588 1934 illa
1623 1883 1882 1935 mactavit
1905 1881 2117 1935 animas

540 1983 794 2029 nostras:
827 1971 972 2043 quod
1005 1980 1058 2025 et
1087 1969 1518 2025 facielnmtbeati
1544 1969 1618 2022 illi
1651 1970 1716 2022 ad
1745 1971 1898 2023 illum
1931 1983 2118 2024 carce-

539 2079 652 2120 rem
687 2064 950 2120 damnati.
983 2065 1113 2119 Erat
1157 2063 1342 2118 videre
1399 2065 1451 2116 in
1510 2063 1616 2117 illis
1659 2078 1858 2131 genua.
1895 2076 2018 2132 quae
2053 2077 2118 2116 ex

539 2156 758 2213 assidua
805 2155 1267 2227 geniculationum
1327 2153 1726 2211 consuetudine
1771 2153 1970 2208 callum
2018 2153 2122 2206 ob-

538 2249 854 2305 duxerant:
889 2247 1080 2302 oculos
1117 2261 1310 2300 exesos
1359 2255 1414 2300 et
1457 2246 1685 2315 depiles.
1751 2246 2002 2316 altosque
2063 2245 2119 2300 in

537 2343 694 2399 simis
753 2339 950 2410 capitis
1015 2339 1378 2394 recedentes:
1429 2354 1596 2409 genus
1643 2338 1802 2407 122
1847 2338 2124 2394 habebant

535 2433 776 2498 saucias,
804 2441 858 2486 et
889 2431 1084 2486 ardore
1107 2428 1429 2484 ferventium
1459 2431 1825 2500 laerymarum
1855 2429 2079 2484 adustas
2105 2448 2118 2485 :

536 2523 832 2593 vultusque
905 2521 1172 2592 pallentes
1243 2529 1296 2574 et
1337 2521 1629 2576 cmaciatas
1683 2519 1872 2587 facies,
1917 2522 2051 2576 nihil
2095 2537 2124 2576 a

535 2614 792 2676 mortuis,
817 2612 864 2668 si
893 2611 1192 2678 conferres,
1214 2610 1552 2678 differentes;
1587 2619 1804 2680 pectora
1841 2613 2124 2682 plagarum

537 2705 736 2762 ictibus
774 2705 1012 2768 liventia,
1057 2711 1112 2759 et
1143 2720 1174 2759 e
1213 2704 1419 2758 crebris
1451 2719 1756 2772 pugnorum
1799 2705 2121 2760 verberibus

537 2810 786 2864 cruenta,
819 2799 1103 2870 sanguinis
1129 2815 1195 2854 ex
1226 2807 1448 2868 pectore
1485 2797 1682 2866 rejecta
1709 2807 1888 2867 sputa.
1922 2795 2027 2852 Ubi
2059 2799 2124 2851 il-

537 2891 606 2944 lic.
639 2893 805 2945 lectus
843 2893 1008 2961 quieti
1041 2892 1287 2960 positus?
1341 2891 1430 2944 ubi
1484 2891 1798 2954 mundities,
1852 2899 1905 2944 et
1933 2892 2124 2946 adver-

539 2999 634 3036 sus
691 2983 892 3051 frigora
950 2984 1119 3036 vestis
1167 2981 1606 3034 inunimeutnm?
1659 2981 1830 3051 Rupta
1859 2992 1910 3036 et
1945 2983 2124 3038 lacera

537 3073 719 3126 omnia
754 3081 806 3126 et
839 3072 1141 3142 inquinata,
1170 3071 1532 3138 sordibusqne
1569 3072 1878 3125 verminum
1907 3082 2124 3127 scaten-

2231 597 2528 665 μετανοιῶν
2555 615 2567 627 ·
2602 601 2650 652 οἱ
2681 598 2952 671 ὀφθαλμοὶ
2991 603 3314 668 ἐκτακέντες
3342 605 3434 659 καὶ
3461 604 3572 659 ἔσω
3596 621 3703 660 που
3743 609 3830 671 είς

2229 687 2390 758 βάθος
2429 691 2748 767 δεδυκῦτες’
2803 695 3008 764 τριχῶν
3061 696 3534 768 ἀπεστερημένοι,
3584 700 3829 770 παρειὰς

2227 785 2554 854 κεκτημένοι
2581 785 2690 856 (ll)
2723 787 3144 858 πεπληγμένας,
3176 789 3270 842 καῖ¹
3297 791 3828 864 περιπεφλεγμὲνας

2227 877 2294 946 τῇ
2327 875 2474 940 ζέσει
2523 877 2631 932 τῶν
2675 878 2886 933 πολλῶν
2913 879 3165 948 δακρύων
3189 898 3204 912 ·
3249 883 3520 952 πρόσωπα
3567 874 3824 955 καταῖιε-

2231 968 2559 1038 μαρασμένα
2595 969 2692 1024 καὶ
2732 971 2908 1041 ὠχρὰ,
2964 972 3130 1043 μηδὲν
3183 975 3240 1026 ἐν
3278 976 3564 1046 συγκρίσει
3607 978 3824 1048 νεκρῶν

2226 1057 2552 1131 διαφέροντα
2576 1076 2591 1090 ’
2631 1061 2800 1133 στήθη
2824 1065 2944 1126 ταῖς
2966 1064 3204 1135 πληγαῖς
3231 1065 3508 1134 ἀλγοῦντα
3537 1067 3632 1122 καὶ
3653 1070 3822 1140 αἱμά-

2227 1168 2336 1204 των
2371 1151 2589 1206 πτύελοι
2642 1153 2706 1205 ἐκ
2749 1153 2860 1206 τῶν
2897 1156 2955 1207 ἐν
2992 1153 3071 1225 τῷ
3113 1155 3302 1227 στήθει
3333 1158 3572 1228 πυγμῶν
3607 1161 3825 1232 ἐκπεμο

2228 1241 2474 1310 πιόμενοι.
2502 1242 2611 1294 Ποῦ
2631 1237 2700 1314 ἦν
2729 1244 2847 1300 ἐκεῖ
2872 1248 3162 1316 στρωμνῆς
3189 1249 3526 1314 κατάστασις
3548 1268 3563 1316 ;
3601 1251 3706 1306 ποῦ
3731 1255 3824 1306 ἐν-

2227 1333 2465 1402 δύματος
2493 1333 2798 1405 καθαρότης
2827 1335 2860 1406 ἦ
2889 1339 3208 1410 στερεότηςς
3256 1340 3418 1395 Ἀλλὰ
3447 1342 3824 1415 διερῤηγμένα

2228 1421 2320 1474 καὶ
2356 1423 2640 1492 ῥυπῶντα,
2671 1425 2764 1478 καὶ
2796 1427 2900 1480 ὑπὸ
2927 1427 3020 1481 τοῦ
3053 1428 3275 1501 φθειρὸς
3308 1433 3820 1505 ἐπικεκαλυμμένα.

2227 1507 2293 1561 Τί
2326 1509 2464 1579 πρὸς
2507 1511 2750 1578 ἐκείνους
2782 1517 2815 1585 η
2864 1514 2973 1569 τῶν
3012 1517 3392 1590 δαιμονῶντων
3433 1525 3821 1592 κακοπάθεια;

2226 1599 2280 1652 τί
2310 1602 2344 1671 ἡ
2377 1600 2489 1654 τῶν
2523 1605 2748 1674 νεκροὺς
2789 1606 3170 1675 πενθούντων;
3215 1611 3268 1664 τί
3308 1613 3341 1684 ἡ
3384 1613 3493 1667 τῶν
3535 1617 3594 1668 ἐν
3631 1615 3823 1688 ἐξορίᾳ

2224 1691 2529 1760 διαγόντων
2559 1711 2576 1761 ;
2620 1695 2676 1748 τί
2709 1697 2740 1767 ἡ
2774 1697 2880 1750 τῶν
2908 1699 2999 1751 ἐπὶ
3035 1699 3216 1769 φόνοις
3247 1704 3553 1759 καταδίκων
3586 1725 3602 1774 ;
3649 1708 3822 1761 Οὐδὲν

2223 1781 2393 1849 ὅντως
2419 1786 2450 1856 ἡ
2476 1786 2702 1840 ἐκείνων
2721 1787 2974 1858 βάσανος,
3004 1791 3098 1845 καὶ
3127 1795 3366 1865 τιμωρία
3385 1798 3658 1864 ἀκούσιος,
3683 1801 3824 1871 πρὸς

2223 1871 2324 1944 τὴν
2352 1873 2560 1928 τούτων
2589 1876 2858 1931 ἑκούσιον.
2911 1881 3020 1934 Καὶ
3051 1881 3127 1951 μὴ
3177 1883 3380 1952 μύθους
3431 1887 3499 1940 τὰ
3545 1892 3822 1961 εἰρημένα

2219 1963 2530 2037 λογίσησθε,
2559 1968 2768 2038 ἐρωτῶ,
2795 1969 3032 2041 ἀδελφοί.
3068 1973 3409 2030 Ἐδυσὼπουν
3439 1979 3699 2044 πολλάκις
3727 1983 3826 2036 τὸν

2222 2063 2417 2133 κριτὴν
2445 2061 2536 2118 τὸν
2582 2063 2759 2134 μέγαν
2790 2067 3019 2132 ἐκεῖνον,
3060 2067 3152 2122 τὸν
3205 2071 3442 2141 ποιμένα
3491 2073 3674 2142 λέγω,
3725 2076 3822 2129 τὸν

2223 2147 2458 2221 ἄγγελον
2499 2156 2560 2210 ἐν
2596 2156 2912 2229 ἀνθρώποις
2936 2177 2950 2192 ⁸
2997 2164 3091 2216 καὶ
3118 2165 3464 2236 παρεκάλουν
3500 2167 3692 2240 σίδηρα
3723 2171 3825 2223 καὶ

2225 2243 2382 2300 κλοιὰ
2425 2248 2484 2300 ἐν
2518 2249 2676 2321 χερσὶ
2719 2251 2815 2305 καὶ
2846 2255 3100 2327 τραχήλῳ
3143 2258 3502 2327 περιθέσθαι·
3560 2263 3654 2314 καὶ
3691 2264 3823 2324 τοὺς

2227 2338 2394 2404 πόδας
2421 2341 2481 2393 ἐν
2509 2343 2587 2412 τῷ
2615 2342 2722 2396 τῶν
2749 2347 3066 2416 πασχόντων
3111 2351 3617 2422 κατασφαλισθῆναι
3651 2353 3820 2425 ξύλῳ,

2227 2432 2318 2484 καὶ
2361 2432 2438 2505 μὴ
2486 2436 2754 2507 πρότερον
2798 2439 3008 2494 ἐκεῖθεν
3061 2441 3309 2510 λυθῆναι,
3363 2445 3490 2516 ἄχρι
3537 2445 3726 2500 λοιπὸν
3759 2449 3823 2502 τὸ

2231 2525 2423 2596 μνῆμα
2450 2527 2772 2597 διαδέξεται,
2806 2532 2944 2605 πλὴν
2969 2535 3092 2588 οὐδὲ
3121 2533 3184 2590 τδ
3215 2537 3424 2608 μνῆμα.
3469 2539 3544 2592 Ού
3581 2539 3656 2611 μὴ
3682 2541 3816 2614 γὰρ,

2227 2619 2288 2668 ού
2313 2617 2387 2690 μὴ
2411 2620 2605 2691 κρύψω
2626 2623 2747 2678 οὐδὲ
2773 2624 2977 2696 ταύτην
3007 2627 3186 2682 αὐτῶν
3207 2630 3315 2683 τῶν
3341 2632 3626 2704 μακαρίων
3648 2633 3821 2700 ὅντως

2229 2710 2541 2786 ἡλεημένην
2593 2701 2942 2784 ταπείνωσιν,
3001 2721 3094 2774 καὶ
3149 2725 3622 2796 συντετριμμένην
3681 2727 3820 2798 προς

2226 2802 2361 2857 Θεὸν
2391 2805 2612 2879 ἀγάπην
2641 2809 2736 2863 καὶ
2793 2811 3102 2880 μετάνοιαν.
3139 2816 3440 2879 Μέλλοντες
3469 2819 3650 2871 τοίνυν
3681 2821 3819 2890 πρὸς

2228 2896 2433 2969 Κύριον
2463 2900 2820 2971 πορεύεσθαι,
2857 2905 2952 2960 καὶ
2985 2905 3061 2976 τῷ
3093 2906 3374 2980 ἀδεκάστῳ
3429 2909 3635 2982 βήματι
3674 2929 3820 2984 παρ-

2229 2989 2499 3057 ίστασθαι,
2531 2993 2687 3048 καλοὶ
2718 2997 2916 3050 ἐκεῖνοι
2949 2999 3048 3068 τῆς
3071 2997 3254 3071 χώρας
3281 3002 3377 3073 τῆς
3396 3005 3684 3072 μετανοίας
3715 3023 3819 3060 πο-

2225 3082 2388 3151 λῖται,
2413 3086 2650 3154 ὁπηνίκα
2681 3105 2764 3150 τις
2815 3088 2994 3142 αὐτῶν
3019 3092 3076 3142 ἐν
3112 3091 3191 3163 τῷ
3220 3093 3332 3162 (12)
3380 3095 3542 3148 παντὶ
3590 3095 3819 3168 ἐθεώρει

536 3164 635 3218 tia.
671 3161 812 3217 Nihil
847 3163 912 3217 ad
943 3163 1138 3218 horum
1186 3161 1502 3232 patientiam
1553 3163 1903 3218 obsessorum
1949 3180 1979 3220 a
2005 3165 2118 3220 dae-

2226 3173 2436 3239 ἐαυτδν,
2470 3175 2626 3229 τοῦτο
2669 3176 2760 3230 διὰ
2808 3175 2904 3231 τοῦ
2949 3180 3292 3251 προεστῶτος
3333 3183 3512 3238 αὐτῶν
3545 3185 3818 3242 ἐδυσώπει

538 3255 798 3309 monibus
828 3255 1081 3320 vexatio;
1138 3254 1274 3308 nihil
1327 3264 1664 3309 mortuorum
1724 3256 1930 3321 luctus;
1986 3254 2154 3310 nihil'

541 3343 600 3399 in
633 3345 825 3398 exsilio
868 3345 1179 3414 degentium
1251 3345 1568 3414 calamitas;
1620 3347 1752 3400 nihil
1799 3348 2122 3416 supplicium

540 3436 972 3506 parricidarum;
1010 3437 1146 3492 nihil
1202 3453 1389 3492 revera
1424 3438 1642 3492 illorum
1669 3456 1862 3510 preme,
1895 3450 1950 3494 et
1985 3440 2126 3495 inlli-

542 3535 628 3579 cta
656 3535 925 3580 tormenta
957 3528 1023 3580 ad
1053 3527 1418 3581 voluntariam
1456 3528 1648 3582 horum
1700 3531 2120 3600 castigationem

539 3620 594 3666 et
634 3611 1039 3668 carnificinam.
1089 3613 1262 3684 Rogo.
1305 3613 1525 3679 fratres,
1585 3618 1752 3673 nolite
1806 3630 2000 3690 putare
2037 3635 2124 3675 me

539 3703 698 3759 vobis
732 3703 944 3761 fabulas
977 3721 1219 3760 narrare.
1258 3705 1540 3777 Rogabant
1571 3708 1647 3762 illi
1680 3725 1824 3780 sape
1857 3711 2120 3766 eximium

538 3809 700 3849 suum
742 3795 1136 3851 moderatorem
1167 3805 1219 3852 et
1248 3799 1506 3868 iudicem,
1541 3811 1836 3870 pastorem,
1873 3803 2120 3874 inquam,

538 3888 595 3936 et
619 3884 866 3952 angelum
903 3885 1044 3962 inter
1090 3885 1340 3942 homines
1369 3899 1674 3943 versantem
1699 3933 1713 3957 ,
1766 3903 1820 3945 et
1864 3893 2118 3962 petebant

539 3972 619 4026 uti
655 3973 857 4028 collum
880 3955 1136 4030 nun'iellis
1155 3985 1208 4030 et
1230 3979 1460 4044 caeteris,
1487 3981 1720 4036 manicis
1749 3981 1968 4038 brachia
1992 4000 2124 4040 con-

541 4061 956 4132 Stringercntur,
1018 4065 1184 4134 pedes
1243 4067 1388 4138 lippo
1430 4079 1485 4125 et
1533 4071 1730 4126 robore
1761 4089 1978 4130 reorum
2011 4077 2119 4132 ritu

540 4149 970 4219 includerentur,
1001 4169 1102 4210 nec
1133 4157 1287 4226 prius
1329 4157 1456 4213 inde
1508 4161 1914 4230 expedirentur,
1945 4165 2123 4223 donec

539 4241 791 4310 sepulcro
823 4242 1320 4312 inferrentur,imo
1379 4264 1480 4304 nec
1535 4252 1782 4322 sepulcro
1830 4269 1890 4310 se
1925 4255 2122 4326 digna-

542 4333 762 4390 bantur.
797 4335 1149 4408 Nequaquam
1196 4341 1362 4408 enim,
1399 4357 1741 4414 nequaquam
1783 4348 2042 4416 reticebo,
2068 4359 2122 4424 et

542 4423 687 4480 hanc
716 4442 842 4482 vere
879 4439 1198 4485 sanctorum
1244 4433 1462 4488 illorum
1507 4435 1869 4492 miserandam
1900 4423 2123 4497 humili?-

541 4524 728 4581 tatem,
775 4529 828 4573 et
865 4522 1226 4578 humillimam
1273 4525 1328 4580 in
1357 4523 1527 4581 Deum
1557 4527 1880 4584 charitatem
1913 4545 1977 4587 ac
2013 4548 2125 4602 ρω-
2152 4515 2204 4579 ν
2230 4515 2368 4613 δίκε,

542 4609 868 4665 nitudinem.
901 4611 1131 4678 Quando
1174 4629 1304 4685 ergo
1335 4617 1498 4686 aliqui
1539 4634 1638 4689 per
1663 4630 1894 4678 mortem
1929 4624 1996 4680 ad
2021 4625 2128 4680 Do-

541 4699 750 4754 minum
773 4709 929 4756 erant
956 4703 1276 4773 profer-turi,
1299 4707 1368 4760 ad
1407 4708 1746 4766 inexorabile
1767 4712 1972 4782 judicis
2023 4715 2123 4772 tri-

541 4790 702 4846 bunal
729 4791 978 4861 sistendi,
1019 4803 1132 4850 tum
1165 4812 1231 4851 ex
1272 4797 1620 4870 inclytisillis
1646 4803 1700 4856 in
1752 4802 1872 4858 loco
1899 4805 1991 4859 illo
2021 4820 2122 4876 pm-

2232 4790 2496 4886 ἔιρθασας,
2519 4820 2552 4892 ἢ
2575 4823 2674 4877 οὐκ

542 4882 783 4939 nitentia:
796 4883 1118 4956 degentibus
1135 4886 1368 4956 civibus,
1389 4892 1608 4961 quando
1629 4893 1753 4964 quis
1775 4909 1838 4950 ex
1861 4894 1968 4952 illis
1993 4911 2054 4954 se
2070 4899 2124 4956 in

545 4975 703 5050 123
748 4980 1148 5037 valetudinario
1193 4985 1500 5056 depositum
1557 4987 1800 5055 videbat,
1825 4992 2117 5061 praesidem

540 5070 692 5126 illum
734 5071 996 5128 eximium
1043 5089 1142 5144 per
1200 5075 1590 5146 jusjurandum
1647 5081 1893 5152 rogabat,
1954 5100 2024 5140 ne
2061 5100 2122 5143 se

540 5165 819 5219 communi
852 5165 1138 5222 hominum
1167 5169 1451 5239 sepultura
1473 5171 1814 5243 dignaretur,
1847 5175 1944 5232 sed
1971 5192 2124 5234 more

538 5259 807 5325 pecudum
840 5296 855 5321 ,
881 5259 968 5313 vel
1001 5257 1056 5313 in
1087 5257 1289 5316 ﬂumen
1316 5262 1596 5334 abjiceret,
1629 5265 1711 5320 vel
1747 5266 1874 5323 feris
1909 5268 1962 5324 in
1987 5284 2120 5340 agro

537 5346 912 5402 devorandum
939 5361 1254 5420 exponeret.
1287 5349 1444 5420 Quod
1471 5355 1668 5411 horum
1707 5359 1959 5426 antistes,
1991 5375 2122 5432 pru-

537 5435 735 5492 dentia:
759 5438 965 5506 lumen,
995 5440 1250 5510 precibus
1289 5443 1506 5499 illorum
1549 5446 1844 5504 obsecutus
1875 5465 2122 5521 saepenu-

537 5543 690 5583 mero
716 5529 862 5596 fecit,
889 5530 1164 5602 iussitque
1193 5535 1344 5590 omni
1373 5539 1788 5608 exsequiarum,
1813 5550 1867 5596 et
1893 5558 2116 5612 precum

536 5615 848 5676 funebrium
880 5622 1086 5678 honore
1121 5626 1362 5695 privatos
1391 5627 1538 5684 foras
1574 5629 1786 5700 projiei.
1823 5632 1928 5688 Sed
1968 5635 2114 5692 enim

607 5793 654 5828 ”
679 5792 804 5846 Jon.
841 5807 927 5863 ut,
958 5795 1015 5852 θ.

2231 3265 2350 3335 μεθ’
2380 3267 2557 3338 ὅρκων
2611 3266 2704 3320 τὸν
2735 3269 2930 3339 μέγαν,
2973 3270 3069 3322 τοῦ
3111 3271 3187 3344 μὴ
3221 3273 3623 3347 καταξιωθῆναι
3651 3279 3822 3334 αὑτὸν

2227 3356 2573 3430 ἀνθρωπίνης
2617 3359 2817 3430 ταφῆς,
2860 3359 3000 3414 ἀλλὰ
3047 3362 3264 3432 ἀλόγου,
3301 3365 3332 3436 ἥ
3368 3367 3426 3419 ἐν
3484 3367 3562 3438 τῷ
3611 3370 3819 3444 ῥείθρῳ

2225 3445 2320 3499 τοῦ
2341 3447 2608 3519 ποταμοῦ,
2637 3449 2670 3520 ἢ
2693 3452 2750 3503 ἐν
2772 3449 2848 3521 τῷ
2871 3451 3026 3524 ἀγρῷ
3044 3457 3154 3518 τοῖς
3179 3454 3386 3527 θηρίοις
3413 3459 3775 3532 παραδοθῆναι
3795 3481 3813 3494 ’

2226 3539 2363 3610 ὅπερ
2391 3539 2650 3606 πολλάκις
2675 3541 2771 3596 καὶ
2799 3543 3106 3614 ὑπήκουσεν
3155 3545 3442 3620 [ἐποίησεν
3471 3551 3816 3626 ὑπακούσας]

2227 3631 2256 3682 ὁ
2287 3631 2388 3701 τῆς
2447 3631 2773 3702 διακρίσεως
2803 3633 3016 3706 λύχνος,
3065 3637 3383 3710 ψαλμῳδίας
3413 3659 3471 3696 τε
3503 3643 3682 3714 πάσης
3723 3647 3818 3700 καὶ

2224 3725 2390 3794 τιμῆς
2436 3725 2833 3796 ἐστερημένους
2878 3728 3244 3796 ἐξοδιάζεσθαι
3282 3733 3540 3790 κελεύων.
3594 3733 3722 3790 Οἷον
3757 3743 3815 3798 δὲ

2226 3815 2321 3867 καὶ
2349 3815 2406 3868 τὸ
2437 3814 2614 3886 θέαμα
2637 3818 2868 3891 φοϐερὸν
2887 3821 2980 3874 καὶ
3007 3821 3236 3878 ἐλεεινὸν
3264 3826 3362 3896 τῆς
3389 3827 3613 3882 ἐκείνων
3640 3829 3812 3902 ἐσχά-

2224 3923 2326 3978 της
2353 3905 2502 3978 ῶρας
2531 3925 2542 3937 ·
2597 3910 2796 3964 ὁπόταν
2823 3911 2934 3984 γὰρ
2973 3914 3022 3967 οἱ
3053 3917 3439 3984 συγκατάδικοι
3484 3919 3574 3974 τὸν
3604 3938 3815 3993 προπο-

2231 3997 2518 4068 ρευὸμενον
2544 3999 2880 4056 τελειοῦσθαι
2910 4003 3174 4074 μέλλοντα
3197 4006 3446 4080 ᾔσθοντο,
3471 4009 3552 4067 ἔτι
3575 4013 3669 4067 τοῦ
3690 4015 3814 4080 νοὸς

2225 4086 2539 4159 ἐρρωμένου
2567 4107 2722 4162 περιε
2733 4092 2962 4148 κύκλουν
2993 4098 3086 4150 καὶ
3113 4097 3396 4168 διψῶντες,
3423 4103 3518 4157 καὶ
3550 4106 3812 4162 πενθοῦν-

2224 4191 2318 4240 τες
2351 4177 2702 4253 ἐλεεινοτάτῳ
2729 4181 2852 4254 ηθει
2880 4173 2976 4238 καὶ
3006 4188 3320 4262 σκυθρωπῷ
3347 4191 3491 4264 λόγῳ
3515 4195 3614 4268 τὴν
3646 4215 3813 4268 κεφαο

2223 4266 2322 4340 λὴν
2355 4269 2590 4335 σείοντες
2611 4271 2710 4342 τὴν
2734 4274 2942 4328 ἑαυτῶν
2967 4275 3088 4350 [τὰς
3113 4281 3323 4335 ἑαυτῶν
3351 4266 3641 4360 κεφαλὰς],
3667 4266 3818 4360 ἠρῶ-

2223 4377 2333 4416 των
2360 4361 2452 4416 τὸν
2482 4364 2800 4421 ἐκλείποντα
2826 4385 2840 4400 ·
2888 4368 2982 4422 καὶ
3006 4371 3286 4442 καιόμενοι
3309 4377 3377 4447 τῇ
3406 4378 3720 4451 συμπαθείᾳ
3741 4385 3814 4456 τῇ

2226 4452 2362 4527 πρὸς
2397 4455 2558 4510 αὐτὸν
2580 4457 2800 4527 ἔλεγον·
2852 4460 2917 4512 Τί
2953 4462 3123 4530 ἐστιν,
3167 4463 3368 4535 ἁδελφὲ
3411 4467 3506 4522 καὶ
3541 4452 3816 4540 συγκατάζ

2409 4546 2562 4617 πῶς;
2588 4549 2639 4604 τί
2667 4549 2880 4621 λέγεις;
2911 4553 2964 4606 τί
2993 4555 3270 4624 ἐλπίζεις;
3297 4558 3352 4612 τί
3375 4559 3813 4632 ὑπολαμϐάνειςς

2234 4635 2475 4726 Ἧνυσας
2527 4639 2592 4694 ἐκ
2636 4642 2730 4696 τοῦ
2755 4641 2866 4715 (15)
2917 4643 3088 4698 κόπου
3137 4646 3196 4701 τὸ
3235 4647 3590 4722 ζητούμενον,
3628 4653 3664 4726 ἢ
3712 4655 3818 4711 οὐκ

2233 4725 2494 4817 ίσχυσας;
2563 4732 2856 4802 Ἠνοιξας,
2919 4735 2954 4807 ἢ
3015 4737 3318 4806 ὑπεύθυνος
3371 4740 3454 4796 ἔτι
3505 4725 3815 4817 ὑπάρχειςς

2696 4825 2986 4897 ἐπέτυχεςς
3007 4825 3252 4894 ,Ἔλαδὲς
3269 4847 3394 4887 τινα
3417 4832 3814 4908 πληροφορίαν,

2228 4907 2262 4980 ἢ
2295 4909 2488 4980 ἄδηλον
2535 4911 2680 4983 ἔχεις
2709 4913 2809 4987 τὴν
2845 4917 3034 4972 ἐλπίδα
3063 4937 3078 4988 ;
3135 4921 3379 4993 Εῐληφας
3407 4907 3746 5000 ἐλευθερίαν,
3779 4933 3816 5006 ἢ

2228 5002 2498 5058 κλονεῖται
2543 5005 2637 5059 καὶ
2683 5007 3015 5080 ἀμφιϐάλλει
3078 5011 3160 5066 ἔτι
3201 5013 3233 5067 ό
3259 5012 3557 5088 λογισμός;
3603 5002 3817 5092 ᾜσθού

2229 5092 2374 5182 τινὸς
2405 5095 2554 5182 ἐν-τῇ
2580 5097 2776 5169 καρδίᾳ
2797 5101 3103 5173 φωτισμοῦ,
3131 5103 3165 5175 ἢ
3199 5106 3556 5182 ἐσκοτισμένη
3588 5107 3671 5166 ἔτι
3721 5113 3819 5168 καὶ

2228 5177 2550 5289 ἠτιμωιεέξη
2597 5183 2862 5289 ﬁniam;
2911 5188 3158 5289 ’ξῑγένεςεό
3185 5210 3272 5258 τις
3315 5195 3375 5253 ὲν
3409 5197 3494 5252 σοι
3539 5177 3693 5270 ἐρωνὴ
3731 5199 3829 5289 nu;

2228 5284 2402 5337 γουσα
2435 5269 2581 5328 ἔνδον
2601 5289 2616 5306 ο
2670 5275 2784 5330 Ἴδε
2827 5277 3008 5348 ὑγιὴς
3041 5281 3326 5352 τέγοιεαςο
3372 5287 3430 5358 ἢ,
3501 5269 3815 5362 Ἀφέωνταί

2224 5373 2344 5452 o'oy
2374 5365 2436 5418 al
2469 5363 2745 5436 ἁμαρτίαι
2766 5385 2782 5401 ο
2827 5368 2885 5440 ἢ,
2955 5369 3016 5426 Ἠ
3051 5374 3258 5442 πίστις
3292 5393 3410 5434 σου
3435 5381 3670 5452 σέσωκέ
3700 5399 3780 5438 σε
3793 5397 3817 5448 ;

2224 5451 2258 5522 ἦ
2287 5446 2398 5524 ἆρα
2426 5453 2506 5508 ἐτι
2534 5457 2747 5530 ἐκείνης
2777 5460 2996 5527 ἀκούεις
3025 5463 3126 5535 τῆς
3149 5464 3414 5542 λεγούσης
3432 5486 3449 5504 ο
3496 5446 3816 5544 Ἀποστραξ

2223 5543 2518 5612 φήτωσαν
2539 5552 2592 5603 οι
2613 5549 2950 5619 ἁμαρτωλοί
2971 5556 3062 5622 εἰς
3079 5557 3188 5611 τὸν
3210 5557 3366 5627 ᾅδην
3383 5577 3399 5592 ο
3429 5561 3525 5618 καί
3538 5580 3552 5595 ’
3577 5543 3816 5631 Avicula

2225 5636 2429 5706 χεῖρας
2463 5641 2558 5698 καί
2588 5642 2806 5711 πόδας·
2861 5647 2991 5734 καί·
3044 5649 3300 5720 Ἀρθήτω
3342 5655 3376 5708 ό
3419 5653 3670 5728 ἀσεϐὴς,
3709 5657 3813 5718 ἵνα
