4110 6428
491 385 598 449 Ἶῗό
1749 380 1813 436 S.
1837 370 2158 437 JOANNIS
2195 369 2499 430 CLIMACI

3654 361 3761 427 ’Στϐ

496 500 792 568 gratiarum
855 494 1124 564 jacturam
1220 490 1485 552 fecerunt,
1546 499 1715 556 prona
1789 482 2078 550 faciliaque

2182 475 2473 547 ωδύροντο,
2508 474 2599 526 καὶ
2631 471 2815 538 ἔλεγον
2849 470 3305 543 [ἀπωευρόμενοι
3336 467 3569 540 ἔλεγον]
3598 492 3607 502 ·
3648 469 3762 523 Ποῦ

495 599 646 647 sunt.
701 596 755 642 et
807 596 1055 656 prompte
1130 580 1526 649 suscipiuntur.
1573 576 1767 630 Anima
1827 574 2068 642 quippe,

494 695 672 750 quate
726 676 893 749 priori
950 675 1042 728 Dei
1098 671 1465 727 familiaritate
1519 679 1575 723 et
1621 667 1816 722 ﬁducia
1854 665 2070 735 repulsa

495 783 599 839 est,
630 779 682 826 et
716 786 811 839 spe
846 770 1017 823 beata:
1048 760 1461 830 tranquillitatis
1493 758 1882 829 recuperanda:
1917 756 2070 811 exci-

496 863 596 925 dit,
633 864 962 928 signumque
988 852 1256 908 castitatis
1281 850 1525 914 violavit,
1561 857 1619 902 et
1659 850 1912 902 tlu-sauro
1941 846 2075 899 diri-

498 967 688 1006 narum
728 948 1024 1019 gratiarum
1084 943 1311 1013 Spoliata
1377 952 1481 1006 est,
1518 941 1839 1010 caelestique
1869 953 2071 993 conso-

496 1044 698 1097 latione
728 1040 958 1108 privata.
989 1045 1203 1108 pactum
1237 1033 1454 1089 Domini
1487 1032 1728 1097 rescidit,
1781 1038 1835 1086 et
1892 1030 2070 1098 ignem

494 1142 837 1206 prmstantem
866 1131 1229 1201 Iacrymarum
1251 1124 1619 1195 spiritualium
1638 1121 1922 1181 exstinxit,
1942 1121 2071 1175 dum

496 1225 690 1279 borum
724 1222 970 1275 omnium
1000 1218 1264 1273 memoria
1295 1214 1706 1286 percellitur,.et
1746 1211 1950 1283 ingenti
1976 1211 2076 1265 do-

495 1312 609 1367 lore
631 1310 899 1364 lancinata
930 1308 1379 1371 convulneratur,
1410 1320 1517 1360 non
1541 1303 1716 1359 solum
1742 1314 2075 1357 commemo-

498 1412 647 1457 ratus
697 1414 863 1471 supra
929 1399 1152 1453 labores
1207 1394 1617 1467 promptissime
1679 1391 1927 1459 suscipit,
1980 1389 2075 1444 sed

496 1493 730 1561 seipsam
769 1488 1039 1559 religiosis
1076 1484 1556 1542 exercitationibus
1584 1484 1669 1553 pie
1705 1491 1943 1537 mactare
1982 1495 2075 1537 co-

497 1592 677 1637 natur.
715 1578 772 1633 Si
811 1589 991 1633 tamen
1024 1577 1148 1631 ullae
1184 1584 1312 1631 sunt
1344 1574 1397 1628 in
1421 1575 1509 1629 illa
1552 1573 1811 1642 reliquim,
1840 1581 1892 1625 et
1921 1571 2072 1625 scin-

499 1671 633 1727 tillae
660 1669 828 1724 divini
858 1668 1063 1722 amoris
1100 1680 1164 1720 ac
1218 1665 1429 1720 timoris
1471 1663 1701 1718 Domini.
1730 1661 1890 1717 Tales
1923 1670 2077 1716 erant

497 1761 677 1848 reipsa
712 1758 854 1813 beati
884 1757 993 1812 isti.
1032 1755 1156 1810 “:PC
1186 1756 1331 1810 enim
1361 1754 1547 1809 animo
1578 1763 1881 1819 versantes,
1913 1760 1967 1805 et
1998 1751 2076 1805 al-

499 1824 770 1906 tissimum
822 1849 1040 1903 virtutis
1091 1848 1340 1918 gradum,
1393 1858 1459 1899 ex
1505 1859 1614 1914 quo
1665 1841 1868 1913 delapsi
1904 1850 2074 1904 sunt,
2107 1824 2152 1880 Β

499 1944 642 2012 apud
683 1958 743 1996 se
768 1950 1105 2010 reputantes,
1144 1938 1437 1993 identidem
1474 1936 1733 1992 dicebant
1756 1951 1770 1987 :
1793 1933 2075 1989 Memorati

499 2050 680 2087 sumus
709 2032 916 2086 dierum
941 2032 1284 2101 antiquorum
1312 2030 1356 2093 ³,
1376 2027 1729 2097 ardentisque
1758 2025 1906 2079 illius
1965 2023 2076 2078 vir-

499 2128 632 2182 tutis
684 2132 901 2180 nostraa.
935 2124 1039 2177 Alii
1070 2123 1136 2176 ad
1162 2120 1332 2176 Deum
1372 2119 1729 2175 clamitabant
1762 2135 1775 2173 :
1812 2116 1914 2171 Ubi
1953 2125 2078 2170 sunt

499 2214 879 2269 misericordia:
904 2220 1008 2267 luce
1047 2212 1303 2281 antiquae,
1334 2211 1555 2264 Domine
1577 2209 1618 2275 ',
1649 2223 1790 2279 quas
1829 2209 2076 2263 ostendi-

500 2305 571 2358 sti
603 2306 655 2357 in
679 2304 909 2359 veritate
957 2310 1052 2355 tua
1083 2301 1281 2355 anima:
1339 2299 1592 2355 nostrae?
1625 2298 1828 2353 Mentor
1849 2308 1959 2353 esto
1980 2313 2076 2366 op-

498 2395 673 2464 probii
697 2403 746 2448 et
787 2392 985 2447 laboris
1011 2406 1278 2446 servorum
1309 2400 1523 2465 tuorum
1547 2389 1590 2441 ⁸.
1616 2388 1792 2453 Alius,
1817 2385 1948 2452 Quis
1998 2401 2078 2440 me

497 2497 654 2561 ponet
683 2487 971 2543 secundant
1005 2501 1205 2540 menses
1241 2485 1448 2547 dierum
1477 2484 1737 2552 priorum,
1767 2481 1957 2552 quibus
1982 2496 2078 2534 cu-

498 2580 762 2635 stodiebat
795 2594 875 2632 me
921 2576 1085 2642 Deus,
1135 2575 1346 2646 quando
1389 2573 1699 2644 splettdebat
1739 2573 1954 2627 lucerna
1988 2572 2074 2625 lu-

500 2673 659 2727 minis
681 2672 797 2740 ejus
822 2685 981 2738 super
1003 2679 1158 2737 caput
1189 2668 1365 2745 cordis
1391 2668 1490 2721 mei
1513 2667 1556 2721 ⁵.
1585 2667 1761 2735 Atque
1785 2666 1863 2720 sic
1895 2665 2075 2734 priora

500 2764 791 2821 sanctioris
818 2764 937 2817 vitat
955 2762 1130 2817 studia
1149 2760 1202 2815 in
1222 2760 1539 2816 memoriam
1562 2756 2080 2827 revocabant,126

500 2863 565 2913 et
581 2856 686 2910 ritu
707 2855 1078 2910 innocentium
1093 2852 1441 2923 parvulorttm
1462 2850 1782 2920 plorabnndi
1803 2850 2075 2905 dicebant:

500 2948 604 3006 Ubi
624 2962 842 3019 precum
878 2954 1187 3001 nostrarum
1215 2944 1510 2998 munditia?
1533 2944 1621 2997 ubi
1655 2959 1749 3011 per
1781 2943 1919 2996 banc
1950 2955 2076 2995 cum

500 3040 615 3096 Deo
672 3039 1013 3110 familiaritas
1072 3045 1127 3092 et
1169 3037 1418 3092 ﬁducia?
1448 3036 1535 3091 ubi
1572 3037 1756 3091 dulces
1799 3049 1895 3103 pro
1926 3050 2078 3088 ama~

500 3135 580 3190 ris
628 3133 925 3205 lacrymae?
955 3131 1047 3187 ubi
1083 3144 1208 3198 spes
1241 3129 1647 3197 perfectissima:
1703 3128 1973 3184 castitatis
2024 3135 2079 3181 et

392 3291 401 3302 ι
501 3242 652 3297 purae
669 3225 1019 3282 conscientiae
1047 3224 1070 3277 Ἰ
1100 3221 1205 3277 Ubi
1237 3220 1573 3292 exspectatio
1606 3221 1780 3276 beatae
1809 3219 2081 3287 tranquil-

504 3319 673 3375 litatis
695 3318 718 3372 ?
758 3319 849 3373 ubi
881 3317 1016 3371 ﬁdes
1036 3331 1164 3385 erga
1198 3324 1474 3384 pastorem
1502 3316 1525 3365 1'
1547 3313 1639 3369 ubi
1659 3313 1742 3366 vis
1761 3321 1813 3365 et
1836 3309 2080 3364 efﬁcacia

503 3425 733 3482 precum
755 3409 871 3479 ejus
895 3409 949 3462 in
971 3407 1154 3462 nobis?
1168 3405 1475 3471 Evanuere,
1494 3406 1707 3474 periere
1729 3404 1846 3458 haec
1867 3400 2077 3465 omnia,

502 3514 559 3560 et
584 3512 845 3573 tanquam
870 3514 1148 3569 nunquam
1173 3497 1537 3567 visa,etquasi
1557 3510 1836 3565 nunquam
1857 3492 2082 3549 omnino

511 3594 764 3655 fuissent,
815 3590 1150 3655 defecerunt,
1176 3590 1348 3643 deleta
1373 3597 1573 3661 suntet
1591 3591 1877 3643 exstincta.
1904 3586 2083 3654 Atque

505 3686 621 3742 haec
650 3685 1032 3755 proloquentes
1055 3683 1439 3753 plorantesque
1462 3681 1742 3748 optabant,
1766 3678 1858 3732 alii
1878 3693 1907 3731 a
1936 3677 2081 3731 malo

503 3780 748 3834 daemone
763 3776 1017 3846 occupari
1034 3787 1085 3830 et
1103 3774 1360 3845 torqueri;
1376 3773 1465 3828 alii
1489 3772 1775 3827 Dominum
1793 3769 2082 3839 precaban-

506 3879 616 3933 tur,
645 3870 724 3924 uti
751 3868 943 3923 morbo
962 3866 1221 3923 comitiali
1237 3883 1332 3922 seu
1354 3865 1613 3936 epilepsia
1631 3862 2039 3933 corriperentur
2062 3878 2076 3914 :

502 3962 597 4017 alii
645 3960 933 4025 obcaecari,
971 3969 1028 4014 et
1073 3957 1280 4013 fwdum
1334 3955 1815 4024 miserandumque
1873 3963 2083 4008 natura)

504 4062 835 4118 monstrum,
894 4061 1205 4121 portentum
1235 4064 1297 4104 ac
1325 4047 1699 4120 spectaculum
1737 4045 1855 4102 ﬁeri
1891 4044 2080 4116 cupie-

502 4145 636 4200 bant
666 4163 681 4199 :
712 4143 804 4198 alii
850 4156 1146 4198 nervorum
1199 4148 1449 4210 stupore.
1483 4139 1717 4210 percuti,
1744 4147 1799 4194 et
1843 4136 2080 4209 paralysi

505 4232 1069 4300 dissolvi,dummodo
1098 4248 1167 4287 ne
1215 4230 1397 4285 futura
1449 4229 1751 4285 inferorum
1811 4228 2079 4300 supplicia

503 4328 743 4399 experiri
808 4333 1152 4397 cogerentur.
1200 4325 1312 4396 Ego
1340 4339 1489 4391 vero,
1535 4324 1719 4392 amici,
1753 4324 1938 4381 nescio
1967 4337 2078 4394 quo

505 4427 667 4489 pacto
696 4418 871 4473 libens
889 4417 1075 4473 volens
1099 4417 1154 4471 in
1186 4417 1281 4489 illo
1301 4417 1485 4473 luctus
1503 4418 1782 4488 ergastulo
1801 4416 2075 4482 detentus,

2172 568 2331 638 ἠτῆς
2396 564 2711 636 προσευχῆς
2768 563 3126 635 καθαρότηςς
3183 562 3346 632 ποῦή
3392 561 3598 629 ταύτης
3619 563 3764 630 παῤ-

2177 659 2387 731 ρησία;
2440 657 2545 710 ποῦ
2601 657 2660 710 τὸ
2718 656 2892 725 γλυκὺ
2946 656 3065 710 ἀντὶ
3112 654 3311 725 πικροῦ
3355 653 3626 724 δάκρυονς
3655 651 3762 704 ποῦ

2174 749 2286 821 (17)
2329 749 2484 812 ἐλπὶς
2523 749 2623 818 τῆς
2666 745 2965 809 παντελοῦς
3005 746 3233 814 ἁγνείας
3268 744 3365 797 καὶ
3404 742 3761 814 καθάρσεωςς

2176 839 2283 894 ποῦ
2320 841 2352 911 ὴ
2394 838 2699 910 προσδοκία
2744 838 2844 907 τῆς
2889 838 3170 908 μακαρίας
3223 836 3542 901 ἀπαθείας;
3592 832 3697 887 ποῦ
3725 834 3762 901 ἡ

2174 933 2313 1004 πρὸς
2328 931 2418 985 τδν
2437 932 2482 999 (l
2497 931 2549 1003 8)
2578 930 2816 1001 ποιμένα
2840 930 3022 993 πίστις
3045 946 3060 995 ;
3090 928 3193 983 ποῦ
3215 930 3248 998 ἡ
3270 929 3369 997 τῆς
3396 926 3565 981 αὑτοῦ
3593 943 3765 997 προσ-

2175 1025 2342 1095 ευχῆς
2408 1026 2466 1077 έν
2530 1024 2663 1093 ἡμῖν
2732 1021 3025 1091 εὐεργεσία
3076 1019 3412 1093 [ὲνέργεια];
3484 1017 3759 1072 Ἀπόλωλε

2172 1114 2348 1168 ταῦτα
2375 1114 2589 1168 πάντα·
2621 1112 2719 1165 καὶ
2747 1110 2937 1182 ῶσπερ
2988 1109 3064 1181 μὴ
3100 1110 3359 1178 φανέντα,
3401 1107 3760 1163 ἐκλέλοιπεν⁸

2177 1205 2272 1258 καὶ
2319 1205 2395 1267 ὡς
2452 1201 2529 1274 μὴ
2575 1199 2919 1274 ὑπάρξαντα,
2980 1200 3363 1270 ἠφανίσθησαν
3423 1199 3521 1251 καὶ
3559 1197 3758 1269 ᾤχετο.

2174 1296 2361 1350 Ταῦτα
2418 1296 2519 1366 μὲν
2577 1295 2831 1364 λέγοντες
2877 1294 2972 1346 καὶ
2996 1292 3344 1365 θρηνοῦντες,
3389 1292 3439 1345 οἱ
3477 1290 3598 1361 μὲν,
3642 1290 3761 1343 81t-

2181 1389 2348 1459 μονᾷν
2369 1385 2620 1457 ηὔχοντο·
2648 1384 2698 1438 οἱ
2727 1383 2785 1436 δὲ
2822 1386 2888 1453 τῇ
2920 1383 3042 1454 ἱερᾷ
3064 1383 3383 1451 περιπεσεῖν
3406 1382 3569 1450 νόσῳ,
3602 1380 3763 1432 ἐδυσ-

2175 1483 2359 1535 ώπουν
2406 1480 2499 1532 τὸν
2552 1477 2792 1548 Κύριον·
2827 1476 2875 1529 οἱ
2920 1475 3019 1544 μὲν
3067 1474 3164 1533 τὰς
3199 1472 3351 1541 ὅψεις
3402 1470 3759 1533 ἀποϐάλλειν,

2183 1568 2277 1626 xci
2304 1569 2540 1624 ἐλεεινὸν
2586 1566 2914 1640 προκεῖσθαι
2939 1564 3124 1636 θέαμα
3144 1579 3157 1593 ·
3189 1564 3240 1617 oi
3266 1563 3323 1615 δὲ
3358 1562 3588 1634 πάρετοι
3609 1561 3766 1629 γενέο

2178 1665 2322 1731 σθαι,
2341 1664 2436 1719 καὶ
2466 1663 2628 1734 μόνον
2656 1659 2768 1713 τῶν
2797 1660 2916 1712 ἐκεῖ
2940 1656 3230 1729 μοχθηρῶν
3269 1654 3346 1727 μὴ
3374 1654 3763 1725 πειρασθῆναι.

2190 1756 2332 1826 Ἐγὼ
2383 1756 2462 1821 δὲ,
2520 1747 2565 1809 ὧ
2606 1752 2774 1823 φίλοι,
2826 1750 3031 1820 λέληθα
3066 1749 3302 1820 ἐμαυτὸν
3346 1749 3404 1800 ὲν
3453 1747 3530 1817 τῷ
3567 1747 3765 1813 ἐκείνῳ

2184 1846 2577 1922 ὲμφιλοχωρῶν
2620 1844 2827 1905 πένθει,
2873 1844 2968 1897 καὶ
3009 1841 3128 1905 ὅλος
3172 1840 3248 1910 τῷ
3270 1838 3350 1892 νοῒ
3380 1838 3763 1908 συνηρπάγην,

2183 1941 2439 2012 κατέχειν
2468 1937 2704 2010 ἐμαυτὸν
2741 1937 2816 2009 μὴ
2852 1935 3170 2005 δυνάμενος.
3228 1932 3368 1986 Ἀλλ’
3426 1931 3768 1983 ὲπανακτέον

2183 2035 2274 2088 τὸν
2294 2033 2483 2102 λόγον.
2505 2030 2701 2083 Τοίνυν
2721 2026 3061 2100 προσμείνας
3084 2027 3141 2078 ὲν
3163 2026 3228 2095 τῇ
3261 2024 3474 2095 φρουρᾷ
3496 2022 3591 2075 ἐπὶ
3623 2020 3767 2091 ἡμέ-

2185 2144 2286 2200 ρας
2342 2120 2684 2197 τριάκοντα,¹
2715 2108 3093 2191 ἐπανέρχομαι
3143 2119 3173 2171 ό
3208 2115 3622 2185 ἀνυπομόνητος
3684 2114 3769 2173 είς

2184 2219 2244 2272 τὸ
2297 2218 2441 2288 μέγα
2492 2213 2762 2269 κοινόϐιον
2804 2211 2942 2283 πρὸς
2994 2210 3088 2262 τὸν
3135 2209 3328 2279 μέγαν.
3399 2207 3457 2259 ὐ
3505 2205 3561 2258 δὲ
3610 2204 3708 2257 θεα
3739 2231 3768 2242 -

2186 2311 2422 2382 σάμενός
2478 2326 2567 2382 με,
2606 2307 2798 2379 ὥσπερ
2829 2304 3197 2377 ἠλλοιωμένον
3246 2303 3366 2356 ὅλον
3400 2303 3492 2356 καὶ
3538 2301 3766 2370 ἐξεστη-

2186 2404 2342 2467 κότα,
2373 2401 2514 2471 ἔγνω
2546 2402 2574 2454 ὁ
2601 2399 2873 2467 πάνσοφος
2901 2394 3236 2458 ἀλλοιώσεως
3262 2393 3351 2447 τὸν
3380 2392 3583 2463 τρόπον
3602 2408 3615 2422 ·
3669 2389 3768 2443 καί

2186 2510 2320 2566 φησι
2354 2507 2369 2521 ’
2398 2491 2463 2545 Τί
2496 2491 2631 2555 ἐστι,
2662 2488 2845 2558 Πάτερ
2886 2485 3137 2556 Ἰωάννης
3190 2481 3471 2554 Ἑώρακας
3504 2480 3628 2542 τοὺς
3657 2479 3770 2531 τῶν

2187 2583 2503 2656 καμνόντων
2546 2580 2778 2648 ἀθλους;
2834 2578 2976 2647 Ἐγὼ
3020 2576 3079 2632 δὲ
3125 2576 3261 2646 ἔφην
3289 2588 3305 2607 ⁸
3357 2575 3468 2627 Καὶ
3522 2572 3766 2642 ἑώρακα,

2186 2677 2393 2746 Πάτερ,
2429 2673 2525 2727 καὶ
2545 2670 2891 2742 τεθαύμακα,
2922 2670 3016 2725 καὶ
3043 2667 3402 2740 μεμακάρικα
3425 2664 3602 2735 ἔγωγε
3634 2665 3765 2728 τοὺς

2187 2767 2568 2832 πεπτωκότας,
2601 2765 2695 2819 καὶ
2718 2762 3065 2828 πενθοῦντας,
3095 2760 3235 2831 ὑπὲρ
3266 2759 3394 2822 τοὺς
3427 2757 3503 2828 μὴ
3538 2772 3764 2809 πεπτω-

2187 2862 2374 2926 κότας,
2413 2858 2511 2914 καὶ
2543 2858 2772 2920 ἑαυτοὺς
2827 2855 2902 2926 μὴ
2945 2851 3275 2914 πενθοῦντας
3306 2867 3320 2881 °
3368 2851 3453 2904 ὅτι
3484 2849 3574 2902 διά
3618 2846 3766 2901 πτώο

2188 2972 2326 3018 σεως
2355 2953 2658 3022 ἀνέστησαν
2691 2947 2990 3003 ἀνάστασιν
3023 2944 3323 2999 ἀκίνδυνον.
3366 2940 3429 2995 '0
3461 2941 3539 3008 δὲ,
3577 2937 3765 3001 Οὕτως

2187 3045 2321 3116 ἔχει,
2351 3041 2512 3114 φησί’
2542 3040 2636 3095 καὶ
2656 3038 2957 3108 διηγήσατο
2991 3037 3024 3106 ἡ
3054 3033 3293 3104 ἀψευδὴς
3319 3031 3484 3087 αὑτοῦ
3511 3029 3728 3099 γλῶττα
3746 3044 3760 3059 ·

2131 3178 2152 3203 .,
2188 3136 2443 3203 Ὀτιπερ,
2493 3130 2647 3202 φησὶ,
2680 3128 2786 3199 πρὸ
2807 3127 2940 3182 δέκα
2967 3125 3197 3197 χρόνων,
3228 3120 3372 3195 εἶχον
3404 3117 3506 3176 ὧδε
3536 3117 3767 3188 ἀδελφὸν

2187 3225 2329 3278 πάνυ
2365 3221 2650 3276 σπουδαῖον
2681 3217 2775 3273 καὶ
2802 3216 3064 3286 ἐργάτην,
3106 3213 3201 3265 καὶ
3238 3209 3478 3265 τοιοῦτον
3504 3206 3647 3261 ὥστε
3692 3219 3764 3274 με

2187 3316 2396 3389 ὁρῶντα
2435 3311 2620 3394 αὑτὸν,
2660 3310 2832 3373 οὕτως
2858 3306 2938 3379 τῷ
2974 3304 3248 3375 πνεύματι
3295 3300 3507 3366 ζέοντα,
3539 3296 3765 3368 τρέμειν

2183 3592 2321 3662 ὅπερ
2344 3592 2455 3653 τοῖς
2477 3587 2644 3654 ὀξέως
2669 3582 2944 3655 βαδίζουσι
2972 3578 3289 3650 συμϐαίνειν
3317 3576 3558 3643 πέφυκεν
3579 3589 3593 3602 ·
3622 3573 3761 3640 ὅπερ

2184 3681 2279 3735 καὶ
2310 3680 2555 3749 γέγονεν.
2592 3672 2725 3729 Εἶτα
2758 3673 3044 3744 ἀνέρχεται
3072 3668 3208 3740 πρός
3250 3684 3316 3737 με
3340 3707 3356 3733 ,
3393 3664 3628 3734 ἑσπέρας
3665 3662 3762 3731 βα-

2184 3773 2358 3837 θείας,
2389 3770 2630 3824 δείκνυσι
2679 3765 2739 3821 τὸ
2782 3763 3002 3836 τραῦμα
3048 3760 3254 3832 γυμνόν
3292 3775 3305 3789 °
3359 3757 3514 3826 ζητεῖ
3552 3753 3753 3824 ἐμπλα-

2186 3885 2346 3940 στρον
2374 3864 2510 3937 (19),
2536 3864 2768 3917 αἰτεῖται
2809 3859 3082 3930 καυτῆρα,
3125 3855 3440 3929 θορυϐεῖται
3491 3849 3759 3940 σφοδρῶς,

2184 3937 2317 4013 Εἶτα
2347 3958 2469 4011 ἐπεὶ
2506 3954 2654 4019 ἄξιος
2682 3949 3025 4023 συμπαθείας
3048 3943 3136 4019 ἦν,
3182 3946 3287 4016 ὁρᾷ
3318 3943 3394 4015 μὴ
3428 3941 3568 3995 πάνυ
3610 3937 3764 4008 αὐτῷ

2183 4048 2438 4120 αὐστηρᾷ
2491 4048 2632 4117 τομῇ
2683 4043 2774 4097 τὸν
2823 4040 3008 4111 ίατρδν
3048 4035 3356 4110 χρήσασθαι
3413 4031 3761 4103 βουλόμενον,

2186 4141 2395 4212 ῥίπτων
2449 4135 2644 4191 ἑαυτὸν
2696 4134 2775 4198 είς
2818 4130 2878 4186 τὸ
2927 4129 3141 4199 ἔδαφος,
3175 4125 3603 4197 ἐπιλαμϐάνεται
3654 4120 3764 4174 τῶν

2186 4234 2381 4297 ποδῶν,
2413 4231 2559 4285 λούει
2588 4227 2789 4290 ίκανῶς
2816 4222 3028 4286 τούτοις
3059 4222 3173 4284 τοῖς
3201 4219 3464 4289 δάκρυσιν
3482 4233 3495 4246 ·
3527 4216 3763 4270 αἰτεῖται

2184 4324 2485 4395 καταδίκην
2517 4314 2633 4396 ὲνῆ
2666 4316 2918 4390 ἑώρακας
2941 4313 3154 4386 φρουρᾷ
3177 4326 3191 4342 ⁸
3223 4308 3486 4366 ἀδύνατον
3518 4305 3648 4359 ἐϐόα
3686 4304 3773 4384 μὴ.

2184 4423 2304 4476 ἐκεῖ
2347 4434 2415 4490 με
2466 4411 2817 4495 πορευθῆναι.
2873 4404 3002 4461 Εἶτα
3058 4403 3305 4476 βιάζεται
3360 4398 3764 4468 εὐσπλαγχνίαν

507 4510 611 4565 mei
640 4509 859 4579 penitus
895 4523 1018 4564 sum
1050 4507 1274 4573 oblitus,
1305 4517 1362 4563 et
1390 4509 1656 4565 attonitus
1677 4508 1838 4579 quasi
1871 4523 1901 4563 a
1923 4517 2078 4578 pote-

2189 4511 2377 4584 ἰατροῦ
2410 4507 2760 4582 μετενεγκεῖν
2780 4505 2861 4568 είς
2885 4497 3213 4569 ἀποτομίαν,
3238 4495 3299 4549 τὸ
3331 4494 3558 4547 σπάνιον
3583 4493 3642 4542 ὲν
3669 4506 3765 4543 νο-

505 4610 647 4658 state
674 4601 878 4657 mentis
930 4616 1043 4672 prae
1090 4612 1310 4672 stupore
1355 4612 1500 4658 totus
1538 4602 1774 4658 excessi.
1806 4600 1912 4657 Sed
1935 4601 2078 4657 enim

2184 4581 2341 4659 σοῦσι
2369 4581 2462 4656 καὶ
2484 4594 2918 4668 παραδοξότατον
2937 4584 3400 4656 ’καταλαμϐάνει
3422 4583 3617 4636 θᾶττον
3635 4581 3765 4644 τοὺς

507 4695 811 4749 revocanda
837 4701 943 4758 est,
981 4692 1126 4748 unde
1154 4695 1401 4764 digressa
1430 4702 1510 4749 est
1539 4694 1739 4749 oratio.
1771 4694 1910 4755 Cum
1952 4708 2078 4764 ergo

2186 4692 2611 4769 μετανοοῦντας,
2636 4688 2849 4757 γίνεται
2877 4680 3143 4743 κοινωνὸς
3161 4678 3256 4733 καὶ
3288 4674 3576 4744 συναλγός.
3613 4674 3764 4742 Πλη-

507 4785 562 4839 in
597 4787 688 4839 illo
720 4800 942 4840 carcere
978 4785 1046 4840 ad
1074 4787 1412 4841 tricesimum
1450 4801 1624 4856 usque
1644 4786 1787 4841 diem
1832 4795 2084 4844 moratus

505 4892 707 4942 essent,
742 4876 847 4930 illis
878 4892 1106 4946 prorsus
1148 4876 1434 4931 dissimilis
1462 4886 1519 4930 et
1542 4876 1769 4931 minime
1799 4875 2079 4943 ferendus,

505 4969 572 5021 ad
604 4968 864 5038 inclytum
895 4968 1026 5022 illud
1059 4968 1372 5022 coenobium
1395 4976 1444 5021 et
1477 4982 1737 5036 magnum
1787 4969 2075 5038 praesulem

505 5074 757 5113 reversus
794 5076 937 5114 sunt.
990 5057 1094 5125 Qui
1141 5074 1227 5113 me
1263 5060 1512 5125 intuitus,
1550 5059 1709 5129 127
1737 5076 1862 5115 cum
1910 5061 2078 5117 alium

503 5166 730 5221 prorsus
764 5166 793 5203 a
827 5151 1009 5219 priore
1043 5160 1098 5204 et
1135 5151 1281 5204 velut
1309 5151 1601 5205 attonitum
1630 5162 2077 5224 avocatumquea

502 5243 755 5296 setisibus
772 5244 990 5299 videret.
1019 5241 1175 5296 facile
1194 5243 1455 5297 rationem
1471 5258 1800 5314 causamque
1818 5247 2078 5317 stuporis,

506 5338 691 5400 utpote
720 5330 1177 5398 sapientissimus,
1209 5342 1494 5388 assecutus
1528 5351 1541 5388 :
1574 5334 1712 5400 Quid
1747 5347 1851 5400 est,
1881 5338 2075 5408 inquit,

505 5430 655 5489 pan'r
683 5420 965 5477 Joannes?
1010 5423 1272 5478 Vidistine
1311 5426 1510 5480 eximie
1544 5427 1907 5483 laborantium
1954 5445 2078 5485 cer-

503 5511 750 5564 tamina?
805 5512 869 5565 Et
919 5513 1062 5575 vidi,
1105 5512 1350 5583 inquam,
1407 5517 1585 5580 Pater,
1638 5529 1693 5574 ct
1740 5519 2073 5589 demiratus,

503 5600 775 5657 beatiores
826 5607 1115 5674 praedicari
1166 5623 1294 5672 eos,
1331 5610 1424 5680 qui
1472 5610 1608 5680 lapsi
1660 5621 1807 5680 sunt,
1852 5623 1905 5669 ct
1943 5630 2074 5670 suas

2182 4789 2301 4860 γεὶς
2333 4781 2426 4840 οῦν
2450 4783 2549 4855 τὴν
2575 4779 2802 4851 καρδίαν
2824 4777 2900 4840 ὼς
2930 4774 3035 4830 ὑπὸ
3072 4772 3261 4841 ξίφους
3297 4770 3399 4840 τῆς
3439 4769 3507 4824 δι’
3538 4769 3766 4838 ἀγάπην

2181 4880 2317 4936 Θεοῦ
2346 4877 2545 4947 λύπης,
2574 4876 2641 4944 τῇ
2667 4871 2827 4943 ὀγδόη
2855 4868 3040 4940 ἡμέρᾳ
3088 4865 3316 4934 ὲκδημεῖ
3345 4863 3484 4933 πρὸς
3528 4861 3761 4932 Κύριον,

2187 4973 2553 5044 αἰτησάμενος
2581 4965 2760 5035 ταφῆς
2793 4962 2868 5035 μὴ
2914 4962 3121 5032 τυχεῖν.
3178 4955 3322 5027 Ἐγὼ
3368 4956 3426 5009 δὲ
3461 4955 3624 5009 αὑτὸν
3669 4955 3766 5007 καὶ

2189 5033 2423 5121 ἐνταῦθα
2458 5033 2727 5130 ἐνήνοχα,
2756 5033 2864 5109 καί
2892 5055 3004 5116 τοῖς
3049 5050 3286 5121 πατράσι
3330 5046 3645 5115 συντέταφα
3688 5033 3785 5125 ὼςξ

2188 5158 2337 5224 ἀξιον
2361 5153 2486 5206 ἀδιὸ
2517 5152 2610 5205 καὶ
2636 5148 2773 5220 μετά
2812 5147 2910 5217 τὴν
2941 5144 3176 5213 ἑϐδόμην
3211 5139 3323 5213 (‘20)
3368 5138 3644 5209 δουλικὴν,
3692 5130 3779 5204 si}?

2189 5249 2352 5320 ὀγδόῃ
2383 5244 2569 5299 λύεται
2602 5239 2882 5309 ἐλεύθερος
2904 5236 3107 5306 ἡμέρᾳ.
3145 5233 3301 5286 Ἔστι
3347 5230 3407 5284 δέ
3450 5247 3534 5291 τις
3586 5228 3766 5280 ἐκεῖνο

2187 5315 2352 5410 γνοὺς
2371 5331 2636 5403 ἐναργῶς,
2671 5330 2745 5400 μὴ
2774 5328 3041 5398 πρότερον
3075 5321 3238 5376 αὑτὸν
3268 5320 3376 5373 τῶν
3409 5318 3644 5372 εὐτελῶν
3668 5315 3767 5369 καὶ

2190 5408 2452 5503 ῥυπαρῶν
2488 5441 2588 5496 μου
2624 5418 2800 5474 ποδῶν
2822 5415 3139 5486 ἀναστῆναι,
3175 5414 3305 5484 πρὶν
3361 5411 3495 5465 Θεὸν
3533 5408 3765 5478 ἐξευμε-

2186 5500 2439 5579 “mae”
2462 5538 2476 5551 ’
2524 5518 2621 5572 καὶ
2654 5515 2715 5569 οὐ
2747 5510 2932 5582 θαῦμα
2953 5525 2968 5540 ⁶
3009 5508 3193 5562 πίστιν
3217 5506 3326 5578 γὰρ
3350 5507 3407 5558 ὲν
3434 5501 3638 5574 καρδίᾳ
3666 5500 3764 5567 τῆς

2185 5615 2391 5685 πόρνης
2438 5610 2653 5679 ἐκείνης
2685 5601 2991 5668 ἀναλαϐὼν,
3034 5600 3256 5673 τοιαύτῃ
3302 5599 3396 5653 καί⁵
3430 5595 3593 5659 αὐτὸς
3623 5592 3766 5664 πλη-

570 5804 596 5838 ²
627 5802 773 5860 Psal.
804 5819 973 5878 cxtn,
1001 5810 1055 5866 5.
1132 5811 1153 5844 ³
1178 5811 1320 5869 Psal.
1353 5829 1620 5879 uxxvm,
1824 5811 1845 5848 ‘
1875 5816 2008 5875 ibid.
2048 5817 2141 5874 8|.
2216 5816 2238 5849 ⁸
2264 5813 2367 5871 Job
2405 5832 2560 5885 uix,
2598 5813 2710 5868 2-3.
