4110 6416
373 369 487 438 ’ΤΠ

1423 362 1655 422 SCALA
1689 359 2074 422 PARADISI.
2111 384 2178 394 -
2209 357 2520 418 GRADUS
2545 358 2612 417 V.
3565 356 3632 416 77

375 475 606 553 ροφορίᾳ
652 470 778 536 τοὺς
823 472 992 543 ἐμοὺς
1048 469 1339 533 ταπεινοὺς
1382 469 1552 533 πόδας
1608 468 1909 542 κατέϐρεξε
1954 484 1968 499 ·

2087 467 2268 537 culpas
2302 468 2374 521 ita
2410 466 2769 527 deﬂeverunt,
2827 463 2894 517 iis
2937 462 3031 533 qui
3079 477 3188 518 non
3237 471 3572 533 pecearunt,
3614 475 3671 518 et

377 565 580 619 Πάντα
601 561 673 616 δὲ
693 560 923 615 δυνατά
942 556 1023 624 τῷ
1045 557 1416 622 πιστεύοντι,
1440 558 1468 610 ὁ
1498 555 1702 627 Κύριος
1729 555 1974 629 εἴρηκεν.

377 653 533 710 Εἶδον
559 650 910 722 ἀκαθάρτους
932 648 1113 720 ψυχὰς
1163 647 1295 719 περὶ
1330 646 1542 720 ἔρωτας
1574 646 1848 717 σωμάτων
1872 648 1896 697 ὲ
1905 662 1975 716 μ-

380 743 568 816 μανῶς
610 742 949 815 μαινομένας
976 756 990 770 ·
1033 739 1130 795 καὶ
1175 739 1240 809 δὴ
1284 739 1489 810 σκῆψιν
1516 736 1761 810 [σκέψιν]
1812 754 1980 807 μετα-

371 838 523 902 νοίας
574 832 1006 908 προσλαϐοῦσαι,
1065 834 1131 885 ἐκ
1180 831 1383 902 πείρας
1415 830 1640 902 ἔρωτος,
1684 830 1775 883 τὸν
1813 830 1979 885 αὑτὸν

374 928 516 1001 πρὸς
540 926 748 998 Κύριον
792 922 1218 995 μετενηνόχασιν
1256 921 1438 993 ἔρωτα
1464 937 1476 949 ·
1527 921 1622 975 καὶ
1662 921 1840 975 πάντα
1882 921 1979 990 φό-

374 1021 472 1076 ϐον
495 1017 980 1090 ὑπερπηδήσασαι,
998 1016 1291 1086 ἀπλήστως
1316 1015 1396 1075 εἰς
1414 1014 1637 1084 ἀγάπην
1664 1012 1800 1067 Θεοῦ
1825 1014 1979 1081 ἐνεγ-

375 1111 797 1184 κεντρίσθησαν.
830 1109 930 1164 Διά
971 1108 1134 1163 τοῦτο
1179 1108 1275 1162 καὶ
1316 1107 1345 1158 ό
1390 1105 1595 1177 Κύριος
1626 1108 1691 1177 τῇ
1740 1105 1980 1177 σώφρονι

373 1205 559 1276 ἐκείνῃ
651 1204 825 1274 πόρνῃ
888 1203 951 1256 οὑ
1020 1200 1170 1271 λέγει
1211 1240 1227 1265 ,
1294 1201 1379 1253 ὅτι
1465 1198 1711 1270 ἐφοϐήθη
1750 1238 1767 1263 ,
1858 1197 1977 1252 ἀλλ’

382 1299 509 1353 Ὅτι
562 1294 848 1367 ἠγάπησε
876 1295 1057 1360 πολὺ,
1115 1295 1211 1348 καὶ
1262 1292 1496 1362 ἐδυνήθη
1539 1291 1782 1363 εὐχερῶς
1817 1291 1981 1363 ἔρωτι

376 1392 558 1457 ἔρωτα
620 1387 1070 1461 διακρούσασθαι.
1153 1387 1271 1441 Οὐκ
1344 1384 1529 1454 ἀγνοῶ
1586 1385 1643 1439 δὲ
1714 1384 1860 1454 ἐγὼ,
1936 1378 1982 1437 ὦ

379 1484 716 1557 θαυμάσιοι,
768 1485 852 1537 ὅτι
930 1484 1101 1535 τοῖσιν
1167 1481 1267 1551 μὲν
1337 1480 1543 1534 ἄπιστα
1569 1519 1585 1545 ,
1646 1479 1855 1551 ἑτέροις
1924 1479 1982 1533 δὲ

377 1580 678 1633 ἀνέλπιστα
716 1595 731 1611 ο
813 1577 997 1640 ἄλλοις
1043 1575 1101 1629 δὲ
1152 1575 1468 1644 ἀπόγνωσιν
1541 1573 1795 1628 τίκτοντα
1851 1573 1981 1643 φαί-

378 1688 580 1735 νονται,
635 1670 783 1740 ἅπερ
828 1669 1200 1742 διηγησάμην,
1264 1666 1498 1721 ἔπαθλα.
1551 1666 1718 1738 ’Δνὴρ
1763 1666 1819 1720 δὲ
1882 1667 1982 1719 ἀν-

379 1768 556 1841 δρεῖος
600 1769 666 1822 ἐκ
706 1767 914 1821 τούτων
960 1764 1332 1837 προσελάϐετο
1373 1762 1640 1836 κέντρον,
1676 1762 1773 1817 καὶ
1828 1762 1982 1834 βέλος

382 1858 586 1928 πυρδς,
632 1858 728 1912 καὶ
795 1855 959 1927 ζῆλον
1015 1858 1073 1910 ἐν
1136 1854 1336 1925 καρδίᾳ
1394 1852 1603 1924 ἀπῆλθε
1666 1852 1975 1924 βαστάζων.

392 1950 450 2003 '0
483 1948 677 2004 τούτου
730 1947 1112 2016 ὑποϐεϐηκὼς,
1152 1946 1369 2014 ἐπέγνω
1420 1945 1519 2019 τὴν
1568 1945 1779 2000 οἰκείαν
1817 1944 1980 2000 ἀσθέ-

380 2059 552 2107 νειαν,
582 2041 679 2096 καὶ
706 2038 1216 2112 ταπεινοφροσύνην
1246 2040 1491 2112 εὐχερῶς
1517 2040 1860 2111 κτησάμενος
1889 2040 1979 2095 διὰ

379 2132 479 2202 τῆς
534 2130 734 2185 ἑαυτοῦ
787 2130 1051 2202 μέμψεως
1098 2129 1190 2184 τὸν
1246 2128 1535 2203 [κατόπιν,
1584 2129 1680 2184 τοῦ
1734 2129 1978 2202 πρώτου]

382 2223 602 2293 πρῶτον
647 2220 1014 2293 κατέδραμεν,
1065 2220 1249 2291 ἀγνοῶ
1299 2221 1358 2276 δὲ
1409 2224 1460 2275 εἰ
1512 2221 1607 2275 καὶ
1657 2222 1976 2277 κατέλαϐεν.

394 2315 560 2387 ,Ανὴρ
592 2314 652 2368 δὲ
678 2311 892 2385 ἀμελὴς
921 2312 998 2384 μὴ
1035 2311 1361 2384 προσψαύσῃ
1388 2313 1501 2376 τοῖς
1530 2311 1869 2384 εἰρημένοις,
1901 2313 1978 2384 μή

384 2427 501 2472 πως
550 2409 644 2462 καὶ
694 2407 829 2461 αὐτὸ
880 2406 909 2460 ὃ
965 2405 1284 2479 ἐργάζεται,
1337 2405 1612 2476 ἀπογνοὺς
1663 2404 1981 2476 σκορπίσειε

386 2497 736 2571 Ῐσκορπίσῃ]⁸
768 2498 862 2552 καὶ
910 2498 1139 2569 γένηται
1192 2498 1288 2552 καὶ
1319 2497 1407 2553 ἐπ’
1454 2497 1607 2568 αὐτῴ
1655 2496 1716 2551 τὸ
1763 2496 1977 2566 φάσκον

385 2593 599 2661 hortor
643 2589 756 2644 ἀπὸ
788 2588 849 2644 δὲ
893 2588 988 2644 τοῦ
1044 2589 1120 2661 μὴ
1170 2588 1390 2660 ἔχοντος
1444 2587 1779 2660 προθυμίαν,
1823 2588 1920 2642 καὶ
1953 2587 1983 2641 ὃ

385 2678 534 2732 δοκεῖ
561 2676 732 2748 ἔχειν,
758 2676 1063 2750 ἀρθήσεται
1092 2679 1187 2732 ἀπ’
1208 2676 1375 2732 αὑτοῦ
1393 2695 1407 2709 '
1436 2677 1538 2732 οὐκ
1561 2677 1712 2731 ἔστιν
1746 2678 1894 2748 ἡμᾶς
1924 2679 1982 2729 ὲν

383 2768 462 2839 τῷ
489 2769 680 2841 λάκκῳ
716 2769 826 2824 τῶν
849 2768 1096 2841 ἀνομιῶν
1134 2769 1512 2837 πεπτωκότας,
1542 2770 1642 2824 καὶ
1669 2768 1746 2843 μὴ
1774 2772 1855 2833 εἰς
1881 2768 1983 2841 τὴν

389 2861 630 2916 ἄϐυσσον
655 2862 754 2933 τῆς
784 2847 1170 2926 ταπεινώσεως
1193 2862 1303 2916 τῶν
1323 2862 1728 2934 μετανοούντων
1747 2861 1985 2918 καταδύ-

392 2971 595 3018 σαντας
614 2994 629 3021 ,
659 2954 871 3009 ἐκεῖθεν
900 2953 1235 3026 ἑλκυσθῆναι
1260 2954 1373 3026 (22)
1399 2970 1414 2985 °
1455 2954 1589 3026 ἄλλη
1623 2957 1658 3027 ἠ
1682 2954 1792 3010 τῶν
1815 2971 1983 3025 μετα-

387 3046 653 3101 νοούντων
699 3045 1087 3120 [πενθούντων]
1121 3046 1424 3120 σκυθρωπὴ
1472 3032 1837 3113 ταπείνωσις,
1887 3048 1984 3101 καὶ

2081 561 2293 630 seipsos
2324 575 2432 614 non
2464 558 2771 627 deplorant.
2818 555 2921 610 Per
2958 556 3173 626 lapsum
3214 557 3361 610 enim
3396 557 3461 610 all
3501 556 3665 611 vitam

2081 652 2215 708 nulli
2248 651 2483 721 amplius
2507 650 2752 721 periculo
2779 647 3085 718 subjectam
3113 656 3560 703 resurrexeruut.
3592 649 3669 703 Ita

2079 753 2184 810 est,
2219 744 2395 815 inquit
2424 743 2658 814 praesul,
2716 749 2770 797 et
2814 742 2997 811 lingua
3030 755 3154 810 quae
3193 739 3413 794 mentiri
3460 738 3671 805 nescit,

2080 837 2339 905 exposuit
2383 836 2517 890 mihi
2553 834 2935 906 hujuscemodi
2982 832 3212 888 factum.
3254 831 3397 887 Ante
3447 833 3670 891 decem.

2082 928 2282 998 inquit,
2319 943 2497 984 annos
2543 927 2645 982 fuit
2694 927 2781 982 hic
2813 942 2878 980 ex
2909 925 3140 981 fratrum
3187 939 3420 979 numero
3450 923 3671 993 quidam

2085 1031 2196 1075 tam
2231 1021 2379 1090 pius,
2427 1019 2696 1075 sollicitus
2740 1028 2795 1074 et
2835 1019 3124 1089 religiosus
3173 1019 3397 1084 athleta,
3450 1026 3675 1087 tamque

2083 1111 2284 1167 ardens
2343 1110 2561 1180 spiritu,
2616 1109 2861 1179 adeoque
2916 1107 3075 1173 talis,
3131 1108 3210 1164 uti
3271 1107 3675 1177 contemplatus

2082 1204 2264 1274 ipsum
2311 1213 2639 1270 tremerem,
2687 1218 2751 1259 ac
2785 1201 3136 1257 vehementer
3183 1202 3444 1256 invidiam
3496 1199 3674 1255 hostis

2083 1297 2351 1352 adversus
2377 1297 2526 1351 illum
2568 1296 2946 1360 formidarem,
2992 1310 3061 1350 ne
3092 1310 3202 1365 prie
3244 1295 3415 1349 nimio
3442 1302 3498 1350 et
3524 1306 3666 1364 prat-

2082 1389 2232 1459 cipiti
2275 1405 2463 1455 cursu,
2513 1389 2801 1460 oﬂ'enderel
2842 1388 2913 1441 ad
2958 1387 3186 1457 lapidem
3225 1387 3410 1453 pedem
3454 1387 3672 1450 suum',

2084 1483 2233 1552 quod
2263 1482 2334 1544 iis
2366 1499 2471 1538 usu
2505 1483 2693 1538 venire
2726 1481 2886 1548 solet,
2918 1481 3013 1551 qui
3043 1482 3361 1535 contentius
3388 1479 3673 1534 ambulare

2084 1577 2264 1632 solent
2300 1595 2314 1632 :
2343 1574 2489 1647 quod
2518 1585 2574 1631 et
2604 1575 2733 1630 huic
2761 1573 2980 1630 accidit.
3032 1572 3175 1642 Ergo
3219 1582 3343 1641 post
3388 1587 3574 1626 casum
3607 1570 3675 1624 ad

2086 1684 2173 1724 me
2220 1681 2516 1734 reversus,
2568 1680 2694 1721 sero
2728 1679 2958 1736 vespere
3005 1662 3207 1719 vulnus
3261 1678 3420 1717 suum
3468 1661 3674 1725 nudat,

2085 1760 2475 1831 ostenditque,
2533 1768 2588 1815 et
2639 1757 2837 1829 quaerit
2887 1757 3280 1826 emplastrum,
3337 1761 3574 1808 ustorem
3624 1762 3680 1806 et

2085 1854 2390 1909 cauterium
2453 1850 2938 1907 vehementissime
2988 1848 3223 1903 amictus
3277 1847 3473 1919 poscit.
3542 1843 3677 1900 Deiu

2084 1946 2234 2017 quod
2265 1945 2464 2015 dignus
2498 1941 2984 1999 commiseratione
3018 1942 3329 2005 videretur,
3388 1957 3510 1995 cum
3557 1942 3681 1996 ani-

2084 2038 2452 2094 madverteret
2500 2034 2775 2091 medicum
2837 2035 3020 2090 minus
3070 2049 3261 2090 severa
3307 2034 3552 2089 sectione
3599 2034 3680 2088 uti

2083 2129 2245 2196 velle,
2298 2128 2451 2184 humi
2503 2127 2754 2197 abiectus
2808 2126 3086 2197 pedesque
3126 2140 3279 2181 meos
3316 2126 3677 2196 complexus,

2085 2223 2238 2294 largo
2269 2222 2641 2293 lacrymarum
2678 2218 2852 2274 imbre
2888 2218 3156 2288 irrigavit,
3200 2229 3460 2289 precatus
3500 2218 3578 2273 uti
3609 2218 3680 2272 ad

2085 2329 2363 2369 carcerem
2398 2313 2547 2368 illum
2577 2327 2741 2382 quem
2784 2310 2969 2367 vidisti
3004 2311 3380 2366 damnaretur.
3415 2311 3680 2365 Clamita-

2087 2405 2182 2459 hat
2219 2404 2363 2458 enim
2402 2423 2416 2459 :
2458 2403 2800 2473 lmpossibile
2837 2413 2921 2458 est
2955 2417 3043 2457 me
3081 2402 3211 2458 illuc
3241 2417 3349 2457 non
3382 2404 3675 2473 proﬁcisci.

2087 2491 2153 2547 Vi
2175 2508 2306 2564 ergo
2329 2493 2764 2549 misericordiam
2797 2493 2995 2549 medici
3026 2494 3091 2548 ad
3124 2494 3469 2550 severitatem
3497 2504 3680 2551 trans-

2087 2586 2231 2655 tulit,
2262 2596 2323 2641 ut
2360 2588 2501 2643 inse
2531 2597 2752 2659 cegeret
2779 2602 2903 2643 esse
2948 2588 3168 2651 durum,
3222 2587 3386 2657 128
3423 2587 3568 2658 quod
3620 2588 3679 2643 in

2086 2680 2249 2750 aegris
2296 2696 2583 2750 perrarum
2631 2689 2686 2736 et
2723 2691 2876 2737 extra
2926 2696 3144 2736 omnem
3186 2697 3347 2737 usum
3381 2689 3435 2736 et
3466 2696 3679 2737 morem

2088 2774 2275 2831 videre
2310 2785 2415 2830 est.
2449 2775 2601 2831 Dicto
2619 2789 2750 2845 ergo
2767 2774 2932 2830 citius
2953 2774 3020 2830 ad
3041 2774 3372 2845 pmnitentes
3401 2784 3680 2844 properat,

2086 2865 2403 2937 collegaque
2428 2873 2484 2921 et
2501 2866 2686 2922 socius
2715 2865 2773 2920 ﬁt
2798 2866 3046 2921 laborum
3076 2875 3132 2921 et
3163 2866 3441 2922 dolorum.
3470 2864 3679 2921 Vulne-

2089 2967 2239 3014 ratus
2257 2974 2389 3030 ergo
2422 2959 2477 3013 in
2509 2959 2671 3014 corde
2699 2959 2888 3014 dolore
2915 2958 3149 3014 tristitia:
3197 2967 3458 3028 tanquam
3499 2958 3683 3029 gladio

2086 3066 2152 3107 ex
2174 3050 2362 3106 divino
2392 3066 2600 3118 amore,
2623 3060 2816 3107 octavo
2840 3060 2964 3122 post
2981 3052 3071 3107 die
3102 3051 3358 3123 migravit
3394 3053 3460 3106 ad
3494 3051 3684 3105 Domi-

386 3143 550 3215 ἑτέρα
564 3141 676 3194 τῶν
699 3143 780 3195 ἔτι
796 3141 1229 3213 ἁμαρτανόντων
1242 3140 1339 3195 τοῦ
1369 3141 1673 3206 συνειδότος
1689 3142 1980 3211 κατάγνω-

2091 3157 2248 3202 num,
2279 3156 2405 3198 cum
2435 3145 2588 3211 prius
2614 3141 2861 3212 petiisset
2891 3150 2954 3197 ut
2990 3143 3200 3197 honore
3244 3142 3541 3213 sepulturae
3564 3144 3681 3214 pri-

389 3249 473 3299 σις
496 3251 510 3265 ·
542 3233 640 3288 καὶ
670 3233 804 3305 άλλη
836 3235 869 3304 ἠ
893 3234 1009 3299 τοῖς
1035 3233 1266 3297 τελείοις
1286 3233 1354 3288 δι’
1371 3232 1793 3305 ὲνεργείαςεβεοῦ
1815 3249 1981 3304 προσο

386 3323 650 3395 γινομένη
673 3323 924 3395 μακαρία
940 3321 1475 3386 πλουτοταπείνωσις
1495 3337 1508 3351 '
1534 3324 1616 3394 μη
1657 3326 1978 3393 σκεύσωμεν

390 3415 800 3489 [σκενάσωμεν]
837 3415 936 3487 τὴν
965 3415 1158 3487 τρίτην
1202 3413 1384 3483 λόγοις
1415 3413 1623 3486 εὑρεῖν,
1660 3415 1840 3486 μάτην
1870 3416 1981 3487 γὰρ

389 3507 746 3580 δραμούμεθα
777 3507 1094 3580 [τρέχομεν.
1137 3505 1225 3560 Al.
1259 3504 1586 3578 θρέξομενΓ
1620 3506 1723 3575 τῆς
1766 3505 1827 3559 δὲ
1863 3505 1984 3561 δευ-

386 3600 551 3672 τέρας
577 3603 807 3673 σημεῖον
837 3600 951 3673 (25)
971 3636 988 3664 ,
1018 3598 1268 3670 ὑπομονὴ
1296 3596 1527 3670 ἀτιμίας
1552 3597 1859 3669 παντελής·
1892 3614 1984 3650 τυ-

388 3698 576 3767 ραννεί
597 3698 632 3768 η
668 3695 963 3768 πρόληψις,
989 3692 1087 3749 καὶ
1116 3691 1209 3746 τὸν
1226 3693 1531 3749 πενθοῦντα
1565 3692 1850 3757 πολλάκις.
1871 3691 1983 3745 Καὶ

383 3791 448 3843 ού
468 3788 721 3861 θαῦμα,ό
737 3789 868 3862 περὶ
888 3790 1175 3862 κριμάτων
1225 3789 1321 3845 καὶ
1345 3785 1660 3857 πτωμάτων
1676 3784 1834 3854 λόγος
1854 3801 1982 3838 σκο-

384 3881 586 3947 τεινὸς,
608 3882 705 3935 καὶ
734 3883 913 3954 πάντη
940 3881 1088 3955 ψυχῇ
1132 3881 1309 3958 [πάσῃ
1346 3878 1521 3952 ψυχῇ]
1555 3877 1940 3948 ἀκατάληπτος
1965 3893 1978 3906 ·

389 3979 524 4030 ποτα
548 3966 649 4046 μὲν
671 3977 738 4030 τὰ
755 3978 822 4032 δι’
838 3979 1119 4049 ἀμελείας,
1149 3980 1279 4034 ποτα
1303 3979 1361 4032 δὲ
1392 3977 1459 4031 δι’
1488 3973 1880 4044 ὲγκατάλειψιν
1901 3973 1983 4025 οἰ-

389 4071 716 4142 κονομικήν·
738 4075 865 4127 ποῖα
893 4073 950 4127 δὲ
973 4073 1038 4128 δι’
1061 4073 1416 4147 ἀποστροφὴν
1445 4071 1582 4127 Θεοῦ
1611 4068 1982 4141 συμϐαίνοντα

387 4161 526 4230 ἡμῖν
544 4160 833 4231 πτώματα.
866 4164 1013 4235 Πλὴν
1032 4165 1209 4219 ἐκεῖνό
1228 4164 1319 4237 μοί
1337 4181 1421 4228 τις
1449 4162 1772 4235 διηγήσατο,
1786 4163 1982 4231 ὅτιπερ

387 4253 458 4305 τά
478 4252 607 4305 κατ’
626 4256 941 4327 οἰκονομίαν
965 4258 1100 4329 ἡμῖν
1131 4240 1524 4327 συμϐαίνοντα,
1543 4259 1770 4326 ταχεῖαν
1792 4255 1893 4325 τὴν
1920 4254 1980 4321 ἐξ

386 4345 572 4399 αὐτῶν
614 4347 974 4421 ἀποστροφὴν
1024 4350 1350 4421 κέκτηνται·
1396 4350 1457 4403 οὐ
1491 4350 1601 4420 γὰρ
1632 4351 1911 4418 συγχωρεί
1954 4350 1983 4401 ὁ

387 4439 692 4510 παραδοὺς,
739 4441 862 4494 ἐπεὶ
892 4441 1028 4496 πολὺ
1056 4440 1381 4514 κρατεῖσθαι
1417 4443 1566 4512 ἡμᾶς
1594 4440 1656 4494 τὸ
1684 4440 1783 4509 τῆς
1804 4439 1982 4508 λύπης

2091 3243 2336 3290 varetur.
2370 3233 2477 3290 Sed
2508 3248 2611 3304 ego
2639 3234 2792 3289 illum
2834 3234 2943 3289 huc
2975 3237 3246 3305 reportari
3273 3237 3483 3301 curavi,
3529 3246 3581 3290 et
3622 3246 3682 3287 ιιι

2091 3325 2318 3380 minime
2371 3324 2655 3395 indignum
2707 3325 2854 3390 suis,
2899 3326 2953 3380 in
3003 3337 3219 3396 patrum
3250 3328 3560 3383 conditorio
3593 3341 3681 3381 re-

2089 3415 2243 3485 poni,
2282 3425 2339 3470 ut
2370 3416 2465 3484 qui
2497 3425 2623 3486 post
2654 3424 2861 3486 septem
2907 3415 3188 3471 servitutis
3232 3415 3349 3471 dies
3397 3426 3591 3471 octavo
3626 3415 3681 3469 in

2091 3509 2401 3564 libertatem
2439 3510 2510 3565 sit
2542 3518 2808 3565 assertus.
2861 3507 2928 3563 Et
2961 3518 3048 3567 est
3081 3510 3175 3579 qui
3215 3520 3366 3565 certo
3405 3513 3681 3581 crgnovit.

2091 3603 2241 3658 illum
2288 3603 2611 3674 priusquam
2663 3603 2741 3658 ab
2786 3603 3025 3674 indignis
3071 3614 3128 3660 et
3175 3604 3407 3675 impuris
3456 3604 3683 3673 pedibus

2091 3698 2229 3753 meis
2276 3706 2548 3768 surgeret,
2593 3696 2707 3767 jam
2755 3705 2869 3751 tum
2917 3696 3074 3766 plena
3123 3705 3473 3767 peccatorum
3524 3695 3681 3751 venia

2091 3791 2384 3857 donatum,
2429 3791 2650 3860 Deoque
2679 3788 3095 3844 reconciliatum
3132 3787 3322 3845 fuisse.
3355 3786 3466 3843 Nec
3492 3789 3544 3842 id
3577 3791 3683 3841 mi—

2091 3900 2214 3940 rum
2247 3884 2420 3939 videri
2457 3883 2637 3939 debet.
2682 3882 2835 3937 Illius
2866 3881 3013 3936 enim
3059 3881 3382 3953 peccatricis
3421 3879 3580 3935 {idem
3626 3881 3680 3932 in

2090 3976 2280 4032 animo
2306 3985 2705 4045 assumpserat,
2751 3976 3056 4044 eademque
3094 3988 3191 4044 spe
3222 3980 3278 4027 et
3303 3971 3498 4027 ﬁducia
3532 3971 3683 4025 vilis-

2091 4069 2264 4123 simos
2291 4069 2459 4136 pedes
2486 4068 2746 4139 lacrymis
2778 4066 3071 4122 imbuerat.
3115 4064 3311 4120 Omnia
3347 4071 3527 4117 autem
3554 4079 3679 4133 pos-

2090 4160 2273 4216 sibilia
2305 4158 2560 4225 credenti,
2597 4159 2774 4227 inquit
2824 4157 3088 4210 Dominus
3110 4157 3151 4209 ".
3193 4154 3311 4210 Vidi
3339 4169 3440 4225 ego
3467 4154 3681 4208 animus

2093 4254 2339 4323 impnras
2385 4252 2581 4306 insano
2629 4250 2867 4321 quodam
2911 4263 3102 4303 amore
3158 4263 3286 4318 erga
3335 4261 3565 4315 corpora
3598 4244 3680 4298 af-

2094 4343 2263 4398 fectas
2289 4352 2343 4398 ct
2368 4343 2632 4407 furentes,
2656 4357 2777 4411 qua:
2810 4349 2990 4394 tamen
3026 4355 3122 4410 per
3149 4338 3484 4410 paenitentiae
3518 4353 3677 4391 orca-

2090 4437 2303 4492 sionem
2350 4443 2403 4490 et
2446 4433 2943 4489 considerationem
2991 4432 3194 4487 amoris
3234 4430 3434 4501 impuri
3465 4431 3679 4499 experi-

388 4526 627 4597 δαίμονι.
661 4530 724 4584 Οἰ
770 4532 1032 4596 πεσόντες
1060 4532 1167 4604 πρὸ
1198 4532 1418 4587 πάντων
1452 4529 1830 4602 μαχησώμεθα
1848 4529 1980 4600 πρὸς

2091 4533 2361 4588 mentum,
2409 4522 2663 4580 eumdem
2700 4537 2944 4577 amorem
2990 4530 3046 4577 ct
3082 4520 3334 4576 affectum
3394 4529 3567 4575 totum
3622 4524 3675 4573 in

388 4621 588 4675 αὐτόν’
621 4623 785 4686 αὐτὸς
823 4624 935 4695 γὰρ
971 4625 1124 4697 παρά
1169 4625 1261 4678 τὸν
1294 4623 1488 4695 καιρὸν
1526 4625 1628 4694 τῆς
1671 4624 1983 4694 προσευχῆς

388 4714 551 4783 ἡμῶν
597 4718 1030 4788 παριστάμενος,
1064 4719 1158 4771 καί
1204 4718 1305 4788 τῆς
1334 4717 1610 4788 προτέρας
1649 4715 1811 4787 ἡμῶν
1842 4720 1982 4787 παρ’

389 4805 590 4875 ρησίας
631 4807 1072 4881 ὑπομιμνήσκων
1104 4810 1452 4882 καταργῆσαι
1492 4810 1643 4880 ἡμᾶς
1685 4809 1783 4880 τῆς
1814 4808 1983 4878 εὐχῆς

388 4900 664 4971 βούλεται.
715 4903 806 4973 Μὴ
856 4901 970 4973 (24)
1014 4902 1307 4973 θαμϐηθῇς
1344 4900 1468 4955 καθ’
1496 4900 1713 4972 ἡμέραν
1743 4898 1975 4963 πίπτων,

390 4992 534 5064 μηδὲ
564 4993 820 5066 ἀποπὴδα
839 5034 853 5059 ,
908 4993 1047 5048 ἀλλά
1093 4993 1250 5064 στῆθι
1296 4992 1579 5065 ἀνδρείως,
1633 4991 1729 5046 καὶ
1761 4991 1981 5052 πάντως

386 5086 773 5160 αἰδεσθήσεταί
819 5104 917 5141 σου
946 5087 1046 5158 τὴν
1074 5088 1357 5159 ὑπομονὴν
1400 5088 1426 5140 ό
1469 5085 1762 5155 φυλάσσων
1792 5100 1854 5137 σε
1884 5082 1981 5152 ἄγι-

385 5178 569 5247 γελος.
614 5179 704 5243 Ὠς
743 5181 939 5250 νεαρὸν
970 5180 1068 5233 καὶ
1094 5180 1217 5245 ζέον
1244 5179 1304 5232 τὸ
1345 5177 1569 5250 τραῦμα
1595 5177 1809 5231 εὐΐατον
1839 5171 1981 5229 εἶναι

386 5272 606 5340 πέφυκε
630 5291 643 5304 ·
687 5272 755 5327 τὰ
797 5278 908 5346 γὰρ
941 5273 1131 5344 χρόνια
1181 5274 1276 5326 καὶ
1302 5272 1627 5342 ἠμελημένα
1659 5270 1754 5324 καί¹
1785 5285 1980 5339 κεχερ-

388 5363 617 5433 σωμένα
643 5363 896 5430 δυσίατα,
926 5366 1022 5417 καί
1061 5362 1260 5417 πολλοῦ
1290 5363 1385 5416 τοῦ
1420 5363 1614 5424 κόπου,
1640 5361 1734 5414 καὶ
1760 5360 1980 5431 σιδήρου

387 5452 488 5505 καὶ
532 5450 742 5525 ξηρίου,
790 5457 888 5508 καὶ
934 5454 1032 5509 τοῦ
1073 5454 1249 5527 πυρὸς
1289 5452 1528 5508 ἐνταῦθα
1560 5452 1698 5523 πρὸς
1733 5451 1979 5522 ἰατρείαν

382 5545 640 5615 δεόμενα.
669 5548 845 5602 Πολλά
872 5547 951 5617 τῷ
973 5549 1151 5619 χρόνῳ
1171 5547 1388 5609 ἀνίατα,
1408 5545 1561 5617 παρά
1582 5545 1639 5599 δὲ
1659 5545 1779 5616 Θεῷ
1802 5546 1980 5598 πάντα

388 5638 610 5696 δυνατά.
650 5641 762 5713 Πρὸ
796 5641 897 5711 μὲν
929 5640 1042 5712 (‘25)
1077 5639 1172 5694 τοῦ
1207 5639 1524 5709 πτώματος,
1560 5637 1977 5708 φιλάνθρωπον·

458 5799 482 5832 ⁸
529 5797 676 5855 Psal.
715 5813 803 5862 xc,
840 5798 927 5853 12.
1004 5796 1025 5827 ⁷
1061 5795 1232 5852 Marc.
1260 5812 1336 5861 ιι,
1361 5794 1452 5850 22.
1530 5794 1551 5825 "
1576 5793 1709 5850 Luc.
1748 5810 1843 5861 vn,
1885 5794 1974 5848 47.

413 5909 417 5912 ’
713 5893 990 5953 ΡΑτιιοῐ..
1040 5894 1154 5953 GR.
1198 5889 1567 5952 LXXXVIII.

2093 4617 2382 4672 Dominum
2415 4616 2832 4681 transtulerunt,
2866 4614 3114 4694 adeoque
3144 4614 3198 4668 in
3236 4613 3482 4668 divinum
3525 4628 3682 4667 com-

2093 4718 2398 4775 mutarunt,
2431 4717 2489 4764 et
2512 4708 2661 4763 omni
2696 4707 2878 4761 servili
2913 4706 3108 4761 timore
3136 4713 3418 4775 superato,
3448 4710 3593 4759 totus
3619 4719 3681 4757 Se

2092 4805 2146 4860 in
2174 4803 2419 4859 divinum
2453 4816 2697 4857 amorem
2723 4801 3105 4855 demerserunt
3139 4797 3545 4871 [impulerunt].
3576 4796 3681 4851 Ita.

2088 4913 2199 4967 que
2232 4896 2501 4952 Dominus
2535 4895 2736 4953 sobriae
2766 4892 3074 4967 [prudenti]
3121 4893 3195 4946 illi
3236 4891 3526 4963 peccatrici
3569 4906 3679 4945 non

2089 4990 2245 5056 dicit,
2266 4990 2527 5060 quoniam
2542 4987 2748 5053 timuit,
2770 4986 2888 5054 sed,
2912 4985 3165 5055 quoniam
3178 4985 3368 5039 dilexit
3390 4983 3613 5037 multum
3633 4982 3676 5036 ".

2090 5081 2276 5138 Potuit
2307 5097 2462 5152 ergo,
2493 5081 2656 5135 ‘nullo
2688 5079 2929 5150 negotio,
2965 5091 3155 5132 amore
3186 5089 3426 5131 amorem
3458 5073 3674 5142 pellere.

2089 5174 2208 5230 Νοιι
2242 5174 2436 5247 ignoro
2463 5187 2586 5245 ego,
2624 5172 2726 5226 viri
2754 5170 2966 5234 eximii,
3004 5172 3117 5224 tunc
3145 5168 3268 5223 aliis
3291 5180 3455 5236 supra
3491 5164 3674 5226 (idem,

2091 5269 2215 5324 aliis
2258 5282 2427 5338 supra
2472 5281 2660 5337 spem,
2702 5267 2880 5319 visum
2912 5263 3020 5329 iri;
3069 5260 3191 5315 aliis
3224 5261 3388 5315 etiam
3420 5256 3680 5325 destiera-

2092 5362 2295 5416 tionem
2328 5360 2563 5414 allatura
2601 5373 2725 5426 qute
2758 5355 3107 5411 narravimus
3143 5350 3470 5407 certamina.
3511 5347 3677 5417 Atqui

2095 5450 2257 5521 129
2278 5464 2580 5521 generosus
2607 5457 2662 5504 et
2684 5447 2935 5503 heroicus
2966 5444 3185 5499 animus
3217 5439 3501 5497 stimulum
3553 5439 3679 5493 inde

2088 5545 2154 5600 ad
2186 5546 2441 5599 virtutem
2465 5541 2715 5612 arripuit,
2760 5539 3028 5610 igneoque
3057 5534 3246 5604 jaculo
3270 5532 3440 5587 divini
3472 5531 3679 5586 amoris

2089 5635 2334 5701 saucius,
2389 5650 2690 5691 succensus
2739 5630 3005 5687 charitate
3052 5635 3107 5682 et
3131 5627 3332 5680 ardens
3360 5624 3548 5678 abivit.
3572 5622 3678 5689 Qui

3274 5876 3352 5939 25
