4110 6452
453 387 560 451 779

1706 381 1764 438 s.
1812 358 2136 439 JOANNIS
2167 379 2470 443 CLIMACI

3622 390 3729 455 730

454 496 507 551 in
542 494 799 553 secundis
856 493 1123 560 constitit,
1165 495 1416 564 quamvis
1464 493 1624 562 longe
1661 490 1756 546 illo
1785 490 2033 554 inferior,

2145 490 2283 558 μετά
2329 491 2387 544 δὲ
2417 493 2479 546 τὸ
2523 495 2725 565 πτῶμα
2774 496 3046 564 ἀπότομον
3092 494 3183 549 τὸν
3214 494 3348 550 Θεὸν
3385 495 3634 564 λέγουσιν
3672 498 3723 546 οἱ

453 586 674 657 agnovit
717 595 895 640 tamen
933 600 1090 641 suam
1143 586 1315 654 ipsius
1364 584 1821 649 imbecillitatem,
1849 592 1905 639 et
1944 598 2042 654 per

449 696 572 733 eam
615 676 776 732 facile
815 686 1132 748 comparata
1177 677 1481 732 humilitate
1508 693 1603 748 per
1638 678 1722 732 sui
1747 677 1919 748 ipsius
1955 692 2040 731 re-

454 770 895 841 prehensionem,
962 771 1195 824 alterum
1250 784 1279 823 a
1332 778 1486 841 tergo
1541 780 1786 838 secutus,
1853 772 2042 828 nescio

453 876 635 921 ntrnm
691 867 764 922 sit
794 873 1099 933 assecutus.
1145 865 1213 916 At
1247 863 1487 934 degener
1522 874 1576 919 et
1607 865 1887 935 negligens
1910 879 2039 919 cer-

452 959 640 1014 tamini
704 957 1047 1027 superiorum
1114 970 1182 1010 ne
1221 971 1281 1011 se
1333 957 1582 1022 misceat,
1636 973 1704 1012 ne
1742 958 1800 1011 id
1834 958 2037 1026 ipsum,

451 1051 594 1120 quod
630 1050 759 1121 agit,
809 1065 904 1120 per
941 1050 1380 1119 desperationem
1428 1051 1665 1116 deserat,
1715 1051 1850 1104 etin
1884 1050 2037 1104 illum

451 1141 679 1209 quadret
760 1141 891 1196 illud
946 1141 1148 1198 Christi
1204 1141 1530 1196 oraculum:
1567 1145 1645 1196 Ab
1695 1159 1797 1196 non
1819 1142 2039 1196 habente

448 1243 760 1303 promptum
828 1234 1074 1288 animum
1106 1242 1160 1287 et
1181 1232 1542 1298 alacritatem,
1590 1241 1804 1303 etquod
1832 1236 2040 1288 videtur

449 1326 657 1390 habere,
690 1325 966 1396 auferetur
991 1324 1056 1378 ab
1095 1341 1155 1380 eo
1176 1323 1401 1380 “.Fieri
1443 1342 1550 1380 non
1592 1334 1882 1396 potest,_ut
1912 1327 2036 1396 qni-

450 1434 667 1488 cunqne
688 1417 742 1471 in
767 1418 945 1471 lacum
980 1417 1333 1488 iniquitatum
1357 1418 1682 1486 cecidimus,
1708 1386 1836 1474 inde
1852 1430 2038 1474 extra-

451 1510 668 1573 hamur,
697 1509 801 1564 nisi
836 1510 1092 1581 abyssum
1142 1510 1469 1566 humilitatis
1518 1525 1616 1581 per
1659 1512 2034 1581 paenitentiam

450 1601 682 1673 ingressi
716 1599 1002 1656 fuerimus.
1032 1600 1151 1656 Alia
1187 1611 1271 1656 est
1296 1612 1490 1657 mtesta
1524 1602 1906 1672 pecnitentium
1936 1601 2039 1654 hu»

453 1690 826 1754 militas;alia
873 1690 1052 1746 adhuc
1104 1694 1451 1761 peccantium
1499 1692 1850 1748 conscientiae
1902 1708 2037 1748 con-

451 1780 732 1836 demnatio
757 1780 897 1848 ;alia
922 1797 1043 1851 quae
1061 1781 1318 1851 perfectis
1339 1782 1605 1838 divinitus
1631 1783 1843 1837 accedit
1879 1784 2034 1839 beata

450 1888 516 1928 ac
570 1873 796 1942 e0piosa
846 1872 1152 1930 humilitas.
1212 1873 1329 1929 Non
1354 1889 1626 1930 conemur
1657 1877 1797 1931 hanc
1818 1876 2034 1931 tertiam

449 1964 629 2019 verbis
660 1963 904 2034 assequi,
943 1964 1146 2019 frustra
1173 1965 1321 2020 enim
1344 1965 1750 2022 laborabimus:
1781 1965 2039 2022 secundze

449 2059 667 2127 signum
745 2068 831 2113 est.
906 2057 1144 2127 perfecta
1206 2058 1522 2130 ignominim
1582 2069 1637 2114 et
1687 2069 2035 2130 contemptus

450 2149 730 2217 patientia,
785 2149 1038 2217 quamvis
1085 2149 1248 2203 etiam
1279 2162 1387 2204 non
1422 2164 1550 2204 raro
1580 2148 1827 2220 lugentes
1854 2150 2034 2205 adhuc

451 2242 600 2307 prior
657 2242 871 2295 vivendi
921 2243 1260 2297 consuetudo
1305 2241 1550 2312 impellat
1576 2242 1628 2297 in
1655 2243 1874 2298 ruinam
1908 2243 2031 2313 (a).

449 2328 559 2384 Nec
621 2329 672 2383 id
733 2330 1115 2384 demirandum
1143 2346 1159 2395 ;
1192 2330 1335 2385 ratio
1363 2330 1564 2401 quippe
1582 2330 1919 2401 judiciorum
1947 2330 2036 2386 di-

448 2422 700 2474 vinorum
734 2433 785 2476 et
821 2421 1075 2490 lapsuum
1103 2421 1156 2476 in
1191 2422 1547 2492 peccantibus
1573 2431 1658 2479 est
1679 2423 2032 2493 perobscura,

445 2520 500 2565 et
535 2527 657 2582 quae
700 2513 768 2566 ab
792 2514 936 2567 nulla
977 2513 1158 2568 anima
1204 2514 1592 2584 comprehendi
1628 2524 1823 2584 potest.
1854 2512 2037 2569 Incer-

447 2617 561 2659 tum
607 2615 690 2659 est
723 2604 870 2658 enim
904 2621 1030 2675 quae
1069 2607 1200 2672 sint,
1237 2621 1359 2676 quae
1390 2620 1484 2676 per
1516 2605 1899 2677 negligentiam
1934 2619 2037 2659 no-

445 2707 616 2749 stram
654 2705 875 2766 peccata
904 2698 1347 2761 committuntur,
1383 2714 1504 2769 quae
1538 2699 1908 2769 permissione
1948 2700 2035 2754 di-

445 2787 592 2849 vina,
617 2797 670 2842 et
697 2802 818 2857 quae
855 2803 921 2843 ex
952 2789 1240 2844 aversione
1266 2788 1360 2843 Dei
1392 2799 1794 2860 perpetrantur.
1837 2792 2027 2846 Enim-

446 2894 575 2933 vero
622 2878 738 2933 haec
795 2895 903 2933 non
967 2893 1131 2934 nemo
1171 2878 1479 2946 afﬁrmavit,
1507 2897 1605 2938 eos
1638 2883 1818 2953 quiex
1851 2884 2032 2954 aliqua

449 2964 705 3024 Numinis
735 2969 1098 3040 permissione
1151 2982 1399 3041 peccant,
1434 2986 1541 3027 non
1576 2973 1666 3027 diu
1699 2974 1753 3029 in
1794 2977 2033 3044 peccatis

449 3062 678 3125 haerere,
711 3061 857 3132 quod
886 3061 934 3116 is
965 3062 1124 3133 130
1157 3064 1248 3128 qui
1275 3080 1375 3119 nos
1405 3066 1652 3134 permisit
1675 3066 1891 3132 cadere,
1922 3079 2031 3121 non

2142 581 2428 651 δαίμονες·
2469 583 2545 654 μὴ
2573 583 2765 637 πείθου
2788 583 2868 655 τῷ
2903 585 3116 654 λέγοντι
3148 586 3286 655 μετά
3312 587 3375 639 τὸ
3405 587 3612 657 πτῶμα
3633 590 3730 643 ιπι

2142 675 2256 736 τοῖς
2297 677 2518 748 μικροῖς
2550 676 2956 747 ἐλαττώμασιν,
3008 678 3123 730 εἷθε
3151 678 3275 732 τόδε
3321 677 3398 749 μὴ
3427 679 3722 749 ἐποίησας·

2140 766 2302 820 τοῦτο
2330 766 2441 838 γὰρ
2487 768 2642 821 οὐδέν
2686 770 2825 824 ἐστι.
2872 769 3140 833 Πολλάκις
3188 769 3300 841 γὰρ
3355 770 3530 841 μικρὰ
3575 770 3725 842 δῶρα

2141 857 2312 912 πολὺν
2362 857 2536 928 θυμὸν
2580 859 2772 932 κριτοῦ
2826 860 3203 915 κατέπαυσαν.
3271 861 3329 914 '0
3386 863 3445 914 ἐν
3493 860 3724 933 ἀληθείᾳ

2140 947 2372 1010 εὐθύνας
2406 949 2602 1016 διδοὺς,
2653 952 2835 1005 πᾶσαν
2880 952 3093 1022 ἡμέραν
3133 953 3191 1005 ὲν
3301 951 3364 1003 οὐ
3410 951 3618 1016 πενθεῖ,
3648 952 3723 1016 ὡς

2140 1043 2413 1106 ἀπολέσας
2437 1043 2646 1116 ταύτην
2687 1044 2981 1112 λογίζεται.
3030 1045 3151 1099 Κᾶν
3208 1046 3369 1099 όποτα
3407 1044 3589 1113 ἀγαθᾶ
3625 1062 3728 1098 πεὁ

2141 1132 2370 1203 ποίηκεν
2401 1134 2460 1186 ὲν
2489 1135 2661 1205 αὑτῇτ
2697 1134 2887 1204 μηδεὶς
2919 1134 3033 1188 τῶν
3079 1133 3426 1203 θρηνούντων
3469 1136 3530 1187 ἐν
3560 1133 3727 1205 ἐξόδῳ

2139 1223 2240 1293 τὴν
2274 1222 2651 1295 πληροφορίαν
2694 1224 3006 1294 ἑκδέξηται.
3038 1224 3113 1279 Τὸ
3158 1224 3270 1296 γαρ
3293 1223 3492 1296 ἄδηλον
3530 1226 3592 1278 οὐ
3631 1226 3726 1295 βέ-

2141 1315 2314 1370 ϐαιον.
2368 1316 2531 1380 Ἀνες
2587 1334 2680 1387 μοι
2728 1316 2816 1370 διὰ
2872 1317 3272 1389 πληροφορίας,
3322 1321 3410 1374 ίνα
3467 1319 3728 1390 ἀναψύξει)

2142 1407 2249 1477 πρὸ
2305 1406 2403 1460 τοῦ
2475 1425 2545 1478 με
2609 1409 2864 1463 ἀπελθεῖν
2929 1410 3180 1463 ἐντεῦθεν
3246 1411 3725 1483 ἀπληροφόρητον.

2142 1498 2316 1550 Ὅπου
2348 1499 2567 1570 πνεῦμα
2600 1500 2828 1571 Κυρίου,
2861 1502 2890 1553 ὁ
2933 1499 3131 1570 δεσμὸς
3162 1500 3417 1555 λέλυταιο
3443 1503 3580 1555 ὅπου
3613 1501 3728 1575 (26)

2137 1591 2471 1656 ταπείνωσις
2522 1594 2861 1659 ἀνείκαστος,
2914 1596 2944 1647 ό
2979 1594 3177 1664 δεσμὸς
3219 1595 3454 1648 λέλυται.
3503 1597 3565 1650 Oi
3617 1597 3729 1664 γὰρ

2137 1682 2247 1735 τῶν
2273 1682 2369 1737 δύο
2391 1685 2598 1739 τούτων
2624 1686 2814 1756 χωρὶς,
2850 1685 2924 1756 μὴ
2955 1684 3297 1755 πλανηθῶσι,
3324 1686 3563 1740 δέδενται
3591 1687 3726 1757 γάρ.

2139 1779 2203 1830 Ol
2241 1777 2303 1831 ὲν
2336 1777 2531 1849 κόσμῳ
2554 1779 2651 1833 καὶ
2688 1779 2840 1849 μόνοι
2871 1779 3078 1832 τούτων
3108 1780 3416 1850 ὑπάρχουσι
3445 1779 3585 1845 ξένοι
3616 1782 3730 1839 τῶν

2090 1839 2111 1893 ³
2139 1839 2551 1940 πληροφορίῶν,
2596 1839 2699 1926 καί
2725 1871 2964 1936 μάλιστα
2996 1872 3097 1940 τῆς
3145 1839 3436 1941 προτερας,
3456 1839 3536 1926 δι’
3568 1872 3729 1944 ὲλεηει

2141 1962 2387 2031 μοσύνης
2432 1961 2491 2015 δέ
2537 1979 2684 2027 τινες
2732 1964 3016 2034 τρέχουσιν
3068 1964 3128 2016 ἐν
3185 1964 3355 2034 ἐξόδῳ
3399 1964 3462 2016 τὸ
3515 1964 3729 2018 ἑαυτῶν

2139 2055 2333 2126 κέρδος
2371 2055 2750 2127 γνωρίζοντες.
2793 2057 2869 2110 Οὐ
2910 2056 3179 2125 γνώσεται
3208 2059 3236 2110 ό
3265 2053 3455 2110 ἑαυτὸν
3488 2056 3724 2128 θρηνῶν,

2140 2144 2363 2215 θρῆνον,
2413 2130 2705 2217 ἢ’πτ‹ῖ›μα
2760 2147 3012 2219 ἄλλου,ἢ
3073 2148 3302 2219 μέμψιν.
3364 2148 3505 2201 Ὑπὸ
3558 2146 3725 2219 θηρὸς

2139 2235 2363 2307 δηχθεὶς
2405 2237 2574 2300 κύων,
2611 2239 2705 2292 ἐπὶ
2749 2239 2911 2292 πλέον
2946 2238 3203 2309 ἐθυμώθη
3258 2240 3380 2293 κατ’
3431 2237 3619 2301 αὑτοῦ,
3647 2236 3732 2308 τῷ

2139 2329 2288 2399 πόνῳ
2319 2329 2417 2397 τῆς
2462 2329 2680 2401 πληγῆς
2727 2331 2866 2402 πρὸς
2897 2330 3061 2384 αὐτὸν
3095 2331 3507 2402 ἀσυγχωρήτως
3538 2329 3736 2401 μαινόδ

2142 2437 2303 2491 μενος
2336 2421 2446 2491 (27)
2471 2436 2485 2450 ·
2524 2422 2877 2494 πρόσχωμεν,
2926 2424 3122 2493 μήπως
3163 2424 3263 2476 οὐκ
3296 2424 3361 2477 ὲκ
3404 2422 3519 2493 (28)
3554 2421 3736 2476 καθαά

2142 2513 2387 2583 ρότητος,
2423 2513 2559 2567 ἀλλὰ
2599 2512 2982 2586 περικακῆσαν
3011 2513 3221 2583 ὥσπερ,
3269 2512 3364 2568 τοῦ
3393 2514 3642 2582 ἐλέγχειν
3670 2513 3738 2567 τὸ

2140 2603 2379 2665 συνειδὸς
2403 2603 2701 2658 επαύσατο.
2735 2603 2969 2675 Σημεῑον
2995 2605 3098 2674 τῆς
3126 2608 3185 2658 ὲν
3211 2603 3470 2673 πτώματι
3495 2604 3737 2668 λύσεως,

2136 2695 2200 2749 τὸ
2229 2695 2319 2749 διὰ
2352 2683 2552 2759 παντὸς
2594 2697 2878 2767 χρεώστην
2906 2696 3241 2765 λογίζεσθαι.
3290 2696 3458 2749 Οὐδὲν
3489 2695 3598 2749 τῶν
3631 2696 3739 2751 τοῦ

2136 2790 2273 2844 θεοῦ
2330 2789 2636 2861 οἰκτιρμῶν
2686 2789 2837 2852 ἶσον,
2899 2788 2933 2859 ἢ
3004 2788 3190 2859 μεῖζον
3238 2789 3514 2858 ὑπάρχει·
3568 2786 3659 2841 διὸ
3709 2789 3743 2842 ὁ

2138 2879 2532 2947 ἀπογινώσκων
2591 2876 2786 2932 ἑαυτὸν
2824 2877 3024 2948 ἔσφαξε
3055 2880 3191 2949 (29).
3227 2879 3461 2948 Σημεῖον
3497 2893 3745 2949 μεμεριιι

2142 2973 2425 3045 μνημόνης
2462 2971 2756 3042 μετανοίας
2793 2969 2986 3023 πασῶν
3009 2969 3121 3022 τῶν
3150 2969 3571 3040 συμϐαινουσῶν
3596 2970 3745 3040 όρσι⁴⁵

2136 3066 2246 3118 τῶν
2265 3064 2359 3117 καὶ
2389 3063 2638 3133 ἀοράτων
2664 3061 2897 3132 θλίψεων
2919 3060 3103 3126 ἀξίους
3124 3062 3352 3125 ἑαυτοὺς
3377 3060 3701 3129 λογίζεσθαι
3721 3074 3740 3093 ⁸

443 3155 683 3224 patiatur
730 3169 833 3210 nos
900 3155 995 3210 diu
1052 3171 1081 3209 a
1125 3157 1319 3225 spiritu
1356 3158 1597 3214 tristitia
1626 3162 1893 3228 torqueri.
1918 3159 2026 3214 Nos

2140 3154 2461 3210 καὶτούτων
2484 3152 2656 3206 πλείω
2679 3150 3014 3224 [πλειόνων].
3047 3151 3287 3220 Μωῦσῆς
3315 3151 3453 3221 μετὰ
3481 3151 3572 3204 τὸν
3593 3150 3747 3204 Θεὸν

442 3249 538 3318 qui
596 3248 916 3313 cecidimus,
988 3257 1135 3333 ante,
1164 3251 1348 3306 omnia
1407 3268 1715 3324 pugnemus
1771 3255 2031 3311 adversus

446 3340 595 3395 hunc
665 3339 901 3395 tristitia
952 3337 1260 3395 daemonem
1310 3343 1406 3412 qui
1468 3353 1735 3414 tempore,
1768 3361 1878 3415 quo
1909 3361 2035 3414 pre-

445 3430 681 3485 candum
737 3439 840 3498 est,
901 3440 1044 3486 astat
1072 3432 1253 3498 nobis,
1285 3441 1339 3489 et
1364 3446 1623 3490 revocato
1657 3438 1816 3491 nobis
1848 3438 2033 3507 priore

445 3521 774 3577 innocentiae
830 3529 995 3585 statu,
1057 3525 1172 3578 vult
1222 3533 1280 3579 ut
1340 3525 1410 3580 ab
1441 3528 1695 3582 oratione
1738 3529 2030 3601 (tanquam

444 3613 1113 3683 desperati)desistamus.
1144 3617 1253 3672 Nec
1284 3619 1619 3688 percellaris,
1652 3620 1869 3677 etiamsi
1897 3639 2034 3694 quo-

445 3702 577 3756 tidie
643 3702 879 3769 labaris;
927 3718 1027 3758 nec
1087 3704 1305 3760 resilias
1370 3722 1400 3760 a
1447 3708 1632 3763 studio
1697 3710 1798 3778 piae
1826 3712 2035 3766 exerci-

444 3795 692 3858 tationis,
750 3795 843 3850 sed
898 3810 1163 3861 generose
1208 3807 1263 3852 et
1295 3797 1511 3855 fortiter
1542 3812 1749 3871 persta,
1788 3812 1842 3857 et
1868 3819 2034 3873 ange-

444 3887 530 3943 lus
568 3896 697 3942 tuus
742 3888 992 3943 tntelaris
1046 3890 1382 3945 reverehitur
1429 3901 1579 3947 tuam
1611 3895 1929 3964 patientiam
1980 3906 2033 3953 et

444 3979 831 4035 constantiam.
881 3978 1022 4034 Dum
1078 3982 1275 4037 vulnus
1316 3997 1508 4039 recens
1539 3994 1701 4041 estet
1740 3987 1920 4043 adhuc
1940 4004 2034 4043 ca-

444 4072 537 4134 let,
571 4070 784 4126 facilem
830 4072 989 4127 habet
1039 4075 1417 4130 curationem:
1462 4076 1553 4130 ubi
1590 4086 1836 4148 tempore
1880 4080 2035 4135 inve-

442 4164 657 4227 teravit,
682 4173 738 4219 et
775 4165 1085 4233 neglectum
1133 4179 1567 4237 corruptumque
1608 4179 1714 4233 est,
1750 4172 2032 4240 aegerrime

444 4264 687 4320 curatur,
735 4256 1020 4324 multoque
1076 4256 1284 4318 labore,
1333 4257 1501 4324 ferro,
1552 4260 1878 4328 pharmaco,
1908 4263 2033 4332 igne

443 4359 497 4398 et
520 4345 767 4399 cauterio
792 4345 1017 4415 indiget.
1052 4345 1348 4401 Enimvero
1382 4348 1548 4402 etiam
1576 4349 1739 4420 longo
1782 4360 2030 4421 tempore

447 4438 498 4490 in
533 4451 693 4491 usum
716 4436 946 4492 deducta
968 4437 1131 4503 mala,
1162 4447 1217 4493 et
1241 4440 1667 4497 immedicabilia
1692 4483 1707 4507 ,
1740 4459 1768 4498 a
1804 4443 1915 4499 Deo
1949 4455 2031 4500 ta-

2137 3252 2196 3304 ἐν
2240 3252 2309 3321 τῇ
2372 3247 2520 3318 βάτῳ
2577 3245 2802 3312 ἰδέσθαι,
2865 3245 3028 3300 πάλιν
3077 3246 3160 3308 είς
3207 3244 3506 3314 Αἴγυπτον,
3555 3246 3744 3314 ἡγουν

2137 3342 2447 3414 σκοτασμὸν
2497 3340 2635 3412 πρὸς
2668 3339 2768 3411 τὴν
2814 3339 3205 3410 πλινθουργίαν
3234 3339 3331 3394 τοῦ
3361 3338 3553 3411 νοητοῦ
3593 3340 3749 3404 ἴσως

2134 3433 2337 3505 Φαραὼ
2386 3431 2766 3503 ὑπέστρεψενο
2816 3430 2956 3485 ἀλλὰ
3004 3430 3168 3485 πάλιν
3217 3432 3506 3504 ἀνέρχεται
3556 3434 3622 3487 ὲν
3669 3436 3749 3505 τῇ

2137 3526 2286 3596 βάτῳ
2305 3542 2320 3558 ⁸
2355 3526 2451 3579 καὶ
2479 3525 2541 3577 οὐ
2577 3525 2761 3596 μόνον,
2805 3523 2944 3578 ἀλλὰ
2970 3523 3068 3577 καὶ
3095 3526 3155 3578 ὲν
3183 3523 3263 3594 τῷ
3306 3524 3443 3595 ὄρει.
3477 3524 3536 3578 '0
3565 3527 3753 3590 γνοὺς

2133 3618 2194 3671 τὸ
2224 3616 2510 3689 θεώρημα,
2550 3616 2673 3672 οὐδέ
2720 3632 2851 3671 ποτε
2899 3615 3099 3669 ἑαυτοῦ
3137 3614 3526 3685 ἀπογινώσκει.
3573 3616 3753 3671 Πτω-

2135 3708 2287 3781 χεύει
2317 3710 2346 3762 ὁ
2377 3710 2552 3781 μέγας
2595 3708 2736 3774 Ἰὼϐ,
2769 3709 2907 3762 ἀλλά
2937 3708 3103 3762 πάλιν
3130 3707 3334 3771 διπλῶς
3367 3707 3749 3777 ὲπλούτησεν.

2147 3800 2238 3857 Ἐν
2267 3806 2379 3865 τοϊς
2412 3802 2524 3875 (³54))
2557 3801 2844 3873 ῥᾳθύμοις,
2878 3801 3092 3873 χαλεπὰ
3116 3800 3186 3854 τὰ
3214 3799 3350 3870 μετὰ
3396 3798 3497 3871 τὴν
3522 3798 3745 3869 κλῆσιν

2136 3894 2428 3964 πτώματα,
2462 3895 2563 3965 την
2592 3893 2786 3947 ἐλπίδα
2812 3894 2912 3964 τῆς
2957 3892 3229 3957 ἀπαθείας
3255 3892 3564 3963 ραπίσαντα
3600 3889 3757 3963 [πα-

2134 3986 2393 4052 τάξαντα.
2426 3986 2512 4040 Al.
2564 3983 2855 4058 ραπίσασι]
2899 3987 2994 4039 καὶ
3041 3986 3121 4047 εἰς
3156 3985 3429 4055 μακάριον
3474 3982 3755 4052 ἡγεῖσθαι

2137 4078 2391 4132 πείθοντα
2433 4076 2816 4149 λογιζομένους
2869 4071 3310 4149 [λογιζομένοις],
3359 4075 3461 4129 κάν
3505 4073 3611 4145 τὴν
3645 4075 3754 4129 τοῦ

2136 4168 2330 4242 βόθρου
2360 4170 2677 4223 ἀνάστασιν.
2713 4170 2874 4240 Ὅρα,
2906 4170 2966 4222 οὐ
3002 4169 3111 4240 γὰρ
3153 4168 3369 4232 πάντως
3398 4168 3466 4221 δι’
3505 4164 3577 4242 ἧς
3610 4169 3755 4225 ὀδοῦ

2134 4258 2543 4330 ἑπλανὴθημεν,
2593 4259 3027 4330 ἑπιστρέφομεν·
3077 4258 3217 4313 ἀλλᾶ
3266 4258 3334 4311 δι’
3372 4259 3570 4329 ἑτέρας
3604 4278 3758 4315 συν-

2133 4350 2325 4421 τόμου.
2377 4347 2533 4405 Εἶδον
2574 4350 2669 4405 δύο
2719 4353 3044 4422 ὁμοτρόπως
3095 4351 3190 4405 καὶ
3236 4351 3552 4421 ὁμοχρόνως
3591 4354 3759 4425 πρὸς

2136 4441 2344 4513 Κύριον
2390 4442 2744 4512 βαδίζοντας·
2799 4443 2898 4497 καὶ
2942 4444 2972 4497 ὁ
3003 4443 3101 4515 μὲν
3129 4442 3336 4497 τούτων
3376 4444 3612 4515 γηραιὸς
3646 4441 3759 4517 ἦν,

446 4543 569 4581 men
613 4530 701 4583 cui
754 4528 891 4583 nihil
944 4529 1304 4599 impossibile,
1365 4534 1551 4588 curari
1582 4546 1833 4604 possunt.
1888 4539 2028 4594 Ante

2140 4535 2234 4588 xui.
2278 4535 2642 4607 npobxmvtv
2691 4534 2911 4598 πόνοις*
2955 4537 2984 4588 ό
3030 4533 3088 4587 δὲ
3117 4534 3274 4598 ἄλλος
3326 4535 3607 4606 μαθητὴς,
3645 4538 3760 4591 καὶ

445 4619 651 4687 peccati
690 4619 903 4689 lapsum
954 4620 1187 4690 improbi
1236 4622 1513 4679 daemones
1545 4623 1714 4681 Deum
1741 4629 1901 4684 nobis
1929 4631 2026 4685 be-

443 4709 667 4779 nignum
696 4719 751 4763 et
767 4710 1087 4765 clementem
1114 4753 1128 4777 ,
1164 4721 1285 4781 post
1312 4723 1683 4784 perpetratum
1716 4729 2025 4787 peccatum,

434 4800 641 4856 ‘durum
668 4809 720 4856 et
744 4801 1136 4857 inexorabilem
1174 4803 1385 4860 dicunt.
1415 4803 1495 4860 Ne
1530 4816 1588 4861 tu
1630 4811 1928 4866 credideris
1953 4814 2024 4877 ei,

443 4893 537 4963 qui
573 4894 669 4948 tibi
706 4902 829 4964 post
856 4896 1079 4963 gravius
1117 4908 1402 4966 peccatum
1428 4902 1788 4957 commissum
1819 4903 1887 4959 de
1920 4905 2030 4960 mi-

442 4983 591 5040 nutis
638 4993 693 5038 et
730 4984 1067 5054 quotidianie
1115 4987 1399 5057 suggerit:
1428 4988 1648 5045 Utinam
1679 4992 1787 5047 hoc
1810 5010 1919 5048 non
1953 4993 2030 5050 fe-

442 5078 649 5146 cisses;
703 5093 831 5132 nam
884 5077 990 5132 hoc
1026 5079 1107 5135 vel
1158 5080 1288 5134 illud
1333 5097 1561 5151 parvum
1591 5085 1726 5140 nihil
1754 5096 1870 5142 est:
1903 5105 2026 5143 nam

442 5186 819 5241 smpenumern
851 5172 1048 5241 exigua
1076 5172 1219 5227 dona
1240 5173 1514 5243 ingentem
1541 5176 1744 5248 judicis
1776 5179 1914 5233 iram
1943 5197 2030 5237 se-

440 5263 725 5317 daverunt.
788 5258 893 5325 Qui
953 5275 1018 5315 ex
1096 5260 1283 5315 animo
1352 5263 1503 5333 cupit
1565 5265 1884 5321 satisfacere
1925 5283 2027 5337 pro

438 5355 695 5410 admissis
752 5353 939 5416 noxis,
988 5352 1035 5407 is
1082 5367 1304 5408 omnem
1347 5355 1493 5411 diem
1526 5372 1690 5427 quem
1723 5360 1842 5413 sine
1875 5361 2023 5415 luctu

2138 4627 2452 4698 προέδραμε
2501 4626 2690 4696 τάχιον
2739 4625 2835 4680 τοῦ
2883 4624 3169 4696 γέροντος·
3195 4627 3288 4684 καὶ
3320 4622 3452 4698 ἦλθε
3509 4628 3763 4698 πρῶτος

2136 4723 2215 4787 είς
2244 4720 2306 4773 τὸ
2332 4722 2597 4791 μνημεῖον
2626 4719 2725 4789 τῆς
2760 4718 3164 4783 ταπεινώσεως.
3217 4722 3558 4792 Πρόσχωμεν
3589 4723 3763 4777 πάν-

2135 4830 2247 4877 τες,
2300 4814 2393 4866 ἐπὶ
2448 4812 2619 4866 πλείω
2669 4813 2727 4866 δὲ
2774 4815 2823 4866 οί
2874 4814 3244 4879 πεπτωκότες,
3301 4814 3377 4885 μὴ
3429 4813 3637 4883 νοῆσαι
3693 4818 3767 4871 ὲν

2137 4904 2337 4975 καρδίᾳ
2392 4903 2488 4974 τὴν
2538 4904 2632 4958 τοῦ
2670 4904 2783 4975 (51)
2826 4904 3136 4975 Ὢριγένους
3173 4905 3265 4960 τοῦ
3314 4906 3477 4960 ἀθέου
3534 4906 3761 4962 νόσονο

2135 4998 2236 5069 τὴν
2258 4997 2366 5067 γὰρ
2395 4996 2533 5049 Θεοῦ
2550 4997 2985 5071 φιλανθρωπίαν,
3015 5002 3048 5070 ἡ
3082 4999 3258 5071 μιαρὰ
3284 4997 3764 5071 προσαλλομένη,

2136 5087 2543 5159 εὑπαράδεκτος
2596 5093 2654 5143 ὲν
2708 5095 2821 5155 τοῖς
2876 5091 3180 5163 φιληδόνοις
3226 5092 3459 5159 γίνεται.
3521 5091 3623 5144 Ἐν
3681 5096 3763 5165 τῇ

2140 5180 2339 5251 μελέτῃ
2395 5197 2518 5250 μου,
2574 5182 2774 5252 μᾶλλον
2806 5183 2865 5237 δὲ
2899 5185 2959 5238 ὲν
2989 5187 3053 5256 τῇ
3098 5183 3358 5255 μετανοίᾳ
3390 5199 3492 5253 μου
3522 5184 3765 5239 ἐκκαυ-

2132 5271 2355 5340 θήσεται
2404 5270 2518 5341 πῦρ
2566 5274 2875 5344 προσευχῆς
2913 5274 3179 5347 καιούσης
3213 5273 3364 5345 ὕλην.
3403 5274 3574 5344 Ὅρος
3632 5291 3762 5341 σοι,

2130 5363 2225 5415 καὶ
2258 5363 2452 5428 τύπος,
2498 5364 2592 5418 καὶ
2635 5365 3025 5437 ὑπογραμμδς,
3082 5368 3177 5421 καὶ
3225 5365 3393 5420 εἰκὼν
3435 5366 3581 5437 πρὸς
3644 5385 3765 5437 με-

440 5446 723 5516 transegit,
772 5443 1039 5513 perditam
1075 5444 1395 5513 arbitratur,
1448 5450 1701 5518 quamvis
1739 5451 1845 5505 alia
1877 5468 2027 5521 quae.

2136 5455 2350 5510 τὰνοιαν
2392 5455 2637 5511 ἔστωσαν
2666 5458 2715 5511 οἱ
2754 5458 3330 5529 προμνημονευθέντες
3367 5457 3509 5527 ἆγιοι
3551 5461 3769 5514 κατά-

436 5550 657 5607 cunque
710 5534 852 5589 bona
894 5533 951 5589 in
996 5535 1087 5590 illa
1130 5535 1277 5590 fecit.
1330 5535 1503 5594 Nemo
1528 5554 1716 5595 eorum
1751 5544 1845 5613 qui
1882 5560 2008 5615 pee-

510 5701 550 5734 "
585 5699 775 5754 Matth.
799 5715 923 5764 xxv,
951 5701 1041 5758 29.

2129 5545 2291 5612 δικοι,
2342 5547 2436 5600 καὶ
2466 5548 2529 5600 οὐ
2570 5546 2646 5619 μὴ
2681 5547 2923 5620 δεηθήσῃ
2977 5548 3188 5619 βιϐλίου
3222 5550 3361 5614 ὅλως
3392 5551 3451 5602 ὲν
3483 5551 3551 5619 τῇ
3622 5550 3766 5625 ζωῇ

512 5815 593 5885 (a)
619 5813 815 5909 Tertiae
848 5824 1058 5873 tacetur
1089 5819 1328 5888 signum,
1361 5819 1507 5890 quod
1539 5820 1653 5891 jam
1681 5836 2028 5893 expresserat
2076 5844 2172 5899 per
2207 5828 2613 5885 damnationem
2640 5831 3010 5889 conscientiae.
