4110 6420
510 410 611 474 781
1561 397 1793 455 SCALA
1820 387 2202 453 PABADISI.
2236 415 2298 424 -
2334 390 2648 450 GRADUS
2676 391 2745 451 V.
3678 394 3788 457 732

512 536 609 572 σου
655 515 825 587 πάσῃ,
873 512 980 573 ἕως
1023 502 1086 563 οὗ
1129 505 1412 579 ὲπιφαύσῃ
1458 521 1540 560 σοι
1582 507 1612 558 ὁ
1654 502 1888 575 Χριστὸς
1914 505 1943 557 ὁ
1973 502 2135 565 Υἱὸς.

2161 510 2319 562 ιοῖὶῐῖὶ
2388 516 2487 555 sua
2544 501 2752 571 lugent,
2808 500 2862 553 in
2928 512 3103 556 morte
3147 500 3384 571 primum
3435 505 3784 562 securitatem

508 606 603 660 τοῦ
635 603 794 668 Θεοῦ,
828 601 923 656 καὶ
946 600 1077 663 θεὸς
1107 599 1165 650 ὲν
1190 598 1258 669 τῇ
1289 595 1585 650 ἀναστάσει
1618 594 1721 665 τῆς
1753 610 2097 665 μεμεριμνη-

2201 600 2518 660 exspectet;
2579 598 2664 646 est
2710 591 2859 645 enim
2890 589 2942 646 id
2988 607 3190 662 anceps
3223 602 3280 649 et
3316 595 3585 650 incertum
3616 597 3787 669 [quod

511 697 683 768 μένης
714 692 1026 766 μετανοίας.
1068 690 1263 760 Ἀμήν.

2202 683 2348 737 enim
2380 684 2706 753 obscurum,
2728 692 2811 738 est
2840 684 3156 758 incertum].
3181 685 3399 741 Dimitte
3445 702 3532 742 me
3554 703 3647 757 per
3670 703 3790 743 cerv

514 807 620 847 .am
669 804 843 859 spem,
907 796 969 841 ut
991 785 1299 855 refrigerer,
1330 782 1649 852 priusquam
1687 780 1816 835 hinc
1856 778 2050 834 salutis
2091 778 2332 832 incertus
2357 778 2571 833 abeam.
2602 778 2756 850 131
2797 778 2902 835 Ubi
2935 777 3170 850 Spiritus
3203 779 3439 849 Domini,
3482 784 3555 839 ibi
3595 784 3790 840 vincu-

507 884 624 938 lum
669 888 1019 951 peccatorum
1069 877 1349 946 direptum
1404 883 1517 929 est:
1550 873 1643 928 ubi
1673 873 1887 928 sincera
1912 871 2213 932 humilitas,
2247 870 2320 925 ibi
2348 885 2522 925 nexus
2570 873 2752 927 omnis
2795 882 2879 928 est
2934 875 3241 931 exsolutus.
3304 875 3408 942 Qui
3474 894 3606 934 vero
3672 881 3794 936 sine

507 976 597 1032 bis
634 974 849 1029 duobus
898 971 1198 1028 comitibus
1222 960 1513 1034 decedunt,
1543 984 1612 1022 ne
1641 983 1701 1022 se
1725 967 1936 1030 fallant,
1975 966 2139 1019 vincti
2170 974 2319 1019 διιειι.
2361 963 2463 1032 Qui
2498 966 2551 1020 in
2600 968 2804 1022 saeculo
2842 982 3148 1037 versantur,
3196 971 3252 1025 bi
3322 972 3425 1027 soli
3479 975 3583 1030 itac
3642 988 3789 1033 certa

503 1078 564 1124 et
614 1069 772 1140 plena
817 1081 914 1136 spe
961 1065 1365 1134 securitateque
1413 1061 1718 1134 praesertim
1771 1061 1953 1131 priore
2001 1057 2271 1130 (Spiritus
2331 1058 2591 1129 Domini)
2658 1072 2866 1123 carent,
2916 1079 3040 1117 cum
3101 1065 3169 1118 de
3225 1065 3336 1119 vita
3368 1069 3626 1136 migrant.
3693 1069 3795 1125 Per

503 1176 677 1231 Opera
730 1168 912 1215 tamen
976 1157 1364 1214 misericordiae
1411 1155 1663 1210 nonnulli
1718 1170 1843 1210 cum
1903 1154 1971 1209 ad
2039 1154 2164 1208 vitae
2204 1155 2365 1208 tinem
2421 1164 2739 1226 properant,
2797 1173 2958 1212 suum
3016 1159 3071 1212 in
3133 1161 3281 1214 exitu
3337 1163 3686 1218 commodum
3742 1172 3800 1218 et

506 1251 749 1307 fructum
777 1250 1107 1322 percipiunt.
1148 1248 1253 1315 Qui
1299 1240 1542 1319 seipsum
1583 1248 1750 1316 luget,
1792 1259 1900 1299 non
1968 1245 2203 1308 curabit,
2269 1260 2371 1299 nec
2429 1247 2646 1301 curiose
2680 1257 2888 1316 quaeret
2911 1250 2977 1304 de
3014 1249 3454 1320 luctn,peccato,
3499 1262 3553 1308 et
3616 1270 3797 1322 repre-

511 1342 777 1398 hensione
830 1342 1074 1398 alterius.
1119 1341 1316 1406 Canis,
1376 1356 1409 1395 a
1460 1340 1571 1395 fera
1624 1340 1808 1403 lassus,
1868 1339 2106 1393 atrocius
2180 1337 2446 1393 adversus
2492 1355 2613 1393 eam
2656 1339 2928 1411 insurgit;
2989 1358 3114 1397 nam
3159 1345 3400 1402 vulneris
3442 1347 3631 1401 dolore
3701 1363 3797 1403 ac-

510 1447 713 1488 census
766 1433 1100 1504 implacabili
1150 1434 1301 1488 rabie
1336 1432 1489 1487 saevit
1510 1432 1562 1485 in
1593 1432 1764 1485 illam.
1796 1428 2101 1485 Careamus
2140 1446 2207 1483 ne
2240 1431 2577 1486 conscientia
2638 1442 2826 1487 nostra
2897 1434 3168 1489 destiterit
3191 1451 3289 1491 nos
3316 1439 3661 1510 redarguere,
3687 1456 3795 1492 non

513 1539 740 1599 propter
787 1529 974 1585 cordis
1000 1529 1348 1596 munditiem,
1371 1528 1469 1584 sed
1502 1537 1749 1582 nostram
1775 1525 1959 1597 potius
1988 1525 2275 1580 malitiam.
2347 1528 2746 1597 Argumentum
2809 1538 2894 1583 est
2931 1528 3176 1586 remissae
3216 1547 3393 1595 noxae,
3440 1535 3485 1588 si
3556 1543 3609 1590 te
3646 1550 3798 1590 sem-

512 1640 612 1696 per
649 1623 873 1680 noxium
923 1635 977 1680 et
1015 1624 1318 1681 debitorem
1371 1637 1754 1693 recognoscas.
1790 1620 1939 1675 Nihil
1965 1636 2090 1675 eum
2130 1621 2528 1676 misericordiis
2580 1619 2675 1674 Dei
2725 1623 3036 1691 comparari
3071 1632 3281 1693 potest;
3335 1625 3471 1679 nihil
3505 1627 3588 1680 bis
3621 1627 3799 1696 majus

509 1728 613 1774 est.
650 1717 885 1774 Proinde
921 1719 1017 1789 qui
1044 1719 1320 1788 desperat,
1353 1718 1439 1773 sui
1470 1719 1644 1788 ipsius
1690 1714 1963 1786 parricida
1984 1722 2087 1770 est.
2130 1713 2393 1770 Perfectae
2449 1724 2506 1770 et
2561 1724 2835 1769 accuratae
2859 1716 3196 1785 paenitentiae
3228 1718 3448 1788 signant
3490 1728 3609 1786 est,
3633 1735 3807 1789 quan-

510 1813 583 1865 do
630 1813 758 1880 quis
800 1812 1041 1881 seipsum
1091 1813 1351 1869 omnibus
1402 1812 1563 1867 malis
1594 1823 1648 1866 et
1684 1810 2095 1875 alllictinnibus,
2135 1826 2258 1880 quae
2318 1809 2568 1864 accidere
2631 1810 2830 1876 solent,
2864 1825 2959 1865 seu
2990 1827 3156 1868 sensu
3202 1824 3518 1883 tangantur,
3564 1830 3664 1870 seu
3717 1818 3802 1868 iu-

512 1906 883 1978 aspcctabiles
911 1916 968 1961 et
1016 1907 1291 1976 spiritales
1353 1910 1487 1972 sint,
1533 1908 1759 1979 dignum
1823 1908 2124 1971 existimat,
2156 1919 2209 1960 et
2249 1907 2335 1961 his
2366 1906 2548 1962 adhuc
2583 1906 2852 1976 pluribus.
2900 1905 3079 1961 Moses
3104 1921 3228 1961 cum
3260 1907 3427 1962 Deum
3461 1909 3515 1962 in
3553 1910 3692 1964 rubo
3718 1911 3798 1964 vi-

509 2001 707 2067 disset,
762 2001 814 2054 in
872 1998 1192 2072 Egyptum,
1242 2001 1358 2056 sive
1397 2002 1463 2055 ad
1516 2001 1705 2055 mutuli
1736 2001 2014 2064 tenebras,
2079 2009 2133 2055 et
2175 2002 2372 2055 lateres
2436 1999 2756 2069 coquendos
2807 1999 3097 2069 symbolici
3172 1998 3321 2055 illius
3372 2000 3608 2056 fortasse
3652 2000 3803 2055 Plia-

511 2096 703 2152 raonis
762 2111 1017 2153 reversus
1073 2107 1176 2161 est,
1239 2098 1336 2152 sed
1385 2097 1528 2152 idem
1574 2098 1642 2152 ad
1674 2099 1871 2153 rubum
1936 2098 2300 2169 postliminio,
2349 2097 2464 2152 into
2503 2098 2572 2151 ad
2610 2106 2850 2150 montem
2896 2095 2989 2151 Dei
3062 2111 3347 2168 regressus
3405 2109 3511 2155 est.
3544 2098 3648 2165 Qui
3696 2100 3802 2165 jn-

474 2171 712 2260 ’telligit
766 2191 901 2260 quid
958 2188 1064 2246 sibi
1112 2189 1220 2245 hoc
1260 2189 1440 2244 visum
1487 2198 1542 2244 et
1570 2190 1748 2260 iigura
1773 2190 1923 2259 velit,
1992 2205 2272 2260 nunquam
2325 2188 2393 2243 de
2437 2188 2620 2258 seipso
2670 2187 3005 2257 desperabit.
3045 2187 3218 2245 Iebus
3284 2190 3376 2247 ille
3436 2192 3673 2262 inclytus
3733 2194 3803 2248 ad

510 2283 764 2337 ultimam
824 2282 1230 2339 mendicitatem
1272 2283 1550 2345 redactus,
1605 2282 1671 2336 ad
1708 2282 1875 2352 duplo
1940 2291 2126 2352 postea
2172 2282 2330 2352 132
2383 2280 2619 2351 majores
2668 2296 2800 2351 opes
2854 2296 3019 2350 quam
3089 2290 3218 2337 ante
3264 2296 3646 2355 paupertatem
3712 2288 3803 2344 lia-

512 2374 727 2439 buerat,
778 2376 1045 2447 pervenit.
1082 2376 1242 2447 Apud
1295 2377 1526 2448 ignavos
1592 2388 1647 2432 et
1706 2377 1931 2443 inertes,
1970 2394 2164 2449 graves
2208 2386 2331 2448 post
2380 2392 2594 2432 sacram
2643 2376 3041 2446 professionem
3088 2394 3185 2435 seu
3233 2383 3573 2437 vocationem
3621 2368 3821 2447 solum.

508 2483 636 2524 esse
698 2483 862 2524 casus
912 2456 968 2523 ei
1014 2468 1225 2537 lapsus,
1274 2469 1372 2540 qui
1405 2484 1559 2539 spem
1584 2468 1759 2524 beatae
1820 2470 2238 2540 tranquillitatis
2301 2469 2533 2523 omnino
2577 2469 2851 2535 incidunt,
2895 2472 3341 2543 persuadentque
3380 2475 3447 2529 iis
3508 2478 3602 2546 qui
3669 2496 3801 2549 prc-

515 2569 714 2615 carunt
737 2570 824 2617 sat
854 2560 1047 2617 beatos
1089 2561 1229 2627 fore,
1274 2559 1574 2616 dummodo
1604 2575 1671 2615 ex
1695 2560 1907 2630 peccati
1941 2561 2203 2633 voragine
2250 2568 2305 2615 et
2335 2557 2495 2614 fovea
2525 2571 2807 2630 emergant
2871 2571 2925 2615 et
2986 2574 3297 2635 resurgant.
3333 2566 3438 2622 Sed
3501 2573 3657 2626 enim
3717 2586 3807 2627 at-

518 2653 698 2719 tende,
761 2653 910 2706 nulla
975 2650 1188 2709 ratione
1245 2652 1584 2708 redeundum
1632 2662 1717 2709 est
1746 2653 1836 2708 illa
1874 2653 1959 2709 via
2030 2668 2139 2724 qua
2205 2652 2609 2713 exerravimus,
2660 2654 2754 2707 scd
2801 2654 3027 2708 omnino
3067 2655 3334 2712 breviore.
3374 2659 3493 2714 Vidi
3519 2661 3661 2718 duos
3722 2666 3803 2720 si-

523 2745 637 2798 mul
686 2754 742 2799 et
793 2746 985 2800 eodem
1016 2745 1180 2799 modo
1235 2754 1293 2799 et
1321 2745 1514 2801 eodem
1545 2754 1792 2817 tempore
1816 2746 1884 2801 ad
1931 2747 2225 2802 Dominum
2274 2748 2330 2800 in
2361 2747 2621 2817 religione
2641 2756 2950 2814 currentes,
2991 2736 3224 2818 quorum
3267 2753 3404 2807 alter
3435 2767 3553 2810 erat
3578 2759 3798 2821 senior.

523 2846 583 2893 et
600 2837 868 2907 religiosis
883 2837 1082 2893 studiis
1101 2836 1481 2902 excellentior,
1514 2838 1655 2893 alter
1673 2838 2000 2909 discipulus,
2034 2837 2128 2907 qui
2152 2853 2319 2893 cursu
2346 2839 2621 2893 seniorem
2664 2842 2965 2909 superavit,
3006 2851 3062 2895 et
3099 2844 3248 2909 prior
3286 2847 3352 2899 ad
3389 2862 3802 2908 monumentum

525 2930 851 2987 humilitatis
873 2939 1138 3001 pervenit.
1160 2932 1472 2988 Careamus
1502 2948 1722 2999 omnes,
1748 2943 1807 2989 et
1836 2934 2113 3005 imprimis
2130 2934 2224 3003 qui
2245 2934 2382 3005 lapsi
2413 2945 2562 2996 sunt,
2582 2950 2650 2989 ne
2670 2937 2864 2990 morbo
2884 2937 3031 3007 impii
3050 2936 3301 3009 Origenis
3326 2942 3379 2995 in
3402 2945 3587 3000 animo
3609 2963 3808 3006 conce.

518 3036 618 3095 ι)ιο
648 3024 987 3081 laboremus:
1019 3025 1235 3095 impura
1260 3025 1408 3080 enim
1460 3025 1712 3097 Origenis
1769 3028 2022 3084 doctrina
2040 3027 2108 3082 iis
2137 3030 2230 3097 qui
2266 3028 2643 3097 voluptatibus
2666 3028 2964 3098 capiuntur
2987 3031 3053 3085 de
3077 3034 3359 3102 proposita
3386 3036 3481 3092 Dei
3511 3040 3803 3098 clementia

519 3120 819 3175 admodum
874 3128 1028 3191 grata
1077 3128 1182 3185 est,
1222 3129 1277 3174 et
1348 3119 1507 3176 avide
1542 3121 1827 3191 arripitur.
1898 3120 1961 3176 in
2035 3121 2391 3177 meditatione
2446 3137 2589 3190 mea,
2632 3122 2744 3177 imo
2800 3139 2931 3179 vero
2979 3125 3034 3185 in
3092 3129 3415 3196 ptenitentia
3472 3147 3802 3198 mea,exar-

519 3211 708 3267 descet
771 3212 914 3282 ignis
949 3213 1309 3283 precationis,
1374 3227 1497 3282 qua:
1542 3228 1762 3267 omnem
1813 3214 2027 3284 peccati
2089 3214 2377 3270 materiam
2436 3215 2698 3270 absumit.
2746 3214 2868 3269 Sint
2908 3218 3004 3271 tibi
3038 3219 3376 3288 paenitentiae
3405 3223 3599 3292 duces,
3653 3229 3802 3295 linis,

520 3309 741 3375 modus,
793 3309 1130 3380 exemplum,
1172 3309 1355 3381 imago
1401 3317 1453 3363 ct
1486 3308 1661 3380 ﬁgura
1694 3310 1771 3364 illi
1795 3310 1969 3364 sancti
2002 3312 2102 3375 rei,
2140 3326 2281 3380 quos
2344 3326 2514 3379 supra
2576 3310 2630 3364 in
2650 3311 2756 3366 hoc
2781 3313 2951 3381 gradu
2993 3314 3088 3367 tibi
3124 3317 3407 3386 proposui,
3444 3328 3497 3373 et
3525 3322 3678 3376 nullo
3708 3338 3806 3392 per

518 3418 741 3459 omnem
798 3402 967 3457 vitam
1026 3402 1170 3458 libro
1222 3402 1515 3472 indigebis,
1549 3403 1731 3472 quoad
1805 3403 2142 3459 illuminabit
2217 3412 2273 3459 te
2323 3403 2581 3460 Christus
2621 3402 2717 3458 Dei
2763 3402 2938 3459 Filius
2998 3416 3054 3460 et
3098 3404 3247 3463 Deus
3288 3410 3345 3464 in
3398 3416 3805 3471 resurrectione

525 3510 664 3551 verae
696 3503 751 3550 et
778 3494 1034 3564 perlecta:
1072 3494 1432 3566 poenitentiae.
1479 3495 1674 3550 Amen.
2570 3534 2575 3537 »

593 3585 852 3655 Πέμπτον
896 3584 1104 3656 βαθμὸν
1143 3586 1375 3657 ἀνῆλθες
1404 3588 1433 3640 ὁ
1466 3590 1830 3658 μετανοήσας,
1876 3586 1977 3651 τὰς
2002 3586 2113 3660 γὰρ
2142 3610 2187 3666 Β

2179 3616 2187 3662 ι
2283 3590 2551 3658 Quintum
2604 3592 2833 3662 gradum
2898 3609 2997 3663 per
3064 3597 3440 3665 paenitentiam
3484 3606 3802 3674 ascendisti,

522 3677 689 3732 πέντε
724 3678 1008 3749 αἰσθήσεις
1035 3678 1315 3750 ὲκάθηρας
1341 3678 1409 3732 δι’
1438 3680 1642 3751 αὐτῆς·
1672 3682 1765 3735 καὶ
1796 3680 1894 3752 τὴν
1942 3680 2111 3735 ἀκού-

2214 3683 2477 3765 quinque.
2495 3699 2697 3741 sensus
2743 3698 2841 3754 per
2870 3701 2991 3742 eam
3043 3692 3370 3759 repurgasti,
3399 3700 3453 3748 et
3472 3709 3688 3765 plenam
3722 3698 3804 3750 in-

522 3786 644 3823 σιον
672 3768 945 3840 τιμωρίαν
977 3770 1071 3824 καὶ
1100 3771 1322 3825 κόλασιν
1345 3771 1415 3825 δι’
1446 3772 1618 3841 αὐτῆς
1647 3773 2111 3847 αὑτοπροιιρὲτου

2215 3776 2331 3829 vito
2389 3774 2756 3843 pendendam,
2818 3776 3262 3847 suppliciumque
3325 3796 3423 3849 per
3474 3798 3596 3837 eam
3632 3798 3804 3854 quam

520 3861 804 3932 ἐκφυγών.
2215 3867 2336 3938 ipse
2368 3877 2565 3937 sponte
2607 3868 2901 3937 suscepisti
2939 3871 3320 3938 paenitentiam
3350 3874 3594 3929 evasisti.

926 3974 1182 4027 ΣΧΟΛΙΑ
1218 3972 1329 4027 ΕΙΣ
1364 3973 1594 4027 ΛΟΓΟΝ
1631 3973 1705 4026 Ευ.
2492 3981 2549 4050 1:

2492 3980 2649 4052 133
2684 3979 2979 4037 SCHOLIA
3013 3981 3105 4036 AD
3137 3982 3428 4040 GRADUM
3470 3986 3534 4043 Ὗ.

880 4088 1016 4159 Περὶ
1063 4087 1416 4160 μετανοίαςῆ
1452 4086 1715 4156 φυλακῆς.

2569 4090 2646 4146 De
2699 4093 3018 4162 poenitentia
3070 4109 3166 4148 seu
3204 4109 3442 4150 carcere.

1130 4202 1394 4270 Σχόλιον
1427 4206 1508 4259 α’.

2846 4201 3097 4258 Scholion
3119 4203 3170 4262 l.

596 4292 874 4347 Μετάνοιά
905 4295 1052 4347 ἐστιν
1079 4296 1144 4347 ὲκ
1194 4290 1280 4348 τοῦ
1322 4293 1475 4362 παρὰ
1502 4291 1665 4362 φύσιν
1696 4293 1778 4356 εἰς
1822 4291 1924 4363 τὴν
1972 4291 2114 4346 κατὰ

2286 4292 2614 4350 Ρωιιὶιοιιιὶα
2639 4301 2724 4347 est
2750 4288 2957 4345 reditus
2976 4306 3046 4345 ex
3065 4301 3230 4353 statu.
3251 4290 3304 4345 in
3331 4308 3443 4362 quo
3458 4295 3592 4350 vixit
3612 4306 3803 4353 contra

523 4385 711 4454 φύσιν,
748 4386 856 4456 καὶ
887 4387 953 4440 ἐκ
976 4385 1073 4439 τοῦ
1103 4385 1353 4440 διαϐόλου
1384 4385 1522 4456 πρὸς
1569 4384 1663 4439 τὸν
1691 4384 1823 4438 Θεὸν
1852 4385 2113 4446 ἐπάνοδος

2214 4397 2489 4448 naturam,
2537 4381 2607 4437 ad
2650 4390 2853 4436 statum
2881 4379 2976 4447 qui
2999 4380 3400 4437 cstsecundnm
3417 4394 3686 4449 naturam,
3705 4396 3803 4439 eta

518 4477 594 4532 δι’
626 4455 915 4552 ἀσκῆσεως
946 4480 1041 4533 καὶ
1074 4479 1261 4534 πόνου.
1433 4455 1440 4456 7

2216 4475 2436 4528 diabolo
2468 4476 2536 4529 ad
2573 4474 2745 4530 Deum
2802 4469 3067 4527 beneﬁcio
3119 4470 3385 4542 religiosae
3428 4474 3807 4544 disciplinast-t

2206 4580 2440 4616 ωυοηε.

2206 4561 2440 4618 laboris.

1221 4661 1423 4716 Ἄλλο.

2206 4561 2440 4618 laboris.

2922 4652 3104 4707 Aliud.

597 4771 874 4826 Μετάνοια
911 4773 1027 4826 ἐστι
1056 4773 1122 4827 τὸ
1152 4773 1494 4847 ἀποστρέψαι
1523 4774 1633 4827 ἀπὸ
1662 4775 1762 4846 τῆς
1809 4775 2107 4847 ἁμαρτίας.

2284 4767 2609 4824 Poenitentia
2647 4775 2733 4822 est.
2761 4764 2934 4821 averti
2963 4771 3277 4834 a’peccato.
3310 4760 3430 4818 Non
3459 4762 3606 4819 enim
3638 4778 3805 4817 unum

521 4861 604 4918 Οὐ
633 4863 741 4934 γὰρ
774 4863 889 4916 ἐστι
926 4862 1026 4933 μία
1068 4864 1315 4934 ἁμαρτία
1340 4882 1354 4896 ο
1399 4863 1515 4917 ἀλλ’
1549 4864 1671 4928 ὅλος
1698 4866 1727 4919 ὁ
1757 4864 1987 4929 παλαιὸς
2016 4865 2112 4920 ἄν·

2215 4869 2299 4911 est
2348 4867 2651 4926 peccatum,
2708 4854 2804 4911 sed
2831 4862 2979 4909 totus
3016 4860 3177 4908 vetus
3205 4851 3372 4908 homo
3398 4862 3679 4922 peccatum
3711 4869 3808 4921 ap-

522 4950 746 5021 θρωπος
774 4951 1019 5024 ἁμαρτία
1048 4951 1315 5006 καλεῖται.
2134 4963 2145 5009 t

838 4951 1019 5024 ιαρτία
1048 4951 1315 5006 καλεῖται.
2134 4956 2177 5013 c
2209 4944 2461 5015 pellatur.

1218 5040 1415 5094 Ἄλλο.

2920 5034 3100 5092 Aliud.

596 5153 875 5208 Μετάνοια
899 5154 1017 5206 ἐστι
1053 5152 1377 5222 καταλεῖψαι
1406 5152 1475 5206 τὰ
1498 5152 1762 5227 πρότερα,
1794 5153 1890 5207 καί
1916 5152 2107 5207 λυπεῖ-

2284 5152 2611 5208 Pcenitentia
2638 5159 2720 5208 est
2776 5150 3085 5221 relinquere
3135 5150 3336 5220 priora,
3383 5155 3440 5203 et
3496 5146 3565 5202 de
3613 5145 3804 5201 iisdem

525 5244 653 5300 σθαι
681 5246 824 5315 ὑπὲρ
855 5246 1056 5299 αὐτῶν.

795 5265 824 5315 ρ
855 5246 1056 5299 αὐτῶν.
2214 5248 2418 5302 dolere.

1124 5339 1172 5390 Σ
1173 5337 1382 5406 χόλιον
1424 5335 1490 5407 β’.

2855 5337 3105 5393 Scholion
3128 5336 3183 5391 2.

607 5449 669 5503 '0
690 5449 1109 5522 αὐτομέριμνος.
1132 5450 1227 5503 καὶ
1250 5449 1711 5521 αὐτοκατάκριτος
1732 5447 1963 5517 γῖνεται,
1988 5449 2111 5506 ἐπεὶ

2289 5447 2395 5515 Qui
2424 5458 2634 5502 tantum
2662 5463 2761 5502 sua
2792 5456 2969 5506 curat,
2996 5447 3268 5499 neminem
3310 5454 3506 5514 praeter
3539 5457 3599 5498 se
3651 5444 3806 5498 dam.

520 5537 619 5596 οὖν
648 5542 736 5597 διὰ
780 5544 840 5596 τὸ
885 5542 1308 5613 αὑτομέριμνος,
1361 5543 1828 5615 αὐτοκατάκριτος
1877 5545 2108 5609 γίνεται,

2220 5547 2356 5603 nat;
2421 5535 2682 5605 quoniam
2752 5549 2883 5602 ergo
2941 5533 3035 5601 qui
3072 5548 3171 5588 sua
3202 5541 3411 5586 tantum
3437 5540 3614 5593 curat,
3639 5547 3698 5587 se
3722 5533 3807 5600 ip-

522 5634 829 5707 ἀμὲριμνος
876 5636 958 5697 εἰς
1013 5636 1160 5688 ἅπαν
1219 5633 1544 5706 χρηματίζει
1596 5634 1706 5687 τῶν
1755 5633 1849 5688 τοῦ
1905 5636 2109 5706 κόσμου

2220 5643 2343 5684 sum
2407 5633 2617 5681 tantum
2668 5624 2878 5694 judicat
2897 5632 2949 5677 et
2979 5623 3223 5685 damnat,
3254 5622 3302 5677 is
3332 5623 3426 5693 qui
3458 5637 3621 5679 curas
3670 5626 3807 5678 alias

526 5730 901 5800 πραγμάτων,
961 5728 1053 5782 καὶ
1107 5727 1474 5799 ἀκατάκριτος
1524 5726 1602 5797 τῷ
1656 5725 1808 5797 καλῷ
1867 5727 2112 5799 λογισμῷ

2221 5735 2409 5776 omnes
2455 5718 2660 5788 abjicit,
2718 5715 2942 5771 omnino
2985 5716 3166 5770 saeculi
3192 5716 3340 5771 curis
3378 5715 3669 5771 defunctus
3701 5725 3806 5776 Cal,

524 5819 714 5877 αὐτοῦ.
1348 5858 1369 5879 ,
2221 5826 2274 5870 et
2304 5816 2374 5869 ob
2405 5821 2624 5869 sanctas
2658 5807 3018 5878 cogitationes
3050 5824 3178 5864 suas
3211 5808 3559 5863 indemnatus
3599 5818 3802 5862 manet.
