4110 6418
332 358 437 413 735
523 367 535 377 ι
1593 342 1659 400 S.
1695 342 1955 405 JOANN]

1984 344 2013 404 5
2036 345 2346 407 CLIMAC-I
3503 344 3607 408 ’γει

1030 457 1209 511 Aliud.
1951 457 1998 512 Α

1951 457 1998 512 Α
2710 455 2915 510 Ἄλλο.

409 545 568 603 Curis
632 544 883 598 omnibus
945 559 1136 598 vacare
1189 543 1232 596 is
1276 540 1492 604 dicitur,
1525 540 1618 609 qui
1663 539 1798 592 nihil
1830 553 1919 592 co-

2107 540 2434 611 Ἀμέριμνος
2487 544 2584 613 μὲν
2619 543 2693 608 ὡς
2728 544 2953 616 μηδενὸς
2990 546 3233 613 ἐπιγείου
3272 546 3569 616 φροντίζων
3592 563 3605 575 ·

341 653 486 705 rum,
535 652 655 706 quae
714 638 767 689 in
791 637 964 690 .terris
995 641 1141 696 sunt,
1182 641 1335 686 curat
1371 651 1382 686 :
1426 631 1824 700 αύτομέριμνος
1876 629 1921 685 is

2023 631 2423 704 αὐτομέριμνος
2449 636 2527 701 δὲ,
2551 637 2625 701 ὡς
2657 639 2817 708 μόνου
2848 637 3040 692 ἑαυτοῦ
3067 639 3366 710 μεριμνῶν,
3397 639 3605 708 καὶτῆς

341 740 440 792 est,
475 729 566 798 qui
598 743 694 782 sua
729 735 941 782 tantum
979 735 1151 786 curat,
1185 733 1236 777 et
1276 739 1388 778 suae
1430 723 1693 778 duntaxat
1729 723 1922 777 salutis

930 742 941 777 I
979 735 1151 786 curat,
1185 733 1236 777 et
1276 739 1388 778 suae
1430 723 1693 778 duntaxat
1729 723 1922 777 salutis
2025 721 2228 784 οἰκείας
2265 724 2553 794 σωτηρίας.

341 837 524 874 curam
569 820 747 873 habet.
2817 811 2851 848 ιι

871 905 1118 959 Scholion
1155 902 1333 957 Isaaci
1363 905 1416 958 3.

2514 903 2773 970 Σχόλιον
2822 901 3027 956 Ἰσαὰκ
3062 909 3127 970 γ’.

408 999 553 1053 Nihil
614 997 806 1051 melius
859 1004 937 1048 est
981 1011 1141 1064 quam
1183 1011 1240 1049 se
1282 1005 1407 1049 ante
1438 995 1715 1050 Christum
1748 993 1924 1050 cruci-

2097 997 2260 1050 Οὐδὲν
2308 995 2498 1065 ἕτερον
2549 992 2642 1045 τοῦ
2697 991 2851 1062 ῥίψαι
2905 993 3026 1045 τινὰ
3077 992 3266 1045 έαυτὶν
3304 990 3615 1062 ἔμπροσθεν

341 1095 506 1146 lixum
562 1104 793 1158 pronum
862 1087 953 1140 diu
1022 1096 1294 1156 noctuque
1335 1087 1529 1142 vinctis
1562 1097 1681 1156 post
1713 1096 1922 1159 tergum

2023 1088 2118 1141 τοῦ
2166 1085 2404 1158 σταυροῦ
2439 1084 2536 1138 τοῦ
2586 1083 2823 1155 Χριστοῦ
2866 1084 3060 1146 νυκτὸς
3107 1086 3200 1138 καὶ
3243 1085 3476 1156 ἡμέρας.
3521 1087 3613 1138 καὶ

340 1180 592 1234 manibus
634 1177 887 1246 ahjicere.
941 1175 1035 1229 Vis
1086 1177 1319 1230 calorem
1343 1176 1361 1246 (
1389 1177 1556 1230 divini
1588 1178 1790 1232 amoris
1819 1179 1836 1247 )
1871 1181 1923 1231 in

2027 1176 2282 1246 γενέσθαι
2313 1173 2597 1244 δεδεμένον
2647 1176 2727 1236 είς
2770 1174 3014 1226 τούπίσω
3054 1175 3151 1236 τὰς
3183 1177 3389 1244 χεῖρας.
3428 1175 3613 1227 Βούλει

340 1281 391 1326 te
455 1285 562 1324 non
622 1270 994 1339 refrigescere,
1047 1276 1100 1321 et
1156 1266 1355 1320 fontem
1421 1267 1783 1338 lacrymarum
1817 1284 1923 1321 non

2031 1269 2104 1339 μὴ
2143 1265 2520 1338 ψυχρανθῆναί
2574 1281 2667 1317 σου
2715 1266 2814 1335 τήν
2863 1264 3106 1334 θερμὴν,
3158 1266 3250 1318 καὶ
3301 1265 3613 1336 πτυ›χεῦσαι

338 1375 680 1423 exarescere,
732 1373 926 1414 exerce
985 1367 1034 1411 te
1089 1357 1143 1410 in
1171 1358 1254 1410 his
1290 1358 1307 1424 (
1337 1372 1455 1426 quae
1482 1368 1610 1412 sunt
1641 1359 1840 1430 dicta);
1872 1367 1927 1412 et

2025 1359 2136 1412 τῶν
2185 1357 2456 1429 δακρύων,
2506 1357 2564 1408 ὲν
2615 1355 2823 1419 τούτοις
2873 1357 3168 1428 διάσκησον
3220 1361 3467 1423 σεαυτὸν,
3520 1361 3615 1412 καὶ

342 1456 528 1506 heatus
553 1465 686 1515 cs,o
710 1451 890 1513 homo,
915 1447 961 1502 si
992 1449 1044 1502 in
1071 1448 1154 1501 his
1177 1463 1296 1516 quae
1327 1447 1423 1500 tibi
1477 1447 1754 1512 dicuntur,
1807 1449 1925 1503 dies

2031 1450 2300 1522 μακάριος
2349 1445 2420 1514 εἴ,
2455 1442 2500 1500 ὦ
2538 1446 2816 1518 ἄνθρωπε,
2873 1448 2969 1501 ἐὰν
3005 1450 3295 1522 φροντίσῃς
3326 1451 3435 1504 τῶν
3465 1451 3614 1520 λεγο-

339 1553 391 1595 et
427 1551 615 1595 noctes
641 1539 884 1594 studiose
915 1539 1345 1605 consumpseris,
1401 1551 1499 1592 nec
1565 1548 1759 1607 praeter
1812 1542 1928 1595 haec

2033 1543 2209 1614 μένων
2243 1559 2324 1595 σοι
2348 1540 2540 1603 νυκτὸς
2574 1539 2670 1592 καὶ
2698 1540 2908 1611 ἡμέρας
2926 1580 2940 1603 ,
2966 1543 3058 1592 καὶ
3092 1541 3258 1612 μηδὲν
3285 1542 3470 1614 ἕτερον
3499 1541 3615 1611 μετ’

341 1633 486 1687 aliud
519 1631 822 1702 qumsieris.
845 1629 1000 1684 Tuuc
1030 1629 1176 1684 enim
1217 1629 1315 1682 tihi
1349 1629 1441 1682 lux
1501 1629 1731 1684 interius
1781 1631 1928 1686 orie-

2029 1633 2211 1689 αὐτῶν
2247 1633 2507 1705 ξητήσῃς.
2563 1631 2696 1683 Τότε
2736 1633 2844 1701 γὰρ
2885 1632 3136 1684 ἀνατελεί
3173 1649 3252 1686 σοι
3283 1633 3344 1686 τὸ
3377 1633 3491 1701 φῶς
3534 1633 3617 1685 ἐν·

343 1733 452 1790 tur,
513 1732 567 1776 ut
592 1722 808 1792 justitia
848 1729 939 1772 tua
971 1719 1221 1774 celeriter
1264 1718 1560 1789 eﬂ‘ulgebit,
1583 1729 1637 1774 et
1672 1735 1780 1774 eris
1808 1730 1928 1774 tan-

2031 1725 2184 1779 δοθέν
2224 1741 2343 1790 σου,
2377 1725 2532 1794 καὶὴ
2569 1722 2882 1793 δικαιοσύνη
2919 1740 3014 1775 σου
3048 1724 3257 1794 ταχέως
3298 1725 3615 1796 ὲπιλάμψει,

341 1830 504 1883 quam
565 1813 854 1884 paradisus
908 1807 1156 1876 ﬂoridus,
1207 1818 1260 1864 et
1314 1810 1437 1865 lous
1465 1811 1722 1880 perennis
1759 1800 1964 1883 aqua-1

1994 1802 2004 1850 ⁵
2035 1820 2130 1872 καὶ
2159 1819 2364 1888 γενήσῃ
2397 1815 2472 1878 ὡς
2507 1815 2835 1886 παράδεισος
2866 1815 3212 1885 ὴνθισμένος,
3240 1817 3335 1868 καὶ
3362 1818 3437 1879 ὠς
3467 1817 3617 1889 πηγὴ

342 1923 482 1960 rum.
1481 1891 1497 1908 ’
2037 1909 2247 1962 ὑδάτων
2283 1906 2600 1976 ἀνελλιπής.

957 1995 1207 2051 Scholion
1240 1997 1294 2050 4.

2637 1999 2896 2067 Σχόλιον
2944 1998 3006 2051 δ’.

414 2089 666 2148 Animam
708 2087 772 2142 ad
802 2096 1030 2140 mortem
1078 2085 1413 2155 spiritualem
1470 2097 1802 2157 vergentem,
1865 2086 1932 2140 ad

2107 2089 2218 2160 Τὴν
2256 2087 2437 2160 ψυχὴν
2468 2088 2604 2158 πρὸς
2635 2091 2729 2142 τὸν
2761 2090 2950 2160 νοητὸν
2985 2092 3363 2146 ἁπονεύσασαν
3391 2092 3620 2146 θάνατον

342 2188 602 2231 aeternam
643 2175 808 2228 vitam
843 2183 1102 2242 tauquam
1139 2173 1411 2242 propriam
1449 2182 1788 2229 revocantes.

2035 2183 2131 2236 ἐπὶ
2180 2181 2280 2252 τὴν
2337 2181 2508 2235 ἀίδιον
2568 2182 3081 2252 προσκαλουμένους
3147 2183 3290 2254 ζωὴν
3349 2184 3424 2247 ὡς
3486 2169 3653 2254 πρὸς”

2040 2278 2198 2332 ίδίαν.

885 2350 1044 2424 134
1078 2349 1260 2404 Aliud.

2731 2369 2936 2422 Ἄλλο.

420 2451 672 2502 Animam
739 2446 887 2500 enim
952 2461 1108 2501 suam
1174 2461 1270 2515 per
1339 2454 1620 2514 peccatum
1665 2459 1936 2503 mortuam

2109 2461 2209 2517 Διὰ
2235 2461 2344 2532 γὰρ
2391 2461 2491 2531 τῆς
2537 2461 2814 2532 ἁμαρτίας
2858 2459 3236 2514 ἀποθανοῦσαν
3267 2460 3365 2532 τὴν
3413 2460 3623 2513 ἑαυτῶν

343 2542 680 2597 revocabant
729 2540 798 2595 ad
855 2540 1119 2592 virtutum
1191 2537 1356 2590 vitam
1411 2553 1573 2608 quam
1609 2540 1758 2607 prius
1793 2541 1939 2596 vive-

2039 2553 2218 2626 γυχὴν
2261 2550 2624 2606 ἀνεκαλοῦντο
2658 2549 2792 2618 πρὸς
2824 2548 2920 2620 τὴν
2965 2550 3085 2602 κατ’
3132 2547 3330 2618 ἀρετὴν
3359 2547 3524 2617 ζωὴν,
3557 2548 3623 2616 ἣν

343 2636 494 2690 bant.
702 2677 708 2684 .

2042 2646 2179 2709 ἔζων
2209 2644 2272 2698 τὺ
2308 2643 2591 2714 πρότερον.

967 2724 1216 2779 Scholion
1247 2723 1300 2778 5.

2659 2735 2921 2801 Σχόλιον
2958 2739 3018 2784 a'.

418 2815 639 2872 Stimuli
675 2816 818 2870 enim
853 2816 1205 2870 conscientia:
1240 2823 1433 2883 urgent
1461 2829 1695 2883 semper,
1748 2829 1943 2883 quam-

2120 2829 2184 2883 Εἰ
2220 2828 2294 2902 [οἱ
2330 2830 2404 2882 uel
2432 2827 2559 2900 εἰσί]
2607 2828 2714 2899 γὰρ
2747 2828 2840 2880 τοῦ
2872 2827 3168 2890 συνειδότος
3217 2829 3453 2896 συνεχεῖς
3479 2825 3629 2896 ελεγ-

349 2907 434 2960 vis
500 2920 609 2958 non
673 2904 740 2958 ad
802 2905 1239 2973 deSperationem
1301 2905 1613 2967 adducant;
1673 2906 1774 2958 hoc
1797 2905 1942 2959 enim

2046 2939 2151 2993 χοι,
2181 2924 2230 2975 εί
2259 2922 2351 2976 καὶ
2387 2921 2462 2992 μὴ
2497 2924 2575 2984 είς
2604 2921 2914 2988 ἀπόγνωσιν
2945 2920 3242 2986 κατάγουσι
3267 2934 3278 2946 ·
3329 2918 3490 2971 τοῦτο
3518 2919 3625 2987 γὰρ

345 2999 656 3053 daemonum
711 3006 794 3051 est
847 2995 1109 3058 studium,
1160 3005 1218 3048 ιιι
1245 3010 1525 3064 nunquam
1564 2995 1747 3048 sinaut
1794 3009 1943 3050 men-

2046 3015 2157 3068 τῶν
2185 3013 2457 3083 δαιμόνων
2486 3013 2633 3065 ἐστὶν
2667 3011 3034 3081 ἐπιτήδευμα·
3071 3010 3188 3062 ἀλλ’
3227 3007 3320 3063 οὖν
3367 3011 3466 3062 οὐκ
3497 3010 3625 3063 ἐῶσι

349 3100 457 3145 tem
510 3089 782 3159 respirare
819 3104 833 3140 :
870 3087 961 3141 sed
1030 3101 1246 3156 semper
1286 3087 1536 3151 exedant,
1569 3087 1634 3140 ad
1662 3089 1807 3157 quod
1838 3087 1943 3142 illis

2003 3129 2017 3189 ι
2048 3107 2146 3178 τὴν
2174 3106 2413 3160 διάνοιαν
2452 3103 2778 3172 ἀνασφῆλαι,
2811 3101 3295 3174 συνδιατρίϐοντες,
3325 3101 3420 3155 καὶ
3458 3102 3626 3154 ἐκπυ-

351 3189 596 3246 sulIicere
657 3189 874 3244 videtur
914 3189 1172 3256 cogitatio
1199 3203 1321 3258 quae
1349 3204 1405 3243 se
1434 3188 1605 3258 ipsam
1631 3205 1844 3259 semper
1876 3191 1942 3244 ad

2001 3188 2004 3190 i
2052 3199 2292 3270 ροῦντες,
2339 3197 2415 3259 ὼς
2445 3195 2910 3263 αύτοκατάκριτον
2960 3192 3218 3261 λογισμὸν
3246 3192 3488 3262 διαρκεῖν
3524 3192 3624 3254 ἕως

352 3304 526 3359 usque
555 3290 714 3343 liuent
750 3290 990 3342 damnet.

631 3303 714 3342 em
750 3290 990 3342 damnet.
2047 3295 2251 3355 τέλους.

985 3387 1232 3442 Scholion
1261 3387 1314 3443 6.
2619 3377 2895 3456 suum
2929 3382 2981 3440 ς’

427 3477 527 3537 Cor
558 3479 777 3549 plenum
814 3478 1054 3542 tristitia,
1087 3478 1230 3547 quod
1257 3493 1366 3548 prae
1392 3479 1713 3549 a-gritudine
1737 3490 1791 3535 et
1844 3481 1942 3534 im-

2121 3473 2336 3544 Καρδία
2363 3470 2766 3542 πεπληρωμένη
2806 3469 2982 3539 λύπης
3014 3468 3154 3540 ὑπὲρ
3193 3466 3292 3537 τῆς
3320 3464 3620 3529 ἀσθενείας,

354 3574 669 3636 becillitate,
693 3572 908 3642 publica
944 3572 1189 3641 corporis
1222 3570 1396 3626 oﬂicia
1428 3574 1651 3644 exsequi
1681 3588 1790 3628 non
1823 3589 1947 3645 pos-

2049 3565 2142 3619 καὶ
2187 3562 2489 3633 ἀδυναμίας
2521 3561 2621 3630 τῆς
2669 3560 2810 3627 ὑπὲρ
2855 3558 2963 3611 τῶν
3008 3557 3333 3628 σωματικῶν
3375 3556 3625 3623 πράξεων

353 3666 445 3727 sit,
477 3664 663 3735 implet
700 3664 842 3718 vires
879 3664 1127 3717 omnium
1159 3677 1386 3733 operum
1415 3675 1468 3718 et
1520 3664 1768 3735 laborum
1818 3680 1942 3720 cor-

2046 3654 2156 3708 τῶν
2194 3653 2466 3723 φανερῶν,
2499 3650 2805 3719 ἀναπληροῖ
2831 3650 2921 3703 τὸν
2947 3650 3108 3702 τόπον
3138 3650 3356 3703 πάντων
3382 3647 3491 3700 τῶν
3522 3661 3625 3697 σω-

352 3758 523 3827 poris.
556 3731 572 3735 ⁷
1197 3731 1212 3733 ﬁ
1669 3731 1693 3751 ⁸

1197 3731 1212 3733 ⁷
1669 3731 1693 3751 ⁸
2051 3745 2295 3817 ματιγῶν
2325 3745 2523 3814 ἔργων.

1055 3848 1237 3904 Aliud.

2739 3835 2944 3889 'A.l.10.

427 3941 678 3996 Actiones
711 3939 978 4010 conparis,
1011 3942 1130 3997 sine
1160 3941 1346 3997 dolore
1373 3951 1468 3996 aut
1500 3940 1719 3996 tristitia
1754 3941 1941 4007 animi,

2119 3929 2356 4002 Πράξεις
2383 3928 2476 3982 τοῦ
2529 3930 2780 4000 σώματος
2819 3927 2977 3988 ἐκτὸς
3013 3924 3113 3994 τῆς
3159 3923 3332 3995 λύπης
3362 3923 3463 3993 τῆς
3509 3923 3623 3977 δια-

359 4047 485 4092 sunt
505 4036 651 4090 velut
687 4050 888 4104 corpus
917 4036 1188 4091 exanime.

2049 4023 2215 4088 νοίας,
2247 4022 2434 4092 ὥσπερ
2469 4020 2628 4090 σῶμα
2660 4020 2864 4091 ἄψυχόν
2907 4020 3073 4071 ἐστιν.

1049 4121 1233 4177 Aliud.

2737 4115 2939 4166 Ἄλλο.

426 4211 529 4276 Qui
555 4211 748 4281 plenus
774 4218 858 4266 est
899 4211 1115 4266 tristitia
1164 4212 1370 4278 cordis,
1425 4220 1480 4266 et
1525 4211 1776 4268 sensibus
1829 4211 1946 4267 suis

2128 4209 2188 4262 Ὀ
2244 4209 2310 4279 τῇ
2360 4206 2558 4278 καρδίᾳ
2613 4203 2943 4276 περίλυπος,
2996 4202 3093 4254 καὶ
3145 4203 3265 4264 ταῖς
3311 4199 3622 4271 αἰσθήσεσιν

359 4299 572 4356 interim
627 4301 860 4366 solutus,
915 4310 996 4356 est
1033 4302 1202 4358 veluti
1239 4315 1383 4370 aeger
1411 4311 1465 4356 et
1492 4301 1742 4357 infirmus
1765 4303 1829 4357 ad
1865 4303 1945 4356 la-

2046 4299 2212 4355 αύτοῦ
2257 4300 2564 4370 λελυμένος,
2597 4297 2789 4368 ὥσπερ
2821 4295 3102 4368 ἄῤῥωστός
3141 4295 3257 4346 ἐστι
3311 4292 3486 4346 πόνων
3516 4309 3619 4344 σω·

357 4390 518 4444 bores
567 4387 836 4458 corporis,
881 4403 943 4443 os
1005 4398 1186 4445 tamen
1237 4389 1476 4445 liberum
1506 4400 1560 4446 et
1587 4391 1827 4445 solutum
1859 4400 1944 4444 at-

2050 4392 2320 4464 ματικῶν,
2368 4391 2561 4444 καὶτὸ
2598 4391 2770 4458 στόμα
2819 4387 2985 4441 αὐτοῦ
3034 4385 3326 4456 λελυμένον
3363 4384 3501 4454 ἔχων
3547 4386 3624 4446 εἰς

355 4491 466 4546 que
495 4484 682 4548 aptum
711 4476 778 4532 ad
805 4490 1022 4531 omnem
1050 4477 1256 4542 cibum,
1290 4478 1381 4546 qui
1432 4485 1590 4532 nocet
1634 4477 1732 4532 illi.
1977 4509 1978 4515 η

1250 4518 1256 4539 ,
1290 4478 1381 4546 qui
1432 4485 1590 4532 nocet
1634 4477 1732 4532 illi.
1977 4462 2020 4517 θ
2049 4462 2158 4545 ᾇεᾱν
2195 4489 2391 4562 βρῶμα
2432 4487 2665 4560 βλάπτον
2696 4485 2873 4539 αὐτόν.

996 4577 1245 4633 Scholion
1273 4579 1328 4633 7.
2618 4582 2619 4588 “

2618 4579 2959 4646 Ἀπόκρισις
2997 4577 3062 4642 ζ’.
3133 4599 3141 4604 ·

433 4669 614 4725 Rudes
654 4667 875 4740 quidam
929 4677 982 4723 et
1005 4668 1209 4723 tirones
1235 4667 1438 4723 indocti
1471 4683 1612 4738 saepe
1635 4675 1945 4737 precantur,

2121 4674 2278 4737 Τινὲς
2304 4671 2544 4742 ἀμύητοι
2581 4669 2841 4732 πολλάκις
2867 4667 3138 4740 εὔχονται,
3173 4669 3308 4740 μήτε
3339 4666 3438 4736 τῆς
3473 4665 3626 4736 βασι-

357 4770 418 4814 υι
439 4775 614 4830 neque
635 4757 775 4814 cmlo
817 4758 1124 4828 dignentur,
1151 4773 1326 4828 neque
1355 4757 1946 4828 suppliciisinlerorum

2049 4767 2196 4830 λείας
2227 4765 2326 4836 τῆς
2353 4763 2600 4836 οὐρανῶν
2634 4762 2952 4831 ἀξιωθῆναι,
3003 4762 3139 4832 μήτε
3171 4759 3521 4830 κολασθῆναι.
3557 4757 3628 4810 Τὸ

359 4851 688 4906 addicantur
714 4867 728 4917 ;
783 4849 1122 4918 alterumque
1151 4859 1409 4918 tauquam
1437 4847 1668 4917 indigni,
1688 4846 1945 4912 alterum,

2053 4860 2150 4930 μὲν
2178 4859 2253 4920 ὡς
2279 4857 2506 4922 ἀνάξιοι,
2535 4855 2596 4910 τὸ
2626 4855 2681 4908 δὲ
2710 4855 2785 4916 ὼς
2816 4855 3003 4918 ἐλέους
3023 4853 3357 4924 τευξόμενοι,
3383 4849 3631 4920 ἀγνοοῦν-

359 4950 419 4996 ut
472 4938 904 4995 miscricordiam
944 4947 1372 5006 consequantur,
1427 4935 1599 5006 ignari
1624 4938 1768 5005 quod
1795 4936 1830 4990 ii
1855 4941 1949 5007 qui

2049 4971 2138 5016 τες
2167 4954 2248 5006 ὅτι
2278 4953 2306 5005 ὀ
2330 4951 2429 5022 τῆς
2460 4951 2735 5021 βασιλείας
2785 4950 2961 5015 ἐκτὸς,
2994 4950 3144 5013 ἐντός
3171 4951 3286 5002 ἐστι
3319 4947 3624 5010 κολάσεωςυ

358 5042 509 5090 extra
531 5047 756 5103 regnum
797 5031 1020 5088 cceleste
1042 5040 1189 5094 sunt,
1221 5032 1339 5084 sint
1368 5031 1509 5083 intra
1542 5029 1721 5083 locum
1747 5033 1950 5102 suppli-

1546 5029 1721 5083 locum
1747 5033 1950 5102 suppli-
2050 5047 2255 5117 ἀρετῆς
2283 5045 2393 5118 γὰρ
2433 5045 2530 5099 καὶ
2559 5047 2759 5109 κακίας
2793 5044 2956 5114 μέσον
2997 5045 3169 5099 οὐδέν.

356 5125 592 5191 ciorum,
639 5138 766 5180 cum
829 5123 970 5176 inter
1001 5121 1254 5174 virtutem
1279 5129 1332 5175 et
1359 5119 1622 5174 malitiam
1666 5122 1800 5175 nihil
1837 5139 1950 5176 me-

357 5216 433 5272 dii
458 5215 774 5272 intercedat.

993 5303 1243 5359 Scholion
1275 5303 1328 5357 8.
2593 5303 2601 5310 ’

2593 5303 2601 5310 ’
2653 5308 2912 5376 Σχόλιον
2956 5309 3026 5376 η’.

429 5399 653 5453 Animas
694 5395 981 5452 humilium
1027 5395 1193 5459 dixit;
1219 5409 1313 5464 per
1349 5393 1592 5448 habitum
1621 5397 1942 5450 exteriorem

2124 5397 2316 5466 Ψυχὰς
2352 5396 2624 5449 ταπεινῶν
2676 5393 2796 5449 εἶπε
2818 5413 2830 5424 ·
2883 5398 2967 5450 διὰ
3017 5396 3109 5449 τοῦ
3139 5395 3294 5460 ἐκτὸς
3332 5395 3498 5468 ἤθους
3532 5394 3629 5465 τὴν

359 5491 610 5558 corporis
667 5489 977 5545 subindicat
1040 5496 1241 5542 statum
1294 5487 1509 5542 mentis.
1573 5487 1702 5541 Illud
1761 5501 1941 5542 autem

2053 5487 2200 5549 ἐντὸς
2235 5486 2534 5539 αἰνίττεται
2581 5488 2933 5540 κατάστασιν.
2983 5486 3056 5538 Τὸ
3097 5487 3152 5539 δὲ
3197 5487 3291 5538 καὶ
3335 5484 3504 5556 αὐτὴν
3533 5483 3629 5554 τὴν

358 5579 502 5649 quod
525 5581 772 5650 sequitur
828 5579 847 5650 (
874 5594 996 5648 quae
1020 5580 1190 5647 ipsam
1218 5593 1412 5631 sensus
1461 5586 1734 5646 expertem
1784 5593 1944 5632 saxo—

2051 5579 2159 5630 τῶν
2190 5577 2350 5630 λίθων
2399 5578 2754 5647 ἀναισθησίαν
2789 5579 3084 5641 κατανύξαι
3135 5577 3454 5649 δυναμένας,
3499 5578 3534 5650 ἦ
3572 5576 3631 5631 τὸ

359 5681 481 5720 rum
510 5667 762 5724 duritiem
795 5669 1043 5738 frangere
1072 5668 1282 5738 possint
1308 5666 1350 5735 ),
1380 5675 1473 5720 aut
1515 5667 1775 5723 facinoris
1827 5685 1942 5722 rna-

2052 5669 2390 5741 ὑπερϐόιλλον
2429 5671 2525 5740 τῆς
2571 5669 2820 5740 πράξεως
2855 5673 2921 5742 τῇ
2969 5672 3206 5742 ὑπεροχῇ
3252 5670 3491 5723 δείκνυσι
3536 5668 3628 5722 τοῦ

359 5756 692 5829 εηίιυόίηεω
743 5759 1046 5830 :euigmatis
1075 5773 1170 5813 seu
1201 5758 1533 5827 metaphorse
1565 5758 1935 5815 insolentioris

2051 5762 2398 5828 αἰνίγματοςο
2449 5762 2524 5824 ὼς
2572 5762 2680 5831 γὰρ
2727 5762 3029 5832 πήγνυνται
3079 5762 3423 5834 πεζευόμενα
3455 5763 3624 5834 ὑπερ-
