  <div class='ocr_page' id='page_1' title='image "/cluster/home/n/w/nwhite01/storage/ocr_20150623/88/coo.31924054869924/414.png"; bbox 0 0 4110 6428; ppageno 0'>
   <div class='ocr_carea' id='block_1_1' title="bbox 535 399 3809 483">
    <p class='ocr_par' dir='ltr' id='par_1_1' title="bbox 535 399 3809 483">
     <span class='ocr_line' id='line_1_1' title="bbox 535 399 3809 483; baseline -0.006 -2"><span class='ocrx_word' id='word_1_1' title='bbox 535 415 648 483; x_wconf 68' lang='grc'><strong>185</strong></span> <span class='ocrx_word' id='word_1_2' title='bbox 1578 410 1807 471; x_wconf 80' lang='lat' dir='ltr'><strong>SCALA</strong></span> <span class='ocrx_word' id='word_1_3' title='bbox 1846 407 2224 469; x_wconf 74' lang='lat' dir='ltr'><strong>PARADISI.</strong></span> <span class='ocrx_word' id='word_1_4' title='bbox 2253 433 2324 442; x_wconf 86' lang='lat'><strong>-</strong></span> <span class='ocrx_word' id='word_1_5' title='bbox 2361 406 2669 466; x_wconf 80' lang='lat' dir='ltr'>GRADUS</span> <span class='ocrx_word' id='word_1_6' title='bbox 2704 407 2770 467; x_wconf 84' lang='lat' dir='ltr'><strong>V.</strong></span> <span class='ocrx_word' id='word_1_7' title='bbox 3701 399 3809 463; x_wconf 81' lang='lat'><strong>786</strong></span> 
     </span>
    </p>
   </div>
   <div class='ocr_carea' id='block_1_2' title="bbox 537 517 2103 606">
    <p class='ocr_par' dir='ltr' id='par_1_2' title="bbox 537 527 2100 606">
     <span class='ocr_line' id='line_1_2' title="bbox 537 527 2100 606; baseline -0.005 -19"><span class='ocrx_word' id='word_1_8' title='bbox 537 530 687 605; x_wconf 78' lang='grc' dir='ltr'>φυῶς</span> <span class='ocrx_word' id='word_1_9' title='bbox 739 531 807 585; x_wconf 88' lang='grc' dir='ltr'><strong>τά</strong></span> <span class='ocrx_word' id='word_1_10' title='bbox 862 530 1059 606; x_wconf 80' lang='grc' dir='ltr'>ὕδατα’</span> <span class='ocrx_word' id='word_1_11' title='bbox 1118 529 1260 584; x_wconf 73' lang='grc' dir='ltr'>οὕτω</span> <span class='ocrx_word' id='word_1_12' title='bbox 1308 531 1402 584; x_wconf 75' lang='grc' dir='ltr'>καὶ</span> <span class='ocrx_word' id='word_1_13' title='bbox 1454 530 1650 598; x_wconf 81' lang='grc' dir='ltr'><strong>πέτραι</strong></span> <span class='ocrx_word' id='word_1_14' title='bbox 1699 527 2100 597; x_wconf 75' lang='grc' dir='ltr'>διαρῤήγνυντα</span> 
     </span>
    </p>
   </div>
   <div class='ocr_carea' id='block_1_3' title="bbox 2210 517 3809 606">
    <p class='ocr_par' dir='ltr' id='par_1_3' title="bbox 2227 517 3809 591">
     <span class='ocr_line' id='line_1_3' title="bbox 2227 517 3809 591; baseline -0.003 -12"><span class='ocrx_word' id='word_1_15' title='bbox 2227 524 2460 579; x_wconf 89' lang='lat' dir='ltr'><strong>elatione</strong></span> <span class='ocrx_word' id='word_1_16' title='bbox 2516 523 2754 577; x_wconf 76' lang='lat' dir='ltr'><strong>ostendit</strong></span> <span class='ocrx_word' id='word_1_17' title='bbox 2806 520 2826 591; x_wconf 89' lang='lat'><strong><em>(</em></strong></span> <span class='ocrx_word' id='word_1_18' title='bbox 2866 520 3326 590; x_wconf 79' lang='lat' dir='ltr'><strong>quemadmodum</strong></span> <span class='ocrx_word' id='word_1_19' title='bbox 3387 517 3809 575; x_wconf 83' lang='lat' dir='ltr'><strong>enim-labentia</strong></span> 
     </span>
    </p>
   </div>
   <div class='ocr_carea' id='block_1_4' title="bbox 533 608 2103 692">
    <p class='ocr_par' dir='ltr' id='par_1_4' title="bbox 533 615 2103 692">
     <span class='ocr_line' id='line_1_4' title="bbox 533 615 2103 692; baseline -0.006 -16"><span class='ocrx_word' id='word_1_20' title='bbox 533 621 853 692; x_wconf 75' lang='grc' dir='ltr'><strong>αἰσθόμεναι</strong></span> <span class='ocrx_word' id='word_1_21' title='bbox 878 616 1068 692; x_wconf 83' lang='grc' dir='ltr'>ὥσπερ</span> <span class='ocrx_word' id='word_1_22' title='bbox 1092 619 1158 674; x_wconf 77' lang='grc' dir='ltr'><strong>τὰ</strong></span> <span class='ocrx_word' id='word_1_23' title='bbox 1193 618 1490 690; x_wconf 82' lang='grc' dir='ltr'>παράδοξα,</span> <span class='ocrx_word' id='word_1_24' title='bbox 1512 618 1545 687; x_wconf 81' lang='grc' dir='ltr'>ἢ</span> <span class='ocrx_word' id='word_1_25' title='bbox 1568 615 1667 681; x_wconf 76' lang='grc' dir='ltr'><strong>τὰς</strong></span> <span class='ocrx_word' id='word_1_26' title='bbox 1695 615 1938 676; x_wconf 79' lang='grc' dir='ltr'><strong>λιθώδεις</strong></span> <span class='ocrx_word' id='word_1_27' title='bbox 1963 616 2103 685; x_wconf 23' lang='grc' dir='ltr'>φησὶ,</span> 
     </span>
    </p>
   </div>
   <div class='ocr_carea' id='block_1_5' title="bbox 2210 608 3809 692">
    <p class='ocr_par' dir='ltr' id='par_1_5' title="bbox 2227 608 3809 683">
     <span class='ocr_line' id='line_1_5' title="bbox 2227 608 3809 683; baseline -0.001 -17"><span class='ocrx_word' id='word_1_28' title='bbox 2227 627 2323 683; x_wconf 87' lang='lat' dir='ltr'><strong>per</strong></span> <span class='ocrx_word' id='word_1_29' title='bbox 2373 621 2574 668; x_wconf 88' lang='lat' dir='ltr'><strong>terram</strong></span> <span class='ocrx_word' id='word_1_30' title='bbox 2610 611 2833 666; x_wconf 90' lang='lat' dir='ltr'><strong>ﬂumina</strong></span> <span class='ocrx_word' id='word_1_31' title='bbox 2865 609 3067 680; x_wconf 75' lang='lat' dir='ltr'><strong>frigore</strong></span> <span class='ocrx_word' id='word_1_32' title='bbox 3106 619 3361 665; x_wconf 88' lang='lat' dir='ltr'><strong>concreta</strong></span> <span class='ocrx_word' id='word_1_33' title='bbox 3435 608 3590 664; x_wconf 90' lang='lat' dir='ltr'><strong>miris</strong></span> <span class='ocrx_word' id='word_1_34' title='bbox 3632 611 3809 665; x_wconf 84' lang='lat' dir='ltr'><strong>modis</strong></span> 
     </span>
    </p>
   </div>
   <div class='ocr_carea' id='block_1_6' title="bbox 533 698 2103 780">
    <p class='ocr_par' dir='ltr' id='par_1_6' title="bbox 533 699 2103 780">
     <span class='ocr_line' id='line_1_6' title="bbox 533 699 2103 780; baseline -0.004 -16"><span class='ocrx_word' id='word_1_35' title='bbox 533 710 628 765; x_wconf 77' lang='grc' dir='ltr'>καὶ</span> <span class='ocrx_word' id='word_1_36' title='bbox 643 704 754 763; x_wconf 79' lang='grc' dir='ltr'>οἷον</span> <span class='ocrx_word' id='word_1_37' title='bbox 773 708 1135 780; x_wconf 78' lang='grc' dir='ltr'><strong>ἀναισθήτους</strong></span> <span class='ocrx_word' id='word_1_38' title='bbox 1156 706 1446 771; x_wconf 80' lang='grc' dir='ltr'><strong>διαθέσεις,</strong></span> <span class='ocrx_word' id='word_1_39' title='bbox 1467 705 1699 778; x_wconf 73' lang='grc' dir='ltr'>μαλάξαι</span> <span class='ocrx_word' id='word_1_40' title='bbox 1722 703 1814 759; x_wconf 79' lang='grc' dir='ltr'>καὶ</span> <span class='ocrx_word' id='word_1_41' title='bbox 1834 704 1914 767; x_wconf 85' lang='grc' dir='ltr'><strong>είς</strong></span> <span class='ocrx_word' id='word_1_42' title='bbox 1935 699 2103 758; x_wconf 64' lang='grc' dir='ltr'>οἶκτοι</span> 
     </span>
    </p>
   </div>
   <div class='ocr_carea' id='block_1_7' title="bbox 2210 698 3808 780">
    <p class='ocr_par' dir='ltr' id='par_1_7' title="bbox 2224 698 3808 769">
     <span class='ocr_line' id='line_1_7' title="bbox 2224 698 3808 769; baseline -0.004 -10"><span class='ocrx_word' id='word_1_43' title='bbox 2224 703 2513 766; x_wconf 88' lang='lat' dir='ltr'><strong>sistuntur,</strong></span> <span class='ocrx_word' id='word_1_44' title='bbox 2549 702 2620 755; x_wconf 86' lang='lat' dir='ltr'><strong>ita</strong></span> <span class='ocrx_word' id='word_1_45' title='bbox 2645 715 2778 756; x_wconf 78' lang='lat' dir='ltr'><strong>saxa</strong></span> <span class='ocrx_word' id='word_1_46' title='bbox 2835 709 3093 769; x_wconf 84' lang='lat' dir='ltr'><strong>tanquam</strong></span> <span class='ocrx_word' id='word_1_47' title='bbox 3145 698 3409 755; x_wconf 89' lang='lat' dir='ltr'><strong>sentirent</strong></span> <span class='ocrx_word' id='word_1_48' title='bbox 3456 706 3808 768; x_wconf 89' lang='lat' dir='ltr'><strong>rumpuntur,</strong></span> 
     </span>
    </p>
   </div>
   <div class='ocr_carea' id='block_1_8' title="bbox 532 788 2103 868">
    <p class='ocr_par' dir='ltr' id='par_1_8' title="bbox 532 796 1114 868">
     <span class='ocr_line' id='line_1_8' title="bbox 532 796 1114 868; baseline -0.007 -15"><span class='ocrx_word' id='word_1_49' title='bbox 532 799 762 868; x_wconf 79' lang='grc' dir='ltr'><strong>ἀγαγεῖν</strong></span> <span class='ocrx_word' id='word_1_50' title='bbox 788 796 1114 867; x_wconf 77' lang='grc' dir='ltr'><strong>δυναμένας.</strong></span> 
     </span>
    </p>
   </div>
   <div class='ocr_carea' id='block_1_9' title="bbox 2210 788 3808 868">
    <p class='ocr_par' dir='ltr' id='par_1_9' title="bbox 2222 788 3808 863">
     <span class='ocr_line' id='line_1_9' title="bbox 2222 788 3808 863; baseline -0.003 -16"><span class='ocrx_word' id='word_1_51' title='bbox 2222 808 2345 863; x_wconf 81' lang='lat' dir='ltr'><strong>quae</strong></span> <span class='ocrx_word' id='word_1_52' title='bbox 2380 800 2510 847; x_wconf 91' lang='lat' dir='ltr'><strong>sunt</strong></span> <span class='ocrx_word' id='word_1_53' title='bbox 2538 800 2794 862; x_wconf 78' lang='lat' dir='ltr'><strong>tanquam</strong></span> <span class='ocrx_word' id='word_1_54' title='bbox 2819 789 3090 860; x_wconf 77' lang='lat' dir='ltr'><strong>paradoxa</strong></span> <span class='ocrx_word' id='word_1_55' title='bbox 3115 799 3169 845; x_wconf 84' lang='lat' dir='ltr'><strong>et</strong></span> <span class='ocrx_word' id='word_1_56' title='bbox 3191 788 3485 859; x_wconf 82' lang='lat' dir='ltr'><strong>inusitata)</strong></span> <span class='ocrx_word' id='word_1_57' title='bbox 3506 798 3601 843; x_wconf 91' lang='lat' dir='ltr'><strong>aut</strong></span> <span class='ocrx_word' id='word_1_58' title='bbox 3644 804 3808 843; x_wconf 76' lang='lat' dir='ltr'><strong>saxea</strong></span> 
     </span>
    </p>
   </div>
   <div class='ocr_carea' id='block_1_10' title="bbox 533 881 3810 962">
    <p class='ocr_par' dir='ltr' id='par_1_10' title="bbox 533 881 3810 962">
     <span class='ocr_line' id='line_1_10' title="bbox 533 881 3810 962; baseline -0.004 -13"><span class='ocrx_word' id='word_1_59' title='bbox 533 894 818 949; x_wconf 83' lang='lat' dir='ltr'><strong>hominum</strong></span> <span class='ocrx_word' id='word_1_60' title='bbox 875 900 1097 962; x_wconf 76' lang='lat' dir='ltr'><strong>pectora</strong></span> <span class='ocrx_word' id='word_1_61' title='bbox 1138 900 1199 947; x_wconf 76' lang='grc' dir='ltr'>ει·</span> <span class='ocrx_word' id='word_1_62' title='bbox 1243 908 1438 948; x_wconf 87' lang='lat' dir='ltr'><strong>sensus</strong></span> <span class='ocrx_word' id='word_1_63' title='bbox 1480 889 1773 947; x_wconf 76' lang='lat' dir='ltr'><strong>aﬂectusve</strong></span> <span class='ocrx_word' id='word_1_64' title='bbox 1830 889 1981 944; x_wconf 82' lang='lat' dir='ltr'><strong>velut</strong></span> <span class='ocrx_word' id='word_1_65' title='bbox 2019 901 2182 944; x_wconf 79' lang='lat' dir='ltr'><strong>sensu</strong></span> <span class='ocrx_word' id='word_1_66' title='bbox 2237 898 2483 943; x_wconf 78' lang='lat' dir='ltr'><strong>carentes</strong></span> <span class='ocrx_word' id='word_1_67' title='bbox 2527 887 2592 942; x_wconf 85' lang='lat' dir='ltr'><strong>ad</strong></span> <span class='ocrx_word' id='word_1_68' title='bbox 2654 884 3091 941; x_wconf 80' lang='lat' dir='ltr'><strong>misericordiam</strong></span> <span class='ocrx_word' id='word_1_69' title='bbox 3146 884 3390 939; x_wconf 78' lang='lat' dir='ltr'><strong>emollire</strong></span> <span class='ocrx_word' id='word_1_70' title='bbox 3427 891 3482 938; x_wconf 92' lang='lat' dir='ltr'><strong>et</strong></span> <span class='ocrx_word' id='word_1_71' title='bbox 3536 881 3810 940; x_wconf 77' lang='lat' dir='ltr'><strong>inﬂectere</strong></span> 
     </span>
    </p>
   </div>
   <div class='ocr_carea' id='block_1_11' title="bbox 532 977 1536 1053">
    <p class='ocr_par' dir='ltr' id='par_1_11' title="bbox 532 977 1536 1053">
     <span class='ocr_line' id='line_1_11' title="bbox 532 977 1536 1053; baseline -0.004 -15"><span class='ocrx_word' id='word_1_72' title='bbox 532 989 754 1052; x_wconf 79' lang='lat' dir='ltr'><strong>possent</strong></span> <span class='ocrx_word' id='word_1_73' title='bbox 781 979 1044 1053; x_wconf 86' lang='lat' dir='ltr'><strong>[emolliri</strong></span> <span class='ocrx_word' id='word_1_74' title='bbox 1065 987 1121 1036; x_wconf 93' lang='lat' dir='ltr'><strong>et</strong></span> <span class='ocrx_word' id='word_1_75' title='bbox 1146 979 1287 1034; x_wconf 90' lang='lat' dir='ltr'><strong>ﬂecti</strong></span> <span class='ocrx_word' id='word_1_76' title='bbox 1319 977 1536 1052; x_wconf 83' lang='lat' dir='ltr'><strong>posse].</strong></span> 
     </span>
    </p>
   </div>
   <div class='ocr_carea' id='block_1_12' title="bbox 746 1064 2103 1145">
    <p class='ocr_par' dir='ltr' id='par_1_12' title="bbox 746 1073 1826 1145">
     <span class='ocr_line' id='line_1_12' title="bbox 746 1073 1826 1145; baseline -0.004 -14"><span class='ocrx_word' id='word_1_77' title='bbox 746 1073 765 1089; x_wconf 81' lang='grc'><strong><em>⁸</em></strong></span> <span class='ocrx_word' id='word_1_78' title='bbox 804 1077 1065 1145; x_wconf 77' lang='grc' dir='ltr'>Σχό.ῖιον</span> <span class='ocrx_word' id='word_1_79' title='bbox 1094 1075 1202 1130; x_wconf 82' lang='grc' dir='ltr'>τοῦ</span> <span class='ocrx_word' id='word_1_80' title='bbox 1239 1076 1412 1145; x_wconf 82' lang='grc' dir='ltr'><strong>ἁγίου</strong></span> <span class='ocrx_word' id='word_1_81' title='bbox 1444 1075 1719 1145; x_wconf 82' lang='grc' dir='ltr'><strong>Μαξίμου</strong></span> <span class='ocrx_word' id='word_1_82' title='bbox 1761 1074 1789 1128; x_wconf 91' lang='grc' dir='ltr'><strong>θ</strong></span> <span class='ocrx_word' id='word_1_83' title='bbox 1810 1112 1826 1127; x_wconf 93' lang='grc'><strong>.</strong></span> 
     </span>
    </p>
   </div>
   <div class='ocr_carea' id='block_1_13' title="bbox 2210 1064 3438 1145">
    <p class='ocr_par' dir='ltr' id='par_1_13' title="bbox 2627 1064 3438 1121">
     <span class='ocr_line' id='line_1_13' title="bbox 2627 1064 3438 1121; baseline -0.002 -1"><span class='ocrx_word' id='word_1_84' title='bbox 2627 1065 2873 1120; x_wconf 74' lang='lat' dir='ltr'><strong>Scholion</strong></span> <span class='ocrx_word' id='word_1_85' title='bbox 2916 1065 3089 1121; x_wconf 70' lang='lat' dir='ltr'><strong>sancti</strong></span> <span class='ocrx_word' id='word_1_86' title='bbox 3118 1064 3346 1118; x_wconf 73' lang='lat' dir='ltr'><strong>Maximi</strong></span> <span class='ocrx_word' id='word_1_87' title='bbox 3387 1064 3438 1120; x_wconf 88' lang='lat'><strong>9.</strong></span> 
     </span>
    </p>
   </div>
   <div class='ocr_carea' id='block_1_14' title="bbox 602 1149 2103 1239">
    <p class='ocr_par' dir='ltr' id='par_1_14' title="bbox 602 1164 2103 1239">
     <span class='ocr_line' id='line_1_14' title="bbox 602 1164 2103 1239; baseline -0.004 -15"><span class='ocrx_word' id='word_1_88' title='bbox 602 1168 742 1233; x_wconf 82' lang='grc' dir='ltr'>Νοός</span> <span class='ocrx_word' id='word_1_89' title='bbox 760 1170 909 1222; x_wconf 72' lang='grc' dir='ltr'>ἔστιν</span> <span class='ocrx_word' id='word_1_90' title='bbox 927 1165 1258 1239; x_wconf 69' lang='grc' dir='ltr'>ἀκαθαρσίιν</span> <span class='ocrx_word' id='word_1_91' title='bbox 1281 1166 1499 1238; x_wconf 83' lang='grc' dir='ltr'>πρῶτον</span> <span class='ocrx_word' id='word_1_92' title='bbox 1522 1166 1643 1237; x_wconf 78' lang='grc' dir='ltr'>μὲν,</span> <span class='ocrx_word' id='word_1_93' title='bbox 1662 1166 1723 1220; x_wconf 81' lang='grc' dir='ltr'>τὸ</span> <span class='ocrx_word' id='word_1_94' title='bbox 1742 1164 1944 1235; x_wconf 79' lang='grc' dir='ltr'>γνῶσιν</span> <span class='ocrx_word' id='word_1_95' title='bbox 1968 1164 2103 1234; x_wconf 54' lang='grc' dir='ltr'>ἔχειν</span> 
     </span>
    </p>
   </div>
   <div class='ocr_carea' id='block_1_15' title="bbox 2210 1149 3843 1239">
    <p class='ocr_par' dir='ltr' id='par_1_15' title="bbox 2328 1149 3843 1227">
     <span class='ocr_line' id='line_1_15' title="bbox 2328 1149 3843 1227; baseline -0.001 -16"><span class='ocrx_word' id='word_1_96' title='bbox 2328 1156 2522 1212; x_wconf 83' lang='lat' dir='ltr'><strong>Mentis</strong></span> <span class='ocrx_word' id='word_1_97' title='bbox 2551 1156 2835 1227; x_wconf 82' lang='lat' dir='ltr'><strong>impuritas</strong></span> <span class='ocrx_word' id='word_1_98' title='bbox 2863 1165 2948 1211; x_wconf 88' lang='lat' dir='ltr'><strong>est</strong></span> <span class='ocrx_word' id='word_1_99' title='bbox 2974 1173 2989 1210; x_wconf 90' lang='lat'><strong>:</strong></span> <span class='ocrx_word' id='word_1_100' title='bbox 3033 1156 3289 1224; x_wconf 88' lang='lat' dir='ltr'><strong>primmn,</strong></span> <span class='ocrx_word' id='word_1_101' title='bbox 3323 1153 3458 1209; x_wconf 81' lang='lat' dir='ltr'><strong>falsa</strong></span> <span class='ocrx_word' id='word_1_102' title='bbox 3490 1170 3671 1210; x_wconf 88' lang='lat' dir='ltr'><strong>rerum</strong></span> <span class='ocrx_word' id='word_1_103' title='bbox 3714 1174 3806 1210; x_wconf 75' lang='grc' dir='ltr'>ευ-</span> <span class='ocrx_word' id='word_1_104' title='bbox 3832 1149 3843 1157; x_wconf 81' lang='grc'><strong>’</strong></span> 
     </span>
    </p>
   </div>
   <div class='ocr_carea' id='block_1_16' title="bbox 532 1247 2103 1333">
    <p class='ocr_par' dir='ltr' id='par_1_16' title="bbox 532 1256 2103 1333">
     <span class='ocr_line' id='line_1_16' title="bbox 532 1256 2103 1333; baseline -0.004 -18"><span class='ocrx_word' id='word_1_105' title='bbox 532 1262 722 1333; x_wconf 77' lang='grc' dir='ltr'>ψευδῆ·</span> <span class='ocrx_word' id='word_1_106' title='bbox 756 1260 1008 1331; x_wconf 80' lang='grc' dir='ltr'>δεύτερον</span> <span class='ocrx_word' id='word_1_107' title='bbox 1042 1260 1122 1324; x_wconf 86' lang='grc' dir='ltr'>δὲ,</span> <span class='ocrx_word' id='word_1_108' title='bbox 1154 1260 1217 1312; x_wconf 82' lang='grc' dir='ltr'>τὸ</span> <span class='ocrx_word' id='word_1_109' title='bbox 1262 1261 1476 1329; x_wconf 81' lang='grc' dir='ltr'><strong>ἀγνοεῖν</strong></span> <span class='ocrx_word' id='word_1_110' title='bbox 1499 1277 1550 1313; x_wconf 86' lang='grc' dir='ltr'><strong>τι</strong></span> <span class='ocrx_word' id='word_1_111' title='bbox 1579 1259 1692 1313; x_wconf 86' lang='grc' dir='ltr'><strong>τῶν</strong></span> <span class='ocrx_word' id='word_1_112' title='bbox 1744 1257 1974 1312; x_wconf 78' lang='grc' dir='ltr'><strong>καθόλου</strong></span> <span class='ocrx_word' id='word_1_113' title='bbox 1993 1273 2006 1286; x_wconf 93' lang='grc'>·</span> <span class='ocrx_word' id='word_1_114' title='bbox 2037 1256 2103 1319; x_wconf 80' lang='grc' dir='ltr'>ὼς</span> 
     </span>
    </p>
   </div>
   <div class='ocr_carea' id='block_1_17' title="bbox 2210 1247 3805 1333">
    <p class='ocr_par' dir='ltr' id='par_1_17' title="bbox 2219 1247 3805 1322">
     <span class='ocr_line' id='line_1_17' title="bbox 2219 1247 3805 1322; baseline -0.001 -17"><span class='ocrx_word' id='word_1_115' title='bbox 2219 1251 2462 1322; x_wconf 90' lang='lat' dir='ltr'><strong>gnitione</strong></span> <span class='ocrx_word' id='word_1_116' title='bbox 2490 1248 2759 1305; x_wconf 90' lang='lat' dir='ltr'><strong>imbutum</strong></span> <span class='ocrx_word' id='word_1_117' title='bbox 2783 1262 2943 1314; x_wconf 88' lang='lat' dir='ltr'><strong>esse;</strong></span> <span class='ocrx_word' id='word_1_118' title='bbox 2970 1247 3186 1310; x_wconf 87' lang='lat' dir='ltr'><strong>deinde,</strong></span> <span class='ocrx_word' id='word_1_119' title='bbox 3216 1248 3428 1303; x_wconf 74' lang='lat' dir='ltr'><strong>nescire</strong></span> <span class='ocrx_word' id='word_1_120' title='bbox 3462 1248 3605 1317; x_wconf 90' lang='lat' dir='ltr'><strong>quod</strong></span> <span class='ocrx_word' id='word_1_121' title='bbox 3643 1265 3805 1319; x_wconf 71' lang='lat' dir='ltr'><strong>gene~</strong></span> 
     </span>
    </p>
   </div>
   <div class='ocr_carea' id='block_1_18' title="bbox 534 1338 2103 1425">
    <p class='ocr_par' dir='ltr' id='par_1_18' title="bbox 534 1345 2103 1425">
     <span class='ocr_line' id='line_1_18' title="bbox 534 1345 2103 1425; baseline -0.005 -19"><span class='ocrx_word' id='word_1_122' title='bbox 534 1352 670 1425; x_wconf 77' lang='grc' dir='ltr'>πρὸς</span> <span class='ocrx_word' id='word_1_123' title='bbox 696 1350 1037 1422; x_wconf 82' lang='grc' dir='ltr'>ἀνθρώπινον</span> <span class='ocrx_word' id='word_1_124' title='bbox 1068 1349 1193 1405; x_wconf 78' lang='grc' dir='ltr'>νοῦν</span> <span class='ocrx_word' id='word_1_125' title='bbox 1225 1349 1403 1419; x_wconf 89' lang='grc' dir='ltr'>λέγω·</span> <span class='ocrx_word' id='word_1_126' title='bbox 1450 1349 1682 1419; x_wconf 76' lang='grc' dir='ltr'>ἀγγέλου</span> <span class='ocrx_word' id='word_1_127' title='bbox 1727 1349 1837 1419; x_wconf 82' lang='grc' dir='ltr'><strong>γάρ</strong></span> <span class='ocrx_word' id='word_1_128' title='bbox 1881 1348 2018 1410; x_wconf 68' lang='grc' dir='ltr'>ἔστι,</span> <span class='ocrx_word' id='word_1_129' title='bbox 2051 1345 2103 1398; x_wconf 66' lang='grc' dir='ltr'>τὸ</span> 
     </span>
    </p>
   </div>
   <div class='ocr_carea' id='block_1_19' title="bbox 2210 1338 3806 1425">
    <p class='ocr_par' dir='ltr' id='par_1_19' title="bbox 2220 1338 3806 1409">
     <span class='ocr_line' id='line_1_19' title="bbox 2220 1338 3806 1409; baseline -0.001 -12"><span class='ocrx_word' id='word_1_130' title='bbox 2220 1342 2380 1397; x_wconf 88' lang='lat' dir='ltr'><strong>ratim</strong></span> <span class='ocrx_word' id='word_1_131' title='bbox 2430 1348 2630 1396; x_wconf 88' lang='lat' dir='ltr'><strong>norunt</strong></span> <span class='ocrx_word' id='word_1_132' title='bbox 2676 1354 2910 1406; x_wconf 86' lang='lat' dir='ltr'><strong>omnes;</strong></span> <span class='ocrx_word' id='word_1_133' title='bbox 2949 1338 3106 1409; x_wconf 80' lang='lat'><strong>135</strong></span> <span class='ocrx_word' id='word_1_134' title='bbox 3142 1340 3210 1395; x_wconf 90' lang='lat' dir='ltr'><strong>de</strong></span> <span class='ocrx_word' id='word_1_135' title='bbox 3257 1339 3492 1395; x_wconf 89' lang='lat' dir='ltr'><strong>humana</strong></span> <span class='ocrx_word' id='word_1_136' title='bbox 3516 1350 3697 1396; x_wconf 84' lang='lat' dir='ltr'><strong>mente</strong></span> <span class='ocrx_word' id='word_1_137' title='bbox 3725 1343 3806 1396; x_wconf 87' lang='lat' dir='ltr'><strong>lo-</strong></span> 
     </span>
    </p>
   </div>
   <div class='ocr_carea' id='block_1_20' title="bbox 536 1430 2103 1529">
    <p class='ocr_par' dir='ltr' id='par_1_20' title="bbox 536 1440 2103 1529">
     <span class='ocr_line' id='line_1_20' title="bbox 536 1440 2103 1529; baseline -0.004 -30"><span class='ocrx_word' id='word_1_138' title='bbox 536 1444 703 1515; x_wconf 79' lang='grc' dir='ltr'>μηδὲν</span> <span class='ocrx_word' id='word_1_139' title='bbox 733 1443 847 1497; x_wconf 83' lang='grc' dir='ltr'><strong>τῶν</strong></span> <span class='ocrx_word' id='word_1_140' title='bbox 871 1442 972 1497; x_wconf 65' lang='grc' dir='ltr'><strong>ἐπὶ·</strong></span> <span class='ocrx_word' id='word_1_141' title='bbox 995 1443 1198 1514; x_wconf 68' lang='grc' dir='ltr'>μέρους</span> <span class='ocrx_word' id='word_1_142' title='bbox 1227 1443 1445 1511; x_wconf 82' lang='grc' dir='ltr'>ἀγνοεῖν</span> <span class='ocrx_word' id='word_1_143' title='bbox 1465 1460 1478 1473; x_wconf 79' lang='grc' dir='ltr'><strong><em>ο</em></strong></span> <span class='ocrx_word' id='word_1_144' title='bbox 1510 1442 1695 1529; x_wconf 64' lang='grc' dir='ltr'>τρίτεν</span> <span class='ocrx_word' id='word_1_145' title='bbox 1724 1442 1801 1504; x_wconf 81' lang='grc' dir='ltr'>δὲ,</span> <span class='ocrx_word' id='word_1_146' title='bbox 1832 1440 1894 1493; x_wconf 85' lang='grc' dir='ltr'>τὸ</span> <span class='ocrx_word' id='word_1_147' title='bbox 1932 1440 2103 1529; x_wconf 73' lang='grc' dir='ltr'>ἔμπα·</span> 
     </span>
    </p>
   </div>
   <div class='ocr_carea' id='block_1_21' title="bbox 2210 1430 3802 1529">
    <p class='ocr_par' dir='ltr' id='par_1_21' title="bbox 2216 1430 3802 1506">
     <span class='ocr_line' id='line_1_21' title="bbox 2216 1430 3802 1506; baseline -0.003 -17"><span class='ocrx_word' id='word_1_148' title='bbox 2216 1450 2396 1506; x_wconf 88' lang='lat' dir='ltr'><strong>quor:</strong></span> <span class='ocrx_word' id='word_1_149' title='bbox 2449 1434 2624 1506; x_wconf 86' lang='lat' dir='ltr'><strong>angeli</strong></span> <span class='ocrx_word' id='word_1_150' title='bbox 2674 1433 2819 1489; x_wconf 88' lang='lat' dir='ltr'><strong>enim</strong></span> <span class='ocrx_word' id='word_1_151' title='bbox 2863 1431 3027 1487; x_wconf 86' lang='lat' dir='ltr'><strong>etiam</strong></span> <span class='ocrx_word' id='word_1_152' title='bbox 3090 1430 3274 1485; x_wconf 81' lang='lat' dir='ltr'><strong>omnia</strong></span> <span class='ocrx_word' id='word_1_153' title='bbox 3328 1430 3621 1501; x_wconf 85' lang='lat' dir='ltr'><strong>singularia</strong></span> <span class='ocrx_word' id='word_1_154' title='bbox 3679 1446 3802 1500; x_wconf 89' lang='lat' dir='ltr'><strong>per-</strong></span> 
     </span>
    </p>
   </div>
   <div class='ocr_carea' id='block_1_22' title="bbox 535 1519 2103 1608">
    <p class='ocr_par' dir='ltr' id='par_1_22' title="bbox 535 1519 2103 1608">
     <span class='ocr_line' id='line_1_22' title="bbox 535 1519 2103 1608; baseline -0.006 -18"><span class='ocrx_word' id='word_1_155' title='bbox 535 1536 646 1600; x_wconf 81' lang='grc' dir='ltr'>θεῖς</span> <span class='ocrx_word' id='word_1_156' title='bbox 684 1535 833 1608; x_wconf 80' lang='grc' dir='ltr'>ἔχειν</span> <span class='ocrx_word' id='word_1_157' title='bbox 862 1535 1190 1606; x_wconf 81' lang='grc' dir='ltr'>λογισμούς·</span> <span class='ocrx_word' id='word_1_158' title='bbox 1219 1535 1480 1606; x_wconf 85' lang='grc' dir='ltr'>τέταρτον</span> <span class='ocrx_word' id='word_1_159' title='bbox 1510 1533 1588 1597; x_wconf 78' lang='grc' dir='ltr'>δὲ,</span> <span class='ocrx_word' id='word_1_160' title='bbox 1619 1519 1680 1587; x_wconf 58' lang='grc' dir='ltr'>τὸ</span> <span class='ocrx_word' id='word_1_161' title='bbox 1721 1528 2103 1601; x_wconf 79' lang='grc' dir='ltr'>συγκατατίθε-</span> 
     </span>
    </p>
   </div>
   <div class='ocr_carea' id='block_1_23' title="bbox 2210 1519 3804 1608">
    <p class='ocr_par' dir='ltr' id='par_1_23' title="bbox 2215 1519 3804 1589">
     <span class='ocr_line' id='line_1_23' title="bbox 2215 1519 3804 1589; baseline -0.005 -8"><span class='ocrx_word' id='word_1_162' title='bbox 2215 1533 2485 1589; x_wconf 85' lang='lat' dir='ltr'><strong>noscunt;</strong></span> <span class='ocrx_word' id='word_1_163' title='bbox 2557 1522 2732 1589; x_wconf 90' lang='lat' dir='ltr'><strong>tertio,</strong></span> <span class='ocrx_word' id='word_1_164' title='bbox 2797 1519 3458 1589; x_wconf 82' lang='lat' dir='ltr'><strong>vitiosis-cogitationum</strong></span> <span class='ocrx_word' id='word_1_165' title='bbox 3522 1521 3804 1589; x_wconf 82' lang='lat' dir='ltr'><strong>perturba-</strong></span> 
     </span>
    </p>
   </div>
   <div class='ocr_carea' id='block_1_24' title="bbox 536 1625 1061 1699">
    <p class='ocr_par' dir='ltr' id='par_1_24' title="bbox 536 1625 1061 1699">
     <span class='ocr_line' id='line_1_24' title="bbox 536 1625 1061 1699; baseline -0.01 -15"><span class='ocrx_word' id='word_1_166' title='bbox 536 1628 658 1683; x_wconf 80' lang='grc' dir='ltr'>σθαι</span> <span class='ocrx_word' id='word_1_167' title='bbox 697 1630 767 1699; x_wconf 79' lang='grc' dir='ltr'><strong>τῇ</strong></span> <span class='ocrx_word' id='word_1_168' title='bbox 798 1625 1061 1697; x_wconf 83' lang='grc' dir='ltr'>ἁμαρτίᾳ.</span> 
     </span>
    </p>
   </div>
   <div class='ocr_carea' id='block_1_25' title="bbox 1216 1803 1432 1855">
    <p class='ocr_par' dir='ltr' id='par_1_25' title="bbox 1216 1803 1432 1855">
     <span class='ocr_line' id='line_1_25' title="bbox 1216 1803 1432 1855; baseline 0 -1"><span class='ocrx_word' id='word_1_169' title='bbox 1216 1803 1432 1855; x_wconf 73' lang='grc' dir='ltr'><strong>Ἀλλο.</strong></span> 
     </span>
    </p>
   </div>
   <div class='ocr_carea' id='block_1_26' title="bbox 603 1889 2112 1965">
    <p class='ocr_par' dir='ltr' id='par_1_26' title="bbox 603 1889 2112 1965">
     <span class='ocr_line' id='line_1_26' title="bbox 603 1889 2112 1965; baseline -0.001 -19"><span class='ocrx_word' id='word_1_170' title='bbox 603 1893 798 1965; x_wconf 77' lang='grc' dir='ltr'>Ψυχῆς</span> <span class='ocrx_word' id='word_1_171' title='bbox 845 1894 996 1946; x_wconf 76' lang='grc' dir='ltr'>ἐστιν</span> <span class='ocrx_word' id='word_1_172' title='bbox 1045 1891 1390 1965; x_wconf 71' lang='grc' dir='ltr'>ἀκαθαρσία,</span> <span class='ocrx_word' id='word_1_173' title='bbox 1445 1892 1528 1945; x_wconf 75' lang='grc' dir='ltr'><strong>τὸ.</strong></span> <span class='ocrx_word' id='word_1_174' title='bbox 1556 1891 1631 1963; x_wconf 82' lang='grc' dir='ltr'>μὴ</span> <span class='ocrx_word' id='word_1_175' title='bbox 1674 1893 1920 1961; x_wconf 80' lang='grc' dir='ltr'>ἐνεργεῖν</span> <span class='ocrx_word' id='word_1_176' title='bbox 1972 1889 2112 1945; x_wconf 86' lang='grc' dir='ltr'><strong>κατά</strong></span> 
     </span>
    </p>
   </div>
   <div class='ocr_carea' id='block_1_27' title="bbox 542 1982 2113 2054">
    <p class='ocr_par' dir='ltr' id='par_1_27' title="bbox 542 1982 2113 2054">
     <span class='ocr_line' id='line_1_27' title="bbox 542 1982 2113 2054; baseline -0.001 -17"><span class='ocrx_word' id='word_1_177' title='bbox 542 1985 715 2053; x_wconf 79' lang='grc' dir='ltr'>φύσιν.</span> <span class='ocrx_word' id='word_1_178' title='bbox 756 1983 850 2036; x_wconf 88' lang='grc' dir='ltr'><strong>Ἐκ</strong></span> <span class='ocrx_word' id='word_1_179' title='bbox 886 1982 1213 2054; x_wconf 85' lang='grc' dir='ltr'>τούτου.γάρ</span> <span class='ocrx_word' id='word_1_180' title='bbox 1259 1984 1535 2037; x_wconf 84' lang='grc' dir='ltr'>τίκτονται</span> <span class='ocrx_word' id='word_1_181' title='bbox 1558 1982 1636 2054; x_wconf 81' lang='grc' dir='ltr'><strong>τῷ</strong></span> <span class='ocrx_word' id='word_1_182' title='bbox 1664 1982 1741 2054; x_wconf 82' lang='grc' dir='ltr'>νῷ</span> <span class='ocrx_word' id='word_1_183' title='bbox 1770 1985 1818 2035; x_wconf 82' lang='lat' dir='ltr'><strong>oi</strong></span> <span class='ocrx_word' id='word_1_184' title='bbox 1847 1982 2113 2053; x_wconf 73' lang='grc' dir='ltr'>ἐμπαθεῖς</span> 
     </span>
    </p>
   </div>
   <div class='ocr_carea' id='block_1_28' title="bbox 545 2073 2112 2147">
    <p class='ocr_par' dir='ltr' id='par_1_28' title="bbox 545 2073 2112 2147">
     <span class='ocr_line' id='line_1_28' title="bbox 545 2073 2112 2147; baseline -0.001 -19"><span class='ocrx_word' id='word_1_185' title='bbox 545 2074 814 2146; x_wconf 74' lang='grc' dir='ltr'>λογισμοί·</span> <span class='ocrx_word' id='word_1_186' title='bbox 869 2074 994 2128; x_wconf 81' lang='grc' dir='ltr'>τότε</span> <span class='ocrx_word' id='word_1_187' title='bbox 1038 2074 1146 2147; x_wconf 82' lang='grc' dir='ltr'><strong>γάρ</strong></span> <span class='ocrx_word' id='word_1_188' title='bbox 1191 2076 1406 2144; x_wconf 66' lang='grc' dir='ltr'>ἐνεργεῖ</span> <span class='ocrx_word' id='word_1_189' title='bbox 1458 2073 1601 2129; x_wconf 80' lang='grc' dir='ltr'>κατὰ</span> <span class='ocrx_word' id='word_1_190' title='bbox 1648 2074 1830 2143; x_wconf 82' lang='grc' dir='ltr'>φύσιν,</span> <span class='ocrx_word' id='word_1_191' title='bbox 1879 2075 2009 2128; x_wconf 82' lang='grc' dir='ltr'>ὅταν</span> <span class='ocrx_word' id='word_1_192' title='bbox 2054 2076 2112 2127; x_wconf 80' lang='grc' dir='ltr'>αἱ</span> 
     </span>
    </p>
   </div>
   <div class='ocr_carea' id='block_1_29' title="bbox 550 2165 2108 2237">
    <p class='ocr_par' dir='ltr' id='par_1_29' title="bbox 550 2165 2108 2237">
     <span class='ocr_line' id='line_1_29' title="bbox 550 2165 2108 2237; baseline -0.001 -17"><span class='ocrx_word' id='word_1_193' title='bbox 550 2165 834 2237; x_wconf 73' lang='grc' dir='ltr'>παθητικαὶ</span> <span class='ocrx_word' id='word_1_194' title='bbox 886 2165 1059 2237; x_wconf 81' lang='grc' dir='ltr'>αὐτῆς</span> <span class='ocrx_word' id='word_1_195' title='bbox 1102 2166 1384 2237; x_wconf 85' lang='grc' dir='ltr'>δυνάμεις,</span> <span class='ocrx_word' id='word_1_196' title='bbox 1432 2168 1462 2220; x_wconf 79' lang='grc' dir='ltr'>ὁ</span> <span class='ocrx_word' id='word_1_197' title='bbox 1510 2165 1680 2236; x_wconf 83' lang='grc' dir='ltr'>θυμὸς</span> <span class='ocrx_word' id='word_1_198' title='bbox 1726 2165 1889 2234; x_wconf 87' lang='grc' dir='ltr'>λέγω,</span> <span class='ocrx_word' id='word_1_199' title='bbox 1939 2168 2033 2219; x_wconf 75' lang='grc' dir='ltr'>καὶ</span> <span class='ocrx_word' id='word_1_200' title='bbox 2074 2168 2108 2237; x_wconf 83' lang='grc' dir='ltr'>ἡ</span> 
     </span>
    </p>
   </div>
   <div class='ocr_carea' id='block_1_30' title="bbox 542 2255 2112 2330">
    <p class='ocr_par' dir='ltr' id='par_1_30' title="bbox 542 2255 2112 2330">
     <span class='ocr_line' id='line_1_30' title="bbox 542 2255 2112 2330; baseline -0.001 -19"><span class='ocrx_word' id='word_1_201' title='bbox 542 2258 819 2329; x_wconf 67' lang='grc' dir='ltr'>ἐπιθυμία,</span> <span class='ocrx_word' id='word_1_202' title='bbox 852 2258 914 2312; x_wconf 68' lang='grc' dir='ltr'>ἐν</span> <span class='ocrx_word' id='word_1_203' title='bbox 945 2255 1011 2329; x_wconf 73' lang='grc' dir='ltr'>τῇ</span> <span class='ocrx_word' id='word_1_204' title='bbox 1039 2258 1149 2312; x_wconf 81' lang='grc' dir='ltr'><strong>τῶν</strong></span> <span class='ocrx_word' id='word_1_205' title='bbox 1178 2258 1542 2330; x_wconf 82' lang='grc' dir='ltr'><strong>πραγμάτων,</strong></span> <span class='ocrx_word' id='word_1_206' title='bbox 1589 2257 1682 2310; x_wconf 75' lang='grc' dir='ltr'>καὶ</span> <span class='ocrx_word' id='word_1_207' title='bbox 1711 2256 1819 2310; x_wconf 85' lang='grc' dir='ltr'><strong>τῶν</strong></span> <span class='ocrx_word' id='word_1_208' title='bbox 1847 2259 1904 2311; x_wconf 82' lang='grc' dir='ltr'>ὲν</span> <span class='ocrx_word' id='word_1_209' title='bbox 1928 2257 2112 2320; x_wconf 77' lang='grc' dir='ltr'>αὐτοῖς</span> 
     </span>
    </p>
   </div>
   <div class='ocr_carea' id='block_1_31' title="bbox 538 2348 1732 2420">
    <p class='ocr_par' dir='ltr' id='par_1_31' title="bbox 538 2348 1732 2420">
     <span class='ocr_line' id='line_1_31' title="bbox 538 2348 1732 2420; baseline 0.001 -18"><span class='ocrx_word' id='word_1_210' title='bbox 538 2348 824 2419; x_wconf 78' lang='grc' dir='ltr'><strong>νοημάτων</strong></span> <span class='ocrx_word' id='word_1_211' title='bbox 855 2348 1131 2420; x_wconf 74' lang='grc' dir='ltr'>προσϐολῇ</span> <span class='ocrx_word' id='word_1_212' title='bbox 1159 2348 1391 2411; x_wconf 79' lang='grc' dir='ltr'>ἀπαθεῖς</span> <span class='ocrx_word' id='word_1_213' title='bbox 1416 2348 1732 2419; x_wconf 80' lang='grc' dir='ltr'>διαμένωσι.</span> 
     </span>
    </p>
   </div>
   <div class='ocr_carea' id='block_1_32' title="bbox 1221 2616 1433 2668">
    <p class='ocr_par' dir='ltr' id='par_1_32' title="bbox 1221 2616 1433 2668">
     <span class='ocr_line' id='line_1_32' title="bbox 1221 2616 1433 2668; baseline -0.005 0"><span class='ocrx_word' id='word_1_214' title='bbox 1221 2616 1433 2668; x_wconf 64' lang='grc' dir='ltr'><strong>Ἀλλο.</strong></span> 
     </span>
    </p>
   </div>
   <div class='ocr_carea' id='block_1_33' title="bbox 611 2702 2117 2777">
    <p class='ocr_par' dir='ltr' id='par_1_33' title="bbox 611 2702 2117 2777">
     <span class='ocr_line' id='line_1_33' title="bbox 611 2702 2117 2777; baseline -0.004 -17"><span class='ocrx_word' id='word_1_215' title='bbox 611 2705 675 2760; x_wconf 83' lang='grc' dir='ltr'><strong>Ἦ</strong></span> <span class='ocrx_word' id='word_1_216' title='bbox 725 2705 848 2760; x_wconf 89' lang='grc' dir='ltr'>κατ’</span> <span class='ocrx_word' id='word_1_217' title='bbox 878 2705 1161 2777; x_wconf 67' lang='grc' dir='ltr'>ἐνέργειαν</span> <span class='ocrx_word' id='word_1_218' title='bbox 1189 2705 1457 2776; x_wconf 78' lang='grc' dir='ltr'>ἁμαρτία,</span> <span class='ocrx_word' id='word_1_219' title='bbox 1500 2702 1754 2774; x_wconf 83' lang='grc' dir='ltr'>σώματός</span> <span class='ocrx_word' id='word_1_220' title='bbox 1787 2703 1936 2757; x_wconf 73' lang='grc' dir='ltr'>ἐστιν</span> <span class='ocrx_word' id='word_1_221' title='bbox 1973 2703 2117 2755; x_wconf 60' lang='grc' dir='ltr'>ἀκασς</span> 
     </span>
    </p>
   </div>
   <div class='ocr_carea' id='block_1_34' title="bbox 529 2797 752 2871">
    <p class='ocr_par' dir='ltr' id='par_1_34' title="bbox 529 2797 752 2871">
     <span class='ocr_line' id='line_1_34' title="bbox 529 2797 752 2871; baseline 0.009 -19"><span class='ocrx_word' id='word_1_222' title='bbox 529 2797 752 2871; x_wconf 80' lang='grc' dir='ltr'>θαρσία.</span> 
     </span>
    </p>
   </div>
   <div class='ocr_carea' id='block_1_35' title="bbox 1128 2910 1479 2979">
    <p class='ocr_par' dir='ltr' id='par_1_35' title="bbox 1128 2910 1479 2979">
     <span class='ocr_line' id='line_1_35' title="bbox 1128 2910 1479 2979; baseline 0 -16"><span class='ocrx_word' id='word_1_223' title='bbox 1128 2910 1386 2979; x_wconf 76' lang='grc' dir='ltr'>Σχόλιον</span> <span class='ocrx_word' id='word_1_224' title='bbox 1426 2915 1479 2963; x_wconf 83' lang='grc' dir='ltr'><strong>ι’.</strong></span> 
     </span>
    </p>
   </div>
   <div class='ocr_carea' id='block_1_36' title="bbox 598 3019 2108 3093">
    <p class='ocr_par' dir='ltr' id='par_1_36' title="bbox 598 3019 2108 3093">
     <span class='ocr_line' id='line_1_36' title="bbox 598 3019 2108 3093; baseline -0.002 -17"><span class='ocrx_word' id='word_1_225' title='bbox 598 3024 830 3093; x_wconf 80' lang='grc' dir='ltr'>Σημεῖον</span> <span class='ocrx_word' id='word_1_226' title='bbox 878 3021 1157 3091; x_wconf 71' lang='grc' dir='ltr'>ὕπομονῆς</span> <span class='ocrx_word' id='word_1_227' title='bbox 1202 3022 1237 3092; x_wconf 80' lang='grc' dir='ltr'><strong>ἠ</strong></span> <span class='ocrx_word' id='word_1_228' title='bbox 1291 3020 1400 3074; x_wconf 85' lang='grc' dir='ltr'><strong>τῶν</strong></span> <span class='ocrx_word' id='word_1_229' title='bbox 1450 3021 1629 3075; x_wconf 81' lang='grc' dir='ltr'>πόνων</span> <span class='ocrx_word' id='word_1_230' title='bbox 1667 3019 1838 3089; x_wconf 76' lang='grc' dir='ltr'>φιλία,</span> <span class='ocrx_word' id='word_1_231' title='bbox 1883 3022 1963 3084; x_wconf 83' lang='grc' dir='ltr'><strong>είς</strong></span> <span class='ocrx_word' id='word_1_232' title='bbox 2011 3019 2108 3085; x_wconf 80' lang='grc' dir='ltr'>οὓς</span> 
     </span>
    </p>
   </div>
   <div class='ocr_carea' id='block_1_37' title="bbox 530 3107 2031 3182">
    <p class='ocr_par' dir='ltr' id='par_1_37' title="bbox 530 3107 2031 3182">
     <span class='ocr_line' id='line_1_37' title="bbox 530 3107 2031 3182; baseline -0.001 -17"><span class='ocrx_word' id='word_1_233' title='bbox 530 3111 747 3182; x_wconf 71' lang='grc' dir='ltr'>θεωρῶν</span> <span class='ocrx_word' id='word_1_234' title='bbox 769 3112 807 3165; x_wconf 61' lang='grc' dir='ltr'><strong>ὸν</strong></span> <span class='ocrx_word' id='word_1_235' title='bbox 825 3109 972 3175; x_wconf 72' lang='grc' dir='ltr'>νοῦς,</span> <span class='ocrx_word' id='word_1_236' title='bbox 1000 3109 1213 3174; x_wconf 70' lang='grc' dir='ltr'>ἐλπίζει</span> <span class='ocrx_word' id='word_1_237' title='bbox 1239 3109 1422 3179; x_wconf 83' lang='grc' dir='ltr'>τυχεῖν</span> <span class='ocrx_word' id='word_1_238' title='bbox 1445 3107 1555 3161; x_wconf 86' lang='grc' dir='ltr'><strong>τῶν</strong></span> <span class='ocrx_word' id='word_1_239' title='bbox 1588 3108 2031 3180; x_wconf 73' lang='grc' dir='ltr'>ἐπηγγελμένων.</span> 
     </span>
    </p>
   </div>
   <div class='ocr_carea' id='block_1_38' title="bbox 1122 3307 1509 3375">
    <p class='ocr_par' dir='ltr' id='par_1_38' title="bbox 1122 3307 1509 3375">
     <span class='ocr_line' id='line_1_38' title="bbox 1122 3307 1509 3375; baseline -0.003 -14"><span class='ocrx_word' id='word_1_240' title='bbox 1122 3307 1380 3375; x_wconf 74' lang='grc' dir='ltr'>Σχόλιον</span> <span class='ocrx_word' id='word_1_241' title='bbox 1420 3312 1509 3360; x_wconf 59' lang='lat' dir='ltr'><strong>tot”.</strong></span> 
     </span>
    </p>
   </div>
   <div class='ocr_carea' id='block_1_39' title="bbox 594 3413 2101 3487">
    <p class='ocr_par' dir='ltr' id='par_1_39' title="bbox 594 3413 2101 3487">
     <span class='ocr_line' id='line_1_39' title="bbox 594 3413 2101 3487; baseline -0.001 -16"><span class='ocrx_word' id='word_1_242' title='bbox 594 3416 713 3471; x_wconf 75' lang='grc' dir='ltr'>Εἰσί</span> <span class='ocrx_word' id='word_1_243' title='bbox 758 3432 882 3469; x_wconf 89' lang='grc' dir='ltr'>τινα</span> <span class='ocrx_word' id='word_1_244' title='bbox 929 3415 1029 3486; x_wconf 79' lang='grc' dir='ltr'>μὲν</span> <span class='ocrx_word' id='word_1_245' title='bbox 1081 3413 1192 3470; x_wconf 84' lang='grc' dir='ltr'><strong>τῶν</strong></span> <span class='ocrx_word' id='word_1_246' title='bbox 1247 3414 1511 3487; x_wconf 83' lang='grc' dir='ltr'>δακρύων.</span> <span class='ocrx_word' id='word_1_247' title='bbox 1546 3414 1801 3483; x_wconf 76' lang='grc' dir='ltr'>καίονται,</span> <span class='ocrx_word' id='word_1_248' title='bbox 1848 3417 1943 3470; x_wconf 80' lang='lat' dir='ltr'><strong>xa‘t</strong></span> <span class='ocrx_word' id='word_1_249' title='bbox 1995 3417 2101 3470; x_wconf 72' lang='grc' dir='ltr'>εἰσὶ</span> 
     </span>
    </p>
   </div>
   <div class='ocr_carea' id='block_1_40' title="bbox 521 3505 2105 3580">
    <p class='ocr_par' dir='ltr' id='par_1_40' title="bbox 521 3505 2105 3580">
     <span class='ocr_line' id='line_1_40' title="bbox 521 3505 2105 3580; baseline 0 -16"><span class='ocrx_word' id='word_1_250' title='bbox 521 3511 731 3580; x_wconf 84' lang='grc' dir='ltr'>δάκρυα</span> <span class='ocrx_word' id='word_1_251' title='bbox 767 3509 1074 3566; x_wconf 88' lang='grc' dir='ltr'>πιαίνοντα.</span> <span class='ocrx_word' id='word_1_252' title='bbox 1112 3507 1296 3563; x_wconf 83' lang='grc' dir='ltr'>Πάντα</span> <span class='ocrx_word' id='word_1_253' title='bbox 1320 3505 1415 3562; x_wconf 80' lang='grc' dir='ltr'>οὖν</span> <span class='ocrx_word' id='word_1_254' title='bbox 1445 3507 1515 3562; x_wconf 86' lang='grc' dir='ltr'><strong>τά</strong></span> <span class='ocrx_word' id='word_1_255' title='bbox 1550 3508 1780 3580; x_wconf 86' lang='grc' dir='ltr'>δάκρυα,</span> <span class='ocrx_word' id='word_1_256' title='bbox 1812 3507 1879 3563; x_wconf 70' lang='grc' dir='ltr'>τὰ</span> <span class='ocrx_word' id='word_1_257' title='bbox 1918 3512 1982 3563; x_wconf 82' lang='grc' dir='ltr'>ἐκ</span> <span class='ocrx_word' id='word_1_258' title='bbox 2006 3509 2105 3579; x_wconf 80' lang='grc' dir='ltr'>τῆς</span> 
     </span>
    </p>
   </div>
   <div class='ocr_carea' id='block_1_41' title="bbox 522 3599 2107 3674">
    <p class='ocr_par' dir='ltr' id='par_1_41' title="bbox 522 3599 2107 3674">
     <span class='ocr_line' id='line_1_41' title="bbox 522 3599 2107 3674; baseline -0.003 -17"><span class='ocrx_word' id='word_1_259' title='bbox 522 3600 749 3674; x_wconf 77' lang='grc' dir='ltr'>καρδίας</span> <span class='ocrx_word' id='word_1_260' title='bbox 789 3600 1169 3673; x_wconf 82' lang='grc' dir='ltr'>κατερχόμενα</span> <span class='ocrx_word' id='word_1_261' title='bbox 1196 3599 1285 3654; x_wconf 83' lang='grc' dir='ltr'><strong>διὰ</strong></span> <span class='ocrx_word' id='word_1_262' title='bbox 1326 3600 1427 3671; x_wconf 86' lang='grc' dir='ltr'>τῆς</span> <span class='ocrx_word' id='word_1_263' title='bbox 1472 3601 1772 3671; x_wconf 81' lang='grc' dir='ltr'>ἁμαρτίας,</span> <span class='ocrx_word' id='word_1_264' title='bbox 1807 3600 1982 3655; x_wconf 78' lang='grc' dir='ltr'>ταῦτα</span> <span class='ocrx_word' id='word_1_265' title='bbox 2014 3601 2107 3672; x_wconf 81' lang='grc' dir='ltr'><strong>ξη-</strong></span> 
     </span>
    </p>
   </div>
   <div class='ocr_carea' id='block_1_42' title="bbox 520 3692 2105 3764">
    <p class='ocr_par' dir='ltr' id='par_1_42' title="bbox 520 3692 2105 3764">
     <span class='ocr_line' id='line_1_42' title="bbox 520 3692 2105 3764; baseline 0.001 -17"><span class='ocrx_word' id='word_1_266' title='bbox 520 3694 765 3764; x_wconf 82' lang='grc' dir='ltr'>ραίνουσι</span> <span class='ocrx_word' id='word_1_267' title='bbox 808 3693 872 3748; x_wconf 74' lang='grc' dir='ltr'>τὸ</span> <span class='ocrx_word' id='word_1_268' title='bbox 920 3692 1079 3764; x_wconf 83' lang='grc' dir='ltr'>σῶμα</span> <span class='ocrx_word' id='word_1_269' title='bbox 1127 3693 1222 3747; x_wconf 80' lang='grc' dir='ltr'>καὶ</span> <span class='ocrx_word' id='word_1_270' title='bbox 1267 3692 1525 3762; x_wconf 85' lang='grc' dir='ltr'>καίουσι,</span> <span class='ocrx_word' id='word_1_271' title='bbox 1568 3693 1663 3746; x_wconf 77' lang='grc' dir='ltr'>καὶ</span> <span class='ocrx_word' id='word_1_272' title='bbox 1704 3692 1964 3758; x_wconf 83' lang='grc' dir='ltr'>πολλάκις</span> <span class='ocrx_word' id='word_1_273' title='bbox 2012 3696 2105 3748; x_wconf 77' lang='grc' dir='ltr'>καὶ</span> 
     </span>
    </p>
   </div>
   <div class='ocr_carea' id='block_1_43' title="bbox 514 3784 2103 3858">
    <p class='ocr_par' dir='ltr' id='par_1_43' title="bbox 514 3784 2103 3858">
     <span class='ocr_line' id='line_1_43' title="bbox 514 3784 2103 3858; baseline 0 -17"><span class='ocrx_word' id='word_1_274' title='bbox 514 3788 649 3841; x_wconf 75' lang='grc' dir='ltr'>αὐτὸ</span> <span class='ocrx_word' id='word_1_275' title='bbox 702 3787 764 3841; x_wconf 81' lang='grc' dir='ltr'>τὸ</span> <span class='ocrx_word' id='word_1_276' title='bbox 816 3786 1163 3858; x_wconf 79' lang='grc' dir='ltr'>ἡγεμονικὸν,</span> <span class='ocrx_word' id='word_1_277' title='bbox 1230 3785 1332 3856; x_wconf 83' lang='grc' dir='ltr'>τῆς</span> <span class='ocrx_word' id='word_1_278' title='bbox 1395 3786 1463 3839; x_wconf 79' lang='grc' dir='ltr'>ὲκ</span> <span class='ocrx_word' id='word_1_279' title='bbox 1520 3784 1726 3840; x_wconf 85' lang='grc' dir='ltr'>τούτων</span> <span class='ocrx_word' id='word_1_280' title='bbox 1785 3786 2103 3841; x_wconf 78' lang='grc' dir='ltr'>αἰσθάνεται</span> 
     </span>
    </p>
   </div>
   <div class='ocr_carea' id='block_1_44' title="bbox 520 3877 2105 3951">
    <p class='ocr_par' dir='ltr' id='par_1_44' title="bbox 520 3877 2105 3951">
     <span class='ocr_line' id='line_1_44' title="bbox 520 3877 2105 3951; baseline 0 -18"><span class='ocrx_word' id='word_1_281' title='bbox 520 3879 724 3951; x_wconf 79' lang='grc' dir='ltr'>βλάϐης</span> <span class='ocrx_word' id='word_1_282' title='bbox 775 3880 834 3934; x_wconf 76' lang='grc' dir='ltr'>ὲν</span> <span class='ocrx_word' id='word_1_283' title='bbox 885 3881 953 3950; x_wconf 77' lang='grc' dir='ltr'>τῇ</span> <span class='ocrx_word' id='word_1_284' title='bbox 1007 3878 1173 3949; x_wconf 71' lang='grc' dir='ltr'>ἐξόδῳ</span> <span class='ocrx_word' id='word_1_285' title='bbox 1225 3877 1437 3951; x_wconf 55' lang='grc' dir='ltr'>αιξτῶν·</span> <span class='ocrx_word' id='word_1_286' title='bbox 1500 3879 1596 3931; x_wconf 78' lang='grc' dir='ltr'>καὶ</span> <span class='ocrx_word' id='word_1_287' title='bbox 1637 3878 1854 3950; x_wconf 85' lang='grc' dir='ltr'>πρῶτον</span> <span class='ocrx_word' id='word_1_288' title='bbox 1899 3879 1998 3951; x_wconf 71' lang='grc' dir='ltr'>μὲν</span> <span class='ocrx_word' id='word_1_289' title='bbox 2046 3881 2105 3933; x_wconf 83' lang='grc' dir='ltr'><strong>έν</strong></span> 
     </span>
    </p>
   </div>
   <div class='ocr_carea' id='block_1_45' title="bbox 521 3947 2104 4041">
    <p class='ocr_par' dir='ltr' id='par_1_45' title="bbox 521 3947 2104 4041">
     <span class='ocr_line' id='line_1_45' title="bbox 521 3947 2104 4041; baseline 0.001 -19"><span class='ocrx_word' id='word_1_290' title='bbox 521 3947 696 4040; x_wconf 52' lang='grc' dir='ltr'>ταύτῇ</span> <span class='ocrx_word' id='word_1_291' title='bbox 718 3971 785 4040; x_wconf 74' lang='grc' dir='ltr'>τῇ</span> <span class='ocrx_word' id='word_1_292' title='bbox 818 3947 970 4034; x_wconf 71' lang='grc' dir='ltr'>τάξει</span> <span class='ocrx_word' id='word_1_293' title='bbox 1000 3967 1109 4023; x_wconf 87' lang='grc' dir='ltr'><strong>τῶν</strong></span> <span class='ocrx_word' id='word_1_294' title='bbox 1138 3947 1391 4039; x_wconf 69' lang='grc' dir='ltr'>δακρῖῖων</span> <span class='ocrx_word' id='word_1_295' title='bbox 1430 3966 1491 4032; x_wconf 78' lang='grc' dir='ltr'><strong>ἐξ</strong></span> <span class='ocrx_word' id='word_1_296' title='bbox 1518 3947 1767 4039; x_wconf 80' lang='grc' dir='ltr'>ἀνάγκης</span> <span class='ocrx_word' id='word_1_297' title='bbox 1813 3947 2033 4041; x_wconf 76' lang='grc' dir='ltr'>ἀπαντᾷ</span> <span class='ocrx_word' id='word_1_298' title='bbox 2075 3972 2104 4024; x_wconf 87' lang='grc' dir='ltr'><strong>ό</strong></span> 
     </span>
    </p>
   </div>
   <div class='ocr_carea' id='block_1_46' title="bbox 525 4060 2104 4134">
    <p class='ocr_par' dir='ltr' id='par_1_46' title="bbox 525 4060 2104 4134">
     <span class='ocr_line' id='line_1_46' title="bbox 525 4060 2104 4134; baseline 0.001 -19"><span class='ocrx_word' id='word_1_299' title='bbox 525 4060 840 4133; x_wconf 76' lang='grc' dir='ltr'>ἄνθρωπος’</span> <span class='ocrx_word' id='word_1_300' title='bbox 908 4061 1003 4117; x_wconf 79' lang='grc' dir='ltr'>καὶ</span> <span class='ocrx_word' id='word_1_301' title='bbox 1053 4061 1123 4117; x_wconf 69' lang='grc' dir='ltr'>διῖ</span> <span class='ocrx_word' id='word_1_302' title='bbox 1172 4060 1353 4116; x_wconf 79' lang='grc' dir='ltr'>αὐτῶν</span> <span class='ocrx_word' id='word_1_303' title='bbox 1413 4061 1694 4130; x_wconf 82' lang='grc' dir='ltr'>ἀνοίγεται</span> <span class='ocrx_word' id='word_1_304' title='bbox 1760 4060 1902 4133; x_wconf 83' lang='grc' dir='ltr'>θύρα</span> <span class='ocrx_word' id='word_1_305' title='bbox 1949 4062 2104 4134; x_wconf 73' lang='grc' dir='ltr'>αὐτῷ</span> 
     </span>
    </p>
   </div>
   <div class='ocr_carea' id='block_1_47' title="bbox 527 4150 2103 4224">
    <p class='ocr_par' dir='ltr' id='par_1_47' title="bbox 527 4150 2103 4224">
     <span class='ocr_line' id='line_1_47' title="bbox 527 4150 2103 4224; baseline 0.003 -20"><span class='ocrx_word' id='word_1_306' title='bbox 527 4150 785 4206; x_wconf 86' lang='grc' dir='ltr'>είσελθεῖν</span> <span class='ocrx_word' id='word_1_307' title='bbox 811 4152 901 4216; x_wconf 84' lang='grc' dir='ltr'>είς,</span> <span class='ocrx_word' id='word_1_308' title='bbox 915 4153 1015 4223; x_wconf 81' lang='grc' dir='ltr'>τὴν</span> <span class='ocrx_word' id='word_1_309' title='bbox 1064 4151 1220 4220; x_wconf 75' lang='grc' dir='ltr'>τάξιν</span> <span class='ocrx_word' id='word_1_310' title='bbox 1261 4152 1360 4224; x_wconf 77' lang='grc' dir='ltr'><strong>τὴν</strong></span> <span class='ocrx_word' id='word_1_311' title='bbox 1390 4150 1652 4222; x_wconf 78' lang='grc' dir='ltr'>δευτέραν</span> <span class='ocrx_word' id='word_1_312' title='bbox 1685 4151 1785 4224; x_wconf 77' lang='grc' dir='ltr'>τὴν</span> <span class='ocrx_word' id='word_1_313' title='bbox 1815 4152 2103 4224; x_wconf 87' lang='grc' dir='ltr'>κρείττονα</span> 
     </span>
    </p>
   </div>
   <div class='ocr_carea' id='block_1_48' title="bbox 523 4237 2103 4317">
    <p class='ocr_par' dir='ltr' id='par_1_48' title="bbox 523 4237 2103 4317">
     <span class='ocr_line' id='line_1_48' title="bbox 523 4237 2103 4317; baseline 0.003 -23"><span class='ocrx_word' id='word_1_314' title='bbox 523 4241 715 4312; x_wconf 81' lang='grc' dir='ltr'>αὐτῆς,</span> <span class='ocrx_word' id='word_1_315' title='bbox 741 4240 877 4314; x_wconf 85' lang='grc' dir='ltr'>ὅπερ</span> <span class='ocrx_word' id='word_1_316' title='bbox 903 4242 1024 4296; x_wconf 73' lang='grc' dir='ltr'>ἐστὶ</span> <span class='ocrx_word' id='word_1_317' title='bbox 1048 4242 1215 4313; x_wconf 86' lang='grc' dir='ltr'>χαρά,</span> <span class='ocrx_word' id='word_1_318' title='bbox 1260 4244 1318 4295; x_wconf 75' lang='grc' dir='ltr'>ἐν</span> <span class='ocrx_word' id='word_1_319' title='bbox 1422 4243 1636 4315; x_wconf 82' lang='grc' dir='ltr'>δέχεται</span> <span class='ocrx_word' id='word_1_320' title='bbox 1664 4245 1694 4297; x_wconf 86' lang='grc' dir='ltr'>ὀ</span> <span class='ocrx_word' id='word_1_321' title='bbox 1730 4242 2017 4316; x_wconf 73' lang='grc' dir='ltr'>ἄνθρωπος</span> <span class='ocrx_word' id='word_1_322' title='bbox 2041 4244 2103 4299; x_wconf 83' lang='grc' dir='ltr'>τὸ</span> 
     </span>
    </p>
   </div>
   <div class='ocr_carea' id='block_1_49' title="bbox 516 4332 2102 4409">
    <p class='ocr_par' dir='ltr' id='par_1_49' title="bbox 516 4332 2102 4409">
     <span class='ocr_line' id='line_1_49' title="bbox 516 4332 2102 4409; baseline 0.003 -21"><span class='ocrx_word' id='word_1_323' title='bbox 516 4333 703 4398; x_wconf 75' lang='grc' dir='ltr'>ἔλεος·</span> <span class='ocrx_word' id='word_1_324' title='bbox 732 4332 908 4389; x_wconf 84' lang='grc' dir='ltr'>ταῦτα</span> <span class='ocrx_word' id='word_1_325' title='bbox 945 4334 1004 4389; x_wconf 86' lang='grc' dir='ltr'><strong>δέ</strong></span> <span class='ocrx_word' id='word_1_326' title='bbox 1042 4337 1150 4389; x_wconf 80' lang='grc' dir='ltr'>εἰσι</span> <span class='ocrx_word' id='word_1_327' title='bbox 1191 4335 1262 4389; x_wconf 70' lang='grc' dir='ltr'>τὰ</span> <span class='ocrx_word' id='word_1_328' title='bbox 1308 4334 1520 4408; x_wconf 81' lang='grc' dir='ltr'>δάκρυα</span> <span class='ocrx_word' id='word_1_329' title='bbox 1558 4336 1630 4392; x_wconf 80' lang='grc' dir='ltr'><strong>τά</strong></span> <span class='ocrx_word' id='word_1_330' title='bbox 1660 4337 2003 4409; x_wconf 81' lang='grc' dir='ltr'>προχεόμενοι</span> <span class='ocrx_word' id='word_1_331' title='bbox 2037 4340 2102 4392; x_wconf 82' lang='grc' dir='ltr'>ὲκ</span> 
     </span>
    </p>
   </div>
   <div class='ocr_carea' id='block_1_50' title="bbox 515 4426 2102 4499">
    <p class='ocr_par' dir='ltr' id='par_1_50' title="bbox 515 4426 2102 4499">
     <span class='ocr_line' id='line_1_50' title="bbox 515 4426 2102 4499; baseline 0.001 -18"><span class='ocrx_word' id='word_1_332' title='bbox 515 4426 618 4499; x_wconf 85' lang='grc' dir='ltr'>τῆς</span> <span class='ocrx_word' id='word_1_333' title='bbox 666 4426 961 4495; x_wconf 81' lang='grc' dir='ltr'>συνέσεως,</span> <span class='ocrx_word' id='word_1_334' title='bbox 996 4427 1034 4486; x_wconf 73' lang='grc' dir='ltr'><strong>ὰ</strong></span> <span class='ocrx_word' id='word_1_335' title='bbox 1082 4429 1178 4484; x_wconf 74' lang='grc' dir='ltr'>καὶ</span> <span class='ocrx_word' id='word_1_336' title='bbox 1221 4426 1537 4499; x_wconf 76' lang='grc' dir='ltr'>ὡραῖξουσι,</span> <span class='ocrx_word' id='word_1_337' title='bbox 1587 4429 1687 4483; x_wconf 78' lang='grc' dir='ltr'>καὶ</span> <span class='ocrx_word' id='word_1_338' title='bbox 1720 4428 1993 4485; x_wconf 84' lang='grc' dir='ltr'>πιαίνουσι</span> <span class='ocrx_word' id='word_1_339' title='bbox 2040 4431 2102 4483; x_wconf 84' lang='grc' dir='ltr'>τὸ</span> 
     </span>
    </p>
   </div>
   <div class='ocr_carea' id='block_1_51' title="bbox 517 4504 2101 4592">
    <p class='ocr_par' dir='ltr' id='par_1_51' title="bbox 517 4504 2101 4592">
     <span class='ocr_line' id='line_1_51' title="bbox 517 4504 2101 4592; baseline 0.003 -21"><span class='ocrx_word' id='word_1_340' title='bbox 517 4519 680 4588; x_wconf 86' lang='grc' dir='ltr'>σῶμα</span> <span class='ocrx_word' id='word_1_341' title='bbox 733 4519 830 4573; x_wconf 79' lang='grc' dir='ltr'>καὶ</span> <span class='ocrx_word' id='word_1_342' title='bbox 873 4504 1163 4585; x_wconf 56' lang='lat' dir='ltr'><strong>asinino;</strong></span> <span class='ocrx_word' id='word_1_343' title='bbox 1201 4521 1297 4590; x_wconf 80' lang='grc' dir='ltr'>ἀφ’</span> <span class='ocrx_word' id='word_1_344' title='bbox 1328 4519 1539 4574; x_wconf 79' lang='grc' dir='ltr'>ἑαυτῶν</span> <span class='ocrx_word' id='word_1_345' title='bbox 1584 4519 1969 4592; x_wconf 76' lang='grc' dir='ltr'>κατέρχονται,</span> <span class='ocrx_word' id='word_1_346' title='bbox 2006 4522 2101 4575; x_wconf 74' lang='grc' dir='ltr'>καὶ</span> 
     </span>
    </p>
   </div>
   <div class='ocr_carea' id='block_1_52' title="bbox 512 4609 2096 4683">
    <p class='ocr_par' dir='ltr' id='par_1_52' title="bbox 512 4609 2096 4683">
     <span class='ocr_line' id='line_1_52' title="bbox 512 4609 2096 4683; baseline 0 -19"><span class='ocrx_word' id='word_1_347' title='bbox 512 4610 777 4681; x_wconf 33' lang='grc' dir='ltr'>ιιι-ὅρασις.</span> <span class='ocrx_word' id='word_1_348' title='bbox 806 4609 903 4664; x_wconf 79' lang='grc' dir='ltr'>τοῦ</span> <span class='ocrx_word' id='word_1_349' title='bbox 958 4610 1249 4683; x_wconf 72' lang='grc' dir='ltr'>ἀνθρώπου</span> <span class='ocrx_word' id='word_1_350' title='bbox 1295 4611 1632 4665; x_wconf 82' lang='grc' dir='ltr'>ἀλλοιοῦται·</span> <span class='ocrx_word' id='word_1_351' title='bbox 1686 4610 1917 4679; x_wconf 78' lang='grc' dir='ltr'>καρδίας</span> <span class='ocrx_word' id='word_1_352' title='bbox 1966 4612 2096 4681; x_wconf 80' lang='grc' dir='ltr'>γὰρ,</span> 
     </span>
    </p>
   </div>
   <div class='ocr_carea' id='block_1_53' title="bbox 515 4704 1763 4787">
    <p class='ocr_par' dir='ltr' id='par_1_53' title="bbox 515 4704 1763 4787">
     <span class='ocr_line' id='line_1_53' title="bbox 515 4704 1763 4787; baseline 0.001 -30"><span class='ocrx_word' id='word_1_353' title='bbox 515 4704 704 4776; x_wconf 71' lang='grc' dir='ltr'>φησιν,</span> <span class='ocrx_word' id='word_1_354' title='bbox 739 4705 1195 4787; x_wconf 74' lang='grc' dir='ltr'>εὐφραινομένης,</span> <span class='ocrx_word' id='word_1_355' title='bbox 1232 4704 1420 4759; x_wconf 87' lang='grc' dir='ltr'>θάλλει</span> <span class='ocrx_word' id='word_1_356' title='bbox 1449 4705 1763 4778; x_wconf 83' lang='grc' dir='ltr'>πρόσωπον.</span> 
     </span>
    </p>
   </div>
   <div class='ocr_carea' id='block_1_54' title="bbox 1113 4817 1493 4887">
    <p class='ocr_par' dir='ltr' id='par_1_54' title="bbox 1113 4817 1493 4887">
     <span class='ocr_line' id='line_1_54' title="bbox 1113 4817 1493 4887; baseline 0.003 -16"><span class='ocrx_word' id='word_1_357' title='bbox 1113 4819 1161 4871; x_wconf 89' lang='grc' dir='ltr'><strong><em>Σ</em></strong></span> <span class='ocrx_word' id='word_1_358' title='bbox 1162 4817 1374 4887; x_wconf 73' lang='grc' dir='ltr'>χόλων</span> <span class='ocrx_word' id='word_1_359' title='bbox 1403 4817 1493 4872; x_wconf 75' lang='grc' dir='ltr'>ιδ’.</span> 
     </span>
    </p>
   </div>
   <div class='ocr_carea' id='block_1_55' title="bbox 588 4929 2097 5004">
    <p class='ocr_par' dir='ltr' id='par_1_55' title="bbox 588 4929 2097 5004">
     <span class='ocr_line' id='line_1_55' title="bbox 588 4929 2097 5004; baseline 0 -20"><span class='ocrx_word' id='word_1_360' title='bbox 588 4930 940 5002; x_wconf 81' lang='grc' dir='ltr'>Δύσφραστον</span> <span class='ocrx_word' id='word_1_361' title='bbox 960 4932 1057 4986; x_wconf 81' lang='grc' dir='ltr'>καὶ</span> <span class='ocrx_word' id='word_1_362' title='bbox 1074 4930 1385 5002; x_wconf 85' lang='grc' dir='ltr'>δυσνόητον,</span> <span class='ocrx_word' id='word_1_363' title='bbox 1406 4930 1468 4984; x_wconf 80' lang='grc' dir='ltr'>τὸ</span> <span class='ocrx_word' id='word_1_364' title='bbox 1488 4931 1548 4984; x_wconf 78' lang='grc' dir='ltr'>ὲν</span> <span class='ocrx_word' id='word_1_365' title='bbox 1571 4930 1832 5002; x_wconf 57' lang='grc' dir='ltr'>τῷλπαντὶ</span> <span class='ocrx_word' id='word_1_366' title='bbox 1850 4929 2097 5004; x_wconf 74' lang='grc' dir='ltr'>ἐθεώρει,</span> 
     </span>
    </p>
   </div>
   <div class='ocr_carea' id='block_1_56' title="bbox 515 5022 2100 5096">
    <p class='ocr_par' dir='ltr' id='par_1_56' title="bbox 515 5022 2100 5096">
     <span class='ocr_line' id='line_1_56' title="bbox 515 5022 2100 5096; baseline 0.001 -21"><span class='ocrx_word' id='word_1_367' title='bbox 515 5022 601 5076; x_wconf 58' lang='lat' dir='ltr'><strong>ob</strong></span> <span class='ocrx_word' id='word_1_368' title='bbox 630 5023 823 5093; x_wconf 80' lang='grc' dir='ltr'>Πατὴρ</span> <span class='ocrx_word' id='word_1_369' title='bbox 850 5023 1089 5079; x_wconf 69' lang='grc' dir='ltr'>ἐνταῦθα</span> <span class='ocrx_word' id='word_1_370' title='bbox 1117 5023 1348 5095; x_wconf 74' lang='grc' dir='ltr'>τέθεικε,</span> <span class='ocrx_word' id='word_1_371' title='bbox 1377 5024 1473 5079; x_wconf 73' lang='grc' dir='ltr'>καὶ</span> <span class='ocrx_word' id='word_1_372' title='bbox 1498 5024 1737 5096; x_wconf 87' lang='grc' dir='ltr'>ἀπορίαν</span> <span class='ocrx_word' id='word_1_373' title='bbox 1767 5023 1969 5093; x_wconf 77' lang='grc' dir='ltr'>πολλὴν</span> <span class='ocrx_word' id='word_1_374' title='bbox 1999 5026 2100 5095; x_wconf 82' lang='grc' dir='ltr'><strong>ὲμ-</strong></span> 
     </span>
    </p>
   </div>
   <div class='ocr_carea' id='block_1_57' title="bbox 513 5110 2101 5187">
    <p class='ocr_par' dir='ltr' id='par_1_57' title="bbox 513 5110 2101 5187">
     <span class='ocr_line' id='line_1_57' title="bbox 513 5110 2101 5187; baseline 0.003 -22"><span class='ocrx_word' id='word_1_375' title='bbox 513 5110 708 5167; x_wconf 81' lang='grc' dir='ltr'>ποιοῦν</span> <span class='ocrx_word' id='word_1_376' title='bbox 759 5116 872 5178; x_wconf 89' lang='grc' dir='ltr'>τοῖς</span> <span class='ocrx_word' id='word_1_377' title='bbox 928 5114 1414 5185; x_wconf 82' lang='grc' dir='ltr'>ἀναγινώσκουσιν.</span> <span class='ocrx_word' id='word_1_378' title='bbox 1472 5111 1641 5187; x_wconf 77' lang='grc' dir='ltr'>Οἶμαι</span> <span class='ocrx_word' id='word_1_379' title='bbox 1697 5115 1752 5169; x_wconf 88' lang='grc' dir='ltr'>δὲ</span> <span class='ocrx_word' id='word_1_380' title='bbox 1804 5116 1879 5187; x_wconf 83' lang='grc' dir='ltr'>μὴ</span> <span class='ocrx_word' id='word_1_381' title='bbox 1926 5115 2101 5179; x_wconf 79' lang='grc' dir='ltr'>ἄλλως</span> 
     </span>
    </p>
   </div>
   <div class='ocr_carea' id='block_1_58' title="bbox 513 5204 2098 5282">
    <p class='ocr_par' dir='ltr' id='par_1_58' title="bbox 513 5204 2098 5282">
     <span class='ocr_line' id='line_1_58' title="bbox 513 5204 2098 5282; baseline 0.001 -22"><span class='ocrx_word' id='word_1_382' title='bbox 513 5204 673 5260; x_wconf 81' lang='grc' dir='ltr'>τοῦτο</span> <span class='ocrx_word' id='word_1_383' title='bbox 724 5207 964 5263; x_wconf 87' lang='grc' dir='ltr'>νοεῖσθαι</span> <span class='ocrx_word' id='word_1_384' title='bbox 1020 5209 1054 5281; x_wconf 82' lang='grc' dir='ltr'>ἢ</span> <span class='ocrx_word' id='word_1_385' title='bbox 1114 5208 1308 5277; x_wconf 75' lang='grc' dir='ltr'>οὕτως,</span> <span class='ocrx_word' id='word_1_386' title='bbox 1365 5210 1530 5282; x_wconf 79' lang='grc' dir='ltr'>ἡνίκα</span> <span class='ocrx_word' id='word_1_387' title='bbox 1570 5227 1654 5273; x_wconf 88' lang='grc' dir='ltr'><strong>τις</strong></span> <span class='ocrx_word' id='word_1_388' title='bbox 1708 5208 1886 5263; x_wconf 82' lang='grc' dir='ltr'>αὐτῶν</span> <span class='ocrx_word' id='word_1_389' title='bbox 1927 5209 1984 5266; x_wconf 81' lang='grc' dir='ltr'>ὲν</span> <span class='ocrx_word' id='word_1_390' title='bbox 2021 5208 2098 5280; x_wconf 81' lang='grc' dir='ltr'>τῷ</span> 
     </span>
    </p>
   </div>
   <div class='ocr_carea' id='block_1_59' title="bbox 513 5300 2100 5373">
    <p class='ocr_par' dir='ltr' id='par_1_59' title="bbox 513 5300 2100 5373">
     <span class='ocr_line' id='line_1_59' title="bbox 513 5300 2100 5373; baseline 0.001 -20"><span class='ocrx_word' id='word_1_391' title='bbox 513 5300 678 5354; x_wconf 76' lang='grc' dir='ltr'>παντὶ</span> <span class='ocrx_word' id='word_1_392' title='bbox 717 5301 867 5373; x_wconf 73' lang='grc' dir='ltr'>ἑώρα</span> <span class='ocrx_word' id='word_1_393' title='bbox 910 5303 1136 5359; x_wconf 74' lang='grc' dir='ltr'>ἑαυτόνο</span> <span class='ocrx_word' id='word_1_394' title='bbox 1170 5303 1469 5370; x_wconf 82' lang='grc' dir='ltr'>τουτέστιν,</span> <span class='ocrx_word' id='word_1_395' title='bbox 1512 5304 1714 5359; x_wconf 82' lang='grc' dir='ltr'>ὁπόταν</span> <span class='ocrx_word' id='word_1_396' title='bbox 1741 5320 1824 5367; x_wconf 87' lang='grc' dir='ltr'><strong>τις</strong></span> <span class='ocrx_word' id='word_1_397' title='bbox 1862 5301 1972 5355; x_wconf 82' lang='grc' dir='ltr'>τῶν</span> <span class='ocrx_word' id='word_1_398' title='bbox 2013 5318 2100 5354; x_wconf 79' lang='grc' dir='ltr'>τε·</span> 
     </span>
    </p>
   </div>
   <div class='ocr_carea' id='block_1_60' title="bbox 513 5391 2097 5465">
    <p class='ocr_par' dir='ltr' id='par_1_60' title="bbox 513 5391 2097 5465">
     <span class='ocr_line' id='line_1_60' title="bbox 513 5391 2097 5465; baseline 0.001 -20"><span class='ocrx_word' id='word_1_399' title='bbox 513 5391 832 5449; x_wconf 85' lang='grc' dir='ltr'>λευτώντων</span> <span class='ocrx_word' id='word_1_400' title='bbox 880 5395 1054 5465; x_wconf 80' lang='grc' dir='ltr'>ἁγίων</span> <span class='ocrx_word' id='word_1_401' title='bbox 1099 5395 1412 5451; x_wconf 83' lang='grc' dir='ltr'>καταδίκων</span> <span class='ocrx_word' id='word_1_402' title='bbox 1452 5394 1672 5460; x_wconf 72' lang='grc' dir='ltr'>ἔϐλεπε,</span> <span class='ocrx_word' id='word_1_403' title='bbox 1719 5394 1927 5458; x_wconf 85' lang='grc' dir='ltr'>πάντας</span> <span class='ocrx_word' id='word_1_404' title='bbox 1969 5393 2097 5456; x_wconf 72' lang='grc' dir='ltr'>τοὺς</span> 
     </span>
    </p>
   </div>
   <div class='ocr_carea' id='block_1_61' title="bbox 515 5485 2098 5557">
    <p class='ocr_par' dir='ltr' id='par_1_61' title="bbox 515 5485 2098 5557">
     <span class='ocr_line' id='line_1_61' title="bbox 515 5485 2098 5557; baseline -0.001 -19"><span class='ocrx_word' id='word_1_405' title='bbox 515 5485 736 5550; x_wconf 81' lang='grc' dir='ltr'>λοιποὺς</span> <span class='ocrx_word' id='word_1_406' title='bbox 760 5485 1097 5551; x_wconf 78' lang='grc' dir='ltr'>κυκλοῦντας</span> <span class='ocrx_word' id='word_1_407' title='bbox 1127 5487 1290 5541; x_wconf 73' lang='grc' dir='ltr'>αὐτόν</span> <span class='ocrx_word' id='word_1_408' title='bbox 1311 5502 1325 5517; x_wconf 75' lang='grc' dir='ltr'><strong><em>ο</em></strong></span> <span class='ocrx_word' id='word_1_409' title='bbox 1358 5488 1454 5540; x_wconf 80' lang='grc' dir='ltr'>καὶ</span> <span class='ocrx_word' id='word_1_410' title='bbox 1497 5487 1651 5551; x_wconf 79' lang='grc' dir='ltr'>ὅλους</span> <span class='ocrx_word' id='word_1_411' title='bbox 1680 5486 1781 5557; x_wconf 78' lang='grc' dir='ltr'>τῆς</span> <span class='ocrx_word' id='word_1_412' title='bbox 1820 5485 2098 5557; x_wconf 81' lang='grc' dir='ltr'>φροντίδος</span> 
     </span>
    </p>
   </div>
   <div class='ocr_carea' id='block_1_62' title="bbox 515 5573 2093 5649">
    <p class='ocr_par' dir='ltr' id='par_1_62' title="bbox 515 5573 2093 5649">
     <span class='ocr_line' id='line_1_62' title="bbox 515 5573 2093 5649; baseline 0.003 -23"><span class='ocrx_word' id='word_1_413' title='bbox 515 5573 728 5629; x_wconf 74' lang='grc' dir='ltr'>ἐκείνου</span> <span class='ocrx_word' id='word_1_414' title='bbox 757 5577 1104 5647; x_wconf 80' lang='grc' dir='ltr'>γενομένους,</span> <span class='ocrx_word' id='word_1_415' title='bbox 1153 5578 1229 5642; x_wconf 83' lang='grc' dir='ltr'>ὡς</span> <span class='ocrx_word' id='word_1_416' title='bbox 1270 5576 1562 5648; x_wconf 87' lang='grc' dir='ltr'>μέλλοντας</span> <span class='ocrx_word' id='word_1_417' title='bbox 1588 5578 1798 5649; x_wconf 68' lang='grc' dir='ltr'>ἐρωτᾷν</span> <span class='ocrx_word' id='word_1_418' title='bbox 1836 5578 1964 5647; x_wconf 67' lang='grc' dir='ltr'>περὶ</span> <span class='ocrx_word' id='word_1_419' title='bbox 1995 5576 2093 5645; x_wconf 78' lang='grc' dir='ltr'>τῆς</span> 
     </span>
    </p>
   </div>
   <div class='ocr_carea' id='block_1_63' title="bbox 516 5806 1352 5877">
    <p class='ocr_par' dir='ltr' id='par_1_63' title="bbox 516 5806 1352 5877">
     <span class='ocr_line' id='line_1_63' title="bbox 516 5806 1352 5877; baseline 0 -15"><span class='ocrx_word' id='word_1_420' title='bbox 516 5806 662 5862; x_wconf 71' lang='lat' dir='ltr'><strong>enim</strong></span> <span class='ocrx_word' id='word_1_421' title='bbox 692 5806 935 5864; x_wconf 73' lang='lat' dir='ltr'><strong>narratio</strong></span> <span class='ocrx_word' id='word_1_422' title='bbox 959 5806 1079 5877; x_wconf 66' lang='lat' dir='ltr'><strong>ipia</strong></span> <span class='ocrx_word' id='word_1_423' title='bbox 1098 5807 1352 5864; x_wconf 85' lang='lat' dir='ltr'><strong>ostendit.</strong></span> 
     </span>
    </p>
   </div>
   <div class='ocr_carea' id='block_1_64' title="bbox 593 5734 2745 5809">
    <p class='ocr_par' dir='ltr' id='par_1_64' title="bbox 593 5734 2745 5809">
     <span class='ocr_line' id='line_1_64' title="bbox 593 5734 2745 5809; baseline -0.001 -17"><span class='ocrx_word' id='word_1_424' title='bbox 593 5734 669 5809; x_wconf 80' lang='lat' dir='ltr'><strong>(a)</strong></span> <span class='ocrx_word' id='word_1_425' title='bbox 694 5734 810 5808; x_wconf 81' lang='lat' dir='ltr'><strong>Ego</strong></span> <span class='ocrx_word' id='word_1_426' title='bbox 844 5735 1088 5809; x_wconf 76' lang='lat' dir='ltr'><strong>intelligo</strong></span> <span class='ocrx_word' id='word_1_427' title='bbox 1117 5736 1571 5809; x_wconf 78' lang='lat' dir='ltr'><strong>valetudinarium</strong></span> <span class='ocrx_word' id='word_1_428' title='bbox 1637 5736 1863 5808; x_wconf 82' lang='grc' dir='ltr'>δοχεϊον,</span> <span class='ocrx_word' id='word_1_429' title='bbox 1896 5735 1949 5790; x_wconf 93' lang='lat' dir='ltr'><strong>in</strong></span> <span class='ocrx_word' id='word_1_430' title='bbox 2011 5750 2120 5807; x_wconf 87' lang='lat' dir='ltr'><strong>quo</strong></span> <span class='ocrx_word' id='word_1_431' title='bbox 2155 5735 2269 5807; x_wconf 88' lang='lat' dir='ltr'><strong>jam</strong></span> <span class='ocrx_word' id='word_1_432' title='bbox 2347 5736 2517 5793; x_wconf 89' lang='lat' dir='ltr'><strong>vicini</strong></span> <span class='ocrx_word' id='word_1_433' title='bbox 2582 5736 2745 5793; x_wconf 89' lang='lat' dir='ltr'><strong>morti</strong></span> 
     </span>
    </p>
   </div>
   <div class='ocr_carea' id='block_1_65' title="bbox 2214 1610 3803 1679">
    <p class='ocr_par' dir='ltr' id='par_1_65' title="bbox 2214 1610 3803 1679">
     <span class='ocr_line' id='line_1_65' title="bbox 2214 1610 3803 1679; baseline -0.002 -10"><span class='ocrx_word' id='word_1_434' title='bbox 2214 1613 2454 1669; x_wconf 80' lang='lat' dir='ltr'><strong>tionibus</strong></span> <span class='ocrx_word' id='word_1_435' title='bbox 2513 1611 2814 1667; x_wconf 71' lang='lat' dir='ltr'><strong>obnoxium</strong></span> <span class='ocrx_word' id='word_1_436' title='bbox 2877 1624 3041 1676; x_wconf 86' lang='lat' dir='ltr'><strong>esse;</strong></span> <span class='ocrx_word' id='word_1_437' title='bbox 3115 1615 3417 1679; x_wconf 82' lang='lat' dir='ltr'><strong>postremo,</strong></span> <span class='ocrx_word' id='word_1_438' title='bbox 3498 1610 3803 1666; x_wconf 86' lang='lat' dir='ltr'><strong>consentire</strong></span> 
     </span>
    </p>
   </div>
   <div class='ocr_carea' id='block_1_66' title="bbox 2217 1712 2461 1773">
    <p class='ocr_par' dir='ltr' id='par_1_66' title="bbox 2217 1712 2461 1773">
     <span class='ocr_line' id='line_1_66' title="bbox 2217 1712 2461 1773; baseline -0.008 -16"><span class='ocrx_word' id='word_1_439' title='bbox 2217 1712 2461 1773; x_wconf 86' lang='lat' dir='ltr'><strong>peccato.</strong></span> 
     </span>
    </p>
   </div>
   <div class='ocr_carea' id='block_1_67' title="bbox 2936 1791 3117 1848">
    <p class='ocr_par' dir='ltr' id='par_1_67' title="bbox 2936 1791 3117 1848">
     <span class='ocr_line' id='line_1_67' title="bbox 2936 1791 3117 1848; baseline 0 0"><span class='ocrx_word' id='word_1_440' title='bbox 2936 1791 3117 1848; x_wconf 81' lang='lat' dir='ltr'><strong>Aliud.</strong></span> 
     </span>
    </p>
   </div>
   <div class='ocr_carea' id='block_1_68' title="bbox 2298 1884 3799 1959">
    <p class='ocr_par' dir='ltr' id='par_1_68' title="bbox 2298 1884 3799 1959">
     <span class='ocr_line' id='line_1_68' title="bbox 2298 1884 3799 1959; baseline -0.001 -19"><span class='ocrx_word' id='word_1_441' title='bbox 2298 1887 2583 1957; x_wconf 87' lang='lat' dir='ltr'><strong>Intpttritas</strong></span> <span class='ocrx_word' id='word_1_442' title='bbox 2651 1887 2847 1942; x_wconf 69' lang='lat' dir='ltr'><strong>animae</strong></span> <span class='ocrx_word' id='word_1_443' title='bbox 2888 1895 2973 1943; x_wconf 83' lang='lat' dir='ltr'><strong>est</strong></span> <span class='ocrx_word' id='word_1_444' title='bbox 3047 1887 3270 1959; x_wconf 81' lang='lat' dir='ltr'><strong>quando</strong></span> <span class='ocrx_word' id='word_1_445' title='bbox 3328 1899 3442 1943; x_wconf 90' lang='lat' dir='ltr'><strong>non</strong></span> <span class='ocrx_word' id='word_1_446' title='bbox 3502 1884 3799 1942; x_wconf 86' lang='lat' dir='ltr'><strong>secundum</strong></span> 
     </span>
    </p>
   </div>
   <div class='ocr_carea' id='block_1_69' title="bbox 2219 1976 3800 2049">
    <p class='ocr_par' dir='ltr' id='par_1_69' title="bbox 2219 1976 3800 2049">
     <span class='ocr_line' id='line_1_69' title="bbox 2219 1976 3800 2049; baseline 0.001 -18"><span class='ocrx_word' id='word_1_447' title='bbox 2219 1985 2473 2035; x_wconf 83' lang='lat' dir='ltr'><strong>naturam</strong></span> <span class='ocrx_word' id='word_1_448' title='bbox 2524 1979 2634 2048; x_wconf 84' lang='lat' dir='ltr'><strong>agit</strong></span> <span class='ocrx_word' id='word_1_449' title='bbox 2688 1987 2743 2034; x_wconf 88' lang='lat' dir='ltr'><strong>et</strong></span> <span class='ocrx_word' id='word_1_450' title='bbox 2784 1988 3061 2049; x_wconf 84' lang='lat' dir='ltr'><strong>operatur.</strong></span> <span class='ocrx_word' id='word_1_451' title='bbox 3113 1979 3193 2035; x_wconf 77' lang='lat' dir='ltr'><strong>Ex</strong></span> <span class='ocrx_word' id='word_1_452' title='bbox 3240 1979 3347 2036; x_wconf 85' lang='lat' dir='ltr'><strong>hoc</strong></span> <span class='ocrx_word' id='word_1_453' title='bbox 3393 1976 3667 2034; x_wconf 80' lang='lat' dir='ltr'><strong>exsistunt</strong></span> <span class='ocrx_word' id='word_1_454' title='bbox 3721 1977 3800 2032; x_wconf 84' lang='lat' dir='ltr'><strong>vi-</strong></span> 
     </span>
    </p>
   </div>
   <div class='ocr_carea' id='block_1_70' title="bbox 2220 2068 3801 2142">
    <p class='ocr_par' dir='ltr' id='par_1_70' title="bbox 2220 2068 3801 2142">
     <span class='ocr_line' id='line_1_70' title="bbox 2220 2068 3801 2142; baseline -0.001 -19"><span class='ocrx_word' id='word_1_455' title='bbox 2220 2070 2372 2125; x_wconf 83' lang='lat' dir='ltr'><strong>tiosae</strong></span> <span class='ocrx_word' id='word_1_456' title='bbox 2418 2070 2471 2124; x_wconf 93' lang='lat' dir='ltr'><strong>in</strong></span> <span class='ocrx_word' id='word_1_457' title='bbox 2534 2078 2715 2125; x_wconf 88' lang='lat' dir='ltr'><strong>mente</strong></span> <span class='ocrx_word' id='word_1_458' title='bbox 2768 2069 3163 2142; x_wconf 85' lang='lat' dir='ltr'><strong>cogitationes:</strong></span> <span class='ocrx_word' id='word_1_459' title='bbox 3189 2077 3321 2126; x_wconf 91' lang='lat' dir='ltr'><strong>tunc</strong></span> <span class='ocrx_word' id='word_1_460' title='bbox 3373 2068 3672 2126; x_wconf 89' lang='lat' dir='ltr'><strong>secundum</strong></span> <span class='ocrx_word' id='word_1_461' title='bbox 3703 2083 3801 2122; x_wconf 89' lang='lat' dir='ltr'><strong>na-</strong></span> 
     </span>
    </p>
   </div>
   <div class='ocr_carea' id='block_1_71' title="bbox 2224 2157 3800 2233">
    <p class='ocr_par' dir='ltr' id='par_1_71' title="bbox 2224 2157 3800 2233">
     <span class='ocr_line' id='line_1_71' title="bbox 2224 2157 3800 2233; baseline -0.002 -18"><span class='ocrx_word' id='word_1_462' title='bbox 2224 2171 2402 2216; x_wconf 86' lang='lat' dir='ltr'><strong>turam</strong></span> <span class='ocrx_word' id='word_1_463' title='bbox 2460 2162 2572 2233; x_wconf 86' lang='lat' dir='ltr'><strong>agit</strong></span> <span class='ocrx_word' id='word_1_464' title='bbox 2613 2161 2818 2229; x_wconf 86' lang='lat' dir='ltr'><strong>anima,</strong></span> <span class='ocrx_word' id='word_1_465' title='bbox 2861 2162 3081 2233; x_wconf 88' lang='lat' dir='ltr'><strong>quando</strong></span> <span class='ocrx_word' id='word_1_466' title='bbox 3119 2160 3408 2217; x_wconf 77' lang='lat' dir='ltr'><strong>inferiores</strong></span> <span class='ocrx_word' id='word_1_467' title='bbox 3463 2160 3585 2229; x_wconf 86' lang='lat' dir='ltr'><strong>ejus</strong></span> <span class='ocrx_word' id='word_1_468' title='bbox 3630 2157 3800 2214; x_wconf 82' lang='lat' dir='ltr'><strong>facul-</strong></span> 
     </span>
    </p>
   </div>
   <div class='ocr_carea' id='block_1_72' title="bbox 2221 2252 3796 2324">
    <p class='ocr_par' dir='ltr' id='par_1_72' title="bbox 2221 2252 3796 2324">
     <span class='ocr_line' id='line_1_72' title="bbox 2221 2252 3796 2324; baseline -0.003 -18"><span class='ocrx_word' id='word_1_469' title='bbox 2221 2262 2359 2308; x_wconf 85' lang='lat' dir='ltr'><strong>tates</strong></span> <span class='ocrx_word' id='word_1_470' title='bbox 2410 2261 2465 2308; x_wconf 88' lang='lat' dir='ltr'><strong>et</strong></span> <span class='ocrx_word' id='word_1_471' title='bbox 2503 2252 2786 2323; x_wconf 79' lang='lat' dir='ltr'><strong>passiones</strong></span> <span class='ocrx_word' id='word_1_472' title='bbox 2817 2253 2943 2324; x_wconf 89' lang='lat' dir='ltr'><strong>(ira,</strong></span> <span class='ocrx_word' id='word_1_473' title='bbox 2975 2253 3225 2323; x_wconf 85' lang='lat' dir='ltr'><strong>inquam,</strong></span> <span class='ocrx_word' id='word_1_474' title='bbox 3276 2259 3331 2307; x_wconf 92' lang='lat' dir='ltr'><strong>et</strong></span> <span class='ocrx_word' id='word_1_475' title='bbox 3379 2253 3649 2322; x_wconf 82' lang='lat' dir='ltr'><strong>appetitus</strong></span> <span class='ocrx_word' id='word_1_476' title='bbox 3701 2265 3796 2305; x_wconf 85' lang='lat' dir='ltr'><strong>seu</strong></span> 
     </span>
    </p>
   </div>
   <div class='ocr_carea' id='block_1_73' title="bbox 2223 2341 3797 2416">
    <p class='ocr_par' dir='ltr' id='par_1_73' title="bbox 2223 2341 3797 2416">
     <span class='ocr_line' id='line_1_73' title="bbox 2223 2341 3797 2416; baseline -0.002 -17"><span class='ocrx_word' id='word_1_477' title='bbox 2223 2344 2689 2416; x_wconf 76' lang='lat' dir='ltr'><strong>cencnpiseentia)</strong></span> <span class='ocrx_word' id='word_1_478' title='bbox 2743 2345 2800 2399; x_wconf 89' lang='lat' dir='ltr'><strong>in</strong></span> <span class='ocrx_word' id='word_1_479' title='bbox 2850 2359 3032 2400; x_wconf 90' lang='lat' dir='ltr'><strong>rerum</strong></span> <span class='ocrx_word' id='word_1_480' title='bbox 3073 2344 3433 2416; x_wconf 82' lang='lat' dir='ltr'><strong>gerendarum</strong></span> <span class='ocrx_word' id='word_1_481' title='bbox 3498 2352 3553 2397; x_wconf 90' lang='lat' dir='ltr'><strong>et</strong></span> <span class='ocrx_word' id='word_1_482' title='bbox 3594 2341 3797 2412; x_wconf 49' lang='lat' dir='ltr'><strong>cogita.</strong></span> 
     </span>
    </p>
   </div>
   <div class='ocr_carea' id='block_1_74' title="bbox 2223 2432 3798 2505">
    <p class='ocr_par' dir='ltr' id='par_1_74' title="bbox 2223 2432 3798 2505">
     <span class='ocr_line' id='line_1_74' title="bbox 2223 2432 3798 2505; baseline 0 -20"><span class='ocrx_word' id='word_1_483' title='bbox 2223 2433 2432 2487; x_wconf 79' lang='lat' dir='ltr'><strong>tinuum</strong></span> <span class='ocrx_word' id='word_1_484' title='bbox 2483 2433 2726 2505; x_wconf 87' lang='lat' dir='ltr'><strong>ipsarum</strong></span> <span class='ocrx_word' id='word_1_485' title='bbox 2787 2434 2995 2504; x_wconf 82' lang='lat' dir='ltr'><strong>impetu</strong></span> <span class='ocrx_word' id='word_1_486' title='bbox 3053 2435 3172 2490; x_wconf 88' lang='lat' dir='ltr'><strong>sine</strong></span> <span class='ocrx_word' id='word_1_487' title='bbox 3214 2432 3627 2503; x_wconf 84' lang='lat' dir='ltr'><strong>perturbatione</strong></span> <span class='ocrx_word' id='word_1_488' title='bbox 3676 2448 3798 2501; x_wconf 44' lang='lat' dir='ltr'><strong>peri</strong></span> 
     </span>
    </p>
   </div>
   <div class='ocr_carea' id='block_1_75' title="bbox 2219 2516 3287 2579">
    <p class='ocr_par' dir='ltr' id='par_1_75' title="bbox 2219 2516 3287 2579">
     <span class='ocr_line' id='line_1_75' title="bbox 2219 2516 3287 2579; baseline -0.007 0"><span class='ocrx_word' id='word_1_489' title='bbox 2219 2521 2464 2579; x_wconf 60' lang='lat' dir='ltr'><strong>sistunt-</strong></span> <span class='ocrx_word' id='word_1_490' title='bbox 2905 2545 2935 2572; x_wconf 76' lang='grc' dir='ltr'><strong>ο</strong></span> <span class='ocrx_word' id='word_1_491' title='bbox 3282 2516 3287 2529; x_wconf 84' lang='lat'><strong>‘</strong></span> 
     </span>
    </p>
   </div>
   <div class='ocr_carea' id='block_1_76' title="bbox 2619 2617 3110 2700">
    <p class='ocr_par' dir='ltr' id='par_1_76' title="bbox 2619 2617 3110 2700">
     <span class='ocr_line' id='line_1_76' title="bbox 2619 2617 3110 2700; baseline 0 -29"><span class='ocrx_word' id='word_1_492' title='bbox 2619 2688 2628 2700; x_wconf 33' lang='lat'><strong>.</strong></span> <span class='ocrx_word' id='word_1_493' title='bbox 2931 2617 3110 2672; x_wconf 69' lang='grc' dir='ltr'>Αιινα.</span> 
     </span>
    </p>
   </div>
   <div class='ocr_carea' id='block_1_77' title="bbox 2289 2705 3797 2779">
    <p class='ocr_par' dir='ltr' id='par_1_77' title="bbox 2289 2705 3797 2779">
     <span class='ocr_line' id='line_1_77' title="bbox 2289 2705 3797 2779; baseline 0.003 -21"><span class='ocrx_word' id='word_1_494' title='bbox 2289 2705 2546 2775; x_wconf 85' lang='lat' dir='ltr'><strong>Corporis</strong></span> <span class='ocrx_word' id='word_1_495' title='bbox 2611 2708 2898 2778; x_wconf 81' lang='lat' dir='ltr'><strong>impuritas</strong></span> <span class='ocrx_word' id='word_1_496' title='bbox 2972 2716 3056 2764; x_wconf 91' lang='lat' dir='ltr'><strong>est</strong></span> <span class='ocrx_word' id='word_1_497' title='bbox 3102 2707 3275 2779; x_wconf 88' lang='lat' dir='ltr'><strong>ipsius</strong></span> <span class='ocrx_word' id='word_1_498' title='bbox 3334 2708 3537 2779; x_wconf 82' lang='lat' dir='ltr'><strong>peccati</strong></span> <span class='ocrx_word' id='word_1_499' title='bbox 3607 2726 3797 2779; x_wconf 77' lang='lat' dir='ltr'><strong>perpr-</strong></span> 
     </span>
    </p>
   </div>
   <div class='ocr_carea' id='block_1_78' title="bbox 2218 2796 2407 2852">
    <p class='ocr_par' dir='ltr' id='par_1_78' title="bbox 2218 2796 2407 2852">
     <span class='ocr_line' id='line_1_78' title="bbox 2218 2796 2407 2852; baseline 0.016 -3"><span class='ocrx_word' id='word_1_500' title='bbox 2218 2796 2407 2852; x_wconf 89' lang='lat' dir='ltr'><strong>tratio.</strong></span> 
     </span>
    </p>
   </div>
   <div class='ocr_carea' id='block_1_79' title="bbox 2845 2907 3233 2964">
    <p class='ocr_par' dir='ltr' id='par_1_79' title="bbox 2845 2907 3233 2964">
     <span class='ocr_line' id='line_1_79' title="bbox 2845 2907 3233 2964; baseline 0 0"><span class='ocrx_word' id='word_1_501' title='bbox 2845 2909 3094 2964; x_wconf 79' lang='lat' dir='ltr'><strong>Scholion</strong></span> <span class='ocrx_word' id='word_1_502' title='bbox 3144 2907 3233 2964; x_wconf 74' lang='lat'><strong>10.</strong></span> 
     </span>
    </p>
   </div>
   <div class='ocr_carea' id='block_1_80' title="bbox 2286 3019 3795 3092">
    <p class='ocr_par' dir='ltr' id='par_1_80' title="bbox 2286 3019 3795 3092">
     <span class='ocr_line' id='line_1_80' title="bbox 2286 3019 3795 3092; baseline 0.001 -18"><span class='ocrx_word' id='word_1_503' title='bbox 2286 3020 2679 3090; x_wconf 83' lang='lat' dir='ltr'><strong>Argumentum</strong></span> <span class='ocrx_word' id='word_1_504' title='bbox 2747 3038 2842 3077; x_wconf 91' lang='lat' dir='ltr'><strong>seu</strong></span> <span class='ocrx_word' id='word_1_505' title='bbox 2897 3022 3111 3092; x_wconf 85' lang='lat' dir='ltr'><strong>signum</strong></span> <span class='ocrx_word' id='word_1_506' title='bbox 3177 3019 3451 3090; x_wconf 66' lang='lat' dir='ltr'><strong>patientiae</strong></span> <span class='ocrx_word' id='word_1_507' title='bbox 3503 3031 3583 3076; x_wconf 88' lang='lat' dir='ltr'><strong>cst</strong></span> <span class='ocrx_word' id='word_1_508' title='bbox 3637 3036 3795 3075; x_wconf 89' lang='lat' dir='ltr'><strong>amor</strong></span> 
     </span>
    </p>
   </div>
   <div class='ocr_carea' id='block_1_81' title="bbox 2211 3110 3798 3183">
    <p class='ocr_par' dir='ltr' id='par_1_81' title="bbox 2211 3110 3798 3183">
     <span class='ocr_line' id='line_1_81' title="bbox 2211 3110 3798 3183; baseline 0.002 -18"><span class='ocrx_word' id='word_1_509' title='bbox 2211 3110 2483 3177; x_wconf 88' lang='lat' dir='ltr'><strong>laborum,</strong></span> <span class='ocrx_word' id='word_1_510' title='bbox 2541 3112 2594 3167; x_wconf 92' lang='lat' dir='ltr'><strong>in</strong></span> <span class='ocrx_word' id='word_1_511' title='bbox 2657 3128 2795 3182; x_wconf 90' lang='lat' dir='ltr'><strong>quos</strong></span> <span class='ocrx_word' id='word_1_512' title='bbox 2848 3112 2978 3167; x_wconf 90' lang='lat' dir='ltr'><strong>dum</strong></span> <span class='ocrx_word' id='word_1_513' title='bbox 3024 3127 3181 3167; x_wconf 88' lang='lat' dir='ltr'><strong>mens</strong></span> <span class='ocrx_word' id='word_1_514' title='bbox 3230 3112 3472 3183; x_wconf 85' lang='lat' dir='ltr'><strong>respicit,</strong></span> <span class='ocrx_word' id='word_1_515' title='bbox 3525 3123 3703 3183; x_wconf 81' lang='lat' dir='ltr'><strong>sperat</strong></span> <span class='ocrx_word' id='word_1_516' title='bbox 3739 3129 3798 3169; x_wconf 86' lang='lat' dir='ltr'><strong>se</strong></span> 
     </span>
    </p>
   </div>
   <div class='ocr_carea' id='block_1_82' title="bbox 2213 3203 3238 3273">
    <p class='ocr_par' dir='ltr' id='par_1_82' title="bbox 2213 3203 3238 3273">
     <span class='ocr_line' id='line_1_82' title="bbox 2213 3203 3238 3273; baseline 0.004 -16"><span class='ocrx_word' id='word_1_517' title='bbox 2213 3203 2459 3259; x_wconf 81' lang='lat' dir='ltr'><strong>ccelestia</strong></span> <span class='ocrx_word' id='word_1_518' title='bbox 2511 3204 2781 3273; x_wconf 83' lang='lat' dir='ltr'><strong>promissa</strong></span> <span class='ocrx_word' id='word_1_519' title='bbox 2839 3213 3238 3261; x_wconf 85' lang='lat' dir='ltr'><strong>assecuturam.</strong></span> 
     </span>
    </p>
   </div>
   <div class='ocr_carea' id='block_1_83' title="bbox 2839 3317 3225 3375">
    <p class='ocr_par' dir='ltr' id='par_1_83' title="bbox 2839 3317 3225 3375">
     <span class='ocr_line' id='line_1_83' title="bbox 2839 3317 3225 3375; baseline -0.003 0"><span class='ocrx_word' id='word_1_520' title='bbox 2839 3317 3087 3375; x_wconf 79' lang='lat' dir='ltr'><strong>Scholion</strong></span> <span class='ocrx_word' id='word_1_521' title='bbox 3139 3320 3225 3374; x_wconf 82' lang='grc'><strong>11.</strong></span> 
     </span>
    </p>
   </div>
   <div class='ocr_carea' id='block_1_84' title="bbox 2284 3428 3792 3504">
    <p class='ocr_par' dir='ltr' id='par_1_84' title="bbox 2284 3428 3792 3504">
     <span class='ocr_line' id='line_1_84' title="bbox 2284 3428 3792 3504; baseline 0.004 -21"><span class='ocrx_word' id='word_1_522' title='bbox 2284 3428 2671 3501; x_wconf 84' lang='lat' dir='ltr'><strong>Lacrymarum</strong></span> <span class='ocrx_word' id='word_1_523' title='bbox 2744 3431 2865 3487; x_wconf 73' lang='lat' dir='ltr'><strong>alia:</strong></span> <span class='ocrx_word' id='word_1_524' title='bbox 2937 3441 3105 3487; x_wconf 85' lang='lat' dir='ltr'><strong>urunt</strong></span> <span class='ocrx_word' id='word_1_525' title='bbox 3165 3441 3233 3486; x_wconf 57' lang='lat' dir='ltr'><strong>et&#39;</strong></span> <span class='ocrx_word' id='word_1_526' title='bbox 3269 3440 3508 3488; x_wconf 82' lang='lat' dir='ltr'><strong>mactant</strong></span> <span class='ocrx_word' id='word_1_527' title='bbox 3572 3447 3792 3504; x_wconf 90' lang='lat' dir='ltr'><strong>corpus,</strong></span> 
     </span>
    </p>
   </div>
   <div class='ocr_carea' id='block_1_85' title="bbox 2210 3520 3794 3596">
    <p class='ocr_par' dir='ltr' id='par_1_85' title="bbox 2210 3520 3794 3596">
     <span class='ocr_line' id='line_1_85' title="bbox 2210 3520 3794 3596; baseline 0.004 -22"><span class='ocrx_word' id='word_1_528' title='bbox 2210 3520 2332 3576; x_wconf 60' lang='lat' dir='ltr'><strong>alia:</strong></span> <span class='ocrx_word' id='word_1_529' title='bbox 2392 3521 2683 3592; x_wconf 81' lang='lat' dir='ltr'><strong>saginam;</strong></span> <span class='ocrx_word' id='word_1_530' title='bbox 2753 3537 2948 3579; x_wconf 85' lang='lat' dir='ltr'><strong>omnes</strong></span> <span class='ocrx_word' id='word_1_531' title='bbox 3011 3538 3135 3593; x_wconf 63' lang='lat' dir='ltr'><strong>qua</strong></span> <span class='ocrx_word' id='word_1_532' title='bbox 3184 3538 3250 3578; x_wconf 77' lang='lat' dir='ltr'><strong>ex</strong></span> <span class='ocrx_word' id='word_1_533' title='bbox 3309 3524 3476 3579; x_wconf 90' lang='lat' dir='ltr'><strong>corde</strong></span> <span class='ocrx_word' id='word_1_534' title='bbox 3526 3541 3621 3595; x_wconf 87' lang='lat' dir='ltr'><strong>per</strong></span> <span class='ocrx_word' id='word_1_535' title='bbox 3669 3542 3794 3596; x_wconf 58' lang='lat' dir='ltr'><strong>pec.</strong></span> 
     </span>
    </p>
   </div>
   <div class='ocr_carea' id='block_1_86' title="bbox 2213 3614 3790 3685">
    <p class='ocr_par' dir='ltr' id='par_1_86' title="bbox 2213 3614 3790 3685">
     <span class='ocr_line' id='line_1_86' title="bbox 2213 3614 3790 3685; baseline 0.003 -19"><span class='ocrx_word' id='word_1_536' title='bbox 2213 3619 2397 3667; x_wconf 81' lang='lat' dir='ltr'><strong>catum</strong></span> <span class='ocrx_word' id='word_1_537' title='bbox 2429 3621 2775 3683; x_wconf 78' lang='lat' dir='ltr'><strong>promanant,</strong></span> <span class='ocrx_word' id='word_1_538' title='bbox 2804 3614 3137 3670; x_wconf 82' lang='lat' dir='ltr'><strong>exhauriunt</strong></span> <span class='ocrx_word' id='word_1_539' title='bbox 3184 3622 3240 3670; x_wconf 90' lang='lat' dir='ltr'><strong>et</strong></span> <span class='ocrx_word' id='word_1_540' title='bbox 3283 3614 3524 3672; x_wconf 73' lang='lat' dir='ltr'><strong>exedunt</strong></span> <span class='ocrx_word' id='word_1_541' title='bbox 3551 3630 3790 3685; x_wconf 82' lang='lat' dir='ltr'><strong>corpus;</strong></span> 
     </span>
    </p>
   </div>
   <div class='ocr_carea' id='block_1_87' title="bbox 2214 3703 3796 3776">
    <p class='ocr_par' dir='ltr' id='par_1_87' title="bbox 2214 3703 3796 3776">
     <span class='ocr_line' id='line_1_87' title="bbox 2214 3703 3796 3776; baseline 0.001 -20"><span class='ocrx_word' id='word_1_542' title='bbox 2214 3717 2391 3774; x_wconf 85' lang='lat' dir='ltr'><strong>neque</strong></span> <span class='ocrx_word' id='word_1_543' title='bbox 2430 3718 2559 3759; x_wconf 89' lang='lat' dir='ltr'><strong>raro</strong></span> <span class='ocrx_word' id='word_1_544' title='bbox 2613 3703 2831 3760; x_wconf 76' lang='lat' dir='ltr'><strong>animus</strong></span> <span class='ocrx_word' id='word_1_545' title='bbox 2880 3718 3099 3776; x_wconf 85' lang='lat' dir='ltr'><strong>quoque</strong></span> <span class='ocrx_word' id='word_1_546' title='bbox 3142 3704 3442 3774; x_wconf 82' lang='lat' dir='ltr'><strong>imperator</strong></span> <span class='ocrx_word' id='word_1_547' title='bbox 3493 3713 3549 3760; x_wconf 91' lang='lat' dir='ltr'><strong>et</strong></span> <span class='ocrx_word' id='word_1_548' title='bbox 3603 3706 3796 3761; x_wconf 87' lang='lat' dir='ltr'><strong>melior</strong></span> 
     </span>
    </p>
   </div>
   <div class='ocr_carea' id='block_1_88' title="bbox 2211 3793 3791 3866">
    <p class='ocr_par' dir='ltr' id='par_1_88' title="bbox 2211 3793 3791 3866">
     <span class='ocr_line' id='line_1_88' title="bbox 2211 3793 3791 3866; baseline 0 -16"><span class='ocrx_word' id='word_1_549' title='bbox 2211 3811 2338 3866; x_wconf 85' lang='lat' dir='ltr'><strong>pars</strong></span> <span class='ocrx_word' id='word_1_550' title='bbox 2386 3794 2628 3851; x_wconf 87' lang='lat' dir='ltr'><strong>hominis</strong></span> <span class='ocrx_word' id='word_1_551' title='bbox 2677 3811 2743 3851; x_wconf 80' lang='lat' dir='ltr'><strong>ex</strong></span> <span class='ocrx_word' id='word_1_552' title='bbox 2778 3795 2976 3852; x_wconf 87' lang='lat' dir='ltr'><strong>barum</strong></span> <span class='ocrx_word' id='word_1_553' title='bbox 3023 3793 3368 3866; x_wconf 77' lang='lat' dir='ltr'><strong>proﬂuxione</strong></span> <span class='ocrx_word' id='word_1_554' title='bbox 3397 3796 3658 3850; x_wconf 87' lang='lat' dir='ltr'><strong>damnum</strong></span> <span class='ocrx_word' id='word_1_555' title='bbox 3700 3811 3791 3850; x_wconf 87' lang='lat' dir='ltr'><strong>ca-</strong></span> 
     </span>
    </p>
   </div>
   <div class='ocr_carea' id='block_1_89' title="bbox 2209 3880 3794 3953">
    <p class='ocr_par' dir='ltr' id='par_1_89' title="bbox 2209 3880 3794 3953">
     <span class='ocr_line' id='line_1_89' title="bbox 2209 3880 3794 3953; baseline 0.003 -19"><span class='ocrx_word' id='word_1_556' title='bbox 2209 3880 2290 3951; x_wconf 87' lang='lat' dir='ltr'><strong>pit</strong></span> <span class='ocrx_word' id='word_1_557' title='bbox 2328 3889 2385 3935; x_wconf 91' lang='lat' dir='ltr'><strong>et</strong></span> <span class='ocrx_word' id='word_1_558' title='bbox 2430 3880 2597 3937; x_wconf 87' lang='lat' dir='ltr'><strong>sentit</strong></span> <span class='ocrx_word' id='word_1_559' title='bbox 2623 3900 2636 3937; x_wconf 89' lang='lat'><strong>:</strong></span> <span class='ocrx_word' id='word_1_560' title='bbox 2661 3890 2716 3937; x_wconf 91' lang='lat' dir='ltr'><strong>et</strong></span> <span class='ocrx_word' id='word_1_561' title='bbox 2749 3881 2986 3951; x_wconf 90' lang='lat' dir='ltr'><strong>primum</strong></span> <span class='ocrx_word' id='word_1_562' title='bbox 3022 3882 3242 3953; x_wconf 84' lang='lat' dir='ltr'><strong>quidem</strong></span> <span class='ocrx_word' id='word_1_563' title='bbox 3283 3883 3337 3937; x_wconf 93' lang='lat' dir='ltr'><strong>in</strong></span> <span class='ocrx_word' id='word_1_564' title='bbox 3385 3883 3485 3937; x_wconf 87' lang='lat' dir='ltr'><strong>bas</strong></span> <span class='ocrx_word' id='word_1_565' title='bbox 3523 3883 3794 3953; x_wconf 79' lang='lat' dir='ltr'><strong>lacrymas</strong></span> 
     </span>
    </p>
   </div>
   <div class='ocr_carea' id='block_1_90' title="bbox 2209 3972 3788 4043">
    <p class='ocr_par' dir='ltr' id='par_1_90' title="bbox 2209 3972 3788 4043">
     <span class='ocr_line' id='line_1_90' title="bbox 2209 3972 3788 4043; baseline 0.001 -15"><span class='ocrx_word' id='word_1_566' title='bbox 2209 3973 2316 4029; x_wconf 87' lang='lat' dir='ltr'><strong>hoc</strong></span> <span class='ocrx_word' id='word_1_567' title='bbox 2371 3974 2564 4028; x_wconf 90' lang='lat' dir='ltr'><strong>ordine</strong></span> <span class='ocrx_word' id='word_1_568' title='bbox 2584 3972 2915 4043; x_wconf 88' lang='lat' dir='ltr'><strong>proﬂuentes</strong></span> <span class='ocrx_word' id='word_1_569' title='bbox 2947 3975 3256 4031; x_wconf 75' lang='lat' dir='ltr'><strong>necessario</strong></span> <span class='ocrx_word' id='word_1_570' title='bbox 3315 3975 3547 4030; x_wconf 89' lang='lat' dir='ltr'><strong>incurrit</strong></span> <span class='ocrx_word' id='word_1_571' title='bbox 3600 3976 3788 4041; x_wconf 89' lang='lat' dir='ltr'><strong>homo,</strong></span> 
     </span>
    </p>
   </div>
   <div class='ocr_carea' id='block_1_91' title="bbox 2211 4066 3793 4136">
    <p class='ocr_par' dir='ltr' id='par_1_91' title="bbox 2211 4066 3793 4136">
     <span class='ocr_line' id='line_1_91' title="bbox 2211 4066 3793 4136; baseline 0.003 -18"><span class='ocrx_word' id='word_1_572' title='bbox 2211 4080 2309 4136; x_wconf 86' lang='lat' dir='ltr'><strong>per</strong></span> <span class='ocrx_word' id='word_1_573' title='bbox 2347 4080 2488 4136; x_wconf 86' lang='lat' dir='ltr'><strong>quas</strong></span> <span class='ocrx_word' id='word_1_574' title='bbox 2514 4067 2756 4136; x_wconf 86' lang='lat' dir='ltr'><strong>aperitur</strong></span> <span class='ocrx_word' id='word_1_575' title='bbox 2781 4066 2859 4121; x_wconf 86' lang='lat' dir='ltr'><strong>illi</strong></span> <span class='ocrx_word' id='word_1_576' title='bbox 2879 4066 3069 4136; x_wconf 74' lang='lat' dir='ltr'><strong>ianua,</strong></span> <span class='ocrx_word' id='word_1_577' title='bbox 3101 4074 3161 4121; x_wconf 90' lang='lat' dir='ltr'><strong>ut</strong></span> <span class='ocrx_word' id='word_1_578' title='bbox 3191 4081 3222 4121; x_wconf 86' lang='lat' dir='ltr'><strong>a</strong></span> <span class='ocrx_word' id='word_1_579' title='bbox 3264 4066 3455 4136; x_wconf 78' lang='lat' dir='ltr'><strong>primis</strong></span> <span class='ocrx_word' id='word_1_580' title='bbox 3484 4067 3550 4122; x_wconf 88' lang='lat' dir='ltr'><strong>ad</strong></span> <span class='ocrx_word' id='word_1_581' title='bbox 3595 4082 3793 4122; x_wconf 82' lang='lat' dir='ltr'><strong>secun-</strong></span> 
     </span>
    </p>
   </div>
   <div class='ocr_carea' id='block_1_92' title="bbox 2204 4156 3794 4229">
    <p class='ocr_par' dir='ltr' id='par_1_92' title="bbox 2204 4156 3794 4229">
     <span class='ocr_line' id='line_1_92' title="bbox 2204 4156 3794 4229; baseline 0.003 -18"><span class='ocrx_word' id='word_1_582' title='bbox 2204 4157 2302 4211; x_wconf 88' lang='lat' dir='ltr'><strong>das</strong></span> <span class='ocrx_word' id='word_1_583' title='bbox 2363 4164 2602 4212; x_wconf 86' lang='lat' dir='ltr'><strong>transeat</strong></span> <span class='ocrx_word' id='word_1_584' title='bbox 2651 4156 2825 4213; x_wconf 88' lang='lat' dir='ltr'><strong>multo</strong></span> <span class='ocrx_word' id='word_1_585' title='bbox 2871 4156 3091 4229; x_wconf 67' lang='lat' dir='ltr'><strong>primis</strong></span> <span class='ocrx_word' id='word_1_586' title='bbox 3134 4157 3389 4213; x_wconf 86' lang='lat' dir='ltr'><strong>meliores</strong></span> <span class='ocrx_word' id='word_1_587' title='bbox 3417 4199 3433 4225; x_wconf 90' lang='lat'><strong>,</strong></span> <span class='ocrx_word' id='word_1_588' title='bbox 3487 4160 3629 4228; x_wconf 90' lang='lat' dir='ltr'><strong>quod</strong></span> <span class='ocrx_word' id='word_1_589' title='bbox 3707 4170 3794 4216; x_wconf 80' lang='lat' dir='ltr'><strong>est</strong></span> 
     </span>
    </p>
   </div>
   <div class='ocr_carea' id='block_1_93' title="bbox 2202 4248 3791 4321">
    <p class='ocr_par' dir='ltr' id='par_1_93' title="bbox 2202 4248 3791 4321">
     <span class='ocr_line' id='line_1_93' title="bbox 2202 4248 3791 4321; baseline 0.001 -16"><span class='ocrx_word' id='word_1_590' title='bbox 2202 4248 2460 4321; x_wconf 87' lang='lat' dir='ltr'><strong>gaudium</strong></span> <span class='ocrx_word' id='word_1_591' title='bbox 2517 4249 2663 4318; x_wconf 92' lang='lat' dir='ltr'><strong>quod</strong></span> <span class='ocrx_word' id='word_1_592' title='bbox 2714 4248 2922 4303; x_wconf 86' lang='lat' dir='ltr'><strong>homini</strong></span> <span class='ocrx_word' id='word_1_593' title='bbox 3005 4248 3262 4304; x_wconf 86' lang='lat' dir='ltr'><strong>conciliat</strong></span> <span class='ocrx_word' id='word_1_594' title='bbox 3336 4249 3791 4307; x_wconf 87' lang='lat' dir='ltr'><strong>misericordiam.</strong></span> 
     </span>
    </p>
   </div>
   <div class='ocr_carea' id='block_1_94' title="bbox 2208 4338 3791 4414">
    <p class='ocr_par' dir='ltr' id='par_1_94' title="bbox 2208 4338 3791 4414">
     <span class='ocr_line' id='line_1_94' title="bbox 2208 4338 3791 4414; baseline 0.001 -19"><span class='ocrx_word' id='word_1_595' title='bbox 2208 4340 2301 4395; x_wconf 66' lang='lat' dir='ltr'><strong>Hae</strong></span> <span class='ocrx_word' id='word_1_596' title='bbox 2356 4339 2610 4411; x_wconf 70' lang='lat' dir='ltr'><strong>lacrymaa</strong></span> <span class='ocrx_word' id='word_1_597' title='bbox 2668 4338 3088 4410; x_wconf 82' lang='lat' dir='ltr'><strong>proﬁciscuntur</strong></span> <span class='ocrx_word' id='word_1_598' title='bbox 3124 4355 3193 4396; x_wconf 84' lang='lat' dir='ltr'><strong>ex</strong></span> <span class='ocrx_word' id='word_1_599' title='bbox 3240 4341 3618 4412; x_wconf 85' lang='lat' dir='ltr'><strong>intelligentia,</strong></span> <span class='ocrx_word' id='word_1_600' title='bbox 3666 4344 3791 4414; x_wconf 91' lang='lat' dir='ltr'><strong>qni-</strong></span> 
     </span>
    </p>
   </div>
   <div class='ocr_carea' id='block_1_95' title="bbox 2203 4432 3790 4505">
    <p class='ocr_par' dir='ltr' id='par_1_95' title="bbox 2203 4432 3790 4505">
     <span class='ocr_line' id='line_1_95' title="bbox 2203 4432 3790 4505; baseline 0.001 -16"><span class='ocrx_word' id='word_1_601' title='bbox 2203 4434 2305 4489; x_wconf 88' lang='lat' dir='ltr'><strong>bus</strong></span> <span class='ocrx_word' id='word_1_602' title='bbox 2362 4432 2653 4489; x_wconf 80' lang='lat' dir='ltr'><strong>etﬂorescit</strong></span> <span class='ocrx_word' id='word_1_603' title='bbox 2709 4441 2765 4488; x_wconf 90' lang='lat' dir='ltr'><strong>et</strong></span> <span class='ocrx_word' id='word_1_604' title='bbox 2825 4432 3135 4505; x_wconf 87' lang='lat' dir='ltr'><strong>pinguescit</strong></span> <span class='ocrx_word' id='word_1_605' title='bbox 3187 4449 3389 4505; x_wconf 86' lang='lat' dir='ltr'><strong>corpus</strong></span> <span class='ocrx_word' id='word_1_606' title='bbox 3414 4475 3429 4501; x_wconf 91' lang='lat'><strong>,</strong></span> <span class='ocrx_word' id='word_1_607' title='bbox 3481 4442 3538 4490; x_wconf 91' lang='lat' dir='ltr'><strong>et</strong></span> <span class='ocrx_word' id='word_1_608' title='bbox 3581 4435 3703 4490; x_wconf 89' lang='lat' dir='ltr'><strong>sine</strong></span> <span class='ocrx_word' id='word_1_609' title='bbox 3738 4452 3790 4491; x_wconf 83' lang='lat' dir='ltr'><strong>vt</strong></span> 
     </span>
    </p>
   </div>
   <div class='ocr_carea' id='block_1_96' title="bbox 2208 4523 3789 4597">
    <p class='ocr_par' dir='ltr' id='par_1_96' title="bbox 2208 4523 3789 4597">
     <span class='ocr_line' id='line_1_96' title="bbox 2208 4523 3789 4597; baseline 0.001 -16"><span class='ocrx_word' id='word_1_610' title='bbox 2208 4533 2403 4597; x_wconf 89' lang='lat' dir='ltr'><strong>sponte</strong></span> <span class='ocrx_word' id='word_1_611' title='bbox 2460 4539 2560 4580; x_wconf 91' lang='lat' dir='ltr'><strong>sua</strong></span> <span class='ocrx_word' id='word_1_612' title='bbox 2587 4523 2890 4593; x_wconf 66' lang='lat' dir='ltr'><strong>exundant,</strong></span> <span class='ocrx_word' id='word_1_613' title='bbox 2918 4533 2972 4580; x_wconf 91' lang='lat' dir='ltr'><strong>et</strong></span> <span class='ocrx_word' id='word_1_614' title='bbox 2997 4533 3277 4596; x_wconf 85' lang='lat' dir='ltr'><strong>aspectum</strong></span> <span class='ocrx_word' id='word_1_615' title='bbox 3315 4527 3557 4584; x_wconf 79' lang='lat' dir='ltr'><strong>hominis</strong></span> <span class='ocrx_word' id='word_1_616' title='bbox 3585 4528 3789 4583; x_wconf 84' lang='lat' dir='ltr'><strong>immu-</strong></span> 
     </span>
    </p>
   </div>
   <div class='ocr_carea' id='block_1_97' title="bbox 2202 4616 3791 4687">
    <p class='ocr_par' dir='ltr' id='par_1_97' title="bbox 2202 4616 3791 4687">
     <span class='ocr_line' id='line_1_97' title="bbox 2202 4616 3791 4687; baseline 0.002 -14"><span class='ocrx_word' id='word_1_617' title='bbox 2202 4626 2318 4673; x_wconf 88' lang='lat' dir='ltr'><strong>tant</strong></span> <span class='ocrx_word' id='word_1_618' title='bbox 2349 4634 2362 4670; x_wconf 76' lang='grc' dir='ltr'>ε</span> <span class='ocrx_word' id='word_1_619' title='bbox 2393 4616 2571 4672; x_wconf 83' lang='lat' dir='ltr'><strong>Corde</strong></span> <span class='ocrx_word' id='word_1_620' title='bbox 2609 4617 2755 4672; x_wconf 89' lang='lat' dir='ltr'><strong>enim</strong></span> <span class='ocrx_word' id='word_1_621' title='bbox 2786 4655 2803 4681; x_wconf 88' lang='lat'><strong>,</strong></span> <span class='ocrx_word' id='word_1_622' title='bbox 2837 4616 3051 4687; x_wconf 87' lang='lat' dir='ltr'><strong>inquit,</strong></span> <span class='ocrx_word' id='word_1_623' title='bbox 3100 4616 3529 4676; x_wconf 83' lang='lat' dir='ltr'><strong>exhilarescente</strong></span> <span class='ocrx_word' id='word_1_624' title='bbox 3552 4657 3569 4685; x_wconf 86' lang='lat'><strong>,</strong></span> <span class='ocrx_word' id='word_1_625' title='bbox 3610 4619 3791 4676; x_wconf 81' lang='lat' dir='ltr'><strong>vultus</strong></span> 
     </span>
    </p>
   </div>
   <div class='ocr_carea' id='block_1_98' title="bbox 2202 4718 2772 4780">
    <p class='ocr_par' dir='ltr' id='par_1_98' title="bbox 2202 4718 2772 4780">
     <span class='ocr_line' id='line_1_98' title="bbox 2202 4718 2772 4780; baseline 0 -17"><span class='ocrx_word' id='word_1_626' title='bbox 2202 4723 2420 4780; x_wconf 87' lang='lat' dir='ltr'><strong>quoque</strong></span> <span class='ocrx_word' id='word_1_627' title='bbox 2468 4718 2772 4765; x_wconf 87' lang='lat' dir='ltr'><strong>serenatnr.</strong></span> 
     </span>
    </p>
   </div>
   <div class='ocr_carea' id='block_1_99' title="bbox 2804 4820 3196 4878">
    <p class='ocr_par' dir='ltr' id='par_1_99' title="bbox 2804 4820 3196 4878">
     <span class='ocr_line' id='line_1_99' title="bbox 2804 4820 3196 4878; baseline 0.005 -2"><span class='ocrx_word' id='word_1_628' title='bbox 2804 4820 3053 4876; x_wconf 75' lang='lat' dir='ltr'><strong>Scholion</strong></span> <span class='ocrx_word' id='word_1_629' title='bbox 3110 4822 3196 4878; x_wconf 70' lang='lat'><strong>12.</strong></span> 
     </span>
    </p>
   </div>
   <div class='ocr_carea' id='block_1_100' title="bbox 2279 4935 3787 5008">
    <p class='ocr_par' dir='ltr' id='par_1_100' title="bbox 2279 4935 3787 5008">
     <span class='ocr_line' id='line_1_100' title="bbox 2279 4935 3787 5008; baseline 0.002 -19"><span class='ocrx_word' id='word_1_630' title='bbox 2279 4935 2345 4990; x_wconf 87' lang='lat' dir='ltr'><strong>Et</strong></span> <span class='ocrx_word' id='word_1_631' title='bbox 2402 4935 2565 4991; x_wconf 83' lang='lat' dir='ltr'><strong>dictu</strong></span> <span class='ocrx_word' id='word_1_632' title='bbox 2601 4946 2655 4992; x_wconf 92' lang='lat' dir='ltr'><strong>et</strong></span> <span class='ocrx_word' id='word_1_633' title='bbox 2713 4937 2930 5006; x_wconf 82' lang='lat' dir='ltr'><strong>cognitu</strong></span> <span class='ocrx_word' id='word_1_634' title='bbox 2987 4936 3295 5007; x_wconf 78' lang='lat' dir='ltr'><strong>perdifﬁcile</strong></span> <span class='ocrx_word' id='word_1_635' title='bbox 3345 4947 3450 5004; x_wconf 90' lang='lat' dir='ltr'><strong>est,</strong></span> <span class='ocrx_word' id='word_1_636' title='bbox 3499 4937 3628 5008; x_wconf 90' lang='lat' dir='ltr'><strong>quid</strong></span> <span class='ocrx_word' id='word_1_637' title='bbox 3684 4937 3787 4995; x_wconf 84' lang='lat' dir='ltr'><strong>sibi</strong></span> 
     </span>
    </p>
   </div>
   <div class='ocr_carea' id='block_1_101' title="bbox 2207 5024 3787 5099">
    <p class='ocr_par' dir='ltr' id='par_1_101' title="bbox 2207 5024 3787 5099">
     <span class='ocr_line' id='line_1_101' title="bbox 2207 5024 3787 5099; baseline 0 -20"><span class='ocrx_word' id='word_1_638' title='bbox 2207 5024 2371 5080; x_wconf 84' lang='lat' dir='ltr'><strong>Pater</strong></span> <span class='ocrx_word' id='word_1_639' title='bbox 2453 5026 2578 5082; x_wconf 80' lang='lat' dir='ltr'><strong>velit</strong></span> <span class='ocrx_word' id='word_1_640' title='bbox 2659 5026 2745 5082; x_wconf 84' lang='lat' dir='ltr'><strong>his</strong></span> <span class='ocrx_word' id='word_1_641' title='bbox 2797 5025 2980 5081; x_wconf 82' lang='lat' dir='ltr'><strong>verbis</strong></span> <span class='ocrx_word' id='word_1_642' title='bbox 3031 5042 3154 5097; x_wconf 59' lang='lat' dir='ltr'><strong>qua;</strong></span> <span class='ocrx_word' id='word_1_643' title='bbox 3214 5027 3302 5081; x_wconf 83' lang='lat' dir='ltr'><strong>hic</strong></span> <span class='ocrx_word' id='word_1_644' title='bbox 3376 5028 3557 5097; x_wconf 85' lang='lat' dir='ltr'><strong>posuit</strong></span> <span class='ocrx_word' id='word_1_645' title='bbox 3612 5029 3669 5079; x_wconf 75' lang='grc' dir='ltr'>ἐν</span> <span class='ocrx_word' id='word_1_646' title='bbox 3712 5027 3787 5099; x_wconf 82' lang='grc' dir='ltr'>τῷ</span> 
     </span>
    </p>
   </div>
   <div class='ocr_carea' id='block_1_102' title="bbox 2208 5116 3790 5188">
    <p class='ocr_par' dir='ltr' id='par_1_102' title="bbox 2208 5116 3790 5188">
     <span class='ocr_line' id='line_1_102' title="bbox 2208 5116 3790 5188; baseline 0.001 -18"><span class='ocrx_word' id='word_1_647' title='bbox 2208 5116 2390 5182; x_wconf 85' lang='grc' dir='ltr'>παντί,</span> <span class='ocrx_word' id='word_1_648' title='bbox 2439 5116 2492 5170; x_wconf 93' lang='lat' dir='ltr'><strong>in</strong></span> <span class='ocrx_word' id='word_1_649' title='bbox 2554 5117 2705 5172; x_wconf 89' lang='lat' dir='ltr'><strong>omni</strong></span> <span class='ocrx_word' id='word_1_650' title='bbox 2746 5116 2860 5187; x_wconf 87' lang='lat' dir='ltr'><strong>(a);</strong></span> <span class='ocrx_word' id='word_1_651' title='bbox 2907 5131 3029 5186; x_wconf 68' lang='lat' dir='ltr'><strong>quae</strong></span> <span class='ocrx_word' id='word_1_652' title='bbox 3072 5117 3377 5188; x_wconf 80' lang='lat' dir='ltr'><strong>legentibus</strong></span> <span class='ocrx_word' id='word_1_653' title='bbox 3436 5119 3661 5171; x_wconf 88' lang='lat' dir='ltr'><strong>multam</strong></span> <span class='ocrx_word' id='word_1_654' title='bbox 3688 5117 3790 5172; x_wconf 85' lang='lat' dir='ltr'><strong>du-</strong></span> 
     </span>
    </p>
   </div>
   <div class='ocr_carea' id='block_1_103' title="bbox 2206 5205 3784 5264">
    <p class='ocr_par' dir='ltr' id='par_1_103' title="bbox 2206 5205 3784 5264">
     <span class='ocr_line' id='line_1_103' title="bbox 2206 5205 3784 5264; baseline 0.002 -5"><span class='ocrx_word' id='word_1_655' title='bbox 2206 5205 2523 5261; x_wconf 86' lang='lat' dir='ltr'><strong>bitationem</strong></span> <span class='ocrx_word' id='word_1_656' title='bbox 2585 5205 2844 5263; x_wconf 79' lang='lat' dir='ltr'><strong>afferunt.</strong></span> <span class='ocrx_word' id='word_1_657' title='bbox 2909 5207 3178 5264; x_wconf 79' lang='lat' dir='ltr'><strong>Existimo</strong></span> <span class='ocrx_word' id='word_1_658' title='bbox 3238 5217 3419 5262; x_wconf 89' lang='lat' dir='ltr'><strong>autem</strong></span> <span class='ocrx_word' id='word_1_659' title='bbox 3486 5207 3589 5263; x_wconf 85' lang='lat' dir='ltr'><strong>hoc</strong></span> <span class='ocrx_word' id='word_1_660' title='bbox 3677 5224 3784 5264; x_wconf 90' lang='lat' dir='ltr'><strong>non</strong></span> 
     </span>
    </p>
   </div>
   <div class='ocr_carea' id='block_1_104' title="bbox 2208 5296 3784 5370">
    <p class='ocr_par' dir='ltr' id='par_1_104' title="bbox 2208 5296 3784 5370">
     <span class='ocr_line' id='line_1_104' title="bbox 2208 5296 3784 5370; baseline 0.003 -20"><span class='ocrx_word' id='word_1_661' title='bbox 2208 5296 2363 5351; x_wconf 89' lang='lat' dir='ltr'><strong>aliter</strong></span> <span class='ocrx_word' id='word_1_662' title='bbox 2410 5296 2818 5369; x_wconf 82' lang='lat' dir='ltr'><strong>intelligendum</strong></span> <span class='ocrx_word' id='word_1_663' title='bbox 2858 5314 3023 5370; x_wconf 87' lang='lat' dir='ltr'><strong>quam</strong></span> <span class='ocrx_word' id='word_1_664' title='bbox 3051 5300 3165 5355; x_wconf 86' lang='lat' dir='ltr'><strong>sic:</strong></span> <span class='ocrx_word' id='word_1_665' title='bbox 3205 5296 3436 5365; x_wconf 86' lang='lat' dir='ltr'><strong>Quando</strong></span> <span class='ocrx_word' id='word_1_666' title='bbox 3464 5297 3590 5369; x_wconf 88' lang='lat' dir='ltr'><strong>quis</strong></span> <span class='ocrx_word' id='word_1_667' title='bbox 3637 5313 3697 5354; x_wconf 86' lang='lat' dir='ltr'><strong>se</strong></span> <span class='ocrx_word' id='word_1_668' title='bbox 3728 5299 3784 5354; x_wconf 92' lang='lat' dir='ltr'><strong>in</strong></span> 
     </span>
    </p>
   </div>
   <div class='ocr_carea' id='block_1_105' title="bbox 2210 5388 3786 5460">
    <p class='ocr_par' dir='ltr' id='par_1_105' title="bbox 2210 5388 3786 5460">
     <span class='ocr_line' id='line_1_105' title="bbox 2210 5388 3786 5460; baseline 0.001 -18"><span class='ocrx_word' id='word_1_669' title='bbox 2210 5388 2492 5442; x_wconf 90' lang='lat' dir='ltr'><strong>communi</strong></span> <span class='ocrx_word' id='word_1_670' title='bbox 2543 5388 2773 5445; x_wconf 78' lang='lat' dir='ltr'><strong>fratrum</strong></span> <span class='ocrx_word' id='word_1_671' title='bbox 2814 5389 3052 5455; x_wconf 80' lang='lat' dir='ltr'><strong>videbat,</strong></span> <span class='ocrx_word' id='word_1_672' title='bbox 3107 5391 3208 5446; x_wconf 87' lang='lat' dir='ltr'><strong>hoc</strong></span> <span class='ocrx_word' id='word_1_673' title='bbox 3239 5398 3343 5457; x_wconf 88' lang='lat' dir='ltr'><strong>est,</strong></span> <span class='ocrx_word' id='word_1_674' title='bbox 3395 5390 3613 5460; x_wconf 87' lang='lat' dir='ltr'><strong>quando</strong></span> <span class='ocrx_word' id='word_1_675' title='bbox 3659 5388 3786 5459; x_wconf 79' lang='lat' dir='ltr'><strong>quis</strong></span> 
     </span>
    </p>
   </div>
   <div class='ocr_carea' id='block_1_106' title="bbox 2205 5478 3786 5550">
    <p class='ocr_par' dir='ltr' id='par_1_106' title="bbox 2205 5478 3786 5550">
     <span class='ocr_line' id='line_1_106' title="bbox 2205 5478 3786 5550; baseline 0.001 -17"><span class='ocrx_word' id='word_1_676' title='bbox 2205 5479 2669 5535; x_wconf 87' lang='lat' dir='ltr'><strong>moriturientium</strong></span> <span class='ocrx_word' id='word_1_677' title='bbox 2749 5490 3064 5538; x_wconf 88' lang='lat' dir='ltr'><strong>sanctorum</strong></span> <span class='ocrx_word' id='word_1_678' title='bbox 3099 5517 3123 5546; x_wconf 80' lang='lat'><strong>,</strong></span> <span class='ocrx_word' id='word_1_679' title='bbox 3173 5480 3265 5550; x_wconf 92' lang='lat' dir='ltr'><strong>qui</strong></span> <span class='ocrx_word' id='word_1_680' title='bbox 3330 5479 3539 5549; x_wconf 87' lang='lat' dir='ltr'><strong>scipsos</strong></span> <span class='ocrx_word' id='word_1_681' title='bbox 3591 5478 3786 5549; x_wconf 87' lang='lat' dir='ltr'><strong>dignos</strong></span> 
     </span>
    </p>
   </div>
   <div class='ocr_carea' id='block_1_107' title="bbox 2202 5569 3785 5643">
    <p class='ocr_par' dir='ltr' id='par_1_107' title="bbox 2202 5569 3785 5643">
     <span class='ocr_line' id='line_1_107' title="bbox 2202 5569 3785 5643; baseline 0 -18"><span class='ocrx_word' id='word_1_682' title='bbox 2202 5570 2394 5626; x_wconf 81' lang='lat' dir='ltr'><strong>inferis</strong></span> <span class='ocrx_word' id='word_1_683' title='bbox 2435 5571 2766 5643; x_wconf 81' lang='lat' dir='ltr'><strong>judicarant,</strong></span> <span class='ocrx_word' id='word_1_684' title='bbox 2820 5586 3011 5630; x_wconf 83' lang='lat' dir='ltr'><strong>omnes</strong></span> <span class='ocrx_word' id='word_1_685' title='bbox 3074 5571 3315 5642; x_wconf 85' lang='lat' dir='ltr'><strong>reliquos</strong></span> <span class='ocrx_word' id='word_1_686' title='bbox 3360 5570 3499 5626; x_wconf 89' lang='lat' dir='ltr'><strong>lecto</strong></span> <span class='ocrx_word' id='word_1_687' title='bbox 3548 5569 3785 5625; x_wconf 88' lang='lat' dir='ltr'><strong>circum-</strong></span> 
     </span>
    </p>
   </div>
   <div class='ocr_carea' id='block_1_108' title="bbox 2893 5731 3781 5805">
    <p class='ocr_par' dir='ltr' id='par_1_108' title="bbox 2893 5731 3781 5805">
     <span class='ocr_line' id='line_1_108' title="bbox 2893 5731 3781 5805; baseline 0 -16"><span class='ocrx_word' id='word_1_688' title='bbox 2893 5733 3124 5805; x_wconf 72' lang='lat' dir='ltr'><strong>di-positi</strong></span> <span class='ocrx_word' id='word_1_689' title='bbox 3170 5732 3599 5792; x_wconf 83' lang='lat' dir='ltr'><strong>collocabantur.</strong></span> <span class='ocrx_word' id='word_1_690' title='bbox 3666 5731 3781 5789; x_wconf 84' lang='lat' dir='ltr'><strong>lloc</strong></span> 
     </span>
    </p>
   </div>
  </div>
