4110 6486
260 386 364 448 787

1533 387 1592 444 S.
1617 384 1938 444 JOANNIS
1976 379 2279 441 CLIMACI

3445 367 3554 430 788

263 505 417 560 fusos
479 504 639 577 136
693 518 746 561 et
809 515 952 561 totos
1012 507 1080 562 de
1153 522 1298 576 mgro
1373 508 1638 561 sollicitos
1696 508 1863 560 intrr-

1992 503 2151 566 ﬁdoou
2207 495 2396 561 αὐτοῦ,
2447 495 2567 548 τότε
2601 493 2915 562 ἐπέσκηπτε
2959 489 3039 559 τῷ
3097 487 3261 558 πατρὶ
3312 485 3487 538 siiter
3516 487 3552 540 ἃ

264 606 552 666 rogaturos
599 598 665 652 de
711 599 860 653 exitu
917 599 1062 656 illius
1118 598 1301 654 futuro
1336 619 1350 652 :
1387 611 1516 655 tunc
1563 601 1858 655 mandabat

271 690 405 756 patri
457 705 552 745 seu
604 690 819 760 praesidi
878 692 1061 746 dicere
1115 708 1238 762 qua:
1294 692 1534 748 volebat.

732 780 914 837 Isaaci
961 785 1328 853 interrogatio.

340 873 496 930 Unde
555 875 680 946 quis
728 886 1024 947 cognoscat
1093 892 1152 932 se
1225 878 1437 933 veniam
1513 889 1860 949 peccatorum

271 971 596 1040 impetrasse
616 970 640 1022 ?

896 1055 1183 1127 Responsio
1236 1059 1324 1113 15.

345 1150 576 1216 Quando
628 1149 861 1204 senserit
919 1149 974 1204 in
1027 1151 1212 1204 anima
1278 1165 1376 1204 sna
1428 1165 1488 1204 se
1547 1166 1612 1204 ex
1681 1152 1866 1204 animo

273 1240 512 1309 perfecte
578 1242 760 1296 odisse
829 1250 1072 1311 peccata.
1143 1240 1209 1296 Et
1252 1242 1475 1312 quando
1525 1243 1579 1297 in
1634 1243 1869 1299 manife~

275 1334 373 1391 stis
444 1335 582 1402 suis,
634 1334 912 1390 contrario
957 1334 1120 1390 modo
1179 1350 1344 1406 quam
1421 1345 1540 1390 erat
1605 1346 1750 1403 ante,
1812 1352 1871 1392 se

277 1427 508 1497 gesserit
565 1435 620 1482 et
705 1426 1074 1496 disposuerit;
1132 1436 1262 1483 tunc
1314 1429 1387 1483 ita
1452 1427 1680 1484 all‘ectus
1767 1429 1871 1485 sibi

276 1517 628 1587 persuadeat,
665 1533 725 1574 se
782 1533 813 1572 a
851 1516 962 1573 Deo
1008 1534 1232 1575 suorum
1278 1520 1602 1575 delictorum
1659 1521 1872 1576 veniam

277 1608 601 1678 impetrasse
629 1607 964 1662 conscientia
1024 1617 1290 1673 testante,
1342 1625 1505 1680 quam
1548 1610 1602 1663 in
1649 1625 1706 1665 se
1759 1611 1878 1680 ipso

279 1701 482 1763 habet,
555 1708 616 1753 ut
681 1713 901 1753 sacrum
974 1699 1224 1768 Apostoli
1308 1701 1591 1756 oraculum
1668 1702 1873 1757 docet:

281 1793 613 1847 Conscientia
671 1791 807 1844 bona
859 1791 976 1858 ipsa
1019 1791 1122 1845 sibi
1178 1792 1326 1844 testis
1375 1802 1450 1845 est
1483 1794 1528 1846 ³.

631 1884 883 1939 Scholion
942 1883 1102 1938 Isaia:
1152 1883 1357 1938 abbatis
1393 1884 1480 1938 14.

352 1976 535 2045 Quare
584 1978 703 2033 vae?
747 1977 886 2044 Quia
963 1977 1232 2047 ejusmodi
1292 1979 1458 2033 homo
1511 1979 1715 2034 nullam
1771 1993 1870 2048 po-

285 2080 390 2126 test
455 2081 663 2142 partem
727 2071 927 2141 quietis
984 2087 1180 2141 capere
1221 2071 1316 2141 qui
1387 2071 1439 2126 in
1491 2081 1634 2127 statu
1691 2073 1872 2141 pinni—

287 2163 468 2216 tentia:
509 2172 776 2227 versatur,
839 2179 960 2217 cum
1041 2171 1138 2217 aut
1191 2178 1421 2229 corpore
1480 2163 1531 2217 in
1600 2165 1871 2219 luxuriam

284 2254 576 2324 prolapsus
639 2255 733 2318 sit,
790 2263 886 2308 aut
956 2253 1161 2323 aliquid
1232 2252 1450 2308 furatus
1502 2254 1607 2320 sit,
1666 2265 1762 2310 aut
1819 2257 1872 2310 in

283 2344 394 2399 alio
439 2345 622 2414 aliquo
663 2354 886 2411 peccato
940 2342 1247 2406 oll'enderit,
1283 2352 1378 2398 aut
1435 2344 1685 2412 improbo
1713 2345 1875 2400 oculo

285 2451 411 2490 cum
479 2436 626 2490 malo
686 2433 883 2489 aﬂectu
939 2448 1140 2504 corpus
1187 2434 1414 2488 alterius
1470 2436 1877 2505 contemplatus

286 2527 382 2593 sit,
447 2537 542 2582 aut
598 2527 785 2581 furtim
819 2526 1047 2582 etclam
1103 2527 1311 2595 aliquid
1348 2527 1605 2596 gustarit.
1652 2527 1876 2582 interim

288 2618 802 2689 circumspiciendo,
855 2634 922 2671 an
983 2617 1052 2673 ab
1087 2618 1273 2688 aliquo
1323 2618 1600 2672 videretur
1679 2629 1772 2674 aut
1824 2621 1877 2674 in

1961 595 2244 652 ἐϐούλετο.

2317 775 2597 842 Σχόλιον,
2644 768 2850 824 Ἰσαὰκ
2890 763 3202 834 ἐρώτησις.

2037 867 2176 922 Πότε
2220 883 2305 929 τις
2358 863 2632 934 γνώσεται
2679 861 2765 914 ὃτι
2802 858 2958 928 ἔτυχε
3004 857 3104 926 τῆς
3154 851 3401 922 ἀφέσεως
3449 847 3562 903 τῶν

1965 964 2248 1035 ἁμαρτιῶν
2267 980 2283 1026 ;

2527 1069 2878 1136 Ἀπόκρισις
2917 1063 3000 1132 ιγ’.

2056 1163 2251 1217 Ἤνίκα
2284 1161 2350 1216 ἂν
2377 1159 2614 1231 αἱσθηθῇ
2646 1160 2704 1211 ἐν
2737 1160 2802 1227 τῇ
2833 1157 2978 1225 ψυχῇ
3007 1151 3194 1216 αὑτοῦ,
3229 1153 3311 1206 ὅτι
3338 1150 3562 1214 τελείως

1971 1254 2142 1316 αὐτάς
2173 1254 2486 1325 μεμίσηκεν
2525 1253 2590 1305 ἐκ
2624 1250 2872 1320 καρδίας,
2904 1247 2999 1299 καὶ
3029 1246 3154 1298 ὅταν
3178 1246 3236 1297 ἐν
3260 1247 3374 1305 τοῖς
3405 1257 3569 1310 φανε·

1986 1348 2097 1416 ροῖς
2129 1344 2294 1398 αὑτοῦ
2327 1342 2586 1404 ἐναντίως
2619 1336 2679 1394 οῦ
2707 1336 3002 1410 ἦν,διοικεῖ
3033 1334 3252 1388 ἐαυτόν-
3271 1335 3299 1384 ὁ
3322 1330 3566 1390 τοιοῦτος

1976 1437 2260 1503 πέποιθεν,
2295 1437 2378 1490 ὅτι
2406 1435 2675 1505 τετύχηκε
2705 1432 2816 1486 τῶν
2863 1427 3229 1498 πταισμάτων
3279 1423 3567 1493 συγχωρή-

1979 1546 2112 1592 σεως
2151 1500 2302 1598 παρὰ
2326 1500 2477 1579 Θεοῦ,
2490 1500 2681 1594 ἐκῄτῆς
2711 1521 3018 1594 μαρτυρίας
3053 1521 3152 1588 τῆς
3181 1516 3566 1586 συνειδήσεως,

1975 1623 2044 1693 ἣν
2075 1622 2132 1672 ἐν
2175 1619 2354 1688 ἐαυτῷ
2402 1619 2691 1686 ἐκτήσατο,
2727 1615 2866 1667 κατὰ
2904 1613 2966 1665 τὸ
3013 1611 3222 1680 φάσκον
3259 1609 3441 1675 λόγιον
3473 1605 3571 1658 τοῦ

1990 1711 2346 1766 ’Δποστόλουο
2370 1708 2729 1776 Συνείδησις
2755 1703 3148 1772 ἀκατάκριτος
3169 1698 3322 1766 αὑτὴ
3349 1695 3572 1761 ἑαυτῆς

1976 1804 2233 1873 μάρτυς.

2436 1891 2701 1960 Σχόλιον
2747 1886 2996 1940 Ἡσαΐου
3033 1883 3117 1939 ιδ’.

2049 1986 2202 2040 Διατί
2238 1984 2363 2041 οὐαί
2389 2002 2404 2052 ;
2437 1985 2584 2036 Διότι
2613 1982 2674 2034 οὐ
2702 1979 2924 2032 δύναται
2953 1979 2982 2030 ὁ
3015 1973 3255 2035 τοιοῦτος
3285 1969 3578 2038 ἄνθρωπος

1980 2077 2358 2149 ἀμεριμνῆσαι
2391 2073 2496 2127 ὑπὸ
2528 2072 2816 2145 μετανοίας
2841 2070 2936 2133 ὣν,
2967 2070 2999 2140 ἢ
3027 2066 3210 2120 πεσὼν
3231 2064 3308 2134 τῷ
3336 2062 3574 2132 σώματι,

1981 2171 2014 2241 ἦ
2047 2170 2270 2239 κλέψας,
2302 2169 2335 2239 ἢ
2377 2169 2436 2222 ἐν
2466 2185 2574 2220 τινι
2605 2165 2844 2226 πταίσας
2881 2161 2990 2214 τῶν
3027 2157 3231 2212 λοιπῶν
3265 2154 3576 2226 ἁμαρτιῶν,

1982 2261 2118 2332 ἢτῷ
2167 2259 2430 2332 ὀφθαλμῷ
2478 2260 2640 2329 σῶμα
2687 2254 2950 2327 ἐμπαθῶς
3001 2250 3360 2320 θεασάμενος,
3395 2246 3429 2316 ἢ
3484 2247 3581 2299 καὶ

1988 2352 2150 2421 μέχρι
2201 2351 2294 2404 τοῦ
2341 2350 2644 2418 γεύσασθαί
2676 2365 2820 2409 τινος
2850 2345 3026 2414 λάθρα
3079 2338 3582 2412 περιϐλεπτόμενος

1984 2441 2079 2493 τοῦ
2120 2443 2194 2512 μὴ
2245 2443 2510 2513 ὁραθῆναι
2562 2440 2668 2492 ὑπὸ
2718 2453 2899 2500 τινος’
2957 2435 2990 2506 ἢ
3043 2435 3228 2504 ἐτέρου
3280 2430 3466 2490 θέντος
3519 2427 3582 2479 τὸ

1990 2536 2336 2607 μηλωτάριον
2366 2532 2532 2587 αὐτοῦ
2566 2529 3096 2602 περιεργασάμενος,
3125 2527 3177 2579 τί
3207 2526 3342 2596 ἔχει.
3379 2523 3437 2576 Ὀ
3471 2520 3582 2591 γὰρ

1988 2625 2163 2678 ταῦτα
2195 2625 2365 2678 ποιῶν
2396 2625 2488 2678 τὸν
2536 2622 2740 2693 Ἰησοῦν
2773 2621 3007 2692 ὑϐρίζει.

288 2717 633 2772 melotarinm
722 2715 952 2784 (vestem
1017 2729 1085 2770 ex
1155 2714 1318 2770 ovilla
1381 2714 1521 2783 pelle
1585 2714 1914 2786 conlectam)
1991 2722 2061 2777 ab
2129 2723 2302 2777 altero
2375 2721 2680 2792 depositum
2741 2717 2956 2774 curiose
3032 2711 3370 2782 inquisierit,
3449 2706 3580 2776 quid

291 2806 508 2862 habeat.
559 2805 664 2871 Qui
721 2805 847 2859 talia
899 2807 1031 2876 agit,
1101 2805 1382 2859 Christum
1440 2803 1627 2860 Jesum
1686 2811 2014 2864 contumelia
2070 2813 2252 2868 allicit.

792 2897 1046 2966 Ejusdem
1099 2899 1162 2951 de
1218 2897 1420 2953 eodem.
1815 2971 1817 2974 ς

362 2990 465 3056 Qui
527 2989 696 3043 multa
770 2997 825 3044 et
894 3005 1089 3060 magna
1152 2991 1401 3062 prodigia
1476 2991 1641 3054 facit,
1707 3008 1884 3062 aegros

292 3091 469 3148 curat,
514 3088 568 3135 et
622 3082 771 3136 omni
811 3081 1038 3136 scientia
1089 3080 1282 3152 pollet,
1334 3093 1578 3137 mortuos
1632 3083 1683 3137 in
1719 3085 1884 3138 vitam

225 3165 230 3170 ’
294 3181 536 3238 revocat,
592 3183 646 3228 et
700 3172 831 3226 olim
893 3172 946 3226 in
996 3184 1280 3242 peccatum
1319 3175 1608 3245 prolapsus
1647 3176 1884 3241 est,l‘rui

292 3282 428 3336 pace
464 3265 633 3320 animi
700 3279 804 3318 non
838 3271 1055 3333 potest,
1105 3265 1233 3333 quia
1271 3265 1324 3318 in
1367 3275 1512 3320 statu
1560 3267 1890 3336 poenitentiae

295 3367 418 3420 est,
491 3365 766 3424 quatenus
819 3355 874 3408 in
930 3365 1150 3427 peccata
1215 3356 1505 3424 prolapsus
1568 3367 1670 3412 est.
1732 3359 1889 3425 Quod

299 3451 345 3506 si
394 3448 560 3503 etiam
616 3448 806 3502 multis
851 3462 910 3502 se
969 3447 1253 3503 laboribus
1300 3446 1528 3518 fatiget,
1593 3459 1649 3502 et
1695 3450 1892 3504 viderit

298 3539 523 3594 interim
583 3537 896 3608 quempiam
947 3537 1096 3590 omni
1153 3552 1352 3607 genere
1413 3547 1764 3608 peccatorum
1809 3541 1897 3594 in-

298 3631 608 3701 quinatum,
669 3630 823 3685 suive
867 3630 1226 3699 negligentem
1257 3672 1272 3697 ,
1323 3639 1380 3685 et
1439 3630 1590 3686 illum
1645 3641 1894 3688 eontem-

299 3724 492 3794 pserit,
542 3721 746 3776 frustra
784 3729 887 3784 est,
936 3737 1039 3777 nec
1070 3737 1167 3776 sua
1206 3725 1523 3793 paenitentia
1557 3725 1726 3780 hilum
1762 3741 1894 3796 pro-

301 3816 447 3881 ﬁcit,
505 3815 651 3886 quod
683 3815 982 3884 iudicando
1035 3815 1340 3869 membrum
1372 3815 1572 3871 Christi
1611 3817 1895 3888 abiecerit,

305 3916 360 3964 et
414 3923 524 3962 non
551 3907 655 3977 ipsi
699 3905 812 3961 Deo
857 3906 1026 3976 jndici
1087 3905 1354 3974 judicium
1423 3909 1751 3977 permiserit.

949 4000 1200 4054 Scholion
1231 4000 1319 4054 15.

374 4091 441 4147 Ei
507 4100 656 4154 sunt,
708 4092 802 4162 qui
849 4093 1047 4148 lateres
1095 4107 1263 4162 supra
1295 4092 1504 4162 lapides
1559 4094 1900 4165 adiﬁcarunt

306 4183 426 4238 sine
481 4192 764 4246 caemento,
818 4184 932 4239 sive
990 4184 1084 4253 qui
1164 4198 1234 4238 ex
1280 4183 1573 4240 virtutibus
1651 4185 1705 4239 in
1767 4185 1899 4239 vitia

309 4276 548 4345 prolapsi
604 4285 753 4330 sunt.

896 4367 1147 4423 Scholion
1208 4369 1294 4424 l6.

383 4460 522 4526 Quis
556 4476 644 4515 me
681 4470 864 4530 ponat,
921 4461 1119 4530 inquit,
1165 4461 1280 4516 sive
1326 4461 1563 4517 deducat
1614 4462 1667 4515 in
1711 4461 1902 4516 orbem

315 4553 526 4606 dierum
578 4553 833 4614 illorum,
897 4553 950 4606 in
1007 4552 1210 4622 quibus
1245 4568 1331 4607 me
1384 4552 1530 4608 Deus
1587 4555 1906 4620 custodivit,

315 4647 536 4713 quando
622 4643 879 4698 mandata
959 4644 1080 4714 ejus
1157 4645 1553 4712 custodiebam,
1623 4645 1778 4716 137
1853 4654 1908 4700 et

313 4734 535 4804 quando
603 4743 837 4789 mentem
881 4737 1078 4790 animae
1128 4752 1261 4792 meae
1323 4738 1631 4793 illustrahat
1666 4737 1800 4807 (a)?

929 4827 1180 4884 Scholion
1217 4830 1304 4886 l7.

384 4919 682 4989 Exigamus
747 4919 915 4974 vitam
980 4931 1222 4978 nostram
1301 4921 1367 4976 ad
1444 4922 1590 4992 leges
1666 4923 1903 4992 pietatis,

315 5026 383 5064 nc
429 5010 484 5064 in
543 5009 674 5064 vitia
730 5012 1089 5067 trausversim
1130 5013 1240 5068 acti
1295 5029 1390 5083 spe
1440 5013 1782 5068 cxcidamus.

951 5193 1206 5249 Scholion
1243 5193 1325 5248 I8.

387 5283 490 5350 Qui
548 5301 612 5339 ex
676 5286 874 5341 liducia
929 5302 1057 5356 erga
1119 5286 1435 5356 religiosum
1486 5297 1758 5356 pastorem
1815 5304 1909 5342 su-

317 5393 431 5438 um,
479 5389 532 5432 et.
574 5380 862 5444 charitate,
915 5389 969 5434 et
1025 5379 1198 5448 ipsius
1247 5379 1531 5434 voluntate
1586 5382 1814 5436 virtutes
1837 5381 1911 5434 si-

318 5470 369 5521 hi
414 5479 760 5539 pepererunt,
798 5471 848 5524 hi
891 5479 1022 5526 sunt
1050 5471 1146 5540 qui
1193 5486 1359 5541 supra
1411 5471 1640 5526 solidam
1705 5482 1907 5527 terram

318 5562 600 5617 co!umnas
663 5571 718 5617 et
764 5561 1086 5618 modestiam
1145 5563 1313 5617 animi
1373 5563 1734 5618 collocarunt.

394 5681 416 5710 °
457 5677 643 5732 lTim.
673 5697 710 5746 ι,
751 5681 840 5736 19.

2395 2905 2504 2959 Τοῦ
2543 2904 2730 2959 αὑτοῦ
2765 2905 2855 2968 εἰς
2893 2901 2962 2954 τὸ
3005 2899 3173 2954 αὐτό.

2071 2999 2197 3053 Ἐὰν
2218 2999 2314 3054 ἄνθ
2323 3016 2504 3070 ρωπος
2526 2998 2786 3068 δυνάμεις
2815 2996 2943 3064 ποιῇ
2976 2991 3176 3054 πολλὰς
3199 2988 3292 3044 καὶ
3315 2987 3581 3058 μεγάλας,

1989 3090 2082 3143 καὶ
2120 3089 2313 3153 ἰάσεις,
2367 3089 2464 3142 καὶ
2511 3089 2626 3157 ἔχει
2680 3090 2862 3140 πᾶσαν
2902 3084 3124 3152 γνῶσιν,
3160 3081 3254 3135 καὶ
3299 3080 3584 3151 ἀναστήσῃ

1989 3183 2237 3251 νεκροὺς,
2275 3181 2360 3250 ἐφ’
2395 3181 2516 3234 ὅσον
2551 3181 2746 3233 ἔπεσεν
2779 3179 2860 3239 είς
2900 3173 3199 3244 ἁμαρτίαν,
3249 3173 3310 3225 οὐ
3358 3170 3583 3223 δύναται

1991 3275 2391 3345 ἀμεριμνῆσαι,
2424 3275 2505 3327 ὅτι
2541 3273 2648 3326 ὑπὸ
2685 3270 2974 3342 μετανοίας
3006 3267 3172 3320 ἐστίν.
3205 3266 3269 3318 Εἰ
3318 3264 3373 3316 δέ
3410 3265 3501 3317 καὶ
3527 3263 3587 3314 ἐν

1993 3365 2210 3428 πολλοῖς
2268 3367 2478 3429 κόποις,
2531 3365 2626 3417 καὶ.
2675 3363 2759 3434 ἴδῃ
2817 3360 2938 3414 τινὰ
2978 3362 3034 3413 ἐν
3073 3359 3223 3430 πάσῃ
3271 3354 3584 3425 ἀμαρτίᾳῆ

1993 3459 2223 3530 ἀμελείᾳ
2256 3457 2406 3524 ὄντα,
2441 3459 2534 3511 καὶ
2565 3454 2896 3526 ἐξουδενώσῃ
2930 3452 3111 3516 αὐτὸν,
3151 3453 3230 3514 είς
3263 3450 3438 3519 μάτην
3471 3448 3589 3500 ἐστὶ

1995 3552 2147 3604 πᾶσα
2176 3555 2208 3621 ἡ
2247 3551 2507 3621 μετάνοια
2531 3550 2718 3612 αὑτοῦ,
2741 3551 2822 3603 ὅτι
2849 3546 3119 3618 ἀπέρριψε
3155 3544 3316 3614 μέλος
3351 3540 3588 3614 Χριστοῦ

1997 3644 2199 3714 κρίνων
2257 3643 2410 3709 αὐτὸ,
2460 3644 2556 3696 καὶ
2604 3643 2677 3714 μὴ
2732 3644 2897 3704 ἐάσας
2951 3640 3010 3692 τὸ
3068 3641 3242 3709 κρῖμα
3293 3636 3370 3706 τῷ
3429 3636 3589 3706 κριτῇ

1999 3733 2138 3787 Θεῶ.

2606 3993 2866 4061 Σχό.ίιον
2906 4008 2953 4044 ιε
2969 3998 3007 4046 ’.

2077 4081 2236 4140 Οὗτοί
2287 4087 2426 4138 εἰσιν
2477 4085 2526 4138 οἱ
2581 4085 2767 4138 ἐπάνω
2795 4084 2958 4137 λίθων
3003 4081 3260 4144 πλίνθους
3301 4079 3594 4150 οἰκοδομή-

2008 4195 2219 4242 σαντες,
2260 4176 2428 4248 ἧγουν
2476 4177 2526 4230 οἱ
2558 4178 2617 4242 ἐξ
2649 4176 2860 4248 ἀρετῶν
2894 4173 3031 4247 πρὸς
3060 4174 3130 4228 τὰ
3177 4172 3324 4243 πάθη
3375 4187 3596 4225 πεπτω-

1932 4266 1978 4321 1)
2008 4271 2184 4333 κότες.

2606 4364 2652 4415 Σ
2655 4362 2865 4430 χόλων
2905 4366 3002 4425 ις’.

2081 4461 2179 4524 Τίς
2212 4476 2278 4530 με
2307 4457 2484 4529 θήσει,
2526 4455 2680 4524 φησὶ,
2707 4456 2801 4506 καὶ
2831 4451 3056 4518 κατάξει
3105 4451 3186 4514 είς
3213 4450 3312 4520 τὴν
3353 4447 3600 4519 περίοδον

2007 4553 2116 4606 τῶν
2149 4549 2374 4624 ἡμερῶν
2423 4549 2668 4614 ἐκείνων,
2702 4550 2760 4600 ἐν
2794 4541 2880 4609 αἷς
2929 4563 2994 4616 με
3039 4546 3068 4598 ὁ
3101 4542 3232 4607 Θεὸς
3280 4541 3597 4612 ἐφύλαττεν,

2008 4646 2097 4698 ὅτε
2129 4645 2232 4707 τὰς
2281 4643 2449 4696 αὑτοῦ
2504 4640 2724 4703 ἐντολὰς
2764 4640 3015 4709 ἐτήρουν,
3066 4636 3162 4689 καὶ
3208 4633 3298 4688 τὸν
3349 4632 3474 4687 νοῦν
3504 4631 3602 4702 τῆς

2009 4738 2148 4807 ὲμῆς
2178 4735 2358 4806 ψυχῆς
2398 4733 2697 4804 ὲφὼτιζενς
2797 4769 2800 4771 .

2612 4827 2660 4877 Σ
2662 4825 2873 4891 χόλων
2912 4821 3000 4885 ιζ’.

2097 4917 2222 4971 Ῥυο
2235 4917 2496 4988 μήσωμεν
2527 4917 2755 4977 ἑαυτοὺς
2783 4917 2896 4979 τοῖς
2929 4913 3118 4966 κανόσι
3147 4911 3250 4980 τῆς
3296 4907 3600 4972 εὐσεϐείας,

2018 5012 2105 5065 ἵνα
2141 5011 2216 5082 μὴ
2243 5011 2324 5073 εἰς
2356 5007 2500 5078 πάθη
2540 5007 2995 5080 Μρατραπὲντες
3027 5004 3355 5074 ἐκπέσωμεν
3387 5002 3490 5071 τῆς
3521 5000 3607 5054 ἐλ-

2017 5107 2187 5168 πίδος.

2179 5257 2186 5264 ι
2614 5201 2660 5252 Σ
2662 5195 2875 5266 χόλιον
2911 5197 3017 5265 ιη’.

2093 5289 2159 5342 Οἱ
2193 5289 2303 5342 ἀπὸ
2349 5288 2450 5357 τῆς
2492 5287 2627 5357 πρὸς
2659 5290 2751 5340 τὸν
2781 5285 3016 5353 ποιμένα
3045 5281 3306 5343 πίστεως,
3343 5277 3438 5330 καὶ
3471 5273 3608 5343 ἀγά-

2022 5399 2150 5451 πης,
2200 5380 2293 5433 καὶ
2322 5379 2414 5432 τοῦ
2443 5379 2608 5434 αὑτοῦ
2639 5379 2942 5450 θελήματος
2970 5374 3068 5437 τὰς
3097 5371 3298 5443 ἀρετὰς
3329 5368 3609 5440 κτησάμε-

2019 5493 2099 5527 νοι
2121 5513 2134 5533 ,
2169 5466 2314 5525 οῦτοι
2343 5475 2481 5525 εἰσιν
2511 5474 2561 5526 οἱ
2596 5472 2782 5525 ἐπάνω
2814 5471 2917 5540 γῆς
2945 5468 3174 5529 στύλους
3213 5461 3609 5535 ἐδραιώσαντες

2021 5567 2116 5620 τοῦ
2150 5568 2407 5621 ταπεινοῦ
2441 5567 2622 5620 αὐτῶν
2652 5567 3023 5638 φρονήματος.

396 5793 473 5871 (q)
507 5793 692 5871 {Quis
723 5797 862 5871 mihi
890 5798 1093 5853 tribuat
1133 5809 1189 5854 ut
1259 5801 1360 5856 sim
1423 5802 1577 5870 juxta
1648 5813 1865 5852 menses

1995 5803 2204 5864 istinos.
2264 5802 2566 5857 secundum
2631 5802 2746 5854 (“2‘5
2809 5800 3007 5869 quibus
3072 5801 3210 5852 Deus
3261 5790 3604 5850 custodiebat

326 5876 413 5918 me
433 5865 482 5918 τ»
516 5863 637 5936 (Job
660 5882 809 5931 χχιχ,
839 5869 898 5936 ‘2)
