4110 6438
425 398 537 466 789

958 579 964 585 .
1030 508 1290 579 Σχόλιον
1332 505 1420 577 ιθ¹.

497 604 671 659 Ὅταν
702 600 992 674 ἄνθρωπος
1033 596 1387 672 μνημονεύσῃ
1432 596 1541 653 τῶν
1587 593 1823 669 πρώτων
1856 592 2022 648 αὐτοῦ

423 693 739 769 ἁμαρτιῶν,
767 693 864 747 καὶ
898 692 1104 764 κολάσῃ
1132 691 1346 757 ἑαυτὸν,
1365 690 1488 744 τότε
1516 689 1612 744 καὶ
1639 691 1669 743 ὁ
1697 686 1832 750 Θεὸς
1860 702 2025 756 φρον-

420 789 550 843 τίδα
582 787 820 840 ποιεῖται
860 784 1180 839 ἀναπαῦσαι
1208 782 1395 837 αὐτόν.
1432 780 1579 836 Διότι
1604 780 1787 851 χαίρει
1812 778 1842 830 ὁ
1869 777 2022 841 Θεὸς,

419 882 510 937 ὅτι
540 877 722 949 ἐαυτῷ
746 876 812 931 τὸ
844 875 1120 947 ἐπιτίμιον
1147 874 1379 929 δέδωκεν
1410 872 1573 936 αὐτὸς
1600 871 1689 926 διὰ
1717 871 1819 942 τὴν
1849 868 2027 941 παρά-

419 973 591 1026 ϐασιν
641 969 745 1039 τῆς
781 966 903 1022 ὁδοῦ
944 966 1040 1020 τοῦ
1083 964 1253 1019 Θεοῦο
1300 965 1438 1035 ὅπερ
1490 962 1713 1036 σημεῖόν
1766 964 1883 1016 ἐστι
1924 961 2025 1031 τῆς

420 1063 550 1119 ὀδοῦ
578 1062 678 1132 τῆς
710 1059 1024 1132 μετανοίας,
1055 1058 1150 1112 καὶ
1194 1057 1319 1113 ὅσον
1352 1056 1519 1121 αὐτὸς
1565 1054 1738 1110 πολλὰ
1777 1054 2024 1125 βιάσεται

421 1155 529 1227 τὴν
547 1152 730 1225 ψυχὴν
762 1149 953 1217 αὑτοῦ,
974 1148 1230 1205 τοσοῦτον
1257 1148 1593 1218 πληθύνεται
1613 1149 1678 1202 ὲκ
1700 1146 1796 1202 τοῦ
1825 1145 1962 1200 Θεοῦ
1988 1147 2023 1216 ἡ

422 1246 564 1318 τιμὴ
590 1240 785 1300 αὐτοῦ.

1038 1422 1304 1476 Σγόλιον
1351 1429 1421 1475 κ’.

1038 1440 1084 1476 1.;
1129 1440 1304 1476 ονιιον
1351 1440 1421 1475 κ’.

512 1514 770 1587 Ἑϐδόμη,
793 1517 829 1587 ὴ
860 1440 1126 1586 παροῦσέ
1138 1512 1274 1587 ζωὴ,
1301 1512 1522 1585 δουλικὴ
1550 1512 1628 1577 δὲ,
1652 1511 1728 1575 ὡς
1754 1514 1823 1583 τῇ
1849 1509 2028 1582 φθορᾷ

424 1605 792 1683 δουλευούσης
846 1608 946 1677 τῆς
992 1606 1262 1670 κτίσεως⁶
1322 1605 1481 1678 ὀγδόη
1527 1606 1556 1658 ὁ
1608 1603 1818 1676 μέλλων
1866 1601 2021 1670 αίὼν,

430 1698 554 1753 καθ’
580 1698 641 1753 ὃν
676 1699 778 1769 τῆς
808 1698 867 1752 ἐν
894 1696 1071 1769 φθορᾷ
1093 1697 1342 1763 δουλείας
1369 1694 1820 1767 ἐλευθερούμεθα.

1119 1965 1331 2019 Ἀλλο.

519 2055 786 2128 Ἔθδόμην
846 2055 1100 2129 δουλικὴν
1145 2057 1244 2127 τὴν
1312 2054 1598 2127 παροῦσαν
1656 2055 1804 2125 λέγει
1850 2054 2016 2125 ζωὴν,

444 2148 731 2221 ἐλευθέραν
755 2149 808 2203 δὲ
835 2147 934 2220 τὴν
963 2149 1264 2220 μέλλουσαν
1285 2164 1300 2180 ο
1323 2147 1413 2202 διὰ
1444 2148 1553 2202 τῶν
1582 2149 1722 2202 ἑπτὰ
1743 2148 1853 2220 γὰρ
1881 2148 2012 2219 ἡμε-

443 2234 556 2308 ρῶν
586 2237 677 2290 τοῦ
712 2237 972 2309 παρόντος
1007 2237 1148 2307 βίου,
1178 2237 1288 2292 τῶν
1318 2239 1377 2293 ἐν
1422 2238 1573 2310 αὐτῷ
1610 2237 2019 2307 συμϐαινόντων

438 2329 767 2400 σφαλμάτων
817 2330 918 2404 τὴν
967 2329 1392 2403 δουλοπρέπειαν
1447 2329 1908 2401 ἐκτιναξάμενος,
1951 2330 2018 2398 τῇ

431 2420 594 2494 ὀγδόῃ
621 2421 759 2494 πρὸς
786 2422 935 2494 ζωὴν
963 2421 1257 2495 ἐλευθέραν
1291 2421 1581 2494 μετῆλθεν.

1018 2600 1282 2668 Σχόλιον
1323 2606 1431 2656 κα’.

502 2687 653 2760 ⁴Αὕτη
687 2689 837 2743 ἐστὶν
871 2691 905 2761 ἠ
935 2690 1152 2762 ἀνδρία,
1180 2689 1243 2743 τὸ
1280 2690 1757 2761 ἀνταγωνίσασθαι
1801 2695 1896 2749 τὸν
1928 2693 2024 2749 ἆν-

425 2780 652 2852 Θρωπον
680 2781 806 2845 ταῖς
849 2780 1146 2853 προτέραις
1186 2780 1351 2835 αὑτοῦ
1401 2782 1720 2853 ἁμαρτίαις,
1763 2783 1904 2855 ὑπὲρ
1947 2779 2024 2840 ὧν

427 2874 532 2926 καὶ
563 2871 872 2944 παρακαλεῖ
917 2874 1359 2946 συγχωρηθῆναι,
1397 2875 1473 2947 μὴ
1520 2877 1683 2931 πάλιν
1732 2878 2022 2949 πεισθῆναι

427 2965 646 3031 αὑταῖς,
686 2965 797 3019 εἴτε
840 2967 901 3019 ἐν
940 2968 1007 3039 τῇ
1054 2965 1255 3040 καρδίᾳ
1305 2968 1489 3035 αὐτοῦ,
1524 2969 1635 3023 εῐτε
1670 2970 1731 3024 ὲν
1764 2970 2021 3041 πράξεσι,

430 3055 551 3110 εἴτε
577 3057 632 3111 ἐν
659 3055 969 3128 αἰσθήσεσι.
1850 3049 1852 3053 ’

1122 3236 1335 3291 Ἄλλο.

518 3324 737 3397 Ἀνδρία
764 3324 995 3397 καρδίας
1021 3325 1246 3399 βοήθειά
1272 3328 1390 3382 ἐστι
1412 3331 1478 3401 τῇ
1509 3328 1655 3404 ψυχῇ
1690 3332 1836 3401 μετὰ
1870 3332 2025 3400 Θεὸν,

430 3413 625 3490 ὥσπερ
651 3420 685 3490 ἡ
717 3417 918 3490 ἁκηδία
943 3417 1168 3490 βοήθειά
1194 3421 1313 3474 ἐστι
1355 3421 1456 3493 τῆς
1487 3424 1706 3488 κακίας.

1128 3599 1334 3658 Ἄλλο.

517 3687 734 3758 ’Δγάπη
763 3689 797 3760 ἠ
827 3689 911 3753 είς
935 3687 1088 3755 Θεὸν,
1132 3692 1387 3749 ἐκδιώκει
1414 3695 1513 3769 τὴν
1553 3698 1816 3770 ἀμέλειαν
1837 3718 1850 3731 ο
1885 3704 1919 3773 ὴ
1968 3701 2026 3755 δὲ

430 3780 639 3852 ἀφοδία
683 3782 894 3865 ἐγείρει
923 3784 1113 3856 αὐτήν.

899 3963 1161 4032 Σχόλιον
1207 3964 1414 4020 Ἰσαὰκ
1448 3965 1555 4036 κβ’.

516 4050 677 4104 Ἔστι
722 4053 1048 4119 ταπείνωσις
1097 4056 1165 4109 ἐκ
1213 4055 1372 4122 Θεοῦ,
1406 4058 1503 4112 καὶ
1547 4058 1697 4115 ἔστιν
1737 4065 1767 4119 ὁ
1803 4063 1897 4118 διὰ
1935 4065 2049 4119 τὸνι

447 4140 614 4210 φόϐον
643 4141 737 4197 τοῦ
760 4140 894 4198 Θεοῦ
921 4146 1350 4219 ταπεινούμενος
1369 4190 1386 4216 ,
1431 4151 1527 4205 καὶ
1555 4151 1671 4206 ἐστι
1698 4154 2027 4221 ταπείνωσις

444 4232 512 4286 ἐκ
537 4232 633 4287 τοῦ
680 4234 846 4289 πόθου
874 4234 971 4289 τοῦ
1006 4235 1143 4292 Θεοῦ
1164 4253 1178 4268 ·
1211 4239 1307 4294 καὶ
1335 4239 1532 4312 ἐκείνῳ
1563 4241 1663 4313 μὲν
1693 4242 1770 4313 τῷ
1803 4244 1891 4300 διὰ
1936 4247 2027 4301 τὸν

443 4322 607 4391 φόϐον
648 4324 742 4379 τοῦ
791 4325 929 4380 Θεοῦ
971 4329 1384 4401 ταπεινουμένῳ
1420 4331 1706 4387 ἀκολουθεῖ
1754 4336 2028 4392 ἐπιείκεια

437 4412 551 4467 τῶν
582 4414 763 4487 μελῶν
816 4418 956 4489 μετὰ
1001 4419 1284 4475 εὐτάκτων
1316 4422 1647 4495 αίσθήσεων,
1694 4427 1787 4481 καὶ
1829 4429 2028 4500 καρδία

441 4508 878 4602 συντετριμμένη
906 4510 965 4563 ἐν
990 4512 1155 4565 παντὶ
1176 4512 1382 4585 καιριῖν
1416 4512 1496 4585 τῷ
1533 4514 1589 4569 δὲ
1611 4515 1699 4570 διὰ
1729 4517 1829 4590 τὴν
1850 4522 2027 4591 χαρὰν
2058 4547 2102 4602 D

437 4599 856 4672 ταπεινωμένῳ,
884 4602 1169 4658 ἀκολουθεῖ
1199 4604 1442 4679 ἁπλότης
1468 4606 1661 4679 πολλὴ,
1707 4611 1803 4666 καὶ
1830 4614 2028 4686 καρδία

439 4688 746 4763 αὐξάνουσα
773 4693 871 4749 καὶ
915 4694 1249 4770 ἀκράτητσς.

1036 4870 1298 4939 Σκόαιιονν
1322 4880 1431 4941 κγ’.

518 4953 719 5026 Ἔργον
759 4956 1148 5025 ταπεινώσειὶκς
1192 4962 1380 5032 ἐστιν’,
1444 4965 1567 5035 ίνα,
1611 4969 1711 5024 ἐάν
1748 4987 1833 5036 τις
1886 4973 2033 5043 ἡμᾶς

438 5044 804 5120 meum...
834 5048 870 5121 ἢ
902 5049 1097 5124 διώκῃ,
1144 5053 1363 5127 ἔχωμεν
1399 5060 1657 5131 φρόνημα
1690 5060 1806 5116 ἴσον
1850 5064 2039 5134 κυνὸς,

431 5138 505 5202 ὃς
530 5139 660 5194 ὅταν
685 5141 975 5213 διώκηται,
1001 5144 1279 5219 ἀναχωρεῖ
1295 5164 1308 5179 ⁸
1331 5149 1465 5205 ὅταν
1490 5151 1547 5206 δέ
1571 5154 1841 5221 καλεῖται,
1870 5156 2029 5229 ἔρχε-

434 5248 559 5293 ται,
589 5231 805 5303 ἔχοντες
835 5238 894 5289 ἐν
935 5239 1002 5307 τῇ
1040 5238 1239 5310 καρδίᾳ
1268 5236 1352 5294 ὃτι
1392 5242 1493 5296 οὐκ
1524 5244 1691 5315 ἐσμὲν
1724 5244 1863 5313 ἄξιοι
1895 5248 2035 5307 μετὰ

438 5322 629 5378 ,αὐτῶν
653 5323 815 5383 εῖναι.
1900 5316 1903 5321 ’

521 5504 701 5578 Nicias,
722 5507 940 5578 ἁδιλφέ,
954 5508 1168 5580 πρὸς-τὸ
1188 5510 1409 5583 πνεῦμα
1428 5512 1490 5567 τὸ
1512 5513 1679 5586 φέρον
1694 5515 1870 5587 λύπην
1885 5518 1946 5572 ἐν
1959 5518 2038 5590 τῷ

443 5597 761 5672 ἀνθρώπιν’
797 5600 969 5656 πολλὰ
1000 5598 1111 5673 γὰρ
1159 5602 1231 5665 τὰ
1271 5601 1593 5675 θηρεύματα
1627 5607 1816 5672 αὐτοῦ,
1837 5609 1944 5673 ἕως
1973 5602 2037 5665 οὗ

444 5690 723 5762 ἁδύναμόν
752 5708 813 5744 σε
836 5692 1041 5763 ποιήσῃ
1084 5707 1103 5721 ο
1126 5693 1161 5759 ἡ
1191 5692 1301 5763 γὰρ
1354 5692 1495 5745 κατὰ
1546 5693 1683 5747 Θεὸν
1710 5693 1857 5767 λύπη
1895 5700 2038 5770 χαρά

450 5785 622 5851 ἐστιν,
667 5785 726 5837 ἐν
754 5783 831 5855 τῷ
857 5783 1086 5856 ὁρᾶσθαι
1121 5784 1346 5839 σεαυτὸν
1374 5784 1661 5855 ἱστάμενον
1684 5788 1742 5840 ἐν
1772 5787 1849 5858 τῷ
1879 5788 2039 5861 θελή-

1450 388 1684 450 SCALA
1730 382 2111 446 PARADISI.
2154 406 2225 418 -~
2265 377 2577 440 GRADUS
2609 379 2677 440 V.

2059 500 2111 557 Α

3603 372 3713 433 790

2753 487 3000 545 Scholion
3034 490 3119 546 i9.

2198 583 2426 653 Quando
2494 580 2659 640 homo
2712 584 2900 638 omnia
2964 591 3184 652 peccata
3255 595 3350 635 sua
3410 581 3588 650 priora
3654 582 3713 637 in

2126 676 2447 731 memoriam
2501 683 2743 743 revocat,
2815 683 2870 729 ct
2928 675 3043 744 ipse
3102 675 3342 742 scipsum
3397 672 3628 743 castigat
3661 683 3712 728 et

2126 768 2304 836 punit,
2350 776 2479 820 tunc
2530 764 2675 822 Deus
2734 781 2921 821 curam
2983 765 3129 820 illius
3208 764 3365 835 gerit,
3418 772 3473 819 et
3541 764 3714 834 ipsius

2129 858 2525 914 conscientiam
2560 866 2808 928 pacatam
2838 856 3033 912 reddit.
3085 855 3299 911 Gaudet
3339 856 3484 910 enim
3515 854 3711 910 volun-

2126 949 2250 1004 tarii
2324 948 2628 1018 peccatoris
2701 961 2893 1017 poena,
2963 945 3182 1015 quando
3243 944 3429 1010 dolet,
3489 944 3635 1014 quod
3681 959 3712 998 a

2125 1038 2221 1094 Dei
2275 1039 2363 1094 via
2423 1036 2731 1103 recesserit,
2787 1037 3095 1106 limitesque
3139 1034 3315 1107 legum
3358 1035 3699 1090 transilierit.

2128 1131 2287 1199 Quod
2361 1130 2576 1201 signum
2616 1138 2703 1184 est
2760 1129 3022 1183 transitus
3079 1128 3146 1182 ad
3173 1195 3175 1197 ι
3206 1127 3580 1196 paenitentiam
3616 1135 3714 1181 :et

2126 1231 2334 1292 quanto
2368 1220 2546 1291 magis
2585 1222 2823 1274 animam
2872 1218 3120 1273 amiserit
3161 1232 3339 1282 suam,
3363 1225 3511 1272 tanto
3537 1218 3713 1272 honor

2129 1312 2206 1366 illi
2244 1310 2478 1381 amplior
2526 1308 2735 1364 accedit
2788 1316 2841 1361 et
2891 1312 3120 1376 augetur
3151 1319 3181 1359 a
3226 1304 3356 1361 Deo.

2736 1396 2989 1451 Scholion
3033 1394 3125 1449 20.

2195 1496 2414 1567 Septem
2474 1493 2831 1551 hebdomadis
2881 1493 2997 1548 dies
3069 1489 3356 1562 praesentis
3409 1489 3537 1543 vitm
3599 1499 3713 1541 sta-

2123 1598 2240 1644 tum
2298 1588 2649 1658 Signiﬁcant,
2698 1586 2948 1642 servilem
3008 1598 3241 1654 nempe,
3295 1580 3439 1652 quod
3495 1578 3713 1635 condita

2124 1688 2323 1735 natura
2402 1680 2643 1745 serviat,
2720 1688 2774 1734 et
2857 1676 3105 1746 subjecta
3181 1675 3253 1730 sit
3331 1671 3710 1741 corruptioni;

2127 1780 2325 1827 octava
2381 1770 2501 1826 dies
2559 1770 2805 1826 futurum
2865 1768 3124 1825 saeculum
3181 1765 3423 1837 respicit,
3483 1777 3594 1833 quo
3645 1763 3715 1815 ab

2049 1844 2091 1898 Β
2127 1860 2412 1917 servitutis
2456 1861 2811 1932 corruptione
2850 1859 3230 1915 liberabimur.

2823 1951 3008 2006 Aliud.

2199 2043 2417 2116 Septem
2473 2045 2592 2101 dies
2643 2042 2870 2099 serviles
2928 2048 3253 2112 praesentem
3312 2040 3479 2096 vitam
3530 2039 3716 2110 appel-

2126 2133 2222 2197 lat,
2278 2133 2505 2188 liberam
2555 2142 2737 2188 autem
2785 2146 2909 2201 quae
2964 2131 3213 2201 sequitur
3267 2133 3451 2186 l’utura
3502 2129 3715 2201 (octava

2127 2223 2404 2295 inquam);
2432 2225 2525 2295 qui
2565 2225 2709 2279 enim
2749 2238 2840 2293 per
2880 2233 3084 2291 septem
3140 2221 3259 2277 dies
3303 2222 3587 2291 praesentis
3626 2222 3708 2275 vi-

2128 2323 2232 2381 tae,
2294 2329 2645 2385 peccatorum
2711 2330 2904 2385 nempe
2934 2356 2949 2378 ,
3018 2330 3140 2386 qua:
3207 2315 3263 2369 in
3329 2315 3419 2369 illa
3469 2313 3716 2369 accidere

2128 2406 2324 2473 solent,
2384 2408 2703 2464 servitutem
2756 2407 2992 2462 debitam
3059 2406 3340 2469 excussit,
3396 2414 3589 2459 octava
3646 2405 3715 2459 ad

2129 2502 2436 2560 libertatem
2497 2503 2623 2558 vita:
2676 2502 2887 2559 transit.

2800 2592 3049 2648 Scholion
3081 2593 3175 2648 21.

2202 2679 2333 2737 “eo
2379 2688 2466 2737 est
2517 2679 2781 2736 fortitudo
2828 2689 2887 2735 ut
2948 2680 3114 2735 homo
3163 2679 3401 2734 luctetur
3453 2677 3717 2733 adversus

2130 2775 2317 2844 priora
2364 2783 2609 2845 peccata,
2639 2788 2739 2842 pro
2776 2771 2977 2842 quibus
3012 2770 3241 2842 supplex
3297 2778 3454 2842 mgat
3517 2768 3716 2833 Deum,

2130 2872 2192 2920 ut
2247 2864 2337 2919 illa
2400 2865 2505 2919 sibi
2556 2864 2844 2933 ignoscat,
2897 2863 3027 2917 totis
3087 2862 3296 2917 viribus
3353 2868 3608 2931 precatus
3650 2874 3720 2915 ne

2129 2953 2389 3023 deinceps
2441 2952 2553 3009 illis
2610 2954 2918 3009 consentiat
2966 2954 3081 3009 sive
3139 2953 3195 3007 in
3233 2952 3417 3019 corde,
3478 2951 3594 3007 sive
3625 2966 3721 3005 co-

2130 3042 2433 3114 gitatione,
2512 3043 2629 3097 sive
2712 3041 2928 3097 actione
3001 3056 3097 3095 seu
3167 3054 3360 3110 opere,
3427 3038 3543 3094 sive
3607 3036 3721 3092 ullo

2131 3150 2337 3191 sensu..

2814 3223 2999 3277 Aliud.

2205 3314 2496 3371 Fortitudo
2553 3315 2761 3381 cordis,
2791 3323 2847 3370 et
2900 3313 3207 3370 subsidium
3272 3313 3469 3367 animae
3522 3325 3718 3367 secun-

2132 3407 2262 3461 dum
2300 3396 2551 3471 'Deum,
2604 3404 3067 3476 quemadmodum
3144 3402 3360 3474 pigritia
3414 3400 3718 3457 fomentum

2132 3511 2211 3555 est
2259 3498 2507 3554 malitia.

2844 3589 3027 3643 Aliud.

2205 3682 2463 3738 Charitas
2496 3696 2626 3751 erga
2660 3679 2832 3736 Deum
2888 3681 3115 3751 expellit
3169 3680 3555 3751 negligentiam
3586 3690 3717 3743 ;se-

2133 3777 2337 3833 curitas
2379 3784 2561 3831 autem
2615 3789 2740 3846 quae
2786 3784 2932 3832 caret
3000 3776 3216 3842 timore,
3279 3775 3483 3830 excitat
3531 3779 3587 3828 et
3636 3771 3721 3827 l‘o—

2136 3878 2228 3923 νει
2275 3868 2449 3923 illam.

2561 3957 2723 4028 138
2774 3956 3245 4013 Scholion-Isaaci
3295 3957 3385 4010 22.

2208 4050 2305 4107 Est
2356 4050 2640 4106 humilitas
2692 4066 2757 4106 ex
2792 4051 2922 4116 Deo,
2983 4058 3037 4104 et
3082 4058 3167 4104 est
3205 4049 3299 4119 qui
3357 4065 3416 4105 se
3471 4048 3721 4103 humiliat

2133 4151 2355 4212 propter
2399 4141 2652 4196 timorem
2702 4141 2819 4204 Dei,
2861 4149 2916 4195 et
2942 4148 3027 4195 est
3063 4140 3341 4195 humilitas
3380 4155 3503 4210 quae
3535 4141 3720 4195 nasci-

2134 4241 2225 4286 tur
2264 4246 2333 4288 ex
2371 4229 2647 4286 desiderio
2704 4229 2824 4287 Dei.
2887 4229 3043 4285 Illum
3080 4231 3174 4300 qui
3216 4239 3437 4301 propter
3469 4231 3718 4285 timorem

2136 4324 2233 4382 Dei
2309 4340 2370 4381 se
2433 4324 2708 4391 humiliat,
2763 4323 3011 4394 sequitur
3049 4323 3298 4393 quaedam
3348 4323 3720 4379 membrorum

2134 4417 2438 4473 moderatio
2467 4452 2483 4482 ,
2565 4430 2693 4471 cum
2766 4422 2920 4487 grata
2988 4429 3252 4471 sensuum
3321 4415 3722 4485 compositione

2134 4519 2189 4565 et
2243 4516 2699 4577 temperamento,
2763 4515 2820 4563 et
2878 4521 2975 4563 cor
3014 4507 3311 4563 contritum
3364 4507 3518 4562 omni
3584 4514 3721 4561 tem-

2135 4616 2286 4672 pore.
2318 4600 2423 4667 Qui
2454 4609 2636 4655 autem
2690 4614 2760 4655 es
2794 4599 3067 4655 desiderio
3120 4606 3175 4654 et
3233 4598 3433 4670 gaudio
3485 4614 3544 4654 se
3592 4599 3722 4653 sub-

2135 4691 2303 4746 mittit
2341 4699 2395 4746 et
2441 4690 2675 4760 abiicit,
2737 4690 2970 4745 multam
3021 4691 3333 4761 assequitur
3397 4690 3724 4761 simplicita-

2137 4790 2245 4837 tem
2291 4788 2351 4837 et
2402 4781 2589 4838 cordis
2646 4790 3000 4851 augmentum
3023 4791 3079 4836 et
3106 4781 3435 4836 libertatem.

2718 4871 2968 4927 Scholion
3000 4874 3092 4928 25.

2211 4963 2546 5021 Humilitatis
2604 4963 2848 5018 studium
2897 4974 3003 5030 est,
3037 4974 3096 5018 ut
3155 4964 3203 5019 si
3254 4964 3380 5033 quis
3414 4977 3516 5018 nos
3560 4975 3723 5018 exse-

2136 5067 2318 5113 cretur
2362 5066 2417 5111 et
2468 5066 2845 5126 persequatur,
2905 5056 3091 5109 animo
3139 5055 3363 5125 perinde
3418 5053 3597 5109 allecti
3647 5055 3722 5109 si-

2141 5166 2286 5215 mus,
2338 5160 2398 5204 ut
2446 5162 2612 5203 canes
2685 5146 2781 5217 qui
2831 5147 2974 5217 pulsi
3039 5147 3323 5212 recedunt,
3382 5146 3561 5202 vocati
3624 5161 3721 5201 ve-

2140 5242 2319 5304 niunt,
2381 5245 2699 5306 reputantes
2751 5235 2805 5288 in
2866 5235 3031 5291 corde
3090 5243 3279 5289 nostro
3330 5232 3583 5304 indignos
3619 5248 3721 5288 nos

2142 5346 2286 5392 esse,
2338 5327 2590 5398 quicum
2648 5325 2966 5381 hominibus
3027 5326 3298 5382 vivamus.

2741 5415 2993 5473 Scholion
3016 5418 3107 5473 24.

2212 5513 2463 5576 Attende,
2519 5510 2794 5583 religiose,
2838 5519 2895 5565 et
2937 5510 3097 5581 vigila
3147 5510 3410 5565 adversus
3466 5508 3721 5579 spiritum

2142 5609 2237 5679 qui
2284 5604 2494 5662 homini
2535 5602 2817 5659 molestias
2857 5612 2914 5658 et
2980 5601 3256 5658 tristitiam
3295 5601 3530 5672 ingerit;
3578 5602 3721 5656 mul-

2144 5714 2213 5757 tae
2279 5697 2423 5755 enim
2492 5704 2623 5751 sunt
2700 5694 2915 5749 insidiae
2980 5692 3156 5758 illius,
3213 5694 3395 5762 quoad
3463 5694 3719 5749 virtutem

2146 5805 2292 5848 tuam
2332 5800 2386 5844 et
2423 5788 2531 5842 vim
2590 5785 2844 5854 infringat
2880 5804 2893 5839 :
2935 5799 3059 5838 nam
3092 5783 3310 5841 tristitia
3361 5801 3482 5856 qua
3526 5801 3554 5841 a
3613 5783 3720 5840 Deo
