4110 6424
422 404 529 465 ’191

414 618 562 662 stare
637 609 691 660 in
744 607 912 662 tutela
968 621 1063 661 seu
1122 605 1400 660 voluntate
1468 602 1584 660 Dei.
1658 603 1761 670 Qui
1827 615 2010 659 autem

412 700 513 753 tibi
569 698 893 765 dicitzQuo
951 696 1189 768 relugies
1242 694 1495 768 (miser)?
1525 696 1846 767 paenitentia
1920 707 2010 750 tua

421 791 572 843 nulla
629 789 872 845 est:bic
914 788 1140 843 insidias
1198 798 1252 843 et
1279 786 1467 842 odium
1531 796 1768 852 exercet,
1829 784 2010 855 quoad

418 881 696 936 hominem
765 896 793 932 a
832 880 1167 935 continentia
1233 890 1463 936 avertat.
1523 878 1771 935 Tristitia
1825 889 2009 934 autem

416 977 604 1022 sancta
669 982 777 1022 non
821 968 1053 1038 imponit
1109 968 1357 1035 homini,
1415 967 1511 1023 sed
1582 967 1717 1022 dicit
1787 966 2011 1023 illizNe

416 1058 697 1121 tormides,
756 1057 870 1112 redi
920 1042 1299 1121 modo;'novit
1336 1058 1481 1116 enim
1533 1057 1681 1129 quod
1729 1056 1870 1112 Deus
1914 1072 2011 1128 po-

416 1163 537 1205 tens
583 1158 690 1215 est,
759 1157 815 1205 et
861 1150 1153 1205 continuat
1185 1166 1333 1206 eum.
1395 1148 1490 1205 Vis
1542 1164 1638 1204 seu
1693 1149 1870 1205 virtus
1920 1165 2011 1204 eo.

415 1259 535 1299 rum
597 1244 689 1314 qui
748 1243 978 1299 virtutes
1040 1246 1239 1299 sectari
1294 1255 1350 1299 et
1381 1243 1600 1315 assequi
1630 1243 1839 1309 volunt,
1890 1243 2007 1300 haec

415 1352 531 1403 est,
602 1349 701 1404 ut,
758 1342 804 1395 si
884 1342 1107 1409 quando
1181 1341 1517 1404 ceciderint,
1584 1355 1692 1395 non
1750 1341 2009 1410 abjiciant

415 1432 685 1497 animum,
737 1430 832 1487 sed
896 1430 1095 1487 iterum
1144 1431 1212 1487 ad
1272 1432 1469 1490 salutis
1518 1446 1707 1486 curam
1761 1435 2007 1490 redeant.

1090 1522 1276 1579 Aliud.

487 1615 585 1670 Est
629 1616 851 1672 tristitia
906 1615 1174 1685 perutilis,
1230 1623 1285 1670 et
1329 1614 1553 1671 tristitia
1586 1631 1709 1686 quae
1756 1630 2005 1670 corrum-

415 1708 497 1777 pit
568 1700 867 1763 hominem.
939 1706 1199 1763 Tristitiae
1257 1707 1406 1764 utilis
1475 1706 1712 1762 olliciutn
1773 1715 1857 1762 est
1908 1721 2005 1763 sua

416 1801 634 1870 propria
676 1809 896 1871 peccata
946 1799 1228 1873 plangere,
1278 1798 1519 1870 itemque
1567 1801 1797 1856 alterius
1848 1799 2006 1869 igno-

416 1893 675 1958 rantiam,
717 1900 773 1947 et
819 1906 883 1947 ea
914 1892 1078 1945 etiam
1129 1890 1198 1945 de
1245 1906 1411 1947 causa
1462 1906 1531 1946 ne
1568 1891 1854 1963 proposito
1879 1890 2000 1962 (seu
2038 1874 2080 1933 Β

416 1981 592 2052 gratia
649 1980 855 2052 divina)
892 1982 1126 2047 excidat,
1185 1981 1279 2036 sed
1345 1981 1801 2051 perfectissimam
1850 1982 2006 2041 boni-

416 2083 584 2129 tatem
616 2081 964 2143 assequatur.
1014 2070 1319 2132 Saeculares
1359 2084 1543 2129 autem
1584 2089 1709 2130 cum
1738 2089 1846 2132 non
1887 2074 2006 2129 lau-

416 2166 639 2229 dantur,
693 2165 917 2221 tristitia
973 2162 1314 2228 adiciuntur;
1373 2165 1456 2220 vel
1499 2165 1646 2221 enim
1698 2166 2004 2222 alienorum

417 2256 753 2326 appetitione
798 2254 1148 2319 cruciantur,
1199 2255 1281 2329 vel
1309 2266 1625 2327 paupertate
1659 2266 2004 2329 torquentur,

417 2324 506 2403 vel
564 2346 903 2418 locupletati,
951 2345 1170 2403 insania
1202 2324 1527 2404 enerantur.

983 2438 1235 2500 Scholion
1285 2440 1376 2496 25.

501 2529 560 2578 lu
607 2531 712 2588 hoc
759 2530 1014 2591 diabolus
1079 2531 1259 2589 hostis
1317 2540 1372 2585 et
1405 2531 1547 2587 ultor
1591 2531 1841 2598 dicitur;
1876 2546 2003 2587 cum

418 2620 491 2675 sit
535 2611 793 2677 immicus
841 2622 1100 2688 virtutis,
1159 2632 1516 2694 posteaquam
1565 2623 1657 2679 illa
1708 2623 1778 2679 ab
1820 2622 2008 2695 aliquo

418 2713 623 2769 amissa
673 2722 779 2778 est,
824 2714 1019 2771 vindex
1053 2725 1109 2770 et
1159 2716 1306 2771 ultor
1336 2728 1437 2771 est.
1868 2732 1877 2743 '

928 2803 1089 2877 139
1116 2803 1367 2861 Scholion
1408 2804 1499 2862 «ιο.

492 2893 595 2949 Per
621 2894 984 2971 humilitatem
1029 2894 1366 2968 (religiosus)
1407 2898 1593 2953 omnia
1625 2899 1766 2955 bona
1810 2916 2009 2960 consc-

417 2989 628 3059 qnitur,
667 2990 809 3044 inter
838 3005 961 3059 qua:
992 2998 1047 3045 et
1079 2990 1640 3057 commiserationem,
1698 3006 1793 3062 per
1840 3009 2008 3064 quam

415 3090 471 3136 et
493 3082 609 3152 ipse
640 3091 823 3138 certus
850 3083 1098 3138 redditur
1133 3083 1307 3139 venia:
1329 3084 1704 3154 impetrandae.

772 3170 1021 3228 Scholion
1064 3172 1225 3228 Isaia:
1270 3172 1478 3229 abbatis
1533 3173 1624 3229 27.

488 3262 724 3331 Quando
781 3263 923 3319 inter
971 3280 1161 3335 preces
1210 3265 1664 3324 animadverteris
1719 3278 1773 3325 te
1802 3269 2010 3326 nullius

419 3356 628 3425 peccati
664 3356 734 3411 ab
781 3358 1119 3415 conscientia
1151 3360 1424 3426 accusari,
1479 3370 1611 3417 tunc
1643 3362 1697 3417 in
1728 3378 1913 3418 veram
1947 3363 2014 3417 li—

419 3448 687 3505 bertatem
744 3460 989 3506 assertus
1021 3466 1103 3516 es,
1154 3461 1208 3506 et
1245 3468 1435 3510 revera
1466 3454 1520 3508 in
1555 3465 1802 3512 sanctam
1851 3456 2007 3526 quie—

422 3550 531 3594 tem
559 3538 656 3599 Dei
689 3540 973 3613 ingressus
1006 3555 1064 3596 es
1095 3557 1163 3596 ex
1192 3543 1472 3600 voluntate
1502 3544 1698 3616 ipsius.

1025 3631 1295 3689 Thalassii
1325 3634 1415 3689 28.

492 3723 899 3783 Conscientiam
928 3726 1189 3783 mundam
1216 3728 1521 3800 disciplina:
1544 3731 1814 3801 religiosae
1860 3732 2015 3789 labo-

422 3836 511 3877 res
536 3820 797 3886 elliciunt,
826 3819 1017 3889 quales
1048 3828 1175 3875 sunt
1222 3820 1518 3892 jejunium,
1551 3824 1771 3896 vigiliae,
1804 3826 2013 3895 patien-

423 3912 494 3967 tia
508 3949 524 3977 ,
555 3911 960 3984 longanimitas.

490 4054 519 4063 ..
1118 4007 1301 4063 Aliud.

494 4093 966 4158 Quemadmodum
997 4113 1096 4168 per
1135 4097 1274 4153 facta
1315 4107 1372 4154 et
1401 4099 1565 4155 verba
1592 4101 1842 4171 proditur
1871 4102 2015 4172 cogi-

423 4186 580 4251 tatio,
619 4189 691 4244 ita
728 4204 821 4257 per
869 4191 1096 4248 effectus
1126 4192 1335 4261 cordis,
1365 4193 1526 4263 quasi
1558 4208 1657 4264 pro
1688 4210 2015 4264 compensa-

424 4279 573 4334 tione
603 4282 947 4350 pmnitentia.

888 4373 1137 4431 Scholion
1169 4375 1343 4432 Marci
1383 4378 1474 4433 29.

498 4460 837 4521 Pmnitentiae
853 4480 993 4536 Opus
1022 4468 1104 4523 his
1134 4469 1311 4526 tribus
1344 4471 1656 4526 contexitur
1682 4472 2011 4528 virtutibus:

1700 399 1754 459 S.
1780 398 2101 459 JOANNIS
2130 402 2437 463 CLIMACI

292 556 311 565 ς
417 516 710 586 provenit,
767 515 1023 583 gaudium
1084 516 1264 584 parit.
1334 519 1464 567 dum
1535 512 1701 567 homo
1748 511 1893 566 videt
1948 526 2008 567 se

2119 530 2246 583 ματι
2286 512 2382 566 τοῦ
2405 513 2561 567 Θεοῦ.
2605 513 2662 567 ’0
2692 513 2751 566 δὲ
2801 513 2975 582 λέγων
3007 530 3124 567 σοι·
3161 514 3275 569 Ποῦ
3307 513 3453 584 εχεις
3490 515 3704 583 φυγήνς

3589 395 3700 453 Ἰθῆ

2124 603 2412 670 μετάνοιαν
2441 603 2541 656 ούκ
2570 601 2715 673 ἔχεις
2736 619 2749 632 ·
2782 597 2935 665 οὗτος
2964 603 3063 674 τῆς
3092 605 3291 675 ἔχθρας
3320 604 3492 666 ἐστὶν,
3517 602 3626 665 ἓως
3642 594 3708 657 οὗ

2122 693 2323 764 ποιήσῃ
2362 694 2455 746 τὸν
2491 692 2782 765 ἄνθρωπον
2825 694 3097 748 ἀπολῦσαι
3120 695 3219 766 τὴν
3253 696 3605 764 ἐγκράτειαν.
3640 695 3707 749 Ἦ

2113 786 2171 840 δὲ
2219 787 2361 841 κατά
2403 784 2537 840 Θεδν
2590 785 2734 859 λύπη
2783 787 2884 840 ούκ
2938 785 3241 839 ἐπιτίθεται.
3287 786 3363 857 τῷ
3403 784 3705 857 ἀνθρώπῳ,

2113 878 2251 932 ἀλλά
2303 879 2455 947 λέγει
2503 877 2686 943 αὐτῷ·
2744 878 2836 945 Μὴ
2887 877 3089 947 φοϐοὓο
3138 876 3298 947 δεῦρο
3344 876 3541 931 πάλινο
3595 870 3708 929 οῐδο

2112 972 2223 1045 γάρ
2266 973 2350 1026 ὅτι
2394 972 2423 1024 ὁ
2451 971 2584 1033 Θεὸς
2609 970 2833 1033 δυνατός
2872 972 3008 1033 ὲστι,
3042 970 3138 1023 καὶ
3183 968 3476 1039 ὲνδυναμοῐ
3513 967 3702 1022 αὐτόν.

2112 1062 2354 1133 Δύναμις
2384 1061 2492 1115 τῶν
2538 1060 2801 1115 θελόντων
2833 1059 3141 1128 κτήσασθαι
3172 1058 3272 1124 τὰς
3318 1058 3523 1130 ἀρετὰς
3562 1058 3705 1130 αὕτη

2111 1156 2282 1220 ἐστὶν,
2334 1154 2422 1208 ἵνα
2467 1154 2563 1207 ἐὰν
2607 1153 2837 1221 πέσωσι,
2888 1154 2964 1225 μὴ
3010 1151 3519 1227 μικροψυχήσωσιν,
3565 1150 3704 1206 ἀλλὰ

2114 1246 2280 1300 πάλιν
2308 1246 2688 1317 φροντίσωσιν,

2893 1355 2923 1389 τ.

2802 1529 3013 1585 Ἄλλο.

2185 1620 2343 1673 Ἐστι
2378 1619 2520 1689 λύπη
2551 1619 2863 1692 ἱπωφελὴς,
2898 1621 2995 1673 καὶ
3031 1620 3146 1673 ἔστι
3175 1620 3321 1690 λύπη
3354 1620 3700 1693 φθοροποιὸς.

2112 1709 2224 1779 Τῆς
2254 1710 2352 1780 μὲν
2379 1706 2473 1764 οὖν
2503 1710 2783 1781 χρησίμης
2829 1708 3027 1781 λύπης,
3058 1710 3118 1762 τὸ
3145 1709 3246 1779 μέν
3276 1713 3395 1765 ἐστι
3439 1712 3568 1782 περὶ
3593 1712 3705 1767 τῶν

2109 1802 2329 1856 οἰκείων
2360 1803 2775 1873 ἁμαρτημάτων
2810 1802 3043 1857 στένειν.
3080 1802 3153 1855 Τὸ
3178 1802 3259 1867 δὲ,
3301 1803 3398 1856 καὶ
3426 1804 3555 1875 περὶ
3600 1807 3703 1867 τῆς

2106 1895 2202 1949 τοῦ
2250 1895 2481 1965 πλησίον
2514 1894 2808 1962 ἀγνωσίας,
2858 1894 2919 1948 τὸ
2963 1893 3021 1947 δὲ
3062 1893 3199 1964 πρὸς
3233 1894 3295 1947 τὸ
3335 1895 3410 1966 μὴ
3447 1897 3707 1949 ἐκπεσεῖν

2108 1985 2212 2056 τῆς
2242 1984 2586 2056 προθέσεως·
2621 1982 2681 2036 τὸ
2707 1983 2764 2036 δὲ
2800 1983 2885 2035 ἴνα
2919 1981 3019 2054 τῆς
3051 1983 3394 2055 τελειοτάτης
3425 1984 3707 2055 ἐφάψηται

2113 2075 2483 2147 ἀγαθότητοςο
2514 2076 2563 2127 οί
2593 2073 2651 2126 δὲ
2682 2073 2939 2144 κοσμικοὶ
2970 2072 3046 2145 μὴ
3083 2072 3432 2142 δοξαζόμενοι
3469 2074 3706 2128 λυποῦν-

2106 2185 2217 2230 ται,
2248 2166 2359 2220 τῶν
2396 2165 2690 2236 ἀλλοτρίων
2723 2164 3042 2238 ὀρεγόμενοι
3072 2165 3330 2235 τήκονται
3356 2182 3370 2197 ·
3416 2166 3705 2237 πενόμενοι

2110 2257 2433 2329 δυσφροῦσι,
2466 2256 2828 2322 πλουτοῦντες
2863 2258 3238 2328 ὲκμαίνονται.

2707 2433 2958 2502 Σχόλιω
3016 2438 3096 2487 κε’
3110 2444 3131 2485 .'

2198 2525 2285 2579 ‘Ev
2316 2524 2491 2595 τούτῳ
2534 2527 2563 2579 ό
2589 2524 2838 2590 διάϐολος
2866 2525 3060 2599 ἐχθρὸς
3110 2528 3205 2583 καὶ
3253 2527 3545 2602 ἐκδικητὴς
3595 2529 3694 2584 λέ-

2111 2633 2271 2688 γεται
2295 2633 2310 2647 ·
2340 2618 2441 2689 τῆς
2472 2616 2583 2689 γὰρ
2630 2618 2837 2690 ἀρετῆς
2867 2618 3062 2692 ἐχθρὸς
3091 2619 3191 2687 ὢν,
3239 2620 3376 2692 μετά
3405 2620 3504 2694 τὴν
3532 2621 3707 2695 αὐτῆς

2113 2711 2413 2776 ἔκπτωσιν,
2460 2710 2537 2776 ὡς
2564 2710 2797 2765 ἐκδικῶν
2828 2710 3099 2780 φαίνεται.

2708 2808 2757 2866 Σ
2757 2808 2969 2875 χόλιον
3006 2813 3120 2875 κςθ.

2185 2900 2284 2952 Δια
2311 2894 2698 2959 ταπεινώσεως
2729 2897 2896 2951 πᾶσιν
2942 2897 3168 2967 ἀγαθοῖς
3203 2897 3611 2969 ἐπεισέρχεται,
3643 2898 3703 2952 ἐν

2110 2983 2193 3054 οἷς
2231 2988 2327 3043 και
2351 2990 2386 3060 ἡ
2454 2987 2792 3059 συμπάθεια,
2834 2986 2902 3041 δι’
2928 2981 2996 3060 ἧς
3025 2989 3119 3042 καὶ
3153 2990 3187 3059 ἠ
3224 2990 3565 3062 πληροφορία
3603 2990 3707 3063 τῆς

2116 3084 2542 3155 συγχωρήσεως.

2559 3173 2820 3244 Σχόλιον
2868 3175 3109 3231 Ἡσαΐου
3152 3175 3251 3241 κζ’.

2188 3259 2325 3321 Ἐὰν
2352 3265 2469 3339 ἴδῃς
2504 3266 2795 3337 εὐχόμενος
2825 3267 3018 3321 ἑαυτὸν
3051 3267 3219 3339 μηδὲν
3261 3267 3322 3321 τὸ
3354 3266 3573 3323 σύνολον
3603 3271 3708 3341 τῆς

2118 3355 2321 3419 κακίας
2369 3355 2713 3430 κατηγοροῦν
2761 3373 2842 3422 σε,
2871 3355 2982 3429 ἄρα
3010 3355 3178 3419 ὅντως
3206 3356 3490 3429 ἐλεύθερος
3516 3357 3585 3421 εἰ,
3609 3360 3710 3417 καὶ

2112 3445 2364 3515 εἰσῆλθες
2389 3445 2560 3511 ὅντως
2614 3449 2692 3510 είς
2749 3446 2850 3519 τὴν
2882 3446 3047 3517 ἁγίαν
3105 3448 3450 3503 κατάπαυσιν
3509 3448 3705 3516 αὐτοῦ,

2112 3540 2256 3594 κατά
2285 3540 2348 3594 τὸ
2378 3539 2593 3611 θέλημα
2638 3538 2828 3595 αὑτοῦ.

2662 3633 3016 3688 Θαλασσίου
3052 3633 3162 3705 κη’.

2188 3725 2503 3796 Συνείδησιν
2554 3724 2806 3797 καθαρὰν
2867 3726 3020 3780 πόνοι
3082 3725 3330 3782 ποιοῦσιν
3375 3729 3705 3800 ἀσκήσεωςο

2113 3811 2225 3869 οἷον
2260 3816 2507 3886 νηστεία,
2554 3814 2853 3887 ἀγρυπνία,
2884 3816 3152 3888 ὑπομονὴ,
3186 3817 3562 3889 μακροθυμία.

2814 4000 3024 4057 Ἄλλο.

2187 4094 2399 4166 Ὠσπερ
2443 4094 2512 4154 δι’
2554 4094 2734 4166 ἔργων
2774 4094 2869 4148 καλ⁵
2915 4093 3091 4163 λόγων
3127 4094 3454 4166 φανεροῦται
3503 4096 3714 4163 ἔννοια,

2115 4185 2257 4241 οὕτω
2292 4186 2381 4240 διὰ
2399 4187 2511 4241 τῶν
2544 4188 2941 4258 ἐνεργημάτων
2973 4188 3082 4241 τῶν
3112 4187 3423 4257 καρδιακῶν
3452 4189 3486 4260 ἡ
3534 4188 3716 4260 μετά-

2117 4294 2234 4339 νοια
2263 4276 2641 4341 ἁνταπόδοσις.

2573 4371 2617 4424 Σ
2618 4369 2831 4438 χόλων
2863 4368 3111 4437 Μάρκου
3154 4368 3259 4426 κθθ.

2187 4462 2261 4516 Τὸ
2286 4464 2387 4535 τῆς
2416 4461 2704 4534 μετανοίας
2733 4461 2893 4530 ἔργον
2926 4462 2986 4516 ὲν
3018 4463 3139 4525 ταῖς
3164 4460 3311 4532 τρισὶ
3328 4460 3553 4524 ταύταις
3575 4463 3712 4535 ἀρε-

429 4557 815 4625 repurgatione
867 4558 1281 4628 cogitationum,
1344 4561 1567 4620 assidua
1596 4566 1930 4634 precatione,
1960 4575 2013 4620 et

2117 4560 2237 4621 ταῖς
2284 4557 2667 4627 ἐξυφαίνεται·
2705 4557 2764 4612 ὲν
2816 4555 2897 4628 τῷ
2945 4555 3243 4628 λογισμοὺς
3293 4556 3577 4628 καθαρεῖν,
3613 4560 3714 4613 καὶ

429 4644 781 4703 amictionum
819 4649 1130 4718 tolerantia,
1166 4669 1289 4723 qua:
1318 4669 1427 4710 non
1476 4656 1652 4710 solum
1704 4665 2009 4723 externam,

428 4737 522 4791 sed
552 4736 714 4792 etiam
745 4743 1015 4798 luternam
1045 4746 1246 4801 mentis
1272 4746 1545 4802 actionem
1576 4747 1916 4811 desiderant,
1957 4758 2018 4802 ut

430 4827 522 4899 qui
559 4828 609 4882 in
649 4829 734 4886 bis
783 4845 1155 4901 perseverant,
1190 4836 1260 4892 ab
1308 4837 1566 4893 omnibus
1594 4838 1862 4893 malarum
1894 4838 2017 4893 alie-

430 4920 673 4974 ctionum
706 4923 1209 4990 perturbationibus
1237 4927 1537 4984 liberentur
1572 4948 1585 4985 :
1621 4945 1748 4984 nam
1779 4930 1899 4984 sine
1930 4929 2015 4985 his

431 5013 610 5069 tribus
630 5013 791 5070 dictis
823 5016 1119 5074 virtutibus
1147 5034 1287 5088 opus
1319 5020 1656 5090 paenitentia:
1680 5020 1869 5092 perlici
1901 5037 2010 5075 non

431 5116 628 5178 potest.

1050 5204 1299 5260 Scholion
1338 5205 1427 5260 '50.

503 5299 733 5365 Quando
749 5299 1063 5355 dixitPater
1078 5301 1257 5361 ἐντοῖς
1276 5298 1561 5370 ῥᾳθύμοις,
1587 5298 1690 5353 hoc
1704 5309 1788 5352 est
1804 5298 1855 5352 in
1874 5298 2029 5367 igna-

434 5391 537 5460 vis,
568 5393 819 5448 diStinxit
847 5403 900 5449 et
942 5392 1185 5461 seiunxit
1221 5391 1482 5461 impigros
1513 5399 1569 5443 et
1619 5399 1930 5460 prOmptos;
1967 5398 2021 5444 et

433 5499 534 5541 cur
561 5488 685 5552 hoc,
723 5486 1075 5541 manifestum
1105 5493 1208 5539 est.
1230 5482 1467 5537 Pronum
1499 5484 1645 5537 enim
1665 5492 1749 5537 est
1775 5484 2018 5548 credere,

431 5591 559 5631 cum
587 5578 772 5648 ignavi
826 5579 960 5643 sint,
1005 5575 1283 5631 difﬁcilem
1317 5575 1535 5629 illorum
1566 5590 1687 5629 esse
1714 5574 2020 5629 revocatio—

435 5677 558 5717 nem
589 5679 687 5718 seu
718 5667 1178 5729 emendationem,
1210 5664 1382 5719 sicubi
1431 5664 1483 5717 in
1517 5673 1799 5732 peccatum
1837 5664 2020 5733 prola-

436 5753 522 5823 psi
557 5753 792 5821 l'uerint;
847 5774 946 5812 sua
978 5757 1124 5811 enim
1161 5756 1411 5811 socordia
1442 5755 1684 5824 depressi
1728 5756 2019 5824 desperant

425 5844 586 5919 illam
618 5845 786 5901 animi
831 5849 1278 5920 lt‘ttnquilltlulcttt
1313 5848 1379 5903 ab
1410 5848 1665 5903 omnibus
1727 5847 2017 5902 alim-tuum

2117 4636 2475 4713 ἀδιαλείπτοις
2535 4645 2974 4720 προσεύχεσθαι,
3032 4648 3127 4702 καὶ
3174 4649 3276 4713 τὰς
3332 4649 3714 4718 ἐπερχομένας

2118 4741 2327 4811 θλίψεις
2353 4741 2669 4811 ὑποφέρειν,
2696 4740 2842 4814 ἅπερ
2874 4739 2937 4793 οὐ
2962 4740 3123 4812 μόνον
3147 4739 3410 4811 φανερὰν,
3443 4738 3580 4792 ἀλλά
3613 4739 3715 4792 καὶ

2118 4834 2309 4906 νοεράν
2354 4834 2618 4905 ἐργασίαν
2647 4833 2853 4902 ὀφείλει
2900 4832 3070 4905 ἔχειν,
3114 4833 3256 4888 ὥστε
3296 4833 3422 4897 τοὺς
3462 4832 3716 4903 ἐγχρονί-

2120 4926 2312 4999 ζοντας
2341 4925 2571 4988 ἀπαθεῖς
2600 4924 2976 4996 καταστῆσαι·
3005 4926 3131 4980 ἐπεὶ
3152 4926 3283 4982 ἀνευ
3306 4924 3416 4978 τῶν
3447 4939 3715 4995 προειρη-

2124 5020 2301 5086 μένων
2330 5016 2499 5087 τριῶν
2529 5014 2742 5088 ἀρετῶν
2770 5017 2831 5077 οὐ
2872 5015 3098 5075 δύναται
3125 5016 3480 5087 τελειωθῆναι
3516 5017 3581 5075 τὺ
3609 5015 3717 5085 τῆς

2126 5109 2414 5181 μετανοίας
2440 5109 2621 5180 ἔργον.

2736 5204 2998 5272 Σχόλιον
3035 5203 3101 5259 λ’.

2204 5294 2293 5347 Ἐν
2351 5297 2462 5358 τοῖς
2516 5295 2783 5370 ῥᾳθύμοις
2843 5298 3017 5351 είπὼν
3062 5299 3093 5351 ό
3145 5297 3368 5369 Πατήρ·
3409 5296 3716 5369 διεχώρησε

2119 5386 2247 5448 τοὺς
2293 5387 2522 5452 ἀόκνους
2569 5389 2663 5443 καὶ
2710 5387 3056 5460 προθύμους·
3106 5389 3202 5444 καὶ
3243 5388 3404 5443 τοῦτο
3451 5388 3714 5459 φανερόν.

2121 5476 2283 5542 Εἰκὸς
2311 5477 2423 5549 γὰρ
2455 5480 2653 5545 αὐτοὺς
2682 5480 2965 5552 ῥᾳθύμους
2994 5480 3158 5543 ὂντας
3177 5479 3436 5535 δύσκολον
3456 5477 3718 5550 ἡγεῖσθαι

2122 5566 2220 5639 τὴν
2265 5570 2586 5641 ἀνάκλησιν,
2627 5573 2723 5627 ἐάν
2762 5589 2871 5627 τινι
2903 5572 3248 5644 περιπέσωσι
3299 5572 3589 5643 πτώματιο
3641 5574 3718 5644 τῇ

2124 5664 2233 5732 γὰρ
2262 5663 2443 5734 οἰκείᾳ
2484 5665 2731 5736 ῥαθυμίᾳ
2774 5664 3107 5736 πιεζόμενοι,
3142 5664 3580 5732 ἀπογινώσκουσι
3607 5663 3720 5732 τῆς

2125 5755 2414 5820 ἀπαθείας,
2450 5756 2540 5810 διὰ
2566 5756 2630 5809 τὸ
2658 5757 2733 5830 μὴ
2774 5756 3062 5827 βούλεσθαι
3111 5757 3339 5820 ἑαυτοὺς
3385 5755 3720 5826 περισσοτέο

2129 5864 2240 5917 pet;
2274 5847 2519 5904 ἐκδοῦναι
2553 5849 2732 5915 πόνοις
2754 5869 2767 5883 ο
2820 5849 2907 5905 διὰ
2934 5853 3090 5909 τοῦτο
3114 5851 3209 5907 καὶ
3239 5853 3483 5923 κρεῖττον
3511 5847 3716 5922 ἡγοῦν-
