4110 6478
340 430 470 496 793

1381 434 1613 495 SCALA
1651 438 2034 504 PARADISI.
2072 470 2137 479 —
2166 447 2475 510 GliADUS
2500 452 2604 513 VI.

337 558 470 603 ται,
505 540 571 597 τὸ
604 541 712 596 κᾶν
755 540 853 596 τοῦ
895 542 1166 615 παρόντος
1198 546 1539 615 πταίσματος
1568 547 1956 619 ἀπαλλαγῆναι

2063 560 2566 625 perturbationibus
2627 577 2892 623 remotam
2918 611 2933 636 ,

3546 471 3655 536 794

3013 574 3159 643 quod
3218 576 3427 649 seipsos
3482 584 3659 643 nolint

336 631 542 695 κακῶς
566 632 888 697 νοσοῦντεςο
920 636 970 688 ot
1020 635 1131 706 γάρ
1158 653 1243 689 τοι
1271 639 1551 692 σπουδαῖοι
1594 641 1855 712 μυριάκις
1899 644 1948 695 εἰ

2062 650 2217 717 paulo
2259 652 2562 723 majoribus
2603 658 2883 717 laboribus
2913 679 3220 736 exponere;
3250 631 3446 729 melius
3479 674 3583 732 rati
3618 694 3653 734 ιι

337 724 626 789 πίπτοιεν,
662 725 881 781 οὐδέπω
922 727 1027 797 τῆς
1059 727 1399 800 τελειότητος
1431 721 1907 800 ἀπογινώσκουσιν
1926 753 1942 770 ·

338 817 489 871 ἀλλὰ
519 817 821 888 προθύμως
849 819 931 873 ὃτι
963 820 1101 890 πρὸς
1132 820 1303 893 αὐτὴν
1331 822 1637 880 ἐλαύνουσι.

2054 744 2307 808 praesenti
2332 744 2598 803 duntaxat
2619 750 2820 808 delicto
2856 755 3111 826 liberari,
3146 764 3291 821 malo
3331 780 3464 821 sane
3498 784 3652 825 mor-

2047 831 2118 887 bo
2144 833 2477 893 labdrantes.
2518 838 2738 915 [inpigri
2785 862 2918 901 vero
2966 862 3021 905 ct
3067 856 3351 911 exercitati
3383 856 3456 911 illi
3489 858 3658 916 etiam

338 907 629 1019 silmillies
683 910 1003 1014 ceciderint,
1038 929 1319 984 nunquam
1343 915 1411 970 de
1437 914 1769 988 perfectione
1826 922 2168 990 assequenda
2239 925 2534 998 desperant
2562 907 2728 1000 {313d
2764 952 2927 1008 quam
2969 907 3651 1019 possuutlpromptissinic

340 1001 414 1057 ad
441 1000 595 1056 illant
620 1001 926 1058 enituntur.

920 1096 1388 1165 Ἀριστοτέλους.

420 1190 584 1244 Πᾶσα
619 1189 881 1260 συμφορὰ
908 1188 1087 1259 κούφη
1131 1189 1287 1259 ἀνδρὶ
1319 1189 1393 1259 μὴ
1422 1189 1631 1260 κούφῳ.

959 1282 1220 1350 Σχόλιον
1265 1281 1368 1336 λαι.

431 1375 677 1439 Ἐκεῖνος
710 1374 1023 1446 ἐπιχρόνιόν
1050 1391 1162 1427 τισι
1205 1374 1306 1444 τὴν
1335 1377 1448 1428 τῶν
1485 1374 1830 1446 ἁμαρτωλῶν
1857 1376 1950 1428 κό-

342 1467 508 1520 λασιν
557 1466 962 1536 ἐπιτιθέμενος,
1012 1465 1155 1519 ὥστε
1209 1466 1552 1539 καθαρθῆναι
1603 1467 1695 1521 τὸν
1744 1469 1808 1521 ἐκ
1849 1468 1950 1538 τῆς

344 1558 633 1630 ἁμαρτίας
665 1558 840 1633 ῥύπον
871 1558 950 1630 τῷ
982 1560 1115 1629 πυρὶ
1146 1558 1254 1613 τῶν
1283 1560 1561 1614 κολάσεων
1580 1576 1594 1590 '
1630 1560 1771 1631 μετὰ
1793 1560 1954 1614 τοῦτο

345 1656 420 1724 τῇ
451 1652 561 1706 τῶν
592 1651 842 1723 οὐρανῶν
873 1650 1277 1723 ἀποκαθίστησι
1312 1652 1562 1725 βασιλείᾳ
1596 1653 1693 1706 σὺν
1736 1656 1849 1715 τοῖς
1873 1653 1954 1706 δι-

350 1744 533 1808 καίοις
583 1744 680 1798 καὶ
726 1743 974 1810 τούτους,
1009 1742 1203 1808 κακῶς
1251 1743 1692 1816 προὸαλλόμενος
1726 1745 1825 1815 τὴν
1855 1743 1952 1799 τοῦ

352 1836 493 1891 Θεοῦ
526 1836 947 1910 φιλανθρωπίαν
975 1838 1298 1908 συνήγορον.

1014 1927 1299 1995 Σχόλιον.

433 2018 557 2087 Πῦρ
585 2019 643 2071 ὲν
671 2019 857 2089 ὑγροῖς
885 2014 1064 2084 ξύλοις
1098 2019 1197 2090 οὐχ
1240 2017 1426 2081 ἅπτει,
1477 2022 1630 2091 καὶὴ
1668 2019 1787 2073 θεία
1820 2018 1949 2089 θερ-

372 2109 545 2177 μασία
574 2110 632 2163 ὲν
662 2107 923 2181 ἁγαπώσῃ
971 2109 1171 2182 καρδίᾳ⁴
1194 2109 1293 2183 τὴν
1332 2110 1645 2165 ἀνάπαυσιν
1684 2112 1786 2165 οὐκ
1829 2111 1953 2177 ἐξάν

370 2218 584 2257 πτεται.

978 2393 1199 2446 ΛΟΓΟΣ
1241 2394 1331 2460 ς’.

786 2518 928 2589 Περὶ
963 2513 1209 2588 μνήμης
1240 2510 1521 2567 θανάτου.

427 2613 643 2678 Παντὸς
685 2611 847 2681 λόγου
899 2611 1227 2683 προηγεῖται
1270 2607 1478 2662 ἔννοια.
1516 2604 1725 2676 Μνήμη
1767 2603 1845 2675 (Ι)
1898 2602 1953 2657 δὲ

347 2707 592 2762 θανάτου
637 2704 735 2759 καὶ
768 2702 1132 2774 πταισμάτων
1175 2701 1499 2771 προηγεῖται
1536 2693 1819 2767 κλαυθμοῦ
1862 2696 1957 2749 καὶ

346 2797 592 2862 πένθους
609 2813 625 2829 ⁶
657 2795 740 2853 διὸ
769 2794 912 2853 κατὰ
936 2793 1036 2864 τὴν
1063 2790 1272 2846 οίκείαν
1305 2789 1460 2855 τάξιν
1489 2790 1587 2843 καὶ
1615 2790 1673 2841 ἐν
1706 2785 1784 2859 τῷ
1812 2784 1958 2857 λόγῳ

342 2893 618 2948 τέθειται.
650 2890 857 2960 Μνήμη
885 2886 1121 2942 Θανάτου
1152 2884 1272 2939 ἐστὶ
1308 2881 1679 2953 καθημερινὸς
1701 2880 1955 2943 θάνατος,

348 2987 555 3060 μνήμη
598 2983 657 3038 δὲ
698 2982 884 3048 ἐξόδου
933 2977 1186 3049 κάθωρος
1238 2973 1568 3045 στεναγμός.
1618 2973 1801 3028 Δειλία
1855 2970 1957 3044 μὲν

347 3077 593 3133 θανάτου
626 3074 774 3129 ἐστὶν
805 3071 1004 3143 ἰδίωμα
1038 3068 1254 3140 φύσεως
1300 3068 1367 3121 ἐκ
1398 3066 1687 3138 παρακοῆς
1719 3080 1958 3135 προσγε-

346 3171 607 3243 νόμενον,
666 3166 870 3238 τρόμος
934 3163 992 3217 δὲ
1060 3161 1295 3216 θανάτου
1354 3159 1505 3213 ἐστὶν
1568 3158 1956 3230 ἀμετανοήτων

343 3261 721 3335 πταισμάτων
752 3259 1079 3330 τεκμήριον.
1114 3254 1300 3325 Δειλιᾷ
1340 3251 1574 3322 Χριστὸς
1606 3250 1857 3318 θάνατον,
1890 3251 1951 3304 οὐ

1986 1918 2033 1976 Β

2694 1116 3018 1174 Aristotelis.

2133 1199 2326 1257 Omnis
2350 1203 2641 1261 calamitas
2678 1206 2809 1263 levis
2848 1220 2931 1264 est
2954 1210 3070 1266 viro
3102 1229 3209 1269 non
3242 1217 3364 1272 levi.

2656 1293 2906 1351 Scholion
2965 1298 3024 1353 3i
3041 1342 3054 1353 .

2132 1380 2375 1452 Origem's
2426 1386 2578 1455 impii
2630 1392 2889 1444 morbum.
2930 1392 3019 1445 Ille
3074 1394 3388 1453 diuturnam
3422 1401 3651 1469 quibus-

2059 1471 2184 1524 dam
2219 1472 2665 1543 delinquentibus
2718 1493 2937 1547 pmnam
2976 1485 3387 1556 praescribebat,
3432 1500 3491 1544 ut
3521 1506 3640 1546 sor-

2057 1561 2155 1617 des
2206 1566 2417 1633 peccati
2486 1565 2610 1637 igne
2678 1570 3074 1640 suppliciorum
3126 1575 3466 1645 expiarent:
3537 1591 3650 1635 tum

2057 1655 2253 1746 deinde
2312 1658 2414 1714 hos
2456 1660 2511 1714 in
2570 1659 2712 1719 coelo
2763 1679 2886 1718 cum
2918 1664 3081 1735 justis
3111 1669 3434 1738 collocabat,
3493 1671 3654 1746 ιω

2058 1745 2260 1817 Deique
2281 1748 2626 1805 clementiam
2676 1753 2816 1810 male
2854 1756 3191 1825 praetexebat
3230 1760 3314 1816 his
3342 1769 3649 1832 patronam.

2716 1928 2986 1987 Scholion.

2130 2018 2273 2089 ignis
2304 2019 2358 2073 in
2393 2019 2632 2076 humidis
2669 2021 2829 2093 lignis
2857 2039 2965 2079 non
2997 2025 3173 2092 ardet,
3205 2037 3259 2081 et
3285 2031 3526 2084 caelestis
3557 2046 3653 2084 ca-

2057 2110 2141 2164 lor
2176 2112 2229 2165 in
2262 2112 2450 2175 corde,
2506 2112 2655 2183 quod
2686 2123 2835 2169 amat
2887 2115 3124 2185 quietem
3162 2133 3258 2173 seu
3292 2120 3487 2185 otium,
3540 2135 3649 2176 non

2056 2203 2382 2258 exardescit.

2657 2398 2944 2459 GRADUS
2984 2401 3073 2462 Vl.

2550 2508 2628 2564 De
2665 2514 2920 2568 memoria
2960 2518 3167 2572 mortis.

2132 2600 2303 2655 Omne
2334 2598 2561 2656 verbum
2594 2604 2851 2672 praecedit
2880 2606 3178 2675 cngitatio;
3213 2609 3405 2665 mortis
3438 2625 3566 2668 vero
3595 2621 3654 2668 et

2061 2691 2381 2750 delictorum
2413 2695 2722 2750 recordatio
2741 2696 2951 2752 ducunt
2988 2699 3263 2756 hominem
3293 2701 3349 2756 in
3384 2702 3653 2774 lacrymas

2059 2794 2117 2841 et
2147 2786 2378 2845 luctum.
2413 2787 2649 2845 Proinde
2691 2789 2842 2858 justo
2886 2790 3080 2862 ordine
3125 2790 3241 2847 haec
3274 2791 3327 2846 in
3378 2792 3484 2848 hoc
3512 2795 3654 2849 libro

2061 2888 2192 2936 sunt
2239 2881 2528 2937 collocata.
2588 2880 2779 2936 Mortis
2827 2883 3091 2937 memoria
3134 2883 3455 2954 quotidiana
3506 2898 3657 2941 mors

2060 2983 2180 3039 est;
2227 2974 2457 3027 extremi
2504 2987 2636 3028 vero
2690 2975 2871 3028 exitus
2926 2974 3237 3030 recordatio
3283 2976 3543 3032 assiduus
3570 2987 3657 3033 est

2060 3066 2319 3137 gemitus.
2353 3065 2529 3120 Metus
2559 3066 2753 3125 mortis
2780 3081 2809 3119 a
2846 3075 3039 3122 natura
3065 3068 3433 3137 proﬁciscitur
3459 3084 3525 3124 ex
3567 3072 3655 3124 iu-

2061 3156 2371 3214 obedientia
2387 3164 2582 3222 natus;
2618 3165 2824 3211 tremor
2842 3168 3021 3213 autem
3042 3158 3257 3225 mortis,
3271 3170 3656 3230 argumentum

2061 3259 2143 3303 est
2177 3246 2347 3305 animi
2380 3262 2475 3317 per
2500 3247 2877 3317 pmnitentiam
2915 3264 3024 3304 non
3053 3249 3276 3320 expiati.
3333 3251 3660 3322 Expavescit

343 3330 578 3431 τρέμει,
622 3356 714 3412 ἴνα
763 3353 873 3409 τῶν
920 3351 1015 3406 δύο
1063 3347 1281 3420 φύσεων
1330 3347 1400 3407 τὰ
1453 3343 1723 3413 ἰδιώματα
1768 3344 1957 3414 σαφῶς

2062 3341 2316 3397 Christus
2370 3350 2627 3405 mortem,
2661 3355 2766 3394 non
2802 3342 3102 3407 tremiscit,
3145 3352 3206 3398 ut
3251 3344 3485 3398 duarum
3514 3345 3569 3399 in
3599 3359 3661 3401 se

346 3450 660 3525 ἐμφανίσῃ.
703 3448 793 3513 Ὠς
833 3443 1026 3501 πασῶν
1067 3441 1288 3515 τροφῶν
1334 3441 1364 3493 6
1396 3439 1562 3512 ἄρτος
1595 3437 1959 3507 ἀναγκαιότε-

354 3560 484 3617 ρος,
517 3540 685 3605 οὕτως
723 3538 918 3595 πασῶν
957 3533 1235 3606 ἐργασιῶν
1288 3536 1321 3603 ή
1355 3531 1452 3586 τοῦ
1479 3530 1713 3585 θανάτου
1746 3529 1954 3585 ἔννοια·

355 3635 552 3706 μνήμη
579 3632 655 3702 (2)
678 3631 913 3686 θανάτου
938 3629 1107 3698 γεννᾷ
1134 3628 1192 3682 ὲν
1227 3628 1325 3696 μὲν
1353 3625 1471 3687 τοῖς
1497 3625 1554 3677 ὲν
1586 3622 1738 3695 μέσῳ
1765 3621 1962 3687 πόνους

349 3727 458 3782 καὶ
502 3723 853 3794 ἀδολεσχίας·
900 3720 1102 3791 μᾶλλον
1134 3717 1193 3772 δὲ
1222 3716 1450 3788 ἀτιμίας
1481 3714 1725 3787 ἡδύτητα
1745 3733 1759 3746 ·
1808 3713 1962 3786 παρὰ

349 3822 418 3875 δὲ
444 3821 556 3881 τοῖς
585 3818 744 3880 ἐκτὸς
775 3812 1009 3885 θορύϐου
1047 3810 1347 3884 φροντίδων
1381 3808 1644 3863 ἀπόθεσιν
1670 3807 1765 3862 καὶ
1794 3807 1961 3879 εὐχὴν

355 3907 608 3979 διηνεκῆ,
637 3905 735 3967 καὶ
773 3904 895 3968 νοὸς
942 3903 1211 3974 φυλακήν.
1249 3901 1318 3954 Δί
1362 3899 1527 3953 αὐταὶ
1556 3897 1613 3952 δὲ
1645 3898 1818 3970 αὐτῆς
1866 3898 1963 3952 καὶ

366 3998 607 4072 μητέρες
631 3998 727 4051 καλ⁹
772 3995 1075 4067 θυγατέρες
1095 3995 1531 4065 κατεστήκασιν·
1564 3990 1642 4055 ὼς
1675 3990 1912 4063 φανερὸς
1932 3988 1963 4043 ό

365 4091 704 4162 κασσίτηρος
721 4090 868 4162 παρὰ
884 4089 976 4143 τὸν
992 4088 1257 4160 ἄργυρον,
1273 4085 1377 4141 κᾶν
1391 4085 1491 4157 τὴν
1508 4084 1743 4157 θεωρίαν
1761 4083 1960 4147 ἔοικεν,

369 4180 550 4245 οὕτως
599 4181 754 4251 παρὰ
801 4182 914 4244 τοῖς
961 4179 1325 4250 διακριτικοίς
1377 4177 1586 4248 φανερὰ
1616 4176 1710 4229 καὶ
1741 4174 1879 4246 δήλη
1926 4176 1962 4251 ή

369 4271 599 4342 φυσικὴ,
631 4271 726 4326 καὶ
755 4273 788 4343 ἡ
822 4271 975 4341 παρὰ
1008 4268 1172 4339 φύσιν
1201 4267 1375 4324 δειλία
1402 4268 1504 4339 τῆς
1544 4265 1749 4332 ἐξόδου.
1789 4266 1963 4321 Τοῦτο

365 4362 569 4432 ἀληθὲς
597 4363 898 4434 τεκμήριον
930 4360 1039 4415 τῶν
1065 4362 1124 4415 ὲν
1173 4359 1430 4433 αἰσθήσει
1464 4359 1694 4429 καρδίας
1744 4376 1962 4430 μνημο-

363 4457 630 4511 νευόντων
669 4454 767 4510 τοῦ
823 4455 1083 4520 θανάτου,
1130 4456 1165 4525 ή
1215 4453 1352 4528 πρὸς
1399 4455 1582 4512 πᾶσαν
1633 4453 1735 4526 τὴν
1783 4454 1963 4511 κτίσιν

360 4547 613 4612 ἑκούσιος
671 4547 1090 4621 ἁπροσπάθεια,
1146 4546 1242 4601 καὶ
1299 4545 1396 4599 τοῦ
1458 4546 1591 4615 ίδίου
1655 4546 1963 4619 θελήματος

359 4641 637 4713 παντελὴς
667 4639 1076 4711 ἐγκατάλειψις,
1109 4640 1346 4712 Δόκιμος
1388 4640 1510 4712 μὲν,
1541 4642 1569 4694 6
1618 4640 1809 4696 τοῦτον
1837 4641 1960 4696 καθ’

357 4734 583 4805 ἡμέραν
627 4735 847 4800 πάντως
878 4733 1332 4806 προσδεχόμενοςε
1369 4733 1526 4803 ἅγιος
1574 4733 1653 4798 δὲ,
1697 4734 1726 4785 6
1771 4734 1963 4789 τούτου

356 4826 488 4881 καθ’
521 4826 674 4900 ῶραν
713 4828 1027 4900 ἐφιέμενος.
1081 4828 1159 4882 Οὐ
1204 4830 1358 4882 πᾶσα
1404 4828 1675 4900 ἐπιθυμία
1729 4828 1964 4887 θανάτου

351 4919 567 4992 ἀγαθή.
604 4920 726 4975 Etsi.
750 4921 862 4994 γὰρ
908 4923 959 4975 οί
990 4920 1252 4993 διηνεκῶς
1288 4921 1384 4993 βίᾳ
1432 4922 1600 4987 ἕξεως
1651 4921 1962 4990 πταίοντες,

353 5013 465 5069 καὶ
495 5014 684 5071 τοῦτον
728 5015 1017 5086 εὐχόμενοι
1051 5016 1190 5086 μετὰ
1235 5016 1623 5080 ταπεινώσεως
1645 5030 1658 5043 ⁸
1693 5018 1790 5070 καὶ
1823 5017 1965 5070 εἰσὶν

350 5106 524 5174 αὖθις
548 5111 600 5164 ot
632 5113 966 5182 μετανοῆσαι
1000 5111 1075 5183 μὴ
1112 5111 1453 5183 βουλόμενοι,
1489 5113 1583 5165 καὶ
1613 5112 1703 5165 τὸν
1730 5112 1963 5167 θάνατον

353 5204 428 5269 ἐξ
456 5202 826 5273 ἀπογνώσεως
854 5205 1357 5277 προσκαλούμενοι·
1393 5206 1486 5260 καὶ
1514 5206 1652 5263 εἰσὶν
1674 5207 1726 5259 ot
1764 5205 1825 5270 ἐξ
1847 5208 1965 5279 οἰή-

355 5312 504 5358 σεως
532 5297 766 5361 ἀπαθεῖς
798 5298 1031 5363 ἑαυτοὺς
1082 5297 1321 5368 ἔχοντες,
1360 5301 1452 5353 καὶ
1498 5299 1690 5354 τοῦτον
1739 5300 1817 5371 μὴ
1855 5302 1962 5356 δει·

350 5389 706 5460 λαινόμενοιο
760 5393 857 5445 καὶ
887 5393 1048 5458 εἰσὶν,
1090 5392 1251 5463 εἴπερ
1301 5394 1401 5448 καὶ
1438 5391 1533 5451 νῦν
1566 5393 1676 5465 ἄρα
1702 5396 1862 5459 εἰσιν,
1913 5397 1964 5450 oi

351 5482 433 5537 δι’
482 5483 768 5556 ἐνεργείας
794 5485 1113 5557 Πνεύματος
1147 5486 1304 5553 ἁγίου
1338 5487 1439 5558 τὴν
1470 5487 1739 5558 ἐκδημίαν
1768 5487 1963 5561 ἐπιξηο

351 5569 585 5636 τοῦντες
621 5573 722 5645 τὴν
755 5573 988 5628 ἑαυτῶν.
1040 5574 1276 5645 Ζητοῦσί
1312 5593 1458 5638 τινες
1491 5578 1587 5632 καὶ
1616 5577 1961 5648 διαποροῦσι,

2064 3441 2254 3488 natura
2265 3447 2384 3486 rum
2403 3434 2653 3503 proprias
2673 3432 2991 3490 aﬁ‘cctiones
3007 3435 3432 3491 demonstraret.
3461 3436 3662 3504 Quem-

2062 3525 2359 3580 admodum
2396 3540 2465 3579 ex
2494 3527 2643 3580 omni
2673 3540 2871 3595 genere
2920 3527 3168 3581 ciborum
3201 3528 3361 3596 panis
3382 3536 3465 3583 est
3487 3531 3663 3582 innxi-

2066 3634 2151 3674 me
2181 3618 2549 3683 necessarius,
2576 3620 2650 3674 ita
2681 3635 2747 3673 ex
2780 3620 3040 3675 omnibus
3091 3621 3405 3677 actionibus
3435 3622 3664 3677 medita-

2065 3711 2144 3766 tio
2170 3711 2385 3767 mortis.
2419 3711 2614 3767 Mortis
2640 3711 2948 3768 recordatio
3002 3712 3057 3766 in
3085 3712 3156 3768 iis
3194 3714 3439 3784 quidem,
3473 3715 3570 3785 qui
3607 3715 3663 3769 in

2065 3805 2345 3861 communi
2378 3804 2610 3860 fratrum
2665 3814 2981 3873 versantur,
3015 3806 3159 3875 parit
3217 3804 3437 3862 labores
3460 3813 3515 3860 et
3547 3804 3667 3876 pias

2066 3898 2509 3964 exercitationes,
2555 3899 2666 3953 imo
2705 3911 2836 3953 vero
2862 3905 3212 3968 contemptus
3237 3898 3571 3954 desiderium
3601 3905 3657 3951 et

2066 3992 2437 4047 dulcedinem.
2474 3990 2580 4058 Qui
2613 4005 2744 4045 vero
2771 3999 2927 4046 extra
2961 3990 3152 4046 turbas
3181 3990 3261 4058 (in
3287 3989 3584 4046 solitudine
3645 3988 3664 4058 )

2065 4089 2291 4158 degunt,
2324 4088 2392 4143 iis
2429 4085 2587 4141 aﬂ'ert
2631 4099 2891 4141 curarum
2942 4085 3189 4141 omnium
3244 4084 3574 4152 neglectum,
3608 4094 3665 4136 et

2067 4180 2311 4251 suggerit
2366 4188 2656 4249 perpetuas
2712 4191 2928 4248 preces,
2969 4177 3282 4247 mentisque
3330 4176 3658 4230 custodiam.

2068 4274 2200 4341 Qum
2244 4274 2477 4328 virtutes
2524 4272 2688 4344 hujus
2740 4271 3033 4343 genitrices
3065 4279 3196 4326 sunt
3233 4278 3287 4325 et
3316 4269 3460 4323 tiliae.
3509 4267 3665 4323 Sicut

2067 4376 2327 4423 stanuum
2390 4366 2435 4420 si
2468 4380 2597 4421 cum
2646 4374 2874 4435 argento
2923 4371 3313 4433 componatur,
3376 4361 3535 4417 facile
3595 4363 3665 4417 ab

2066 4460 2161 4514 illo
2193 4458 2515 4524 secernitur,
2540 4462 2896 4529 quantumvis
2920 4459 3058 4515 alias
3088 4458 3166 4513 illi
3190 4458 3371 4514 simile
3392 4458 3662 4520 videatur.

2073 4550 2228 4631 151
2257 4552 2330 4606 ita
2363 4551 2400 4606 ii
2438 4551 2533 4622 qui
2565 4566 2749 4607 rerum
2787 4552 3102 4607 divinarum
3142 4552 3509 4621 cognitionem
3561 4551 3663 4606 ha-

1999 4676 2042 4732 D
2074 4649 2222 4707 hcnt,
2261 4655 2475 4702 certum
2507 4654 2561 4700 et
2588 4644 2938 4701 manifestum
2988 4645 3289 4701 discrimen
3323 4646 3466 4700 inter
3504 4653 3664 4699 natu-

2072 4740 2240 4795 ralem
2276 4739 2469 4794 mortis
2493 4749 2722 4806 metum,
2757 4747 2809 4793 et
2847 4753 2973 4793 eum
3008 4739 3103 4808 qui
3137 4749 3221 4793 est
3252 4748 3449 4810 printer
3505 4746 3666 4792 natu-

2071 4848 2186 4890 ram
2218 4840 2439 4885 norunt.
2470 4829 2583 4887 lloc
2615 4839 2797 4886 autem
2851 4830 3222 4887 certissimum
3265 4841 3349 4887 est
3378 4830 3664 4894 indicium,

2070 4923 2193 4977 illos
2226 4938 2290 4977 ex
2325 4920 2511 4975 animo
2563 4922 2758 4976 mortis
2791 4922 3113 4976 memoriam
3158 4922 3500 4992 complexos,
3536 4936 3666 4975 sena

2068 5031 2242 5087 suque
2273 5015 2452 5071 cordis
2478 5015 2798 5085 impressam
2834 5015 3035 5070 habere
3070 5016 3163 5087 qui
3184 4998 3406 5073 omnem
3432 5029 3558 5086 erga
3577 5029 3665 5068 res

2068 5123 2262 5164 omnes
2279 5118 2489 5164 creatas
2520 5108 2772 5163 allectum
2805 5118 3099 5173 exuerunt,
3118 5124 3383 5180 suamque
3407 5107 3663 5161 νοΙιιιιιι-

2068 5211 2175 5258 tem
2207 5199 2549 5271 abjccerunt.
2574 5197 2905 5254 Laudandus
2924 5199 3143 5269 quidem
3166 5200 3256 5255 illc
3272 5208 3376 5264 est,
3395 5198 3485 5269 qui
3515 5213 3663 5251 mor-

2071 5304 2176 5351 tem
2220 5303 2481 5365 tanquam
2521 5296 2686 5352 hodie
2725 5305 3013 5353 venturam
3072 5306 3349 5367 exspectat
3382 5310 3397 5347 :
3433 5295 3526 5349 sed
3571 5293 3660 5348 ille

2067 5398 2316 5453 sanctus,
2342 5389 2434 5460 qui
2467 5388 2718 5445 eamdem
2748 5405 2965 5460 semper
2999 5390 3297 5445 desiderat.
3344 5385 3461 5443 Non
3497 5402 3661 5442 omne

2068 5479 2339 5536 moriendi
2385 5480 2721 5537 desiderium
2760 5482 3101 5552 probandum
3134 5475 3235 5536 est.
3272 5480 3485 5535 Rursus
3527 5489 3660 5535 sunt

2067 5574 2157 5645 qui
2192 5572 2332 5627 mori
2372 5588 2438 5627 ex
2469 5573 2778 5629 humilitate
2816 5573 3059 5643 cupiant,
3095 5575 3240 5642 quod
3264 5572 3313 5626 vi
3342 5572 3576 5642 quadam
3606 5583 3662 5628 et

354 5661 512 5725 τίνος
546 5662 735 5717 ἕνεκεν
775 5662 951 5728 οὕτως
986 5664 1382 5737 εύεργετούσης
1429 5668 1577 5737 ἡμᾶς
1605 5666 1710 5737 τῆς
1737 5668 1831 5722 τοῦ
1863 5669 1959 5724 θα-

2069 5664 2462 5723 consuetudine
2530 5668 2787 5736 peccandi
2843 5668 2909 5721 ad
2981 5676 3265 5738 peccatum
3318 5667 3662 5723 continenter

355 5752 528 5807 νάτου
583 5756 832 5827 μνήμης,
888 5756 989 5827 τὴν
1035 5758 1228 5814 τούτου
1284 5758 1591 5831 πρόγνωσιν
1639 5762 1667 5814 ὀ
1724 5760 1856 5826 Θεὸς
1904 5760 1964 5827 ἐξ

356 5846 524 5917 ἡμῶν
555 5847 901 5918 ἀπέκρυψεν,
939 5851 1013 5922 μὴ
1046 5851 1413 5919 γινώσκοντες
1439 5852 1520 5905 ὅτι
1548 5852 1649 5922 τὴν
1685 5854 1962 5925 σωτηρίαν

361 5939 525 6011 ήμῶν
580 5943 608 5996 6
661 5941 796 6007 Θεὸς
844 5943 934 6001 διὰ
987 5946 1179 6002 τούτου
1244 5947 1545 6018 εἰργάσατο
1618 5949 1957 6022 θαυμασίως.

2069 5761 2376 5816 trahantur.
2413 5759 2554 5816 Sunt
2577 5762 2672 5833 qui
2704 5763 2970 5833 ptenitere
2996 5762 3208 5826 nolunt,
3239 5772 3295 5819 et
3322 5775 3556 5820 mortem
3588 5779 3657 5820 ex

2065 5854 2448 5925 desperatione
2471 5863 2776 5909 arcessunt.
2813 5854 2954 5909 Sunt
2986 5870 3209 5911 rursum
3233 5856 3326 5928 qui
3364 5872 3423 5913 se
3449 5855 3658 5911 affecti-

2068 5950 2169 6009 bus
2198 5949 2398 6007 liberos
2432 5948 2499 6005 ad
2549 5963 2779 6006 summae
2826 5949 3241 6024 tranquillitatis
3293 5959 3495 6008 statum
3536 5964 3661 6019 per-
