4110 6494
479 395 591 459 795

1727 394 1788 455 S.
1810 392 2132 453 JOANNIS
2163 390 2472 453 CLIMACI

3630 390 3734 454 796

481 509 699 567 venisse
737 508 864 575 rati,
920 518 1146 564 mortem
1196 521 1304 562 non
1360 505 1658 562 formidant
1685 516 1777 562 :et
1819 516 1968 573 sunt,
2014 506 2059 561 si

2168 505 2351 570 Οὐδεὶς
2381 504 2490 575 γὰρ
2513 504 2606 558 τὸν
2632 502 2825 558 ἑαυτοῦ
2849 502 3079 556 θάνατον
3106 501 3375 573 προγνοὺς
3403 500 3510 573 πρὸ
3534 500 3736 556 πολλοῦ

483 611 663 656 tamen
694 601 857 656 hodie
904 608 1052 663 sunt,
1094 597 1185 669 qui
1223 613 1317 667 per
1373 596 1610 667 Spiritus
1659 598 1833 653 sancti
1867 597 1977 652 vim
2007 607 2064 651 et

479 692 736 746 virtutem
788 689 1025 759 migrare
1077 703 1107 742 e
1159 687 1267 740 vita
1325 687 1575 755 cupiunt.
1634 685 1895 753 Quazrunt
1961 687 2064 742 hoc

482 777 606 832 loco
663 774 933 841 nonnulli,
985 782 1039 830 et
1098 773 1348 828 dubitant
1401 774 1534 843 quid
1582 774 1673 839 sit,
1708 775 2060 845 quamobrem

482 868 626 923 Deus
649 882 747 922 nos
770 873 1067 921 extremum
1092 863 1214 920 vitae
1230 866 1372 920 dicm
1397 866 1742 935 pratsciscere
1765 867 1919 933 nolit,
1938 882 2062 923 cum

482 960 745 1014 memoria
795 969 975 1012 tamen
1036 958 1232 1013 mortis
1277 957 1436 1013 nobis
1486 966 1593 1011 tam
1658 958 1917 1012 salutaris
1970 958 2063 1023 sit,

484 1052 795 1121 ignorantes
857 1049 1023 1104 Deum
1077 1049 1179 1104 hoc
1205 1050 1383 1120 ipsum
1425 1050 1620 1106 salutis
1673 1060 1875 1105 nostra?
1898 1066 2064 1106 causa

483 1142 680 1196 facere.
713 1141 883 1196 Nemo
902 1140 1100 1212 quippe
1131 1156 1198 1195 ex
1248 1141 1316 1196 iis
1343 1142 1434 1212 qui
1461 1141 1603 1196 diem
1645 1142 1769 1196 vita
1810 1141 2065 1197 ultimum

482 1233 838 1302 praeciperent
867 1231 1051 1284 animo
1099 1229 1191 1284 diu
1219 1242 1344 1284 ante
1370 1240 1625 1296 mortem,
1662 1238 1756 1283 aut
1787 1230 1854 1284 ad
1888 1229 2067 1299 bapti-

482 1338 662 1378 smum
693 1329 1035 1393 properaret,
1069 1332 1163 1375 aut
1194 1321 1508 1391 religiosam
1569 1320 1736 1374 vitam
1774 1321 2065 1390 protitcrc-

482 1422 574 1469 tur
604 1431 620 1470 :
646 1415 739 1470 sed
771 1414 1014 1484 plerique
1038 1428 1229 1468 omnes
1258 1427 1475 1468 omnem
1505 1414 1670 1467 vitam
1702 1426 1857 1467 suam
1892 1410 1945 1464 in
1969 1409 2071 1465 αα-

484 1504 630 1575 gitiis
662 1504 988 1569 detererent,
1017 1513 1068 1558 et
1105 1505 1156 1558 in
1193 1502 1341 1557 fatali
1373 1503 1591 1558 demum
1627 1502 1766 1557 hora
1792 1502 1858 1556 ad
1893 1502 2065 1557 cmlen

484 1602 621 1647 stem
671 1592 1016 1663 baptismatis
1047 1592 1250 1646 fontem
1303 1600 1357 1646 et
1403 1599 1750 1661 peccatorum
1800 1591 2066 1661 expiatio«

486 1697 610 1736 nem
650 1681 954 1737 accederet.
992 1679 1071 1735 Tu
1104 1695 1229 1735 vere
1259 1679 1483 1750 lugens,
1526 1678 1683 1751 142
1722 1694 2066 1750 nequaquam

486 1772 742 1830 admittas
770 1788 963 1828 canem
1021 1771 1173 1827 illum
1206 1780 1528 1833 tartareum,
1575 1771 1671 1841 qui
1707 1769 1877 1825 Deum
1911 1770 2065 1826 beni-

2162 599 2354 671 χρόνου
2399 597 2479 668 τῷ
2535 596 2904 666 βαπτίσματι,
2958 595 2992 664 ἢ
3040 596 3108 664 τῇ
3171 594 3433 664 μοναδικῇ
3490 593 3736 666 πολιτεία

2164 691 2561 763 προσέτρεχεν·
2619 688 2838 752 ἁπάσας
2897 687 2956 740 δὲ
3011 686 3110 749 τάς
3159 684 3355 739 ἑαυτοῦ
3415 685 3630 756 ἡμέρας
3680 691 3737 739 έν

2162 783 2415 853 ἁνομίαις
2454 781 2745 853 διέτριϐεν,
2794 782 2890 835 καὶ
2940 781 2998 834 ὲν
3046 778 3184 848 αὐτῇ
3217 778 3316 848 τῆς
3345 779 3530 845 ἐξόδου
3559 780 3640 841 είς
3677 778 3740 831 τὸ

2166 875 2449 946 βάπτισμα
2483 875 2578 927 καὶ
2615 875 2696 938 είς
2741 872 2841 942 τὴν
2886 871 3176 942 μετάνοιαν
3204 871 3567 942 προσήρχετο.
3612 870 3740 941 Μησ-

2163 969 2355 1021 δέποτε
2401 965 2614 1019 πενθῶν
2656 964 2916 1036 ἀποδέξῃ,
2966 963 3059 1018 τὸν
3106 962 3243 1015 κύνα
3284 965 3493 1017 εκεῖνον
3523 962 3616 1016 τὸν
3647 979 3741 1031 φι-

2164 1059 2482 1130 λάνθρωπόν
2532 1075 2614 1110 σοι
2660 1056 2752 1109 τὸν
2782 1056 2916 1109 Θεὺν
2965 1055 3362 1110 ύποὸἀλλοντα’
3399 1053 3599 1118 σκοπὸς
3628 1055 3741 1125 γὰρ

2164 1150 2337 1221 αὐτῷ,
2379 1148 2442 1203 τδ
2469 1148 2684 1213 πένθος,
2729 1148 2826 1200 καὶ
2860 1146 2951 1200 τὸν
2989 1147 3154 1215 φόϐον
3181 1147 3271 1200 τὸν
3307 1145 3511 1214 ἀςοδον
3542 1145 3609 1198 ἐκ
3645 1143 3741 1196 σού

2165 1240 2522 1309 ὲξεὼσασθαι,
2556 1240 2606 1293 εί
2639 1241 2712 1311 μή
2758 1256 2813 1291 τι
2844 1239 2912 1293 ἂν
2936 1239 3016 1302 είς
3044 1238 3268 1309 βαθεῖαν
3313 1237 3625 1305 ἀπόγνωσιν
3657 1234 3743 1308 ἴδῃ

2167 1332 2394 1388 σεαυτὸν
2442 1331 2918 1401 κατασυρόμενον·
2983 1329 3013 1381 ό
3064 1328 3283 1399 μνήμην
3330 1325 3599 1390 θανάτου,
3647 1322 3745 1377 καλ⁸

2166 1425 2401 1496 κρίσεως
2426 1420 2563 1475 Θεοῦ
2592 1422 2650 1474 ὲν
2694 1418 2872 1489 ἑαυτῷ
2912 1416 3000 1471 διὰ
3029 1417 3230 1479 παντὸς
3271 1414 3520 1484 κατέχειν
3555 1412 3745 1483 βουλό·

2172 1531 2354 1584 μενος,
2377 1511 2473 1565 καὶ
2499 1510 2746 1581 φροντίσι
2770 1507 2863 1562 καὶ
2892 1506 3295 1578 περισπασμοϊς
3321 1502 3525 1565 ὑλικοίς
3552 1499 3745 1554 ἑαυτὸν

2167 1606 2429 1670 ἐκδιδοὺς,
2475 1602 2660 1674 ὅμοιός
2685 1603 2801 1655 ἐστι
2828 1598 2906 1670 τῷ
2948 1598 3255 1669 νηχομένῳ,
3284 1595 3380 1649 καὶ
3420 1594 3519 1656 τάς
3548 1589 3745 1645 ἑαυτοῦ

2169 1699 2356 1770 χεῖρας
2423 1697 2647 1768 κρατεῖν
2713 1692 2789 1757 (al
2849 1689 3179 1762 βουλομένῳ.
3236 1687 3444 1756 Μνήμη
3514 1683 3744 1738 θανάτου

2170 1790 2403 1863 ἐναργὴς
2432 1785 2728 1859 περιέκοψε
2773 1783 3057 1855 βρώματα,
3110 1779 3417 1852 βρωμάτων
3465 1775 3521 1828 δὲ
3553 1775 3612 1827 έν
3647 1791 3742 1828 τα-

473 1878 654 1936 'snum
716 1875 769 1920 et
811 1864 1131 1920 clementem
1186 1876 1308 1918 esse
1363 1838 1606 1932 suaserit
1647 1861 1774 1933 (nisi
1828 1876 1953 1916 cum
2014 1870 2068 1916 ιθ
2102 1838 2142 1892 ⁸⁸
2169 1838 2731 1938 ξιὲῖξῶξέιξὲπὲντῷν
2763 1838 3202 1943 ὲᾷνεξεκάτὶηέςοὶν
3230 1838 3379 1940 ῖπάθη
3412 1868 3513 1940 ιδ).
3563 1866 3736 1920 Ἀναλ-

487 1958 659 2013 sentis
709 1957 895 2010 ultima
952 1969 1121 2026 prope
1170 1954 1551 2025 desperatione
1581 1953 1913 2023 absorberi);
1964 1955 2068 2008 hoc

485 2047 631 2102 enim
660 2045 842 2102 studet
872 2046 945 2101 uti
978 2045 1183 2100 luctum
1209 2054 1264 2099 et
1287 2046 1535 2101 timorem
1562 2044 1799 2110 Domini,
1830 2046 1923 2117 qui
1976 2060 2069 2099 ve-

486 2149 605 2189 ram
637 2135 780 2205 parit
829 2135 1174 2190 securitatem
1208 2134 1307 2190 abs
1327 2143 1380 2190 te
1432 2135 1703 2189 excludat.
1740 2135 1843 2202 Qui
1874 2136 2071 2192 mortis

486 2235 543 2280 et
563 2225 790 2279 extremi
819 2223 1008 2294 judicii
1059 2225 1379 2279 memoriam
1413 2225 1465 2279 in
1498 2240 1558 2280 se
1589 2226 1707 2295 ipso
1749 2235 2065 2295 perpetuam

487 2316 601 2371 vult
623 2316 785 2382 alere,
803 2324 858 2370 et
884 2316 1032 2370 curis
1049 2315 1265 2369 interim
1300 2314 1548 2386 profanis
1574 2331 1633 2372 se
1658 2326 1912 2385 occupat,
1945 2332 2069 2385 per-

487 2408 615 2463 inde
644 2406 794 2473 facit,
827 2416 990 2477 atque
1020 2407 1065 2461 is
1090 2407 1183 2477 qui
1207 2407 1327 2462 vult
1350 2408 1546 2463 vinctis
1578 2407 1830 2463 manibus
1856 2416 2067 2463 natare.

488 2498 626 2555 Vera
655 2508 833 2554 autem
868 2498 1057 2553 mortis
1090 2508 1146 2553 et
1177 2498 1365 2554 ellicax
1425 2499 1708 2553 meditatio
1730 2499 1911 2569 gulam
1949 2512 2069 2552 om-

488 2590 621 2645 nino
652 2598 845 2657 necat;
893 2591 1018 2661 gula
1043 2597 1224 2644 autem
1269 2590 1430 2656 victa,
1458 2588 1643 2658 iacent
1693 2589 1876 2643 omnia
1905 2588 2068 2643 simul

487 2682 620 2736 vitia
636 2681 801 2736 victa.
816 2678 1016 2736 Cordis
1031 2689 1115 2736 stu
1124 2695 1221 2750 por
1234 2688 1470 2734 mentem
1493 2688 1763 2746 excaecat;
1790 2679 1944 2749 copia
1961 2678 2067 2734 cibi

486 2771 694 2828 fontem
744 2773 1111 2844 lacrymarum
1162 2771 1433 2826 exhaurit.
1474 2770 1609 2826 Sitis
1661 2779 1716 2824 et
1739 2770 1938 2841 vigiliae
1972 2785 2071 2825 eor

486 2862 763 2934 affligunt;
789 2878 856 2919 ex
880 2863 1076 2918 amicto
1097 2861 1262 2918 corde
1286 2862 1541 2917 resiliunt
1561 2878 1737 2933 aquae.
1765 2862 1912 2916 Dura
1940 2870 2071 2917 sunt

486 2955 772 3026 haec,qute
798 2956 1058 3023 diximus,
1098 2955 1309 3027 gulosis
1356 2962 1407 3011 et
1455 2957 1629 3011 ventri
1678 2954 2068 3022 servientibus,

488 3047 754 3105 inertibus
783 3060 962 3104 autem
984 3049 1343 3105 incredibilia.
1376 3045 1447 3101 At
1480 3047 1565 3101 vir
1587 3047 1926 3102 exercitatus
1953 3048 2068 3101 haec

486 3140 738 3197 alacriter
769 3141 1135 3212 aggredietur,
1149 3148 1206 3196 et
1231 3154 1334 3194 usu
1360 3139 1555 3195 doctus
1588 3137 1785 3192 ridebit
1806 3152 1968 3208 super
1988 3137 2065 3192 rei

485 3231 765 3289 facilitate.
793 3232 896 3299 Qui
921 3246 1048 3288 vero
1074 3231 1143 3288 de
1173 3232 1258 3287 his
1281 3231 1521 3301 inquiret
1542 3239 1600 3284 et
1625 3229 1953 3299 disputabit,
1991 3229 2067 3282 nil

485 3322 594 3379 nisi
624 3323 900 3379 tristitiam
937 3321 1152 3377 referet.
1184 3318 1662 3387 Quemadmodum
1705 3317 1899 3374 Patres
1938 3317 2073 3372 cha-

486 3407 709 3461 ritatem
739 3404 1038 3476 perfectam
1076 3403 1182 3458 labi
1203 3416 1364 3472 posse
1387 3408 1679 3471 negarunt,
1713 3402 1795 3456 sic
1813 3416 1917 3471 ego
1948 3415 2074 3470 per-

486 3493 691 3550 fectum
734 3494 928 3550 mortis
976 3508 1199 3550 sensum
1242 3492 1454 3548 timoris
1501 3499 1781 3562 expertem
1832 3490 2068 3547 affirmo.

486 3585 654 3642 Multa
667 3597 797 3642 sunt
818 3585 1099 3641 industriae
1112 3584 1126 3658 ί
1139 3582 1411 3656 practice]
1426 3580 1626 3639 menth
1644 3597 1830 3651 opera,
1843 3582 2070 3645 amoris,

489 3677 739 3749 inquam,
765 3676 935 3732 divini
959 3677 1267 3739 meditatio,
1284 3674 1483 3731 mortis
1513 3672 1798 3737 memoria,
1824 3659 2075 3727 recorda-

491 3765 570 3823 tio
593 3765 715 3832 Dei,
772 3765 924 3837 regni
993 3765 1235 3821 cmicstis
1308 3763 1696 3834 contemplatio
1722 3801 1740 3828 ,
1808 3760 2075 3816 memoria

489 3856 703 3912 ardoris
731 3865 1045 3913 sanctorum
1097 3863 1417 3926 martyrum,
1479 3852 1744 3910 memoria
1773 3850 1868 3906 Dei
1922 3864 2070 3906 sern-

488 3962 587 4019 per
648 3948 966 4019 praesentis,
1013 3946 1477 4018 quemadmodum
1535 3945 1625 4001 iile
1676 3943 1810 4001 dicit
1867 3961 1881 3997 :
1930 3942 2070 3997 Pw-

488 4038 726 4093 oidebam
781 4038 1065 4092 Dominum
1113 4037 1193 4105 (in
1236 4044 1515 4105 conspectu
1563 4051 1675 4090 meo
1705 4050 1907 4104 semper
1959 4030 2068 4102 '°);

488 4131 757 4187 memoria
817 4130 1124 4186 ccclestium
1201 4135 1535 4200 potestatum
1597 4135 1652 4183 et
1709 4126 2024 4196 angelorum
2052 4164 2067 4189 ,

488 4224 756 4280 memoria
814 4223 993 4279 exitus
1048 4222 1282 4290 animae,
1366 4234 1632 4275 occursus
1704 4218 1771 4271 ad
1832 4213 2071 4270 tribunal

487 4313 621 4375 Dei,
676 4313 968 4383 supplicii,
1023 4311 1229 4367 ultimm
1317 4307 1604 4367 sententiae
1667 4305 2068 4373 pronuntiatio.

492 4402 650 4475 143
682 4405 727 4456 A
752 4403 965 4474 magnis
999 4401 1288 4473 coepimus,
1316 4400 1370 4453 in
1404 4399 1472 4455 iis
1501 4412 1623 4468 qum
1649 4396 1836 4467 lapsus
1864 4395 2070 4464 peccati

487 4496 782 4552 excludunt
820 4495 1080 4550 liniimns.
1126 4491 1416 4564 Egyptius
1485 4490 1708 4562 quidam
1775 4489 2068 4557 religiosus
2101 4514 2143 4567 ι)

487 4586 622 4641 Inibi
653 4586 785 4641 olim
816 4585 884 4640 de
921 4599 980 4640 se
1001 4583 1471 4645 commemoravit,
1506 4581 1651 4652 quod
1678 4590 1803 4651 post
1845 4580 2066 4634 infixam

488 4675 695 4741 animo,
745 4674 989 4744 adeoque
1009 4687 1134 4728 cum
1177 4686 1343 4728 sensu
1375 4671 1699 4741 impressam
1737 4668 1885 4723 cordi
1918 4682 2067 4722 mor-

485 4766 559 4820 tis
592 4764 912 4820 memoriam
948 4763 1180 4818 voluerit
1214 4778 1280 4817 ex
1310 4761 1516 4832 objecta
1550 4757 1888 4814 necessitatis
1914 4771 2069 4812 occa-

487 4855 645 4912 sione
683 4855 931 4910 nonnihil
978 4852 1182 4924 aliquid
1213 4852 1390 4908 solatii
1447 4852 1563 4906 luto
1594 4849 1843 4920 corporis
1881 4847 2060 4903 indul-

486 4961 635 5017 gere,
674 4945 778 5001 Sed
814 4960 911 5016 per
945 4945 1265 4999 memoriam
1309 4943 1524 5003 mortis.
1566 4939 1761 5010 inquit,
1799 4947 2059 5008 tanquam

489 5038 558 5093 ab
591 5038 775 5109 judice
822 5038 1130 5110 prohibitus
1164 5052 1306 5092 sum.
1347 5036 1413 5090 Et
1442 5034 1587 5105 quod
1618 5032 1938 5088 admirabile
1957 5039 2062 5097 est,

488 5145 613 5184 cum
645 5129 965 5184 memoriam
997 5128 1189 5184 mortis
1208 5126 1295 5197 (ad
1314 5125 1526 5196 horam)
1544 5124 1829 5179 excludere
1852 5122 2062 5188 vellem,

489 5238 601 5277 non
621 5223 793 5292 potui.
827 5222 979 5278 Alius
1008 5221 1102 5292 qui
1133 5214 1627 5275 hicinloco'l'holo
1651 5216 1797 5270 dicto
1818 5215 2064 5284 degebat,

489 5326 866 5382 sacpenumero
890 5326 955 5366 ex
987 5308 1299 5378 huiusmodi
1335 5306 1526 5361 mortis
1548 5306 1986 5361 consideratione
2033 5318 2062 5356 a

490 5404 745 5461 sensibus
779 5401 1035 5467 excessit,
1064 5408 1121 5456 et
1176 5398 1333 5470 quasi
1411 5396 1656 5454 defectus
1714 5397 1919 5464 animo,
1973 5407 2068 5450 aut

566 5524 610 5556 ³ο
642 5520 788 5577 Psal.
828 5536 922 5585 IV.
959 5518 1012 5575 8.

563 5613 780 5684 (albis.
812 5614 1065 5684 Κροτεῖν.
1085 5609 1190 5684 Sed
1219 5608 1537 5665 emendatus
1577 5609 1800 5680 κρατεῖν
1824 5608 1923 5684 τάς
1956 5607 2070 5684 .χεί-

497 5677 881 5752 ρας.’Κροτεῖν
922 5682 1021 5744 τὰς
1057 5683 1245 5752 χεῖρας
1282 5689 1425 5732 esset
1474 5677 1670 5733 manus
1722 5677 2068 5748 complodere

494 5764 590 5804 seu
622 5751 913 5821 complosis
938 5751 1194 5806 manibus
1230 5756 1436 5803 natare.

848 6444 991 6447 --πη
1042 6444 1075 6471 ς,
1240 6444 1323 6447 τ-

2167 1974 2333 2044 γησία
2359 1970 2586 2041 καρδίας
2634 1968 2895 2038 ὲπὼρωσε
2924 1964 3071 2029 νοῦν,
3104 1961 3409 2034 βρωμάτιον
3448 1959 3507 2011 δὲ
3542 1958 3742 2028 πλῆθος

2166 2068 2399 2141 ἐξήρανε
2443 2064 2627 2135 πηγάς
2646 2079 2660 2093 ⁸
2699 2062 2831 2132 δίψα
2861 2061 2957 2115 καὶ
2982 2057 3260 2129 ἀγρυπνία
3289 2052 3574 2122 ὲξέθλιψαν
3608 2065 3746 2119 καρο

2166 2165 2323 2219 δίαν·
2360 2160 2586 2232 καρδίας
2629 2159 2688 2212 δὲ
2729 2155 2992 2227 θλιδήσης
3023 2150 3381 2222 ἀπεπήδησαν
3427 2145 3596 2199 ὕδατα
3645 2141 3747 2213 (4).

2169 2255 2393 2328 Σκληρά
2424 2254 2524 2325 μὲν
2569 2248 3026 2321 γαστριμάργοις,
3056 2245 3262 2300 ἄπιστα
3285 2241 3342 2295 δὲ
3381 2236 3650 2328 ῥᾳθύμοις
3678 2232 3751 2286 τά

2169 2327 2458 2421 εἰρημένα.
2494 2343 2660 2414 Ἀνὴρ
2684 2341 2741 2394 δὲ
2771 2337 3071 2410 πρακτικὸς
3098 2333 3383 2403 δοκιμάσει
3414 2327 3716 2421 προθύμως
3734 2338 3749 2353 °

2168 2445 2197 2495 ό
2225 2417 2402 2511 -πείρᾳ
2435 2434 2685 2507 εὑρηκὼς
2731 2431 2981 2504 μηδιάσει
3015 2428 3108 2482 ἐπὶ
3136 2424 3348 2487 τούτοις
3367 2438 3383 2454 ⁸
3414 2422 3445 2474 ὁ
3468 2421 3524 2473 δὲ
3553 2417 3754 2511 ἐπιζη-

2169 2532 2298 2596 τῶν,
2330 2509 2781 2599 σκυθρωπότερος
2808 2523 2979 2576 ἔσται.
3012 2520 3224 2588 Ὠσπερ
3252 2514 3351 2585 τὴν
3380 2511 3590 2567 τελείαν
3616 2509 3757 2577 ἀγά-

2171 2640 2279 2694 πην
2302 2621 2351 2675 οἱ
2372 2619 2617 2690 Πατέρες
2638 2615 2887 2670 ἄπτωτον
2907 2608 3044 2665 εἶναι
3063 2608 3358 2681 ὁρίζονται,
3380 2601 3552 2694 οὕτως
3573 2599 3756 2694 ἔγωγε

2169 2690 2268 2786 τὴν
2299 2712 2513 2767 τελείαν
2537 2709 2630 2763 τοῦ
2670 2706 2901 2761 θανάτου
2937 2701 3187 2771 αἴσθησιν
3222 2696 3425 2767 ἄφοϐον
3447 2690 3588 2748 εἶναι

2171 2783 2461 2876 φαίνομαι·
2513 2801 2702 2855 πολλαὶ
2750 2799 2848 2871 μὲν
2890 2795 2985 2850 τοῦ
3032 2794 3151 2857 νοὸς
3187 2789 3283 2845 τοῦ
3335 2784 3646 2860 πρακτικοῦ
3677 2783 3756 2876 γαί

2169 2898 2426 2972 ἐργασίαι
2450 2913 2465 2928 ·
2513 2895 2659 2962 λέγω
2690 2892 2749 2945 δὲ
2789 2891 2968 2944 ἔννοια
2996 2888 3238 2958 ἀγάπης,
3270 2882 3371 2954 τῆς
3417 2880 3555 2950 πρδς
3580 2875 3755 2972 Θεόν·

2174 2970 2396 3065 μνήμης
2424 2988 2680 3051 θανάτου,
2716 2986 2938 3058 μνήμης
2986 2979 3144 3041 Θεοῦ,
3179 2977 3401 3052 μνήμης
3449 2970 3756 3065 βασιλείαςζ

2170 3061 2334 3158 ζήλου
2351 3061 2473 3137 ⁷τῶν
2499 3081 2670 3151 άγίων
2700 3077 3019 3152 μαρτύρων,
3052 3074 3271 3146 μνήμης
3303 3065 3468 3123 αὐτοῦ
3493 3064 3588 3118 τοῦ
3608 3061 3758 3116 Θεοῦ

2096 3172 2139 3230 C
2174 3179 2460 3251 παρόντος,
2494 3166 2635 3231 κατὰ
2666 3173 2756 3227 τὸν
2789 3171 3012 3226 εἰπόντα
3032 3185 3048 3202 ο
3081 3164 3449 3236 Προωρώμην
3484 3160 3596 3216 τόν
3616 3160 3759 3251 71w-

2166 3250 2325 3343 ριον.
2359 3271 2595 3340 Μνήμης
2627 3266 2797 3333 ἁγίων
2826 3262 2920 3316 καὶ
2948 3258 3150 3330 νοερῶν
3178 3255 3489 3343 δυνάμεωψ
3526 3250 3760 3343 μνήιξρς

2173 3336 2379 3424 ἐξόδου,
2437 3336 2817 3423 ἀπαντήσεως,
2878 3347 3180 3411 κολάσεως,
3242 3342 3589 3412 ἀποφάσεως.
3664 3336 3761 3390 Ἐν

2177 3450 2437 3522 μεγάλοις
2487 3446 2586 3518 μὲν
2632 3441 2943 3516 ⁴ἠρξάμεθα,
2980 3436 3321 3498 ἀναπτὼτοις
3357 3433 3419 3488 δὲ
3450 3428 3761 3522 κατελήξαέ

2342 3532 2653 3606 Διηγήσατό
2702 3530 2793 3604 μοί
2846 3546 2977 3583 ποτε
3020 3528 3321 3597 Αἰγύπτιος
3374 3520 3643 3611 μοναχὸς,Δ
3678 3518 3762 3581 ὡς

2172 3608 2256 3685 ότι
2301 3627 2441 3700 μετά
2470 3625 2571 3697 τὴν
2599 3625 2658 3678 ὲν
2686 3622 2936 3693 αἰσθήσει
2967 3618 3199 3691 καρδίας
3246 3615 3346 3685 τῆς
3373 3611 3466 3666 τοῦ
3514 3608 3761 3700 θανάτου

2177 3699 2399 3792 μνήμης
2433 3718 2728 3787 παγίωσιν,
2761 3711 3088 3785 θελήσαντός
3137 3725 3239 3781 μου
3280 3702 3474 3778 χρείας
3508 3699 3763 3792 καταλαξ

2173 3790 2374 3885 δούσης
2403 3811 2600 3884 μικρὸν
2632 3809 2725 3864 τὸν
2757 3806 2927 3878 πηλὸν
2957 3805 3035 3872 (5)
3065 3795 3592 3871 παραμυθήσασθαι,
3644 3790 3767 3885 ὑπό

2170 3909 2270 3977 τῆς
2324 3883 2566 3976 μνήμης,
2612 3901 2689 3964 ὡς
2720 3899 2823 3953 ὑπὸ
2855 3894 3111 3952 δικαστοῦ
3160 3890 3500 3959 κεκὼλυμαι.
3547 3885 3654 3938 Καὶ
3699 3883 3763 3937 τὸ

2174 3976 2507 4068 θαυμαστὸν,
2532 3994 2726 4064 ὅτιπερ
2754 3990 2851 4043 καὶ
2879 3986 3159 4058 βουληθεὶς
3178 3985 3277 4036 οὐκ
3296 3978 3572 4052 ἠδυνήθην
3598 3976 3762 4068 ἀπώ-

2175 4066 2406 4144 σασθαιο
2442 4085 2629 4157 ἕτερός
2673 4100 2757 4145 τις
2792 4080 2958 4135 οἰκῶν
2990 4075 3226 4131 ἐνταῦθα
3254 4075 3313 4126 ὲν
3349 4071 3428 4142 τῷ
3472 4066 3762 4138 λεγομένῳ

2171 4182 2322 4252 Θολῷ
2351 4180 2524 4250 τόπῳ,
2560 4174 2822 4236 πολλάκις
2868 4173 2934 4225 ἐκ
2962 4169 3063 4239 τῆς
3098 4166 3356 4235 τοιαύτης
3400 4161 3611 4222 ἑννοίας
3636 4157 3760 4252 sgi—

2175 4250 2360 4337 στατο,
2408 4273 2504 4325 καὶ
2534 4270 2610 4333 ὡς
2657 4266 3094 4335 όλιγοθυμήσας,
3130 4261 3166 4331 ἢ
3211 4259 3306 4312 καὶ
3352 4250 3760 4325 ὲπιληπτιάσας

2174 4367 2327 4437 παρά
2376 4364 2484 4417 τῶν
2533 4357 2939 4432 εὑρισκομένων
2982 4350 3263 4422 ἀδελφῶν,
3310 4348 3515 4437 ἄπνους
3535 4340 3761 4437 Δσχεδὸν

2176 4431 2526 4520 ἐϐαστάζετο.
2565 4431 2638 4505 Οὐ
2692 4447 2956 4518 σιωπήσω
3009 4459 3094 4496 σοι
3142 4437 3332 4495 καὶτὸ
3378 4433 3475 4490 τοῦ
3523 4431 3759 4503 ἡσυχίου

2174 4548 2269 4603 τοῦ
2318 4545 2638 4619 Χωρηὸίτου
2671 4542 2744 4611 (b)
2779 4538 3019 4610 σημᾶναι
3053 4534 3323 4605 διήγημα.
3359 4520 3530 4619 Οὗτος
3559 4524 3650 4577 ἀεὶ
3695 4526 3758 4619 εν

2176 4641 2325 4711 πάσῃ
2359 4615 2590 4708 ἀμελείᾳ
2616 4630 2874 4703 διέτριϐε,
2906 4628 3006 4695 τῆς
3036 4623 3237 4681 ἑαυτοῦ
3266 4620 3445 4692 ψυχῆς
3472 4617 3534 4711 τό
3568 4615 3759 4711 παρά-

2175 4750 2284 4785 παν
2299 4704 2381 4801 ’μὴ
2403 4704 2726 4794 ποιούμενος
2752 4718 3072 4791 ἐπιμέλειαν
3090 4732 3106 4748 ο
3130 4714 3438 4784 ἀσθενήσας
3463 4704 3558 4764 οὖν
3586 4706 3756 4801 ἐσχά-

2172 4841 2283 4887 τως
2433 4819 2708 4888 σὼματος.
2737 4814 2815 4877 ὡς
2845 4811 2940 4865 ἐπὶ
2973 4808 3123 4882 ὤραν
3151 4807 3281 4879 μίαν
3303 4802 3548 4876 ἀκριϐῶς
3575 4799 3758 4869 ἐξεδή-

2173 4947 2314 5002 μησε
2335 4947 2349 4961 ·
2383 4928 2480 4983 καὶ
2529 4926 2610 4989 είς
2653 4923 2816 4977 αὑτὸν
2846 4916 3158 4975 ἐπανελθὼν
3185 4916 3427 4971 δυσωπεῖ
3464 4912 3565 4984 μὲν
3605 4908 3758 4980 ἡμᾶς

2172 5034 2383 5095 πάντας
2433 5028 2636 5092 εὐθέως
2685 5025 3061 5098 ἀναχωρῆσαι.
3121 5019 3233 5075 Καὶ
3281 5016 3383 5088 τὴν
3431 5013 3603 5086 θύραν
3652 5011 3787 5081 τῆς

2170 5126 2367 5195 κέλλης
2395 5121 2823 5192 ἀνοικοδομήσας
2850 5118 3068 5188 ἔμεινεν
3100 5112 3247 5167 ἔνδον
3285 5109 3511 5183 χρόνους
3539 5105 3634 5160 δύο
3658 5104 3754 5158 καὶ

2173 5214 2309 5269 δέκα
2346 5213 2537 5286 μηδενὶ
2568 5213 2629 5266 τὸ
2666 5211 2930 5282 παράπαν
2965 5198 3406 5274 συντετυχηκὼς,
3437 5199 3498 5253 οὐ
3535 5195 3749 5286 μικρὸν,

2171 5307 2233 5360 οὐ
2273 5285 2446 5375 μέγαν
2475 5305 2653 5374 λόγον,
2689 5303 2787 5372 οὐχ
2818 5300 3006 5372 ἑτέρου
3038 5295 3204 5360 τινὸς,
3234 5292 3350 5348 ἀλλ’
3381 5292 3416 5363 ἢ
3461 5289 3624 5360 ἄρτου
3657 5285 3753 5340 καὶ

2175 5397 2368 5461 ὕδατος
2392 5394 2799 5467 ἀπογευόμενος
2820 5408 2835 5424 ο
2873 5391 3032 5463 μόνον
3063 5389 3121 5443 δὲ
3155 5381 3465 5459 καθήμῗενος
3492 5383 3588 5438 καλ⁸
3611 5379 3750 5452 πρὸς

2246 5607 2323 5677 (b)
2359 5606 2582 5664 Dubites
2611 5622 2682 5661 an
2710 5604 2781 5662 sit
2808 5603 2897 5661 hic
2931 5600 3212 5674 proprium
3248 5609 3445 5654 nomen
3471 5582 3743 5662 Hesychii,

2172 5692 2241 5733 an
2272 5693 2584 5733 commune.
