4110 6416
210 372 314 437 797

1230 383 1463 445 SCALA
1489 384 1872 446 PARADISI.
1906 410 1972 424 -
1999 389 2308 453 GRADUS
2344 395 2444 456 VI.

3382 400 3490 465 798

209 486 244 541 ἃ
263 481 507 559 ἑώρακεν
538 488 597 541 ἐν
626 488 694 558 τῇ
717 488 979 543 ἐκστάσει
1009 490 1328 564 ἐξηστηκὼς
1354 495 1581 559 σύννους
1609 496 1804 561 οὕτως,

1908 500 2102 556 morbo
2125 501 2387 559 comitiali
2441 506 2696 578 agitatus,
2729 523 2761 563 a
2824 506 3081 565 fratribus
3140 508 3498 570 inventus,et

209 578 284 643 ὡς
313 578 585 648 μηδέποτε
609 580 701 634 ἐπὶ
729 582 939 653 Κυρίου
970 583 1048 653 (a)
1075 585 1137 638 τὸ
1165 585 1294 639 ίδιον
1315 582 1446 658 ἦθος
1472 587 1796 655 ἀλλοιώσας,

207 666 321 723 ἀλλ’
347 666 543 732 ἔκνους
568 669 674 734 ἀεὶ,
698 669 794 723 καὶ
817 669 1030 742 δάκρυα
1061 672 1240 744 θερμὰ
1262 674 1503 747 ἀψοφητὶ
1529 677 1652 731 καθ’
1675 678 1796 733 ὅλου

210 760 594 830 προχεόμενος.
632 760 761 814 Ὅτε
789 761 847 814 δὲ
879 762 1113 833 ἤμελλεν
1138 764 1417 837 τελευτᾷν,
1451 767 1801 838 ἀναφράξανη

208 869 294 917 τες
321 852 425 923 τὴν
456 851 629 924 θύραν
681 852 1132 925 εἰσεληλύθαμεν,
1167 857 1262 908 καὶ
1313 855 1485 910 πολλὰ
1533 858 1795 929 δυσωπή-

213 961 422 1008 σαντες,
483 942 641 997 τοῦτο
689 945 784 997 καὶ
838 946 1001 1015 μόνον
1048 948 1177 1017 παρ’
1225 946 1390 1000 αὐτοῦ
1442 948 1797 1020 ἀκηκόαμεν·

213 1035 612 1104 Συγχωρήσατε
633 1051 649 1066 '
704 1035 878 1100 οὐδεὶς
938 1038 1157 1106 μνήμην
1219 1037 1454 1092 Θανάτου
1521 1038 1799 1108 ἐγνωκὼς,

211 1124 498 1192 δυνήσεται
531 1123 852 1195 ἁμαρτῆσαί
883 1142 1034 1179 ποτε.
1079 1125 1273 1196 Ἡμεῖς
1319 1127 1387 1180 δὲ.
1408 1127 1800 1199 ἐθαμὸούμεθα

212 1217 296 1269 τὸν
321 1213 500 1279 οὕτως
528 1214 722 1288 πρώην
755 1216 937 1287 ἀμελῆ
968 1216 1230 1287 ὁρῶντες,
1263 1217 1438 1282 οὕτως
1470 1218 1669 1292 ἀθρόον
1701 1239 1802 1292 με-

212 1308 641 1380 ταμορφωθέντα
685 1307 785 1377 τὴν
842 1307 1121 1379 μακαρίαν
1160 1308 1448 1366 ἀλλοίωσιν
1499 1314 1595 1366 καὶ
1635 1331 1801 1385 μετα-

220 1400 496 1471 μόρφωσιν
513 1414 529 1429 ο
564 1399 835 1467 θάψαντες
862 1398 920 1452 δὲ
945 1400 1110 1454 αὐτὸν
1137 1400 1301 1464 ὁσίως
1338 1402 1396 1455 ἐν
1424 1402 1503 1473 τῷ
1531 1422 1801 1475 κοιμητη-

219 1492 312 1563 ρίῳ
341 1490 421 1562 τῷ
449 1490 681 1561 πλησίον
709 1489 810 1544 τοῦ
836 1488 1079 1561 κάστρου
1097 1508 1111 1522 ·
1149 1492 1272 1562 μεθ’
1299 1495 1515 1565 ἡμέραν
1544 1496 1805 1567 ἐπιζητή-

221 1600 403 1647 σαντες
442 1583 504 1636 τὸ
553 1583 712 1651 ἆγιον
755 1583 922 1638 αὐτοῦ
955 1583 1228 1653 λείψανον,
1259 1586 1358 1656 οὐχ
1387 1586 1660 1657 εὕρομενο
1705 1588 1803 1642 τοῦ

220 1674 414 1745 Κυρίου
449 1673 546 1726 καὶ
577 1673 635 1726 ἐν
667 1672 844 1743 τούτῳ
875 1673 975 1744 τὴν
1003 1677 1492 1747 μεμεριμντμιένην
1522 1677 1686 1731 αὐτοῦ
1708 1679 1804 1731 καὶ

220 1764 522 1831 ἀξιέπαινον
555 1765 848 1836 μετάνοιαν
875 1765 1414 1838 πληῳφορήσαντος,
1445 1770 1655 1832 πάντας
1677 1770 1803 1833 τοὺς

223 1857 589 1929 βουλομένους,
626 1856 723 1910 καὶ
771 1858 911 1927 μετὰ
962 1858 1166 1930 πολλὴν
1206 1860 1468 1929 ἀμέλειαν
1503 1861 1805 1932 διορθώσα-
1836 1841 1878 1895 Β

226 1949 344 2002 σθαι
372 1948 448 2018 (6)
470 1966 483 1979 ·
519 1948 708 2020 ὥσπερ
736 1949 839 2020 τὴν
884 1949 1126 2004 ἄϐυσσον
1154 1951 1449 2021 ἀπέρατον,
1487 1952 1632 2015 τινὲς
1665 1949 1803 2008 εἶναι

230 2040 492 2112 ὁρίζονται
505 2057 520 2070 ·
537 2040 696 2094 τύπον
711 2039 818 2111 γὰρ
834 2041 1008 2111 αὐτὴν
1031 2040 1290 2095 καλοῦσιν
1304 2042 1678 2113 ἅπύθμαντον.
1700 2043 1801 2098 0b-

232 2135 383 2202 τωςή
412 2132 504 2186 τοῦ
535 2130 758 2187 θανάτου
797 2132 975 2191 ἔννοια
1002 2132 1278 2203 ἄφθαρτον
1307 2134 1400 2188 καὶ
1451 2133 1548 2205 τὴν
1578 2134 1806 2202 ἁγνείαν

234 2225 427 2296 καὶτὴν
446 2226 703 2296 ἐργασιῖιν
718 2226 1001 2293 κέκτηται.
1022 2224 1345 2280 Βεϐαιοῦται
1360 2226 1421 2280 δέ
1438 2226 1499 2280 τὸ
1515 2228 1804 2297 εἰρημένον

227 2317 256 2371 ὁ
278 2316 663 2387 προειρημένος
687 2316 1020 2387 ὄσιος.Φ66ῳ
1039 2315 1204 2386 ερόὸον
1224 2302 1488 2388 διηνεκῶς
1507 2320 1559 2371 οἱ
1575 2319 1805 2373 τοιοῦτοι

224 2410 752 2481 προσλαμϐάνοντες,
780 2412 843 2465 ού
875 2412 1143 2466 παύονται
1170 2411 1333 2483 ἄχρις
1377 2410 1445 2467 ἂν
1475 2415 1570 2466 καὶ
1601 2412 1742 2486 αὕτη
1770 2415 1804 2484 ή

220 2503 323 2556 τῶν
350 2503 556 2556 ὀστέων
605 2503 958 2575 ἐκδαπανηθιῇ
1003 2502 1255 2575 δύναμις.
1304 2504 1491 2576 Δῶρον
1531 2504 1668 2559 Θεοῦ
1711 2508 1806 2560 καὶ

218 2597 369 2652 τοῦτο
399 2598 545 2669 μετὰ
589 2599 812 2653 πάντων
842 2599 1064 2669 ἀγαθῶν
1094 2593 1236 2654 εἶναι
1270 2601 1498 2664 ἑαυτοὺς
1531 2600 1639 2672 πλη
1648 2617 1808 2671 popo-

222 2692 503 2763 ρήσωμεν·
554 2691 683 2745 ἐπεί
740 2709 860 2756 πως
908 2691 1172 2755 πολλάκις
1217 2692 1316 2746 καὶ
1363 2693 1421 2746 ἐν
1465 2692 1650 2755 αὐτοῖς
1694 2695 1807 2756 τοίς

220 2788 461 2858 μνήμασι
485 2787 949 2860 παραγενόμενοι,
967 2786 1266 2859 ἀδάκρυτοί
1288 2803 1433 2849 τινες
1451 2786 1547 2840 καὶ
1578 2786 1807 2857 σκληροὶ

214 2879 544 2952 διαμένομεν
560 2897 575 2910 ·
602 2880 763 2943 ἐκτὸς
787 2880 848 2933 δὲ
871 2880 974 2950 τῆς
999 2879 1257 2951 τοιαύτης
1288 2878 1523 2950 θεωρίας
1553 2878 1808 2933 πλειστά-

214 2990 300 3036 κις
337 2971 836 3043 καταωσσώμεθα.
896 2971 957 3024 '0
1008 2972 1228 3026 πάντων
1276 2972 1593 3041 νεκρωθεὶς,
1649 2964 1806 3033 οὗτος

215 3063 447 3120 θανάτου
476 3065 887 3136 ἐμνημόνευσεν
906 3078 923 3095 ⁸
952 3065 984 3117 ὁ
1012 3065 1071 3118 δέ
1099 3063 1180 3117 ἐτι
1212 3064 1481 3133 σχετικδς,
1507 3064 1569 3116 ού
1608 3062 1806 3134 σχολά-

1905 606 2074 662 prope
2124 596 2399 650 exanimis
2459 607 2776 668 reportatus
2821 607 2923 655 est.
2979 599 3098 655 Non
3156 602 3493 655 committam

1858 701 1881 723 ο
1902 683 2034 751 quin
2074 685 2168 740 tibi
2201 686 2364 741 etiam
2395 687 2623 744 solitarii
2681 690 2826 747 illius
2848 690 3155 748 Chorebite
3183 691 3495 747 factumex-

1905 790 2126 843 ponam.
2166 775 2265 832 Hic
2294 778 2574 848 prioribus
2606 782 2790 848 annis,
2821 784 3064 853 neglecta
3096 800 3323 855 prorsus
3376 786 3496 839 ani-

1904 881 2006 922 ma:
2052 883 2182 923 cura
2214 879 2268 924 et
2297 871 2498 935 salute,
2530 874 2583 927 in
2612 890 2826 929 summa
2858 876 2979 931 vitae
3007 876 3276 947 religiosa:
3320 876 3493 945 negti—

1904 957 2085 1025 gentia
2124 961 2460 1017 versabatur.
2505 960 2744 1019 Tandem
2779 967 2928 1036 gravi
2987 967 3219 1022 amictus
3275 969 3488 1028 morbo,

1903 1063 2028 1103 cum
2059 1049 2127 1104 ad
2153 1061 2397 1108 extrema
2441 1070 2610 1124 prope
2635 1057 2891 1124 venisset,
2919 1058 2984 1113 ad
3009 1058 3172 1116 unius
3193 1060 3338 1113 hora:
3365 1074 3492 1128 spa-

1904 1148 2040 1202 tium
2068 1148 2180 1203 vita
2204 1150 2429 1205 omnino
2463 1150 2695 1206 cessisse
2726 1152 3029 1208 videbatur.
3055 1152 3159 1209 Sed
3193 1153 3285 1209 ubi
3314 1154 3381 1209 ad
3435 1170 3495 1211 se

1904 1240 2085 1306 rediit,
2113 1243 2324 1313 rogavit
2351 1230 2452 1297 nos
2486 1259 2677 1298 omnes
2709 1243 2787 1298 uti
2840 1246 3244 1315 quamprimum
3299 1262 3492 1301 omnes

1905 1331 1974 1385 ab
2004 1331 2096 1386 illo
2142 1333 2538 1389 recederemns.
2571 1333 2877 1404 Statimque
2906 1336 3055 1391 cellae
3088 1349 3205 1391 sua:
3262 1335 3491 1405 januam

1904 1423 2199 1489 obstruxit,
2231 1425 2540 1495 mansitque
2571 1426 2644 1481 ita
2679 1426 2923 1482 inclusus
2954 1441 3129 1502 annos
3154 1437 3296 1484 totos
3351 1430 3495 1483 duo-

1904 1511 2106 1576 decim,
2138 1512 2349 1567 nnllnm
2381 1515 2607 1569 verbum
2648 1528 2772 1570 cum
2808 1514 2920 1570 ullo
2955 1515 3193 1582 locutus,
3254 1517 3497 1588 nihilque

1906 1614 2103 1672 praeter
2149 1618 2348 1675 aquam
2389 1615 2443 1661 et
2471 1621 2669 1677 panem
2722 1609 2995 1679 gustabat.
3030 1608 3134 1665 Sed
3188 1609 3377 1666 eodem
3440 1611 3494 1665 in

1908 1693 2026 1748 loco
2068 1697 2350 1760 sessitans,
2384 1712 2445 1752 ea
2480 1713 2602 1767 quae
2634 1697 2686 1752 in
2717 1715 2944 1755 excessu
2979 1700 3190 1756 viderat
3222 1702 3297 1756 ita
3345 1700 3495 1770 cogi-

1908 1786 2188 1843 tabundus
2222 1787 2554 1856 revnlvebat,
2582 1799 2642 1846 ut
2675 1808 2958 1863 nunquam
2990 1794 3194 1864 proprii
3249 1793 3493 1864 corporis

1909 1889 2111 1935 statum
2146 1889 2202 1937 et
2231 1882 2479 1937 habitum
2535 1891 2793 1947 mutaret,
2824 1883 2918 1939 sed
2972 1900 3187 1955 semper
3228 1887 3494 1942 attonitus

1907 1979 1961 2024 et
1990 1971 2136 2026 velut
2165 1971 2232 2027 ab
2271 1973 2525 2028 sensibus
2554 1983 2840 2038 avocatus,
2873 1975 3093 2045 altoque
3130 1977 3348 2031 silentio
3402 1978 3496 2032 de-

1908 2060 2050 2116 ﬁxus
2094 2062 2395 2118 calentibus
2441 2063 2701 2136 lacrymis
2737 2066 3112 2121 mundaretur.
3168 2066 3304 2121 Cum
3367 2082 3498 2122 vero

1903 2153 2016 2223 jam
2054 2154 2131 2209 illi
2161 2170 2312 2211 mors
2342 2156 2671 2221 immineret,
2734 2156 2894 2230 144.
2952 2168 3064 2213 tum
3120 2174 3223 2214 nos
3279 2158 3495 2214 eiii-acta

1904 2246 2072 2315 janua
2104 2245 2355 2317 ingressi,
2383 2249 2662 2319 multaque
2694 2250 2898 2318 precati
2953 2249 3057 2304 hoc
3089 2265 3256 2303 unum
3296 2259 3349 2303 et
3406 2266 3499 2305 so-

1910 2336 2019 2390 lum
2071 2337 2140 2391 ab
2174 2337 2268 2392 illo
2322 2340 2688 2394 extorsimus:
2740 2339 3026 2410 ignoscite,
3086 2340 3279 2409 inquit,
3336 2355 3499 2394 nemo

1902 2426 2003 2497 qui
2028 2428 2222 2483 mortis
2245 2429 2565 2483 memoriam
2597 2428 2781 2483 animo
2816 2428 3075 2493 inﬁxerit,
3102 2442 3339 2500 unquam
3373 2444 3499 2499 pec—

1910 2532 2038 2573 care
2070 2519 2289 2588 poterit.
2321 2519 2443 2585 Quo
2469 2535 2572 2575 nos
2603 2535 2870 2590 responso
2919 2520 3156 2590 perculsi
3210 2520 3499 2590 obstupui-

1910 2622 2058 2676 mus,
2094 2608 2348 2664 admirati
2401 2621 2511 2665 tam
2556 2611 2792 2667 subitam
2850 2620 2903 2666 et
2932 2612 3146 2666 beatam
3201 2612 3325 2667 vital
3384 2627 3501 2667 mo-

1911 2715 2146 2771 rumque
2178 2703 2532 2757 mutationem
2567 2711 2621 2758 et
2650 2704 3141 2774 metamorphosin,
3186 2703 3279 2773 qui
3339 2714 3499 2758 antea

1917 2793 2094 2863 ipsius
2128 2793 2513 2863 negligentiam
2551 2809 2899 2850 noveramus.
2935 2794 3107 2861 Quem
3135 2811 3258 2849 cum
3283 2794 3336 2849 in
3382 2810 3500 2851 cte-

1911 2882 2161 2948 meterio,
2181 2883 2324 2951 quod
2355 2893 2539 2937 castro
2569 2883 2878 2953 proximum
2913 2892 3051 2945 erat,
3076 2883 3488 2953 sepelissemus,

1911 2972 2175 3044 postridie
2200 2974 2504 3028 revisentes
2559 2981 2811 3028 sanctum
2844 2973 2965 3043 ejus
2990 2989 3191 3044 corpus
3218 2973 3269 3027 in
3312 2975 3500 3044 sepul-

1913 3080 2010 3121 cro
2038 3081 2149 3121 non
2191 3065 2430 3135 amplius
2470 3064 2802 3132 invenimus,
2839 3063 3074 3119 Domino
3100 3065 3264 3119 simul
3298 3065 3353 3118 in
3395 3066 3501 3120 hoc

217 3171 299 3209 σει
332 3157 513 3226 ἑαυτῷ
540 3155 930 3218 ἀντεπιϐουλος
960 3153 1057 3210 ὢν.
1088 3154 1182 3226 Μὴ
1224 3154 1345 3208 θέλε
1375 3155 1454 3225 (7)
1480 3155 1688 3217 πάντας
1716 3152 1805 3207 διὰ

1909 3172 2100 3215 omnes
2130 3157 2381 3222 docente,
2435 3157 2528 3227 qui
2560 3166 2681 3227 post
2714 3157 2931 3227 longam
2997 3156 3161 3212 etiam
3212 3157 3503 3227 praeteritae

215 3247 366 3321 λόγον
388 3251 765 3321 πληροφορεῐν
793 3249 894 3320 τὴν
924 3248 1063 3319 πρὸς
1085 3247 1285 3310 αὐτοὺς
1312 3248 1535 3317 ἀγάπην
1557 3261 1573 3277 ο
1604 3246 1807 3316 μᾶλλον

213 3343 271 3398 δὲ
294 3343 428 3397 Θεὸν
469 3342 627 3397 αἰτοῦ
652 3341 859 3410 ταύτην
886 3340 1074 3402 αὐτοῖς
1100 3338 1359 3411 ἀρρήτως
1389 3338 1725 3410 ἐμφανίσαι·
1756 3339 1807 3391 εί

214 3437 271 3491 δέ
300 3437 396 3508 μὴ,
437 3436 541 3489 οὐκ
567 3434 854 3507 ἐξαρκέσει
889 3450 975 3487 σοι
1006 3434 1035 3487 ὁ
1062 3432 1256 3503 χρόνος
1286 3431 1424 3502 πρὸς
1465 3431 1680 3503 σχέσεις
1711 3431 1807 3486 καὶ

216 3530 533 3596 κατάνυξιν.
574 3529 667 3599 Μὴ
694 3524 913 3590 ἅπατῶ,
944 3525 1120 3596 ἄφρον
1151 3523 1378 3595 ἐργάτα,
1407 3523 1585 3594 χρόνῳ
1613 3522 1807 3595 χρόνον

215 3620 569 3692 ἀναπληροῦν
586 3637 601 3650 ·
631 3621 693 3671 οὐ
721 3619 833 3689 γὰρ
856 3616 1078 3688 ἐξαρκεῖ
1102 3618 1135 3687 ή
1159 3615 1343 3687 ἡμέρα
1368 3615 1487 3681 οὐδὲ
1514 3615 1576 3668 τὸ
1604 3614 1808 3685 ἑαυτῆς

217 3714 376 3785 χρέος
421 3711 505 3783 τῷ
547 3710 794 3779 Δεσπότῃ
828 3708 1131 3770 ἀνελλιπῶς
1162 3706 1483 3777 πληρῶσαι·
1526 3705 1678 3777 παρὰ
1715 3707 1809 3759 ἀν-

216 3804 457 3876 θρώποις
506 3805 609 3856 οὐκ
655 3802 794 3862 ἐστι.
835 3800 1021 3870 φησὶν,
1071 3799 1176 3853 οὐκ
1224 3798 1343 3851 ἔστι
1390 3798 1490 3868 τὴν
1535 3797 1810 3852 ἐνστῶσαν

218 3895 439 3966 ἡμέραν
486 3892 727 3957 εὐσεϐῶς
770 3891 1048 3957 διεξιέναι,
1102 3891 1153 3943 el
1214 3890 1288 3961 μὴ
1344 3890 1520 3959 αὐτὴν
1573 3889 1810 3959 ἐσχάτην

219 3987 432 4051 παντὸς
456 3984 555 4040 αὖ
580 3984 703 4057 μου
728 3984 1097 4054 λογισώμεθα.
1135 3984 1245 4036 Καὶ
1274 3981 1464 4052 θαῦμα
1493 3982 1663 4046 ὅντως
1690 3981 1809 4046 πῶς

219 4079 322 4133 καὶ
359 4077 637 4148 ’ωηατ
666 4077 988 4131 τιξινοοιοῦτον
1018 4074 1374 4146 ἐφθέγξαντο,
1412 4074 1536 4127 ἐπεὶ
1580 4074 1675 4126 καὶ
1714 4090 1807 4142 φι-

224 4171 490 4241 λοσοφίαν
512 4170 664 4225 τοῦτο
691 4164 833 4224 εἶναι
858 4169 1152 4240 ὁρίζονται,
1192 4167 1427 4239 μελέτην
1454 4166 1711 4220 θανάτου.

1911 3251 2037 3306 vitae
2064 3250 2450 3312 cessationem,
2484 3257 2539 3303 et
2596 3248 2981 3320 negligentiam
3029 3248 3095 3303 ad
3137 3246 3347 3319 frugem
3416 3262 3504 3303 re-

1914 3343 2103 3407 deunt,
2133 3350 2342 3412 gratam
2379 3342 2482 3397 sibi
2518 3340 2690 3396 fuisse
2724 3339 2911 3410 hujus,
2973 3341 3220 3410 adeoque
3253 3338 3502 3395 omnium

1912 3447 2033 3487 esse
2065 3440 2373 3486 accuratam
2422 3440 2475 3485 et
2505 3428 2832 3484 laudabilem
2859 3430 3259 3499 paenitentiam.
3301 3426 3506 3495 Quem-

1912 3521 2205 3576 admodum
2251 3531 2382 3577 sunt
2436 3521 2527 3592 qui
2611 3522 2873 3593 abyssum
2926 3535 3192 3591 aquarum
3258 3521 3505 3575 altitudi-

1913 3625 2039 3666 nem
2070 3612 2225 3666 vadis
2274 3622 2550 3666 carentem
2608 3611 2913 3677 detiniunt;
2958 3610 3141 3666 locum
3172 3611 3319 3665 enim
3350 3610 3503 3665 illum

1916 3704 2192 3774 appellant
2223 3703 2343 3759 sine
2373 3704 2526 3759 vadis
2553 3702 2747 3777 [fundo
2776 3702 3074 3775 carentem]
3120 3722 3136 3767 ;
3172 3704 3254 3758 sic
3312 3703 3508 3759 mortis

1917 3794 2200 3849 meditatio
2229 3794 2538 3849 castitatem
2575 3803 2859 3859 aeternam,
2894 3802 2949 3849 et
2975 3794 3304 3863 reliquarum
3332 3804 3508 3848 vnrtu-

1918 3896 2034 3941 tum
2065 3886 2508 3943 exercitationem
2541 3884 2649 3942 ﬁne
2693 3896 2967 3942 carentem
3002 3886 3282 3956 possidet:
3359 3886 3507 3956 quod

1917 3977 2124 4033 dictum
2156 3988 2382 4034 sanctus
2420 3978 2509 4032 ille
2541 3991 2702 4048 quem
2733 3978 2901 4032 modo
2952 3977 3167 4031 laudavi
3195 3976 3507 4051 conﬁrmat.

1913 4066 2051 4122 Nam
2081 4068 2136 4122 hi
2185 4069 2322 4124 tales
2372 4068 2624 4123 timorem
2659 4068 2859 4122 timore
2889 4073 3093 4136 augent
3120 4065 3363 4133 assidue,
3406 4080 3511 4121 nec

1916 4170 2137 4218 cessant
2204 4164 2397 4217 abhac
2446 4162 2861 4224 exercitatione,
2921 4160 3093 4215 donec
3167 4160 3332 4216 etiam
3379 4175 3506 4215 ossa

233 4266 570 4321 exhauriant.
640 4266 937 4320 Enimvero
975 4273 1030 4319 et
1091 4262 1198 4319 hoc
1252 4278 1474 4334 quoque
1523 4261 1618 4317 Dei
1674 4260 2000 4317 benelicium
2036 4272 2160 4314 esse
2193 4259 2336 4314 inter
2378 4259 2484 4314 alia
2551 4258 2671 4329 ejus
2732 4257 3018 4312 innumera
3087 4257 3230 4313 bona
3292 4258 3511 4328 penitus

228 4358 383 4414 nobis
423 4358 853 4429 persuadeamus
881 4357 1101 4428 querulo
1123 4357 1326 4427 saepius
1353 4356 1561 4426 experti
1592 4370 1804 4412 sumus.
1848 4353 1986 4408 Cum
2059 4353 2273 4409 ossaria
2345 4353 2581 4425 ingressi
2633 4353 2839 4408 nullam
2909 4353 3167 4424 lacryma:
3218 4361 3428 4424 guttam
3476 4369 3510 4410 a

225 4453 399 4517 nobis,
476 4461 736 4524 tanquam
800 4452 992 4508 ferreis
1047 4452 1338 4523 impetrare
1377 4448 1746 4524 [extorquere]
1782 4450 2085 4521 potuimus,
2122 4466 2246 4506 cum
2309 4458 2490 4505 tamen
2544 4458 2699 4505 extra
2763 4450 3138 4520 sepulcrorum
3190 4448 3507 4520 huiusmodi

223 4547 732 4617 contemplationem
765 4546 1064 4616 saepissime
1094 4546 1150 4601 in
1206 4544 1436 4608 luctum,
1467 4552 1521 4599 et
1580 4544 1852 4614 lacrymas
1893 4544 2196 4597 solvamur.
2229 4543 2332 4610 Qui
2370 4543 2616 4598 omnium
2649 4560 2834 4600 rerum
2862 4544 3060 4602 atiectu
3091 4543 3382 4599 detunctus
3422 4552 3513 4599 est

220 4638 308 4693 hic
332 4654 460 4693 vere
517 4638 709 4693 mortis
769 4639 1092 4693 memoriam
1168 4636 1492 4707 complexus
1551 4644 1654 4691 est.
1720 4631 1878 4706 1&5
1918 4632 2021 4700 Qui
2051 4634 2229 4690 adhuc
2262 4650 2443 4690 rerum
2470 4635 2758 4691 desideriis
2799 4645 3036 4699 tenetur.
3077 4634 3195 4705 ipse
3244 4649 3353 4689 non
3384 4646 3509 4687 ces-

216 4744 304 4788 sat
362 4749 495 4790 esse
528 4734 614 4790 sui
692 4734 867 4804 ipsius
916 4733 1226 4788 insidiator.
1264 4728 1391 4786 Noli
1426 4730 1561 4787 velle
1626 4730 1885 4784 omnibus
1923 4730 2177 4786 allectum
2208 4739 2363 4784 tuum
2405 4730 2611 4784 amoris
2634 4745 2763 4799 erga
2808 4730 2930 4785 illos
2964 4729 3242 4784 declarare
3290 4725 3510 4794 verbis;

214 4829 384 4883 Deum
421 4827 611 4896 potius
635 4842 786 4896 roga.
827 4836 888 4880 ut
918 4825 1035 4895 ipse
1064 4840 1267 4879 arcano
1297 4837 1408 4893 quo
1438 4830 1616 4893 potest
1645 4821 1809 4875 modo
1852 4830 1973 4876 tuas
2038 4836 2166 4892 erga
2221 4823 2451 4876 alterum
2480 4831 2662 4892 partes
2687 4823 2930 4893 impleat.
2953 4820 3110 4888 Quod
3145 4821 3253 4876 nisi
3293 4819 3509 4878 ieceris.

208 4936 317 4975 non
370 4923 550 4976 ullum
596 4921 691 4976 tibi
745 4931 960 4990 tempus
1030 4917 1266 4975 sufﬁciet
1318 4919 1386 4974 ad
1440 4918 1834 4973 ostendendum
1903 4918 2150 4972 animum
2209 4926 2363 4973 tuum
2408 4933 2539 4988 erga
2582 4920 2746 4984 alios,
2795 4926 2852 4972 et
2902 4918 2970 4972 ad
3026 4917 3510 4989 compunctionem

206 5013 378 5066 animi
408 5010 793 5071 excitandam.
822 5010 899 5066 Ne
927 5010 1138 5078 fallare,
1201 5010 1399 5066 stolide
1435 5011 1792 5076 mercenarie,
1837 5020 2052 5081 tempus
2101 5020 2347 5081 tempore
2403 5012 2719 5068 redi-mendo
2753 5030 2768 5067 :
2799 5028 2899 5069 nec
2925 5013 3075 5068 enim
3146 5026 3249 5068 suo
3308 5011 3512 5080 cuique

202 5101 395 5155 debito
424 5101 585 5172 Operi
625 5116 726 5157 sua
750 5101 864 5156 dies
897 5100 1116 5167 sufﬁcit,
1150 5109 1210 5156 ut
1273 5100 1405 5155 illud
1442 5099 1552 5155 Deo
1618 5100 1888 5170 integrum
1930 5101 2262 5172 plenumque
2294 5113 2733 5174 repraesentetur.
2770 5102 2914 5159 Fieri
2961 5118 3071 5159 non
3108 5100 3512 5174 potest,inquit

204 5210 521 5259 nonnemo,
570 5209 678 5249 non
720 5203 899 5265 potest
943 5195 1060 5251 ﬁeri
1091 5196 1235 5250 inter
1295 5195 1598 5259 mortales,
1650 5205 1711 5250 ut
1769 5205 2093 5265 praesentem
2154 5196 2297 5252 diem
2342 5198 2481 5253 satis
2526 5199 2611 5266 pie
2684 5197 3059 5267 religioseque
3113 5193 3502 5265 transigamus,

204 5286 316 5342 nisi
361 5287 531 5343 illum
567 5288 747 5359 ipsum
795 5289 938 5344 diem
985 5289 1151 5345 totius
1219 5288 1344 5345 vitae
1401 5304 1718 5359 supremum
1793 5289 2157 5361 ultimumque
2231 5291 2640 5347 existimemus.
2713 5289 2781 5346 Et
2855 5304 2988 5344 sane
3040 5287 3343 5358 permirum
3398 5290 3506 5348 est,

204 5381 503 5449 quomodo
531 5387 587 5434 et
650 5382 844 5451 pagani
890 5381 1184 5451 scriptores
1221 5380 1296 5451 (b)
1336 5382 1543 5451 aliquid
1609 5381 1670 5435 id.
1704 5398 1880 5453 genus
1921 5384 2350 5454 pronuntiarint,
2390 5385 2486 5455 qui
2537 5384 2781 5440 studium
2849 5382 3129 5453 sapientia:
3177 5377 3316 5434 nihil
3355 5373 3507 5430 aliud

204 5483 335 5524 esse
370 5470 643 5525 dixerunt
701 5486 867 5540 quam
896 5471 1314 5527 meditationem
1353 5473 1567 5527 mortis.

284 5706 365 5763 (α)
416 5700 554 5753 Ἐπὶ
613 5701 815 5772 Κυρίου
879 5703 1082 5758 absunt
1128 5703 1182 5757 in
1237 5701 1555 5772 Augustam
1599 5702 1808 5767 codice,

211 5773 308 5828 scil
337 5789 393 5823 ill
421 5774 551 5826 aliis
573 5774 829 5828 nutnibus
860 5774 1134 5844 leguntur.

1993 5702 2067 5771 (bl
2098 5699 2270 5754 Plato.
2296 5696 2429 5754 Vide
2482 5696 2696 5754 Praelat.
2744 5707 2986 5753 nostram
3016 5695 3084 5749 a-l
3115 5693 3409 5766 Symagma
3435 5694 3499 5746 de

1921 5772 2284 5827 morientibus.
