4110 6486
2443 292 2562 304 η---ι

580 425 688 490 799
1835 412 1875 465 ς
1919 405 2236 468 JOANNIS
2269 404 2574 466 CLIMACt
3727 403 3846 466 δυο

653 534 756 603 Qui
823 541 1034 589 sextum
1075 530 1222 583 hunc
1266 524 1491 596 gradum
1521 522 1843 584 ascenderit,
1891 522 2148 586 deinceps
2178 517 2223 572 Δ

2322 517 2491 585 ’Ἐκτη
2519 515 2798 578 ἀνάϐασις·
2827 516 2855 568 ό
2875 514 3096 579 ἀναϐὰς,
3121 515 3184 568 οὖ
3210 514 3287 582 μὴ
3304 513 3491 567 λοιπὸν
3518 513 3849 586 ἁμαρτήσει

585 645 692 684 non
737 622 979 694 peccabit
1010 633 1269 688 unquam.
1317 635 1336 667 ι
1383 615 1680 669 Memorare
1713 614 2007 668 novissima
2039 622 2151 676 tua,

2259 607 2404 659 ποτέ.
2442 627 2461 657 ‹
2502 607 2986 678 ’Υπερμιμνήσκου
3025 607 3094 659 τά
3120 606 3319 677 ἔσχατᾶ
3353 623 3467 670 σου,
3504 606 3597 658 καὶ
3623 606 3710 668 εἰς
3748 605 3849 658 τὸν

585 727 639 773 et
659 719 710 770 iu
737 725 997 769 aeternum
1029 724 1133 763 non
1157 705 1408 776 peccabis
1436 704 1530 756 ἰ.»

1349 705 1408 759 iis
1436 704 1530 756 ἰ.»
2258 699 2426 752 αἰῶνα
2459 699 2518 751 οὐ
2547 699 2622 770 μὴ
2649 700 2923 772 ἁμάρτῃς.
2956 720 2972 752 ι

937 838 1224 895 SCIIOLM
1257 839 1346 891 AD
1388 835 1678 892 GRADU.“
1711 836 1792 890 V‘l.

2641 834 2890 892 ΣΧΟΛΙΑ
2941 836 3048 888 ΕΙΣ
3083 834 3308 888 ΛΟΓΟΝ
3345 837 3424 902 q;

1235 953 1306 1004 De
1336 961 1522 1009 morte.
2811 955 2858 1003 Π

2811 950 2950 1018 Περὶ
2986 950 3263 1005 θανάτου.

1206 1042 1451 1097 Scholion
1491 1042 1540 1097 1,

2857 1045 2904 1095 Σ
2906 1044 3116 1109 χόλων
3147 1049 3217 1098 α’.

662 1144 739 1196 Ex
774 1139 967 1195 mortis
993 1135 1256 1196 memoria
1290 1136 1372 1188 lia:
1418 1143 1528 1187 tres
1561 1134 1790 1186 virtutes
1827 1132 2101 1185 exsistunt
2142 1148 2156 1184 :

2346 1133 2439 1186 Ἐκ
2482 1135 2581 1203 τῆς
2629 1134 2851 1204 μνήμης
2881 1134 3109 1187 θανάτου
3143 1132 3438 1201 γεννῶνται
3480 1137 3631 1205 τρεῖς
3679 1127 3846 1191 αὗται

592 1233 771 1288 nudus
802 1231 870 1285 ab
893 1229 1145 1283 omnibus
1189 1227 1353 1280 rebus
1405 1224 1765 1293 praesentibus
1793 1223 2037 1287 affectus,
2070 1237 2161 1277 as.

2262 1223 2476 1293 ἀρεταὶ,
2507 1223 2540 1291 ἡ
2567 1222 2967 1292 ἀπροσπάθεια,
3001 1224 3032 1293 ἡ
3062 1223 3403 1286 ἀδιάλειπτος
3424 1224 3727 1294 προσευχὴ.
3751 1225 3848 1280 καὶ

591 1327 750 1383 sidua
775 1322 972 1385 oratio,
1006 1328 1060 1375 et
1097 1319 1294 1373 mentis
1322 1317 1587 1404 custodia.

1202 1319 1294 1371 itis
1322 1317 1587 1404 custodia.
2265 1316 2298 1384 ἡ
2321 1311 2414 1364 τοῦ
2443 1314 2558 1375 νοὸς
2589 1312 2825 1384 φυλακή.

1211 1408 1460 1463 Scholion
1489 1408 1544 1460 ‘2.

2881 1407 3136 1474 Σχόλιον
3165 1407 3229 1476 β’.

665 1504 870 1566 Mortis,
905 1501 1099 1570 inquit,
1122 1499 1489 1554 consideratio
1521 1499 1642 1552 illos
1666 1497 1760 1567 (ιυὶ
1779 1497 1881 1551 sub
1912 1497 2170 1566 religiosa.

2347 1496 2412 1549 'H
2456 1496 2548 1550 τοῦ
2585 1496 2839 1562 θανάτου,
2881 1499 3066 1569 φησὶν,
3101 1499 3279 1553 ἔννοια
3330 1500 3454 1562 τοὺς
3500 1501 3560 1554 ἐν
3594 1501 3838 1572 ὑποταγῇ

595 1595 883 1664 disciplina
899 1593 1115 1657 vivunt,
1128 1590 1302 1645 reddit
1323 1590 1572 1646 laborum
1599 1589 1882 1658 patientes,
1901 1586 2168 1656 efﬁcitque

2268 1589 2601 1659 φερεπόνους
2636 1592 2800 1654 ποιεῖ,
2831 1591 2925 1642 καὶ
2957 1591 3079 1653 ταῖς
3109 1590 3354 1660 ἀτιμίαις
3380 1590 3675 1661 ἡδομένους
3705 1594 3835 1662 μᾶλ-

598 1696 658 1742 υι
691 1684 1006 1756 ignominiis
1046 1682 1221 1753 magis
1275 1681 1612 1736 delectentur
1660 1699 1673 1732 :
1723 1679 1982 1733 solitariis
2039 1695 2168 1732 vero

2266 1678 2378 1740 λον,
2428 1677 2557 1742 τοὺς
2606 1678 2663 1732 δὲ
2707 1680 2768 1731 ἐν
2823 1680 3022 1753 ἡσυχίᾳ
3076 1681 3418 1749 ἀφρόντιδας,
3452 1682 3547 1735 καὶ
3598 1683 3727 1756 μόνῃ
3770 1686 3841 1760 τῇ.

603 1776 762 1848 146
785 1792 1000 1832 omnem
1031 1789 1212 1827 rerum
1249 1774 1611 1826 humanarum
1654 1786 1840 1824 curam
1871 1770 2061 1824 eximit
2111 1778 2172 1823 ut

1871 1770 2061 1824 eximit
2111 1778 2172 1823 ut
2207 1845 2237 1848 _
2271 1772 2426 1840 εὐχῇ,
2454 1773 2550 1824 καὶ
2577 1773 2642 1842 τῇ
2669 1774 2942 1843 προσευχῇ
2973 1771 3330 1842 σχολάζοντας
3355 1771 3463 1828 ἀεί.

599 1845 750 1927 εοιὶέ
768 1868 1018 1940 precibus
1051 1873 1102 1919 et
1131 1864 1570 1918 meditationibus
1609 1871 1820 1919 vacent.
2207 1845 2251 1902 Β

1163 1956 1412 2010 Scholion
1446 1955 1613 2009 aliud.

2836 1954 3093 2022 Σχόλιον
3121 1952 3296 2007 ἄλλο.

672 2051 1024 2106 Anachoreta
1073 2047 1166 2118 qui
1234 2061 1291 2100 se
1351 2045 1557 2099 mundo
1603 2043 1943 2107 abdicarunt,
1991 2057 2178 2097 amore

2349 2046 2472 2107 Τοῖς
2491 2046 2876 2115 ἀναχωρήσασι
2904 2045 3002 2114 μὲν
3020 2043 3115 2097 τοῦ
3137 2043 3364 2113 κόσμου,
3391 2041 3466 2111 μὴ
3488 2039 3841 2111 κτησαμένοις

603 2141 936 2214 paupertatis
973 2148 1028 2194 et
1065 2136 1294 2208 propria:
1339 2135 1633 2189 voluntatis
1662 2134 1875 2188 excidio
1908 2131 2176 2198 destituti,

2280 2137 2419 2208 ἀκτη
2428 2137 2682 2208 μοσύνην,
2701 2137 2796 2190 καὶ
2816 2136 3057 2208 ἐκκοπὴν
3077 2135 3204 2207 θελη
3213 2134 3417 2206 μάτων,
3439 2133 3668 2204 θόρυϐον
3691 2133 3851 2204 γεννᾷ

603 2236 733 2290 dum
767 2234 819 2286 in
849 2231 964 2301 ipsa
993 2228 1186 2286 mortis
1231 2226 1585 2282 meditatione
1629 2233 1935 2288 versantur,
1967 2233 2179 2293 pertur-

1437 2226 1585 2281 tione
1629 2233 1935 2288 versantur,
1967 2233 2179 2293 pertur-
2281 2233 2339 2284 tv
2370 2232 2438 2300 τῇ
2471 2229 2661 2301 μνήμῃ
2683 2228 2778 2282 τοῦ
2808 2228 3060 2283 θανάτου.

602 2325 720 2384 bari
753 2325 947 2380 solent.

1167 2411 1418 2467 Scholion
1451 2411 1618 2464 aliud.

2844 2408 3102 2477 Σχόλιον
3127 2406 3300 2460 ἄλλο.

680 2506 835 2578 Apud
869 2505 990 2561 illos
1020 2503 1241 2574 quidem
1267 2503 1358 2573 qui
1383 2503 1436 2555 in
1459 2502 1653 2557 mediis
1692 2500 1976 2554 hominum
2005 2500 2181 2556 turbis

2355 2505 2515 2576 Παρά
2567 2504 2668 2574 μὲν
2719 2503 2832 2565 τοῖς
2869 2501 2927 2554 ὲν
2971 2500 3120 2570 μέσῳ
3158 2499 3322 2569 γεννᾷ
3367 2497 3565 2560 πόνους
3611 2494 3713 2549 καὶ
3742 2494 3855 2548 ἀδοσ

605 2599 818 2660 vivunt,
861 2601 1010 2650 creat
1061 2595 1278 2648 labores
1333 2601 1388 2646 et
1439 2601 1804 2663 nugamenta,
1853 2602 1950 2646 aut
2006 2592 2186 2661 potius

2284 2597 2525 2667 λεσχίας,
2564 2593 2847 2664 μᾶλλονδὲ
2876 2591 3096 2663 ἀτιμίας
3127 2590 3416 2662 ήδύτητας·
3448 2588 3600 2660 παρὰ
3645 2588 3707 2641 δὲ
3751 2588 3863 2650 τοῖς

608 2689 1006 2761 ignominiosas
1030 2688 1332 2757 voluptates
1363 2705 1374 2740 :
1408 2685 1550 2754 apud
1584 2686 1706 2740 illos
1752 2699 1878 2738 vero
1909 2685 2004 2749 qui
2033 2694 2186 2740 extra

2286 2689 2441 2753 ἐκτὸς
2471 2686 2722 2759 θορύϐου,
2746 2684 3040 2755 φροντίδων
3067 2681 3344 2744 ἀπόθεσιν,
3369 2681 3464 2734 καὶ
3493 2680 3664 2750 εὐχὴν
3692 2681 3859 2750 διηνε-

610 2774 905 2828 tumultum
948 2773 1173 2842 degunt,
1225 2787 1480 2826 curarum
1538 2771 1895 2838 abjectionem
1940 2773 2104 2842 parit,
2133 2781 2188 2827 et

2288 2781 2380 2851 κῆ,
2417 2779 2512 2833 καὶ
2543 2779 2661 2841 νοὸς
2699 2778 2966 2848 φυλακήν·
2995 2777 3162 2846 ἤγουν
3182 2773 3333 2846 παρὰ
3363 2769 3460 2843 μὲν
3486 2775 3599 2834 τοῖς
3631 2773 3698 2824 ὲν
3723 2771 3861 2840 μέσῳ

610 2865 862 2920 assiduas
897 2878 1085 2932 preces
1144 2871 1198 2916 et
1237 2862 1434 2917 mentis
1482 2863 1783 2917 custodiam
1815 2882 1827 2917 :
1865 2871 1961 2916 aut
2046 2863 2186 2932 apud

2289 2873 2494 2942 κόσμου
2542 2872 2793 2941 μοναχοῖς
2844 2868 3061 2939 ἀμελῶς
3101 2865 3256 2930 ζῶσι,
3303 2864 3397 2920 καὶ
3429 2865 3503 2935 μὴ
3532 2864 3684 2917 κατὰ
3711 2862 3857 2923 Θεὸν,

613 2957 912 3010 monachos
946 2955 1085 3008 inter
1111 2954 1317 3024 medias
1366 2954 1552 3008 mundi
1599 2953 2185 3023 turbasnegligenter,

2291 2963 2484 3025 πόνους
2518 2961 2616 3031 μὲν
2641 2960 2805 3030 γεννᾷ
2833 2960 2952 3030 ἦτοι
2989 2958 3189 3020 κόπους
3233 2956 3516 3026 ματαίους,
3551 2953 3649 3007 καὶ
3686 2952 3860 3007 ἀδολε-

613 3064 716 3103 nec
755 3047 1054 3102 secundum
1083 3046 1248 3100 Deum
1273 3045 1531 3111 viventes,
1563 3046 1779 3101 labores
1800 3047 2020 3116 quidem
2047 3047 2190 3116 parit

2293 3055 2470 3126 σχίας,
2508 3055 2626 3124 ἤτοι
2659 3053 2851 3121 λόγους
2893 3050 3185 3120 ἀνωφελεῖς
3227 3049 3322 3103 καὶ
3367 3045 3732 3118 μωρολογίας,
3775 3043 3871 3096 xul-

616 3148 713 3194 aut
741 3138 962 3192 inutiles
1002 3135 1418 3207 defatigationes
1444 3147 1496 3192 et
1531 3138 1871 3206 nugationes,
1907 3149 1999 3192 aut
2021 3139 2189 3193 iuuti-
2219 3171 2239 3229 (

2238 3171 2262 3229 3
2294 3148 2562 3218 ἡδύτητας
2612 3144 2856 3215 ἀτιμίας,
2897 3143 3064 3214 ἦγουν
3110 3139 3469 3210 ἀνηδομένους
3507 3137 3707 3206 ὥσπερ
3752 3135 3861 3196 ταῖς

615 3232 695 3285 les
723 3245 1002 3285 sermones
1029 3238 1082 3284 ct
1109 3228 1441 3298 stultiloquia
1457 3237 1510 3284 et
1531 3229 1915 3284 delectationes
1935 3230 2188 3286 infames.
2230 3224 2238 3229 ’

2240 3224 2260 3229 ﬁ
2294 3240 2538 3310 ἀτιμίαις
2573 3236 2670 3308 (a)°
2701 3235 2852 3307 παρὰ
2883 3235 2940 3288 δὲ
2971 3235 3084 3296 τοῖς
3117 3231 3272 3292 ἐκτὸς
3307 3227 3560 3299 θορύϐου,
3603 3224 3863 3278 ἀπόθεσιν

619 3363 636 3378 .
717 3361 732 3375 .
811 3362 825 3376 .
905 3361 918 3374 .
1001 3360 1015 3373 .
1096 3361 1110 3374 .
1191 3359 1206 3373 .
1283 3359 1296 3373 .
1377 3357 1392 3372 .
1471 3358 1484 3371 .
1565 3363 1579 3375 .
1672 3359 1685 3373 .
1766 3359 1781 3376 .
1860 3360 1875 3374 .
1961 3360 1974 3375 .
2051 3323 2194 3392 apud
2295 3328 2590 3399 φροντίδων
2627 3325 2721 3381 καὶ
2765 3323 2950 3394 εὐχὴν,
2983 3323 3078 3377 καὶ
3109 3323 3227 3383 νοδς
3257 3318 3524 3390 φυλακήν·
3560 3314 3730 3387 ἔργον
3763 3313 3866 3384 γὰρ

617 3415 739 3470 illos
771 3413 863 3483 qui
915 3421 1069 3467 extra
1124 3411 1405 3465 hominum
1459 3421 1632 3465 cattus
1682 3412 1904 3482 degunt,
1939 3428 2192 3470 curarum

2295 3420 2504 3483 τούτοις
2529 3421 2582 3472 αἱ
2605 3418 2817 3472 ἐντολαὶ
2849 3416 2942 3472 τοῦ
2976 3413 3212 3483 Χριστοῦ
3236 3413 3330 3468 καὶ
3348 3414 3382 3482 ή
3412 3409 3549 3481 πρὸς
3571 3407 3746 3463 αὑτὸν
3775 3407 3865 3459 ὲπ-

619 3506 1045 3570 abdicationem,
1075 3514 1128 3558 et
1153 3519 1340 3574 preces
1392 3511 1445 3556 et
1491 3502 1690 3558 mentis
1727 3505 2032 3560 custodiam
2063 3524 2077 3560 :
2109 3507 2197 3564 bis
2298 3511 2504 3574 ἀνοδος.

619 3599 766 3654 enim
798 3611 944 3652 cura:
968 3603 1093 3651 sunt
1115 3604 1380 3664 praecepta
1404 3593 1604 3649 Cbristi
1639 3603 1693 3650 et
1721 3596 1927 3652 reditus
1955 3613 2049 3653 seu
2067 3612 2198 3657 con-

622 3689 799 3745 versio
821 3688 886 3742 ad
909 3687 1078 3742 illum.

1246 3775 1497 3832 Scholion
1519 3776 1567 3832 5.

2893 3775 3152 3845 Σχόλιον
3194 3780 3263 3842 γε

695 3868 909 3924 Oblivio
938 3868 1319 3923 mandatorum
1359 3866 1475 3931 Dei,
1508 3875 1564 3922 et
1613 3865 1770 3923 liberi
1826 3868 2037 3924 arbitrii
2076 3885 2200 3939 per-

2369 3869 2522 3941 Λήθη
2548 3867 2656 3922 τῶν
2685 3866 2845 3922 θείων
2867 3867 3117 3933 ἐντολῶν,
3145 3867 3239 3920 καὶ
3263 3862 3596 3936 παρατραπὴ
3623 3863 3726 3917 τοῦ
3749 3862 3867 3916 αὺτ-

623 3959 856 4017 versitas
872 3976 966 4016 cor
988 3969 1284 4024 excaecant,
1309 3967 1363 4014 et
1384 3969 1618 4016 mentem
1628 3960 1899 4031 stupidum
1918 3960 2163 4018 efficiunt
2184 3985 2196 4019 :

2300 3961 2545 4028 εξουσίου
2579 3960 2805 4032 καρδίαν
2835 3961 3269 4030 πεπωρωμένην,
3301 3958 3395 4013 καὶ
3417 3957 3541 4012 νοῦν
3565 3956 3868 4026 ἀνάλγητον

624 4053 738 4107 sive
758 4061 968 4118 contra,
1002 4061 1236 4107 mentem
1269 4060 1566 4120 excaecant,
1598 4061 1653 4108 et
1682 4067 1778 4109 cor
1802 4053 2058 4110 insensile
2085 4058 2201 4111 sive

2299 4052 2722 4124 ἀπεργάζονται*
2778 4050 2813 4117 ἦ
2863 4050 2924 4103 τὸ
2976 4049 3233 4121 ἔμπαλιν,
3272 4048 3397 4104 νοῦν
3440 4046 3865 4119 πεπωρωμένον,

623 4156 848 4198 saxeum
891 4140 1140 4197 reddunt.

2303 4147 2396 4202 καὶ
2419 4145 2647 4216 καρδίαν
2674 4142 2995 4214 ἀνάλγητον.

1245 4229 1491 4286 Scholion
1518 4232 1568 4286 4.

2909 4237 3168 4306 Σχόλιον
3193 4235 3256 4288 δ’.

691 4322 825 4389 Quae
849 4321 969 4376 aliis
995 4330 1123 4375 sunt
1153 4319 1322 4374 ardua
1339 4328 1393 4374 et
1415 4318 1681 4387 difficilia,
1719 4320 1833 4376 haec
1863 4323 2030 4392 probe
2051 4338 2204 4379 exer-

2372 4331 2454 4386 Τά
2478 4328 2684 4401 ἑτέροις
2707 4328 2965 4398 δυσχερῆ,
2995 4329 3107 4391 τοῖς
3135 4326 3277 4380 κατά
3313 4324 3512 4397 πρᾶξιν
3549 4319 3869 4394 εὐδοκιμοῦ-

623 4410 807 4465 citatis
835 4417 964 4464 sunt
995 4407 1176 4479 gaudii
1203 4417 1258 4463 et
1285 4408 1507 4477 tripudii
1531 4424 1695 4465 causa
1730 4418 1783 4466 et
1814 4426 1946 4466 ansa
1973 4429 1986 4468 :
2016 4421 2202 4484 utpote

2307 4438 2390 4475 σιν
2413 4419 2804 4489 ἀγαλλιάσεως,
2841 4417 2933 4472 καὶ
2957 4416 3222 4486 θυμηδίας
3253 4415 3404 4470 αίτια
3424 4413 3691 4483 γίνονταιο
3723 4411 3872 4481 εὐχέ-

625 4500 719 4569 qui
749 4498 853 4554 sibi
893 4497 1208 4552 facilitatem
1259 4512 1363 4552 usu
1423 4497 1542 4567 ipso
1568 4497 1623 4551 in
1660 4498 1745 4554 bis
1771 4510 2114 4568 pepererunt,
2144 4508 2197 4554 et
2226 4511 2248 4568 ι

2244 4511 2271 4567 θ
2301 4530 2452 4586 ρειαν
2501 4515 2566 4566 ὲκ
2618 4510 2811 4580 πείρας
2866 4507 3003 4578 πρὸς
3058 4505 3232 4558 ταῦτα
3276 4504 3596 4572 κτωμένοις,
3642 4501 3744 4556 καὶ
3796 4501 3867 4560 είς

626 4606 724 4662 per
757 4605 820 4646 ea
847 4590 914 4645 ad
944 4587 1331 4660 perfectionem
1353 4587 1718 4657 profecerunt.
1743 4588 2047 4659 Imperfecti
2072 4607 2202 4646 vero

2305 4603 2590 4676 προκοπὴν
2636 4601 2973 4671 τελειότητος
3007 4596 3322 4668 φθάνουσιν.
3358 4595 3421 4649 Oi
3447 4594 3492 4646 δ’
3531 4593 3612 4646 ἐτι
3664 4591 3869 4651 ἀτελεῖς

625 4695 735 4736 non
769 4683 887 4737 sine
946 4679 1131 4735 labore
1177 4676 1306 4732 talia
1343 4678 1637 4750 attingunt,
1699 4679 1747 4736 si
1799 4689 1980 4736 tamen
2034 4683 2202 4736 attin-

2034 4683 2202 4736 auin‘
2305 4699 2458 4768 κόπῳ
2480 4693 2654 4750 ταῦτα
2689 4691 3064 4764 μετέρχονται,
3086 4689 3194 4744 κᾶν
3222 4687 3609 4760 μετέρχωνται.

1247 4858 1502 4916 Scholion
1530 4860 1580 4916 5.

2905 4862 3166 4932 Σχόλιον
3211 4866 3271 4913 ε’.

691 4952 864 5018 Adeo,
901 4951 1099 5021 inquit,
1129 4950 1322 5005 habuit
1357 4949 1683 5005 familiarem
1715 4954 2031 5008 memoriam
2055 4970 2197 5009 mor-

2369 4952 2677 5027 ῖοσαύτην,
2714 4955 2898 5026 φησιν,
2934 4953 3090 5023 ἔσχεν
3137 4951 3344 5006 ἐνοικον
3384 4945 3484 5019 τὴν
3520 4947 3743 5018 μνήμην
3780 4943 3864 4997 τοῦ

623 5041 694 5098 tis
726 5042 1030 5098 monachus
1054 5041 1145 5094 hic
1160 5039 1469 5111 Egyptius,
1497 5039 1566 5094 de
1593 5055 1702 5110 quo
1736 5046 2078 5112 memoravit,
2112 5055 2189 5110 ut,

2296 5051 2528 5106 θανάτου
2559 5051 2586 5102 ὁ
2613 5048 2798 5120 ῥηθεὶς
2825 5045 3120 5115 Αἰγύπτιος
3146 5041 3395 5113 μοναχδς,
3418 5041 3500 5093 ὅτι
3531 5037 3623 5092 καὶ
3645 5037 3750 5091 ὑπὸ
3776 5034 3865 5104 τῆς

622 5133 783 5188 etiam
807 5132 1101 5187 multorum
1133 5131 1340 5185 dierum
1382 5130 1527 5185 fame
1553 5140 1796 5202 urgente,
1835 5148 1939 5188 non
1959 5139 2195 5204 potuerit

2295 5140 2642 5211 πολυημέρου
2684 5138 2875 5208 πείνης
2899 5133 3364 5204 ἀναγκαζόμενος,
3388 5130 3489 5182 οὐκ
3513 5126 3748 5200 ἠδυνήθη
3774 5123 3863 5193 τὴν

624 5231 803 5275 tamen
825 5222 1145 5274 memoriam
1185 5217 1374 5272 mortis
1399 5217 1468 5272 ab
1502 5234 1581 5282 se,
1619 5222 1868 5288 quamvis
1888 5225 2070 5293 vellet,
2101 5243 2190 5282 re-

2298 5236 2517 5306 μνήμην
2547 5233 2641 5285 τοῦ
2664 5231 2894 5284 θανάτου
2926 5228 2986 5293 ἐξ
3009 5226 3176 5282 αὐτοῦ
3203 5222 3412 5291 διῶξαι,
3446 5223 3648 5292 καίπερ
3675 5219 3859 5292 βουλη-

624 5311 840 5380 pellere,
867 5310 979 5364 imo
1009 5322 1139 5362 vero
1175 5305 1293 5361 hate
1320 5307 1518 5362 famem
1552 5308 1723 5377 ipsam
1739 5312 1962 5380 depulit.

2294 5305 2424 5390 θείς·
2459 5325 2592 5379 ἀλλά
2625 5325 2824 5395 μᾶλλον
2853 5322 2990 5393 αὕτη
3023 5321 3124 5392 τὴν
3151 5323 3337 5375 πεῖναν
3365 5317 3601 5383 ἐδίωξεν.

693 5479 736 5510 “
773 5477 943 5532 Eccli.
974 5493 1073 5542 vn,
1108 5477 1196 5531 40.

691 5595 1343 5691 ΏΑῙἎἝἮῙἮῩΪἺΡΞἾΞ-
1365 5595 1640 5691 ἨΗἾἚΨ
1668 5616 1840 5691 1'3“.
1863 5603 2185 5691 ίῠὲβυίίοιυε·
2298 5618 2441 5686 apud
2476 5613 2796 5670 monacho's-
2821 5611 3024 5691 Nemee
3056 5625 3161 5691 ηομ
3196 5609 3573 5691 abhorrentes.
3598 5598 3852 5691 ἀνηδοιξές

620 5666 1178 5754 εἳῑέεὲέξγηξφξιέγοες
1224 5667 1343 5727 ταῖς
1367 5666 1769 5754 devectam
1829 5673 1973 5752 tegas
2021 5677 2189 5747 ἤγουν

2297 5666 2441 5751 ὖὸιξῖ
2476 5666 2928 5754 ἦοῐιηῖοεροιιάτῑ
2951 5666 3165 5754 fGraacis
3211 5681 3362 5752 παρὰ
3420 5679 3532 5742 τοῖς
3561 5666 3861 5752 ’μοναχὸῖςῖ

734 5723 1084 5825 ἀνηδομένοις
1117 5723 1763 5825 ὅδ’σπερὶταῖιςζάτιμίαις,
1801 5723 2186 5802 δίνῖἶιοίίᾝῇξ

1582 5738 1763 5825 ίέᾗίαίςν
1801 5723 1914 5797 Si";
1940 5723 2186 5825 ‘"0"._.?b-
2298 5723 2644 5813 scribendum
2677 5723 2805 5825 ear'éo
2835 5751 3205 5823 ἀνηδομένοις.

625 5804 905 5858 horrentes
977 5813 1232 5874 tanquam
1295 5807 1361 5860 ab
1420 5804 1715 5864 infamibus
1751 5804 1871 5866 seu
1937 5817 2187 5884 turpibus

919 6444 966 6478 ;
975 6452 1014 6454 -7.
1135 6438 1192 6450 —.-
