4110 6418
224 362 329 426 801

853 465 1112 534 Σχόλιον
1146 467 1218 526 ς’.
1254 456 1261 463 ’

304 568 540 637 Ὠσπερ,
598 560 786 633 φησὶν,
848 559 1160 629 ἀμέτρητον
1210 552 1303 608 καὶ
1347 549 1730 619 ἀκατάληπτον
1761 545 1820 599 τὸ

222 661 399 732 βάθος
453 657 554 727 τῆς
608 653 907 720 θαλάσσης,
966 648 1109 704 οὓτω
1166 647 1262 700 καὶ
1306 646 1367 697 τὸ
1403 642 1555 703 τέλος
1600 638 1821 706 ἁγνείας

221 731 510 824 ἀφθαστον
543 747 642 819 (α)·
679 744 928 800 τουτέστι
963 740 1114 802 τέλος
1150 738 1225 809 μὴ
1269 736 1392 807 ἔχον
1426 732 1576 805 παρά
1618 733 1726 792 τοῖς
1764 731 1821 781 ὲν

223 844 484 913 αἰσθήσει
503 836 748 908 ,καρδίας
776 835 875 905 τὴν
909 834 1133 905 μνήμην
1158 827 1252 883 τοῦ
1284 827 1516 881 θανάτου
1547 821 1821 891 κεκτημέ-

223 955 366 1001 νοις.
410 933 698 989 Ἀδύνατον
748 927 858 998 γὰρ
910 925 1198 995 ἄνθρωπον
1229 918 1481 974 ταπεινὸν
1521 915 1615 969 καὶ
1647 914 1823 983 διηνε-

226 1030 348 1093 κῶς
370 1026 465 1081 τοῦ
496 1022 730 1079 θανάτου
762 1016 1174 1091 μνημονεύοντα
1205 1013 1379 1066 εἰπεῖν
1410 1025 1542 1062 ποτε
1568 1008 1823 1076 φαρισαῐ-

228 1092 374 1183 κῶς,
397 1118 478 1171 ὅτι
499 1112 769 1183 Πὲφθακα
791 1110 853 1162 τὸ
878 1108 1029 1170 τέλος
1049 1107 1144 1177 τῆς
1175 1102 1418 1173 ἁγνείας,
1448 1096 1714 1159 τουτέστι,
1740 1092 1825 1145 τέ-

230 1213 384 1271 λειος
423 1207 694 1275 ὲγενᾶμην
724 1205 783 1255 ὲν
818 1199 1170 1271 καθαρότητι·
1205 1197 1236 1249 ὁ
1261 1192 1373 1265 γάρ
1400 1189 1627 1245 τοιαῦτα
1651 1185 1824 1253 λέγων

229 1304 341 1355 οὐκ
371 1300 437 1354 ἂν
458 1299 545 1368 εἴη
576 1293 855 1357 ταπεινὸς,
883 1291 980 1346 καὶ
1012 1286 1299 1360 συμϐαίνει
1340 1278 1652 1352 θαυμαστὸν
1678 1276 1824 1368 γεγε-ς

234 1392 387 1453 σθαι,
430 1389 583 1460 παρά
623 1385 724 1457 μὲν
756 1383 851 1437 τοῦ
894 1382 1265 1452 τολμήσαντος
1296 1374 1455 1439 τοῦτο
1486 1372 1681 1434 εἰπεῖν,
1715 1367 1824 1422 οὐδ’

238 1484 435 1555 ἄκροις
481 1455 1153 1542 δακτύλοιμὲφάπτεσθαι
1201 1467 1299 1539 τὴν
1330 1462 1618 1520 ἀπάθειαν·
1655 1455 1826 1554 πάθος

238 1542 351 1645 γὰρ
382 1542 428 1643 ἡ*
440 1567 718 1631 κενοδοξία
752 1559 1154 1635 χαλεπώτερον
1187 1555 1340 1628 παρά
1363 1553 1421 1608 δὲ
1450 1550 1542 1604 τοῦ
1571 1542 1825 1645 ταπεινοῦ

244 1636 583 1732 ξφάπτεσθαι
613 1657 709 1729 μὲν
741 1656 821 1718 είς
844 1653 1022 1723 κόρον·
1053 1650 1120 1721 τῇ
1145 1648 1202 1723 δὲ
1232 1643 1556 1700 ταπεινώσει
1584 1636 1827 1732 ἐλλείπε-

250 1755 393 1809 σθαι·
425 1752 566 1805 ὥστε
595 1745 757 1802 εἶναι.
783 1745 886 1798 κάν
907 1744 1018 1805 τοῖς
1040 1739 1182 1804 δυσὶ,
1214 1735 1293 1807 τῷ
1320 1751 1381 1788 τε
1401 1726 1645 1799 ταπεινῷ
1668 1723 1745 1794 τῷ
1767 1738 1827 1776 τε

251 1844 511 1916 κενοδόξῳ
529 1843 628 1914 τὴν
653 1838 896 1910 ἁγνείαν,
923 1834 1328 1904 ἀκατάληπτον.

1260 344 1489 406 SCALA
1516 337 1896 402 PARADISI.
1927 362 1993 371 -
2027 336 2335 437 GBADUS
2374 337 2505 398 VII.

1853 466 1899 516 A

3396 324 3503 393 802

2553 449 2804 506 Scholion
2831 446 2885 501 6.

1994 541 2484 610 Quemadmodum,
2533 543 2728 613 inquii,
2762 542 3028 594 immensa
3086 543 3140 589 et
3194 533 3508 599 incompre-

1922 628 2093 683 hensa
2124 629 2292 684 maris
2323 638 2408 684 est
2448 629 2704 689 altitudo.
2763 628 2838 682 ita
2903 624 3030 678 linis
3084 627 3250 676 casta:
3306 614 3508 671 mentis

1922 732 2083 788 quem
2116 718 2432 787 assequaris
2459 718 2639 773 nullus
2669 726 2771 780 est,
2802 717 2907 770 hoc
2936 722 3040 780 est,
3074 712 3179 766 fine
3200 704 3507 776 caretapud

1922 822 2018 863 eos
2046 808 2140 877 qui
2166 809 2217 861 in
2251 824 2412 864 sensu
2443 810 2623 865 cordis
2650 809 2842 863 mortis
2864 806 2967 862 sibi
2990 803 3309 859 memoriam
3346 796 3506 869 147

1923 897 2337 968 impresserunt.
2378 898 2519 955 Fieri
2547 900 2748 971 quippe
2771 899 2918 954 nulla
2963 897 3176 950 ratione
3211 902 3406 960 potest,
3446 897 3509 943 ut

1924 985 2090 1041 homo
2135 987 2429 1053 demissus,
2483 989 2576 1059 qui
2618 1000 2846 1044 mortem
2884 985 3102 1042 assidua
3154 981 3506 1037 meditatione

1923 1075 2171 1141 revolvit,
2196 1091 2321 1131 cum
2359 1076 2634 1145 Phariszeo
2666 1090 2904 1145 unquam
2926 1073 3101 1128 dicat:
3126 1070 3314 1124 Finem
3342 1067 3509 1123 casti-

1925 1168 2054 1223 tatis
2094 1167 2269 1239 altigi,
2321 1168 2425 1223 hoc
2470 1179 2574 1236 est,
2622 1166 2917 1238 perfectam
2985 1165 3275 1235 puritatem
3331 1173 3509 1216 :nam

1928 1257 2053 1313 talia
2085 1257 2179 1327 qui
2220 1258 2372 1326 dicit,
2409 1273 2755 1329 nequaquam
2798 1255 3021 1311 humilis
3059 1259 3165 1315 est,
3203 1259 3259 1306 et
3297 1247 3504 1320 permi-

1925 1362 2048 1402 rum
2080 1347 2252 1402 videri
2279 1358 2461 1420 potest
2483 1349 2587 1404 hoc
2609 1349 2827 1418 quidem
2856 1346 2925 1399 ab
2965 1359 3031 1398 eo
3058 1342 3167 1398 dici
3201 1354 3389 1411 posse,
3420 1337 3514 1408 qui

1927 1453 2107 1508 neque
2134 1440 2398 1495 extremis
2422 1439 2609 1512 digitis
2637 1454 2817 1495 veram
2854 1436 3025 1493 animi
3060 1430 3515 1502 tranquillitatem

1928 1535 2166 1605 attigerit
2225 1542 2387 1609 (vana
2438 1540 2640 1611 quippe
2701 1539 2871 1610 gloria
2938 1545 3024 1591 est
3076 1535 3219 1588 inter
3268 1531 3518 1601 graviora

1929 1634 2201 1691 malorum
2229 1637 2517 1694 affectuum
2547 1636 2735 1708 vitia);
2761 1638 2829 1692 ab
2859 1634 3193 1691 bumilivero
3212 1629 3341 1694 dici,
3372 1625 3519 1698 quod

1932 1720 2079 1777 illam
2109 1727 2460 1795 purissimam
2493 1727 2855 1797 integritatem
2883 1732 3166 1780 assecutus
3199 1721 3289 1782 sit,
3320 1729 3402 1773 est
3428 1716 3523 1770 de-

1935 1817 2185 1875 stitutum
2208 1837 2331 1877 esse
2360 1823 2688 1889 humilitate,
2708 1821 2842 1877 adeo
2865 1832 2924 1876 ut
2944 1819 3168 1889 intelligi
3197 1830 3303 1871 non
3325 1812 3520 1884 possit,
3634 1874 3643 1881 ,

252 1906 529 2011 quomodo
549 1906 604 1990 in
626 1906 841 1989 duobus
865 1930 1013 1985 hisce
1036 1926 1272 1997 perfecta
1297 1921 1522 1979 castitas
1544 1917 1637 1983 sit,
1655 1914 1709 1969 in
1730 1906 1948 1976 humili,
1976 1917 2222 1982 Inquam,
2241 1924 2294 1971 et
2312 1917 2572 1987 superbo,
2589 1932 2687 1972 seu
2706 1930 2857 1969 vanae
2882 1914 3071 1986 gloriae
3093 1910 3277 1968 studio
3309 1907 3519 1964 dedito.

865 2025 912 2076 Σ
913 2021 1125 2093 χόλιον
1154 2016 1220 2082 ζ’.

334 2120 410 2173 Τδ
435 2118 525 2172 διά
554 2117 722 2185 λόγων
750 2113 1114 2185 πληροφορεὴ
1135 2108 1233 2181 τὴν
1267 2106 1348 2171 είς
1369 2104 1577 2167 πάντας
1607 2101 1832 2170 ἀγάπην

261 2209 524 2267 δύσκολόν
554 2208 687 2272 ἐστι,
718 2204 810 2259 καὶ
845 2204 967 2257 λίαν
994 2198 1320 2269 ἀπόσλητον·
1352 2197 1414 2250 τὸ
1450 2195 1507 2251 δὲ
1537 2193 1602 2248 δι’
1634 2194 1831 2264 ἔργων,

261 2301 359 2357 καὶ
392 2298 627 2359 εὔκολον,
676 2294 771 2349 καὶ
818 2294 1000 2367 ῥᾴδιον
1039 2290 1180 2352 λίαν,
1215 2289 1294 2361 τῷ
1324 2286 1608 2342 σπεύδοντι
1636 2299 1834 2353 κατορ-

259 2391 432 2447 θῶσαι
474 2389 571 2459 τὴν
606 2388 826 2457 ἀρετήν’
866 2385 960 2438 καὶ
995 2383 1133 2449 πῶς,
1162 2382 1417 2436 ἄκουσον.
1473 2375 1705 2446 Ἐπῆλθέ
1751 2393 1836 2439 τις

254 2480 497 2552 ὑϐρίζων
529 2476 676 2549 με,ῆ
707 2476 803 2531 καὶ
826 2475 1024 2546 δαίρων
1056 2490 1147 2545 με’
1184 2473 1279 2526 ἐὰν
1304 2467 1399 2525 οὖν
1435 2470 1599 2539 λέγω,
1635 2468 1837 2536 καίπερ

251 2573 421 2630 αὐτὸν
445 2571 740 2640 δυνάμενος
765 2564 1096 2638 ἀμύνασθαι,
1124 2564 1200 2635 μὴ
1223 2562 1524 2634 ἀμύνομαι,
1559 2561 1694 2614 ἀλλά
1715 2562 1839 2613 τοὺ-

253 2664 473 2720 ναντίον
493 2662 866 2733 γονοπετήσω,
902 2655 1288 2728 παρακαλέσω,
1325 2654 1705 2725 καταφιλήσω,
1733 2670 1836 2723 χα-

253 2759 491 2831 ρίσομαι
526 2750 609 2819 οἷς
646 2753 905 2823 δύναμαι,
935 2750 1093 2821 δῆλόν
1128 2751 1244 2802 ἐστι
1273 2750 1460 2812 πᾶσιν,
1490 2749 1566 2812 ὡς
1607 2745 1668 2810 ἐξ
1696 2746 1837 2814 ἀγά-

250 2870 367 2923 πης
392 2848 570 2905 ταῦτα
601 2847 904 2918 πεποίηκα’
941 2845 1115 2900 καὶτὸ
1140 2844 1240 2916 μὲν
1269 2844 1336 2897 δι’
1363 2843 1542 2913 ἔργων
1563 2841 1757 2907 οὕτως,
1782 2840 1841 2894 τὸ

246 2947 315 3001 δὲ
342 2945 434 3000 διά
455 2945 629 3014 λόγων
650 2943 768 3007 πῶς
788 2944 853 2997 ἂν
871 2941 1081 3010 γένοιτο
1094 2981 1108 3005 ,
1123 2940 1249 2995 Ἐἀν
1271 2942 1379 3011 γὰρ
1404 2938 1841 3012 προσευχόμενος

248 3041 452 3105 πᾶσιν,
493 3039 716 3109 ἀγαπᾷν
767 3036 967 3099 αὐτοὺς
993 3035 1158 3103 λέγω,
1202 3033 1368 3102 κόλαξ
1403 3032 1699 3105 φανοῦμαι,
1748 3034 1842 3087 καὶ

249 3134 728 3205 ἁνθρωπάρεσκος
749 3171 764 3197 ,
842 3128 1315 3198 ψευδεπίπλαστον
1388 3128 1841 3200 ὲπιτηδευόμενος

247 3227 462 3298 ἀρετὴν
486 3268 503 3294 ,
557 3228 652 3282 καὶ
709 3224 866 3290 δόξαν
919 3222 1085 3294 κενὴν
1134 3223 1206 3275 ὲκ
1255 3223 1443 3277 τούτου
1504 3222 1839 3294 θηρώμενος.

250 3317 579 3390 Παρακαλει
610 3312 704 3370 οὖν
744 3318 774 3369 ὁ
820 3314 1024 3386 πατὴρ,
1060 3312 1134 3384 μὴ
1190 3312 1277 3366 διὰ

250 3411 365 3481 τὴν
394 3411 610 3481 ἀγάπην
640 3407 1067 3470 ἐπιδείκνυσθαι,
1123 3406 1262 3460 ἀλλά
1314 3406 1379 3459 δι’
1408 3406 1609 3476 ἔργων,
1660 3405 1759 3476 τὴν
1788 3406 1844 3460 δὲ

252 3500 407 3572 πρὸς
435 3499 567 3553 Θεὸν
613 3500 855 3569 ἀγάπην,
887 3498 956 3551 δι’
989 3498 1338 3569 ἀμφοτέρων,
1392 3499 1488 3552 καὶ
1548 3497 1730 3551 πλεῖον
1758 3498 1847 3552 διὰ

253 3592 463 3660 λόγων.
492 3593 723 3662 Σημείον
765 3593 873 3662 γάρ
902 3590 1005 3661 τῆς
1039 3592 1176 3662 πρὸς
1205 3591 1369 3646 αὑτὸν
1393 3592 1638 3662 ἀγάπης,
1667 3594 1700 3663 ή
1725 3593 1846 3662 διη-

254 3683 428 3756 νεκὴς
458 3685 758 3755 προσευχὴ.
786 3680 971 3747 οὕτως
993 3682 1102 3754 γάρ
1138 3683 1203 3737 ἂν
1224 3683 1544 3755 ἀμφοτέρας
1568 3685 1848 3755 κατορθώ-

258 3791 368 3845 σῃς
400 3772 822 3846 [κατορθώσεις]
855 3773 1078 3842 ἀρετάςο
1105 3774 1230 3826 ἐπεὶ
1251 3773 1345 3827 ἐὰν
1370 3775 1437 3829 ἐκ
1460 3775 1632 3843 λόγων
1667 3775 1846 3845 μόνων

258 3866 368 3937 τὴν
415 3866 551 3938 πρὸς
602 3865 923 3938 ἀνθρώπους
972 3868 1195 3937 ἀγάπην
1243 3868 1550 3939 σπουδάζῃς
1585 3869 1845 3934 ἐκτελεῖν,

265 3959 383 4013 οὐδ’
410 3960 440 4011 ὁ
463 3958 561 4026 τῆς
594 3958 737 4029 ζωῆς
764 3976 856 4013 σου
894 3960 1086 4030 χρόνος
1130 3961 1278 4026 ἄπας
1316 3962 1541 4033 ἀρκέσει
1581 3979 1665 4016 σοι
1712 3964 1850 4033 πρὸς

267 4051 497 4126 σχέσεις
526 4051 623 4105 καὶ
648 4051 952 4117 κατανυξιν.

920 4452 1138 4509 ΛΟΓΟΣ
1166 4455 1239 4509 Z’.

589 4560 728 4629 Περὶ
755 4562 863 4618 τοῦ
884 4567 1211 4634 χαροποιοῦ
1249 4568 1526 4639 πένθους.

343 4646 549 4711 Πένθος
596 4649 741 4702 κατά
794 4650 925 4705 Θεόν
970 4654 1086 4708 ἐστι
1127 4656 1521 4731 σκυθρωπότης
1558 4660 1736 4733 ψυχῆς
1764 4663 1849 4716 ἐν⁶

262 4738 479 4795 ωδύνου
509 4739 738 4810 καρδίας
771 4740 1031 4810 διάθεσις,
1053 4744 1140 4798 ἀεὶ
1164 4745 1225 4800 τὸ
1254 4746 1561 4819 διψώμενον
1588 4751 1849 4822 ὲμμανῶς

261 4829 534 4901 ζητοῦσα·
576 4830 673 4884 καὶ
726 4834 786 4885 ὲν
829 4834 895 4904 τῇ
943 4834 1135 4888 τούτου
1176 4839 1447 4911 ἀποτυχίᾳ
1484 4841 1737 4913 ἐμπόνως
1773 4843 1853 4896 δι-

255 4926 513 4988 ώκουσα,
541 4926 638 4979 καὶ
666 4924 891 4979 ὄπισθεν
937 4925 1129 4983 τούτου
1199 4930 1477 5003 ὀδυνηρῶς
1505 4930 1854 5000 ὀλολύζουσα.

256 5014 350 5071 Ἠ
372 5015 568 5080 οὕτως·
592 5016 791 5081 πένθος
819 5018 939 5071 ἐστὶ
969 5019 1194 5093 κέντρον
1219 5022 1449 5093 χρύσεον
1470 5023 1648 5096 ψυχῆς
1673 5027 1855 5100 πάσης

253 5109 675 5185 προσηλώσεως
703 5110 799 5164 καὶ
824 5113 1061 5182 σχέσεως
1090 5116 1400 5187 γυμνωθὲν⁹
1425 5118 1521 5172 καὶ
1549 5121 1608 5173 ἐν
1635 5123 1855 5177 ἐπισκο-

254 5202 647 5272 πῇμκαρδίας
700 5202 807 5256 ὑπὸ
856 5205 958 5274 τῆς
1013 5206 1167 5269 ὁσίας
1224 5207 1403 5278 λύπης
1475 5212 1851 5283 καταπηχθέν.

251 5292 581 5360 Κατάνυξίς
613 5295 760 5346 ἐστιν
786 5294 1011 5359 ἀένναος
1039 5297 1337 5363 συνειδότος
1373 5297 1725 5373 βασανισμὸς,
1765 5305 1852 5362 διά

250 5384 466 5455 νοερᾶς
512 5385 922 5460 ἐξαγορεύσεως
969 5387 1067 5458 τὴν
1115 5389 1379 5459 ἀνάψυξιν
1417 5392 1509 5445 τοῦ
1549 5395 1719 5465 πυρὸς
1751 5396 1853 5466 τῆς

251 5474 502 5547 καρδίας
536 5479 1083 5548 πραγματευόμενος.
1126 5478 1542 5554 Ἐξομολόγησίς
1575 5486 1692 5538 ἐστι
1714 5486 1851 5560 λήθη

253 5566 512 5639 φύσεως,
543 5567 701 5640 εἴπερ
731 5568 1062 5624 ἐπελάϐετό
1095 5587 1184 5636 τις
1211 5570 1319 5624 τοῦ
1349 5571 1564 5641 φαγεῖν
1604 5575 1711 5628 τὸν
1751 5576 1855 5644 dp-

255 5673 376 5713 τον
404 5658 614 5714 αὑτοῦ.
649 5660 927 5715 Μετάνοιά
956 5662 1104 5714 ἐστιν
1149 5659 1407 5726 ἀθλιπτος
1453 5662 1707 5735 στέρησις
1746 5667 1852 5722 πά-

2566 2007 2815 2065 Scholion
2839 2007 2891 2062 7.

2009 2096 2200 2155 Verbis
2232 2100 2370 2157 velle
2392 2109 2644 2158 testatam
2668 2115 2795 2171 erga
2824 2112 3018 2155 omnes
3059 2094 3381 2152 charitatem
3436 2089 3521 2144 fa-

1936 2201 2059 2242 cere
2088 2197 2141 2244 et
2162 2206 2323 2260 grave
2350 2199 2403 2246 et
2429 2192 2588 2261 plane
2620 2189 2992 2246 damnandum
3017 2194 3136 2252 est;
3166 2183 3324 2239 factis
3342 2191 3522 2236 autem

1936 2284 1989 2329 et
2018 2275 2310 2331 admodum
2330 2277 2486 2333 facile
2516 2285 2570 2332 et
2592 2286 2902 2347 promptum
2920 2283 3008 2332 est
3027 2273 3104 2327 illi
3129 2271 3220 2342 qui
3248 2271 3315 2325 ad
3340 2282 3523 2324 veram

1938 2363 2194 2420 virtutem
2223 2367 2583 2422 exercendam
2624 2365 2831 2435 aspirat
2876 2381 2890 2418 :
2923 2360 2987 2418 et
3010 2357 3287 2431 quomodo
3325 2353 3526 2425 (possit

1940 2453 2046 2509 hoc
2078 2454 2394 2524 fieri)audi.
2449 2454 2605 2510 Venit
2633 2453 2830 2524 aliquis
2860 2452 2952 2523 qui
2998 2465 3087 2505 me
3135 2445 3521 2506 calumniatur.

1942 2547 2214 2600 autetiam
2247 2546 2521 2612 verberat,
2547 2546 2768 2616 quando
2794 2556 2924 2613 ergo
2948 2539 3114 2612 (apud
3143 2540 3251 2605 me)
3285 2535 3475 2589 dixero
3506 2549 3521 2587 :

1941 2635 2055 2692 Etsi
2092 2653 2178 2692 me
2201 2635 2479 2692 vindicare
2538 2650 2787 2707 possum,
2838 2647 2947 2687 non
2983 2627 3271 2684 vindicabo
3319 2634 3523 2685 tamen,

1942 2728 2036 2801 sed
2067 2728 2248 2798 potius
2281 2736 2496 2803 contra,
2537 2741 2711 2797 genua
2742 2709 2961 2795 ponam,
2984 2716 3342 2790 deprecabor,
3366 2728 3525 2768 oscu-

1941 2819 2119 2885 labor,
2180 2818 2529 2889 gratilicabor
2583 2817 3004 2887 quibuscunque
3058 2808 3239 2864 modis
3284 2814 3521 2874 petero:

1942 2917 2149 2964 certum
2182 2916 2235 2963 et
2262 2908 2469 2963 clarum
2496 2904 2750 2961 omnibus
2775 2913 2858 2958 est
2891 2900 3036 2971 quod
3075 2898 3191 2951 haec
3240 2910 3306 2950 ex
3338 2893 3527 2948 chari-

1942 3004 2055 3053 tate
2077 2996 2298 3053 fecerim
2330 3014 2343 3050 :
2379 3005 2432 3052 et
2460 2994 2682 3064 quidem
2742 2990 2901 3045 factis
2932 2987 3174 3043 cbaritas
3224 2985 3300 3037 ita
3329 2981 3522 3052 proba-

1945 3090 2052 3137 tur.
2077 3083 2320 3138 Alterum
2352 3090 2533 3135 autem
2557 3079 2738 3135 verbis
2768 3076 3045 3149 quomodo
3072 3072 3205 3128 ﬁet?
3231 3070 3445 3125 Etenim
3474 3067 3522 3124 si

1946 3173 2200 3241 omnibus
2222 3174 2359 3228 bene
2385 3171 2657 3243 precando
2717 3177 2889 3225 tester
2942 3182 3029 3221 me
3081 3166 3232 3236 ipsos
3282 3162 3530 3233 diligere,

1947 3264 2199 3320 adulator
2221 3263 2466 3331 videbor,
2489 3271 2542 3318 et
2563 3262 2656 3333 qui
2683 3260 2997 3316 hominibus
3014 3256 3261 3314 studeam
3297 3254 3531 3324 placere,

1318 3312 1337 3333 Σ
1358 3313 1427 3333 3--.
1466 3332 1490 3333 ,,
1532 3311 1762 3333 _._A_,DI,,'

1318 3313 1492 3382 λόγων
1523 3313 1838 3377 σπουδάζειν

1320 3406 1524 3425 δίνη-.
1560 3423 1587 3425 ,ε
1668 3405 1737 3425 γι.
1792 3406 1837 3425 bl

1949 3313 2189 3320 ______--
2235 3313 2466 3331 .____,-_,
2494 3313 2539 3318 --
2568 3313 2655 3333 Ἰν
2985 3313 2988 3314 ν
3027 3313 3032 3314 ,
3298 3313 3313 3324 _
3516 3313 3524 3315 _

1946 3354 2154 3425 quique
2204 3351 2406 3423 ﬁngam
2442 3366 2530 3406 me
2579 3352 2837 3406 virtutem
2891 3347 3093 3413 colere,
3127 3353 3182 3401 et
3214 3344 3339 3398 inde
3363 3355 3536 3397 vener

1952 3443 2474 3514 popularem'vanae
2512 3441 2698 3514 gloriae
2729 3454 2943 3495 auram.
2977 3436 3229 3492 Hortatur
3270 3449 3404 3503 ergo
3423 3432 3537 3488 Cli-

1948 3538 2143 3592 ‘macus
2170 3535 2247 3589 uti
2305 3533 2623 3590 studeamus
2657 3544 2900 3587 amorem
2939 3537 3186 3583 nostrum
3241 3541 3371 3597 erga
3400 3524 3537 3580 alios

1952 3640 2063 3681 non
2091 3623 2291 3688 verbis,
2355 3623 2450 3679 sed
2505 3623 2666 3678 factis
2742 3621 3320 3689 demonstrare:erga
3366 3615 3535 3670 Deum

1954 3732 2083 3773 vero
2124 3716 2371 3786 utrisque
2421 3723 2475 3770 et
2535 3714 2717 3770 verbis
2767 3723 2822 3769 et
2858 3711 3040 3776 factis,
3089 3710 3270 3765 verbis
3315 3709 3537 3779 quidem

1954 3808 2188 3879 amplius
2219 3817 2270 3863 et
2294 3807 2590 3878 prolixius;
2638 3813 3020 3875 argumentum
3060 3810 3145 3858 est
3182 3802 3325 3857 enim
3357 3799 3538 3856 chari-

1954 3903 2081 3957 tatis
2116 3916 2242 3971 erga
2266 3898 2432 3954 Deum
2466 3899 2685 3953 assidua
2709 3896 2953 3966 precatio
2985 3911 3000 3948 :
3038 3894 3118 3949 sic
3140 3893 3285 3948 enim
3325 3902 3535 3946 utram-

1951 4008 2058 4063 que
2085 3989 2366 4047 exercebis
2393 3988 2673 4042 virtutem.
2691 3983 2828 4039 Nam
2860 3985 2906 4039 si
2937 3995 3176 4036 amorem
3201 3993 3327 4046 erga
3353 3978 3537 4031 homi—

1952 4099 2050 4139 nes
2085 4081 2216 4138 solis
2249 4079 2431 4134 verbis
2452 4077 2727 4132 declarare
2744 4082 2798 4128 et
2823 4085 3073 4127 exercere
3091 4067 3400 4131 conaberis,
3422 4083 3533 4122 non

1957 4171 2194 4228 sufﬁciet
2232 4169 2325 4223 tibi
2380 4158 2548 4222 totius
2591 4165 2716 4218 vitae
2759 4170 2865 4216 tuae
2911 4158 3177 4212 decursus
3206 4155 3273 4210 ad
3308 4154 3535 4209 affectus

1956 4269 2083 4314 tuos
2114 4265 2170 4313 et
2185 4255 2661 4326 compunctionem
2688 4246 3176 4319 comprobandam.

2535 4457 2816 4515 GRADUS
2843 4456 2951 4511 νη.

2213 4571 2376 4645 ιω
2405 4569 2480 4626 De
2510 4568 2656 4624 luctu
2704 4571 2796 4641 qui
2841 4569 3094 4640 gaudium
3120 4577 3289 4623 creat.

2027 4664 2234 4721 Luctus
2253 4678 2319 4719 ex
2345 4662 2457 4718 Deo
2498 4662 2622 4732 pius
2663 4670 2749 4716 est
2783 4660 3034 4731 quaedam
3077 4660 3274 4715 anima:
3319 4659 3541 4717 tristitia

1887 4786 1927 4841 ο
1954 4768 2011 4814 ει
2041 4757 2275 4813 dolentis
2301 4756 2483 4812 cordis
2508 4753 2742 4819 affectio,
2779 4769 2902 4824 qua:
2935 4768 3150 4823 semper
3182 4753 3237 4807 id
3268 4754 3416 4823 quod
3447 4768 3543 4809 ar-

1955 4847 2278 4905 dentissime
2311 4846 2447 4911 sitit,
2484 4846 2719 4914 quaerit;
2751 4858 2863 4915 quo
2912 4844 3042 4898 dum
3073 4850 3243 4907 caret,
3268 4842 3544 4898 laboriose

1956 4939 2009 4995 id
2045 4941 2224 5009 ipsum
2255 4938 2636 5008 persequitur,
2683 4945 2738 4991 et
2780 4950 2906 4991 cum
2946 4934 3156 4989 ululatu
3195 4942 3250 4989 et
3287 4933 3545 4989 lamentis

1956 5046 1988 5086 a
2011 5039 2164 5099 tergo
2202 5028 2330 5083 dum
2359 5025 2517 5098 fugit,
2548 5026 2828 5082 inclamat.
2881 5026 2992 5080 Aut
3044 5025 3223 5079 luctus
3240 5034 3321 5079 est
3342 5037 3544 5078 aureus

1958 5124 2155 5179 anima:
2175 5121 2453 5188 stimulus,
2507 5119 2601 5190 qui
2644 5119 2920 5189 lugentem
2943 5118 3093 5172 omni
3125 5131 3308 5172 rerum
3342 5114 3542 5170 buma-

1957 5228 2154 5269 narum
2197 5227 2364 5268 sensu
2405 5219 2461 5266 et
2484 5210 2678 5267 all‘ectu
2711 5210 2862 5265 exuit
2893 5218 2948 5264 et
2980 5210 3170 5273 nudat,
3198 5217 3253 5262 et
3276 5222 3341 5261 ex
3390 5209 3539 5261 luctu

1957 5306 2013 5361 in
2038 5305 2279 5377 vigiliam
2325 5312 2382 5360 et
2408 5303 2715 5361 custodiam
2770 5303 2956 5359 cordis
3002 5300 3195 5371 afligit.
3259 5300 3542 5368 Compan-

1957 5396 2066 5452 ctio
2085 5397 2269 5468 (quam
2282 5393 2523 5466 religiosi
2549 5409 2651 5451 suo
2680 5394 2898 5451 nomine
2933 5389 3224 5465 appellant)
3241 5398 3324 5447 est
3336 5401 3544 5446 aeterna

1958 5487 2308 5543 conscientiae
2339 5486 2583 5547 afﬂictio.
2617 5501 2742 5556 qua:
2772 5500 2866 5554 per
2923 5485 3193 5539 internam
3240 5477 3549 5536 confessio-

1960 5594 2082 5634 nem
2137 5580 2389 5635 ardorem
2462 5579 2645 5635 cordis
2686 5577 2859 5649 'grato
2918 5574 3200 5646 refrigerio
3255 5580 3539 5643 temperat.

1958 5668 2242 5726 Confessio
2300 5678 2386 5726 est
2431 5670 2634 5726 oblivio
2686 5679 2932 5734 naturae,
2986 5664 3206 5737 quando
3266 5677 3364 5735 per
3415 5675 3541 5718 eam

336 5791 418 5864 (α)
475 5792 609 5847 ’Δπὸ
651 5794 746 5849 σοὖ
778 5795 965 5866 φθάνω
994 5794 1293 5866 ἄφθαστον,
1331 5798 1472 5865 quod
1504 5812 1613 5852 non
1651 5799 1827 5868 possis
1852 5802 2090 5871 assequi.
