4110 6490
580 381 691 448 803

1853 377 1910 435 S.
1937 373 2258 435 JOANNIS
2289 369 2590 431 CLIMACl

3764 366 3874 430 804

575 491 780 543 oblitus
800 495 878 541 est
913 485 1182 539 comedere
1213 497 1398 551 panem
1427 498 1580 534 suun:
1614 484 1679 535 “.
1727 475 2056 537 Pcenitentia
2083 491 2168 536 est

2282 494 2370 546 ςης
2408 474 2811 547 παρακλήσεως
2849 474 3189 545 σωματικῆς.
3226 473 3348 525 Τῶν
3385 473 3484 544 μὲν
3519 475 3876 544 προκοπτόνο-

579 589 696 634 taeta
736 575 916 630 omnis
971 576 1226 628 humanas
1267 571 1664 628 consolationis
1691 573 1987 628 abdicatio.
2029 573 2166 627 Pro-

2266 585 2376 621 των
2412 568 2492 621 ἔτι
2534 571 2592 620 ἐν
2624 567 2701 638 τῷ
2736 568 2994 638 μακαρίῳ
3046 567 3230 619 πένθει
3263 565 3459 635 ίδίωμα
3491 567 3524 635 ή
3566 567 3876 636 ἐγκράτεια

579 671 754 739 prium
801 668 854 721 in
911 667 1068 720 beato
1109 665 1259 717 luctu
1313 663 1648 732 proiicientis
1682 675 1786 730 est,
1819 665 1925 720 cibi
1959 673 2165 734 tempe-

2282 657 2363 708 καὶ
2403 656 2581 726 σιωπὴ
2645 656 2755 709 τῶν
2801 655 3042 726 χειλέων·
3072 655 3179 707 τῶν
3207 655 3261 708 δὲ
3290 654 3712 724 πφκοψάντων,
3740 657 3876 725 ἀορ-

579 760 774 821 rantia,
803 767 855 812 et
881 757 991 809 oris
1048 753 1362 818 silentium;
1419 770 1612 808 eorum
1649 757 1742 826 qui
1773 756 1885 825 jam
1922 755 2166 826 profece—

2282 748 2456 818 γησία,
2483 749 2578 802 καὶ
2605 747 3002 818 ἁμνησικακία·
3035 746 3141 800 τῶν
3177 747 3574 800 τελειωθέντων
3601 762 3866 801 ταπεινο-

580 859 711 904 runt
734 849 980 911 victoria,
1005 861 1098 900 irae
1111 853 1164 900 et
1187 845 1511 915 injuriarum
1540 847 1776 912 oblivio;
1799 847 2170 916 perfecturum

581 956 707 994 vero
765 954 958 993 sensus
1000 953 1124 992 vere
1185 937 1451 1003 humilis,
1517 940 1972 993 contumeliarum
2028 939 2169 1004 sitis,

580 1032 932 1085 amictionunt
958 1028 1357 1082 contrariarum
1395 1038 1605 1083 naturai
1637 1029 1944 1082 voluntaria
1977 1028 2170 1095 fames,

580 1123 925 1194 peccantium
986 1137 1093 1174 non
1158 1121 1336 1176 solum
1400 1121 1547 1174 nulla
1601 1121 2012 1186 condemnatio,
2076 1122 2172 1175 sed

580 1206 746 1282 supra
812 1227 976 1280 quam
1025 1220 1219 1264 natura
1282 1211 1420 1272 fert,
1476 1209 1905 1264 commiseratio.
1957 1210 2174 1278 Appro-

579 1303 744 1357 bandi
783 1303 978 1372 primi;
1015 1301 1271 1355 laudandi
1303 1300 1529 1356 secundi
1557 1317 1571 1365 ;
1605 1301 1748 1354 beati
1783 1301 2045 1369 postremi
2073 1301 2167 1370 qui

581 1396 835 1451 esuriunt
868 1377 1236 1458 'alllictiones,
1286 1401 1342 1447 et
1394 1393 1595 1447 sitiunt
1620 1393 2002 1456 contumelias,
2034 1409 2175 1464 quo-

583 1488 728 1540 niam
772 1486 875 1554 ipsi
904 1485 1295 1538 saturabuntur
1322 1485 1446 1538 cibo
1466 1485 1803 1552 inexplebili.
1827 1484 1930 1550 Qui
1950 1501 2176 1554 compos

584 1578 764 1634 luctus
797 1579 980 1633 factus
1002 1594 1084 1643 es,
1132 1585 1336 1647 quanta
1369 1588 1522 1647 potes
1544 1576 1593 1630 vi
1617 1578 1787 1631 retine
1807 1578 1990 1631 illum:
2040 1578 2178 1632 solet

583 1671 728 1725 cnim
748 1673 1062 1740 priusquam
1078 1671 1288 1724 radices
1303 1673 1356 1723 in
1373 1670 1557 1723 animo
1569 1668 1862 1739 egit.faeile
1880 1685 1973 1740 per
1989 1671 2178 1726 turbas

590 1761 750 1833 149
779 1777 941 1818 curas
970 1761 1216 1831 corporis
1249 1770 1303 1816 et
1337 1761 1670 1830 voluptates,
1705 1761 2006 1830 praesertim
2049 1776 2178 1813 vero

585 1870 683 1923 per
705 1855 1053 1908 immodicam
1077 1855 1483 1923 loquacitatem,
1512 1863 1566 1907 et
1602 1853 1884 1907 scurrilem
1905 1853 2177 1908 levitatem

588 1963 652 2001 ac
696 1948 1073 2016 petulantiam,
1139 1957 1397 2017 tanquam
1459 1961 1583 2001 cera
1643 1946 1710 2000 ab
1784 1945 1907 2016 igne
1955 1945 2179 2000 dissolvi

583 2047 643 2092 et
673 2053 1015 2094 evanescere.
1047 2037 1176 2093 Post
1212 2039 1480 2107 baptisma
1517 2038 1790 2107 petentior
1833 2037 2177 2107 baptismate,

589 2129 636 2183 si
669 2129 741 2182 ita
780 2129 862 2184 fas
909 2130 1079 2198 loqui,
1135 2128 1256 2184 fons
1314 2139 1399 2184 est
1459 2129 1846 2199 lacrymarum.
1896 2127 2173 2199 Baptisma

583 2225 789 2290 quippe
847 2229 1055 2274 tantum
1113 2223 1416 2291 praeteritas
1471 2233 1818 2293 peccatorum
1862 2222 2055 2278 sordes
2091 2237 2178 2278 re-

589 2325 802 2384 purgat,
852 2314 1032 2370 luctus
1092 2325 1275 2370 autem
1333 2331 1505 2371 noxas
1529 2325 1651 2386 post
1683 2315 2015 2386 baptismum
2041 2331 2176 2371 con-

589 2412 791 2458 tractas
837 2403 1016 2458 diluit.
1049 2402 1324 2474 Baptisma
1355 2419 1463 2472 quo
1498 2403 1737 2458 infantes
1780 2403 1934 2457 tincti
1960 2417 2173 2469 sumus,

589 2510 780 2548 omnes
797 2507 982 2565 postea
1009 2496 1446 2565 inquinavimus;
1471 2509 1566 2565 per
1585 2495 1789 2549 fontem
1811 2504 1990 2550 autem
2010 2495 2181 2568 lacry-

592 2585 904 2656 marum(a)
933 2586 1097 2640 etiam
1134 2585 1463 2653 baptismum
1488 2600 1589 2640 suo
1614 2585 1779 2640 nitori
1814 2585 2178 2651 restituitnus,

591 2692 752 2746 quem
790 2678 835 2731 si
888 2677 1316 2747 benignissimus
1375 2674 1520 2731 Deus
1571 2677 1778 2731 homini
1825 2676 2048 2746 largitus
2071 2690 2180 2730 non

591 2777 761 2836 esset,
826 2767 938 2822 rari
993 2768 1285 2823 admodum
1330 2778 1425 2823 aut
1457 2770 1710 2838 perpauci
1737 2767 1966 2821 salutem
1989 2781 2182 2822 conse-

592 2868 912 2931 querentur.
937 2858 1183 2915 Gemitus
1216 2870 1269 2916 et
1296 2861 1531 2915 amictus
1561 2874 1796 2914 llltBl‘Ol‘e
1822 2860 2042 2915 animus
2073 2859 2180 2913 cla-

596 2961 749 3005 mant
803 2950 871 3005 ad
919 2950 1231 3005 Dominum.
1288 2950 1568 3023 Lacrymze
1616 2965 1683 3005 ex
1731 2950 1925 3004 timore
1963 2949 2181 3006 Domini

595 3041 835 3113 profusae
897 3041 1126 3112 supplici
1185 3043 1459 3115 legatione
1508 3041 1850 3112 funguntur:
1899 3057 1965 3096 ex
1997 3042 2180 3097 divina

595 3151 724 3189 vero
760 3135 1028 3190 charitate
1063 3137 1432 3191 redundantes
1461 3151 1649 3206 preces
1675 3144 1892 3190 nostras
1917 3133 2030 3190 Deo
2055 3150 2180 3206 gra-
2208 3158 2251 3216 ο

590 3235 679 3282 tas
725 3227 894 3282 fuisse
938 3225 1251 3282 ostendunt.
1295 3227 1351 3280 Si
1384 3226 1519 3280 nihil
1553 3227 1686 3282 adeo
1721 3226 2178 3298 adjutatbumili-

593 3327 782 3383 tatem,
817 3334 981 3388 quam
1023 3318 1201 3374 luctus
1239 3317 1456 3383 animae,
1505 3327 1717 3372 certum
1760 3329 1844 3374 est
1873 3319 2009 3373 nihil
2038 3319 2177 3374 adeo

596 3412 673 3465 illi
709 3409 985 3465 adversari
1015 3425 1180 3478 quam
1225 3409 1420 3463 risum.
1449 3406 1725 3474 Quantum
1772 3417 1928 3478 potes
1962 3407 2180 3464 custodi

597 3505 812 3557 beatam
860 3510 1062 3557 sanctae
1111 3502 1553 3572 compunctionis
1617 3501 1895 3557 tristitiam
1944 3516 2066 3571 qua:
2087 3514 2181 3555 ve-

597 3609 721 3649 rum
771 3592 911 3662 parit
959 3591 1235 3659 gaudium.
1288 3589 1365 3646 Ne
1406 3606 1591 3647 cesses
1630 3600 1681 3646 te
1719 3592 1773 3646 in
1813 3607 1876 3648 ea
1901 3605 2179 3654 exercere,

595 3685 778 3756 quoad
809 3692 860 3737 te
881 3682 1098 3737 Christo
1136 3682 1448 3749 sublimem,
1475 3691 1530 3738 et
1574 3683 1644 3738 ab
1690 3683 1854 3753 hujus
1884 3685 2008 3738 vitae
2046 3697 2181 3737 con-

597 3769 759 3839 tagiis
799 3768 1064 3822 intactum
1111 3769 1289 3824 sistat.
1334 3767 1445 3824 Nec
1483 3769 1719 3826 desistas
1771 3785 2013 3841 unquam
2049 3771 2180 3842 quin

597 3862 708 3915 tuis
741 3859 950 3914 intimis
1000 3859 1255 3914 sensibus
1301 3859 1607 3930 imprimas,
1641 3876 1705 3915 ac
1730 3870 1908 3916 mente
1933 3872 2183 3932 penetres

595 3951 737 4021 ignis
784 3949 1166 4004 obscurissimi
1209 3950 1578 4006 dehiscentem
1635 3949 1688 4004 in
1726 3950 2054 4005 immensum
2084 3965 2179 4006 vo-

597 4043 858 4113 raginem,
886 4041 1135 4096 crudeles
1166 4041 1474 4108 carnifices,
1499 4028 1740 4112 judicent
1780 4043 2178 4098 immisericor-

593 4133 719 4190 dem
779 4143 833 4187 et
879 4132 1287 4195 inexorabilem,
1352 4133 1628 4188 infinitum
1691 4133 1932 4189 incendii
1984 4133 2182 4190 inferni

592 4231 787 4292 chaos,
830 4227 1316 4281 subterraneorum
1357 4233 1411 4280 ct
1443 4223 1874 4280 formidabilium
1906 4226 2179 4294 locorum,

591 4333 652 4378 et
681 4320 930 4375 hiatuum
984 4319 1378 4373 altissimorum
1406 4316 1829 4388 angustissimos
1861 4317 2181 4386 descensus,

591 4423 651 4467 ct
699 4411 894 4467 horum
943 4413 1193 4467 omnium
1237 4427 1300 4466 ac
1339 4409 1716 4480 hujuscemodi
1761 4408 2032 4463 malorum
2067 4408 2180 4464 for-

2272 840 2538 912 φροσύνη,
2583 840 2821 911 ἀτιμιῶν
2869 840 3019 910 δίψα,
3078 839 3310 908 θλίψεων
3361 839 3636 892 ἀκουσίων
3707 843 3874 893 πεῖνα

2275 934 2545 997 ἑκούσιος,
2574 932 2947 1003 άκατακρισία
2975 931 3420 1002 ἁμαρτανόντων,
3446 929 3525 1002 (1)
3551 931 3872 1001 συμπάθεια

2275 1026 2415 1095 ὑπὲρ
2465 1025 2718 1095 δύναμιν⁹
2761 1025 3080 1078 ἀποδεκτέοι
3127 1025 3176 1076 oi
3224 1023 3453 1094 πρῶτοι,
3498 1023 3871 1090 ἀξιεπαίνετοι

2273 1119 2324 1170 οί
2358 1117 2625 1188 δεύτεροι·
2668 1119 2931 1188 μακάριοι
2978 1117 3034 1170 δὲ
3088 1119 3139 1170 oi
3179 1117 3474 1180 πεινῶντες
3521 1116 3726 1187 θλίψιν,
3775 1119 3868 1171 καὶ

2275 1207 2542 1278 διψῶντες
2573 1210 2821 1279 ἀτιμίαν,
2853 1210 2935 1262 ὅτι
2985 1207 3142 1262 αὐτοὶ
3185 1207 3609 1279 κορεσθήσονται
3656 1213 3869 1280 τροφῆς

2277 1301 2601 1373 ἀκορέστου.
2633 1302 2871 1372 Κρατῶν
2903 1300 3134 1364 πένθους
3159 1302 3308 1373 πάσῃ
3343 1304 3489 1371 ίσχύῖ
3516 1304 3734 1372 κράτει·
3763 1304 3868 1374 πρὸ

2278 1395 2387 1465 γὰρ
2443 1396 2716 1464 ποιήσεως
2767 1394 3125 1464 εὐαφαίρετον
3162 1393 3282 1447 λίαν
3322 1392 3461 1448 εἶναι
3507 1395 3744 1462 πέφυκ’
3776 1397 3864 1448 καὶ

2279 1484 2389 1536 ἀπὸ
2419 1483 2665 1554 θορύϐων
2698 1485 2794 1536 καὶ
2819 1485 3116 1556 φροντίδων
3150 1484 3479 1553 σωματικῶν
3505 1485 3602 1537 καὶ
3633 1487 3859 1558 τρυφῆς,

2280 1576 2374 1628 καὶ
2404 1575 2642 1645 μάλιστα
2673 1575 2752 1647 (2)
2778 1577 3106 1645 πολυλογίας
3137 1578 3230 1631 καὶ
3254 1578 3653 1646 εύτραπελείας
3676 1577 3858 1648 ὥσπερ

2281 1667 2453 1737 κηρὸς
2496 1666 2606 1718 ἀπὸ
2637 1667 2809 1738 πυρὸς
2839 1668 3079 1738 εὐχερῶς
3113 1668 3486 1738 διαλυόμενον.
3533 1669 3609 1740 (3)
3645 1670 3854 1734 Μείζων

2282 1756 2376 1808 τοῦ
2425 1756 2804 1827 βαπτίσματος
2857 1757 2995 1827 μετὰ
3042 1758 3102 1810 τὸ
3128 1757 3413 1827 βάπτισμα
3459 1759 3568 1810 τῶν
3610 1759 3849 1829 δακρύων

2283 1847 2434 1918 πηγὴ
2463 1847 2824 1918 καθέστηκεν,
2867 1851 2914 1902 εί
2957 1851 3051 1902 καὶ⁵
3083 1850 3356 1920 τολμηρόν
3388 1849 3506 1901 ἐστί
3537 1867 3642 1913 πως
3678 1850 3736 1904 τὸ
3756 1850 3842 1904 λε-

2281 1940 2534 2007 γόμενον·
2559 1939 2694 1993 διότι
2727 1943 2904 1994 ἐκεῖνο
2935 1941 3033 2012 μὲν
3058 1941 3169 1996 τῶν
3207 1942 3616 2012 προγεγονότων
3643 1945 3694 1996 ὲν
3720 1947 3842 2015 ἡμῖν

2283 2029 2472 2082 κακῶν
2503 2031 2620 2082 ἐστι
2651 2030 3043 2104 καθαρτήριονο
3073 2032 3231 2086 τοῦτο
3267 2032 3324 2085 δὲ
3358 2033 3469 2086 τῶν
3507 2035 3846 2104 μεταγεγονό-

2282 2141 2410 2187 των,
2443 2125 2666 2178 κάκεῖνο
2709 2125 2808 2195 μὲν
2838 2127 3022 2197 νήπιοι
3055 2125 3450 2198 λαμϐάνοντες,
3486 2127 3691 2190 πάντες
3736 2130 3856 2196 ἐμο-

2282 2215 2522 2286 λύναμεν
2541 2231 2555 2245 ·
2592 2215 2681 2270 διὰ
2710 2217 2901 2271 τούτου
2927 2219 2985 2272 δὲ
3016 2219 3237 2273 κάκεῖνο
3267 2219 3734 2292 ἀνακαθαίρομεψ
3761 2220 3788 2273 ὃ
3812 2220 3855 2273 εί

2287 2307 2362 2378 μὴ
2390 2309 2660 2380 δεδώρητο
2695 2308 3098 2380 φιλανθρώπως
3133 2311 3197 2363 ὲκ
3225 2309 3360 2364 Θεοῦ
3394 2314 3504 2374 τοῖς
3534 2309 3852 2383 ἀνθρώποις,

2285 2399 2500 2453 σπάνιοι
2529 2398 2698 2462 δντως
2733 2400 2828 2453 καὶ
2856 2398 3171 2472 δυσεύρετοι
3215 2401 3266 2453 οἱ
3299 2400 3623 2470 σωζόμενοι.
3663 2402 3726 2454 Ol
3769 2403 3858 2472 μὲν

2284 2489 2600 2558 στεναγμοὶ,
2639 2489 2734 2542 καὶ
2763 2491 2797 2559 ἡ
2839 2490 3114 2560 κατήφεια
3142 2488 3305 2560 βοῶσι
3355 2490 3494 2561 πρὸς
3532 2491 3764 2563 Κύριον.
3787 2493 3862 2545 Τὰ

2283 2581 2340 2634 δὲ
2362 2581 2428 2633 ὲκ
2452 2580 2618 2651 φόϐου
2646 2580 2859 2652 δάκρυα
2890 2581 3273 2652 πρεσϐεύουσι·
3297 2580 3365 2635 τά
3388 2582 3444 2635 δὲ
3466 2582 3568 2653 τῆς
3594 2584 3862 2650 παναγίας

2283 2666 2529 2738 ἀγάπης,
2559 2667 2660 2739 τὴν
2690 2669 2902 2723 ἱκεσίαν
2933 2669 3352 2740 προσδεχθείσαν
3376 2671 3508 2740 ἡμῖν
3543 2672 3864 2741 ἐμφανίζου-

2285 2775 2390 2813 σιν.
2440 2760 2505 2815 Εί
2547 2761 2700 2815 οὐδὲν
2747 2761 2823 2833 (4)
2871 2761 3012 2815 οὕτω
3059 2765 3126 2833 τῇ
3170 2763 3648 2836 ταπεινοφροσύνῃ
3697 2764 3771 2827 ὡς
3809 2765 3866 2816 τὸ

2283 2853 2482 2918 πένθος
2508 2855 2852 2925 συνέρχεται,
2876 2856 3029 2910 οὐδὲν
3067 2856 3285 2920 πάντως
3314 2857 3452 2929 αὐτῇ
3489 2857 3567 2921 ὡς
3603 2860 3635 2912 ὁ
3675 2857 3750 2929 (5)
3779 2858 3866 2928 γέ-

2283 2944 2391 3008 λως
2427 2945 2780 3018 ἀνθέστηκεν.
2808 2948 3070 3018 Κατέχων
3101 2949 3299 3019 κάτεχε
3329 2949 3429 3019 τὴν
3464 2951 3750 3022 μακαρίαν
3776 2951 3868 3022 τῆς

2283 3036 2436 3100 ὁσίας
2458 3038 2803 3103 κατανύξεως
2838 3040 3219 3111 χαρμολύπην·
3253 3042 3349 3094 καὶ
3378 3043 3452 3112 μὴ
3474 3041 3666 3112 παύσῃ
3697 3043 3794 3111 τῆς
3815 3042 3868 3095 ὲν

2285 3128 2421 3200 αὐτῇ
2447 3130 2732 3200 ἐργασίας,
2766 3131 2926 3202 ἄχρις
2949 3125 3012 3184 οὗ
3057 3133 3349 3204 μετάρσιον
3383 3135 3446 3187 ὲκ
3477 3135 3586 3187 τῶν
3619 3134 3868 3195 ἐντεῦθεν

2283 3220 2362 3291 τῷ
2416 3223 2639 3293 Χριστῷ
2687 3224 2926 3295 καθαρὸν
2971 3227 3298 3298 παραστήσῃ
3351 3243 3430 3279 σε·
3473 3229 3778 3282 ἀνατυπῶν
3815 3230 3870 3281 ὲν

2285 3314 2466 3384 ἑαυτῷ
2519 3316 2595 3386 μὴ
2643 3317 2831 3390 παύσῃ
2879 3320 2974 3372 καὶ
3024 3319 3312 3390 διερευνῶν
3371 3320 3542 3391 πυρὸς
3593 3321 3868 3376 σκοτεινοῦ

2284 3405 2546 3461 ἄϐυσσον·
2580 3409 2675 3463 καὶ
2719 3410 2957 3474 ἀνελεείς
2994 3413 3295 3484 ὑπηρέτας,
3331 3414 3634 3486 ἀσυμπαθῆ
3687 3416 3869 3488 κριτὴν

2284 3498 2380 3550 καὶ
2426 3499 2837 3572 ἀσυγχώρητον,
2887 3502 3018 3572 χάος
3073 3521 3131 3557 τε
3184 3505 3462 3576 ἀπέρατον
3513 3507 3871 3578 καταχθονίου

2284 3590 2504 3660 φλογὸς,
2537 3593 2632 3646 καὶ
2677 3591 2968 3661 ὑπογείων,
3001 3594 3093 3646 καὶ
3132 3595 3376 3668 φοϐερῶν
3413 3596 3616 3660 τόπων,
3656 3599 3752 3651 καὶ
3781 3615 3871 3669 χα-

2287 3682 2513 3750 σμάτων
2541 3682 2907 3753 τεθλιμμένας
2947 3685 3302 3750 καταϐάσεις,
3347 3687 3444 3740 καὶ
3479 3687 3586 3740 τῶν
3609 3689 3871 3742 τοιούτων

2287 3773 2507 3826 πάντων
2537 3774 2774 3835 εἰκόνας·
2805 3777 2953 3838 ὅπως
2978 3776 3056 3847 τῷ
3085 3777 3266 3847 πολλῷ
3292 3778 3483 3849 τρόμῳ
3510 3781 3814 3849 στυφθεϊσα
3840 3782 3870 3852 ἡ

2285 3865 2671 3934 ἐνυπάρχουσα
2714 3866 2871 3936 ἡμῶν
2927 3870 2992 3937 τῇ
3035 3868 3182 3940 ψυχῇ
3231 3869 3456 3937 λαγνεία
3511 3871 3765 3944 συναφθῇ
3807 3876 3869 3943 τῇ

2283 3955 2548 4026 ἀφθάρτῳ
2601 3957 2793 4026 ἁγνείᾳ
2837 3959 2933 4012 καὶ
2982 3963 3160 4029 φωτὸς
3215 3962 3378 4015 ἀΰλου
3443 3963 3614 4033 πυρὸς
3678 3966 3872 4028 παντὸς

2285 4044 2451 4097 πλέον
2486 4046 2905 4112 ἀποστίλϐοντος
2931 4051 2989 4101 ὲν
3021 4049 3158 4120 αὐτῇ
3185 4050 3408 4122 δέξηται
3433 4050 3698 4122 [πένθους
3721 4053 3870 4119 δεξα-

2289 4135 2447 4208 μένη]
2496 4138 2595 4210 τὴν
2638 4141 2959 4210 ἐμφάνειαν·
3013 4142 3171 4212 στῆθι
3229 4145 3287 4196 ὲν
3343 4147 3656 4215 προσευχῆς
3696 4147 3870 4218 δεήσει

2286 4228 2607 4301 σύντρομος,
2643 4233 2719 4295 ὡς
2749 4234 3040 4298 κατάδικος
3079 4236 3478 4308 περιστάμενος
3505 4238 3766 4311 δικαστῇ,
3791 4241 3872 4292 ίνα

2283 4320 2364 4392 τῷ
2396 4323 2554 4386 ὲκτὸς
2584 4325 2735 4389 εῖδει,
2767 4326 2862 4380 καὶ
2891 4327 2968 4397 τῷ
3001 4329 3150 4392 ἐντὸς
3180 4329 3300 4401 nos;
3335 4331 3686 4401 κατασϐέσῃς
3707 4331 3871 4401 θυμὸν

2283 4412 2492 4466 δικαίου
2523 4415 2733 4486 κριτοῦ.
2761 4418 2836 4470 Οὐ
2866 4417 2977 4489 γὰρ
3005 4419 3164 4490 φέρει
3193 4421 3468 4491 ὑπερορᾷν
3495 4421 3680 4492 ψυχὴν
3701 4426 3872 4494 χήραν

598 4517 716 4557 mas
749 4513 802 4558 et
835 4503 1122 4572 imagines,
1157 4513 1216 4557 ut
1249 4502 1455 4572 ingenti
1485 4512 1694 4557 terrore
1725 4501 1976 4570 perculsa
2017 4501 2175 4572 150

2282 4506 2605 4569 κατωδύνως
2641 4509 2790 4580 αὐτῷ
2824 4511 3254 4584 περισταμένην,
3279 4514 3374 4568 καὶ
3404 4515 3606 4578 κόπους
3641 4516 3726 4586 τῷ
3749 4517 3870 4570 ἀκό-

597 4594 781 4648 anima
837 4603 1026 4648 nostra
1061 4594 1115 4647 in
1165 4593 1438 4647 luxuriam
1475 4606 1650 4662 prona
1703 4589 2069 4646 inﬂammetur
2097 4595 2180 4646 in-

2285 4615 2372 4667 πῳ
2400 4601 2772 4670 παρέχουσαν.
2808 4604 2878 4656 Et
2910 4621 2994 4669 τις
3022 4605 3257 4677 δάκρυον
3302 4606 3533 4677 ψυχικὸν
3576 4608 3866 4680 ἐκτήσατο,

594 4693 850 4753 corrupta
883 4684 1152 4749 castitate,
1188 4693 1242 4739 et
1274 4683 1481 4738 lumine
1519 4683 1792 4752 spirituali
1821 4683 1967 4752 quod
1995 4699 2059 4738 ex
2091 4684 2178 4738 lu-

2282 4690 2456 4762 τούτῳ
2508 4695 2614 4757 πᾶς
2653 4695 2817 4760 τόπος
2855 4698 2935 4761 είς
2969 4698 3166 4763 πένθος.
3205 4681 3478 4769 ἀρμόδιοξ.
3513 4701 3579 4754 Et
3615 4701 3675 4754 δὲ
3715 4702 3870 4772 μόνον

595 4785 688 4830 ctu
738 4775 988 4844 suscipit,
1042 4775 1216 4846 magis
1265 4775 1589 4840 illustretur,
1638 4790 1804 4844 quam
1836 4775 2030 4844 quovis
2059 4777 2178 4846 igne

2282 4781 2370 4834 διὰ
2404 4783 2494 4834 τοῦ
2527 4785 2683 4849 ἐκτὸς
2723 4788 3039 4859 ἐργάζεται,
3064 4791 3192 4856 τοὺς
3219 4791 3420 4855 τόπους
3463 4794 3556 4847 καὶ
3589 4795 3718 4857 τοὺς
3747 4795 3870 4863 τρό-

595 4868 947 4937 quantumvis
976 4866 1153 4922 claros
1188 4869 1254 4922 de
1279 4883 1338 4922 se
1367 4867 1551 4922 radios
1573 4873 1884 4936 spargente.
1907 4867 2043 4920 Dum
2083 4870 2180 4922 das

594 4975 820 5030 operam
873 4961 1146 5029 precibus,
1212 4969 1291 5014 sta
1334 4975 1521 5014 coram
1554 4959 1741 5029 judice
1788 4959 2178 5016 tremebundus

595 5065 705 5104 non
738 5065 899 5106 secus
935 5063 999 5104 ac
1038 5065 1185 5116 reus,
1229 5060 1289 5104 ut
1325 5051 1518 5104 humili
1551 5049 1801 5119 corporis
1850 5059 1994 5105 statu
2021 5049 2174 5117 foris,

592 5152 648 5196 et
671 5143 842 5197 animi
865 5141 1054 5197 habitu
1091 5142 1235 5197 intus
1259 5142 1395 5212 justi
1418 5142 1621 5212 judieis
1662 5143 1799 5196 iram
1837 5143 2175 5214 exstinguas.

595 5233 714 5289 Non
743 5235 890 5290 enim
915 5245 1093 5304 potest
1118 5235 1210 5290 ille
1244 5236 1505 5300 animam,
1530 5243 1793 5304 tanquam
1825 5235 2046 5290 viduam
2076 5237 2175 5291 do-

2285 4892 2419 4938 πους
2443 4877 2738 4946 διακρίνων
2765 4881 2826 4932 ού
2863 4880 2941 4952 μὴ
2981 4882 3269 4936 παύσεται.
3312 4885 3398 4948 Ὧς
3428 4887 3458 4938 ὁ
3488 4887 3869 4956 κεκρυμμένος

2286 4965 2578 5037 θησαυρὸς,
2626 4969 2719 5021 τοῦ
2767 4971 2854 5024 ἐπ’
2876 4971 3081 5044 ἀγορᾶς
3119 4976 3483 5046 προκειμένου
3528 4977 3869 5046 ἀσυλώτερος

2285 5059 2645 5130 καθέστηκεν,
2674 5063 2816 5116 οὕτω
2847 5067 2940 5119 καὶ
2957 5066 3026 5120 τά
3052 5067 3419 5138 προλεχθέντα
3447 5070 3752 5141 νοήσωμεν.
3779 5070 3866 5139 Μὴ

2287 5149 2440 5217 γίνου
2475 5151 2608 5204 ὡσεὶ
2652 5155 2881 5226 νεκροὺς
2930 5156 3218 5227 θάψαντες,
3257 5159 3389 5212 ποτὲ
3421 5159 3522 5230 μὲν
3568 5161 3656 5214 ἐπ’
3685 5162 3864 5222 αὐτοῖς

2289 5239 2633 5311 θρηνοῦντες,
2665 5245 2796 5298 ποτὲ
2827 5245 2883 5298 δὲ
2916 5248 2982 5301 δι’
3022 5249 3220 5314 αὐτοὺς
3261 5251 3680 5323 μεθυσκόμενοι·
3733 5250 3863 5304 ἀλλά

595 5327 768 5381 tenter
814 5341 1000 5380 coram
1053 5341 1113 5382 se
1162 5334 1418 5393 stantem,
1451 5334 1504 5380 et
1547 5325 1877 5396 importune,
1926 5315 2178 5397 quamve!

2289 5309 2448 5399 γενοῦ
2477 5333 2550 5396 ῶς
2577 5336 2625 5386 οἱ
2657 5337 2714 5388 ἐν
2737 5338 3029 5407 μετάλλοις
3054 5309 3288 5412 δέσμίοιι,
3323 5341 3444 5396 καθ’
3467 5309 3616 5414 ὥραν
3638 5343 3744 5395 ὑπὸ
3773 5340 3864 5409 δη-

594 5418 714 5486 ipse
762 5416 1140 5488 infatigabilis,
1197 5416 1453 5485 precibus
1511 5415 1827 5487 fatigantem
1873 5417 2173 5487 despicere.

595 5508 700 5576 Qui
733 5509 884 5566 luctu
912 5510 1278 5580 lacrymarum
1311 5509 1573 5564 interiore
1605 5511 1866 5578 tangitur,
1893 5510 2022 5566 huic
2051 5510 2175 5580 qui-

670 5688 713 5718 "
742 5687 884 5742 Psal.
908 5704 982 5751 Cl,
1014 5688 1065 5741 5.

667 5804 747 5874 (u)
773 5801 1113 5862 Pmmtentiac
1153 5805 1500 5877 baptismum.

2292 5421 2432 5490 μίων
2479 5427 2886 5499 μαστιζόμενοι·
2935 5432 2964 5483 ό
3017 5431 3149 5485 ποτὲ
3195 5434 3296 5504 μὲν
3355 5433 3586 5499 πενθῶν,
3636 5433 3767 5486 ποτὲ
3809 5432 3863 5484 δὲ

2286 5519 2525 5588 τρυφῶν,
2563 5523 2651 5574 καὶ
2689 5523 3006 5592 γελειάζων,
3039 5527 3225 5596 ὅμοιός
3259 5529 3376 5581 ἐστι
3407 5527 3484 5600 τῷ
3518 5528 3656 5600 μετά
3699 5528 3859 5595 ἄρτου
