4110 6428
412 372 524 433 805

1447 379 1678 439 SCALA
1712 375 2092 436 PARADISI.
2123 402 2191 412 —
2231 375 2541 438 GRADUS
2567 378 2703 437 VII.

3591 375 3697 440 806

400 493 501 546 τὸν
523 487 666 542 κύνα
686 486 790 559 τῆς
814 489 1127 562 φιληδονίας
1148 490 1441 559 λιθάζοντι,
1465 493 1523 557 ὂς
1548 493 1624 564 τῷ
1649 494 1748 565 μὲν
1769 493 2009 564 σχήματι

2117 492 2197 548 vis
2239 494 2396 549 locus
2462 504 2546 548 est
2612 490 2681 547 ad
2748 489 2957 547 luctum
3027 498 3389 560 opportunus.
3458 488 3560 546 Cui
3618 487 3701 542 la-

406 584 603 633 τοῠτον
634 578 841 634 διώκει·
882 582 962 655 τῷ
991 582 1050 637 δὲ
1094 585 1383 656 πράγματι
1422 584 1779 656 παρεδρεύειν
1822 585 2011 639 τοῦτον

408 670 813 742 προτρέπεται.
865 672 1025 726 Γίνου
1086 674 1314 741 σύννους
1374 676 1811 746 ἀφιλένδεικτος,
1874 678 2012 748 πρὸς

408 759 519 831 τὴν
554 759 751 813 ἐαυτοῦ
784 761 1016 832 καρδίαν
1055 763 1387 835 ἐξεστηκὼς.
1429 766 1716 820 Δεδοίκασι
1748 764 1858 837 γάρ
1883 764 2011 818 σύν-

409 868 568 904 νοιαν
615 853 667 904 οί
714 850 990 922 δαίμονες,
1017 852 1095 919 ῶς
1131 855 1181 908 οἱ
1224 855 1459 912 κλέπται
1496 859 1625 922 τοὺς
1666 860 1855 920 κύνας.
1897 857 2012 911 Οὐκ

402 940 566 994 ἐστιν
595 942 749 1012 ἡμῖν,
785 936 832 994 ὦ
870 937 1039 1009 οῦτοι,
1095 945 1331 1001 ἐνταῦθα
1376 947 1411 1019 ή
1463 946 1561 1001 τοῦ
1588 947 1768 1019 γάμου
1795 947 2007 1018 κλῆσις,

404 1034 518 1086 οὐκ
549 1033 719 1096 ἐστιν,
755 1030 987 1087 οὔκουν·
1025 1035 1248 1100 πάντως
1290 1037 1350 1091 δὲ
1389 1039 1471 1102 είς
1511 1039 1708 1103 πένθος
1742 1040 1951 1093 ἑαυτῶν
1982 1042 2012 1094 ό

404 1125 654 1189 καλέσας
692 1127 843 1197 ἡμᾶς
884 1128 1118 1182 ἐνταῦθα
1159 1129 1407 1186 ἐκάλεσε.
1440 1124 1602 1197 Ῠινές
1640 1132 1718 1204 (8)
1748 1132 2011 1204 δακρύον-

402 1236 527 1282 τες,
566 1218 735 1289 μηδὲν
763 1219 825 1272 τὸ
870 1222 1137 1294 παράπαν
1176 1222 1235 1276 ἐν
1269 1221 1348 1294 τῷ
1386 1225 1567 1297 καιρῷ
1619 1224 1699 1296 τῷ
1750 1226 2011 1298 μακαρίῳ

402 1310 726 1380 λογίζεσθαι
755 1313 985 1376 ἑαυτοὺς
1014 1312 1261 1384 ἀκαίρως
1286 1314 1588 1385 βιάζονται,
1620 1316 1696 1388 μὴ
1726 1316 2011 1387 λογιζόμε-

400 1422 514 1469 νοι,
551 1404 629 1457 ὅτι
658 1403 899 1475 δάκρυον
932 1406 1205 1461 άνέννοιον
1230 1408 1428 1477 ἀλόγου
1456 1408 1672 1477 φύσεως
1709 1410 1859 1473 ἴδιον,
1914 1410 2010 1464 καὶ

399 1497 471 1550 οὗ
504 1496 732 1566 λογικῆς
751 1510 767 1526 ·
803 1496 879 1566 (9)
904 1496 1153 1568 γέννημα
1181 1499 1402 1553 ἐννοιῶν
1433 1499 1669 1570 δάκρυον
1689 1518 1703 1532 ο
1740 1500 1923 1571 πατὴρ
1951 1501 2009 1555 δὲ

404 1586 619 1650 ἐννοίας
639 1586 906 1657 λογισμὸς
939 1588 1034 1642 καί
1054 1587 1198 1653 νοῦς.
1222 1589 1464 1645 Γινέσθω
1496 1593 1637 1663 σοιή
1668 1594 1726 1645 ἐν
1756 1594 1824 1662 τῇ
1851 1591 2010 1665 κλίνῃ

404 1697 507 1733 σου
534 1679 821 1741 άνάκλισις
853 1681 954 1751 τῆς
979 1682 1037 1733 ἐν
1072 1679 1152 1751 τῷ
1188 1682 1346 1753 τάφῳ
1372 1699 1467 1736 σου
1498 1684 1873 1748 κατακλίσεως
1911 1684 2010 1737 τύ-

402 1789 537 1836 πος,
575 1773 668 1827 καὶ
690 1768 854 1843 ἦττον
878 1770 1167 1837 ὑπνὼσεις.
1196 1774 1305 1828 Καὶ
1352 1775 1491 1846 αὕτη
1539 1793 1621 1828 σοι
1658 1778 1692 1847 ἡ
1734 1778 1834 1848 τῆς
1870 1794 2007 1849 τρα-

404 1862 587 1934 πέζης
616 1841 937 1928 ἀπόλαυσις,
968 1864 1067 1935 τῆς
1088 1863 1197 1918 τῶν
1219 1841 1519 1937 σκωλήκων
1545 1841 1770 1920 ἐκείνων
1789 1841 1800 1848 ’
1816 1841 2008 1939 ὀδυνη-
2041 1841 2083 1896 Β

412 1957 518 2025 ρᾶς
563 1954 846 2026 τραπέζης
884 1954 1130 2023 γενέσθω
1172 1956 1515 2027 ἀνάμνησις·
1554 1960 1649 2013 καὶ
1684 1954 1847 2031 ἦττον
1872 1977 2006 2030 τρυ-

415 2046 617 2113 φήσεις
639 2059 651 2073 ·
677 2043 809 2114 μηδέ
854 2043 951 2096 τοῦ
987 2043 1153 2097 ποτοῦ
1191 2044 1287 2097 τοῦ
1334 2043 1526 2109 ὓδατος
1574 2047 2006 2117 μεταλαμϐάνων

417 2134 527 2204 τῆς
573 2134 729 2205 δίψης
765 2134 864 2205 τῆς
905 2134 1105 2205 φλογὸς
1150 2136 1369 2208 ἐκείνης
1420 2138 1871 2211 άμνημονήσειςο
1913 2141 2008 2195 καὶ

421 2227 644 2290 πάντως
668 2226 825 2300 βιάσῃ
851 2228 950 2299 τὴν
982 2228 1166 2298 φύσιν.
1206 2229 1332 2282 Ἐπὶ
1351 2230 1409 2282 δὲ
1431 2233 1495 2302 τῇ
1522 2230 1618 2284 τοῦ
1649 2233 2007 2288 ἐπιστατοῦν-

410 2336 512 2383 τος
546 2321 672 2390 ἡμῖν
702 2321 909 2391 ἐντίμῳ
930 2321 1126 2392 ἀτιμίᾳ
1149 2321 1245 2374 καὶ
1278 2321 1588 2393 ἐπιπλήξει,
1625 2325 1719 2379 καὶ
1756 2326 2007 2398 ἐπιτιμία

404 2410 518 2481 τῆς
539 2412 632 2464 τοῦ
658 2412 849 2482 κριτοῦ
877 2412 1119 2484 φοϐερῶς
1152 2413 1498 2485 ἐννοηθῶμεν
1526 2417 1858 2485 ἀποφάσεως
1879 2435 1892 2448 '
1915 2420 2008 2473 καὶ¹

406 2503 637 2565 πάντως
671 2503 771 2575 τὴν
820 2505 1285 2577 ἐπισπειρομένην
1338 2506 1532 2575 ἄλογον
1577 2507 1756 2581 λύπην
1791 2510 1887 2563 καὶ
1916 2527 2008 2563 πι-

402 2596 578 2669 κρίαν
602 2597 873 2668 πραότητι
898 2599 992 2651 καὶ
1024 2597 1297 2668 ὑπομονῇ,
1319 2597 1395 2661 ὡς
1414 2598 1473 2651 ἐν
1493 2599 1733 2672 διστόμῳ
1762 2601 2009 2674 μαχαίρᾳ

400 2690 863 2759 κατασφάξομεν.
906 2690 1122 2759 Χρόνῳ
1180 2688 1530 2750 σπανίζεται
1574 2693 1895 2760 θάλασσα,
1930 2695 2008 2757 ῶς

401 2798 584 2850 φησιν
616 2781 644 2832 ὁ
690 2780 830 2848 Ἰὼϐ,
863 2784 961 2837 καὶ
990 2785 1170 2855 χρόνῳ
1213 2785 1308 2839 καὶ
1340 2785 1587 2858 ὑπομονῇ
1637 2786 1778 2839 κατὰ
1813 2790 2008 2860 μικρὸν

396 2875 486 2927 τὰ
520 2874 785 2946 εἰρημένα
835 2877 895 2928 ἐν
948 2878 1086 2946 ἡμῖν
1122 2876 1478 2947 προσγίνεται
1531 2878 1627 2932 καὶ
1680 2879 2005 2935 τελειοῦται.

403 2966 596 3037 ηυρὺς
640 2967 861 3020 αίωνίου
914 2970 1105 3039 μνήμη
1150 2968 1273 3023 καθ’
1308 2969 1549 3041 ἑσπέραν
1582 2974 2007 3045 συγκοιμηθήτω

406 3074 524 3122 σοι,
547 3056 640 3110 καὶ
663 3057 1056 3128 συναναπήτω
1089 3073 1203 3110 σοι’
1238 3059 1333 3112 καὶ
1355 3059 1416 3111 ού
1450 3061 1525 3129 μή
1554 3075 1646 3111 σου
1680 3058 1923 3130 ῥᾳθυμία
1950 3062 2008 3112 ἐν

402 3146 598 3217 καιρῷ
634 3146 960 3218 ψαλμῳδίας
996 3148 1266 3221 κυριεύσῃ
1302 3149 1454 3204 ποτέ.
1482 3151 1732 3205 Πεισάτω
1767 3168 1827 3204 σε
1870 3152 2006 3223 πρὸς
2034 3199 2077 3257 C

400 3239 680 3312 ἐργασίαν
731 3239 984 3305 πένθους,
1021 3242 1128 3295 κᾶν
1159 3243 1294 3295 αὐτό
1325 3259 1419 3296 σου
1448 3243 1507 3296 τὸ
1534 3241 1759 3314 ἔνδυμα.
1797 3244 2006 3309 Πάντες

399 3329 530 3401 γὰρ
560 3332 610 3384 οί
645 3332 874 3403 νεκροὺς
927 3331 1274 3406 θρηνοῦντες,
1320 3334 1524 3405 μέλανα
1567 3334 2006 3407 περιϐάλλονται.

406 3424 489 3479 Εἰ
542 3424 637 3494 μὲν
666 3426 726 3476 οὐ
759 3424 998 3489 πενθεῖς,
1028 3425 1115 3479 διά
1141 3425 1301 3480 τοῦτο
1332 3425 1519 3480 πένθει
1545 3443 1561 3457 ·
1603 3429 1652 3480 εί
1685 3426 1741 3481 δὲ
1770 3418 2007 3492 πενθεῖς,

409 3515 514 3570 διὰ
558 3516 713 3570 τοῦτο
740 3515 929 3588 θρήνει
987 3518 1212 3586 μᾶλλον,
1242 3519 1326 3572 ὅτι
1361 3519 1418 3586 ἐξ
1458 3519 1660 3572 ἀπόνου
1685 3519 1894 3586 τάξεως
1929 3520 2011 3583 είς

412 3608 677 3662 ἐπίπονον
729 3610 924 3663 ἐαυτὸν
972 3612 1291 3682 κατήγαγες
1331 3611 1418 3664 διὰ
1447 3611 1559 3664 τῶν
1591 3610 1701 3663 σῶν
1735 3611 2011 3681 πταισμά-

406 3717 558 3754 των·
605 3701 853 3772 κρίνεται
909 3702 1128 3765 πάντως
1177 3701 1329 3773 παρὰ
1358 3703 1436 3773 τῷ
1488 3701 1641 3772 καλῷ
1690 3703 1786 3756 καὶ
1816 3703 2011 3774 δικαίῳ

402 3790 579 3862 ¹ἡμῶν
607 3794 793 3863 κριτῇ,
818 3792 895 3855 ῶς
926 3793 987 3845 ἐν
1018 3791 1216 3855 ἅπασι,
1245 3794 1341 3847 καὶ
1370 3795 1428 3844 ἐν
1449 3795 1564 3856 τοῖς
1592 3791 1826 3865 δάκρυσι
1850 3794 1883 3863 ἡ
1911 3794 2011 3865 τῆς

412 3880 642 3951 φύσεως
677 3881 930 3952 δύναμις.
969 3878 1122 3934 Εἶδον
1150 3881 1261 3951 γάρ
1305 3881 1510 3953 μικράς
1543 3881 1808 3950 σταγόνας
1854 3881 2012 3951 δίκην

414 3972 660 4042 αἳματος
696 3972 832 4044 μετὰ
884 3974 1046 4028 πόνου
1080 3975 1453 4045 προχεομένας
1473 3990 1487 4003 ο
1522 3975 1617 4028 καὶ
1646 3972 1786 4028 εἶδον
1828 3974 2012 4046 πηγάς

415 4065 650 4130 ἀπόνως
686 4065 1073 4136 προχεομένας,
1111 4065 1315 4136 καίπερ
1338 4064 1515 4133 ἔγωγε
1551 4065 1692 4119 κατὰ
1720 4065 1813 4119 τὸν
1849 4067 2013 4120 πόνον

421 4156 656 4228 μᾶλλον,
714 4155 808 4208 καὶ
854 4157 915 4209 οὐ
963 4156 1107 4209 κατὰ
1150 4156 1211 4209 τὸ
1233 4156 1470 4228 δάκρυον
1514 4157 1641 4221 τοὺς
1702 4156 2013 4226 κάμνοντας

413 4249 647 4319 ἔκρινα·
702 4243 856 4318 οἶμαι
887 4248 945 4302 δέ
981 4250 1078 4302 καὶ
1118 4250 1147 4302 ό
1169 4248 1321 4313 Θεός.
1370 4249 1482 4320 Οὐχ
1516 4249 1594 4319 (α)
1625 4250 1854 4320 ἁρμόζει
1886 4267 2013 4303 πεν-

408 4340 577 4395 θοῦσι
604 4340 874 4409 θεολογία·
902 4340 1144 4394 διαλύειν
1166 4339 1279 4411 γάρ
1316 4339 1498 4394 αὐτῶν
1528 4340 1589 4392 τὸ
1616 4340 1810 4404 πένθος
1837 4341 2013 4409 πέφυ-

409 4451 539 4488 κεν.
579 4434 640 4487 Ὀ
665 4434 766 4505 μὲν
804 4432 913 4504 γὰρ
939 4432 1019 4504 τῷ
1048 4433 1141 4486 ἐπὶ
1182 4433 1374 4504 θρόνου
1414 4432 1712 4503 καθημένῳ
1754 4431 2012 4485 διδασκα-

2112 600 2312 656 οτγηιαι
2348 600 2415 640 ex
2449 585 2624 641 oculis
2670 584 2936 640 duntaxat
2986 584 3234 653 corporis
3277 582 3471 650 fluunt,
3515 583 3563 639 is
3589 598 3701 638 non

2112 674 2326 729 desinet
2365 675 2634 731 rationem
2711 677 2978 742 locorum,
3027 684 3082 730 et
3139 690 3354 730 morum
3413 673 3700 728 hominum

2112 765 2425 821 observare.
2484 765 2953 832 Quemadmodum
3022 767 3315 822 thesaurus
3388 765 3702 821 t'eronditus

2114 858 2295 912 minus
2341 856 2487 912 furto
2557 867 2725 929 patet,
2785 874 2950 929 quam
3005 859 3052 914 is
3093 859 3185 928 qui
3220 858 3272 912 in
3319 857 3538 928 publico
3581 856 3700 913 foro

2111 958 2328 1004 exstat:
2364 948 2438 1004 ita
2482 948 2707 1018 perinde
2758 949 2824 1003 dc
2874 949 3045 1017 luctu,
3081 959 3137 1005 et
3181 950 3440 1021 lacrymis
3468 948 3702 1004 occultis

2111 1050 2166 1096 et
2192 1041 2395 1110 apertis
2422 1038 2768 1109 cogitandum
2804 1047 2907 1092 est.
2938 1038 3083 1093 Cave
3111 1054 3179 1092 ne
3208 1037 3442 1091 imiteris
3471 1052 3568 1091 eos
3601 1036 3699 1107 qui

2114 1143 2359 1188 mortuos
2387 1129 2681 1202 sepeliunt,
2700 1129 2793 1200 qui
2820 1145 2967 1183 nunc
2999 1126 3513 1199 lugentdefunctos,
3548 1143 3699 1181 nunc

2114 1236 2338 1296 propter
2378 1224 2499 1278 illos
2544 1223 2611 1277 ad
2652 1222 2967 1277 ebrietatem
2994 1236 3052 1276 se
3086 1220 3441 1291 ingurgitant,
3472 1220 3566 1275 sed
3599 1234 3699 1274 co-

2112 1317 2222 1388 gita
2247 1324 2297 1370 te
2326 1315 2380 1369 in
2414 1314 2653 1369 latontiis
2676 1313 2816 1366 inter
2841 1313 3054 1367 vinctos
3096 1311 3311 1382 degere,
3336 1312 3430 1382 qui
3464 1312 3700 1383 singulis

2113 1408 2264 1465 boris
2298 1408 2368 1464 ab
2404 1407 2689 1463 lictoribus
2723 1406 2908 1477 ﬂagris
2937 1406 3241 1462 caeduntur.
3276 1402 3378 1471 Qui
3411 1421 3556 1459 ntmc
3579 1404 3703 1473 qui-

2110 1496 2234 1550 dem
2279 1494 2446 1565 luget,
2503 1510 2650 1550 nunc
2702 1511 2832 1550 vero
2864 1510 2924 1550 se
2967 1495 3022 1548 in
3057 1493 3284 1549 delicias
3310 1503 3365 1547 et
3398 1493 3566 1547 risum
3594 1493 3704 1547 dif-

2110 1587 2309 1655 fundit,
2346 1588 2572 1659 perinde
2597 1586 2728 1643 facit
2764 1598 2930 1659 atque
2958 1589 3025 1653 is,
3057 1587 3149 1657 qui
3183 1601 3374 1641 canem
3412 1586 3701 1641 lascivien-

2112 1691 2218 1736 tem
2265 1698 2363 1753 pro
2407 1683 2605 1751 lapide,
2652 1698 2791 1752 pane
2844 1681 2997 1750 petit,
3046 1680 3140 1751 qui
3186 1680 3337 1734 illum
3371 1680 3424 1734 in
3458 1680 3699 1750 speciem

2111 1773 2329 1843 quidem
2391 1773 2562 1844 abigit
2618 1783 2673 1827 et
2729 1774 3096 1843 persequitur,
3156 1772 3337 1842 reipsa
3378 1787 3510 1827 vero
3544 1773 3610 1827 ad
3642 1788 3702 1828 se

2113 1866 2306 1920 invitat
2338 1875 2393 1920 et
2426 1865 2679 1920 advocat.
2714 1865 2943 1920 Attende
2986 1864 3081 1936 qui
3121 1864 3297 1935 luges,
3328 1874 3383 1919 et
3411 1865 3489 1921 sis
3520 1865 3701 1920 omnis

2109 1956 2495 2011 ostentationis
2538 1956 2734 2020 hostis,
2761 1966 2927 2027 atque
2953 1965 3101 2012 totus
3126 1957 3178 2011 in
3206 1956 3387 2013 cordis
3411 1957 3487 2012 tu-i
3514 1967 3702 2012 custo-

2109 2040 2255 2096 diam
2307 2043 2583 2123 abreptus.
2644 2038 2943 2112 Refugiunt
2980 2039 3127 2094 enim
3178 2050 3435 2109 attentos,
3483 2042 3704 2111 sibique

2109 2133 2347 2190 intentos
2390 2133 2826 2196 cacodzcmones,
2875 2147 2983 2187 non
3027 2146 3187 2186 secus
3226 2140 3388 2202 atque
3435 2133 3695 2186 nocturni

2108 2235 2450 2298 grassatores
2478 2226 2671 2281 timent
2705 2240 2891 2281 canes.
2918 2222 2963 2279 Ο
2997 2224 3181 2289 amici,
3218 2240 3327 2279 non
3372 2241 3565 2282 sumus
3591 2226 3702 2282 huc

2109 2320 2175 2374 ad
2203 2319 2424 2388 nuptias
2468 2319 2668 2382 vocati,
2717 2316 2874 2390 151
2903 2333 3009 2372 non
3046 2332 3259 2381 sumus,
3301 2316 3398 2371 sed
3471 2319 3701 2374 omnino

2108 2409 2175 2463 ad
2234 2409 2500 2481 lugendos
2548 2424 2650 2464 nos
2700 2409 2851 2480 ipsos
2897 2408 3006 2464 huc
3053 2424 3083 2463 a
3124 2407 3235 2463 Deo
3269 2408 3447 2463 vocati
3480 2424 3697 2465 sumus.

2108 2498 2341 2566 Quidam
2370 2500 2501 2554 dum
2546 2501 2600 2554 in
2632 2499 2903 2571 lacrymas
2940 2508 3091 2566 eunt,
3118 2499 3172 2553 in
3207 2499 3301 2553 illo
3327 2500 3493 2555 beato
3522 2501 3701 2573 lacry—

2110 2606 2322 2645 marum
2354 2598 2497 2645 statu
2556 2606 2775 2645 omnem
2820 2591 2920 2646 abs
2968 2606 3028 2646 se
3067 2591 3452 2662 cogitationem
3476 2594 3699 2663 pervim

2107 2681 2428 2749 excludunt,
2465 2683 2639 2754 ignari
2667 2683 2938 2755 lacrymas
2956 2683 3074 2740 sine
3104 2700 3271 2740 sensu
3303 2684 3696 2753 cogitationum

2109 2774 2362 2846 profusas
2393 2774 2840 2846 (crocodilorum)
2857 2785 2909 2831 et
2935 2776 3252 2831 animalium
3275 2778 3491 2833 ratione
3509 2794 3699 2834 caren-

2109 2867 2247 2922 tium
2301 2868 2550 2938 proprias
2606 2882 2750 2934 esse,
2800 2883 2907 2923 non
2964 2865 3700 2940 bominum.Lacrymarum

2110 2961 2234 3018 fons
2264 2970 2347 3018 est
2374 2963 2656 3033 cogitatio,
2671 2960 3060 3034 cogitationum
3092 2977 3313 3033 parens,
3343 2979 3497 3019 mens
3523 2973 3578 3018 et
3600 2978 3693 3018 ra-

2112 3054 2204 3107 tio.
2268 3051 2499 3119 Quando
2548 3051 2701 3106 vadis
2724 3052 2996 3118 cubitum,
3033 3052 3104 3107 sit
3131 3052 3224 3107 tibi
3254 3053 3369 3123 ipse
3392 3052 3608 3108 cubitus
3641 3054 3699 3108 in

2113 3146 2312 3201 lectulo
2341 3156 2455 3211 tuo,
2500 3143 2674 3199 forma
2705 3144 2930 3200 habitus
2969 3145 3218 3215 corporis
3249 3146 3305 3200 in
3334 3146 3586 3215 sepulcro
3603 3145 3695 3217 ja-

2110 3240 2305 3305 centis,
2365 3248 2421 3294 et
2472 3239 2656 3294 minus
2705 3238 2972 3292 dormies.
3021 3235 3160 3293 Cum
3217 3237 3284 3292 ad
3338 3253 3582 3299 mensam
3605 3253 3701 3293 ac-

2112 3335 2349 3401 cumbis,
2380 3333 2451 3391 sit
2475 3334 2573 3389 tibi
2604 3334 2722 3404 ipsa
2754 3342 3067 3389 comestura
3106 3333 3318 3389 acerbae
3354 3333 3501 3389 illius
3542 3349 3699 3388 men-

2111 3446 2186 3485 sa:
2216 3427 2546 3490 recordatio,
2598 3441 2723 3483 cum
2776 3440 2992 3481 vermes
3014 3425 3069 3480 in
3109 3427 3365 3495 sepulcro
3392 3425 3696 3501 depascen-

2114 3532 2203 3578 tur
2247 3528 2401 3577 a'rtns
2441 3529 2587 3583 tuos,
2628 3530 2685 3574 et
2718 3520 2905 3575 minus
2939 3518 3238 3589 voluptatis
3271 3518 3475 3589 capies.
3509 3517 3701 3589 Neque

2112 3630 2237 3670 cum
2277 3628 2475 3683 aquam
2512 3610 2783 3682 gustabis,
2812 3609 3156 3665 Oblivisceris
3202 3610 3324 3666 sitis
3363 3609 3509 3665 illius
3534 3626 3699 3681 quam

2111 3705 2353 3761 damnati
2415 3704 2468 3759 in
2512 3703 2731 3757 flamma
2772 3703 3075 3772 patiuntur,
3116 3710 3170 3755 et
3217 3700 3443 3756 omnino
3488 3711 3703 3757 natura:

2113 3799 2220 3853 vim
2269 3796 2492 3853 init-res.
2544 3793 2603 3850 In
2650 3794 2982 3851 contumelia
3035 3802 3216 3847 autem
3256 3793 3412 3862 plena
3442 3794 3696 3863 honoris,

2112 3902 2168 3946 et
2207 3890 2611 3960 objurgatione,
2656 3898 2710 3942 et
2748 3886 2985 3956 irrogata
3022 3900 3053 3941 a
3082 3884 3310 3955 praaside
3345 3897 3509 3956 paena
3535 3899 3696 3941 reco-

2113 3980 2350 4050 gitemns
2401 3976 2740 4033 tremendam
2785 3976 2933 4030 illam
2967 3975 3171 4046 judicis
3199 3974 3530 4031 sententiam
3568 3975 3696 4045 (Ite,

2115 4071 2391 4127 maledicti
2424 4069 2529 4141 ⁸³),
2554 4078 2608 4122 et
2631 4081 2863 4138 prorsus
2896 4066 3129 4121 inlusam
3170 4066 3356 4123 animo
3386 4074 3697 4136 praetesra-

2116 4164 2318 4219 tionem
2350 4160 2692 4225 maestitiam,
2738 4169 2998 4230 tanquam
3023 4160 3247 4229 ancipiti
3281 4159 3551 4215 machara
3576 4174 3701 4215 ma-

2113 4264 2315 4312 ctatam
2357 4267 2452 4324 per
2499 4250 2997 4316 mansuetudinem,
3035 4260 3090 4306 et
3135 4251 3454 4321 patientiam
3489 4250 3697 4306 delebi-

2115 4363 2258 4402 mus.
2313 4344 2565 4415 Tempore
2622 4344 2842 4397 rarescit
2878 4359 3047 4410 mare,
3080 4343 3157 4397 uti
3198 4340 3303 4398 Job
3339 4350 3573 4399 testatur
3607 4342 3696 4409 ἰς

2118 4454 2270 4493 mora
2306 4439 2434 4493 item
2463 4453 2561 4493 seu
2588 4447 2833 4506 tempore
2866 4451 2962 4506 per
2999 4435 3318 4506 patientiam
3352 4434 3558 4491 sensim
3582 4434 3696 4500 illa,

408 4526 562 4595 λικῷ
592 4525 803 4579 ἔοικεν’
827 4527 857 4579 ὁ
886 4526 965 4592 δέ,
1004 4523 1085 4596 τῷ
1120 4525 1215 4579 ιτξπ)⁵
1245 4525 1480 4595 κοπρίας
1517 4525 1615 4579 καὶ
1654 4526 1860 4580 σάκκου
1894 4524 2012 4580 δια-

2118 4544 2238 4599 qua:
2278 4528 2422 4584 dicta
2462 4537 2593 4584 sunt
2643 4527 2697 4582 in
2729 4526 2887 4582 nobis
2908 4528 3202 4595 exsistunt,
3228 4536 3282 4583 et
3316 4526 3696 4598 perficiuntur.

406 4617 685 4690 τρίϐοντι.
716 4618 828 4671 Καὶ
855 4618 1013 4672 τοῦτό
1036 4619 1208 4682 ἐστιν,
1234 4618 1310 4683 ὼς
1336 4616 1515 4688 οἶμαι,
1538 4619 1674 4691 ὅπερ
1701 4621 1794 4673 καὶ
1825 4619 2011 4687 Δαυῖδ,

407 4711 474 4766 εί
512 4710 603 4763 καὶ
624 4710 942 4776 διδάσκαλος
966 4712 1063 4765 καὶ
1090 4712 1253 4781 σοφὸς
1287 4713 1553 4784 ὑπῆρχεν,
1575 4712 1738 4783 ἡνίκα
1772 4711 2011 4777 ἐπένθει,

406 4803 564 4875 πρὸς
611 4808 738 4869 τοὺς
775 4804 1098 4876 ἐρωτῶντας
1126 4805 1462 4876 ἁπεκρίνατο
1486 4822 1500 4836 ·
1552 4803 1688 4871 Πῶς
1740 4802 1869 4873 ᾷσω
1897 4806 2015 4873 τὴν

403 4893 593 4962 ᾠδὴν
632 4897 853 4965 Κυρίου
882 4896 981 4950 ἐπὶ
1029 4896 1147 4967 γῆς
1196 4897 1558 4966 ἀλλοτρίας
1591 4897 1782 4967 ήγουν,
1829 4898 2013 4966 ἐμπα-

408 4985 598 5051 Θείας.
621 4988 731 5042 Καὶ
750 4989 846 5042 ἐπὶ
874 4992 975 5060 τῆς
997 4989 1249 5053 κτίσεως,
1279 4989 1374 5042 καὶ
1407 4987 1500 5040 ἐπὶ
1527 4989 1625 5058 τῆς
1665 4988 2010 5053 κατανύξεως

408 5082 575 5132 ἐστιν
610 5081 720 5151 (10)
761 5079 1114 5148 αύτοκίνητος
1170 5080 1267 5131 καὶ
1320 5077 1714 5151 ἐτεροκίνητος.
1765 5077 1936 5131 Ὅταν
1975 5079 2010 5151 ἡ

405 5172 595 5243 ψυχὴ,
617 5171 712 5225 καὶ
740 5170 899 5242 ὑμῶν
941 5170 1018 5241 μὴ
1060 5172 1434 5231 σπευσάντων.
1465 5169 1602 5240 μηδὲ
1625 5169 2012 5241 ἐπιτηδευσάνο

409 5282 534 5320 των
581 5260 903 5336 δακρυώδης
957 5263 1053 5316 καὶ
1089 5262 1365 5333 κάθυγρος
1423 5264 1518 5317 καὶ
1568 5263 1710 5333 ἡπία
1761 5264 2011 5334 γένηται,

409 5356 741 5427 δράμωμεν,
764 5357 794 5409 ὁ
825 5356 934 5425 γὰρ
965 5354 1167 5427 Κύριος
1199 5354 1451 5425 ἁκλήτως
1479 5354 1706 5426 ἐλήλυθε
1725 5372 1739 5386 ·
1773 5356 2014 5425 σπόγγον

406 5451 558 5519 ἡμῖν
608 5449 785 5510 διδοὺς
825 5447 1003 5518 λύπης
1039 5446 1340 5516 θεοφιλοῦς,
1373 5448 1467 5501 καὶ
1509 5446 1654 5517 ὕδωρ
1694 5446 2014 5516 ἀναψύξεως

412 5539 677 5613 δακρύων
734 5538 1005 5593 θεοσεϐῶν
1053 5537 1189 5603 πρὸς
1238 5538 1337 5610 τὴν
1388 5536 1662 5607 ἐξάλειψιν
1689 5537 1798 5591 τῶν
1839 5538 1897 5592 ἐν
1934 5537 2015 5609 τῷ

501 5694 543 5715 ιο
571 5684 759 5737 \tattlt.
793 5698 919 5749 xxv,
950 5682 1041 5747 41,
1121 5686 1167 5713 ⁸⁵
1193 5681 1323 5745 Job,
1360 5695 1474 5745 κιν,
1501 5681 1594 5735 Η.

2118 4622 2444 4692 Sempiterni
2478 4622 2778 4676 inferorum
2811 4621 3048 4677 incendii
3093 4622 3358 4677 memoria
3392 4632 3572 4676 tecum
3601 4637 3701 4679 ve-

2116 4716 2262 4786 speri
2314 4715 2692 4785 proﬁciscatur
2746 4715 3013 4777 cubitum,
3054 4724 3345 4784 tecumque
3373 4729 3533 4769 mane
3560 4729 3698 4769 con-

2118 4811 2329 4874 surgat,
2357 4814 2413 4858 et
2442 4817 2720 4873 nunquam
2754 4813 2805 4858 te
2835 4802 3212 4861 somnolentia.
3233 4811 3289 4856 et
3319 4802 3537 4873 pigritia
3561 4812 3703 4857 tem-

2116 4912 2246 4967 pore
2291 4910 2516 4968 precum
2568 4903 2624 4950 et
2668 4880 3003 4966 psalmorum
3038 4894 3705 4966 recitandorumoccupa-

2120 4984 2221 5039 bit.
2282 4981 2474 5038 Cultus
2534 4981 2650 5052 ipse
2695 4981 2945 5051 corporis
2972 4990 3027 5035 et
3048 4982 3218 5036 vestis
3250 4989 3343 5036 tua
3370 4981 3620 5052 religiosa
3650 4993 3706 5036 te

2121 5076 2187 5132 ad
2237 5076 2445 5132 luctum
2484 5076 2706 5130 excitet.
2741 5073 2899 5145 152
2929 5074 3133 5131 Omnes
3157 5075 3358 5145 quippe
3379 5074 3473 5145 qui
3505 5072 3702 5129 funera

2119 5169 2326 5237 lugent,
2367 5167 2555 5237 pullati
2595 5166 2873 5221 incedunt.
2902 5167 3058 5233 Quod
3095 5168 3139 5221 si
3169 5168 3354 5237 lugere
3387 5180 3496 5221 non
3522 5175 3703 5237 potes,

2123 5260 2227 5314 huc
2260 5259 2440 5330 ipsum
2466 5260 2629 5330 lnge;
2660 5260 2705 5314 si
2741 5260 2917 5330 luges,
2944 5261 3047 5316 boc
3075 5259 3250 5330 magis
3283 5259 3424 5329 lnge,
3454 5257 3600 5328 quod
3631 5272 3702 5312 ex

2123 5362 2270 5408 statu
2317 5351 2501 5424 quieto
2536 5351 2603 5406 ad
2640 5366 3010 5407 aerumnosum
3039 5352 3185 5407 hunc
3214 5367 3310 5421 per
3343 5362 3435 5404 tua
3478 5359 3701 5420 peccata

2125 5444 2357 5513 teipsum
2421 5442 2707 5514 deieceris.
2766 5442 3008 5512 Respicit
3066 5443 3293 5497 omnino
3346 5441 3587 5511 optimus
3647 5449 3703 5495 ct

2123 5536 2476 5608 aequissimus
2531 5535 2702 5606 judcx
2750 5545 2955 5600 noster,
2980 5535 3123 5589 utin
3170 5533 3378 5588 caneris
3412 5532 3695 5599 omnibus,

497 5774 577 5846 (α)
637 5773 794 5828 llunc
854 5776 1034 5829 locum
1083 5789 1368 5848 perperam
1433 5770 1699 5830 intellexit
1750 5769 1999 5841 Gerson;
2045 5776 2251 5833 omissa
2291 5777 2437 5833 enim
2475 5776 2763 5848 negatione
2822 5771 3158 5832 contrarium
3222 5768 3436 5826 auctori
3468 5781 3689 5826 sensum

422 5845 623 5902 contra
648 5855 886 5901 mcutcm
921 5848 1093 5919 ipsius
1118 5845 1369 5917 protulit.
