2055 3216
263 175 315 205 an?

885 171 903 197 S
910 193 916 199 .
931 168 1092 199 JOANNIS
1111 169 1265 201 CLIMACI

1843 164 1896 206 808

264 230 299 255 ita
319 231 346 255 et
370 228 396 254 in
413 228 488 254 luctu
510 231 536 253 et
554 226 692 261 lacrymis,
716 223 872 252 facultatem
891 228 996 250 natura:
1008 231 1052 249 no—

1108 225 1192 261 χάρτῃ
1208 226 1397 261 πταισμάτων,
1412 227 1527 262 φύλαξον
1538 229 1640 264 ταύτην
1654 226 1692 260 ὡς
1705 227 1790 264 κόρην
1799 228 1898 264 ὀφθαλ-

262 280 335 300 strze.
356 273 415 299 Vidi
431 271 592 307 perexiguas
606 272 788 306 lacrylnarum
805 275 895 304 guttas
916 269 1053 296 laboriose

263 320 348 346 instar
370 318 511 353 sanguinis
538 321 690 352 protrusus,
710 321 735 342 et
749 316 801 342 vidi
824 315 911 342 fontes
925 316 1083 358 lacryma-v

263 373 323 392 rum
352 364 410 391 sine
439 365 530 391 labore
553 363 688 397 profusos,
713 366 739 388 et
761 362 936 396 pronuntiavi
962 370 1055 389 secun-

262 410 325 436 dum
344 409 510 436 laborantem
526 407 622 441 magis,
639 415 719 441 quam
737 407 879 441 profusius
901 406 1054 442 lacryman-

263 461 327 487 tem,
345 463 394 481 nec
406 454 482 480 aliter
498 454 532 480 ab
551 453 604 479 Deo
618 452 745 480 existimo
757 453 886 488 judicari.
908 452 968 480 Non
987 461 1053 480 con-

262 501 336 527 venit
367 499 523 533 lugentibus
549 500 582 525 de
605 498 687 525 rebus
703 498 765 525 altis
781 503 808 524 ct
826 498 983 533 theologicis
999 503 1054 524 tra-

262 546 346 573 ctatio
366 537 412 572 seu
429 544 571 579 cogitatio,
598 544 749 579 exstinguit
764 544 837 570 enim
853 544 967 571 luctum.
985 543 1053 570 Nam

261 591 307 626 qui
336 590 490 624 theologica
509 590 622 624 cogitat,
637 589 734 616 similis
750 593 792 616 est
808 589 844 616 illi
859 590 905 624 qui
922 590 948 616 in
966 589 1055 616 cathe-

262 637 310 663 dra
322 645 382 664 cum
398 644 495 670 pompa
519 641 546 663 et
560 636 674 662 docendi
702 636 864 663 auctoritate
877 636 993 663 residet:
1007 636 1054 671 qui

262 688 351 709 autem
369 682 450 716 luget,
466 681 514 713 illi,
526 681 571 715 qui
585 682 610 707 in
631 681 814 716 sterquilinio.
828 680 918 708 cilicio
938 685 965 708 et
974 688 1054 708 sacco

262 728 390 755 sordibus
417 732 552 754 versatur.
574 726 607 753 Et
629 727 680 753 hoc
703 732 756 758 est,
770 727 809 753 uti
828 735 900 760 reor,
913 727 986 762 quod
1000 727 1053 754 Da-

263 773 308 799 vid
326 772 503 806 quantumvis
518 776 614 798 caetera
638 770 747 801 doctus.
769 776 796 798 et
811 772 920 805 sapiens
935 772 1053 799 interro-

263 818 388 854 gantibus
414 817 565 852 respondit,
596 825 657 844 cum
685 817 805 852 lugeret:
831 817 968 850 Quomodo
989 827 1053 845 can-

263 863 324 890 tabo
350 863 482 890 canticum
504 863 609 889 Domini
634 863 661 889 in
676 868 746 889 terra
763 863 850 890 aliena
866 863 911 890 ‘5?
930 864 983 891 hoc
998 869 1050 895 est.

263 908 335 935 vitiis
360 907 486 935 obnoxia.
522 906 755 940 Quemadmodum
780 907 805 934 in
831 915 922 934 rerum
941 913 1049 939 natura,

262 953 314 981 alia
336 960 384 987 per
407 960 436 980 se
465 955 621 983 moventur,
649 951 702 978 alia
726 952 760 978 ab
775 952 836 979 aliis
857 952 1054 987 impelluntur;

262 1000 299 1027 ita
318 999 443 1035 lacrymie
460 1006 492 1025 ex
512 998 723 1033 compunctione
736 998 777 1025 vel
787 1002 882 1032 sponte
905 997 1054 1033 profluunt,

261 1045 303 1072 vel
324 1045 417 1073 studio
439 1048 466 1071 et
499 1044 592 1071 labore
620 1043 786 1071 eliciuntur.
817 1043 932 1077 Quando
964 1044 1054 1070 anima

263 1094 376 1123 nostra,
401 1090 480 1117 nobis
513 1097 567 1117 non
603 1089 728 1117 sollicitis
764 1097 852 1125 neque
881 1089 1055 1116 allaboranti-

263 1137 323 1169 hus,
339 1145 385 1171 per
394 1145 423 1164 se
437 1137 463 1163 in
479 1136 613 1171 lacrymas
632 1140 659 1163 et
669 1136 773 1163 luctum
789 1136 908 1163 resoluta
924 1135 1054 1166 mitescit,

263 1187 320 1209 tum
335 1189 397 1210 vero
411 1181 573 1209 currendum
582 1187 624 1209 est
638 1191 644 1208 ε
662 1181 794 1209 Dominus
826 1183 897 1209 enim
913 1181 1056 1209 invocatus

263 1227 328 1264 [non
349 1228 474 1264 vocatus]
507 1229 626 1261 advenit,
655 1233 684 1255 ut
711 1227 852 1263 spongiam
884 1227 963 1254 nobis
993 1235 1056 1262 gra—

262 1281 297 1303 tae
324 1275 380 1303 Deo
414 1275 531 1302 tristitia:
569 1275 709 1310 porrigat,
753 1278 780 1301 et
814 1273 917 1301 fontem
952 1274 1056 1308 aperiat

262 1320 411 1354 refrigerii,
440 1320 623 1355 lacrymarum
657 1323 813 1347 sanctarum
849 1318 883 1345 ad
910 1318 1054 1345 delendum

264 1365 343 1400 153
363 1365 579 1399 chirographum
602 1369 775 1398 peccatorum
803 1369 980 1397 nostrorum;
1006 1372 1055 1391 cu-

263 1412 333 1438 stodi
352 1413 425 1438 hunc
440 1418 569 1446 tanquam
584 1411 714 1446 pupillari)
727 1411 809 1443 oculi,
826 1411 915 1446 quoad
930 1411 1054 1444 recedat;

264 1465 362 1492 magna
379 1457 451 1484 enim
468 1461 509 1484 est
524 1457 565 1483 vis
581 1457 665 1489 illius,
688 1464 748 1491 qua:
770 1456 851 1492 longe
865 1456 949 1483 vincit
968 1456 1055 1488 illum.

263 1510 345 1537 quem
371 1503 462 1530 labore
486 1507 513 1530 et
540 1502 629 1529 studio
649 1507 743 1529 nostro
764 1501 853 1537 adepti
876 1509 983 1529 sumus.
1003 1502 1057 1529 Ne-

264 1556 402 1584 quaquam
422 1548 466 1576 ille
482 1556 573 1576 veram
600 1548 690 1576 luctus
713 1549 828 1584 gratiam
846 1552 988 1576 assecutus
1003 1553 1054 1581 est,
1070 1562 1091 1591 α

264 1594 311 1629 qui
327 1594 400 1629 luget
413 1594 523 1629 quando
538 1595 606 1628 vult,
620 1594 666 1622 sed
684 1594 731 1629 qui
747 1594 820 1630 luget
836 1602 897 1630 quae
917 1595 988 1628 vult;
1007 1602 1056 1622 nec

266 1642 372 1665 tantum
385 1646 447 1673 quae
464 1639 539 1670 vult,
556 1639 602 1666 sed
620 1639 665 1673 qui
680 1639 753 1675 luget
770 1644 797 1666 ut
815 1640 885 1666 Deus
897 1640 964 1667 vult.
979 1640 1057 1675 Smpe

266 1683 351 1710 luctui
371 1691 435 1710 vero
454 1684 605 1711 miscentur
619 1684 713 1712 invisa;
738 1684 794 1712 Deo
813 1692 890 1712 vana:
906 1684 999 1720 gloriae
1015 1686 1054 1712 la-

267 1736 377 1764 crymaa,
395 1730 466 1763 quod
483 1730 597 1756 solerter
611 1734 639 1757 et
653 1730 694 1764 pie
710 1730 917 1758 observabimus
934 1736 961 1757 et
975 1731 1056 1757 intel-

266 1774 393 1809 ligemus.
421 1776 531 1810 quando
558 1784 607 1803 nos
629 1776 795 1811 lacrymari,
828 1781 855 1803 et
883 1781 972 1803 tamen
991 1777 1056 1803 vitia

267 1828 321 1847 non
347 1822 494 1848 emendare
516 1822 693 1849 senserimus.
718 1822 787 1849 Vera
815 1823 991 1857 compunctio
1015 1827 1056 1849 est

266 1867 343 1894 dolor
358 1867 455 1894 anima:
472 1868 546 1895 omni
563 1875 660 1895 carens
675 1868 758 1895 animi
781 1868 910 1902 elatione,
927 1868 973 1902 qui
994 1868 1055 1895 nul-

267 1913 319 1939 lam
335 1913 385 1940 sibi
403 1917 514 1947 praestat
535 1914 751 1941 consolationem
763 1934 771 1946 ,
793 1914 840 1942 sed
856 1915 984 1942 omnibus
997 1922 1056 1941 mo—

267 1958 365 1985 mentis
381 1959 571 1993 migrationem
585 1967 600 1986 e
613 1960 666 1986 vita
683 1960 738 1987 sibi
756 1960 791 1987 ob
806 1960 901 1988 oculos
917 1962 1055 1995 proponit,

267 2010 292 2031 et
317 2006 531 2032 cousolationcm
563 2013 578 2032 a
601 2005 655 2033 Deo
682 2006 728 2040 qui
755 2005 873 2033 humiles
899 2006 1057 2033 consolatur

268 2051 426 2082 mtﬂiachns,
444 2051 525 2077 veluti
541 2050 654 2078 aﬂ'usam
672 2051 796 2085 frigidam
812 2055 979 2086 exspectant.
992 2051 1058 2084 Qni-

266 2103 373 2129 cunque
389 2104 482 2122 verum
498 2104 528 2122 ex
543 2096 633 2123 cordis
648 2104 729 2123 sensu
746 2096 848 2123 luctum
865 2098 1056 2131 possederunt.

268 2142 305 2167 illi
334 2143 415 2168 vitam
445 2150 554 2176 quoque
582 2149 681 2173 suam.
717 2147 846 2176 tanquam
874 2150 1055 2169 aerumnosam

266 2188 412 2220 quamdam
433 2188 556 2214 oninium
578 2188 759 2223 lacrymarum
781 2193 808 2214 ct
823 2188 948 2215 dolorum
964 2188 1057 2215 conci-

268 2233 399 2259 liatricem
425 2233 553 2264 oderunt,
578 2239 732 2268 corpusque
758 2241 839 2261 suum
856 2233 929 2260 velut
949 2233 1054 2260 hostem
1072 2228 1094 2255 Ῑ)

268 2283 438 2304 aversantur.
466 2277 579 2310 Quando
594 2278 621 2307 in
637 2278 671 2306 iis
686 2279 731 2313 qui
748 2279 799 2307 sibi
824 2287 887 2306 vere
905 2278 1054 2306 secundum

269 2331 353 2356 Deum
370 2328 463 2363 lugere
480 2331 617 2363 videntur,
635 2339 702 2358 iram
726 2335 753 2359 et
774 2332 930 2367 superbiam
945 2335 1056 2359 notave-

270 2382 366 2417 rimus,
380 2383 476 2410 horum
494 2383 626 2419 lacrymas
639 2392 811 2420 nequaquam
824 2393 955 2417 smeeras,
969 2392 1057 2420 neque

269 2437 302 2454 cx
319 2437 380 2456 vera
398 2430 607 2464 compnnctione
625 2430 760 2465 profectas
782 2431 974 2466 cogitabimus.
990 2431 1057 2463 Qut:

269 2476 338 2501 enim
356 2476 559 2502 communicatio
577 2476 643 2503 lucis
659 2476 693 2502 ad
710 2477 829 2503 tenebras
842 2477 880 2504 ἐἳ
897 2476 964 2504 Vera
982 2484 1058 2504 com-

270 2522 380 2556 punctio
396 2522 621 2555 consolationem,
648 2523 714 2549 falsa
742 2528 769 2550 et
794 2523 887 2557 spuria
913 2523 1057 2550 elationem

270 2568 353 2594 animi
378 2568 457 2602 parit.
475 2568 712 2601 Quemadmodum
731 2569 801 2602 ignis
823 2569 950 2603 stipulam
975 2569 1059 2603 depa-

269 2614 365 2645 scitur.
392 2614 427 2640 ita
445 2614 573 2649 lacryma:
588 2614 701 2641 sincerae
720 2614 850 2649 quidquid
869 2614 992 2642 sordium
1016 2614 1058 2641 vel

269 2664 379 2693 apparet
403 2660 442 2686 vel
466 2668 519 2686 non
536 2665 658 2698 apparet,
675 2661 789 2688 abluunt
807 2666 834 2688 et
855 2661 956 2688 delent.
979 2660 1058 2689 Ratio

269 2705 382 2732 docendi
399 2710 425 2732 ct
439 2705 593 2740 disputandi
608 2706 641 2733 de
653 2706 781 2741 lacrymis
795 2707 933 2742 plerisque
944 2706 1057 2733 Patrum

272 2750 444 2783 perobscura,
465 2757 491 2778 et
508 2751 674 2785 perdifﬁcilis
690 2751 771 2787 154.
784 2759 845 2780 esse
859 2752 975 2785 videtur,
990 2759 1060 2787 pra:-

307 2815 404 2842 “l’sal.
416 2823 525 2847 cxxxvl,
544 2817 572 2843 ιι.
610 2816 661 2844 “Il
677 2816 740 2844 Cor.
757 2825 793 2849 vi,
810 2817 854 2843 Μ.

1107 271 1159 304 μοῦ
1176 272 1255 307 ἄχρις
1270 269 1300 299 οὗ
1330 273 1496 310 ὑποχωρήσῃ
1507 283 1513 289 ”
1529 275 1612 310 πολλὴ
1634 275 1688 313 γὰρ
1704 276 1721 310 ἠ
1740 275 1816 310 ἰσχὺς
1837 277 1898 304 τού-

1110 324 1163 348 του,
1179 317 1249 353 ὑπὲρ
1260 317 1308 353 τὴν
1324 318 1370 344 τοῦ
1382 318 1411 351 ἐξ
1425 318 1562 353 ἡμετέρας
1577 319 1695 354 σπουδῆς
1711 320 1758 346 καὶ
1775 321 1897 354 ἐπινοίας

1107 363 1340 397 προσγινομένου·
1371 364 1419 399 οὑχ
1442 364 1486 391 ὅτε
1515 364 1570 400 (ll)
1590 364 1714 399 βούλεται
1739 366 1753 392 ὁ
1781 366 1896 400 πενθῶν,

1105 404 1182 440 οὗτος
1197 408 1295 440 κάλλος
1309 409 1432 443 πέφθακε
1445 408 1573 441 πένθους”
1586 409 1643 435 ἀλλ’
1656 411 1669 436 ὁ
1683 410 1712 436 ὲν
1726 408 1768 442 οἷς
1778 410 1827 437 ἐὰν
1838 411 1898 445 βού-

1105 454 1194 489 ληται·
1210 456 1256 482 καὶ
1266 455 1326 481 οὐδὲ
1338 456 1366 482 ἐν
1381 452 1421 487 οἷς
1433 456 1466 483 ἂν
1482 455 1620 491 βούληται,
1634 456 1690 482 ἀλλ’
1700 456 1714 481 ὁ
1731 456 1821 488 καθὼς
1832 456 1898 489 Θεὸς

1107 500 1241 534 βούλεται.
1254 501 1389 534 Πολλάκις
1406 502 1445 537 τῷ
1460 502 1532 529 κατὰ
1549 502 1616 528 Θεὸν
1629 502 1720 528 πένθει
1741 502 1771 528 τὸ
1789 503 1838 538 τῆς
1851 512 1897 530 κε-

1105 546 1225 579 νοδοξίας
1257 548 1425 583 ἁχαρίτυτον
1457 548 1495 583 (a)
1528 547 1716 582 συμπλέκεται
1766 547 1896 583 δάκρυον.

1105 592 1191 619 Τοῦτο
1202 592 1229 619 δὲ
1243 593 1362 629 δοκίμως
1372 594 1419 621 καὶ
1431 593 1551 625 εὐσεϐῶς
1566 593 1787 628 ὲπιγνωσόμεθα,
1797 594 1897 622 ὁπόταν

1106 638 1270 670 πενθοῦντας
1297 640 1344 666 καὶ
1375 640 1612 675 πονηρευομένους
1640 639 1753 670 ἑαυτοὺς
1786 639 1896 675 ἴδωμεν.

1106 685 1260 717 Κατὰνυξις
1285 686 1367 720 κυρία
1395 686 1481 717 ἐστὶν,
1499 685 1703 720 ἀμετεώριστος
1713 685 1793 719 ὀδύνη
1808 685 1897 720 ψυχῆς

1107 732 1242 767 μηδεμίαν
1267 733 1349 769 ἑαυτῇ
1369 732 1544 768 παρηγορίαν
1570 732 1739 767 παρέχουσα,
1761 731 1847 766 μόνην
1868 731 1896 759 δὲ

1104 779 1153 812 τὴν
1177 778 1275 812 ἑαυτῆς
1301 779 1430 805 ἀνάλυσιν
1456 778 1605 815 καθ’ὥραν
1630 778 1834 814 φανταζομένη,
1850 779 1896 806 καὶ

1105 824 1154 859 τὴν
1180 824 1227 850 τοῦ
1253 824 1309 859 (12)
1339 823 1558 859 παρακαλοῦντος
1579 824 1646 851 Θεοῦ
1669 825 1732 856 τοὺς
1754 826 1896 857 ταπεινοὺς

1107 870 1240 904 μοναχοὺς
1252 870 1424 906 παράκλησιν
1434 870 1472 902 ὡς
1483 870 1554 906 ὕδωρ
1567 870 1671 906 ψυχρὸν
1683 870 1892 907 προσδεχομένη.

1109 914 1186 941 ’Ὅσοι
1198 916 1226 942 ἐν
1246 916 1371 950 αἰσθήσει
1395 916 1509 951 καρδίας
1528 916 1624 947 πένθος
1649 916 1807 952 ἐκτήσαντο,
1823 915 1889 945 οὗτοι

1108 960 1155 987 καὶ
1168 961 1253 996 αὐτὴν
1266 961 1314 997 τὴν
1326 961 1430 988 ἑαυτῶν
1446 961 1520 997 ζωὴν
1540 962 1689 998 ἐμίσησαν·
1706 962 1736 988 τὸ
1752 961 1780 988 δὲ
1794 962 1890 989 ἑαυτῶν

1109 1007 1189 1042 σῶμα
1217 1007 1254 1039 ὡς
1267 1008 1363 1043 ἐχθρὸν
1389 1008 1616 1043 ἀπεστράφησαν.
1651 1008 1766 1035 Ὀπόταν
1789 1008 1819 1035 ὲν
1841 1010 1894 1040 τοῖς

1108 1053 1178 1079 κατὰ
1193 1052 1258 1079 Θεὸν
1276 1053 1385 1080 πενθεῖν
1403 1053 1527 1081 δοκοῦσιν
1543 1053 1628 1089 ὀργὴν
1647 1054 1695 1080 καὶ
1708 1053 1896 1089 ὑπερηφανίαν

1108 1097 1282 1133 θεασώμεθα,
1297 1098 1401 1125 τούτων
1417 1099 1451 1126 τὰ
1468 1099 1573 1135 δάκρυα
1586 1099 1695 1126 ἐναντία
1714 1098 1896 1134 λογισώμεθα·

1107 1144 1182 1170 Ποία
1197 1144 1251 1179 γὰρ
1267 1145 1407 1172 κοινωνία
1433 1146 1507 1181 φωτὶ
1531 1145 1607 1180 πρὸς
1621 1147 1753 1179 σκότος;
1772 1146 1898 1180 Γέννημα

1110 1191 1158 1226 μὲν
1173 1191 1369 1227 νενοθευμένης
1387 1191 1572 1225 κατανύξεως,
1584 1192 1682 1225 οἴησις,
1699 1190 1898 1225 ἐπαινουμένης

1106 1237 1135 1264 δὲ
1151 1237 1343 1273 παράκλησις·
1362 1237 1457 1273 ὥσπερ
1483 1237 1655 1272 ἀναιρετικὸν
1678 1237 1708 1264 τὸ
1732 1236 1788 1270 πῦρ
1812 1236 1898 1263 καλά-

1108 1293 1171 1319 μης,
1186 1284 1257 1310 οὕτω
1271 1283 1302 1310 τὸ
1324 1284 1441 1319 δάκρυον
1468 1283 1496 1310 to
1515 1283 1596 1317 ἁγνὸν
1609 1283 1708 1314 παντὸς
1722 1282 1898 1318 φαινομένου,

1108 1331 1154 1357 καὶ
1183 1329 1328 1366 νοουμένου
1354 1330 1451 1366 ῥύπου.
1485 1330 1514 1356 '0
1528 1330 1592 1365 περὶ
1609 1329 1662 1356 τῶν
1674 1328 1800 1364 δακρύων
1819 1328 1899 1362 λόγος

1108 1376 1183 1412 παρὰ
1198 1376 1306 1408 πολλοῖς
1325 1377 1379 1403 τῶν
1394 1376 1525 1412 Πατέρων
1537 1376 1674 1407 σκοτεινάς
1686 1383 1729 1406 τις
1739 1375 1787 1401 καὶ
1802 1374 1899 1401 δυσεύ-

1109 1431 1196 1456 ρετος,
1215 1423 1243 1449 ὲν
1260 1423 1316 1454 τοῖς
1335 1423 1526 1456 εἰσαγωγικοῖς
1543 1422 1660 1457 μάλιστα
1680 1418 1750 1447 εἷναι
1765 1420 1899 1455 ὁρίζεται,

1108 1468 1155 1495 καὶ
1167 1468 1199 1494 ἐκ
1208 1468 1313 1494 πολλῶν
1324 1467 1372 1494 καὶ
1383 1467 1519 1503 διαφόρων
1530 1467 1637 1503 τρόπων
1649 1466 1733 1493 ταῦτα
1746 1465 1899 1492 τίκτεσθαι.

1108 1515 1187 1549 Λέγω
1200 1514 1232 1550 δὴ
1247 1516 1279 1541 ὲκ
1297 1515 1415 1549 φύσεως,
1430 1515 1462 1541 ὲκ
1480 1513 1558 1545 Θεοῦ,
1574 1514 1607 1540 ὲκ
1625 1512 1740 1547 θλίψεως
1755 1512 1900 1543 ἐναντίας·

1108 1560 1138 1593 ἐξ
1151 1561 1360 1596 ἐπαινουμένης,
1374 1561 1406 1587 ὲκ
1417 1558 1581 1592 κενοδοξίας,
1594 1560 1626 1586 ἐκ
1639 1558 1777 1594 πορνείας,
1793 1558 1823 1589 ἐξ
1832 1557 1903 1591 ἀγά-

1109 1615 1174 1642 πης.
1189 1607 1221 1633 ἐκ
1238 1606 1348 1641 μνήμης
1364 1605 1493 1638 θανάτου,
1514 1606 1562 1632 καὶ
1576 1604 1676 1640 ἑτέρων
1693 1604 1799 1631 πολλῶν
1810 1613 1817 1619 ·
1836 1604 1903 1635 τοὺς

1107 1652 1136 1679 δὲ
1149 1652 1251 1679 τούτων
1263 1652 1391 1678 ἁπάντων
1402 1652 1521 1687 τρόπους
1532 1650 1607 1686 φόϐῳ
1617 1649 1685 1677 Θεοῦ
1699 1649 1902 1684 γυμνάσαντες,

1107 1697 1141 1724 τὰ
1158 1697 1205 1732 τῆς
1221 1697 1358 1733 ἡμετέρας
1372 1697 1528 1729 ἀναλύσεως
1548 1696 1657 1731 καθαρὰ
1671 1696 1718 1722 καὶ
1734 1695 1815 1722 ἄδολα
1835 1695 1903 1722 ὲαυ-

1106 1745 1163 1775 τοῖς
1178 1743 1422 1778 περιποιησὼμεθα
1442 1743 1565 1778 δάκρυα·
1585 1742 1615 1768 οὐ
1640 1742 1694 1777 γάρ
1718 1742 1791 1768 ἐστιν
1807 1742 1837 1767 ὲν
1854 1742 1904 1768 αὑ-

1107 1791 1164 1821 τοῖς
1179 1789 1266 1825 κλοπὴ
1283 1789 1299 1824 ἢ
1316 1789 1415 1824 οἴησις.
1435 1789 1579 1825 Κάθαρσις
1598 1788 1626 1815 δὲ
1651 1788 1752 1823 μᾶλλον
1767 1787 1816 1814 καὶ
1829 1787 1903 1821 ἁγά-

1108 1844 1162 1871 πης
1175 1835 1224 1870 τῆς
1241 1836 1282 1866 εἰς
1295 1834 1362 1861 Θεὸν
1375 1834 1529 1870 προσκοπὴ.
1544 1835 1590 1861 καὶ
1605 1834 1742 1869 ἁμαρτίας
1757 1833 1903 1866 ἑκπλυσις.

1107 1882 1155 1907 καὶ
1168 1880 1261 1907 παθῶν
1276 1881 1404 1907 ἀπάθεια.
1417 1881 1453 1907 Τὸ
1467 1881 1516 1916 μὲν
1531 1880 1584 1915 γὰρ
1595 1881 1623 1913 ἐξ
1638 1880 1748 1914 ἀγαθῶν
1764 1880 1905 1914 ἄρξασθαι

1107 1926 1154 1952 τοῦ
1173 1926 1286 1958 πένθους
1298 1925 1433 1961 δακρύων,
1450 1926 1496 1953 καὶ
1514 1927 1554 1958 εἰς
1571 1926 1677 1961 πονηρὰ
1692 1926 1860 1961 καταλῆξαι,
1873 1926 1904 1952 οὐ

1109 1972 1211 2007 θαῦμα.
1227 1972 1263 1998 Τὸ
1276 1972 1303 1998 δὲ
1319 1971 1348 2005 ἐξ
1368 1971 1496 1998 ἐναντίων
1507 1971 1523 2006 ἢ
1536 1971 1659 2006 φυσικῶν
1673 1973 1712 2002 εἰς
1725 1972 1906 2006 πνευματικὰ

1109 2017 1337 2053 μετεγκεντρίσαι
1354 2017 1528 2050 ἀξιέπαινον·
1558 2016 1638 2043 τοῦτο
1654 2016 1683 2043 δὲ
1705 2016 1735 2042 τὸ
1753 2016 1906 2052 πρόὸλημα

1108 2065 1132 2090 οί
1149 2065 1213 2099 περὶ
1235 2065 1284 2100 τὴν
1302 2064 1455 2095 κενοδοξίαν
1483 2062 1640 2099 ὲπιρρεπῶς
1659 2063 1776 2098 ἔχοντες,
1806 2062 1906 2097 σαφῶς

1109 2111 1278 2137 ἐπίστανται.
1306 2110 1351 2145 Μὴ
1373 2110 1484 2137 πίστευε
1512 2111 1572 2140 σαῖς
1596 2110 1698 2143 πηγαῖς
1723 2109 1777 2143 πρὸ
1792 2109 1905 2138 ’τελείαεΙ

1109 2156 1286 2190 καθάρσεως·
1304 2156 1333 2182 οὺ
1350 2155 1404 2190 γὰρ
1417 2155 1473 2190 ἔχει
1484 2155 1575 2181 πίστιν
1590 2153 1661 2186 οἶνος
1676 2154 1777 2186 εὐθέως
1793 2155 1827 2181 εκ
1849 2154 1906 2180 τῶν

1109 2201 1197 2236 ληνῶν
1212 2201 1412 2236 ἐγκλειόμενος,
1430 2199 1494 2227 Ὅτι
1509 2200 1558 2235 μὲν
1581 2200 1688 2226 ἅπαντα
1703 2199 1737 2225 τὰ
1751 2199 1823 2226 κατὰ
1837 2199 1907 2226 Θεὸν

1108 2247 1187 2282 ἡμῶν
1214 2246 1318 2282 δάκρυα
1337 2246 1472 2282 ὠφέλημα
1484 2267 1490 2279 ,
1506 2247 1520 2273 ὁ
1536 2246 1684 2280 ἀντιλέγων
1700 2245 1787 2277 οὐδείς
1797 2254 1803 2260 ·
1818 2245 1865 2277 τίς
1878 2246 1908 2272 δὲ

1109 2294 1142 2319 ὲκ
1155 2292 1257 2320 τούτων
1271 2292 1471 2328 προσ-γινομένη
1486 2292 1587 2326 ὄνησις,
1604 2292 1632 2319 ὲν
1649 2291 1737 2327 καιρῷ
1751 2291 1800 2326 τῆς
1811 2291 1907 2324 ἐξόδου

1110 2338 1281 2374 γνωσόμεθα.
1316 2339 1411 2370 Ὅστις
1436 2339 1465 2364 ἐν
1485 2338 1580 2364 πένθει
1607 2338 1725 2373 διηνεκεῖ
1749 2337 1819 2363 κατὰ
1838 2337 1910 2363 Θεὸν

1112 2384 1269 2420 πορεύεται,
1281 2380 1359 2415 οὗτος
1370 2384 1426 2419 (15)
1440 2384 1499 2411 καθ’
1512 2384 1618 2419 ἡμέραν
1629 2382 1765 2418 ἑορτάζων
1776 2384 1805 2410 οὐ
1818 2384 1911 2410 παύε-

1109 2439 1163 2458 ται.
1180 2431 1229 2461 Ὃς
1254 2430 1418 2465 σωματικῶς
1445 2429 1580 2465 ἑορτάζων
1595 2430 1624 2456 οὺ
1652 2429 1780 2462 παύεται,
1809 2429 1911 2456 τοῦτον

1111 2476 1208 2508 πένθος
1228 2476 1337 2503 αἰώνιον
1356 2476 1448 2510 μέλλει
1472 2475 1652 2510 διαδέχεσθαι.
1668 2475 1726 2502 Οὐκ
1741 2475 1799 2501 ἔστι
1817 2484 1912 2502 κατα-

1111 2523 1197 2554 δίκαις
1213 2523 1241 2548 ὲν
1269 2522 1375 2557 φυλακῇ
1401 2521 1536 2557 χαρμονὴ,
1555 2522 1602 2548 καὶ
1626 2522 1675 2548 οὐκ
1695 2521 1753 2548 ἐστι
1774 2523 1911 2557 μοναχοϊς

1113 2569 1250 2604 ἀληθινοῖς
1265 2568 1310 2594 ἐπὶ
1326 2567 1378 2603 γῆς
1394 2568 1484 2602 ἑορτή.
1500 2567 1555 2594 Καὶ
1572 2567 1636 2599 ῐσως
1653 2567 1696 2594 διὰ
1707 2567 1786 2594 τοῦτο
1799 2568 1911 2599 ἐκεῖνος

1112 2615 1127 2640 ὀ
1143 2612 1320 2644 καλλίπενθος
1340 2611 1476 2643 στενάζων
1490 2611 1599 2646 ἔλεγεν·
1630 2611 1775 2646 Ἑξάγαγε
1795 2611 1829 2636 ἐκ
1849 2619 1912 2644 φυ-

1113 2658 1212 2692 λακῆς
1226 2658 1284 2692 τὴν
1302 2657 1409 2692 ψυχήν
1425 2666 1495 2692 μου,
1518 2656 1563 2682 τοῦ
1579 2655 1793 2690 ἀγαλλιασθῆναι
1810 2654 1912 2681 λοιπὸν

1113 2706 1141 2731 ὲν
1156 2705 1194 2740 τῷ
1209 2705 1321 2740 ἀρρήτῳ
1332 2704 1400 2738 φωτί
1414 2712 1470 2729 σου.
1484 2702 1566 2729 Γενοῦ
1583 2702 1620 2734 ὡς
1632 2702 1759 2737 βασιλεὺς
1776 2702 1804 2728 ὲν
1819 2702 1856 2737 τῇ
1875 2703 1911 2737 σῇ

1114 2751 1222 2787 καρδίᾳ,
1254 2750 1355 2786 ὑψηλδς
1383 2751 1411 2776 ὲν
1431 2749 1594 2776 ταπεινώσει
1615 2749 1780 2784 καθήμενος.
1796 2748 1845 2775 καὶ
1861 2756 1912 2774 κε‹

310 2861 344 2893 (α)
363 2860 545 2900 ᾌχαρνίτωτον
555 2864 589 2900 ab
606 2863 744 2900 ᾴχάριτος,
757 2864 969 2900 ἀχαριτὼτερος,
983 2865 1054 2900 ἁχαρ

1108 2873 1197 2899 τατος,
1227 2871 1253 2893 et
1288 2874 1334 2900 per
1352 2873 1490 2900 syncopen
1523 2865 1702 2900 ἁχαρίτωτος,
1725 2864 1794 2891 sicut
1825 2862 1911 2898 πρῶ-

270 2904 312 2927 τος
327 2899 352 2921 et
367 2896 428 2921 alia.
438 2897 540 2924 Dicitur
567 2896 725 2933 ἀχάριστος,
737 2904 762 2926 et
776 2896 917 2933 ἆχᾶριτοςξ
