4110 6426
366 328 474 394 ως

1364 325 1594 386 SCALA
1621 326 2002 387 PAMBISI.
2028 352 2095 363 —
2118 323 2436 388 GRADUS
2463 326 2596 389 VII.

3519 329 3627 395 810

365 441 539 496 ὶεύων
564 439 646 510 τῷ
686 437 920 506 γέλωτι·
960 433 1075 506 (Η)
1123 435 1416 504 Πορεύου,
1472 435 1573 489 καί
1596 437 1945 504 -πορεύεταισ

2064 436 2241 491 sei-tim
2272 436 2414 506 apud
2446 437 2672 499 tirones,
2703 437 2848 507 quod
2878 435 2986 493 illa:
3004 450 3073 494 ex
3107 436 3292 495 multis
3314 447 3371 495 et
3394 438 3633 497 diversis-

362 535 464 588 καὶ
487 532 567 603 τῷ
598 527 861 601 κλαυθμῷ
904 526 983 599 τῷ
1015 527 1241 595 γλυκεῖ’
1282 527 1531 596 Ἔρχου,
1565 527 1664 581 καὶ
1688 528 1946 595 ἔρχεται·

350 623 465 676 οιαὶ
489 620 568 692 τῷ
590 619 765 689 δούλῳ
786 616 966 689 ἡμῶν,
993 618 1089 671 καλ⁹
1116 617 1367 690 τυράννῳ
1397 622 1615 688 σώματι
1631 633 1643 646 °
1683 619 1954 688 Ποίησον

356 713 567 780 ϊοῦτο,
589 710 687 766 καὶ
726 707 901 763 ποιεῖ.
934 708 1101 771 Είτις
1128 707 1189 761 τὸ
1213 708 1485 779 μακάριον
1519 707 1616 761 καὶ
1646 724 1953 779 κεχαριτω-

364 806 536 875 μένον
566 802 764 865 πένθος
811 800 1006 870 ὥσπερ
1049 798 1296 852 διπλοΐδα
1324 797 1601 870 νυμφικὴν
1641 797 1950 865 ἐνεδύσατο,

359 890 527 959 οὗτος
554 894 645 948 τὸν
680 893 779 962 τῆς
802 891 982 961 ψυχῆς
1009 889 1376 961 πνευματικὸν
1419 890 1686 961 ἐγνώρισε
1718 889 1951 958 γέλωτα.

362 986 473 1050 Τίς
502 987 609 1058 ἄρα
644 982 886 1046 τοιοῦτός
921 984 1068 1035 ὲστιν
1097 979 1157 1045 ὃς
1177 980 1270 1035 τὸν
1297 980 1492 1035 ἑαυτοῦ
1526 982 1717 1053 χρόνον
1742 980 1959 1052 ἅπαντα

362 1079 464 1131 τὸν
497 1078 557 1130 ὲν
582 1079 651 1149 τῇ
690 1073 953 1146 μοναδικῇ
983 1070 1228 1143 πολιτεία
1256 1071 1437 1140 οὔταε
1465 1071 1841 1143 δεδαπάνηκεν
1865 1074 1958 1126 εύ-

365 1168 570 1234 σεῦὦς,
602 1168 679 1231 ὡς
709 1166 785 1238 μὴ
826 1164 1045 1237 ἡμέραν
1070 1201 1085 1228 ,
1122 1166 1197 1234 μὴ
1229 1163 1397 1236 ὥραν,
1440 1164 1517 1235 μὴ
1536 1165 1724 1235 ῥοπὴν
1753 1162 1961 1235 ζημιω-

364 1263 488 1316 Θείν
518 1275 672 1324 ποτε,
690 1257 834 1313 ἀλλά
863 1257 940 1331 τῷ
968 1258 1158 1330 Κυρίῳ
1184 1256 1389 1324 ταύτην
1419 1253 1778 1322 ἰξαναλῶσαι,
1811 1254 1961 1323 λογι-

366 1353 704 1424 ζόμενοςὼς
726 1353 829 1407 οὐκ
857 1353 973 1405 ἔστι
993 1352 1092 1422 τὴν
1113 1350 1282 1421 αὐτὴν
1314 1348 1530 1421 ἡμέραν
1559 1348 1643 1411 δὶς
1674 1350 1730 1401 ἐν
1753 1346 1831 1418 τῷ
1857 1347 1959 1417 βίῳ

366 1444 695 1499 θεάσασθαι.
730 1444 1020 1514 Μακάριος
1050 1443 1151 1514 μὲν
1185 1439 1439 1513 μοναχὸς,
1462 1440 1492 1492 ὁ
1518 1441 1631 1503 τοῖς
1651 1439 1750 1508 τῆς
1776 1438 1958 1509 ψυχῆς

368 1537 622 1607 ὄμμασιν
651 1537 774 1600 ταῖς
826 1537 1042 1607 νοεραῖς
1083 1533 1375 1604 δυνάμεσιν
1417 1530 1747 1596 ὲνατενίζειν
1795 1530 1960 1584 δυνά-

378 1644 570 1699 μενος·
619 1627 872 1691 άπτωτος
923 1626 979 1681 δὲ
1025 1624 1242 1696 άληθῶς
1288 1625 1317 1678 ὁ
1346 1623 1448 1687 τὰς
1493 1621 1690 1677 ἑαυτοῦ
1722 1621 1959 1694 παρειὰς

373 1721 490 1783 τοῖς
512 1719 790 1790 αἰσθητοῖς
809 1717 1050 1788 ὄμμασιν
1077 1718 1142 1770 ὲκ
1159 1716 1394 1788 ,μνήμης
1418 1713 1650 1768 θανάτου
1677 1713 1772 1767 καὶ
1801 1731 1960 1767 πται⁶

377 1813 600 1882 αμάτων
639 1789 913 1881 διηνεκῶς
963 1806 1321 1879 καταϐρέχων
1364 1806 1479 1870 τοῖς
1519 1804 1655 1871 ζῶσι
1687 1804 1954 1876 δάκρυον
1987 1789 2034 1845 Β

376 1900 559 1957 κοπιῶ
585 1900 644 1955 δὲ
672 1900 950 1953 πιστεύειν
980 1898 1056 1962 ὡς
1084 1898 1253 1969 χωρὶς
1274 1898 1375 1968 τῆς
1403 1896 1660 1968 δευτέρας
1686 1897 1959 1949 καταστά-

383 2009 527 2056 σεως
579 1994 618 2063 ἡ
672 1990 913 2063 προτέρα
962 1988 1232 2042 ὲϐάδισεν.
1292 1982 1447 2040 Εἶδον
1492 1986 1604 2055 ἐγὼ
1633 1987 1954 2056 προσαίτας,

387 2083 488 2139 καὶ
529 2082 770 2152 πτωχοὺς
820 2079 1081 2143 ἀναιδεῖς,
1121 2077 1363 2141 ἀστείοις
1408 2077 1521 2131 τισὶ
1573 2077 1805 2147 ῥήμασι,
1854 2076 1958 2130 καὶ

390 2177 567 2241 αύτὰς
583 2175 677 2240 τὰς
711 2174 970 2246 βασιλέων
1010 2172 1236 2244 καρδίας
1266 2173 1348 2236 εἰς
1387 2170 1732 2242 συμπάθειαν
1774 2166 1959 2227 συντό-

390 2284 513 2334 μως
543 2265 979 2328 κατακλίναντας.
1014 2265 1124 2319 Καὶ
1163 2260 1301 2318 εῐδον
1327 2265 1579 2335 πτωχοὺς
1592 2263 1698 2318 -καὶ
1722 2263 1960 2333 πένητας

381 2359 498 2411 τῶν
524 2357 734 2431 ἀρετῶν
781 2358 881 2412 ούκ
931 2355 1187 2421 ἀστείοις,
1240 2355 1379 2410 ἀλλὰ
1433 2354 1635 2426 μᾶλλον
1684 2356 1961 2419 ταπεινοῖς

378 2464 519 2513 τισι,
560 2448 653 2500 καὶ
684 2449 1000 2511 σκοτεινοῖς,
1035 2445 1132 2501 καὶ
1162 2444 1451 2514 ὲξαπόροις
1499 2444 1738 2515 ῥήμασιν
1764 2443 1828 2496 ἐκ
1850 2441 1960 2513 βα-

377 2540 537 2606 θείας
570 2539 662 2594 καὶ
697 2537 1130 2609 ἀπεγνωσμένης
1158 2536 1389 2607 καρδίας
1423 2535 1560 2606 πρὸς
1586 2533 1679 2588 τὸν
1721 2534 1961 2605 ἐπουρά-

376 2650 497 2687 νιον
520 2631 748 2704 βασιλέα
777 2628 1149 2701 ἀναισχύντως
1181 2627 1278 2682 καὶ
1309 2626 1586 2698 ἐπιμόνως
1621 2625 1962 2696 άνακράζονο

373 2741 507 2795 τας,
544 2722 638 2778 καὶ
654 2723 723 2795 τῇ
753 2720 934 2776 αὐτῶν
964 2720 1057 2794 βίᾳ
1076 2719 1174 2793 τὴν
1203 2718 1466 2773 άὸίαστον
1491 2716 1659 2773 αὑτοῦ
1695 2715 1963 2788 βιασαμέ-

372 2831 511 2880 νους
558 2812 962 2883 εύσπλαγχνίαν
1018 2811 1116 2865 καὶ
1147 2809 1339 2881 φύσιν·
1387 2809 1416 2862 ὁ
1449 2810 1545 2862 ἐπὶ
1594 2810 1710 2872 τοῖς
1762 2806 1961 2861 ἑαυτοῦ

373 2905 615 2977 δάκρυσι
642 2903 890 2978 ψυχικῶς
920 2900 1302 2972 φυσιούμενος,
1328 2899 1568 2963 καὶτοὺς
1589 2898 1678 2970 ,μὴ
1706 2896 1964 2971 δακρύον-

376 3015 483 3062 τας
513 2998 570 3050 tv
616 2994 799 3064 ἐαυτῷ
854 2992 1221 3064 κατακρίνων,
1282 2989 1468 3061 ὅμοιός
1520 2990 1640 3043 ἐστι
1684 2988 1764 3062 τῷ
1797 2990 1963 3047 ὅπλον

380 3087 529 3143 κατὰ
558 3084 651 3140 τοῦ
684 3083 881 3138 ἑαυτοῦ
910 3074 1107 3155 ἐχθροῦ
1136 3082 1202 3135 ὲκ
1228 3081 1323 3135 τοῦ
1368 3078 1632 3151 βασιλέως
1660 3080 1964 3154 αἰτησαμέ-

379 3197 483 3251 νῳ,
516 3179 705 3232 ἑαυτὸν
727 3177 786 3231 δὲ
823 3178 885 3230 ὲν
916 3168 1090 3247 τούτῳ
1118 3173 1615 3246 διαχειρησαμένῳ.
1656 3174 1732 3228 Ού
1761 3174 1962 3241 δέεται,

367 3262 432 3326 ὦ
455 3261 623 3334 οὗτοι,
644 3262 765 3323 οὐδὲ
788 3266 1037 3338 βούλεται
1065 3265 1196 3330 Θεὸς
1220 3264 1507 3337 ἄνθρωπον
1528 3264 1589 3331 ἐξ
1619 3264 1811 3337 ὀδύνης
1825 3282 1965 3337 καρ-

376 3361 505 3426 δίας
528 3360 776 3415 πενθεϊνο
827 3357 966 3412 ἀλλὰ
1002 3356 1205 3428 μᾶλλον
1237 3353 1300 3435 ἐξ
1349 3355 1572 3426 ἀγάπης
1610 3356 1747 3426 πρὸς
1801 3357 1966 3410 αὐτὸν

382 3455 450 3507 ὲν
469 3453 663 3522 γέλωτι
707 3449 888 3522 ψυχῆς
925 3446 1276 3518 ἀγάλλεσθαι.
1313 3446 1503 3500 ’Δνελε
1537 3444 1638 3517 τὴν
1667 3438 1963 3521 ἁμαρτίαν,

385 3544 488 3601 καὶ
519 3543 770 3616 περιττὸν
806 3541 868 3595 τὸ
917 3537 1225 3595 κατώδυνον
1260 3538 1492 3608 δάκρυον
1535 3539 1649 3601 τοῖς
1684 3537 1965 3608 αἰσθητοῖς

380 3639 651 3710 ᾶμμασιν.
696 3633 862 3689 Οὐδὲν
901 3632 1011 3703 γὰρ
1042 3630 1228 3702 ξηρίου
1273 3628 1350 3702 (a)
1381 3630 1459 3700 μὴ
1492 3627 1758 3700 παρόντος
1790 3621 1967 3701 μόλω-

377 3750 505 3796 πος.
536 3732 654 3785 Οὐκ
678 3729 746 3801 ἢν
790 3729 846 3781 ὲν
878 3725 955 3798 τῷ
990 3724 1165 3795 Ἀδὰμ
1188 3723 1295 3794 πρὸ
1336 3723 1436 3792 τῆς
1471 3721 1837 3792 παραϐάσεως
1867 3716 1962 3776 δά-

376 3841 553 3897 κρυον
571 3840 587 3855 ο
618 3821 808 3889 ὥσπερ
830 3818 950 3873 οὐδὲ
987 3817 1130 3889 μετὰ
1168 3816 1269 3888 τὴν
1294 3810 1592 3869 ἀνάστασιν
1620 3808 1968 3900 λοιπὸνκατ-

381 3913 734 3986 αργουμινης
768 3912 867 3981 τῆς
912 3905 1223 3980 ἁμαρτίας·
1271 3910 1460 3975 Εἴπερ
1497 3905 1729 3975 ἀπέδρα
1775 3900 1965 3975 ὀδύνη

382 4005 549 4069 τότε,
590 4002 757 4069 ,λύπη
785 4000 881 4055 καὶ
924 3999 1284 4068 στεναγμός.
1321 3988 1474 4050 Εἶδον
1502 3994 1560 4049 ἐν
1587 4011 1700 4050 τισι
1748 3988 1963 4058 πένθος,

381 4093 487 4146 καὶ
520 4080 659 4143 εἶδον
682 4088 739 4142 ὲν
772 4086 971 4157 ἑτέροις
999 4086 1286 4158 διαπορίαν
1317 4080 1577 4149 πένθους’
1608 4078 1807 4149 πένθος
1839 4085 1964 4138 καί·

383 4200 499 4255 περ
531 4182 773 4252 ἔχοντες,
798 4180 871 4244 ὡς
908 4180 985 4252 μὴ
1013 4179 1333 4249 κατέχοντες
1372 4177 1673 4232 διάκεινται
1693 4197 1709 4209 ·
1738 4177 1840 4231 ’καὶ
1881 4176 1968 4252 δια

373 4278 483 4348 τῆς
547 4273 722 4343 καλῆς
759 4272 981 4341 ἁγνείας
1030 4271 1217 4326 ἄσυλοι
1271 4261 1607 4342 διαμένουσι.
1667 4270 1779 4324 Καὶ
1821 4263 1968 4322 οὗτοί

372 4372 515 4435 εἰσι,
545 4368 675 4438 περὶ
699 4362 773 4420 ὧν
811 4365 1026 4436 εῐρηται
1043 4380 1058 4395 ο
1082 4356 1299 4431 Κύριος
1328 4361 1510 4430 σοφὸῖ
1535 4354 1806 4431 τυφλούς
1828 4359 1965 4431 (l5).

2052 525 2296 582 fontibus
2316 538 2373 583 et
2399 527 2582 583 causis
2609 528 2742 583 oriri
2772 529 3017 599 possint;
3041 544 3109 584 ex
3134 539 3349 597 natura,
3372 530 3623 601 inquam,

2051 633 2119 673 ex
2151 616 2283 682 Deo,
2314 632 2380 672 ex
2411 616 2703 674 aﬂlictione
2724 618 2808 674 vel
2827 618 3103 674 laudanda
3129 622 3214 675 vel
3241 621 3624 692 vituperanda,

2052 724 2118 762 ex
2154 723 2289 762 vana
2328 707 2522 778 gloria,
2551 724 2619 763 ex
2645 709 2790 780 turpi
2823 724 3032 774 amore,
3063 725 3133 765 ex
3155 725 3287 766 vera
3314 711 3626 787 dilectione,

2054 816 2118 855 ex
2155 800 2422 857 memoria
2451 801 2664 868 mortis,
2693 812 2746 857 et
2778 802 2901 858 aliis
2930 802 3074 858 haud
3106 804 3316 874 paucis.
3369 804 3630 862 Excussis

2055 899 2235 945 autem
2264 890 2351 946 bis
2397 891 2652 946 omnibus
2695 893 2870 949 modis
2902 909 2997 963 per
3035 894 3281 950 timorem
3325 894 3443 962 Dei,
3490 897 3627 953 etin

2057 982 2233 1036 lucem
2261 982 2574 1050 protractis,
2605 998 2984 1053 comparemus
3014 987 3174 1042 nobis
3214 1001 3310 1042 eas
3335 987 3626 1058 lacrymas,

2055 1088 2196 1144 quas
2226 1074 2437 1143 absque
2467 1074 2743 1146 hypocrisi
2774 1091 2937 1145 puras
2969 1086 3024 1132 et
3052 1078 3294 1134 sinceras
3323 1080 3628 1136 recordatio

2058 1163 2404 1234 migrationis
2449 1166 2647 1221 animae
2681 1180 2715 1221 e
2759 1181 2991 1237 corpore
3032 1170 3210 1238 parit;
3247 1171 3302 1224 in
3346 1171 3436 1226 bis
3474 1172 3627 1227 enim

2057 1257 2209 1312 nulla
2237 1256 2389 1313 fraus
2417 1266 2503 1314 est
2545 1269 2641 1312 aut
2681 1260 2958 1328 superbia,
3000 1261 3093 1316 sed
3126 1262 3419 1318 mundities
3445 1264 3629 1332 potius

2057 1357 2115 1402 et
2141 1348 2349 1405 amoris
2377 1349 2547 1404 divini
2577 1359 2983 1419 argumentum,
3016 1359 3468 1421 peccatorumque
3493 1355 3629 1408 abo-

2059 1438 2180 1493 litio
2205 1477 2221 1504 ,
2270 1447 2326 1493 et
2355 1438 2609 1494 vitiorum
2648 1436 3232 1511 perturbationumque
3266 1443 3510 1495 omnium
3542 1458 3630 1499 se-

2057 1530 2230 1584 datio.
2260 1529 2559 1601 Lacrymas
2579 1531 2651 1585 ab
2679 1529 2888 1600 optimo
2916 1531 3096 1588 luctus
3114 1530 3384 1601 principio
3409 1540 3465 1587 et
3484 1531 3631 1587 fonte

2057 1620 2246 1688 ﬂuere,
2288 1632 2342 1677 et
2377 1621 2597 1677 demum
2629 1621 2707 1677 ab
2736 1637 2798 1677 se
2828 1622 2961 1692 ipsis
2990 1622 3046 1676 in
3085 1622 3285 1677 malum
3313 1633 3368 1677 et
3398 1638 3628 1693 pravum

2059 1710 2222 1765 finem
2245 1711 2596 1782 degenerare,
2624 1726 2730 1766 non
2760 1719 2847 1767 est
2872 1725 3202 1783 magnopere
3229 1711 3631 1777 demirandum,

2059 1802 2155 1858 sed
2188 1818 2221 1857 a
2262 1803 2405 1858 mala
2447 1812 2597 1859 ortas
2638 1803 2994 1874 scaturigine,
3042 1812 3138 1859 aut
3184 1804 3418 1859 naturali
3465 1820 3631 1864 sensu

2061 1893 2392 1963 profluentes
2441 1894 2497 1950 in
2547 1903 2797 1975 sanctum
2837 1905 2891 1950 et
2929 1894 3266 1965 spiritualem
3301 1896 3460 1951 finem
3501 1896 3636 1951 diri-

2061 1999 2208 2054 gere,
2244 1985 2350 2039 hoc
2378 1999 2505 2040 vero
2544 1983 2874 2039 laudandum
2905 1984 2960 2041 et
2995 1985 3424 2056 praedicandum.
3459 1985 3633 2054 Quam

2061 2074 2387 2130 sententiam
2422 2075 2627 2145 optime
2658 2075 2966 2146 intelligunt
3008 2075 3047 2130 ii
3076 2077 3168 2146 qui
3198 2077 3267 2133 ad
3300 2093 3493 2133 vanam
3520 2078 3638 2149 διο.

2062 2164 2198 2218 riam
2223 2172 2355 2219 sunt
2382 2165 2787 2236 propensiores.
2819 2164 2962 2220 Cave
2993 2180 3061 2221 ne
3089 2164 3157 2221 de
3186 2165 3428 2222 fontibus
3458 2170 3640 2241 laci-y-

2063 2268 2275 2308 marum
2306 2262 2524 2309 tuarum
2544 2254 2717 2310 etiam
2749 2254 2916 2324 largis
2947 2254 3041 2309 tibi
3073 2254 3263 2311 credas
3285 2296 3301 2324 ,
3340 2267 3634 2327 antequam

2063 2343 2133 2399 ab
2186 2345 2440 2401 omnibus
2486 2354 2836 2416 peccatorum
2886 2344 3142 2401 sordibus
3188 2347 3402 2416 penitus
3444 2362 3640 2418 repur-

2063 2435 2230 2505 geris.
2261 2434 2381 2492 Non
2413 2446 2654 2492 meretur
2683 2436 2896 2491 laudem
2928 2452 3024 2491 seu
3059 2437 3215 2491 fidem
3246 2438 3375 2491 illud
3422 2437 3635 2505 vinum,

2062 2527 2213 2598 quod
2239 2528 2403 2584 modo
2424 2543 2493 2583 ex
2521 2527 2884 2583 torcularibus
2915 2528 2970 2582 in
3000 2543 3129 2583 vasa
3156 2540 3243 2584 est
3274 2528 3632 2584 transfusum.

2065 2617 2364 2689 Lacrymas
2385 2633 2510 2689 quae
2531 2617 2643 2675 Deo
2666 2626 2834 2689 grata:
2862 2629 3012 2685 sunt,
3044 2620 3204 2675 nobis
3229 2635 3353 2676 esse
3378 2622 3639 2690 perutiles

2066 2724 2228 2765 nemo
2260 2710 2474 2766 inficias
2505 2711 2632 2779 ibit;
2665 2711 2790 2781 quis
2825 2721 3004 2767 autem
3047 2709 3258 2767 fructus
3298 2712 3421 2767 inde
3446 2722 3503 2769 et
3530 2713 3640 2769 uti-

2064 2801 2191 2857 litas
2229 2804 2479 2868 exsistat,
2508 2803 2702 2858 mortis
2736 2813 2979 2873 tempore
3007 2817 3421 2873 cognoscemus.
3449 2805 3555 2871 Qui
3580 2808 3636 2860 in

2064 2907 2195 2948 vero
2220 2893 2420 2948 anime
2453 2893 2670 2963 Deoque
2695 2903 2850 2964 grato
2888 2893 3038 2949 luctu
3077 2902 3339 2964 perpetuo
3370 2895 3520 2960 vivit,
3549 2896 3638 2952 ille

2063 2985 2409 3056 quotidianas
2434 2985 2712 3041 celebrare
2749 2985 2918 3044 ferias
2953 2982 3059 3041 non
3095 2987 3331 3042 desistit.
3365 2987 3470 3054 Qui
3500 3003 3634 3044 vero

2066 3075 2284 3145 corpori
2327 3075 2569 3147 quotidie
2589 3091 2695 3147 per
2723 3077 2910 3133 luxum
2949 3078 3119 3136 festos
3151 3080 3268 3135 dies
3293 3082 3451 3153 155
3480 3082 3640 3139 insti-

2067 3166 2193 3233 tuit,
2223 3174 2489 3222 aeternum
2520 3166 2650 3223 olim
2686 3169 2916 3239 lugebit.
2942 3169 3072 3227 Reis
3099 3172 3158 3228 in
3190 3188 3409 3229 carcere
3425 3174 3638 3231 nullum

2064 3267 2151 3314 est
2197 3257 2481 3329 gaudium,
2537 3274 2641 3315 nec
2686 3262 2830 3316 veris
2879 3263 3166 3320 monachis
3205 3265 3260 3319 in
3311 3267 3473 3323 terris
3506 3267 3640 3324 festa

2066 3348 2256 3423 [vana]
2305 3350 2513 3406 laetitia.
2559 3350 2627 3406 Et
2665 3351 2899 3409 fortasse
2944 3362 3231 3423 propterea
3272 3356 3363 3411 ille
3393 3358 3645 3427 quivere

2067 3452 2363 3513 sancteque
2402 3443 2623 3514 lugebat
2652 3459 2876 3515 gemens
2904 3444 3044 3500 dixit
3070 3462 3085 3500 :
3121 3444 3274 3502 Edm:
3312 3452 3375 3504 de
3404 3449 3645 3505 custodia

2066 3533 2304 3587 animam
2335 3535 2593 3602 meam",
2640 3537 2722 3591 uti
2769 3536 3024 3608 deinceps
3067 3540 3303 3597 exsultet
3344 3540 3399 3598 in
3440 3542 3648 3601 lumine

2069 3627 2185 3684 tuo,
2218 3620 2364 3691 quod
2397 3622 2563 3677 nullis
2597 3623 2780 3680 verbis
2823 3626 3054 3695 exprimi
3092 3637 3285 3696 potest.
3337 3628 3473 3686 Esto
3502 3634 3650 3688 velut

2067 3707 2368 3778 imperator
2398 3709 2453 3763 in
2485 3711 2652 3766 corde
2682 3720 2776 3767 tuo
2805 3714 3057 3770 sublimis
3090 3716 3145 3771 in
3180 3718 3489 3776 humilitate
3513 3724 3650 3778 resi-

2066 3797 2223 3862 dens,
2255 3799 2347 3868 qui
2380 3799 2606 3870 imperet
2630 3801 2768 3857 risui
2795 3820 2809 3856 :
2838 3802 3000 3873 Vade,
3019 3814 3068 3858 et
3098 3806 3279 3873 vadit;
3310 3816 3366 3864 et
3392 3811 3646 3868 dulcibus

2067 3887 2322 3960 lacrymis
2353 3909 2367 3945 :
2412 3887 2612 3957 Venite,
2646 3902 2697 3947 et
2730 3894 2940 3948 veniunt
2967 3910 2987 3949 :
3015 3906 3069 3951 et
3091 3899 3272 3953 servili
3304 3902 3519 3970 corpori
3549 3918 3647 3957 no-

2068 3986 2184 4033 stro
2207 3979 2453 4064 adeoque
2473 3989 2709 4052 tyranno
2737 4002 2751 4037 :
2779 3983 2894 4040 Fac
2915 3987 3032 4053 hoc,
3061 3996 3112 4041 et
3135 3989 3265 4058 facit
3289 3988 3353 4044 ¹⁸.
3378 3991 3645 4064 Quisquis

2069 4067 2288 4123 beatum
2319 4080 2373 4124 et
2392 4063 2504 4126 Deo
2538 4080 2755 4141 gratum
2781 4074 2987 4130 luctum
3028 4078 3174 4132 velut
3200 4089 3402 4134 vestem
3429 4063 3671 4151 nuptia-r

2070 4160 2174 4215 lem
2229 4150 2490 4228 induerit,
2573 4162 2665 4217 ille
2746 4164 2914 4220 risum
2981 4175 3036 4222 et
3111 4168 3350 4223 laetitiam
3419 4150 3646 4240 spiritus

2071 4267 2255 4311 veram
2334 4254 2551 4309 sentiet.
2620 4253 2756 4322 Quis
2825 4257 3103 4314 enimvero
3175 4261 3443 4331 ejusmodi
3526 4274 3644 4330 est,

2070 4343 2168 4414 qui
2192 4354 2361 4399 omne
2394 4345 2521 4400 vitae
2563 4361 2685 4409 sua:
2707 4355 2922 4417 tempus
2965 4350 3019 4404 in
3052 4350 3315 4423 religione
3344 4354 3418 4409 ita
3459 4366 3649 4412 sancte

374 4430 631 4528 Dignust
649 4430 1072 4522 mlitaxiqrob;
1122 4430 1490 4524 κουφοτέρους
1516 4454 1613 4507 καὶ
1634 4451 1696 4506 τὸ
1727 4430 1964 4523 δάκρυον

2073 4430 2435 4510 religioseque
2458 4440 2818 4511 consumpsit,
2856 4441 2933 4496 uti
2977 4442 3185 4498 nullum
3232 4445 3400 4513 diem,
3442 4448 3650 4507 nullam

377 4550 638 4622 ἐπαίρειν
663 4566 677 4581 ·
727 4548 920 4620 διόπερ
951 4545 1045 4601 καί
1088 4561 1231 4599 τισιν
1272 4544 1335 4597 ού
1361 4536 1563 4597 δίδοται
1585 4560 1600 4575 ο
1646 4538 1842 4608 οἵτινες
1872 4543 1967 4596 ἐπὶ

369 4643 462 4713 τῇ
494 4640 678 4695 τούτου
709 4638 936 4710 ζητήσει
984 4629 1213 4702 ἑαυτοὺς
1247 4629 1614 4698 ταλανίζουσι,
1661 4632 1757 4687 καὶ
1796 4623 1995 4686 κατα-’

381 4732 689 4798 δικάζουσι,
716 4724 1039 4801 στεναγμοῖς
1071 4729 1167 4783 καὶ
1194 4727 1468 4799 κατηφείᾳ
1495 4727 1589 4779 καὶ
1612 4723 1758 4797 λύπῃ
1787 4723 1969 4795 ψυχῆς

383 4821 490 4877 καὶ
514 4820 711 4892 ,ϐαθείᾳ⁵
739 4814 1180 4891 σκυθρωπότητι,
1215 4817 1310 4870 καί⁹
1343 4815 1630 4887 ἐξαπορίᾳ,
1666 4812 1810 4885 ἅπερ
1838 4816 1970 4868 ἀνα-

378 4907 633 4987 πληροῦν
675 4913 769 4968 τὸν
809 4911 905 4968 τοῦ
942 4911 1178 4984 δακρύου
1198 4911 1364 4965 τόπον
1402 4908 1699 4972 ἀκινδύνως
1724 4906 1973 4978 πεφύκα-

378 5024 504 5070 σιν,
537 5002 585 5062 εὶ
610 5008 706 5061 καὶ
730 5007 812 5070 εἰς
834 5004 987 5060 οὐδὲν
1022 5004 1155 5076 παρ’
1177 5002 1366 5066 αὐτοῖς
1393 4998 1781 5074 συμφερόντως
1820 4994 1972 5068 λογί-

378 5102 605 5171 ζονται.
642 5094 1108 5172 ’Βπιτηρήσοντες
1138 5092 1396 5159 πολλάκις
1422 5088 1730 5166 εὖρήσομεν
1762 5092 1973 5161 γελοῖον

380 5176 593 5263 quem
645 5190 778 5263 παρ’
830 5190 1017 5253 αὐτοῖς
1049 5186 1271 5257 δαίμοσι
1309 5185 1439 5269 καθ*
1477 5183 1634 5256 ἡμῶν
1661 5183 1968 5254 γινόμενον.

374 5279 770 5354 Κορισθὲντας
789 5280 899 5350 γὰρ
934 5280 1083 5350 ἡμᾶς
1111 5276 1533 5338 κατανύσσουσι,
1562 5277 1658 5330 καὶ
1682 5274 1969 5346 νηστεύονο

375 5390 491 5437 τας
520 5372 936 5444 σκληρύνουσιν,
971 5369 1060 5425 ἴνα
1094 5371 1208 5433 τοῖς
1245 5366 1422 5432 νόθοις
1457 5365 1724 5438 δάκρυσιν
1749 5360 1969 5437 ἀπατηο

379 5466 575 5528 θέντες
596 5467 665 5537 τῇ
697 5463 869 5537 μητρὶ
894 5459 1006 5524 τῶν
1028 5459 1217 5516 παθῶν
1245 5459 1444 5533 τροφῇ,
1474 5455 1703 5522 ἑαυτοὺς
1726 5453 1973 5510 ικδώσω-

464 5640 515 5675 ⁸⁷
553 5639 696 5696 Psal.
721 5653 867 5699 cht.
893 5638 982 5697 10.
1060 5639 1106 5675 "
1128 5638 1320 5694 Matth.
1340 5652 1462 5702 vui,
1487 5637 1544 5693 9.

461 5749 547 5828 (a)
569 5752 764 5829 Ξυρίου
799 5754 959 5818 alias,
995 5754 1259 5810 cauterio.

724 5852 993 5914 Ριτιιοιι
1046 5850 1162 5914 ϐε.
1226 5841 1637 5912 LXXXVIII.

2073 4531 2286 4595 horam,
2321 4532 2533 4587 nullum
2565 4542 2905 4589 momentum
2937 4535 3077 4590 male
3108 4536 3393 4592 collocarit
3420 4536 3653 4610 [nullius

2072 4623 2202 4690 diei,
2225 4623 2392 4690 horae,
2417 4625 2678 4679 momenti
2700 4624 2970 4696 iacturam
3000 4624 3257 4699 fecerit],
3305 4627 3398 4682 sed
3429 4643 3649 4684 omnem

2074 4714 2240 4769 vitam
2288 4729 2443 4770 suam
2498 4717 2705 4787 optime
2756 4716 2812 4772 in
2872 4716 3101 4772 Domino
3149 4718 3490 4788 expenderit,
3541 4735 3653 4775 non

2076 4807 2299 4876 ignarus
2324 4799 2472 4876 quod
2500 4805 2641 4861 diem
2682 4806 2849 4862 semel
2882 4808 3214 4878 praeteritum
3255 4825 3537 4881 nunquam
3581 4810 3655 4866 sit

2067 4905 2421 4968 aspecturus.
2460 4886 2616 4952 Felix
2669 4897 2889 4968 quidem
2938 4898 3032 4952 ille
3081 4907 3165 4954 est
3212 4901 3513 4956 monachus
3555 4898 3655 4971 qui

2072 4988 2251 5044 oculis
2301 4988 2498 5043 anima:
2545 4987 2735 5045 beatas
2788 4988 3032 5045 caclitum
3076 5000 3286 5047 mentes
3332 5000 3390 5046 et
3430 4990 3653 5062 angelos

2074 5083 2251 5152 potest
2278 5079 2499 5137 intueri.
2545 5080 2653 5138 Sed
2701 5081 3074 5155 impeccabilis
3115 5085 3343 5140 omnino
3386 5083 3514 5149 ille,
3556 5085 3650 5156 qui

2073 5185 2242 5245 genas
2270 5187 2403 5229 suas
2433 5188 2531 5244 per
2560 5174 2753 5231 mortis
2787 5176 3196 5232 meditationem
3224 5186 3279 5233 et
3301 5185 3651 5247 peccatorum

2073 5276 2300 5320 suorum
2368 5264 2862 5322 considerationem
2915 5268 3217 5323 calentibus
3267 5266 3527 5340 lacrymis
3581 5280 3653 5322 ex

2074 5354 2248 5411 oculis
2300 5354 2467 5410 etiam
2526 5357 2776 5428 corporis
2838 5355 3081 5428 profusis
3131 5358 3355 5415 assidue
3399 5353 3651 5412 inundat.

2077 5443 2244 5521 ὥστε
2272 5455 2455 5505 autem
2477 5446 2674 5507 adduci
2704 5449 2910 5523 possim
2942 5460 3000 5506 ut
3024 5448 3241 5507 credam
3266 5450 3504 5522 priorem
3530 5446 3654 5505 feli-
