4110 6416
503 314 602 379 811

1716 311 1790 374 ⁷8.
1826 308 2148 375 IOANNIS
2185 305 2493 370 CLIMACI

3659 305 3767 376 812

506 434 690 489 citatis
720 441 922 489 statum
958 433 1075 489 sine
1102 430 1477 490 hocsceundo
1507 430 1575 486 ad
1604 441 1761 487 suam
1792 429 2069 500 perfectio-

2189 443 2290 497 μεν
2313 441 2328 457 ο
2368 424 2598 481 οἷστισιν
2628 428 2689 481 ού
2734 428 3017 483 πείθεσθαι
3060 430 3169 484 ὃεῖ’
3204 430 3402 501 μᾶλλον
3447 429 3505 484 δὲ
3538 431 3768 487 τούναν-

505 539 631 578 nem
655 523 991 593 pervenisse.
1020 522 1140 577 Vidi
1175 537 1273 590 ego
1302 530 1582 592 rogatores
1609 531 1664 576 et
1686 519 2083 575 inverecundos

504 614 772 678 quosdam
803 614 1083 670 mendicos
1126 628 1253 669 cum
1296 614 1522 670 urbanis
1568 622 1623 669 et
1670 613 1863 670 facetis
1903 614 2085 669 verbis

504 724 690 781 regum
717 722 938 778 quoque
967 707 1182 762 animos
1208 705 1276 760 ad
1301 706 1731 762 misericordiam
1758 715 1817 761 et
1854 705 2083 761 commi-

502 790 833 857 serationem
883 799 1043 870 156
1089 798 1275 854 statim
1316 798 1672 853 inﬂecterent.
1705 797 1827 853 Vidi
1873 798 1941 853 de
1978 797 2083 851 alia

501 893 879 947 mendicorum
911 891 1136 944 natione
1166 890 1306 944 alios
1340 890 1604 943 virtutum
1648 899 1869 958 egentes
1894 928 1909 951 ,
1951 887 2079 957 qui,

498 999 609 1039 non
643 982 965 1053 compositis
997 981 1065 1036 ad
1094 981 1460 1037 urbanitatem
1484 980 1665 1035 verbis
1685 1019 1709 1059 ,_
1752 981 1847 1035 sed
1895 980 2083 1033 humi-

498 1076 644 1131 libus
680 1074 1009 1145 quibusdam
1041 1082 1206 1143 atque
1235 1073 1513 1142 demissis,
1553 1071 1916 1130 subobscuris
1940 1084 2082 1140 quo-

498 1182 605 1236 que
626 1175 687 1222 et
709 1166 912 1234 dubiis,
936 1179 1004 1222 ex
1025 1167 1136 1221 alto
1156 1175 1209 1220 et
1231 1165 1390 1235 quasi
1414 1163 1833 1233 desperabundo
1861 1172 2083 1234 pectore

498 1258 565 1311 ad
600 1258 880 1323 emlestem
924 1272 1106 1328 regem
1163 1257 1476 1326 importune
1522 1265 1578 1311 et
1620 1256 1844 1312 assidue
1889 1255 2083 1311 clami-

498 1355 696 1415 tantes,
737 1347 791 1405 vi
850 1335 1254 1417 quodammodo
1309 1361 1408 1403 sua
1460 1346 1608 1402 illius
1653 1354 1926 1411 naturam,
1961 1358 2085 1415 qua:

495 1439 647 1494 nulla
686 1439 827 1494 alias
861 1439 1076 1495 ratione
1124 1439 1243 1509 cogi
1281 1447 1478 1508 potest,
1527 1440 1592 1493 ad
1642 1438 2083 1493 commiseratio-

473 1544 623 1586 ‘nem
674 1539 730 1587 et
769 1531 1202 1586 misericordiam
1238 1531 1600 1586 intlcctebant.
1648 1530 1754 1597 Qui
1803 1545 1868 1583 ex
1908 1529 2079 1599 gratia

494 1622 864 1692 lacrymarum
912 1636 1137 1675 suarum
1185 1622 1368 1675 animo
1407 1621 1659 1686 inllatur,
1711 1620 1957 1688 aliosque
1998 1619 2080 1672 la—

2187 522 2301 575 τίον
2332 514 2525 575 ποιεῖν.
2576 521 2718 590 Ἐγὼ
2744 522 2803 576 δὲ
2841 522 2937 576 καὶ
2966 523 3136 594 αὐτὴν
3164 523 3263 595 τὴν
3291 525 3393 595 τῆς
3422 525 3768 590 κατανύξεως

2188 615 2450 685 ποιότητα
2498 614 2697 668 ἐννοῶν
2750 614 3077 685 ἐξίσταμαιο
3132 616 3251 680 πῶς
3298 615 3354 669 δὲ
3401 617 3617 681 πένθος,
3672 618 3761 671 καὶ

2186 707 2329 777 λύπη
2367 707 2637 777 λεγομένη
2666 708 2765 777 τὴν
2797 707 2974 778 χαρὰν
3003 708 3096 761 καὶ
3117 708 3215 778 τὴν
3251 708 3592 779 εὐφροσύνην
3621 710 3766 764 ἔνδο-

2187 798 2277 852 θεν
2315 796 2505 868 ὥσπερ
2564 797 2867 869 μελικηρίῳ
2917 798 3422 869 συμπεπλεγμένην
3475 800 3762 868 κέκτηται.

2185 893 2253 947 Τί
2276 892 2334 946 δὲ
2356 895 2420 946 ὲκ
2441 892 2631 944 τούτου
2655 890 2995 961 μανθάνομεν
3016 906 3029 954 ;
3056 888 3180 944 Ὅτι
3206 891 3408 962 κυρίως
3431 890 3542 962 (16)
3561 892 3765 962 Κυρίου

2184 984 2358 1056 δῶρον
2392 986 2426 1055 ἡ
2456 980 2678 1055 τοιαύτη
2714 982 3009 1048 κατάνυξις
3041 983 3417 1052 καθέστηκενε
3471 982 3573 1035 οὐκ
3619 984 3765 1036 ἔστιν

2184 1080 2243 1132 ὲν
2269 1082 2336 1151 τῇ
2367 1079 2513 1149 ψυχῇ
2549 1080 2669 1131 τότε
2690 1077 2948 1149 ἀνήδονος
2975 1077 3160 1149 ἡδονὴ,
3180 1076 3274 1130 τοῦ
3300 1076 3435 1130 Θεοῦ
3462 1074 3762 1149 λεληθδτως

2186 1169 2633 1240 παρακαλοῦντος
2683 1168 2812 1231 τοὺς
2868 1168 3371 1236 συντεθλασμένους
3406 1170 3472 1237 τῇ
3527 1167 3762 1239 καρδίᾳ’

2185 1263 2322 1334 πρὸς
2367 1261 2425 1315 δὲ
2472 1262 2643 1326 ὅντως
2682 1261 2914 1326 πένθους
2943 1261 3366 1331 ὲναργεστάτου,
3422 1259 3517 1312 καὶ
3570 1259 3765 1331 ὀδύνης

2183 1353 2509 1424 ὀνησιφόρου
2571 1353 2831 1407 ὑπόθεσιν
2874 1352 3203 1420 ἀκούσωμεν
3255 1348 3615 1420 ψυχωφελοῦς
3670 1351 3765 1404 καὶ

2183 1447 2549 1500 ὲλεεινοτάτου
2566 1445 2725 1517 διηγή
2736 1462 2920 1515 ματος.
2940 1443 3209 1514 Στέφανός
3231 1457 3314 1503 τις
3326 1441 3491 1494 οἰκῶν
3510 1441 3760 1506 ἐνταῦθα,

2181 1538 2275 1590 τὸν
2301 1536 2569 1609 ἐρημικδν
2596 1537 2692 1588 καὶ
2724 1536 2950 1607 ἡσύχιον
2978 1536 3361 1607 ἀσπαζόμενος
3392 1535 3507 1606 βίον
3540 1535 3763 1605 χρόνους

2183 1648 2242 1683 τε
2299 1630 2519 1695 ἱκανοὺς
2559 1632 2618 1683 ἐν
2652 1629 2913 1702 μοναδικῇ
2947 1628 3236 1699 διατρίψας
3283 1628 3615 1699 παλαίστρᾳ,
3663 1644 3759 1697 νη·-

492 1711 702 1784 crymis
741 1710 983 1765 defectos
1018 1710 1262 1775 damnat,
1314 1710 1610 1780 persimilis
1648 1717 1734 1763 est
1760 1709 1859 1775 illi,
1890 1708 1984 1779 qui
2010 1709 2069 1761 ab

2186 1721 2393 1785 στείαις
2427 1738 2484 1775 τε
2514 1722 2750 1791 μάλιστα
2791 1722 2886 1774 καὶ
2915 1721 3148 1791 δάκρυσι
3173 1718 3755 1791 κατακεκοσμημένος,

492 1817 622 1871 rege
652 1818 753 1858 suo
781 1804 915 1871 petit
948 1816 1111 1856 arma
1127 1802 1392 1856 adversus
1421 1802 1631 1856 hostem
1661 1816 1844 1864 suum,
1877 1800 2078 1870 quibus

491 1894 690 1951 deinde
718 1895 960 1964 seipsum
997 1893 1304 1948 interﬁciat.
1341 1889 1461 1949 Non
1494 1892 1703 1963 indiget
1735 1891 1879 1947 Deus
1905 1891 2077 1962 lacry-

490 1986 602 2041 mis
645 1985 892 2049 nostris,
943 2000 1120 2054 neque
1175 1985 1351 2054 placet
1407 1985 1484 2038 illi
1551 1984 1730 2038 luctus
1782 1998 1847 2037 ex
1897 1982 2077 2038 cordis

490 2091 697 2147 angore
725 2076 1026 2146 profectus,
1060 2077 1155 2130 sed
1189 2075 1373 2145 potius
1400 2075 1516 2129 vult
1546 2075 1823 2129 hominem
1857 2089 1920 2129 ex
1947 2074 2077 2129 cha-

490 2168 653 2225 ritate
690 2182 821 2238 erga
866 2167 1045 2237 ipsum
1093 2167 1294 2238 gaudio
1351 2167 1630 2222 exsultare
1683 2167 1738 2221 in
1790 2166 1976 2221 animo
2023 2175 2077 2220 et

488 2259 690 2316 ridere.
721 2257 872 2314 Tolle
911 2268 1220 2328 peccatum,
1270 2268 1324 2313 et
1368 2275 1475 2312 non
1518 2259 1625 2313 erit
1672 2274 1772 2312 cur
1802 2259 2075 2328 lacrymas

480 2365 554 2406 ex
600 2349 774 2404 oculis
832 2349 1082 2419 corporis
1134 2348 1355 2405 fundas.
1400 2349 1543 2415 Quid
1602 2365 1742 2418 opus
1786 2360 1869 2404 est
1925 2359 2074 2404 eata-

486 2441 774 2511 plasmate,
821 2440 916 2493 ubi
959 2440 1170 2495 nullum
1208 2451 1291 2497 est
1318 2442 1558 2496 vulnus?
1602 2439 1894 2510 Nunquam
1926 2442 2072 2494 Ada-

486 2543 614 2583 mus
653 2536 950 2598 antequam
990 2538 1245 2598 peccaret
1291 2530 1628 2602 lacrymatus
1674 2541 1780 2594 est,
1827 2532 1926 2585 nec
1953 2540 2076 2599 post

486 2623 972 2687 resurrectionem,
1006 2622 1211 2677 abolito
1243 2632 1488 2692 peccato,
1520 2623 1775 2691 deinceps
1798 2638 1936 2693 opus
1971 2625 2075 2679 erit

485 2714 745 2785 lacrymis
794 2730 809 2769 :
852 2713 1088 2781 Quando
1127 2730 1228 2768 non
1270 2717 1371 2769 erit
1414 2716 1648 2786 amplius
1696 2733 1859 2786 neque
1917 2717 2073 2769 dolor

486 2819 652 2874 neque
709 2804 923 2869 luctus,
989 2819 1153 2875 neque
1203 2805 1423 2858 tristitia
1460 2814 1516 2858 et
1566 2806 1794 2875 gemitus
1826 2804 1889 2858 “.
1952 2803 2072 2860 Vidi

486 2897 543 2948 in
596 2893 719 2948 aliis
766 2893 1039 2949 delectum
1086 2894 1267 2950 luctus
1301 2897 1552 2964 quamvis
1591 2897 1642 2949 in
1671 2897 1824 2950 luctu
1852 2905 2069 2962 essent,

487 2985 582 3040 sed
608 2985 834 3056 perinde
877 2985 1054 3040 aﬂ‘ccti
1084 2995 1238 3040 erant
1281 3001 1347 3041 ac
1393 2987 1439 3041 si
1486 2988 1641 3042 luctu
1684 3004 1781 3043 seu
1815 2989 2071 3060 lacrymis

2181 1816 2276 1868 καὶ
2326 1814 2535 1884 ἑτέροις
2574 1812 2803 1881 ἀγαθοῖς
2834 1813 3272 1884 πλεονεκτήμασι
3302 1813 3759 1884 περιηνθισμένος

2181 1904 2464 1975 ὑπάρχων,
2516 1904 2785 1974 ἐκέκτητο
2816 1902 2917 1973 τὴν
2957 1902 3153 1956 κέλλαν
3191 1901 3332 1973 πρὸς
3359 1903 3426 1973 τῇ
3462 1900 3751 1954 καταόἀσει

2178 1997 2271 2050 τοῦ
2302 1995 2458 2063 ἁγίου
2498 1995 2593 2048 καὶ
2614 1994 2844 2048 θεὸπτου
2868 1994 3019 2066 ἡλίου
3051 1994 3110 2046 ὲν
3136 1993 3214 2065 τῷ
3246 1991 3386 2063 ἁγίῳ
3410 1991 3585 2061 τούτῳ
3606 1992 3753 2062 ὄρει·

2178 2081 2334 2152 οὗτός
2377 2105 2459 2152 τε,
2505 2082 2661 2152 οὗτος
2714 2090 2743 2141 6
2775 2086 3021 2157 ἀοίδιμος
3071 2086 3371 2157 κατείληφε
3398 2083 3592 2155 σκοπῷ
3622 2083 3757 2156 πρὸς

2180 2181 2381 2234 σκοπὸν
2401 2179 2803 2250 ἐνεργεστέρας
2825 2179 2919 2231 καὶ
2952 2179 3274 2249 στενοτέρας
3294 2217 3309 2242 ,
3352 2178 3448 2232 καὶ
3498 2175 3756 2231 ἐπιπόνου

2181 2271 2492 2341 μετανοέας,
2527 2272 2621 2323 τὸν
2669 2271 2834 2323 τόπον
2864 2271 2975 2324 τῶν
3005 2269 3401 2341 ἀναχωρητῶν,
3432 2268 3524 2323 τὸν
3561 2267 3756 2323 καλού-

2180 2378 2340 2433 μενον
2368 2360 2577 2432 Σίδδην,
2608 2360 2927 2431 πεποιηκώς
2957 2377 3018 2412 τε
3047 2362 3226 2413 ἐκεῖσε
3261 2362 3318 2413 ὲν
3346 2360 3641 2429 στενοτάτη
3664 2357 3757 2409 καὶ

2178 2450 2584 2524 ἐπιτεταγμένῃ
2603 2450 2785 2522 διαίτῃ
2823 2451 3050 2522 χρόνους
3082 2451 3255 2512 τινάς,
3280 2449 3402 2502 ἐπεὶ
3431 2448 3755 2519 ἀπαράκλη-

2174 2563 2264 2610 τος
2290 2547 2319 2599 6
2342 2545 2511 2608 τύπος
2541 2544 2636 2597 καὶ
2671 2545 2852 2614 πάσης
2876 2542 3163 2616 ἀνθρώπου
3204 2542 3378 2597 διόδου
3411 2542 3752 2606 ἀνεπίϐατος,

2174 2641 2251 2705 ὡς
2275 2641 2463 2710 ἔτυχεν
2492 2639 2559 2693 ἂν
2584 2639 2693 2693 ἀπὸ
2721 2640 3094 2709 ἑϐδομήκοντα
3129 2639 3325 2709 μιλίων
3359 2637 3452 2693 τοῦ
3494 2638 3752 2706 κάστρου.

2174 2734 2461 2804 ἀνέρχεται
2490 2733 2617 2803 περὶ
2657 2731 2727 2785 τά
2756 2732 2948 2786 ἑαυτοῦ
2977 2732 3178 2803 ἔσχατα
3202 2733 3260 2786 ὲν
3306 2731 3383 2803 τῷ
3413 2730 3528 2801 ἰδίῳ
3560 2731 3758 2800 κελλίῳ

2174 2829 2233 2881 ὲν
2262 2830 2325 2897 τῇ
2358 2827 2491 2899 ἀγίᾳ
2525 2829 2738 2898 κορυφῇ
2773 2828 2801 2878 6
2844 2828 3044 2898 γέρων.
3092 2822 3221 2896 Εἶχε
3274 2825 3331 2878 δὲ
3367 2827 3485 2877 ἐκεῖ
3537 2825 3632 2876 καὶ
3663 2823 3760 2875 δύο

2178 2918 2427 2990 μαθητὰς
2470 2917 2867 2981 Παλαιστινοὺς
2919 2917 3168 2981 εὐλαϐεῖς
3202 2917 3374 2970 πάνυ·
3414 2918 3465 2970 οἳ
3495 2916 3589 2970 καὶ
3627 2914 3756 2983 seps.

2172 3010 2367 3064 λαττον
2388 3009 2447 3063 τὸ
2473 3008 2682 3063 κελλίον
2724 3008 2816 3062 τοῦ
2838 3009 3115 3079 γέροντος.
3172 3009 3413 3079 Ποιήσας
3441 3003 3534 3061 οὖν
3571 3006 3754 3075 ὀλίγας

484 3084 761 3134 carerent.
792 3077 899 3134 Sed
933 3077 986 3131 bi
1022 3092 1117 3148 per
1142 3078 1377 3133 nobilem
1396 3080 1721 3135 charitatcm
1750 3090 1904 3135 extra
1930 3095 2067 3150 prte-

2172 3102 2386 3173 ἡμέρας
2418 3103 2446 3155 ὀ
2475 3100 2655 3171 γέρων
2674 3077 3244 3162 ἀσθενεῖήάσθένειαν,
3277 3077 3337 3153 ἐν
3442 3097 3535 3152 καὶ
3568 3098 3755 3150 eme.

485 3169 690 3224 donum
716 3170 1027 3239 periculum
1056 3169 1110 3225 in
1135 3178 1255 3225 tuto
1277 3171 1561 3227 constituti
1593 3180 1740 3228 sunt.
1768 3172 1833 3226 Et
1861 3174 1914 3227 bi
1939 3181 2069 3228 sunt

484 3260 554 3315 de
583 3260 786 3331 quibus
827 3260 1036 3316 dictum
1078 3270 1185 3327 est,
1212 3261 1469 3316 Dominus
1500 3262 1772 3317 illuminat
1811 3265 2067 3321 cacas“.

487 3350 643 3422 Saepe
675 3366 789 3406 usu.
802 3353 957 3406 venit
985 3353 1064 3407 uti
1092 3352 1356 3408 leviculos
1393 3353 1659 3424 lacrymae
1673 3369 1780 3410 non
1814 3370 1941 3410 raro
1970 3369 2067 3411 ex-

483 3443 701 3507 tollant,
739 3457 860 3512 qua:
891 3442 1001 3498 illis
1039 3443 1244 3499 idcirco
1276 3444 1690 3512 subtrahuntur,
1720 3447 1815 3517 qui
1841 3446 2070 3517 proinde

487 3532 647 3605 157
680 3533 813 3587 dum
843 3534 945 3589 bas
975 3534 1310 3602 desiderant,
1345 3537 1556 3607 seipsos
1572 3537 1825 3609 aﬂligunt
1848 3547 1900 3594 et
1920 3537 2070 3594 dam-

481 3634 640 3689 nant,
670 3623 1072 3695 gemitibusque
1113 3633 1169 3681 et
1223 3641 1480 3692 mwrore,
1526 3635 1582 3683 et
1630 3627 1801 3682 animi
1855 3628 2064 3695 dolore,

482 3718 701 3785 altaque
732 3715 951 3770 tristitia
983 3724 1038 3770 et
1065 3716 1338 3773 anxietate
1368 3732 1429 3774 se
1453 3718 1722 3785 cruciant,
1767 3735 1892 3790 qua:
1946 3735 2068 3775 om-

480 3808 573 3863 nia
599 3807 809 3878 absque
857 3807 1103 3877 periculo
1160 3809 1641 3878 lugentis,-locum
1695 3810 2066 3883 lacrymarum

481 3900 759 3969 supplent,
782 3902 1034 3971 quamvis
1064 3901 1165 3970 ipsi
1193 3902 1327 3956 nihil
1372 3902 1495 3957 inde
1519 3901 1767 3959 utilitatis
1792 3920 1852 3960 se
1873 3920 2066 3975 capere

478 3991 818 4047 existiment.
873 3992 1006 4046 Illud
1063 3993 1227 4046 etiam
1288 3995 1633 4051 observando
1690 3994 2064 4065 deprehende-

478 4096 606 4137 mus
661 4097 761 4138 nos
813 4083 883 4137 ab
939 4083 1074 4153 ipsis
1124 4083 1467 4140 daemonibus
1537 4087 1875 4143 amaruleuto
1948 4089 2063 4145 risu

477 4174 655 4245 excipi
700 4184 756 4230 et
796 4175 1001 4242 deludi,
1059 4192 1184 4231 cum
1224 4178 1348 4234 cibo
1398 4180 1624 4236 satiatos
1678 4181 1827 4237 luctu
1884 4190 1939 4238 et
1986 4184 2063 4238 la-

477 4264 675 4336 c’rymis
724 4266 1019 4335 inundant,
1048 4278 1103 4322 et
1148 4278 1339 4324 contra
1367 4271 1586 4341 jejunus
1612 4273 1783 4330 duros
1843 4283 1897 4329 et
1949 4276 2061 4330 ari-

2173 3178 2395 3263 λειώθη.
2424 3193 2539 3263 Πρὸ
2570 3190 2663 3246 οὖν
2697 3195 2826 3264 μιᾶς
2852 3194 3069 3264 ἡμέρας
3102 3193 3197 3246 τοῦ
3225 3192 3508 3257 ἀναλῦσαι,
3540 3189 3755 3255 ἐξίσται

2171 3302 2261 3339 ται
2287 3284 2366 3357 τῷ
2404 3283 2487 3338 νοῒ
2514 3287 2610 3339 καὶ
2637 3285 2746 3337 τῶν
2774 3285 3070 3355 ὀφθαλμῶν
3114 3284 3481 3356 ἀνεῳγμένων
3507 3282 3757 3335 κατενόει

2171 3379 2251 3441 είς
2283 3376 2352 3429 τὰ
2389 3376 2559 3443 δέξια,
2597 3378 2693 3431 καὶ
2723 3378 2805 3441 εἰς
2848 3376 2916 3431 τά
2951 3377 3216 3448 ἀριστερά
3250 3377 3351 3447 τῆς
3402 3374 3593 3447 κλίνης
3615 3393 3631 3408 σ
3659 3375 3754 3428 καὶ

2169 3466 2246 3531 ὡς
2277 3466 2382 3519 ὑπό
2403 3482 2564 3518 τινων
2593 3465 3068 3539 λογοθετούμενυς,
3094 3465 3248 3535 ἔλεγε
3280 3465 3498 3519 πάντων
3528 3464 3753 3517 ἀκουόν⁸

2169 3576 2277 3612 των
2298 3559 2407 3612 τῶν
2434 3558 2875 3631 περισταμένων,
2910 3558 3041 3612 ποτὲ
3071 3559 3204 3629 μέν’
3234 3558 3366 3622 Ναὶ,
3401 3557 3591 3623 ὅντως,
3617 3556 3751 3626 ἀλή-

2170 3652 2309 3715 θεια,
2338 3650 2450 3705 ἀλλ’
2477 3653 2569 3721 ὲνή
2579 3668 2780 3706 στευσα
2813 3650 3101 3715 τοσούτους
3122 3650 3348 3723 χρόνους
3364 3649 3506 3721 ὑπὲρ
3524 3649 3715 3702 τούτου
3734 3663 3746 3676 ⁸

2167 3736 2288 3795 εἶτα
2320 3742 2481 3797 πάλιν
2507 3758 2522 3773 ο
2548 3742 2706 3812 Οὐχὶ,
2731 3741 2901 3806 ὅντως
2927 3741 3214 3812 ψεύδεσθε,
3243 3741 3402 3795 τοῦτο
3431 3741 3531 3795 οὐκ
3564 3741 3752 3810 ἐποίη-

2169 3851 2237 3887 σα
2258 3850 2273 3866 ⁸
2298 3835 2392 3887 καὶ
2421 3833 2582 3889 πάλιν
2607 3852 2619 3865 ·
2651 3834 2779 3899 Ναὶ,
2816 3834 3032 3898 ἀληθῶς
3059 3835 3239 3898 τοῦτο,
3261 3833 3350 3886 ναί
3371 3849 3386 3865 ⁸
3411 3832 3527 3886 ἀλλ’
3551 3832 3749 3886 ἔκλαυ-

2168 3944 2270 3995 σα,
2334 3927 2470 3981 ἀλλά
2541 3926 2872 3998 διηκόνησεν
2938 3926 3035 3980 καὶ
3089 3926 3288 3980 πάλιν·
3360 3925 3495 3996 Οὐχὶ
3523 3964 3539 3988 ,
3611 3924 3749 3987 ὅλως

2166 4018 2524 4091 κατηγορεῖ-τέ
2584 4035 2706 4090 μου.
2768 4018 2928 4070 Ἐστι
2977 4017 3034 4070 δὲ
3089 4016 3179 4069 ὅτε
3243 4014 3324 4079 εἵς
3382 4031 3507 4068 τινα
3559 4013 3745 4081 ἔλεγε·

2163 4111 2294 4177 Ναὶ,
2326 4110 2561 4182 ἀληθῶς,
2620 4110 2745 4163 ναί·
2792 4109 2889 4163 καὶ
2938 4110 3076 4180 πρὸς
3118 4108 3278 4163 τοῦτο
3319 4109 3374 4163 τί
3422 4109 3597 4161 εἰπεῖν
3648 4106 3746 4159 οὐκ

2163 4196 2312 4255 οἷδαο
2347 4201 2406 4253 ὲν
2434 4199 2512 4271 τῷ
2537 4198 2657 4270 Θεῷ
2689 4202 2838 4253 ἐστιν
2871 4199 3040 4263 ἕλεος.
3074 4199 3186 4253 Καὶ
3212 4194 3280 4269 ἦν
3315 4195 3536 4267 ἀληθῶς
3566 4194 3747 4264 θέαμα

2164 4293 2390 4365 φρικτὸν
2422 4294 2517 4346 καὶ
2561 4290 2811 4364 φοϐερὸν,
2850 4292 3083 4362 ἀόρατον
3116 4290 3209 4344 καὶ
3242 4287 3633 4359 ἀσυγχώρητον
3661 4286 3750 4338 λο-

475 4357 580 4410 dos
607 4356 861 4423 reddunt,
889 4368 949 4412 ut
980 4361 1184 4429 spuriis
1214 4361 1470 4434 lacrymis
1501 4363 1647 4420 illusi
1679 4382 1781 4423 nos
1847 4368 2060 4426 deliciis

2172 4356 2443 4450 γοθέσιονο
2473 4356 2582 4434 καὶ.
2604 4380 2665 4433 τὸ
2688 4356 3086 4450 ᾧοὸεριῦτερον,
3110 4380 3193 4432 ὅτι
3224 4380 3319 4432 καὶ
3354 4356 3536 4431 ἃῂούκή
3556 4376 3744 4445 ἐποίη-

474 4456 532 4502 et
579 4446 947 4517 voluptatibus
980 4452 1224 4507 omnium
1250 4455 1505 4510 vitiorum
1565 4456 1833 4514 ministris
1892 4461 2058 4515 deda-

2172 4446 2246 4538 σε,
2278 4474 2621 4544 κατηγόρουν
2654 4446 2843 4527 dinei");
2876 4446 3073 4540 Βαθαὶ,
3103 4475 3132 4527 6
3157 4471 3473 4544 ἠσυχαστὴς
3494 4472 3588 4524 καὶ
3618 4471 3747 4522 ἀνα-

472 4552 631 4595 mus:
660 4540 862 4609 quibus
907 4543 1059 4597 nullo
1092 4546 1256 4602 modo
1283 4547 1583 4605 cedendum
1641 4560 1768 4618 est,‘
1798 4554 1893 4608 sed
1960 4570 2058 4624 po-

473 4631 586 4686 tius
638 4635 912 4689 eontraria
980 4638 1164 4692 omnia
1220 4637 1488 4697 facienda.
1542 4642 1657 4714 Ego
1706 4661 1874 4715 porro
1929 4663 2056 4704 cum

473 4727 908 4795 compunctiunis
1001 4738 1251 4786 naturam
1331 4737 1640 4803 considero,
1702 4737 2055 4810 obstupesco,

471 4821 751 4890 quomodo
783 4823 961 4878 luctus
989 4810 1057 4878 et.
1104 4826 1324 4881 tristitia
1380 4829 1637 4897 gaudium
1688 4834 1749 4885 'et
1814 4831 2054 4887 lazlitiam

470 4922 733 4986 tanquam
776 4915 904 4972 favo
951 4918 1128 4973 mellis
1189 4919 1457 4975 inclusam
1513 4924 1849 4980 contineant.
1914 4925 2055 4992 Quid

470 5014 638 5075 pcrro
667 5022 735 5062 ex
776 5009 879 5062 hcc
908 5007 1278 5064 discendum?
1305 5009 1627 5082 Hujusmodi
1656 5016 1860 5071 luctum
1890 5027 1944 5072 ct
1975 5019 2056 5072 la-

467 5112 690 5168 crymas
723 5102 911 5153 verum
945 5108 1000 5153 et
1041 5100 1316 5155 sincerum
1343 5118 1465 5160 esse
1514 5105 1719 5162 donuin
1760 5106 1877 5164 Dei.
1938 5107 2051 5164 Non

469 5189 631 5243 estin
665 5191 848 5245 anima
888 5200 1018 5244 tunc
1044 5189 1134 5244 illa
1170 5193 1420 5263 voluptas
1474 5198 1593 5254 sine
1641 5201 1786 5257 dulci
1853 5218 2054 5258 conso-

469 5280 695 5350 latione,
735 5280 847 5338 Deo
881 5298 1081 5340 arcane
1104 5284 1334 5343 amictos‘
1372 5293 1537 5365 corde
1563 5301 1617 5347 et
1646 5296 1916 5353 contritus
1949 5313 2059 5353 cm-

471 5371 593 5429 ἰοειί
626 5373 823 5445 gaudio
853 5375 1246 5443 permulcente.
1264 5376 1346 5433 Ad
1380 5384 1764 5450 argumentum
1796 5402 1925 5442 vero
1952 5390 2056 5446 hoc

469 5462 697 5519 de'vero
725 5473 779 5519 et
831 5464 1208 5522 ellicacissimo
1248 5467 1685 5539 [‘evidentissimo
1712 5478 2047 5535 certissimo-

470 5552 601 5625 que]
656 5555 828 5622 luctu,
864 5558 1093 5629 utilique
1113 5559 1302 5616 dolore
1332 5560 1464 5617 facit
1508 5566 1770 5624 salutaris
1829 5571 2047 5639 animae,

545 5726 587 5759 ¹⁹
615 5727 785 5796 Apoc.
810 5748 922 5800 xxi,
962 5739 1013 5794 ι.
1093 5741 1139 5771 ¹⁰
1164 5741 1307 5795 Psal.
1337 5756 1494 5810 CXLV.
1533 5743 1586 5797 3-

2160 4566 2416 4638 χωρητὴς
2444 4566 2631 4636 ἔλεγεν
2653 4566 2733 4632 εἰς
2759 4583 2883 4621 τινα
2912 4565 3019 4621 τῶν
3039 4564 3232 4619 ἑαυτοῦ
3264 4564 3643 4634 πταισμάτων,
3662 4563 3745 4616 ὅτι

2160 4647 2304 4727 Πρὸς
2333 4656 2504 4711 ταῦτα
2537 4659 2713 4711 εἰπεῖν
2746 4657 2847 4711 οὐκ
2890 4653 3032 4723 οἶδα,
3057 4656 3200 4727 ἔχων
3239 4671 3346 4708 που
3387 4652 3575 4707 λοιπὸν
3615 4647 3741 4721 περὶ

2157 4753 2229 4807 τὰ
2255 4753 2667 4825 τεσσαράκοντα
2696 4753 2790 4823 ἐτη
2825 4755 3077 4825 μοναχὸς,
3101 4754 3194 4807 καὶ
3223 4752 3362 4823 ἔχων
3392 4752 3454 4806 τὸ
3487 4752 3738 4822 δάκρυον.

2162 4847 2230 4899 Οἵ
2260 4864 2372 4918 μοι,
2404 4847 2458 4900 οἵ
2492 4863 2603 4916 μοι,
2637 4845 2740 4900 ποῦ
2775 4841 2843 4919 ἦν
2872 4847 2995 4900 τότε
3025 4849 3059 4918 ἡ
3105 4846 3200 4900 τοῦ
3246 4843 3510 4917 Ἶεζεκιὴλ
3558 4842 3739 4913 φωνὴ,

2164 4939 2251 4992 ἵνα
2284 4941 2411 5011 εἴπῃ
2446 4938 2586 5010 πρὸς
2616 4939 2834 5002 αὐτοὺς,
2869 4939 2951 4992 ὅτι
2984 4938 3081 4992 Ἐν
3105 4931 3154 5007 ᾦ
3179 4938 3335 5011 ,εὕρω
3359 4951 3454 5000 σε,
3484 4937 3554 4989 ὲν
3584 4932 3742 4999 αὑτῷ

2161 5030 2261 5084 καὶ
2292 5030 2473 5100 κρινῶ
2502 5047 2598 5096 σε,
2635 5031 2807 5086 εἶπεν
2829 5034 2861 5084 ὀ
2886 5033 3051 5099 Θεός,
3078 5008 3288 5094 Ὄντως
3319 5029 3475 5084 οὐδὲν
3501 5028 3743 5082 τοιοῦτον

2161 5124 2337 5177 εἰπεῖν
2383 5123 2654 5194 ὴδυνήθη’
2706 5125 2853 5186 τίνος
2897 5123 3056 5195 χάριν
3105 5120 3231 5187 δόξα
3279 5120 3358 5193 τῷ
3408 5122 3557 5192 μόνῳ
3585 5119 3773 5189 γινὼο.

2163 5210 2376 5293 σκοντι”
2408 5215 2552 5281 τινὲς
2578 5215 2636 5269 δέ
2670 5233 2782 5286 μοι,
2810 5210 3014 5287 ὡς’έπὶ
3045 5215 3253 5284 Κυρίου
3279 5214 3631 5293 διηγήσαντο,
3662 5210 3742 5265 ὅτι

2161 5308 2257 5385 καὶ
2280 5307 2562 5382 λεοπάρδῳ
2586 5307 2696 5363 ἀπδ
2725 5311 2908 5382 χειρὸς
2933 5311 3240 5382 παρέϐαλεν
3265 5311 3347 5373 είς
3375 5310 3473 5382 τὴν
3503 5312 3738 5385 ἔρημον·

2160 5397 2255 5467 καὶ
2283 5398 2425 5485 οὕτω
2460 5401 3075 5485 λογοθετούμενοςητοῦ
3144 5403 3396 5476 σώματος
3446 5407 3740 5479 ἐχωρίσθη,

2158 5488 2209 5541 τί
2253 5490 2314 5542 τὸ
2350 5482 2632 5564 ’κρῖμα,’ἢ
2665 5494 2726 5547 τὸ
2769 5482 2962 5567 πέρας,
2994 5497 3027 5569 ἦ
3058 5492 3333 5570 ἀπόφασις
3378 5504 3569 5570 αὑτοῦ,
3617 5506 3649 5576 ἦ
3683 5505 3742 5558 τδ

2156 5581 2309 5645 τέλος
2358 5581 2452 5635 τοῦ
2503 5582 2816 5652 λογοθεσίου
2850 5587 3175 5667 κατάδηλον
3209 5591 3286 5665 μὴ
3350 5596 3735 5667 ποιησάμενος.
