4110 6420
437 344 574 418 ⁷813

1491 340 1721 412 SCALA
1751 346 2127 407 PARADlsI.
2146 343 2537 413 --GRADUS
2570 354 2701 417 VII.

3614 366 3725 431 εει

433 463 811 539 ι(17)”Ωσπερ
841 465 984 534 χήρα
1014 452 1104 516 τον
1132 463 1328 532 ἑαυτῆς
1358 463 1529 535 ἄνδρα
1561 463 1931 525 ἀποϐαλοῦσα,
1959 465 2043 516 καὶ

2154 464 2247 515 sed
2282 480 2507 534 prorsus
2536 465 2896 522 lamentabilis
2930 470 3181 535 historia,
3216 487 3380 541 quam
3411 476 3715 538 audiamUs.

442 556 737 626 ’μονογενῆ
770 554 885 607 υἱὸν
907 555 1220 624 κεκτημένη
1247 553 1384 623 μετὰ
1400 553 1625 623 Κύριον,
1656 557 1864 608 ἐκεῖνον
1884 556 2043 625 μόνον

436 645 817 717 ’παραμυθίαν
864 645 1166 714 κέκτηταιο
1215 643 1358 698 οὕτω
1403 646 1500 700 καὶ
1546 645 1725 716 ψυχῆς
1770 646 2042 716 πεσούσης

442 740 563 794 οὐκ
603 739 718 791 ἔστι
758 737 1086 808 παραμυθία
1115 755 1200 803 τις
1234 739 1398 809 ἐτέρα
1426 740 1485 792 ἐν
1516 740 1695 810 καιρῷ
1733 739 1938 804 ἐξόδου,
1967 738 2044 803 ὡς

440 831 503 883 σι
536 831 699 884 κόποι
725 828 820 881 τοῦ
854 829 1075 900 λαιμοῦ,
1096 829 1197 883 καὶ
1222 828 1284 882 τὸ
1304 831 1556 902 δάκρυον.
1591 831 1667 885 Οὐ
1698 831 2042 903 μελῳδήσου-

434 928 549 974 ’σιν
584 923 632 975 οἱ
674 919 910 976 τοιοῦτοί
954 930 1110 986 ποτε,
1166 911 1288 976 οὐδὲ
1334 921 1691 986 ἁλαλάζουσιν
1736 925 1794 976 ἐν
1854 923 2042 995 ὕμνοις

441 1014 599 1081 πρὸς
631 1012 861 1075 ἑαυτούς
882 1029 896 1043 ο
938 1012 1247 1083 λυμαντικὰ
1288 1013 1395 1085 γὰρ
1425 1012 1494 1067 τὰ
1527 1015 1754 1069 τοιαῦτα
1785 1015 1880 1068 τοῦ
1915 1016 2045 1068 πένο

445 1105 590 1168 θους
628 1105 1062 1177 καθεστήκασιν.
1097 1108 1195 1160 “Av
1232 1106 1321 1161 διὰ
1367 1105 1572 1162 τούτων
1614 1110 2043 1179 προσκαλεῖσθαι

443 1199 597 1252 αὐτὸ
629 1197 984 1271 ἐπιτηδεύῃς,
1023 1198 1105 1252 ἔτι
1151 1199 1345 1270 πόρρω
1387 1200 1497 1255 ἀπό
1526 1216 1621 1253 σου
1675 1201 1951 1272 ἀφέστηκε
1984 1202 2044 1254 τὸ

438 1290 625 1361 ἔργον
645 1310 658 1323 ·
684 1290 881 1353 πένθος
904 1291 1013 1363 γάρ
1042 1291 1189 1345 ἐστιν
1211 1292 1589 1361 πεποιωμένον
1613 1293 1837 1362 ἄλγημα
1863 1293 2044 1364 ψυχῆς

440 1377 715 1454 ’ἐμπύρου
746 1383 860 1454 (α)·
902 1384 1212 1454 πρόδρομον
1246 1385 1305 1437 ἐν
1354 1384 1568 1449 πολλοῖς
1614 1386 1713 1455 τῆς
1765 1386 2041 1456 μακαρίας

450 1475 737 1537 ἀπαθείας
782 1474 843 1527 τὸ
905 1473 1101 1539 πένθος
1148 1475 1377 1543 γέγονε,
1436 1479 1903 1547 προευτρεπίσαν,
1948 1470 2043 1533 κάι

444 1565 851 1637 ’προσαρῶσαν,
881 1566 974 1619 καὶ
997 1565 1278 1619 ἁναλῶσαν
1306 1566 1402 1637 τὴν
1426 1567 1577 1637 ὓλην.
1611 1570 1920 1638 Διηγήσατό
1951 1571 2042 1640 μοί

445 1662 546 1721 ⁷ης
574 1656 763 1710 τούτου
795 1656 892 1711 τοῦ
930 1657 1095 1711 καλοῦ
1120 1659 1364 1730 ἐργάτης
1394 1658 1635 1730 δόκιμος,
1672 1661 1754 1714 ὅτι
1780 1678 1905 1731 περ,
1939 1679 2043 1731 φη-

454 1747 571 1809 etv,
604 1745 981 1817 ἐπιτηδεύσντί
1023 1764 1116 1817 μοι
1151 1746 1413 1810 πολλάκις
1460 1747 1593 1817 πρὸς
1638 1747 1963 1813 κενοδοξίαν,
2003 1748 2037 1818 ἢ
2076 1792 2077 1803 ς

449 1838 652 1909 ὀργὴν,
678 1838 711 1909 ἦ
742 1838 984 1908 γαστρὸς
1018 1838 1177 1909 κόρον
1223 1837 1578 1908 ἐκφέρεσθαι,
1611 1840 1639 1892 ὁ
1670 1836 1766 1891 τοῦ
1807 1838 2039 1902 πένθους

446 1922 664 1985 ἔσωθεν
692 1926 1096 1999 διεμαρτύρατό
1130 1944 1221 1997 μοι
1255 1923 1535 1998 λογισμὸς,
1570 1926 1663 1979 καί
1699 1944 1865 1997 φησι·
1904 1946 1923 1979 ι
1946 1926 2036 1998 Μὴ

459 2016 839 2091 κενοδοξὴσῃς,
859 2020 981 2075 ἐπεὶ
1012 2018 1277 2090 ἀναχωρῶ
1312 2035 1429 2081 σου,
1457 2018 1660 2087 ὁμοίως
1686 2019 1778 2071 καὶ.
1812 2019 1905 2071 ἐπὶ
1930 2018 2039 2072 τῶν

466 2108 652 2163 ἄλλων
677 2109 880 2169 παθῶν.
896 2109 1035 2178 Ἐγὼ
1057 2109 1114 2163 δὲ
1141 2109 1280 2181 πρὸς
1310 2111 1473 2164 αὐτὸν
1492 2110 1680 2179 ἔλεγον
1699 2128 1712 2141 ·
1736 2112 1809 2165 Οὐ
1836 2102 1910 2183 μή
1942 2130 2036 2165 σου

465 2199 807 2268 παρακούσω
831 2199 978 2263 ποτὲ,
1016 2198 1177 2271 ἄχρις
1199 2191 1260 2254 οὖ
1294 2199 1372 2271 τῷ
1401 2199 1625 2274 Χριστῷ
1650 2202 2033 2272 παραστήσῃς.

481 2287 754 2352 ’Δῦυσσος
791 2288 891 2358 μὲν
931 2276 1161 2355 πένθους
1199 2290 1546 2361 παράκλησιν
1602 2291 1863 2346 ἐθεάσατο
1901 2291 2034 2362 (18),

454 2377 775 2451 καθαρότης
801 2380 858 2434 δὲ
891 2381 1123 2450 καρδίας
1150 2381 1371 2446 ἐδέξατο
1401 2381 1687 2453 ἕλλαμψιν.
1730 2383 2038 2455 Ἔλλαμψίς

452 2466 612 2518 ἐστιν
661 2467 900 2538 ἄρῤητος
958 2470 1230 2540 ἐνέργεια,
1266 2470 1532 2542 νοουμένη
1569 2471 1866 2539 ἅγνώστως
1889 2514 1903 2539 ,
1945 2475 2040 2526 καὶ

442 2556 714 2628 ὃρωμένη
745 2559 996 2632 ἀοράτως
1019 2577 1032 2591 '
1072 2561 1424 2632 παράκλησίς
1466 2565 1613 2617 ἐστιν
1639 2564 1905 2618 ἐνωδύνου
1936 2564 2040 2635 ψο-

446 2647 567 2719 ιῆς
600 2642 887 2718 ἀνάφυξις.
926 2652 1122 2721 νηπίου
1156 2652 1314 2725 δίκην
1352 2654 1410 2707 ἐν
1453 2655 1618 2725 ἑαυτῇ
1645 2654 1718 2726 (1))
1753 2655 2037 2727 κλαυθμη-

445 2738 755 2811 ιριζομένης
795 2741 913 2811 ἅμα
956 2744 1051 2797 καὶ
1089 2743 1331 2816 φαιδρῶς
1381 2744 1692 2815 μειδιώσης.
1730 2744 2039 2816 Ἀντίληψίς

448 2820 587 2882 ἐστι
612 2828 787 2902 ψυχῆς
829 2832 1148 2899 ἀνανέωσις,
1177 2833 1598 2904 καταπεσούσης
1622 2834 1790 2905 λύπη,
1813 2835 1871 2889 τὸ
1906 2835 2053 2889 ηένώο.

443 2910 619 2975 iuvar!
658 2921 901 2994 δάκρυον
940 2925 1022 2987 εἰς
1067 2924 1336 2979 ἀνώδυνον
1369 2924 1689 2996 θαυμασίως
1737 2927 2039 2995 μεταποιή-

454 3027 631 3068 σασα.
665 3014 891 3085 Δάκρυα
924 3014 1107 3080 ἐξόδου
1137 3015 1406 3070 ἀπέτεκον
1442 3016 1606 3085 φόϐον
1627 3032 1641 3045 ο
1668 3016 1834 3086 φόϐου
1864 3017 1921 3071 δὲ
1953 3033 2041 3070 τε·

2147 551 2457 623 Stephanus
2486 557 2760 626 quispiam
2807 558 2893 614 hic
2914 560 3161 631 degebat,
3220 563 3312 631 qui
3375 565 3498 621 vita:
3548 584 3721 637 genus

2145 645 2447 700 solitarium
2477 656 2533 702 et
2582 649 2826 718 quietum
2872 662 3113 707 sectatus
3142 653 3283 708 baud
3315 670 3520 724 paucos
3546 673 3722 715 annos

2145 734 2199 789 in
2230 738 2481 805 palaestra
2508 741 2653 795 vitae
2682 743 2752 797 ab
2785 745 2934 797 omni
2959 746 3223 801 societate
3253 746 3490 805 humana
3535 763 3714 805 secre-

2145 835 2214 882 tae
2263 818 2520 894 traduxit,
2544 831 2742 901 jejunii
2791 843 2846 888 et
2892 835 3257 907 lacrymarum
3324 840 3499 909 gratia
3556 855 3716 895 exor-

2145 930 2328 988 natus,
2369 923 2602 992 aliisque
2652 927 2927 994 praeclaris
2982 930 3388 986 virtutibus“...
3445 933 3716 987 excellens

2143 1007 2470 1082 ﬂorensque.
2512 1012 2674 1084 158
2701 1014 2800 1071 Hic
2831 1017 3077 1072 cellulam
3107 1019 3303 1074 ﬁxerat
3359 1021 3428 1077 ad
3476 1022 3716 1078 radicem

2145 1102 2319 1157 sancti
2378 1105 2579 1159 montis
2608 1106 2774 1169 illius,
2808 1107 2861 1160 in
2884 1123 2993 1177 quo
3024 1110 3168 1163 Elias
3199 1111 3494 1179 prophetes
3545 1112 3719 1169 Deum

2144 1192 2275 1245 olim
2326 1204 2619 1262 spectarat.
2664 1195 2781 1264 Hic,
2812 1198 3058 1267 inquam,
3093 1201 3502 1259 laudatissimus
3536 1210 3619 1259 vir
3649 1206 3719 1260 ad

2145 1285 2405 1354 majorem
2429 1297 2481 1341 et
2544 1292 2845 1358 graviorem
2882 1290 3399 1363 laboriosioremque
3454 1299 3719 1365 perniten-

2145 1376 2273 1431 tiam
2307 1381 2591 1449 agendam,
2625 1381 2860 1437 secessit
2889 1381 2965 1436 .in
3006 1384 3184 1438 locum
3239 1386 3715 1451 anachoretarum,

2144 1482 2305 1536 quem
2338 1469 2523 1525 dixere
2572 1470 2799 1537 Siddim,
2834 1474 2924 1527 ubi
2957 1489 3081 1528 cum
3123 1476 3330 1544 aliquot
3354 1493 3529 1533 annos
3556 1479 3609 1531 in
3633 1494 3716 1533 se-

2143 1558 2452 1626 verissima,
2498 1577 2662 1631 quam
2711 1564 2826 1633 ipse
2856 1565 2959 1619 sibi
3014 1568 3437 1634 praescripserat,
3502 1571 3715 1623 vivendi

2145 1653 2356 1708 ratione
2382 1656 2735 1725 transegisset
2765 1657 2905 1725 (erat
2929 1659 3075 1714 enim
3125 1660 3279 1715 locus
3326 1662 3639 1720 inaccessos
3666 1676 3720 1719 et

2145 1743 2281 1799 adeo
2317 1759 2496 1815 asper,
2570 1756 2627 1800 ut
2679 1748 2880 1803 nullam
2938 1750 3231 1806 humanam
3284 1756 3713 1809 consolationem

2144 1835 2851 1908 admitteret,distahatque
2875 1850 3057 1895 castro
3115 1843 3439 1898 milliaribus
3509 1855 3725 1913 septua-

2140 1926 2333 1995 ginta),
2389 1926 2493 1982 sub
2550 1936 2857 1984 extremum
2924 1930 3048 1985 vita:
3096 1941 3310 2001 tempus
3365 1933 3452 1987 ad-
3485 1936 3717 2003 priorem

2141 2028 2298 2068 suam
2344 2027 2639 2085 regressus
2677 2025 2762 2071 est
2799 2018 3015 2083 cellam,
3047 2034 3209 2088 quam
3255 2020 3310 2073 in
3344 2032 3532 2075 sancto
3589 2020 3720 2074 Eliae

2142 2115 2325 2161 monte
2354 2117 2611 2178 posuerat
2640 2124 2805 2166 senex
2837 2129 2851 2165 :
2884 2111 2975 2166 ubi
3002 2111 3141 2167 duos
3169 2128 3234 2166 ex
3294 2108 3581 2168 Palaestina
3631 2114 3719 2168 di-

2141 2198 2383 2268 scipulos
2420 2201 2576 2257 valde
2603 2202 2722 2271 pios
2754 2215 2807 2256 et
2834 2203 3115 2272 religiosos
3144 2203 3397 2267 habebat,
3429 2206 3549 2273 qui'
3580 2204 3720 2259 inte-

2140 2289 2267 2353 rim,
2305 2290 2433 2345 dum
2487 2293 2723 2357 abesset,
2768 2294 2938 2364 ipsius
3001 2295 3242 2348 casulam
3306 2295 3714 2350 custodiebant.

2140 2378 2341 2437 Paucis
2372 2382 2496 2437 inde
2524 2393 2647 2453 post
2674 2384 2868 2445 diebus
2919 2399 3083 2454 quam
3133 2387 3395 2450 redierat,
3466 2387 3521 2441 in
3583 2387 3718 2441 leta-

2141 2473 2247 2527 lem
2303 2474 2555 2529 morbum
2588 2489 2699 2544 quo
2741 2484 2795 2529 et
2817 2474 3072 2539 decessit,
3113 2475 3321 2530 incidit.
3374 2476 3552 2532 Pridie
3586 2488 3717 2546 ergo

2140 2565 2261 2635 ejus
2296 2564 2405 2620 diei
2433 2580 2599 2636 quam
2630 2574 2955 2629 moreretur,
2986 2576 3208 2635 repente
3236 2576 3417 2623 mente
3456 2578 3718 2632 avocatus

2142 2672 2173 2711 a
2221 2658 2494 2724 sensibus,
2528 2658 2703 2715 oculis
2740 2667 2919 2715 tamen
2965 2675 3111 2715 nunc
3143 2660 3212 2716 ad
3256 2660 3506 2715 dextrum
3548 2662 3719 2716 lectu-

2143 2746 2181 2800 li
2229 2748 2316 2802 sui
2349 2747 2512 2812 latus,
2566 2764 2713 2805 nunc
2773 2751 2838 2803 ad
2893 2750 3174 2807 sinistrum
3243 2750 3719 2820 circumspiciebat

2141 2838 2368 2906 perinde
2399 2837 2557 2908 quasi
2621 2839 2690 2893 ab
2716 2839 3045 2909 quibusdam
3076 2840 3200 2895 vita:
3228 2855 3341 2895 sua:
3364 2841 3602 2896 rationes
3633 2855 3720 2896 rea-

2153 2941 2493 3000 posceretur,
2545 2934 3017 3003 respondebatque
3083 2934 3428 2990 audientibus
3483 2936 3717 3001 cunctis,

2143 3023 2237 3093 qui
2290 3022 2733 3087 circumstabant,
2772 3023 2839 3080 iis
2895 3024 2983 3094 qui
3038 3033 3161 3080 acta
3189 3023 3308 3093 ejus
3366 3023 3433 3078 ad
3490 3034 3717 3081 examen

452 3105 656 3171 πόντος
690 3108 945 3179 ἀφοϐίαν,
993 3108 1235 3178 ἐπιφαίει
1268 3108 1435 3180 χαρὰ,
1463 3110 1640 3181 χαρᾶς
1677 3109 1735 3163 δὲ
1763 3109 2037 3183 ἀκαταλή-

2144 3116 2431 3181 vocabant,
2467 3133 2612 3172 nunc
2632 3117 2849 3187 quidem
2881 3135 2894 3170 :
2933 3117 3096 3180 Sane,
3160 3130 3308 3181 vere,
3340 3116 3437 3172 feci
3470 3116 3595 3180 hoc,
3622 3120 3717 3172 sed

454 3216 599 3259 κτου
631 3198 872 3271 ληξάσης
904 3199 1005 3271 τῆς
1039 3200 1194 3264 ὁσίας
1220 3200 1465 3273 ἀγάπης,
1504 3200 1740 3255 ἀνέτειλε
1767 3202 1830 3255 τὸ
1860 3201 2039 3266 ἄνθος.

462 3286 707 3346 Ἀπόθου
736 3291 848 3360 (19)
897 3287 973 3356 ὡς
1020 3291 1121 3346 οὐκ
1169 3291 1320 3359 ἄξιος
1370 3293 1428 3345 ἐν
1462 3293 1609 3363 χειρὶ
1660 3291 2043 3356 ταπεινώσεως

450 3380 843 3452 ἐπιδημοῦσαν
878 3382 1077 3453 χαρὰν,
1110 3382 1199 3437 ἵνα
1229 3382 1307 3454 μὴ
1344 3382 1755 3453 εὐπαράδεκτος
1786 3382 1883 3449 ὢν,
1914 3383 2045 3456 δέξῃ

457 3460 633 3528 λύκον
673 3473 795 3528 ἀντὶ
824 3476 1109 3544 ποιμένος.
1280 3476 1586 3547 πρόστρεχε
1637 3473 1841 3545 θεωρίᾳ
1883 3477 1940 3528 ὲν
1982 3475 2041 3527 οὐ

462 3562 650 3637 καιρῷ
674 3562 934 3633 θεωρίας,
967 3565 1055 3618 ἴνα
1096 3582 1192 3619 σου
1235 3566 1327 3620 τοῦ
1378 3566 1606 3629 κάλλους
1636 3566 1737 3636 τῆς
1779 3563 2045 3619 ταπεινώ-

462 3663 610 3718 σεως
639 3654 1059 3727 καταδιώξηται,
1085 3659 1180 3710 καὶ⁷
1210 3656 1611 3729 καταλήψηταιν,
1643 3657 1736 3711 καὶ
1763 3659 1844 3721 εἰς
1873 3656 2046 3711 αίῶνα

464 3745 685 3813 αἰώνων
733 3747 1137 3819 συναφθήσεταί
1178 3765 1261 3802 σοι
1316 3750 1373 3801 ἐν
1421 3749 1680 3818 πανάγνῳ
1719 3749 1902 3820 γάμῳ.
1958 3749 2046 3802 Ἑν

467 3839 667 3909 ἀρχαῖς
709 3840 807 3911 μὲν
837 3840 1030 3904 αὑταῖς
1069 3841 1349 3912 γνωρίζων
1381 3841 1410 3894 ὁ
1444 3844 1637 3912 νήπιος
1663 3842 1755 3896 τὸν
1808 3841 2044 3911 πατέρα,

472 3920 651 3999 χαρᾶς
679 3930 796 3993 ὅλος
834 3931 1283 4002 ,πεπληρωμένος
1313 3931 1525 4000 γίνεται
1546 3948 1561 3964 ·
1590 3933 1783 3987 τούτου
1815 3933 1872 3986 δὲ
1908 3933 2046 4005 πρὸς

473 4016 671 4088 χρόνον
706 4019 1062 4090 οἰκονομικῶς
1106 4020 1535 4091 ἀποδημοῦντος,
1567 4017 1687 4076 εἶτα
1718 4024 1883 4077 πάλιν
1930 4025 2049 4076 ἐπι-

466 4108 796 4179 δημοῦντος,
826 4113 996 4182 χαρᾶς
1024 4115 1052 4165 ὁ
1083 4114 1211 4176 παῖς
1234 4113 1331 4166 καὶ⁵
1363 4112 1541 4182 λύπης
1570 4114 1878 4182 ἀνάμεστος
1902 4112 2048 4183 γίνε-

465 4208 565 4253 ²ται
584 4216 599 4230 ⁸
631 4203 807 4272 χαρᾶς
838 4201 959 4273 μὲν,
988 4202 1064 4268 ὡς
1086 4203 1174 4255 τὸν
1201 4203 1532 4273 ποθούμενον
1565 4203 1719 4257 ἰδών·
1752 4203 1929 4273 λύπης
1962 4204 2045 4268 δὲ,

459 4292 561 4347 διὰ
591 4292 691 4365 τὴν
716 4291 808 4359 τοῦ
826 4294 1083 4348 τοσούτου
1120 4295 1312 4367 χρόνου
1340 4294 1435 4348 τοῦ
1470 4293 1632 4357 καλοῦ
1668 4294 1896 4360 κάλλους
1920 4294 2045 4347 στέ-

461 4415 652 4470 ρησιν.
692 4399 941 4470 Κλρύπτει
990 4403 1169 4472 μήτηρ
1204 4400 1408 4469 ἑαυτὴν
1429 4399 1545 4472 (20)
1580 4399 1674 4455 τοῦ
1711 4402 1928 4469 νηπίου,
1952 4402 2046 4456 καὶ

453 4486 662 4540 τούτου
695 4487 959 4553 ἐνοδύνως
987 4489 1376 4559 ἐπιζητοῦντος
1417 4490 1587 4562 αὐτὴν
1614 4490 1818 4563 ὁρῶσα,
1844 4494 2045 4564 τέρπε-

453 4587 585 4644 ται,
605 4578 955 4647 παιδεύουσα,
975 4580 1106 4634 αὐτὸ
1125 4579 1391 4651 διηνεκῶς
1414 4581 1851 4651 προσκολλᾶσθαι
1871 4585 2009 4654 αὐτῇ
2027 4600 2041 4613 ’

458 4668 572 4722 καὶ
606 4668 669 4723 τδ
699 4669 923 4740 φίλτρον
953 4669 1118 4725 αὐτοῦ
1146 4671 1208 4725 τὸ
1233 4672 1370 4743 πρὸς
1398 4672 1599 4743 ἑαυτὴν
1626 4674 1880 4745 ,σιροδρῶς
1910 4677 2045 4729 ἀνα-

465 4754 765 4826 φλέγουσα.
804 4750 862 4813 Ὅ
895 4759 1055 4829 ἔχων
1090 4756 1211 4817 ὦτα
1251 4763 1522 4833 ἀκούειν,
1555 4764 1842 4829 ἀκουέτω,
1882 4769 2045 4837 φησὶν

464 4841 500 4901 δ
528 4850 751 4923 Κύριος.
780 4852 871 4927 ,Ὸύ
901 4854 1232 4925 μεριμνήσει
1281 4856 1310 4907 ό
1342 4854 1441 4927 τὴν
1479 4855 1758 4925 ἀπόφασιν
1807 4858 2045 4929 εἰληφὼς

467 4938 764 5003 καταδικος
788 4943 886 5005 τὰς
905 4942 1147 5013 θεάτρων
1170 4944 1465 5021 διοικήσεις
1485 4964 1499 4978 ·
1527 4948 1623 5001 καὶ
1647 4948 1708 5001 οὐ
1737 4949 1811 5020 μὴ
1834 4950 2047 5021 ¹προετχῇ

464 5030 501 5084 6
539 5030 789 5111 ενερῖίᾷκ
821 5032 1057 5105 θρηνῶν.
1090 5036 1354 5108 τρυφῆνῆ
1393 5036 1545 5111 δόξῃς
1579 5039 1613 5114 ἢ
1650 5036 1876 5113 ὀργῇιῆ
1922 5041 2048 5109 ὀξυ-

467 5118 630 5205 χολζᾳ
668 5124 826 5199 ποτέ.
872 5126 1076 5191 Πένθος
1118 5129 1238 5183 ἐστὶ
1282 5132 1634 5202 πεποιωμένη
1674 5133 1838 5204 ὀδύνη
1888 5153 2049 5205 μετα-

741 5216 941 5289 ψυχῆς,
974 5218 1098 5275 καθ’
1144 5221 1357 5293 ἡμέραν
1405 5221 1595 5286 ὀδύνας
1628 5223 1842 5289 ὀδύναις
1880 5237 2049 5297 προσ-

466 5298 704 5385 τιθεῖσα,
751 5308 828 5375 ὡς
860 5313 892 5381 ἡ
923 5310 1184 5367 τίκτουσα
1230 5316 1325 5369 καὶ
1351 5313 1611 5370 ὀδύνουσα
1648 5316 1784 5386 (21).
1832 5319 2049 5384 Δίκαιος

464 5400 571 5451 καὶ
607 5400 752 5462 ὅσιος
807 5404 836 5454 ὁ
888 5401 1126 5472 Κύριος·
1176 5406 1271 5463 καὶ
1324 5405 1414 5459 τὸν
1460 5407 1602 5479 λόγῳ
1666 5410 2046 5481 ἡσυχάζοντα,

462 5484 619 5561 λόγῳ
690 5492 1075 5548 κατανύσσων·
1140 5498 1234 5549 καὶ
1301 5494 1391 5551 τὸν
1459 5498 1604 5569 λόγῳ
1674 5502 2050 5574 ὑποτασσόμε-

556 5620 603 5654 ³⁸
622 5622 821 5680 Ειοοιι.
847 5642 945 5692 vn,
967 5628 1020 5684 8.

546 5735 1087 5815 (aj‘Camaldnlcnsis
1122 5743 1255 5815 legit
1275 5724 1453 5815 ψυχῆς
1477 5745 1771 5815 ἐμπείρου,
1805 5748 1897 5803 sed
1929 5765 2049 5803 om-

473 5820 575 5866 nes
603 5806 802 5865 chartae
834 5826 985 5881 mem,
1022 5820 1075 5867 et
1097 5806 1443 5870 membranae
1472 5806 1670 5873 habent
1705 5806 1966 5888 ἐμπύρου,
1998 5821 2049 5875 id

2144 3206 2252 3283 hoc
2289 3207 2545 3263 delictum
2600 3217 2681 3261 tot
2748 3224 3017 3264 annorum
3047 3208 3272 3277 jejuniis
3297 3210 3545 3278 cxpiavi:
3576 3218 3721 3263 nunc

2144 3313 2315 3353 vero:
2347 3298 2463 3355 Hoc
2494 3315 2600 3355 non
2628 3298 2755 3363 feci,
2798 3314 2927 3356 vere
2975 3301 3278 3356 mentimini
3326 3317 3589 3356 rursum:
3644 3301 3720 3355 lta

2145 3388 2390 3457 profecto
2434 3389 2537 3444 hoc
2576 3405 2687 3444 non
2729 3405 2866 3460 nego
2896 3406 2926 3445 a
2990 3405 3077 3446 me
3121 3390 3346 3453 factum.
3415 3393 3507 3447 sed
3588 3392 3723 3447 illud

2145 3478 2401 3551 lacrymis
2453 3481 2624 3536 delevi
2657 3481 2890 3551 aliisque
2922 3481 3029 3551 piis
3084 3482 3409 3538 ministeriis
3465 3498 3725 3554 compen-

2148 3572 2287 3629 savi.
2342 3571 2586 3628 Deinde:
2624 3571 2738 3627 lmo
2796 3574 2936 3628 falso
3006 3589 3093 3629 me
3148 3574 3376 3631 omnino
3428 3576 3719 3630 accusatis.

2146 3663 2455 3732 Aliquando
2527 3672 2710 3719 tamen
2762 3665 2976 3723 dicebat
3031 3664 3098 3719 ad
3152 3665 3416 3734 quasdam
3481 3665 3723 3735 objectas

2146 3755 2335 3826 culpas
2367 3773 2382 3809 :
2421 3747 2582 3827 159
2618 3755 2816 3812 Fateor
2853 3772 2941 3812 me
2967 3754 3184 3821 fecisse,
3222 3771 3321 3811 nec
3361 3756 3535 3810 habeo
3577 3757 3722 3826 quod

2148 3845 2237 3901 hic
2258 3861 2513 3901 excusem
2554 3856 2648 3901 aut
2676 3847 3033 3918 respondeam
3066 3867 3079 3902 :
3109 3856 3359 3916 superest
3385 3858 3565 3903 tamen
3598 3863 3724 3917 spes

2146 3936 2202 3993 in
2224 3938 2596 3994 misericordia
2616 3938 2732 3994 Dei.
2758 3937 2827 3993 Et
2844 3947 3163 3994 eratrevera
3197 3939 3575 4008 spectaculum
3612 3948 3725 3993 tre-

2148 4029 2406 4086 mendum
2440 4040 2495 4083 et
2524 4028 2885 4091 formidabile.
2910 4029 3719 4099 judiciumqueinaspectabile,

2148 4119 2240 4175 sed
2270 4133 2498 4188 prorsus
2547 4120 2666 4176 sine
2693 4122 2850 4176 venia
2877 4122 3282 4191 gravissimum.
3323 4124 3389 4178 Et
3417 4124 3561 4192 quod
3607 4122 3720 4176 for-

2146 4210 2459 4267 midabilius
2484 4213 2806 4276 erat,etiam
2855 4213 2948 4267 illa
2987 4214 3340 4277 accusabant,
3413 4230 3535 4283 quae
3577 4234 3721 4271 nun-
3794 4246 3806 4255 -

2147 4316 2309 4372 quam
2348 4302 2569 4358 fecerat.
2606 4302 2799 4373 Papatl
2838 4304 2973 4373 quid
3028 4304 3152 4367 hoc,
3225 4318 3260 4359 ο
3302 4306 3521 4373 superi!
3558 4307 3721 4362 homo

2148 4394 2474 4451 anachoreta
2508 4395 2564 4449 in
2594 4396 2886 4455 solitudine
2934 4404 3188 4451 versatus
3218 4397 3452 4452 subinde
3486 4401 3724 4468 negabat.

2072 4456 2125 4523 Ῐ)
2150 4499 2210 4540 se
2238 4484 2441 4540 habere
2471 4486 2617 4555 quod
2653 4486 3011 4556 responderet
3066 4485 3133 4539 ad
3191 4497 3412 4556 peccata
3462 4456 3674 4558 objecta
3706 4509 3719 4542 :

2146 4587 2203 4634 et
2255 4578 2343 4633 hic
2402 4578 2758 4649 quadraginta
2816 4579 2964 4649 ipsos
3012 4592 3187 4633 annos
3248 4581 3501 4635 monachi
3557 4583 3721 4635 vitam

2147 4680 2356 4742 egerat,
2389 4681 2446 4726 et
2500 4672 2859 4743 lacrymar‘um
2924 4671 3167 4727 fontibus
3210 4672 3541 4729 abundabat.
3609 4673 3723 4730 lleu

2150 4762 2305 4828 mihi,
2336 4763 2645 4833 iterumque
2686 4763 2791 4818 heu
2858 4763 3062 4820 misero
3117 4763 3277 4829 mihi,
3332 4766 3422 4819 ubi
3479 4781 3584 4821 vox
3634 4767 3725 4820 illa

2150 4851 2472 4923 Ezechielis,
2531 4863 2590 4910 ut
2612 4855 2758 4911 dicat
2785 4855 2851 4911 ad
2877 4855 3073 4925 ipsos:
3115 4853 3183 4909 In
3212 4871 3313 4926 quo
3350 4868 3400 4911 te
3449 4866 3597 4912 statu
3638 4859 3724 4913 in-

2150 4962 2357 5013 venero,
2382 4947 2439 5002 in
2477 4948 2589 5017 ipso
2608 4946 2864 5016 judicabo
2893 4956 2962 5012 te,
2992 4946 3121 5000 dicit
3177 4945 3434 5003 Dominus
3482 4951 3566 5002 “1'
3615 4950 3725 5005 Re-

2149 5054 2278 5095 vera
2320 5040 2455 5095 nihil
2520 5040 2716 5096 borum
2779 5048 2910 5096 tunc
2948 5040 3131 5097 dicere
3179 5041 3375 5109 potuit.
3436 5041 3726 5099 Enimvero

2150 5133 2321 5203 gloria
2360 5135 2467 5189 Deo
2510 5135 2614 5191 soli
2663 5146 2991 5190 arcanorum
3023 5135 3313 5205 cognituri.
3343 5133 3516 5189 Fuere
3561 5150 3725 5204 porro

2150 5226 2245 5295 qui
2317 5226 2473 5291 mihi,
2519 5226 2753 5282 Domino
2792 5236 2952 5290 teste,
3013 5235 3204 5286 sancte
3253 5225 3591 5291 amrmarint,
3655 5226 3726 5282 ab

2151 5316 2316 5386 hujus
2371 5332 2536 5383 manu
2566 5316 2695 5371 dum
2720 5316 2771 5370 in
2807 5317 3099 5374 solitudine
3150 5326 3479 5379 Versaretnr,
3512 5316 3722 5385 leoparé

2151 5408 2281 5463 dum
2315 5408 2488 5465 fuisse
2521 5418 2774 5479 pastum:
2821 5409 2908 5463 hic
2940 5418 3123 5466 tamen
3152 5408 3268 5478 ipse
3290 5407 3611 5476 asperrimis
3634 5423 3724 5462 rat

2153 5504 2365 5560 tionum
2416 5502 2541 5559 vitae
2593 5503 2942 5558 exactoribus
3006 5502 3142 5555 adeo
3193 5501 3519 5568 exagitatus,
3568 5500 3642 5555 ita
3692 5510 3723 5554 ε

2157 5758 2241 5806 est
2278 5751 2523 5814 incertam,
2555 5764 2750 5817 nempe
2780 5762 2965 5803 amore
2989 5747 3195 5802 divino.

2232 5820 2306 5892 (ὁ)
2339 5819 2414 5877 Ita
2449 5821 2778 5877 membranae
2812 5818 3048 5889 antiqua:
3077 5819 3279 5876 chartae
3309 5818 3397 5876 hic
3426 5820 3720 5879 mendosa.
