4110 6424
429 373 434 376 ’
453 361 562 436 8,·15

1700 363 1772 422 -S.
1806 361 2126 423 JOANNIS
2175 359 2481 422 CLIhlACI

3599 353 3705 425 επ

454 493 682 550 corpore
705 477 1009 548 emigravit,
1039 488 1151 548 quo
1201 477 1426 547 judicio,
1457 477 1582 544 llue,
1617 482 1899 536 sententia
1929 482 2028 536 ab-

2138 501 2223 536 νον
2267 482 2389 536 καθ’
2445 481 2659 550 ἡμέραν
2723 477 3050 548 εὐφραίνων.
3118 481 3177 532 ’0
3231 479 3456 550 θάτερον
3505 479 3708 548 τρόπον

457 573 667 627 solutus
697 586 764 624 an
816 570 1107 624 damnatus
1160 571 1211 623 in
1237 570 1474 625 obscuro
1537 573 1776 642 reliquit.
1832 572 2032 639 Quem-

455 662 750 716 admodum
785 662 945 714 vidua
982 662 1102 714 viro
1135 661 1345 730 privata
1377 663 1677 716 secundum
1741 663 2032 718 Dominum

457 755 664 809 nullum
698 753 844 808 aliud
866 753 1122 806 solatium
1160 753 1344 815 habet,
1395 753 1501 808 nisi
1571 754 1794 809 unicum
1858 756 2034 810 adhuc

455 845 801 916 superstitem
845 843 1013 898 lilium
1045 861 1058 897 :
1093 843 1164 897 ita
1191 843 1408 909 animae,
1453 859 1576 913 quze
1621 844 1868 914 deliquit,
1925 860 2032 900 non

457 945 705 1006 superest
753 934 897 988 aliud
937 934 1215 1004 gaudium,
1238 948 1362 987 cum
1393 947 1425 987 e
1484 933 1588 986 vita
1624 934 1838 1004 migrat,
1868 949 2033 1004 quam

456 1023 602 1092 quod
635 1039 666 1076 e
717 1022 920 1087 labore,
955 1030 1008 1074 et
1045 1022 1335 1076 amictione
1390 1023 1529 1092 gulae
1577 1030 1740 1092 atque
1780 1023 2036 1093 lacrymis

458 1115 717 1184 luctuque
756 1114 1000 1184 percipit.
1043 1113 1155 1167 Hoc
1187 1129 1359 1183 genus
1391 1113 1690 1184 lugentium
1753 1129 2032 1185 nunquam

457 1205 720 1271 cantabit,
754 1221 928 1274 neque
965 1205 1104 1258 intra
1133 1221 1192 1259 se
1236 1219 1331 1274 per
1360 1205 1512 1259 laetos
1567 1205 1799 1276 hymnos
1851 1204 2035 1260 exsul-

457 1296 613 1358 tabit,
646 1311 710 1349 eo
735 1297 880 1364 quod
937 1297 1139 1348 lttctutn
1202 1295 1393 1348 tollant
1443 1302 1498 1350 et
1548 1295 1818 1348 aboleant.
1878 1295 2037 1364 160

455 1386 612 1452 Quod
651 1387 695 1441 si
735 1402 828 1456 per
866 1389 1078 1441 cantica
1104 1387 1197 1440 tibi
1230 1387 1434 1442 luctum
1467 1401 1786 1455 comparare
1814 1387 2037 1439 studue-

460 1481 556 1544 ris,
609 1484 693 1533 ria:
747 1488 800 1532 tu
834 1479 1024 1547 procul
1054 1479 1123 1531 ab
1149 1479 1241 1532 illo
1270 1487 1323 1532 et
1362 1480 1450 1534 ille
1491 1479 1586 1534 abs
1619 1491 1670 1532 te
1699 1479 1869 1531 abest.
1930 1477 2036 1529 Lu-

457 1581 581 1626 ctus
636 1571 778 1625 enim
841 1578 925 1626 est
980 1571 1311 1625 inveteratus
1373 1571 1568 1625 anima:
1641 1569 1850 1624 ctelesti
1913 1568 2036 1637 igne

457 1661 807 1732 liquescentis
850 1661 1029 1725 dolor,
1077 1663 1172 1731 qui
1234 1663 1446 1718 beatam
1493 1663 1691 1716 anima!
1723 1659 2034 1728 tranquilli-

458 1763 622 1808 tatem
654 1753 790 1806 solet
827 1766 1180 1821 pt-aacurrere,
1221 1752 1478 1822 illamque
1526 1752 1797 1805 adornare
1840 1759 1895 1803 et
1945 1763 2035 1800 re-

2136 567 2236 626 οὑκ
2304 571 2609 634 ἀνοθεύτως
2675 570 3074 640 μετερχόμενος
3142 570 3238 624 τοῦ
3315 569 3543 630 πένθους
3603 570 3708 620 ἀπ-

2137 664 2399 732 ήλλακται
2435 661 2566 732 (2‘2).
2618 661 2848 714 ’Δπόθου
2881 661 2978 714 ’τὸν
3013 661 3148 714 κύνα
3191 662 3282 714 τὸν
3318 663 3375 714 ὲν
3401 659 3477 729 τῷ
3522 659 3710 711 πένθι

2134 753 2215 823 τῷ
2239 753 2525 824 βαθυτάτῳ
2552 752 2990 823 προσερχόμενον
3014 769 3028 783 ·
3055 758 3147 806 κατ⁸
3182 756 3274 807 τὸν
3303 753 3436 806 Θεὸν
3466 751 3716 816 ἄοπλα-,κι-

2135 864 2262 916 χνον
2297 847 2390 900 καὶ
2425 846 2728 916 ἀσυμπαθῆ
2764 845 3156 900 ὑποϐάλλοντα.
3191 845 3570 914 Ἐπιτηρήσας
3598 844 3708 914 γὰρ

2136 937 2320 1000 αὑτὸν,
2357 936 2612 1008 εὑρήσεις
2661 935 2768 1006 πρὸ
2825 935 2929 1005 τῆς
2985 937 3257 1006 ἁμαρτίας
3304 935 3705 1004 φιλάνθρωπον,

2137 1028 2233 1081 καὶ
2279 1027 2546 1097 συμπαθῆ
2587 1025 2679 1080 τὺν
2722 1026 2855 1079 Θεδν
2903 1027 2999 1080 καὶ
3049 1027 3408 1096 συγχωρητὴν
3437 1041 3701 1094 προσαγο-

2139 1120 2389 1192 ρεύοντα.
2423 1117 2739 1187 Ἀδολεσχία
2768 1120 2936 1189 γεννᾷ
2964 1117 3266 1186 συνέχειαν,
3293 1116 3429 1186 αὑτὴ
3459 1115 3514 1168 δὲ
3544 1126 3707 1169 κατα-

2135 1211 2291 1282 λήγει
2331 1212 2410 1274 είς
2439 1209 2720 1278 αίιτθησιν⁸
2767 1209 2829 1262 τὸ
2871 1209 2928 1263 δὲ
2981 1212 3039 1264 ἐν
3069 1209 3319 1278 αίσθὴσει
3360 1208 3706 1278 ποιούμενον,

2136 1301 2552 1372 δυσαφαίρετον.
2580 1300 2681 1354 κᾶν
2702 1301 2892 1364 ὁποίας
2918 1301 2984 1354 ἂν
3009 1301 3166 1370 ἡμῶν
3191 1300 3289 1363 τὰς
3311 1299 3582 1365 πολιτείας
3614 1318 3710 1370 με·-

2136 1393 2305 1462 γάλας
2341 1410 2464 1462 μετε
2475 1390 2750 1461 ρχὼμεθα,
2773 1392 2872 1462 τὴν
2903 1391 2958 1444 δὲ
2978 1389 3090 1461 (93)
3111 1391 3335 1462 καρδίαν
3357 1388 3622 1444 ἐνὼδυνον
3646 1386 3708 1444 οὒ

2137 1484 2475 1556 κεκτήμεθα,
2520 1485 2664 1537 νόθοι
2690 1477 2850 1537 αὗται
2887 1486 2983 1536 καί
3018 1478 3174 1535 ἓωλοι
3202 1483 3602 1552 κατεστήκασιο
3632 1480 3711 1535 δεῖ

2137 1579 2245 1648 γὰρ
2270 1577 2460 1640 ὅντως,
2488 1575 2594 1638 δεῖ,
2630 1574 2696 1626 ἵν’
2732 1572 2903 1636 οὕτως
2940 1574 3099 1634 εἴπω,
3136 1574 3264 1635 τοὺς
3303 1572 3440 1642 μετὰ
3478 1573 3539 1625 τὺ
3585 1572 3710 1625 λοῦι

2139 1665 2479 1738 τρονοπάλιν
2536 1664 2916 1735 μολυνθέντας,
2971 1664 3105 1732 πυρὶ
3143 1663 3369 1733 καρδίας
3422 1663 3708 1732 ἁνενδότῳ,

2139 1756 2233 1808 καὶ
2281 1755 2448 1824 ἐλαίῳ
2493 1753 2629 1806 Θεοῦ
2682 1753 2781 1817 τὰς
2828 1752 3038 1805 ἑαυτῶν
3074 1751 3458 1806 άποπισσῶσαι
3497 1755 3707 1822 χεῖρας.

456 1856 712 1912 purgare,
767 1854 1095 1908 omnemque
1134 1839 1392 1894 vitiorum
1421 1841 1474 1894 in
1501 1840 1590 1894 illa
1625 1839 1909 1892 materiam
1935 1837 2028 1889 ab-

2138 1844 2289 1900 Εἶδον
2323 1845 2434 1913 ἐγὼ
2454 1847 2579 1913 ὅρον
2612 1844 2668 1897 ἐν
2699 1861 2809 1896 τισι
2841 1843 3072 1904 πένθους
3103 1842 3198 1913 [aL
3233 1841 3596 1914 πενθούντων]
3619 1844 3711 1896 τὸν

456 1947 694 1990 sumere.
731 1929 857 1984 Fuit
897 1932 1111 2001 egregie
1141 1930 1195 1983 in
1231 1930 1334 1984 hoc
1359 1931 1647 1985 excellenti
1701 1931 1849 1984 luctu
1879 1942 2028 1981 exer-

451 2027 675 2089 citatus,
709 2023 803 2092 qui
833 2022 967 2076 mihi
1001 2024 1068 2077 de
1102 2037 1161 2078 se
1201 2024 1461 2087 narravit,
1509 2022 1654 2091 quod
1723 2037 1850 2076 cum
1917 2032 2028 2072 nou

455 2132 586 2172 raro
605 2115 795 2169 vellem
810 2113 893 2167 vel
921 2122 1136 2181 captare
1149 2127 1342 2165 vanam
1362 2113 1609 2178 gloriam,
1631 2113 1710 2166 vel
1735 2114 1829 2168 ita:
1845 2114 2029 2170 laxare

455 2207 716 2270 habenas,
776 2204 859 2258 vel
912 2203 1049 2273 gulae
1109 2212 1163 2256 et
1209 2201 1382 2256 ventri
1443 2201 1618 2268 litare,
1684 2209 1799 2256 tum
1850 2203 2029 2259 luctus

454 2297 717 2354 memoria
768 2295 918 2349 intus
948 2294 1078 2348 mihi
1109 2302 1302 2348 testata
1336 2301 1420 2348 est
1451 2310 1464 2346 :
1505 2294 1667 2358 Cave,
1709 2293 1902 2364 inquit,
1935 2310 2030 2348 va-

453 2405 577 2443 nam
630 2385 878 2458 gloriam,
909 2395 1004 2440 aut
1033 2384 1278 2440 deseram
1309 2393 1392 2446 te;
1444 2386 1778 2456 perindeque
1807 2386 1873 2440 de
1908 2387 2031 2441 aliis

452 2477 585 2533 mihi
633 2477 776 2531 vitiis
803 2477 1085 2547 respondit
1114 2494 1128 2541 ;
1165 2477 1252 2529 cui
1287 2491 1388 2548 ego
1425 2495 1438 2530 :
1469 2475 1760 2546 Nunquam
1797 2478 1893 2532 tibi
1924 2495 2030 2532 non

450 2569 676 2639 parebo,
719 2567 897 2638 quoad
929 2583 1015 2622 me
1071 2566 1295 2622 Christo
1352 2569 1534 2623 sistas.
1581 2569 1811 2624 lntimus
1863 2568 2030 2624 animi

452 2662 628 2715 luctus
657 2659 1086 2715 consolationem
1144 2668 1400 2728 expertus
1472 2669 1602 2714 est:
1683 2660 1776 2714 sed
1849 2659 2032 2714 cordis

452 2752 746 2806 mundities
793 2751 1036 2806 ccelestis
1065 2749 1448 2806 illustrationis
1494 2751 1676 2805 radios
1705 2752 1909 2806 hausit.
1961 2751 2022 2805 ll-

454 2844 708 2899 lustratio
757 2852 841 2898 est
871 2841 1268 2911 inexplicabilis
1331 2842 1577 2912 quadam
1628 2842 1864 2898 ellicacia
1911 2859 2034 2913 quae

453 2941 683 2994 latenter
713 2937 1053 3006 intelligitur,
1116 2946 1172 2992 et
1200 2937 1432 3007 quodam
1463 2937 1626 2991 modo
1659 2953 1767 2992 non
1802 2937 2034 2994 videndo

452 3032 688 3085 videtur.
744 3027 1060 3083 Consolatio
1093 3036 1176 3082 est
1219 3027 1452 3082 dolentis
1494 3031 1690 3083 animae
1737 3037 1900 3099 atque
1950 3028 2034 3082 af-

2133 1939 2469 2009 άκρότατονο
2507 1932 2647 2006 αἷμα
2684 1937 2795 2008 γάρ
2826 1935 3024 1998 αὐτοὺς
3054 1934 3327 2004 αἰσθητῶς
3359 1937 3424 1988 ἐκ
3447 1933 3547 2002 τῆς
3577 1951 3707 1986 κατ-

2135 2031 2338 2084 ωδύνου
2369 2031 2463 2082 καὶ
2494 2028 2893 2098 πεπληγμένης
2939 2027 3166 2097 καρδίας
3221 2025 3535 2096 ἐθεασάμην
3575 2042 3710 2096 προ-

2135 2122 2361 2191 χέοντας
2393 2123 2456 2173 ἐκ
2488 2119 2582 2172 τοῦ
2636 2120 2902 2189 στόματος
2928 2135 2942 2149 ·
2975 2119 3070 2170 καὶ
3098 2116 3440 2186 ἐνεθυμήθην
3485 2115 3581 2169 τοῦ
3611 2119 3717 2187 φή-

2138 2227 2366 2275 σαντοςο
2407 2209 2718 2279 Ἐπλήγην
2739 2209 2883 2263 ὡσεὶ
2921 2210 3158 2278 χόρτος,
3195 2208 3294 2262 καί
3334 2208 3636 2276 ἐξηράνθη
3671 2208 3711 2274 ἠ

2138 2305 2354 2370 καρδία
2395 2319 2535 2370 μου.
2587 2303 2630 2354 Τ
2637 2303 2669 2355 ὰ
2719 2301 2820 2371 μὲν
2850 2303 2914 2354 ἐκ
2943 2301 3109 2370 φόϐου
3150 2299 3396 2371 δάκρυα,
3444 2298 3586 2352 αὐτὰ
3620 2296 3705 2359 ἐφ’

2138 2398 2349 2458 ἑαυτοῖς
2379 2393 2470 2447 τὸν
2516 2393 2719 2463 τρόμον
2752 2393 2847 2446 καὶ
2894 2391 2992 2460 τὴν
3037 2390 3284 2462 φυλακὴν
3323 2389 3617 2461 κέκτηται⁶
3648 2389 3714 2442 τὰ

2136 2487 2196 2540 δέ
2223 2485 2324 2553 τῆς
2357 2485 2580 2553 ἀγάπης
2608 2486 2715 2554 πρὸ
2739 2484 2840 2552 τῆς
2873 2481 3079 2546 τελείας
3111 2482 3330 2552 ἀγάπης
3359 2482 3490 2544 ἴσως
3515 2479 3607 2532 καὶ
3631 2476 3714 2531 εὖ·

2142 2576 2276 2632 συλα
2316 2577 2374 2628 έν
2419 2592 2561 2628 τισιν
2609 2575 3000 2645 καθεστήκασι.
3035 2574 3151 2626 Οὐκ
3196 2570 3312 2626 οἶδα
3341 2575 3388 2625 εί
3419 2574 3493 2643 μή
3543 2587 3608 2640 γε
3647 2571 3712 2624 ἂν

2140 2666 2274 2719 πολὺ
2308 2665 2369 2718 τὸ
2401 2664 2731 2734 ἀείμνηστον
2763 2664 2874 2730 πῦρ
2904 2663 2961 2716 ἐν
2987 2663 3064 2732 τῷ
3090 2662 3268 2734 καιρῷ
3299 2663 3398 2731 τῆς
3435 2660 3713 2732 ἐνεργείας

2139 2757 2238 2827 τὴν
2271 2755 2500 2826 καρδίαν
2527 2752 2838 2822 άνεξάψειε.
2875 2754 2987 2806 Καὶ
3027 2753 3214 2824 θαῦμα
3260 2757 3458 2819 εἰπεῖν,
3497 2754 3613 2818 πῶς
3653 2755 3713 2806 τὸ

2137 2846 2524 2916 ταπεινότερόν
2577 2847 2726 2898 ἐστιν
2759 2845 3162 2916 ἀσφαλέστερον
3195 2847 3252 2899 ἐν
3287 2845 3464 2917 καιρῷ
3518 2846 3702 2901 αὑτοῦ.

2142 2936 2297 2989 Είσὶν
2329 2935 2452 2987 ὕλαι
2484 2934 2585 2998 τὰς
2632 2935 2816 3006 πηγὰς
2853 2933 3010 3004 ἡμῶν
3053 2934 3406 3004 ξηραίνουσαι
3451 2935 3546 2988 καί
3577 2937 3712 2988 εἰσιν

2140 3027 2326 3096 ’ἐτεραι
2359 3028 2457 3081 καὶ
2497 3025 2758 3097 βόρϐορον
2799 3026 2859 3078 ἐν
2912 3027 3114 3089 αὐτοῖς,
3154 3027 3249 3078 καὶ
3300 3024 3466 3097 θηρία
3525 3025 3712 3080 ἀποτί-

452 3123 611 3176 Πιὶοιω
638 3119 1002 3190 refrigeratio,
1056 3135 1176 3189 quae
1209 3119 1316 3174 ritu
1348 3119 1571 3175 infantis
1597 3121 1761 3176 simul
1789 3121 1930 3175 intra
1974 3135 2034 3176 se

2141 3131 2402 3173 κτουσαι“
2441 3119 2536 3172 καὶ
2585 3118 2675 3172 διὰ
2722 3117 2822 3188 μὲν
2874 3117 2982 3170 τῶν
3021 3117 3304 3188 προτέρων
3343 3119 3371 3170 ό
3425 3115 3550 3170 Λὼτ
3598 3119 3712 3181 ταῖς

452 3221 501 3262 ei
536 3213 869 3282 Iacrymatur
897 3209 1120 3282 [vagit],
1151 3219 1206 3264 et
1229 3210 1470 3278 jucunde
1499 3211 1762 3266 subridet.
1791 3212 2038 3281 Opitula—

455 3305 532 3358 tio
579 3313 661 3356 est
708 3301 906 3355 anima:
941 3300 1243 3367 renovatio,
1279 3301 1497 3355 tristitia
1525 3302 1707 3371 lapsae,
1741 3319 1861 3372 qum
1887 3317 2040 3357 accr-

458 3398 554 3451 bas
588 3396 855 3464 lacrymas
879 3393 1270 3448 admirabiliter
1298 3393 1553 3449 dulcibus
1578 3404 1870 3463 permutat.
1937 3394 2041 3448 La-

455 3503 659 3560 crymaa
714 3503 836 3556 quae
861 3503 925 3540 ex
973 3487 1237 3540 memoria
1270 3487 1464 3541 mortis
1502 3486 1774 3550 oriuntur,
1821 3488 2042 3555 pariunt

457 3581 726 3643 timorem,
746 3579 907 3632 timor
936 3578 1305 3642 securitatem,
1324 3594 1353 3632 e
1379 3579 1670 3634 securitate
1687 3578 1896 3634 exsistit
1917 3594 2044 3648 gau-

455 3673 628 3736 dium,
659 3670 854 3740 gaudio
889 3669 1162 3740 (quamvis
1190 3684 1469 3739 nunquam
1493 3669 1726 3740 deficiat)
1771 3679 2039 3734 cessante,

457 3763 633 3816 oritur
657 3761 755 3816 ﬂos
783 3760 981 3814 divina:
1012 3759 1314 3816 charitatis.
1342 3759 1583 3815 Exclude
1611 3770 1868 3830 tanquam
1894 3761 2039 3814 indi-

457 3869 597 3922 gnus
680 3851 1010 3906 humilitatis
1073 3851 1300 3907 dextera
1356 3852 1616 3924 gaudium
1672 3853 2037 3922 peregrinum,

461 3947 614 4016 161
652 3960 720 4000 ne
743 3945 1002 4014 deceptus
1033 3945 1220 4014 lupum
1253 3960 1350 4014 pro
1381 3955 1597 4014 pastore
1625 3945 1886 4014 excipias.
1920 3943 2040 3999 Noli

456 4051 796 4107 praeprOpere
831 4035 1086 4090 affectare
1121 4049 1230 4088 non
1273 4051 1374 4088 suo
1407 4043 1650 4105 tempore
1697 4035 2038 4105 contempla-

458 4131 690 4194 tionem,
726 4127 800 4182 uti
830 4135 882 4181 te
917 4128 1094 4198 potius
1125 4127 1197 4182 ob
1223 4127 1550 4182 humilitatis
1580 4128 1904 4198 elegantiam
1954 4128 2039 4181 in-

458 4228 719 4286 sequatur
745 4228 800 4272 et
831 4227 1094 4288 occupet,
1142 4227 1196 4272 et
1234 4219 1555 4274 castissimis
1590 4220 1796 4288 nuptiis
1836 4219 1933 4274 tibi
1983 4219 2037 4273 itt

458 4326 675 4365 omnem
712 4310 1066 4364 aeternitatem
1095 4310 1398 4380 copuletur.
1441 4309 1625 4366 Infans
1656 4311 1819 4366 simul
1849 4326 1913 4366 ac
1942 4325 2041 4381 ροι-

2143 3211 2447 3282 θυγατράσι
2478 3211 2812 3281 παρανόμως
2862 3209 3174 3278 συνεγίνετο
3199 3227 3212 3240 ·
3237 3209 3327 3263 διὰ
3372 3208 3428 3262 δὲ
3463 3208 3572 3262 τῶν
3595 3207 3704 3263 δευ-

2139 3305 2316 3376 τέρων
2349 3306 2377 3357 ὁ
2408 3302 2655 3364 διάϐολος
2691 3301 2750 3367 ἐξ
2784 3300 3017 3371 οὐρανοῦ
3054 3301 3333 3354 πέπτωκε.
3367 3299 3546 3370 Πολλὴ
3581 3299 3708 3371 παρ’

2141 3395 2325 3457 αὐτοῖς
2356 3393 2572 3464 ἐχθροῖς
2606 3391 2816 3463 ἡμῶνή
2853 3390 3042 3453 κακία,
3068 3389 3186 3452 πῶς
3208 3389 3306 3450 τὰς
3331 3387 3442 3458 (24)
3477 3387 3710 3458 μητέρας

2141 3485 2249 3538 τῶν
2279 3483 2512 3555 ἀρετῶν,
2542 3482 2784 3554 μητέρας
2809 3482 3017 3536 κακιῶν
3049 3481 3474 3551 ἀπεργάζονται,
3498 3479 3592 3534 καὶ
3617 3479 3711 3540 τὰς

2143 3577 2434 3646 ποιητικὰς
2465 3575 2576 3628 τῶν
2605 3571 2990 3628 ταπεινώσεων
3019 3573 3173 3638 ὕλας,
3215 3571 3592 3644 ὑπερηφανίας
3624 3571 3712 3638 δη·

2145 3671 2441 3742 μιουργοὺς
2496 3668 2928 3722 ἀποδεικνύουσι.
2975 3667 3259 3736 ιῐεφύκασι
3289 3665 3572 3728 πολλάκις,
3623 3667 3713 3718 καὶ

2140 3762 2304 3816 αὑταὶ
2332 3761 2442 3814 τῶν
2467 3760 2582 3831 (25)
2605 3760 2928 3831 οἰκετηρίων
2961 3759 3118 3829 ἡμῶν
3175 3759 3232 3811 αί
3277 3758 3583 3828 καταμοναὶ
3621 3760 3713 3810 καὶ

2141 3853 2262 3934 θέαγι
2295 3855 2384 3906 τὸν
2425 3853 2550 3907 νοῦν
2591 3851 2750 3922 ἡμῶν
2797 3854 2876 3914 είς
2911 3849 3204 3915 κατάνυξιν
3251 3848 3708 3921 προσκαλεῖσθαι-

2141 3946 2234 4000 καὶ
2286 3945 2634 3998 πεισάτωσαν
2691 3943 2821 4007 ἴσως
2869 3941 3132 4014 [Ἰησοῦς]
3191 3944 3285 3996 καὶ
3343 3942 3563 4008 Ἠλίας,
3623 3944 3714 3994 καὶ

2153 4037 2408 4107 Ἰωάννης
2435 4035 2561 4089 καθ’
2596 4036 2828 4098 ἑαυτοὺς
2859 4035 3310 4104 προσευχόμενοι.
3345 4031 3501 4087 Εἶδον
3536 4035 3594 4087 ἐν
3623 4035 3715 4086 πάι

2140 4130 2256 4183 λεσι
2280 4130 2373 4183 καὶ
2393 4127 2646 4198 θορύϐοις
2681 4126 2942 4190 πολλάκις
2969 4126 3263 4197 κινηθέντα
3292 4127 3524 4198 δάκρυα,
3548 4127 3616 4179 ἵν’
3642 4127 3715 4187 ὡς

2143 4220 2310 4292 μηδὲν
2341 4221 2406 4272 ἐκ
2435 4218 2544 4272 τῶν
2576 4217 2822 4288 θορῦϐων
2865 4217 3171 4271 ἀδικεῖσθαι
3209 4217 3466 4288 οἰόμενοι,
3505 4215 3582 4287 τῷ
3627 4215 3721 4269 x5-

2142 4329 2265 4383 σμῳ
2296 4311 2726 4382 πλησιάσωμεν·
2762 4305 2964 4374 σκοπδς
2985 4309 3094 4381 γὰρ
3127 4302 3284 4374 οὗτος
3314 4313 3425 4373 τοῖς
3456 4308 3717 4380 πονηροῖς

461 4411 596 4454 trem
631 4401 909 4470 agnoscit,
948 4400 1251 4455 incredibili
1283 4401 1482 4470 gaudio
1515 4400 1898 4471 perfunditur;
1940 4417 2034 4472 pa-

2139 4403 2420 4474 δαίμοσιν·
2465 4397 2545 4465 εἷς
2581 4402 2678 4472 μὲν
2712 4400 2870 4468 λόγος
2919 4401 3183 4464 πολλάκις
3224 4401 3421 4464 πένθος
3466 4400 3718 4454 διέλυον

458 4499 612 4545 rente
636 4505 764 4544 vero
788 4491 854 4545 ad
879 4501 1092 4560 tempus
1118 4505 1248 4546 suas
1278 4493 1350 4546 ob
1373 4495 1612 4548 rationes
1636 4493 2034 4565 peregrinante,

2144 4495 2330 4564 θαῦμα
2360 4494 2438 4559 δέ,
2463 4493 2624 4564 εἴπερ
2641 4493 2733 4547 καὶ
2766 4489 2844 4556 εἷς
2878 4492 3011 4545 αὐτὸ
3039 4493 3495 4563 συνήγαγεν.οὒκ
3518 4491 3714 4561 ἐγκληο

457 4588 512 4634 et
536 4594 758 4650 peregre
782 4595 1001 4634 rursum
1031 4580 1376 4645 adveniente,
1407 4583 1606 4653 gaudio
1632 4584 1796 4638 simul
1822 4593 1876 4638 et
1908 4599 2034 4638 mar

2145 4585 2444 4657 θησόμεθα,
2479 4579 2524 4638 ὧ
2575 4578 2744 4651 οὗτοι,
2786 4583 2886 4636 οὐκ
2937 4581 3388 4654 ἐγκληθησόμεθα
3441 4582 3502 4634 ἐν
3555 4579 3715 4650 ἐξόδῳ

458 4686 582 4726 rore
615 4671 889 4742 repletur;
939 4671 1168 4741 gaudio,
1204 4675 1348 4744 quod
1395 4675 1489 4730 diu
1530 4675 1897 4731 desideratum
1945 4691 2034 4732 re-

2145 4677 2346 4748 ψυχῆς,
2395 4679 2533 4731 διότι
2579 4678 2642 4729 οὐ
2677 4676 3346 4746 τεθαυματουργήκαμενο
3381 4673 3489 4726 οὐδ’
3537 4673 3618 4726 δτι
3656 4670 3714 4723 0":

458 4763 653 4819 ducem
686 4763 901 4832 videat;
931 4780 1189 4830 maerore,
1216 4767 1362 4837 quod
1389 4776 1540 4823 tanto
1567 4777 1811 4838 tempore
1841 4782 2034 4824 sereno

2142 4769 2612 4840 τεθεολογηκαμεν
2631 4784 2646 4801 ο
2680 4767 2789 4820 οὐδ’
2818 4768 2900 4820 ὅτι
2935 4765 3260 4836 θεωρητικοὶ
3290 4765 3350 4818 οὐ
3383 4762 3711 4834 γεγόναμεν,

459 4855 631 4925 patris
677 4855 985 4914 dulcissimi
1038 4868 1261 4929 aspectu
1317 4857 1487 4914 fuerit
1538 4860 1807 4931 privatus.
1864 4859 2034 4916 Mater

2145 4862 2282 4916 ἀλλὰ
2306 4861 2465 4930 λόγον
2513 4861 2728 4922 πάντως
2770 4858 3015 4930 δώσομεν
3038 4849 3118 4927 τῷ
3147 4855 3271 4927 Θεῷ
3303 4855 3444 4910 διότι
3480 4853 3715 4908 ἀδιαλεί-

461 4947 688 5004 subinde
715 4964 773 5005 se
800 4949 872 5006 ab
899 4948 1108 5006 infante
1135 4951 1407 5017 subducit,
1443 4967 1474 5007 a
1503 4968 1614 5024 quo
1645 4968 1770 5008 cum
1802 4968 1863 5009 se
1893 4952 2034 5007 videt

2149 4970 2297 5017 πτως
2329 4954 2390 5006 οὐ
2430 4970 2498 5006 πε
2506 4951 2882 5022 πενθήκαμεν.

459 5059 583 5099 cum
615 5043 803 5100 dolore
831 5054 886 5101 et
914 5045 1170 5119 lacrymis
1193 5048 1362 5119 quaeri
1387 5087 1403 5114 ,
1439 5063 1766 5119 magnopere
1792 5049 2113 5114 delectatur,
2143 5065 2254 5118 quo
2288 5049 2408 5119 ipso
2451 5047 2680 5101 filiolum
2745 5046 2926 5111 docet,
2956 5061 3027 5101 ne
3055 5059 3296 5116 unquam
3356 5058 3420 5099 se
3470 5041 3542 5097 ab
3600 5040 3718 5110 ejus

461 5136 747 5206 praesentia
779 5137 1016 5208 patiatur
1045 5139 1232 5204 avelli,
1266 5141 1547 5210 magisque
1591 5155 1654 5194 ac
1681 5140 1854 5211 magis
1885 5154 2126 5194 amorem
2155 5139 2302 5194 illius
2331 5139 2386 5192 in
2433 5152 2496 5193 se
2526 5135 2789 5192 accendat
2817 5154 2831 5191 :
2869 5136 2974 5203 Qui
3031 5135 3186 5190 habet
3235 5148 3390 5188 aures
3445 5128 3716 5194 audiendi,

462 5227 682 5295 audiat,
716 5229 848 5285 dicit
878 5229 1141 5287 Dominus
1170 5233 1237 5286 ’⁸.
1281 5232 1373 5287 ille
1402 5233 1496 5303 qui
1533 5230 1725 5301 capitis
1755 5243 1838 5287 est
1874 5233 2198 5298 damnatus,
2251 5231 2388 5286 nihil
2425 5239 2584 5286 curat
2641 5229 2979 5284 theatrorum
3010 5228 3318 5298 spectacula
3389 5237 3444 5280 et
3503 5224 3716 5288 cilicia;

462 5314 644 5390 itaque
681 5333 750 5375 ex
792 5321 979 5374 animo
1043 5319 1224 5391 luget,
1264 5321 1414 5375 nullo
1479 5321 1798 5376 deliciarum
1823 5360 1838 5386 ,
1879 5320 2096 5391 gloriae,
2139 5319 2256 5384 irae,
2292 5319 2586 5391 gravisque
2613 5317 2740 5373 bilis
2769 5331 2933 5372 sensu
2960 5331 3200 5388 unquam
3228 5316 3487 5386 tangitur.
3518 5313 3718 5369 Luctus

455 5422 543 5469 est
591 5411 792 5468 insitus
829 5413 1024 5466 anilna:
1088 5412 1401 5481 paenitentis
1439 5412 1622 5478 dolor,
1668 5415 1760 5485 qui
1805 5424 2066 5483 tanquam
2108 5413 2416 5482 parturiens
2476 5411 2776 5482 dolensque
2795 5411 3049 5467 dolorum
3069 5410 3312 5481 quotidie
3329 5408 3516 5465 dolore
3537 5416 3714 5477 anget.

462 5500 650 5558 Justus
666 5511 722 5556 et
745 5512 971 5558 sanctus
1002 5515 1084 5558 est
1108 5502 1393 5567 Dominus,
1417 5506 1509 5575 qui
1567 5507 1863 5560 solitariam
1895 5506 2063 5561 vitam
2104 5521 2211 5560 non
2255 5506 2464 5576 absque
2531 5507 2746 5562 ratione
2787 5516 3123 5572 sectantem,
3157 5519 3278 5559 cum
3327 5502 3537 5556 ratione
3575 5500 3722 5556 salu-

466 5595 570 5644 tari
599 5593 1039 5660 compunctionis
1069 5594 1217 5648 luctu
1259 5593 1420 5647 allicit
1446 5631 1462 5658 ,
1495 5597 1548 5649 et
1591 5609 1717 5650 eum
1759 5595 1852 5666 qui
1885 5597 2032 5666 jttsta
2072 5611 2292 5668 quoque
2359 5596 2571 5654 ratione
2639 5597 2930 5662 inductus,
2965 5611 3024 5653 se
3061 5596 3287 5653 alterius
3330 5593 3582 5666 potestati
3628 5605 3723 5662 per

537 5741 584 5772 ”
615 5739 753 5800 Luc.
796 5762 905 5809 xw,
939 5747 1028 5801 35.
