4110 6426
425 369 540 434 817
1465 375 1693 434 SCALA
1724 375 2102 436 PARADISI.
2139 400 2207 410 -
2239 375 2548 436 GRADUS
2577 373 2704 435 VII.
3603 373 3705 436 813

416 484 792 540 obedientiam
837 483 1101 554 subjecit,
1152 485 1396 556 quotidie
1440 487 1729 542 exhilarat.
1774 486 1874 554 Qui
1909 503 2015 542 nou
2057 495 2380 542 alterutrum
2444 503 2508 541 ex
2579 485 2666 542 his
2707 485 2924 541 modum
2966 486 3181 542 sincere
3221 485 3616 555 complectitur,
3659 489 3704 541 is

411 591 558 633 vero
595 575 743 632 luctu
769 577 1059 632 destitutus
1088 588 1191 633 est.
1243 577 1414 648 Abige
1455 579 1553 634 abs
1595 587 1647 634 te
1675 594 1866 634 canem
1909 578 2306 646 desperationis
2343 579 2502 650 162
2547 578 2640 647 qui
2681 579 2774 633 tibi
2821 578 2873 631 in
2916 591 3130 633 summo
3153 577 3300 631 luctu
3335 575 3504 632 Deum
3537 576 3704 632 iucle~

412 679 700 734 mentem,
733 669 994 723 immitem
1030 680 1084 724 et
1117 669 1514 738 implacabilem
1588 671 1739 740 lingit
1777 679 1832 725 et
1876 669 2117 738 subiicit.
2181 667 2314 722 Nam
2358 670 2450 724 ubi
2516 669 2767 724 eumdem
2837 668 3124 738 diligenter
3160 668 3536 723 observaveris
3561 706 3575 731 ,
3611 668 3701 721 de-

410 759 728 830 prehendes
779 758 851 813 ab
893 759 1086 814 eodem
1138 775 1276 814 cane
1315 761 1410 814 tibi
1458 769 1584 815 ante
1633 769 2001 828 perpetratum
2041 768 2324 829 peccatum
2395 761 2648 814 eumdem
2681 759 2849 815 Deum
2917 759 3238 830 benignum,
3271 758 3704 818 misericordem.

406 859 475 902 et
504 848 570 904 ad
593 850 807 904 veniam
839 849 1052 904 facilem
1094 851 1337 919 promitti
1389 863 1444 906 et
1505 852 1813 922 praedicari.
1859 853 2192 909 Exercitatio
2237 851 2568 925 [meditatio]
2603 853 2746 922 parit
2808 852 3212 917 assiduitatem,
3244 851 3539 907 assiduitas
3565 847 3705 905 desi-
3769 916 3774 922 ι

411 942 586 998 ιιίιὶη
611 959 770 998 nsunt
823 953 878 998 et
904 944 1242 1008 facultatem,
1304 961 1425 1014 quae
1451 947 1543 1001 ubi
1581 946 1634 1000 in
1663 961 1827 1002 sensu
1863 947 2077 1002 radices
2113 948 2243 1017 egit,
2282 960 2389 999 non
2422 945 2585 999 facile
2616 945 2840 1000 tollitur.
2877 945 3292 1013 Qualiacuuque
3319 943 3546 997 demum
3575 941 3702 996 vita:

410 1033 604 1088 studia
649 1035 1002 1104 quantumvis
1037 1036 1272 1090 illustria
1313 1052 1640 1107 sequamur,
1674 1038 1718 1093 si
1763 1040 2013 1094 internus
2049 1039 2218 1094 animi
2242 1039 2398 1093 dolor
2419 1048 2472 1093 et
2503 1051 2701 1092 sensus
2724 1037 2884 1099 desit,
2911 1035 3135 1090 frustra-
3178 1049 3391 1098 sumus,
3460 1035 3706 1103 nihilque

410 1128 659 1200 agimus.
692 1127 927 1183 Necesse
959 1138 1042 1184 est
1070 1129 1258 1194 enim,
1298 1145 1526 1186 necesse
1553 1131 1811 1196 omnino,
1875 1142 1936 1188 ut
1992 1132 2066 1186 ita
2109 1134 2342 1206 loquar,
2387 1131 2501 1195 uti,
2550 1129 2866 1200 quicunque
2899 1128 3243 1198 baptismatis
3291 1127 3437 1182 fonte
3487 1128 3701 1184 lustrati

407 1229 639 1290 Sumus,
659 1238 986 1294 rursumque
1019 1231 1206 1292 postea
1229 1224 1376 1279 vitiis
1407 1225 1701 1294 inquinati,
1736 1227 1863 1296 igne
1918 1227 2126 1281 cordis.
2156 1242 2454 1295 nunquam-
2496 1226 2820 1294 elanguente
2841 1263 2856 1287 ,
2902 1231 2957 1276 et
2985 1222 3107 1276 oleo
3149 1222 3539 1277 misericordia:
3610 1222 3703 1279 Dei

408 1313 598 1383 picem
663 1317 920 1370 vitiorum
969 1332 1000 1372 e
1039 1317 1294 1372 manibus
1367 1319 1766 1389 ahstergamus.
1815 1318 1938 1373 Vidi
1979 1336 2081 1390 ego
2118 1320 2385 1390 quosdam
2431 1320 2497 1373 ad
2544 1331 2862 1387 supremum
2892 1319 3072 1370 luctus
3096 1317 3328 1385 grathim
3356 1317 3702 1380 ascendisse,

409 1408 519 1470 qui
561 1424 672 1476 prae
703 1409 875 1464 animi
905 1410 1093 1465 dolore
1130 1423 1184 1466 et
1223 1413 1423 1466 amicto
1487 1413 1651 1467 corde
1685 1428 1934 1467 cruorem
1975 1429 2040 1468 ex
2083 1430 2180 1468 ore
2213 1413 2538 1468 eructabaut
2565 1451 2580 1475 ,
2617 1420 2670 1464 et
2718 1425 2928 1464 memor
2957 1407 3035 1463 fui
3101 1409 3373 1463 dicentis:
3415 1407 3705 1462 Percussus

411 1519 541 1563 sum
571 1513 628 1556 ut
659 1505 872 1572 fenum,
904 1517 953 1560 et
987 1510 1201 1561 exaruit
1231 1524 1518 1561 cor-meum
1549 1509 1615 1561 ".
1650 1507 1930 1579 Lacrymte
1983 1524 2046 1563 ex
2091 1509 2289 1564 timore
2327 1507 2418 1561 Dei
2446 1507 2701 1576 profectae
2731 1505 2782 1559 iu
2815 1521 2872 1560 se
2904 1505 3034 1574 ipsa:
3055 1514 3260 1557 metum
3318 1513 3371 1558 ct
3401 1504 3704 1558 custodiam

413 1596 600 1650 cordis
652 1595 873 1652 habent.
926 1597 1060 1664 Quae
1103 1613 1232 1654 vero
1269 1614 1334 1652 ex
1383 1600 1650 1654 charitate
1691 1600 2008 1669 proﬂuunt,
2081 1609 2208 1655 ante
2243 1600 2535 1669 perfectam
2569 1599 2890 1652 charitatem
2935 1606 3143 1668 partam
3177 1597 3246 1650 ab
3281 1595 3556 1650 nonnullis
3623 1597 3703 1650 fa-

416 1686 527 1741 eile
559 1689 913 1755 amittuntur,
977 1690 1080 1745 nisi
1122 1689 1357 1746 fortasse
1421 1691 1563 1761 ignis
1599 1691 1689 1745 ille
1759 1699 1963 1746 aeterna
2028 1691 2305 1747 memoria-
2344 1689 2668 1745 recolendus
2698 1689 2879 1758 Operis
2919 1697 3163 1758 tempore
3204 1701 3298 1742 cor
3329 1685 3702 1739 inflammarit.

414 1781 492 1836 Et
518 1782 714 1838 mirum
746 1785 910 1838 dictu
929 1795 1011 1840 est
1035 1826 1050 1851 ,
1116 1786 1393 1855 quomodo
1453 1802 1692 1855 semper
1715 1787 1766 1840 id
1799 1787 1942 1856 quod
1977 1787 2241 1841 humilius
2292 1794 2377 1840 est
2405 1793 2461 1839 et
2518 1783 2821 1854 abiectius,
2847 1798 2948 1838 suo
2981 1783 3104 1837 loco
3135 1781 3384 1836 securius
3422 1789 3476 1834 et
3505 1779 3706 1834 certius

414 1874 510 1926 sit.
547 1872 684 1928 Sunt
724 1890 812 1930 res
870 1892 992 1946 quae
1051 1877 1414 1948 lacrymarum
1451 1877 1628 1933 fontes
1663 1879 1718 1932 in
1754 1879 1912 1934 nobis
1949 1880 2323 1933 exhauriunt:
2368 1876 2525 1949 163
2559 1887 2689 1932 sunt
2747 1877 2873 1931 item
2917 1875 3038 1930 alia:
3082 1891 3203 1944 qua:
3239 1874 3290 1927 in
3352 1873 3487 1943 ipsis
3553 1871 3707 1925 fonti.

417 1965 528 2022 bus
557 1971 726 2024 lutum
755 1981 808 2024 et
838 1971 1036 2026 bestias
1076 1972 1314 2042 pariunt.
1346 1971 1420 2026 Ex
1484 1973 1771 2028 occasione
1833 1974 2072 2043 priorum
2116 1974 2217 2028 Lot
2263 1975 2530 2026 incestum
2587 1986 2711 2026 cum
2749 1971 2968 2024 tiliahus
3008 1969 3123 2024 suis
3161 1968 3456 2023 commisit.
3497 1966 3577 2022 0h
3606 1981 3705 2037 po-

426 2065 692 2120 titet-iores
717 2067 929 2122 Lucifer
964 2083 994 2121 e
1020 2067 1162 2122 ριειο
1193 2068 1512 2123 deturbatus
1535 2077 1637 2124 est.
1671 2067 2010 2123 Incredibilis
2048 2076 2132 2123 est
2162 2067 2403 2123 hostium
2455 2076 2767 2120 nostrorum
2795 2063 3022 2128 malitia,
3047 2062 3140 2133 qui
3179 2063 3440 2117 virtutum
3493 2076 3706 2116 semen-

428 2171 539 2216 tem
583 2158 635 2211 in
679 2160 804 2213 vitia
845 2169 1203 2226 convertunt,
1254 2171 1308 2217 et
1351 2178 1410 2217 ea
1463 2179 1586 2233 qua:
1643 2163 2001 2217 humilitatem
2041 2171 2261 2227 creant,
2311 2163 2365 2215 in
2413 2160 2726 2229 superbiam
2771 2159 3092 2228 depravant.
3180 2157 3373 2213 Solent
3405 2171 3513 2210 non
3578 2170 3706 2210 raro

425 2253 558 2319 ipsa:
585 2249 976 2306 domiciliorum
1013 2264 1329 2309 nostrorum
1360 2256 1516 2310 sedes
1539 2295 1554 2319 ,
1591 2264 1645 2310 et
1685 2255 1800 2311 loca
1841 2257 2017 2311 oculis
2051 2255 2296 2323 subjecta
2341 2269 2442 2308 nos
2483 2253 2550 2307 ad
2601 2252 3084 2322 compunctionem
3130 2266 3432 2322 provocare
3456 2293 3470 2316 ,
3509 2267 3700 2322 quem-

421 2341 713 2395 admodum
779 2326 978 2398 docent
1031 2343 1214 2412 Jesus,
1247 2356 1302 2401 et
1364 2346 1530 2412 Elias,
1562 2357 1615 2402 et
1675 2347 1949 2415 Joannes,
1985 2348 2076 2418 qui
2113 2349 2166 2402 in
2201 2348 2336 2403 solis
2371 2348 2508 2402 locis
2549 2348 2690 2417 apud
2745 2347 3072 2415 semetipsos
3118 2346 3373 2416 precibus
3417 2352 3702 2398 vacarunt.

417 2428 542 2482 Vidi
585 2441 639 2484 et
683 2432 736 2485 in
789 2435 980 2489 mediis
1020 2437 1248 2492 urbibus
1293 2446 1348 2492 et
1396 2439 1680 2493 hominum
1731 2440 1904 2494 turbis
1944 2456 2007 2494 ac
2042 2440 2270 2508 strepitu
2331 2453 2723 2508 nonnunquam
2755 2437 3026 2508 religiosis
3053 2437 3186 2490 viris
3244 2435 3498 2505 prosilire
3527 2434 3703 2504 lacry-

412 2534 562 2585 mas,
598 2531 658 2575 ut
693 2524 793 2578 hae
814 2525 1024 2580 ratione
1046 2527 1252 2582 inducti
1280 2529 1659 2583 existimemus
1695 2531 1904 2584 nullum
1943 2545 2041 2585 nos
2090 2544 2154 2583 ex
2185 2544 2288 2582 usu
2316 2527 2600 2581 hominum
2627 2537 2679 2580 et
2702 2527 3033 2580 tumultuum
3077 2525 3460 2578 detrimentum
3484 2537 3699 2590 capere,

411 2609 663 2680 adeoque
695 2613 925 2668 libenter
964 2615 1104 2670 inter
1135 2617 1384 2672 homines
1399 2628 1452 2672 et
1477 2619 1663 2674 turbas
1698 2635 1980 2674 versemur
2011 2637 2024 2672 :
2052 2618 2142 2672 hic
2166 2618 2311 2670 enim
2343 2617 2465 2671 ﬁnis
2492 2626 2576 2671 est
2611 2616 2984 2686 improborum
3010 2616 3318 2670 daemonum
3359 2614 3455 2685 (ut
3481 2613 3704 2670 trahant

415 2716 524 2757 nos
552 2705 616 2756 ad
647 2705 939 2776 saeculum)
967 2723 1109 2778 saepe
1137 2710 1364 2763 verbum
1397 2711 1620 2765 unicum
1651 2727 1870 2766 omnem
1897 2710 2066 2764 animi
2099 2710 2306 2763 luctum
2337 2708 2599 2764 exstinxit
2633 2727 2646 2761 :
2686 2707 2778 2763 scd
2813 2707 3059 2760 miraculi
3093 2707 3264 2760 instar
3309 2717 3393 2760 est
3423 2744 3436 2766 ,
3480 2703 3524 2758 si
3571 2720 3695 2756 vcr-

414 2793 554 2847 bum
577 2796 740 2850 etiam
771 2813 962 2860 unum,
989 2799 1192 2854 luctum
1225 2800 1460 2857 reduxit.
1494 2800 1872 2872 Nequaquam,
1909 2801 2092 2866 amici,
2127 2801 2181 2853 in
2222 2815 2448 2854 excessu
2485 2799 2682 2853 anima:
2715 2799 3120 2862 accusabimur,
3164 2797 3310 2868 quod
3351 2797 3498 2850 nulla
3532 2796 3698 2849 mira—

412 2885 985 2955 cula'patraverimus,
1013 2900 1105 2946 aut
1126 2891 1194 2946 de
1228 2893 1392 2948 rebus
1411 2892 1610 2948 divinis
1641 2894 2017 2964 theologorum
2040 2891 2203 2946 modo
2226 2905 2334 2944 non
2370 2900 2528 2945 acute
2556 2891 3044 2960 disputavcrimus,
3073 2899 3167 2944 aut
3196 2889 3248 2942 in
3282 2887 3700 2957 contemplatio-

411 2997 549 3036 nem
567 2998 674 3037 non
703 2984 910 3055 abrepti
940 2987 1205 3042 luerimus
1231 3007 1244 3041 :
1281 2989 1373 3042 sed
1404 2997 1553 3043 certo
1583 2989 1850 3042 rationem
1874 2988 2148 3050 dabimus,
2171 2984 2445 3054 quodnon
2476 2986 2818 3040 continenter
2845 2993 3066 3054 peccata
3087 2994 3272 3040 nostra
3292 2983 3700 3038 dellevcrimus.

496 3078 660 3144 Βάσις
690 3080 897 3152 ἔὸδὸμη
920 3098 934 3112 ο
961 3083 990 3135 ὁ
1027 3082 1285 3149 ἀξιωθεὶς
1315 3087 1483 3158 κάμοὶ
1513 3085 1780 3157 βοηθείτω
1801 3102 1814 3115 ο
1842 3085 1999 3148 αὐτὸς

2183 3081 2360 3152 Atque
2394 3081 2484 3134 hic
2516 3090 2602 3136 est
2633 3081 2898 3150 septimus
2926 3081 3127 3152 gradus
3152 3121 3167 3147 ,
3203 3096 3363 3150 quem
3404 3081 3496 3150 qui
3531 3095 3692 3149 supe-

415 3168 535 3240 γὰρ
566 3169 664 3241 ἤδη
714 3170 1072 3244 βεϐοήθηται,
1119 3173 1209 3226 διὰ
1236 3174 1331 3228 τοῦ
1379 3176 1606 3246 ἑϐδόμου
1647 3173 1861 3246 βαθμοῦ
1910 3173 1999 3238 τὰς

2110 3172 2288 3236 ravit,
2337 3180 2390 3225 et
2431 3170 2564 3224 mihi
2603 3185 2797 3226 manus
2830 3171 3070 3242 porrigat
3095 3171 3610 3241 ,quemadmodum
3645 3180 3712 3232 ct.

407 3259 518 3316 τοῦ
549 3262 748 3327 αίῶνος
779 3263 974 3318 τούτου
1003 3265 1228 3336 κηλίδας
1259 3267 1689 3338 ἀπονιψάμενος.

2110 3264 2225 3335 ipse
2254 3264 2474 3334 adjutus
2509 3263 2658 3337 labes
2689 3264 2812 3318 vitae
2846 3263 3129 3333 praesentis
3170 3263 3446 3318 abstersit.
3477 3318 3480 3320 γ

821 3418 1079 3474 ΣΧΟΛΙΑ
1116 3422 1226 3476 ΕΙΣ
1261 3424 1489 3479 ΔοΓΟΝ
1528 3426 1602 3480 Ζ’.

2320 3419 2480 3492 164
2541 3418 2833 3475 SCIiOLIA
2895 3420 2985 3476 A‘D
3038 3419 3504 3476 GRADUM'VII';

2773 3560 2844 3616 De
2872 3561 3041 3616 luctu.

2737 3675 2991 3731 Scholion
3027 3677 3078 3731 ιι.

991 3555 1130 3623 Περὶ
1158 3555 1440 3625 πένθους.

1037 3671 1299 3738 Σχόλιον
1330 3679 1405 3726 α’.

492 3756 680 3828 Τούτῳ
710 3757 898 3810 πολλοὶ
923 3759 1302 3832 ἁπατηθὲντες
1326 3764 1499 3829 ἀδεῶς
1528 3766 1627 3834 τὴν
1659 3768 2008 3839 συμπάθειαν

419 3851 536 3910 τοῖς
564 3851 973 3922 ἁμαρτάνουσιν
1005 3854 1297 3922 ἐπάγουσι,
1330 3851 1414 3921 οἷς
1449 3859 1508 3912 οὐ
1549 3861 1657 3931 χρὴ
1695 3862 2002 3917 πείθεσθαι.

429 3935 600 4006 ’Ἄλλη
645 3939 752 4008 γὰρ
807 3941 840 4009 ἡ
877 3941 1114 3995 ἐνταῦθα
1169 3945 1489 4014 συμπάθεια
1540 3949 1683 4022 ὑπὲρ
1736 3951 2003 4022 δύναμιν·

428 4027 776 4093 συμπάθειαν
806 4030 914 4102 γάρ
949 4049 1132 4103 φαμεν
1176 4035 1374 4100 πένθος
1405 4039 1548 4093 κατὰ
1576 4039 1753 4113 ψυχὴν
1788 4043 2006 4112 ἐγγινό-

422 4132 616 4184 μενον,
677 4119 770 4171 καὶ
816 4120 952 4194 ὑπὲρ
1004 4124 1099 4178 τοῦ
1147 4123 1517 4197 ἀγαπωμένου
1574 4133 2002 4203 περτιθέμενον⁸

414 4207 576 4261 ἐστιν
603 4209 689 4263 ὅτε
719 4213 810 4264 καὶ
848 4217 979 4286 παρ’
1011 4217 1194 4283 ἀξίαν.
1227 4221 1456 4290 Προνοεῖ
1496 4223 1596 4294 μὲν
1641 4225 1750 4296 γάρ
1775 4243 1858 4289 τις
1909 4228 2003 4281 τοῦ

407 4299 787 4369 ἀγαπωμένου
819 4307 1147 4376 συμπαθῶς,
1183 4309 1326 4364 ὥστε
1375 4314 1538 4366 αὐτὸν
1590 4316 1728 4385 μήτε
1775 4318 2002 4383 ἀδικεῖν,

409 4390 562 4460 μήτε
608 4392 957 4450 ’ἀδικεῖσθαι’
1011 4400 1039 4452 ὀ
1077 4400 1134 4453 δὲ
1176 4403 1471 4473 ήδυπαθῶν
1505 4407 1847 4478 ἁμαρτάνει,
1909 4412 2004 4463 καὶ

400 4482 684 4538 ἀδικεῖται
740 4488 1083 4559 ἀσυμπαθῶς
1105 4510 1119 4523 ·
1158 4495 1299 4565 ὑπὲρ
1346 4495 1574 4568 δύναμιν
1608 4499 1686 4562 δὲ,
1722 4501 1782 4554 τὸ
1810 4519 2000 4572 προτι-

402 4572 570 4626 θέναι
617 4577 717 4648 τὴν
759 4579 898 4634 ίδίαν
931 4581 1110 4656 ψυχὴν
1162 4587 1302 4659 ὑπὲρ
1374 4591 1650 4661 σωτηρίαν
1693 4592 1786 4646 τοῦ
1842 4594 1998 4663 φίλου

404 4663 608 4757 aurati,
639 4668 759 4738 οὐχὶ
789 4669 845 4722 δὲ
871 4672 1007 4742 πρὸς
1047 4674 1326 4731 ἀπώλειαν
1350 4695 1363 4710 ·
1400 4680 1498 4733 οὐκ
1530 4681 1646 4736 ἐστι
1679 4683 1789 4754 γὰρ
1825 4685 1998 4757 ἁμαρ-

408 4752 666 4821 τήσαντα
712 4758 814 4830 τὴν
859 4759 1138 4833 ἁμαρτίαν
1175 4763 1488 4836 διαδρᾶναι,
1520 4770 1568 4822 εί
1605 4769 1680 4841 μὴ
1713 4752 1800 4826 διὰ
1836 4752 1999 4843 μετα-

411 4846 572 4908 νοίας
600 4850 991 4923 προσηκούσης
1021 4852 1099 4924 τῷ
1128 4855 1442 4928 σφάλματι..

680 5034 942 5102 Σχόλιον
975 5036 1280 5104 Θεοδώρου
1315 5039 1614 5110 Ἐδέσσης
1637 5044 1726 5109 β’.

489 5119 726 5191 Μακρὰν
751 5124 860 5177 ἀπὸ
881 5123 977 5177 σοῦ
997 5126 1058 5178 τὸ
1081 5125 1424 5200 πολύῤῥητον
1443 5130 1716 5186 ἁποδίωκε
1739 5135 1957 5207 πνεῦμα
1977 5152 1992 5169 ο

411 5213 478 5265 ἐν
507 5213 656 5285 αὐτῷ
670 5215 782 5286 γὰρ
799 5215 1075 5284 ἔγκεινται
1104 5219 1284 5274 πάντα
1303 5219 1374 5274 τὰ
1391 5221 1542 5277 δεινὰ
1571 5224 1742 5296 πάθη·
1770 5226 1922 5280 ἔνθεν
1937 5229 1997 5282 τὸ

413 5305 634 5374 ψεῦδος,
655 5309 868 5362 ἐκεῖθεν
889 5313 924 5381 ἡ
959 5313 1243 5384 παρῤησία
1263 5330 1278 5345 ο
1314 5314 1536 5370 ἄλλοθεν
1574 5318 1609 5388 ἡ
1639 5319 1992 5389 εὐτραπελία,

413 5391 445 5443 ό
477 5391 648 5480 γῗέλως
697 5395 984 5466 ἑτέρωθεν,
1011 5401 1044 5468 ἡ
1079 5399 1400 5465 καταλαλιὰ,
1443 5404 1476 5474 ὴ
1520 5404 1776 5478 λοιδορία,
1808 5411 1840 5480 ὴ
1875 5412 1995 5464 αίσ·

416 5479 642 5550 κρότης,
683 5482 717 5552 ή
775 5485 1110 5556 μωρολογία,
1155 5489 1252 5543 καὶ
1308 5489 1638 5558 συνελόντως
1694 5479 1885 5564 φάναι,
1935 5501 1996 5554 τὸ

415 5572 730 5643 εἰρημένον.
767 5571 895 5632 ὀτι
941 5579 1011 5634 ἐκ
1058 5583 1432 5653 πολυλογίας
1487 5587 1596 5640 οὐκ
1645 5587 1994 5658 ἐκφεύξεται

496 5749 542 5782 ⁸⁸
566 5749 715 5809 ΡειιΙ.
745 5770 818 5821 οι,
851 5763 911 5814 5.
1824 5820 1829 5827 _
1905 5817 1915 5824 _

1583 5860 1592 5866 .
1630 5837 1728 5878 τί]
1779 5859 1785 5866 .
1838 5835 1860 5868 ’ἶ

2181 3767 2297 3824 Hoc
2325 3769 2482 3824 multi
2512 3768 2744 3839 decepti,
2771 3778 2980 3823 temere
3000 3767 3536 3823 commiserationem
3566 3783 3692 3839 erga

2107 3861 2507 3932 delinquentes
2537 3862 2900 3916 adhibendam
2960 3870 3193 3931 putant;
3248 3861 3341 3929 qui
3395 3876 3502 3913 non
3565 3868 3694 3914 sunt

2107 3953 2383 4008 audiendi.
2422 3953 2582 4008 Aliud
2634 3955 2779 4008 enim
2836 3953 2924 4008 hic
2977 3969 3146 4023 genus
3193 3952 3692 4006 commiserationis

2106 4060 2229 4115 qua:
2259 4046 2402 4100 vires
2433 4053 2657 4115 superat
2684 4045 3115 4117 intelligendum.
3143 4045 3687 4099 Commiserationem

2105 4137 2250 4192 enim
2275 4136 2510 4193 dicimus
2539 4138 2741 4192 luctum
2775 4138 2972 4191 anima:
3003 4137 3249 4200 insitum,
3285 4146 3337 4190 et
3369 4151 3468 4206 pro
3493 4135 3690 4192 dilecto

2105 4231 2444 4296 expositum,
2498 4229 2661 4283 etiam
2710 4229 3037 4298 quandoque
3084 4235 3282 4297 praeter
3335 4229 3590 4282 meritum
3633 4239 3690 4283 et

2105 4319 2749 4392 dignitatem.,Prospieit
2792 4319 3026 4391 [cavet]
3059 4321 3203 4375 enim
3261 4321 3536 4391 quispiam
3612 4322 3686 4375 ilti

2034 4444 2076 4500 Β
2105 4427 2266 4482 quem
2305 4422 2454 4466 amat
2481 4430 2544 4467 ex
2581 4413 2808 4477 aﬂ‘ectu,
2849 4422 2906 4468 ut
2933 4414 3110 4483 ipsum
3142 4415 3233 4481 qui
3267 4422 3487 4483 peccat,
3511 4429 3689 4482 neque

2109 4504 2270 4559 laedat
2293 4544 2308 4567 ,
2343 4520 2522 4574 neque
2557 4506 2805 4560 laedatur.
2841 4505 2946 4559 Sed
2981 4505 3073 4575 qui
3105 4506 3475 4575 voluptatibus
3510 4507 3689 4560 indul-

2107 4611 2240 4666 gens
2285 4606 2514 4666 peccat,
2565 4597 2682 4653 sine
2726 4598 3204 4654 commiseratione
3235 4597 3470 4654 laeditur.
3510 4597 3694 4669 Supra.

2104 4690 2249 4744 vires
2278 4698 2458 4744 autem
2491 4693 2758 4746 humanas
2789 4700 2964 4757 amat,
3000 4691 3092 4760 qui
3127 4693 3371 4746 animam
3405 4707 3559 4747 suam
3593 4709 3688 4762 po-

2104 4780 2185 4834 nit
2209 4795 2308 4850 pro
2337 4782 2512 4836 salute
2535 4782 2694 4836 amici
2717 4783 2799 4836 sui
2821 4823 2835 4842 ,
2860 4798 2966 4835 non
2997 4782 3064 4836 ad
3099 4783 3243 4838 illius
3275 4783 3500 4837 exitium
3530 4801 3543 4849 ;
3581 4800 3687 4839 ue-

2104 4885 2212 4941 que
2234 4871 2377 4926 enim
2406 4873 2500 4942 qui
2520 4873 2808 4943 delinquit,
2831 4873 3090 4929 delictum
3126 4875 3343 4930 abolere
3366 4885 3560 4946 potest.
3582 4876 3684 4931 nisi

2104 4976 2200 5030 per
2242 4963 2617 5032 paenitentiam
2678 4979 2887 5034 aequam
2929 4980 3052 5034 qua:
3119 4965 3318 5020 delicto
3374 4967 3682 5036 respondet.

2443 5053 2695 5110 Scholion
2727 5054 2988 5109 Theodori
3024 5055 3282 5111 Edeuem‘
3308 5057 3362 5111 2.
3527 5058 3536 5065 ’

2177 5144 2374 5201 Procul
2411 5147 2510 5202 abs
2555 5156 2608 5201 te
2659 5148 2861 5217 repelle
2897 5149 3148 5218 spiritum
3201 5148 3585 5218 loquacitatis,
3629 5150 3681 5201 in

2106 5251 2217 5306 quo
2247 5239 2486 5294 resident
2524 5238 2707 5293 omnia
2732 5239 2932 5294 atrocia
2967 5256 3161 5312 genera
3191 5239 3443 5293 vitiorum
3493 5257 3506 5292 :
3557 5239 3680 5292 hinc

2102 5329 2447 5385 mendacium
2477 5371 2492 5397 ,
2537 5330 2663 5384 inde
2707 5331 2874 5386 nimia
2924 5333 3141 5388 licentia
3171 5373 3186 5395 .
3219 5331 3440 5385 aliunde
3477 5331 3676 5386 scurri-

2102 5419 2255 5484 litas,
2293 5419 2547 5490 utrinque
2589 5421 2762 5481 risus.
2795 5421 3153 5483 obtrectatio,
3197 5420 3538 5485 convicium,
3563 5433 3677 5476 tur-

2105 5508 2430 5579 piloquiutn,
2477 5510 2875 5580 stultiloquium
2903 5551 2917 5574 ,
2949 5521 3004 5566 et
3033 5521 3091 5566 ut
3118 5527 3226 5566 uno
3260 5510 3425 5565 verbo
3446 5510 3675 5578 complc-

2109 5607 2226 5654 ctar
2284 5600 2428 5672 quod
2485 5601 2687 5657 dictum
2737 5611 2819 5656 est
2862 5619 2872 5654 :
2918 5601 3178 5671 Quoniam
3229 5617 3291 5658 ex
3343 5601 3675 5672 madtiloqtu'o
