4110 6462
465 405 580 474 me

1499 407 1732 469 SCAIA
1761 406 2138 470 PARADISI’.
2171 433 2242 445 —-
2281 409 2590 472 GRADUS
2612 409 2748 471 VII.

3632 408 3741 471 8'26

466 526 724 594 ικαστηνι
739 519 958 594 ἡμέραν
1011 521 1108 578 καὶ
1162 521 1337 578 νύκτα
1368 522 1468 578 τοῦ
1517 526 1731 597 κριτοῦ,
1779 527 2010 596 λέγουσα
2033 546 2048 559 ·

2165 525 2334 595 iudice
2364 528 2602 596 vindice,
2630 524 2854 600 quando
2881 537 3097 596 semper
3126 525 3364 582 clamat:
3393 522 3622 581 Vindica
3656 543 3744 581 tm:

479 612 803 688 Ἐκδίκησόν
833 629 902 686 με
923 612 1033 669 ἀπὺ
1054 612 1152 668 τοῦ
1180 613 1455 670 ἀντιδίκου
1487 633 1612 688 μου.

959 707 1222 775 Σχόλιον
1249 708 1456 763 Ἰσαὰκ
1477 714 1566 777 ιη’.

534 795 815 854 Imbuat
827 796 1118 869 ἄνθρωπος
1145 799 1235 852 ὃτι
1253 794 1421 871 ἦλθεν
1447 803 1530 864 είς
1562 799 1665 872 τὴν
1695 800 2049 876 καθαρότητα

459 889 498 960 ἠ
532 887 734 959 καρδία
761 887 952 955 αὐτοῦ,
1005 889 1136 944 ὅταν
1184 891 1392 956 πάντας
1443 892 1646 956 καλοῢς
1694 892 1897 966 θεωρῇ,
1951 898 2048 949 καὶ

463 981 568 1052 οὐχ
618 980 816 1052 ὁρᾶται
861 997 948 1044 τις
991 979 1141 1052 αὐτῷ
1187 982 1566 1057 ἀκάθαρτοςῆ
1633 983 1893 1058 βέϐηλοςο
1924 987 2047 1040 τότε

466 1073 620 1129 ιστὶν
647 1071 867 1144 ἀληθῶς
887 1072 1130 1144 καθαρὸς
1153 1075 1220 1146 τῇ
1249 1074 1448 1147 καρδίᾳ
1470 1092 1486 1106 ·
1515 1075 1638 1142 πῶς
1659 1076 1768 1150 γὰρ
1807 1078 1915 1150 πλη
1925 1077 2050 1149 ροῦ-

465 1180 560 1217 ται
585 1163 790 1231 ὁλόγος
818 1162 915 1216 τοῦ
960 1165 1288 1218 Ἀποστόλου
1321 1167 1350 1220 ὸ
1391 1167 1638 1236 φάσκων.
1681 1169 2050 1241 ὑπερέχοντας

463 1253 650 1325 ιαυτῷ
707 1255 960 1323 ἡγεῖσθαι
1021 1256 1228 1320 πάντας
1281 1256 1342 1322 ἐξ
1400 1258 1726 1331 εἰλικρινοῦς
1795 1262 2047 1331 καρδίας,

463 1346 568 1400 MV
599 1345 673 1417 μή
702 1361 834 1414 φασι
861 1345 923 1397 τὸ
945 1345 1254 1418 εἰρημένον,
1287 1348 1370 1401 ὅτι
1400 1351 1435 1401 ὁ
1465 1349 1772 1419 ὀφθαλμὸς
1793 1352 2051 1420 καθαρὸς

463 1439 582 1493 οὐκ
613 1436 828 1506 ὄψεται
845 1437 1081 1505 πονηρά
1099 1453 1127 1503 ;;
2009 1450 2016 1457 ’

1063 1530 1324 1598 Σχόλιον
1353 1529 1438 1584 ιθί.

554 1618 619 1674 Ἦ
651 1620 967 1692 ἀδιάκριτος
1019 1620 1222 1691 θεωρία
1272 1621 1504 1685 πολλοὺς
1536 1620 1692 1694 φέρει
1735 1622 2049 1688 κινδύνουςσ

462 1711 569 1766 καὶ
596 1711 706 1784 γάρ
737 1714 818 1778 είς
843 1711 1075 1781 ἄγγελον
1100 1713 1280 1781 φωτὸς
1313 1714 1852 1784 μετασχηματίζεται
1879 1715 1908 1767 ὀ
1935 1714 2052 1769 διά-

469 1804 649 1869 ἇολος,
677 1805 772 1862 καὶ
790 1805 921 1868 τοὺς
949 1804 1020 1858 τὰ
1050 1804 1263 1858 ἑαυτῶν
1290 1805 1668 1877 ἀγνοήσαντας
1694 1807 1888 1879 μέτρα,
1924 1807 2068 1861 πολ--

2153 620 2226 676 ab
2252 619 2570 676 adversario
2603 632 2750 674 meo.

2642 705 2894 765 Scholion
2932 706 3116 763 Isaaci
3159 707 3251 764 l8.

2215 797 2358 854 Tum
2392 797 2561 855 sentit
2593 801 2783 865 homo,
2830 799 2978 870 quod
3009 813 3167 854 mens
3215 795 3391 868 ipsius
3419 794 3741 853 munditiem

2150 888 2321 944 animi
2366 897 2616 945 assecuta
2648 889 2741 954 sit,
2797 888 3020 960 quando
3053 902 3248 943 omnes
3277 887 3538 942 mortales
3566 886 3744 942 bonos

2150 985 2452 1051 existimat,
2497 1000 2600 1041 nec
2628 985 2772 1042 ullus
2810 986 2888 1041 illi
2941 985 3198 1057 impurus
3229 994 3324 1041 aut
3361 983 3628 1056 profanus
3657 985 3745 1038 vi-

2152 1077 2346 1133 detur:
2377 1087 2506 1132 tunc
2530 1077 2676 1132 enim
2701 1092 2830 1132 vere
2852 1079 3090 1133 mundus
3106 1087 3188 1133 est
3214 1077 3402 1133 corde.
3442 1077 3736 1144 Quomodo

2151 1167 2300 1223 enim
2331 1166 2466 1221 illud
2497 1165 2746 1238 Apostoli
2806 1167 3089 1222 oraculum
3140 1167 3472 1237 implebitur,
3506 1165 3746 1238 quando

2151 1257 2287 1312 dicit
2317 1276 2330 1312 :
2372 1256 2564 1314 Omnes
2613 1257 2732 1313 sibi
2762 1259 3057 1328 superiores
3089 1259 3308 1312 inuicem
3342 1259 3407 1314 in.
3437 1257 3747 1311 humilitate

2151 1350 2477 1432 arbitrantes
2500 1349 2567 1416 ",
2619 1349 2664 1406 si
2717 1365 2824 1405 non
2885 1359 2940 1406 et
2987 1351 3118 1405 illud
3154 1351 3360 1405 dictum
3395 1350 3750 1407 attendatur:

2154 1443 2301 1514 quod
2331 1441 2527 1497 oculus.
2548 1459 2710 1508 purus
2743 1442 2877 1497 nihil
2902 1442 3032 1496 mali
3056 1443 3275 1512 aspiciet
3316 1442 3385 1496 “.

2766 1533 3018 1589 Scholion
3060 1534 3148 1588 l9.

2224 1625 2538 1697 lmportuna
2573 1641 2668 1681 seu
2697 1625 2999 1682 indiscreta
3023 1622 3414 1693 contemplatio
3441 1622 3612 1677 multa
3645 1638 3745 1692 pa-

2155 1718 2229 1773 rit
2254 1718 2498 1788 pericula
2529 1738 2543 1774 :
2573 1719 2827 1774 diabolus
2862 1717 3008 1772 enim
3066 1714 3424 1772 transformat
3465 1730 3526 1769 se
3553 1715 3606 1769 in
3647 1728 3748 1768 an-

2160 1809 2339 1879 gelum
2378 1807 2539 1874 iucis,
2576 1817 2631 1863 et
2651 1823 2746 1862 eos
2788 1807 2892 1877 qui‘
2942 1807 3161 1861 modum
3198 1815 3255 1861 et
3280 1820 3595 1860 mensuram
3633 1820 3746 1859 sua:

465 1868 866 1969 λάκιςάπατᾷο
897 1897 981 1951 διὸ
1000 1896 1104 1950 καί·
1132 1913 1218 1960 τις
1253 1868 1461 1968 γέρων.
1494 1868 1707 1966 (male:
1951 1898 2060 1952 τὸν

2165 1868 2420 1956 nesciunt
2458 1868 2866 1961 imbecillitatis,
2906 1913 3050 1968 saepe
3101 1896 3259 1951 fallit.
3295 1896 3435 1952 Hinc
3466 1897 3533 1950 de
3569 1895 3749 1951 senio-

472 1989 736 2058 Χριστὸν
755 1987 1021 2044 ἐνταῦθα
1047 1987 1290 2042 ἰδεῖν·οὐ
1317 1986 1489 2043 θέλω.

1075 2165 1332 2232 Σκόλιον
1368 2169 1440 2220 ad.

557 2251 783 2324 Μητέρα
803 2252 858 2306 δὲ
886 2255 992 2307 νόει
1018 2254 1120 2326 τὴν
1154 2255 1471 2327 ἀγαθότητα
1501 2255 1638 2310 Θεοῦ
1668 2256 2062 2328 τὴνεέλλαμψιν

475 2342 562 2414 (α)
588 2343 687 2415 τὴν
708 2343 939 2416 θεωρίαν
959 2362 974 2377 ·
1005 2347 1200 2416 νήπιον
1244 2347 1302 2401 δὲ
1330 2346 1428 2411 τάς
1474 2347 1696 2413 ἐλπίδας
1751 2349 2060 2420 προσευχὴν

467 2432 761 2504 καθαρμὸν
790 2433 1026 2505 μοναχοῦ
1056 2435 1152 2506 (b).
1193 2435 1488 2491 Ἐνὼδυνον
1513 2437 1571 2492 δὲ
1611 2438 1937 2509 ἐπιζήτησιν
1962 2438 2061 2509 τὴν

469 2524 627 2596 μετὰ·
639 2526 802 2580 πόνου
838 2526 1174 2599 τελουμένην
1224 2527 1392 2600 εὐχὴν
1453 2529 1606 2600 παρά
1664 2529 1760 2584 τοῦ
1810 2529 2058 2584 τοιούτου

463 2616 695 2686 νηπίου,
725 2616 920 2688 τέρψιν
940 2617 1042 2689 τῆς
1070 2619 1190 2690 είρη
1201 2619 1371 2691 μένης
1426 2620 1634 2691 μητρῂς
1693 2620 1794 2693 τὴν
1820 2620 2058 2692 ἔμμονον

462 2706 572 2765 τοῦ
596 2708 807 2781 νηπίου.
827 2708 1084 2780 ζήτησιν,
1125 2711 1297 2781 ἤγουν
1354 2712 1454 2783 τὴν
1510 2711 1702 2784 δέησιν
1731 2711 1833 2783 τῆς
1879 2713 2062 2783 ίκετηο

467 2800 622 2872 ρίας.

1044 2898 1305 2966 Σχόλιον
1346 2904 1453 2953 κα⁹.

548 2987 770 3051 Δίκαιος
800 2987 1009 3061 Κύριος
1025 2989 1252 3055 δικαίως
1289 2990 1506 3061 ἑκάστῳ
1533 2991 1634 3061 τὴν
1663 2989 1915 3062 βοήθειαν
1939 2994 2061 3046 ἐπι-

465 3079 652 3152 νέμει,
678 3079 763 3152 τῷ
785 3098 847 3136 τε
875 3081 1204 3154 ⁴ίῑσυχάιῖοντι
1245 3083 1514 3154 νομίμως,
1539 3084 1632 3138 καλ⁵
1661 3084 1736 3147 ὥς
1755 3083 1834 3137 δεῖ
1857 3084 2063 3157 ἠσυχά-

2162 1993 2319 2048 ribus
2345 1991 2565 2062 quidam
2601 1991 2771 2047 dixit:
2798 1989 2912 2061 Ego
2957 1988 3232 2045 Christum
3281 1989 3335 2041 in
3365 1987 3466 2042 hac
3481 1987 3600 2066 yita
3642 2002 3757 2040 non:

2162 2084 2314 2154 cupio
2340 2082 2531 2138 videre.

2765 2173 3010 2229 Scholion
3048 2173 3140 2229 20.

2235 2266 2460 2321 Matrem
2517 2265 2755 2336 intellige
2812 2265 2904 2320 Dei
2936 2266 3256 2331 bonitatem,
3318 2263 3754 2319 illustrationem

2163 2369 2218 2416 et
2276 2357 2832 2428 contemplationem;
2882 2356 3170 2427 parvulum
3227 2364 3409 2410 autem
3486 2353 3744 2409 infantem

2163 2467 2314 2521 spem
2369 2460 2425 2505 et
2473 2449 2742 2504 orationis
2793 2446 3114 2503 munditiem
3171 2433 3472 2512 monacho;
3527 2445 3758 2500 anxiam-

2163 2551 2344 2598 autcm
2383 2543 2878 2612 investigationem,
2910 2541 3095 2610 accipe
3121 2555 3308 2611 preces
3339 2555 3462 2595 cum
3500 2538 3684 2593 labore
3716 2553 3745 2591 a

2165 2635 2257 2690 tali
2331 2635 2537 2690 infante
2580 2634 2763 2705 peragi
2817 2633 3053 2687 solitas:
3088 2633 3513 2687 delectationem
3565 2641 3747 2685 autem

2164 2725 2357 2781 matris
2384 2723 2655 2793 ejusmodi
2684 2722 3206 2793 perseverantem-in
3251 2720 3482 2790 parvulo
3514 2719 3752 2788 inquisi-

2165 2817 2390 2880 tionem,
2416 2815 2522 2871 hoc
2554 2824 2662 2879 est,
2688 2814 2988 2884 supplicem
3024 2811 3422 2881 precationem.

2757 2903 3007 2960 Scholion
3047 2903 3140 2959 21..

2233 2995 2423 3053 Justus
2478 2995 2746 3053 Dominus
2778 3011 2932 3064 atque
2970 2996 3205 3066 singulis
3249 2993 3536 3051 auxillium
3592 2991 3766 3061 189

2166 3091 2501 3164 impertitur;
2534 3088 2780 3145 solitario
2818 3096 2879 3144 ut
2904 3088 3062 3144 decet
3101 3098 3156 3143 et
3207 3095 3273 3142 ut
3314 3094 3531 3156 Oportet
3559 3084 3760 3140 solita-

466 3174 612 3241 ζειν,
641 3175 735 3230 καὶ
777 3174 858 3247 τῷ
891 3175 1142 3245 νομίμως
1170 3175 1620 3247 ὕποτασσομένῳ.
1683 3176 1846 3245 Λέγει
1892 3173 1986 3230 οὖν
2032 3178 2061 3230 ὁ

2167 3175 2311 3230 ri'um
2336 3189 2515 3244 agere,
2542 3183 2598 3259 et
2626 3173 2702 3228 illi
2730 3173 2825 3244 qui
2865 3173 3020 3228 alteri
3057 3172 3136 3244 (in
3171 3171 3446 3240 coenobio)
3512 3169 3756 3240 legitime

465 3266 682 3340 πατὴρ,
719 3267 802 3321 δτι
834 3268 864 3321 ὁ
890 3267 1152 3340 ἑκάτερον
1172 3267 1281 3320 τῶν
1294 3267 1512 3339 τρόπων
1543 3267 1736 3332 ποιῶν,
1761 3267 2063 3332 τουτέστιν,
2110 3308 2112 3310 τ

463 3356 586 3411 εἴτε
613 3357 717 3427 τὴν
742 3358 982 3430 ἡσυχίαν
1011 3358 1360 3430 μετέρχεται,
1385 3358 1495 3412 εἴτε
1522 3359 1622 3430 τὴν
1652 3359 1951 3431 ὑποταγὴν,
1969 3358 2066 3412 ἐὰν

471 3450 580 3520 μὴ,
597 3449 673 3514 ὥς
693 3451 794 3513 δεῖ,
812 3451 986 3504 ταῦτα
1005 3451 1133 3520 μετέ
1140 3468 1394 3525 ρχωνται,
1417 3449 1826 3521 ἀπηλλαγμένοι
1846 3449 1952 3504 εἰσὶ
1970 3448 2065 3504 τοῦ

473 3541 850 3612 πνευματικοῦ
871 3541 1122 3608 πένθους,
1143 3543 1314 3614 ἡγουν
1335 3542 1434 3614 τῆς
1457 3540 1803 3607 κατανύξεως
1817 3555 1833 3572 ³
1857 3542 1951 3597 καὶ
1976 3541 2066 3596 διὰ

469 3632 634 3686 τοῦτο
657 3630 870 3702 θρήνων
887 3631 1221 3701 εἶσὶ-πολλῶν
1241 3632 1402 3699 ἄξιοιο
1429 3632 1490 3686 τὸ
1505 3631 1614 3705 γὰρ
1638 3633 1736 3686 οὐκ
1755 3631 2068 3698 ἀνόθευτον,

469 3724 717 3794 δηλονότι
741 3723 931 3787 κακῶς
955 3723 1300 3792 γίνεται.Καὶ
1331 3727 1405 3795 μή
1429 3741 1490 3777 σε
1514 3723 1723 3786 πλανῶ,
1741 3718 1785 3777 ὧ
1801 3725 2066 3795 ἀκροατὼ

475 3817 541 3871 te
568 3816 913 3888 ἀπηλλάχθαι
943 3814 1038 3869 τοῦ
1066 3814 1317 3881 πένθους,
1345 3817 1440 3869 ἐπὶ
1465 3816 1618 3888 καλῷ
1637 3815 1930 3870 τεθεῖσθαι·
1950 3817 2072 3869 ἐπεὶ

479 3907 591 3980 γάρ
609 3908 750 3970 ἀπας
769 3907 955 3978 σχεδὸν
975 3906 1130 3976 λόγος
1151 3907 1279 3978 περὶ
1295 3907 1525 3972 πένθους
1541 3906 1776 3980 εἴρηται,
1803 3907 1898 3961 ἐὰν
1910 3908 2072 3977 ἡμεῖς

484 3995 787 4068 δεχώμεθα,
829 3997 892 4051 τὸ
935 3997 1284 4069 ἀπηλλάχθαι
1327 3996 1445 4070 [τοῦ
1499 3996 1776 4070 πένθους],
1805 3998 1898 4051 τὸν
1935 3999 2072 4068 ἡσυ-

483 4087 719 4158 χαστὴν,
755 4086 788 4158 ἢ
818 4088 906 4142 τὸν
957 4088 1325 4142 δποτακτικδν
1369 4087 1463 4141 τοῦ
1496 4088 1748 4152 πένθους,
1781 4087 1886 4153 ἔξω
1937 4088 2065 4158 τρέ-

479 4195 656 4251 χομεν
690 4178 786 4232 τοῦ
814 4179 1080 4252 πατρικοῦ
1108 4179 1334 4244 σκοποῦ,
1359 4180 1454 4234 καὶ
1510 4179 1628 4251 οὐχ,
1673 4180 1750 4244 ὡς
1781 4181 1883 4245 δεῖ,
1917 4179 2068 4233 νοοῦ-

476 4291 586 4344 μεν
607 4289 624 4306 υ
649 4273 741 4327 καὶ
767 4271 858 4326 διὰ
893 4273 1052 4327 τοῦτο
1079 4273 1432 4345 προσεκτέον.

2170 3275 2341 3339 paret.
2377 3265 2516 3320 Dicit
2542 3254 2674 3336 ergo
2725 3273 2899 3334 pater,
2931 3263 3076 3334 quod
3121 3263 3437 3318 alterutram
3467 3263 3633 3316 vitam
3660 3274 3750 3315 se-

2172 3369 2354 3424 cutus,
2413 3357 2517 3412 hoc
2566 3365 2670 3420 est,
2707 3357 2820 3411 sive
2852 3356 3157 3412 solitariam
3193 3355 3602 3419 sectetur,.sive
3629 3354 3760 3406 obc-

2173 3451 2391 3506 dientiaa
2413 3463 2473 3504 se
2501 3447 2778 3515 subjiciat,
2820 3447 2866 3503 si
2923 3463 3031 3500 non
3064 3455 3248 3516 utpar
3272 3455 3377 3511 est,
3415 3459 3576 3499 suum
3610 3453 3758 3498 uter-

2172 3557 2280 3614 que
2308 3550 2507 3595 statum
2531 3541 2694 3604 colat,
2728 3541 2888 3610 eique
2921 3541 3313 3594 convenienter
3357 3539 3521 3603 vivat,
3570 3537 3756 3606 repul-

2170 3649 2265 3689 sus
2302 3633 2374 3689 sit
2410 3649 2453 3687 a-
2477 3631 2795 3703 spi‘rirituali
2839 3631 2988 3686 luctu
3022 3641 3076 3687 et
3115 3630 3557 3701 campum-tione,
3589 3635 3756 3694 atque

2171 3728 2273 3782 hos
2297 3727 2484 3782 multis
2516 3726 2773 3797 lacrymis
2819 3725 3209 3795 deplorandos.
3269 3723 3423 3789 Quod
3457 3721 3600 3776 enim
3640 3721 3757 3774 sin-

2173 3827 2360 3868 cerum
2393 3826 2502 3866 non
2529 3821 2614 3866 est
2654 3810 2773 3865 sine
2826 3809 3198 3867 controversia
3245 3806 3488 3877 spurium
3513 3813 3616 3866 est,
3642 3805 3758 3858 sive

2173 3903 2393 3974 quando
2425 3901 2628 3971 aliquid
2663 3917 2772 3955 non
2830 3900 2891 3954 lit
2921 3911 2978 3953 ut
3001 3901 3116 3955 lieri
3163 3906 3395 3967 oportet,
3432 3895 3638 3949 clarum
3673 3903 3759 3948 est

2175 3994 2309 4049 illud
2357 3993 2495 4047 male
2529 3992 2665 4047 ﬁeri.
2702 3991 2813 4046 Nec
2846 3991 2974 4046 fallo
3027 3999 3097 4054 te,
3134 3991 3379 4053 auditor,
3420 3987 3550 4040 illud
3585 3985 3757 4038 desu-

2173 4095 2353 4141 tutum
2375 4100 2496 4140 esse
2525 4100 2555 4138 a
2590 4085 2740 4138 luctu
2773 4084 2826 4136 in
2874 4083 3072 4136 bonam
3124 4091 3334 4152 partem
3387 4090 3668 4148 acceptum
3702 4085 3758 4128 et

2172 4179 2412 4248 positum
2444 4191 2564 4230 esse
2595 4193 2608 4232 :
2647 4192 2773 4230 nam
2809 4191 2932 4230 cum
2963 4176 3145 4228 omnis
3181 4172 3293 4226 iere
3323 4170 3497 4224 oratio
3539 4169 3617 4238 (in
3649 4167 3756 4220 hoc

2173 4269 2409 4339 septimo
2439 4267 2630 4338 gradu)
2667 4267 2734 4321 de
2757 4268 2906 4322 luctu
2945 4267 3036 4329 sit,
3079 4266 3125 4320 si
3183 4279 3283 4320 nos
3331 4261 3465 4316 illud
3519 4258 3756 4314 solutum

471 4380 576 4421 seu
614 4365 928 4420 destitutum
956 4369 1339 4430 essealuctu,
1405 4365 1474 4420 ad
1537 4364 1843 4419 solitarium
1879 4365 1977 4418 vel'
2029 4361 2375 4418 obedientem
2435 4359 2903 4424 transtulerimus,
2966 4367 3119 4410 extra
3175 4354 3512 4427 propositum
3553 4367 3584 4406 a
3646 4350 3758 4407 (Ili-

469 4473 639 4515 maco
669 4473 901 4530 scopum
934 4473 1331 4525 excurremus;
1366 4471 1469 4514 nec
1501 4467 1562 4514 ut
1590 4468 1807 4529 oportet
1837 4473 1954 4514 rem
1985 4454 2390 4525 intelligemus:
2423 4451 2654 4523 proinde
2691 4451 3079 4506 attendendum
3117 4458 3220 4503 est.

1082 4555 1344 4623 Σχόλιον
1358 4553 1462 4607 κδ’.

554 4643 676 4709 τοῖς
697 4648 756 4700 έν
791 4644 870 4716 τῷ
897 4643 1462 4717 πένθειοᾶσπλαγχνον
1494 4645 1586 4699 τὸν
1624 4645 1757 4699 Θεὸν
1785 4646 1850 4698 οί
1869 4643 2062 4714 δαίμο-

467 4754 574 4802 νες
616 4737 960 4792 ὑποτίθενται
1022 4738 1159 4814 πρὸς
1210 4738 1524 4807 ἀπόγνωσιν
1563 4739 1693 4803 τοὺς
1733 4737 2064 4802 πενθοῦντας

467 4827 835 4881 κατασπᾶσαι
900 4827 1241 4898 βουλόμενοι’
1298 4827 1408 4898 πρδ
1457 4828 1516 4882 δὲ
1574 4827 1682 4882 τῶν
1747 4828 2062 4899 πτωμάτων

464 4918 855 4992 εΰσπλαγχνον
882 4920 1044 4975 αὐτὸν
1078 4909 1381 4975 δεικνύουσι
1413 4921 1658 4986 πιθανοῖς
1690 4919 2063 4997 ἐπιτηδεύμα-

465 5031 588 5078 στν,
611 5013 760 5078 ὅπως
792 5012 932 5089 πρὸς
964 5013 1237 5086 ἁμαρτίας
1269 5015 1816 5087 κατακρημνίσωσιν.

1041 5191 1233 5245 Ἀλπο
1275 5188 1506 5246 Ἰσαάκ.

477 5283 675 5356 ’ἱκανὴ
717 5286 749 5358 ἡ
791 5283 940 5357 λύπη
988 5287 1088 5358 τῆς
1129 5285 1374 5349 διανοίας
1412 5285 1537 5340 ἀντὶ
1587 5285 1769 5359 πάσης
1797 5284 2064 5358 ἐργασίας

469 5380 824 5452 σωματικῆς·
852 5381 884 5435 ὁ
926 5379 1038 5452 γὰρ
1089 5380 1246 5449 ἅγιος
1296 5377 1596 5451 Γρηγόριος
1636 5377 1824 5448 λέγει’
1869 5396 1888 5430 ι
1917 5376 2065 5440 Ναδς

553 5581 860 5656 “Philipp.
889 5598 950 5649 ιι,
982 5583 1036 5638 5.
1116 5585 1160 5618 ³⁸
1198 5583 1308 5641 T-it.
1346 5584 1497 5650 1,15.

553 5742 634 5816 (ιτ)
657 5743 750 5816 §ic
779 5743 977 5816 legitur
1001 5746 1055 5800 in
1087 5747 1197 5802 Elia
1226 5745 1493 5816 Cretensi.

556 5814 630 5888 (ir)
658 5814 803 5872 Elias
823 5814 1042 5880 melius,
1087 5817 1178 5871 τὸν
1227 5816 1305 5870 ἔτι
1340 5815 1503 5887 ἀτελῆ
1568 5814 1702 5885 πρὸς
1759 5814 2066 5887 προσευχὴν

2771 4544 3019 4602 Scholion
3057 4543 3147 4597 22.
3358 4602 3379 4616 ,

2243 4639 2340 4696 His
2401 4639 2495 4708 qui
2537 4639 2692 4708 (post
2735 4643 3107 4706 perpetratum
3170 4633 3479 4703 peccatum)
3511 4632 3563 4686 in
3606 4631 3756 4688 luctu

2171 4740 2484 4798 versantur,
2531 4731 2806 4785 daemones
2863 4729 3035 4783 Deum
3068 4726 3332 4780 immitem
3364 4734 3418 4779 et
3445 4724 3756 4779 inexorabi-

2169 4815 2276 4872 lem
2329 4815 2647 4887 subjiciunt,
2686 4822 2747 4868 ut
2775 4829 2872 4870 eos
2919 4814 2985 4868 ad
3036 4813 3475 4883 desperationem
3511 4812 3754 4881 adigant.

2170 4911 2312 4966 Ante
2355 4907 2553 4965 delicta
2596 4906 3007 4963 misericordem
3044 4915 3100 4960 et
3132 4907 3462 4962 clementem
3494 4903 3753 4976 probabi—

2169 5003 2314 5058 libus
2357 5001 2696 5072 argumentis
2723 4999 3041 5064 ostend'unt,
3068 5007 3129 5055 ut
3157 4997 3280 5054 illos
3303 4998 3364 5054 in
3378 5005 3597 5069 peccata
3619 5011 3758 5066 pra:-

2169 5100 2416 5171 cipitent.

2718 5186 2969 5244 Scholion
3010 5183 3212 5241 Isaaci.

2241 5281 2489 5338 Tristitia
2514 5279 2716 5342 mentis
2753 5289 2958 5335 nostrae
2985 5278 3192 5350 gratior
3213 5285 3294 5332 est
3314 5274 3424 5329 Deo
3448 5273 3601 5330 omni
3627 5289 3768 5331 cor--

2169 5375 2321 5446 poris
2351 5374 2612 5431 actione:
2654 5379 2883 5429 sanctus
2924 5371 3073 5428 enim
3122 5368 3439 5440 Gregorius,
3488 5366 3584 5438 qui
3623 5382 3757 5424 cum

2179 5741 2443 5814 καθαρᾲν.
2480 5740 2751 5814 Infantem
2789 5747 2961 5814 autem
2995 5732 3618 5814 intellige‘imperfeclum
3655 5731 3768 5786 ad-

2173 5814 2272 5868 huc
2309 5804 2379 5868 (id
2406 5804 2664 5868 orationis
2698 5809 3003 5866 munditiem
3035 5804 3373 5861 monochunt.
