  <div class='ocr_page' id='page_1' title='image "/cluster/home/n/w/nwhite01/storage/ocr_20150623/88/coo.31924054869924/438.png"; bbox 0 0 4110 6438; ppageno 0'>
   <div class='ocr_carea' id='block_1_1' title="bbox 347 356 479 425">
    <p class='ocr_par' dir='ltr' id='par_1_1' title="bbox 347 356 479 425">
     <span class='ocr_line' id='line_1_1' title="bbox 347 356 479 425; baseline 0 0"><span class='ocrx_word' id='word_1_1' title='bbox 347 356 479 425; x_wconf 65' lang='grc'><strong>’833</strong></span> 
     </span>
    </p>
   </div>
   <div class='ocr_carea' id='block_1_2' title="bbox 1338 355 2611 422">
    <p class='ocr_par' dir='ltr' id='par_1_2' title="bbox 1338 355 2611 422">
     <span class='ocr_line' id='line_1_2' title="bbox 1338 355 2611 422; baseline -0.002 -2"><span class='ocrx_word' id='word_1_2' title='bbox 1338 362 1566 421; x_wconf 72' lang='lat' dir='ltr'><strong>SCALA</strong></span> <span class='ocrx_word' id='word_1_3' title='bbox 1601 355 1978 420; x_wconf 74' lang='lat' dir='ltr'><strong>PARADISI.</strong></span> <span class='ocrx_word' id='word_1_4' title='bbox 2006 383 2074 392; x_wconf 90' lang='lat'><em>-</em></span> <span class='ocrx_word' id='word_1_5' title='bbox 2111 355 2416 420; x_wconf 79' lang='lat' dir='ltr'><strong>GRADUS</strong></span> <span class='ocrx_word' id='word_1_6' title='bbox 2449 357 2611 422; x_wconf 75' lang='lat' dir='ltr'><strong>VIII.</strong></span> 
     </span>
    </p>
   </div>
   <div class='ocr_carea' id='block_1_3' title="bbox 3525 364 3632 432">
    <p class='ocr_par' dir='ltr' id='par_1_3' title="bbox 3525 364 3632 432">
     <span class='ocr_line' id='line_1_3' title="bbox 3525 364 3632 432; baseline 0 0"><span class='ocrx_word' id='word_1_7' title='bbox 3525 364 3632 432; x_wconf 64' lang='lat' dir='ltr'><strong>85M</strong></span> 
     </span>
    </p>
   </div>
   <div class='ocr_carea' id='block_1_4' title="bbox 356 469 1955 545">
    <p class='ocr_par' dir='ltr' id='par_1_4' title="bbox 356 469 1943 542">
     <span class='ocr_line' id='line_1_4' title="bbox 356 469 1943 542; baseline -0.003 -18"><span class='ocrx_word' id='word_1_8' title='bbox 356 473 396 524; x_wconf 80' lang='grc' dir='ltr'>ὀ</span> <span class='ocrx_word' id='word_1_9' title='bbox 423 469 712 542; x_wconf 82' lang='grc' dir='ltr'>πρότερος,</span> <span class='ocrx_word' id='word_1_10' title='bbox 749 469 960 542; x_wconf 68' lang='grc' dir='ltr'>ἔρρωσο</span> <span class='ocrx_word' id='word_1_11' title='bbox 987 469 1014 521; x_wconf 74' lang='grc' dir='ltr'>ὁ</span> <span class='ocrx_word' id='word_1_12' title='bbox 1051 469 1322 541; x_wconf 79' lang='grc' dir='ltr'>δεύτερος,</span> <span class='ocrx_word' id='word_1_13' title='bbox 1362 472 1628 542; x_wconf 84' lang='grc' dir='ltr'>μακάριος</span> <span class='ocrx_word' id='word_1_14' title='bbox 1666 471 1722 522; x_wconf 80' lang='grc' dir='ltr'>ἐν</span> <span class='ocrx_word' id='word_1_15' title='bbox 1754 471 1943 539; x_wconf 81' lang='grc' dir='ltr'>Κυρίῳ</span> 
     </span>
    </p>
   </div>
   <div class='ocr_carea' id='block_1_5' title="bbox 2058 469 3631 545">
    <p class='ocr_par' dir='ltr' id='par_1_5' title="bbox 2058 469 3631 545">
     <span class='ocr_line' id='line_1_5' title="bbox 2058 469 3631 545; baseline 0.006 -23"><span class='ocrx_word' id='word_1_16' title='bbox 2058 469 2326 537; x_wconf 74' lang='lat' dir='ltr'><strong>adjutante</strong></span> <span class='ocrx_word' id='word_1_17' title='bbox 2358 472 2677 539; x_wconf 87' lang='lat' dir='ltr'><strong>perturbare</strong></span> <span class='ocrx_word' id='word_1_18' title='bbox 2726 481 2926 540; x_wconf 90' lang='lat' dir='ltr'><strong>potest,</strong></span> <span class='ocrx_word' id='word_1_19' title='bbox 2981 487 3080 526; x_wconf 85' lang='lat' dir='ltr'><strong>cur</strong></span> <span class='ocrx_word' id='word_1_20' title='bbox 3133 487 3240 528; x_wconf 88' lang='lat' dir='ltr'><strong>non</strong></span> <span class='ocrx_word' id='word_1_21' title='bbox 3280 475 3452 545; x_wconf 86' lang='lat' dir='ltr'><strong>possit</strong></span> <span class='ocrx_word' id='word_1_22' title='bbox 3487 493 3631 531; x_wconf 72' lang='lat' dir='ltr'><strong>unus</strong></span> 
     </span>
    </p>
   </div>
   <div class='ocr_carea' id='block_1_6' title="bbox 359 559 1952 632">
    <p class='ocr_par' dir='ltr' id='par_1_6' title="bbox 359 559 1952 632">
     <span class='ocr_line' id='line_1_6' title="bbox 359 559 1952 632; baseline -0.002 -19"><span class='ocrx_word' id='word_1_23' title='bbox 359 562 461 614; x_wconf 67' lang='grc' dir='ltr'>καὶ</span> <span class='ocrx_word' id='word_1_24' title='bbox 503 559 750 628; x_wconf 87' lang='grc' dir='ltr'>ἀγαλλιῶ</span> <span class='ocrx_word' id='word_1_25' title='bbox 773 561 801 612; x_wconf 87' lang='grc' dir='ltr'><strong>ὁ</strong></span> <span class='ocrx_word' id='word_1_26' title='bbox 829 560 1012 630; x_wconf 83' lang='grc' dir='ltr'><strong>τρίτος</strong></span> <span class='ocrx_word' id='word_1_27' title='bbox 1051 577 1064 588; x_wconf 90' lang='grc'>·</span> <span class='ocrx_word' id='word_1_28' title='bbox 1100 559 1330 613; x_wconf 77' lang='grc' dir='ltr'>ἐλεεινὸν</span> <span class='ocrx_word' id='word_1_29' title='bbox 1360 560 1473 632; x_wconf 80' lang='lat' dir='ltr'><strong>(l2)</strong></span> <span class='ocrx_word' id='word_1_30' title='bbox 1516 560 1952 630; x_wconf 81' lang='grc' dir='ltr'>ὲπεσημηνάμην</span> 
     </span>
    </p>
   </div>
   <div class='ocr_carea' id='block_1_7' title="bbox 359 647 1954 720">
    <p class='ocr_par' dir='ltr' id='par_1_7' title="bbox 359 647 1954 720">
     <span class='ocr_line' id='line_1_7' title="bbox 359 647 1954 720; baseline -0.002 -16"><span class='ocrx_word' id='word_1_31' title='bbox 359 651 431 704; x_wconf 71' lang='grc' dir='ltr'>ἐν</span> <span class='ocrx_word' id='word_1_32' title='bbox 474 650 713 719; x_wconf 86' lang='grc' dir='ltr'>όργίλοις</span> <span class='ocrx_word' id='word_1_33' title='bbox 767 647 966 717; x_wconf 86' lang='grc' dir='ltr'>θέαμα,</span> <span class='ocrx_word' id='word_1_34' title='bbox 1010 649 1069 713; x_wconf 78' lang='grc' dir='ltr'>ἐξ</span> <span class='ocrx_word' id='word_1_35' title='bbox 1128 651 1360 720; x_wconf 84' lang='grc' dir='ltr'><strong>οἰήσεως</strong></span> <span class='ocrx_word' id='word_1_36' title='bbox 1406 649 1708 719; x_wconf 77' lang='grc' dir='ltr'><strong>λεληθότως</strong></span> <span class='ocrx_word' id='word_1_37' title='bbox 1770 649 1954 711; x_wconf 81' lang='grc' dir='ltr'>αὐτοῖς</span> 
     </span>
    </p>
   </div>
   <div class='ocr_carea' id='block_1_8' title="bbox 359 737 1954 814">
    <p class='ocr_par' dir='ltr' id='par_1_8' title="bbox 359 737 1954 814">
     <span class='ocr_line' id='line_1_8' title="bbox 359 737 1954 814; baseline -0.002 -19"><span class='ocrx_word' id='word_1_38' title='bbox 359 741 694 811; x_wconf 77' lang='grc' dir='ltr'>συμϐαῖνον,</span> <span class='ocrx_word' id='word_1_39' title='bbox 744 738 1089 810; x_wconf 77' lang='grc' dir='ltr'><strong>ὀργιζόμενοι</strong></span> <span class='ocrx_word' id='word_1_40' title='bbox 1137 741 1245 810; x_wconf 68' lang='grc' dir='ltr'><strong>γὰρ</strong></span> <span class='ocrx_word' id='word_1_41' title='bbox 1284 741 1376 794; x_wconf 85' lang='grc' dir='ltr'><strong>διά</strong></span> <span class='ocrx_word' id='word_1_42' title='bbox 1423 740 1522 812; x_wconf 82' lang='grc' dir='ltr'>τὴν</span> <span class='ocrx_word' id='word_1_43' title='bbox 1551 737 1741 814; x_wconf 79' lang='grc' dir='ltr'>ἧτταν,</span> <span class='ocrx_word' id='word_1_44' title='bbox 1793 741 1954 793; x_wconf 82' lang='grc' dir='ltr'>πάλιν</span> 
     </span>
    </p>
   </div>
   <div class='ocr_carea' id='block_1_9' title="bbox 355 830 1953 903">
    <p class='ocr_par' dir='ltr' id='par_1_9' title="bbox 355 830 1953 903">
     <span class='ocr_line' id='line_1_9' title="bbox 355 830 1953 903; baseline -0.001 -17"><span class='ocrx_word' id='word_1_45' title='bbox 355 833 672 903; x_wconf 79' lang='grc' dir='ltr'>ὠργίζοντο</span> <span class='ocrx_word' id='word_1_46' title='bbox 701 849 714 862; x_wconf 89' lang='grc'><strong>·</strong></span> <span class='ocrx_word' id='word_1_47' title='bbox 747 833 840 884; x_wconf 74' lang='grc' dir='ltr'>καὶ</span> <span class='ocrx_word' id='word_1_48' title='bbox 873 830 1125 900; x_wconf 83' lang='grc' dir='ltr'>πτώματι</span> <span class='ocrx_word' id='word_1_49' title='bbox 1158 832 1358 902; x_wconf 83' lang='grc' dir='ltr'>πτῶμα</span> <span class='ocrx_word' id='word_1_50' title='bbox 1389 832 1782 902; x_wconf 77' lang='grc' dir='ltr'>ἐκδιωκόμενον</span> <span class='ocrx_word' id='word_1_51' title='bbox 1813 831 1953 902; x_wconf 85' lang='grc' dir='ltr'>ὀρῶν</span> 
     </span>
    </p>
   </div>
   <div class='ocr_carea' id='block_1_10' title="bbox 353 923 1953 995">
    <p class='ocr_par' dir='ltr' id='par_1_10' title="bbox 353 923 1953 995">
     <span class='ocr_line' id='line_1_10' title="bbox 353 923 1953 995; baseline -0.001 -18"><span class='ocrx_word' id='word_1_52' title='bbox 353 924 712 994; x_wconf 69' lang='grc' dir='ltr'>ἐθαύμαζον·</span> <span class='ocrx_word' id='word_1_53' title='bbox 769 923 1179 994; x_wconf 75' lang='grc' dir='ltr'>καὶ-ἁμαρτίαν</span> <span class='ocrx_word' id='word_1_54' title='bbox 1240 924 1489 995; x_wconf 77' lang='grc' dir='ltr'><strong>ἁμαρτίᾳ</strong></span> <span class='ocrx_word' id='word_1_55' title='bbox 1547 923 1953 988; x_wconf 83' lang='grc' dir='ltr'>διεκδικοῦντας</span> 
     </span>
    </p>
   </div>
   <div class='ocr_carea' id='block_1_11' title="bbox 355 1011 1953 1084">
    <p class='ocr_par' dir='ltr' id='par_1_11' title="bbox 355 1011 1953 1084">
     <span class='ocr_line' id='line_1_11' title="bbox 355 1011 1953 1084; baseline 0.001 -19"><span class='ocrx_word' id='word_1_56' title='bbox 355 1013 567 1083; x_wconf 77' lang='grc' dir='ltr'><strong>ἠλέουν</strong></span> <span class='ocrx_word' id='word_1_57' title='bbox 593 1011 885 1081; x_wconf 77' lang='grc' dir='ltr'>θεώμενος,</span> <span class='ocrx_word' id='word_1_58' title='bbox 921 1014 1012 1063; x_wconf 75' lang='grc' dir='ltr'><strong>καὶ</strong></span> <span class='ocrx_word' id='word_1_59' title='bbox 1051 1012 1322 1082; x_wconf 75' lang='grc' dir='ltr'><strong>δαιμόνων</strong></span> <span class='ocrx_word' id='word_1_60' title='bbox 1353 1012 1689 1082; x_wconf 76' lang='grc' dir='ltr'>πανουργίαν</span> <span class='ocrx_word' id='word_1_61' title='bbox 1717 1013 1953 1084; x_wconf 78' lang='grc' dir='ltr'>ἐκπλητ-</span> 
     </span>
    </p>
   </div>
   <div class='ocr_carea' id='block_1_12' title="bbox 356 1101 1949 1174">
    <p class='ocr_par' dir='ltr' id='par_1_12' title="bbox 356 1101 1949 1174">
     <span class='ocr_line' id='line_1_12' title="bbox 356 1101 1949 1174; baseline 0.001 -18"><span class='ocrx_word' id='word_1_62' title='bbox 356 1103 618 1173; x_wconf 73' lang='grc' dir='ltr'><strong>Ἰιςόμενος,</strong></span> <span class='ocrx_word' id='word_1_63' title='bbox 643 1105 742 1174; x_wconf 72' lang='grc' dir='ltr'>τῆς</span> <span class='ocrx_word' id='word_1_64' title='bbox 767 1102 970 1155; x_wconf 76' lang='grc' dir='ltr'>ἑαυτοῦ</span> <span class='ocrx_word' id='word_1_65' title='bbox 1003 1101 1149 1172; x_wconf 80' lang='grc' dir='ltr'>ζωῆς</span> <span class='ocrx_word' id='word_1_66' title='bbox 1185 1103 1383 1172; x_wconf 82' lang='grc' dir='ltr'>μικροῦ</span> <span class='ocrx_word' id='word_1_67' title='bbox 1417 1103 1529 1156; x_wconf 84' lang='grc' dir='ltr'>δεῖν</span> <span class='ocrx_word' id='word_1_68' title='bbox 1550 1104 1949 1172; x_wconf 78' lang='grc' dir='ltr'><strong>ἀπεγίνωσκον.</strong></span> 
     </span>
    </p>
   </div>
   <div class='ocr_carea' id='block_1_13' title="bbox 359 1194 1954 1266">
    <p class='ocr_par' dir='ltr' id='par_1_13' title="bbox 359 1194 1954 1266">
     <span class='ocr_line' id='line_1_13' title="bbox 359 1194 1954 1266; baseline 0 -18"><span class='ocrx_word' id='word_1_69' title='bbox 359 1195 446 1248; x_wconf 78' lang='grc' dir='ltr'>Εἴ</span> <span class='ocrx_word' id='word_1_70' title='bbox 473 1212 553 1256; x_wconf 84' lang='grc' dir='ltr'><strong>τις</strong></span> <span class='ocrx_word' id='word_1_71' title='bbox 585 1195 777 1247; x_wconf 73' lang='grc' dir='ltr'>ἑαυτὸν</span> <span class='ocrx_word' id='word_1_72' title='bbox 813 1194 922 1247; x_wconf 83' lang='grc' dir='ltr'><strong>ἀπὸ</strong></span> <span class='ocrx_word' id='word_1_73' title='bbox 967 1196 1197 1264; x_wconf 80' lang='grc' dir='ltr'><strong>οἰήσεως</strong></span> <span class='ocrx_word' id='word_1_74' title='bbox 1227 1195 1322 1247; x_wconf 78' lang='grc' dir='ltr'>καὶ</span> <span class='ocrx_word' id='word_1_75' title='bbox 1359 1194 1662 1265; x_wconf 79' lang='grc' dir='ltr'>όξυχολίας,</span> <span class='ocrx_word' id='word_1_76' title='bbox 1689 1195 1954 1266; x_wconf 80' lang='grc' dir='ltr'>πονηρίας</span> 
     </span>
    </p>
   </div>
   <div class='ocr_carea' id='block_1_14' title="bbox 357 1285 1955 1357">
    <p class='ocr_par' dir='ltr' id='par_1_14' title="bbox 357 1285 1955 1357">
     <span class='ocr_line' id='line_1_14' title="bbox 357 1285 1955 1357; baseline 0.002 -18"><span class='ocrx_word' id='word_1_77' title='bbox 357 1305 430 1339; x_wconf 78' lang='grc' dir='ltr'><strong>τε</strong></span> <span class='ocrx_word' id='word_1_78' title='bbox 459 1288 554 1339; x_wconf 73' lang='grc' dir='ltr'><strong>καὶ</strong></span> <span class='ocrx_word' id='word_1_79' title='bbox 581 1286 926 1357; x_wconf 79' lang='grc' dir='ltr'>ὑποκρίσεως</span> <span class='ocrx_word' id='word_1_80' title='bbox 949 1285 1194 1357; x_wconf 75' lang='grc' dir='ltr'>εὐχερῶς</span> <span class='ocrx_word' id='word_1_81' title='bbox 1222 1286 1540 1356; x_wconf 80' lang='grc' dir='ltr'>ἡττώμενον</span> <span class='ocrx_word' id='word_1_82' title='bbox 1561 1288 1832 1352; x_wconf 83' lang='grc' dir='ltr'>θεάσοιτο,</span> <span class='ocrx_word' id='word_1_83' title='bbox 1857 1289 1955 1342; x_wconf 69' lang='grc' dir='ltr'><strong>κα)⁵</strong></span> 
     </span>
    </p>
   </div>
   <div class='ocr_carea' id='block_1_15' title="bbox 358 1376 1953 1448">
    <p class='ocr_par' dir='ltr' id='par_1_15' title="bbox 358 1376 1953 1448">
     <span class='ocr_line' id='line_1_15' title="bbox 358 1376 1953 1448; baseline 0.001 -19"><span class='ocrx_word' id='word_1_84' title='bbox 358 1377 545 1440; x_wconf 72' lang='grc' dir='ltr'>οὕτως</span> <span class='ocrx_word' id='word_1_85' title='bbox 607 1378 708 1448; x_wconf 80' lang='grc' dir='ltr'><strong>τὴν</strong></span> <span class='ocrx_word' id='word_1_86' title='bbox 753 1376 1029 1446; x_wconf 81' lang='grc' dir='ltr'>μάχαιραν</span> <span class='ocrx_word' id='word_1_87' title='bbox 1066 1376 1166 1441; x_wconf 82' lang='grc' dir='ltr'>τῆς</span> <span class='ocrx_word' id='word_1_88' title='bbox 1210 1377 1514 1447; x_wconf 82' lang='grc' dir='ltr'>πραότητος</span> <span class='ocrx_word' id='word_1_89' title='bbox 1559 1379 1654 1431; x_wconf 80' lang='grc' dir='ltr'>καὶ</span> <span class='ocrx_word' id='word_1_90' title='bbox 1699 1379 1953 1444; x_wconf 80' lang='grc' dir='ltr'>ἀνεξικα-</span> 
     </span>
    </p>
   </div>
   <div class='ocr_carea' id='block_1_16' title="bbox 360 1465 1953 1537">
    <p class='ocr_par' dir='ltr' id='par_1_16' title="bbox 360 1465 1953 1537">
     <span class='ocr_line' id='line_1_16' title="bbox 360 1465 1953 1537; baseline 0.002 -16"><span class='ocrx_word' id='word_1_91' title='bbox 360 1469 498 1531; x_wconf 71' lang='grc' dir='ltr'>κίας</span> <span class='ocrx_word' id='word_1_92' title='bbox 527 1468 778 1536; x_wconf 83' lang='grc' dir='ltr'>δίστομον</span> <span class='ocrx_word' id='word_1_93' title='bbox 807 1467 930 1521; x_wconf 84' lang='grc' dir='ltr'>κατ’</span> <span class='ocrx_word' id='word_1_94' title='bbox 959 1468 1138 1521; x_wconf 83' lang='grc' dir='ltr'>αὐτῶν</span> <span class='ocrx_word' id='word_1_95' title='bbox 1182 1468 1453 1537; x_wconf 66' lang='grc' dir='ltr'>ἐσκέψατο</span> <span class='ocrx_word' id='word_1_96' title='bbox 1498 1471 1830 1535; x_wconf 85' lang='grc' dir='ltr'>σπάσασθαι,</span> <span class='ocrx_word' id='word_1_97' title='bbox 1862 1465 1953 1524; x_wconf 77' lang='grc' dir='ltr'><strong>οὗ·</strong></span> 
     </span>
    </p>
   </div>
   <div class='ocr_carea' id='block_1_17' title="bbox 359 1559 1956 1633">
    <p class='ocr_par' dir='ltr' id='par_1_17' title="bbox 359 1559 1956 1633">
     <span class='ocr_line' id='line_1_17' title="bbox 359 1559 1956 1633; baseline 0.003 -21"><span class='ocrx_word' id='word_1_98' title='bbox 359 1574 464 1622; x_wconf 72' lang='grc' dir='ltr'><strong>ἱιτος</strong></span> <span class='ocrx_word' id='word_1_99' title='bbox 491 1559 778 1629; x_wconf 77' lang='grc' dir='ltr'>πορευθεὶς</span> <span class='ocrx_word' id='word_1_100' title='bbox 811 1561 1215 1632; x_wconf 86' lang='grc' dir='ltr'>παραγένηται,</span> <span class='ocrx_word' id='word_1_101' title='bbox 1243 1560 1434 1633; x_wconf 84' lang='grc' dir='ltr'>ὥσπερ</span> <span class='ocrx_word' id='word_1_102' title='bbox 1485 1563 1543 1614; x_wconf 85' lang='grc' dir='ltr'>ἐν</span> <span class='ocrx_word' id='word_1_103' title='bbox 1571 1563 1810 1633; x_wconf 83' lang='grc' dir='ltr'>κναφείῳ</span> <span class='ocrx_word' id='word_1_104' title='bbox 1850 1581 1956 1616; x_wconf 88' lang='grc' dir='ltr'>σω-</span> 
     </span>
    </p>
   </div>
   <div class='ocr_carea' id='block_1_18' title="bbox 363 1652 1953 1725">
    <p class='ocr_par' dir='ltr' id='par_1_18' title="bbox 363 1652 1953 1725">
     <span class='ocr_line' id='line_1_18' title="bbox 363 1652 1953 1725; baseline 0.003 -21"><span class='ocrx_word' id='word_1_105' title='bbox 363 1653 586 1722; x_wconf 64' lang='grc' dir='ltr'>τηρίας,</span> <span class='ocrx_word' id='word_1_106' title='bbox 613 1655 669 1704; x_wconf 83' lang='grc' dir='ltr'>ὲν</span> <span class='ocrx_word' id='word_1_107' title='bbox 707 1653 921 1723; x_wconf 79' lang='grc' dir='ltr'>συνοδίᾳ</span> <span class='ocrx_word' id='word_1_108' title='bbox 955 1652 1216 1721; x_wconf 77' lang='grc' dir='ltr'>ἀδελφῶν,</span> <span class='ocrx_word' id='word_1_109' title='bbox 1249 1654 1341 1706; x_wconf 80' lang='grc' dir='ltr'><strong>καὶ</strong></span> <span class='ocrx_word' id='word_1_110' title='bbox 1379 1652 1612 1723; x_wconf 82' lang='grc' dir='ltr'>μάλιστα</span> <span class='ocrx_word' id='word_1_111' title='bbox 1648 1654 1953 1725; x_wconf 90' lang='grc' dir='ltr'>σκληροτά-</span> 
     </span>
    </p>
   </div>
   <div class='ocr_carea' id='block_1_19' title="bbox 365 1743 1954 1815">
    <p class='ocr_par' dir='ltr' id='par_1_19' title="bbox 365 1743 1954 1815">
     <span class='ocr_line' id='line_1_19' title="bbox 365 1743 1954 1815; baseline 0.003 -19"><span class='ocrx_word' id='word_1_112' title='bbox 365 1759 499 1808; x_wconf 66' lang='grc' dir='ltr'><strong>Ιτων,</strong></span> <span class='ocrx_word' id='word_1_113' title='bbox 531 1745 686 1814; x_wconf 77' lang='grc' dir='ltr'>εἰπερ</span> <span class='ocrx_word' id='word_1_114' title='bbox 733 1744 873 1796; x_wconf 86' lang='grc' dir='ltr'><strong>αύτά</strong></span> <span class='ocrx_word' id='word_1_115' title='bbox 914 1743 1134 1807; x_wconf 84' lang='grc' dir='ltr'>τελείως</span> <span class='ocrx_word' id='word_1_116' title='bbox 1182 1744 1508 1798; x_wconf 79' lang='grc' dir='ltr'>ἐκδύσασθαι</span> <span class='ocrx_word' id='word_1_117' title='bbox 1546 1745 1814 1815; x_wconf 88' lang='grc' dir='ltr'>βούλεται,</span> <span class='ocrx_word' id='word_1_118' title='bbox 1869 1747 1954 1801; x_wconf 74' lang='grc' dir='ltr'><strong>ἵνα</strong></span> 
     </span>
    </p>
   </div>
   <div class='ocr_carea' id='block_1_20' title="bbox 365 1834 1952 1908">
    <p class='ocr_par' dir='ltr' id='par_1_20' title="bbox 365 1834 1952 1908">
     <span class='ocr_line' id='line_1_20' title="bbox 365 1834 1952 1908; baseline 0.004 -22"><span class='ocrx_word' id='word_1_119' title='bbox 365 1835 549 1888; x_wconf 73' lang='grc' dir='ltr'>ἐκεῖσε</span> <span class='ocrx_word' id='word_1_120' title='bbox 585 1837 644 1901; x_wconf 79' lang='grc' dir='ltr'>ἐξ</span> <span class='ocrx_word' id='word_1_121' title='bbox 685 1834 897 1905; x_wconf 74' lang='grc' dir='ltr'>ὕϐρεων</span> <span class='ocrx_word' id='word_1_122' title='bbox 941 1835 1034 1887; x_wconf 78' lang='grc' dir='ltr'><strong>καὶ</strong></span> <span class='ocrx_word' id='word_1_123' title='bbox 1075 1836 1330 1905; x_wconf 87' lang='grc' dir='ltr'>ἀτιμιῶν,</span> <span class='ocrx_word' id='word_1_124' title='bbox 1374 1838 1465 1889; x_wconf 79' lang='grc' dir='ltr'>καὶ</span> <span class='ocrx_word' id='word_1_125' title='bbox 1497 1839 1804 1908; x_wconf 83' lang='grc' dir='ltr'>τρικυμιῶν</span> <span class='ocrx_word' id='word_1_126' title='bbox 1844 1838 1952 1892; x_wconf 84' lang='grc' dir='ltr'><strong>τῶν</strong></span> 
     </span>
    </p>
   </div>
   <div class='ocr_carea' id='block_1_21' title="bbox 364 1924 1953 1998">
    <p class='ocr_par' dir='ltr' id='par_1_21' title="bbox 364 1924 1953 1998">
     <span class='ocr_line' id='line_1_21' title="bbox 364 1924 1953 1998; baseline 0.003 -22"><span class='ocrx_word' id='word_1_127' title='bbox 364 1924 617 1992; x_wconf 77' lang='grc' dir='ltr'>ἀδελφῶν</span> <span class='ocrx_word' id='word_1_128' title='bbox 649 1925 978 1994; x_wconf 78' lang='grc' dir='ltr'>τεινόμενος,</span> <span class='ocrx_word' id='word_1_129' title='bbox 1007 1926 1102 1978; x_wconf 72' lang='grc' dir='ltr'><strong>καὶ</strong></span> <span class='ocrx_word' id='word_1_130' title='bbox 1133 1926 1334 1995; x_wconf 89' lang='grc' dir='ltr'>νοερῶς</span> <span class='ocrx_word' id='word_1_131' title='bbox 1362 1927 1772 1998; x_wconf 77' lang='grc' dir='ltr'>τυπτόμενος,ἢ</span> <span class='ocrx_word' id='word_1_132' title='bbox 1813 1928 1953 1997; x_wconf 86' lang='grc' dir='ltr'>τάχα</span> 
     </span>
    </p>
   </div>
   <div class='ocr_carea' id='block_1_22' title="bbox 374 2014 1955 2087">
    <p class='ocr_par' dir='ltr' id='par_1_22' title="bbox 374 2014 1955 2087">
     <span class='ocr_line' id='line_1_22' title="bbox 374 2014 1955 2087; baseline 0.001 -20"><span class='ocrx_word' id='word_1_133' title='bbox 374 2031 486 2067; x_wconf 73' lang='grc' dir='ltr'><strong>¹που</strong></span> <span class='ocrx_word' id='word_1_134' title='bbox 517 2016 612 2067; x_wconf 71' lang='grc' dir='ltr'><strong>καὶ</strong></span> <span class='ocrx_word' id='word_1_135' title='bbox 647 2014 915 2085; x_wconf 76' lang='grc' dir='ltr'>αἰσθητῶς</span> <span class='ocrx_word' id='word_1_136' title='bbox 950 2016 1226 2084; x_wconf 82' lang='grc' dir='ltr'>ξεόμενος,</span> <span class='ocrx_word' id='word_1_137' title='bbox 1265 2017 1356 2068; x_wconf 77' lang='grc' dir='ltr'><strong>καὶ</strong></span> <span class='ocrx_word' id='word_1_138' title='bbox 1386 2017 1714 2087; x_wconf 85' lang='grc' dir='ltr'>πατούμενος</span> <span class='ocrx_word' id='word_1_139' title='bbox 1747 2019 1840 2072; x_wconf 76' lang='grc' dir='ltr'><strong>καὶ</strong></span> <span class='ocrx_word' id='word_1_140' title='bbox 1861 2019 1955 2070; x_wconf 89' lang='grc' dir='ltr'>λα-</span> 
     </span>
    </p>
   </div>
   <div class='ocr_carea' id='block_1_23' title="bbox 378 2105 1955 2178">
    <p class='ocr_par' dir='ltr' id='par_1_23' title="bbox 378 2105 1955 2178">
     <span class='ocr_line' id='line_1_23' title="bbox 378 2105 1955 2178; baseline 0.002 -20"><span class='ocrx_word' id='word_1_141' title='bbox 378 2105 718 2175; x_wconf 80' lang='grc' dir='ltr'>κτιζόμενος.</span> <span class='ocrx_word' id='word_1_142' title='bbox 744 2105 832 2158; x_wconf 78' lang='grc' dir='ltr'>τὸν</span> <span class='ocrx_word' id='word_1_143' title='bbox 855 2105 1025 2174; x_wconf 78' lang='grc' dir='ltr'>ῥύπον</span> <span class='ocrx_word' id='word_1_144' title='bbox 1053 2105 1143 2158; x_wconf 85' lang='grc' dir='ltr'><strong>τὸν</strong></span> <span class='ocrx_word' id='word_1_145' title='bbox 1173 2106 1548 2175; x_wconf 79' lang='grc' dir='ltr'>ἐνυπάρχοντα</span> <span class='ocrx_word' id='word_1_146' title='bbox 1570 2108 1732 2160; x_wconf 85' lang='grc' dir='ltr'>αὑτοῦ</span> <span class='ocrx_word' id='word_1_147' title='bbox 1762 2111 1828 2178; x_wconf 82' lang='grc' dir='ltr'>τῇ</span> <span class='ocrx_word' id='word_1_148' title='bbox 1869 2111 1955 2161; x_wconf 86' lang='grc' dir='ltr'><strong>αἰ-</strong></span> 
     </span>
    </p>
   </div>
   <div class='ocr_carea' id='block_1_24' title="bbox 381 2194 1954 2269">
    <p class='ocr_par' dir='ltr' id='par_1_24' title="bbox 381 2194 1954 2269">
     <span class='ocr_line' id='line_1_24' title="bbox 381 2194 1954 2269; baseline 0.003 -22"><span class='ocrx_word' id='word_1_149' title='bbox 381 2197 574 2266; x_wconf 76' lang='grc' dir='ltr'>σθήσει</span> <span class='ocrx_word' id='word_1_150' title='bbox 613 2196 711 2263; x_wconf 71' lang='grc' dir='ltr'>τῆς</span> <span class='ocrx_word' id='word_1_151' title='bbox 743 2194 913 2267; x_wconf 76' lang='grc' dir='ltr'>ψυχῆς</span> <span class='ocrx_word' id='word_1_152' title='bbox 950 2195 1235 2266; x_wconf 77' lang='grc' dir='ltr'>ἀποπλύνῃ</span> <span class='ocrx_word' id='word_1_153' title='bbox 1277 2212 1290 2226; x_wconf 73' lang='grc' dir='ltr'><strong>ο</strong></span> <span class='ocrx_word' id='word_1_154' title='bbox 1333 2197 1470 2268; x_wconf 81' lang='grc' dir='ltr'>αὐτή</span> <span class='ocrx_word' id='word_1_155' title='bbox 1515 2215 1574 2250; x_wconf 92' lang='grc' dir='ltr'><strong>σε</strong></span> <span class='ocrx_word' id='word_1_156' title='bbox 1622 2199 1655 2269; x_wconf 79' lang='grc' dir='ltr'><strong>ἡ</strong></span> <span class='ocrx_word' id='word_1_157' title='bbox 1701 2197 1954 2269; x_wconf 86' lang='grc' dir='ltr'>δημώδης</span> 
     </span>
    </p>
   </div>
   <div class='ocr_carea' id='block_1_25' title="bbox 375 2286 1955 2360">
    <p class='ocr_par' dir='ltr' id='par_1_25' title="bbox 375 2286 1955 2360">
     <span class='ocr_line' id='line_1_25' title="bbox 375 2286 1955 2360; baseline 0.003 -22"><span class='ocrx_word' id='word_1_158' title='bbox 375 2286 532 2358; x_wconf 83' lang='grc' dir='ltr'>φωνή</span> <span class='ocrx_word' id='word_1_159' title='bbox 567 2287 802 2339; x_wconf 78' lang='grc' dir='ltr'>πεισάτω</span> <span class='ocrx_word' id='word_1_160' title='bbox 852 2287 1177 2357; x_wconf 83' lang='grc' dir='ltr'>πλυντήριον</span> <span class='ocrx_word' id='word_1_161' title='bbox 1233 2286 1324 2340; x_wconf 81' lang='grc' dir='ltr'><strong>τὸν</strong></span> <span class='ocrx_word' id='word_1_162' title='bbox 1362 2287 1666 2358; x_wconf 80' lang='grc' dir='ltr'>ὀνειδισμὸν</span> <span class='ocrx_word' id='word_1_163' title='bbox 1709 2290 1815 2342; x_wconf 88' lang='grc' dir='ltr'><strong>τῶν</strong></span> <span class='ocrx_word' id='word_1_164' title='bbox 1855 2291 1955 2360; x_wconf 84' lang='grc' dir='ltr'>τῆς</span> 
     </span>
    </p>
   </div>
   <div class='ocr_carea' id='block_1_26' title="bbox 366 2377 1953 2448">
    <p class='ocr_par' dir='ltr' id='par_1_26' title="bbox 366 2377 1953 2448">
     <span class='ocr_line' id='line_1_26' title="bbox 366 2377 1953 2448; baseline 0.003 -19"><span class='ocrx_word' id='word_1_165' title='bbox 366 2377 554 2446; x_wconf 65' lang='grc' dir='ltr'>ψυχῆς</span> <span class='ocrx_word' id='word_1_166' title='bbox 577 2377 765 2431; x_wconf 86' lang='grc' dir='ltr'>παθῶν</span> <span class='ocrx_word' id='word_1_167' title='bbox 787 2377 1146 2431; x_wconf 86' lang='grc' dir='ltr'>καθίστασθαι</span> <span class='ocrx_word' id='word_1_168' title='bbox 1181 2392 1195 2408; x_wconf 86' lang='grc'>⁶</span> <span class='ocrx_word' id='word_1_169' title='bbox 1235 2380 1368 2448; x_wconf 77' lang='grc' dir='ltr'>φασὶ</span> <span class='ocrx_word' id='word_1_170' title='bbox 1401 2378 1510 2448; x_wconf 82' lang='grc' dir='ltr'><strong>γάρ</strong></span> <span class='ocrx_word' id='word_1_171' title='bbox 1543 2396 1688 2442; x_wconf 87' lang='grc' dir='ltr'>τινες</span> <span class='ocrx_word' id='word_1_172' title='bbox 1737 2381 1846 2434; x_wconf 88' lang='grc' dir='ltr'><strong>τῶν</strong></span> <span class='ocrx_word' id='word_1_173' title='bbox 1893 2382 1953 2434; x_wconf 79' lang='grc' dir='ltr'>ὲν</span> 
     </span>
    </p>
   </div>
   <div class='ocr_carea' id='block_1_27' title="bbox 366 2467 1953 2543">
    <p class='ocr_par' dir='ltr' id='par_1_27' title="bbox 366 2467 1953 2543">
     <span class='ocr_line' id='line_1_27' title="bbox 366 2467 1953 2543; baseline 0.004 -23"><span class='ocrx_word' id='word_1_174' title='bbox 366 2467 450 2537; x_wconf 80' lang='grc' dir='ltr'><strong>τῷ</strong></span> <span class='ocrx_word' id='word_1_175' title='bbox 478 2467 667 2538; x_wconf 80' lang='grc' dir='ltr'>κόσμῳ</span> <span class='ocrx_word' id='word_1_176' title='bbox 699 2469 860 2538; x_wconf 76' lang='grc' dir='ltr'>ἡνίκα</span> <span class='ocrx_word' id='word_1_177' title='bbox 887 2470 1010 2522; x_wconf 86' lang='grc' dir='ltr'>τινὰ</span> <span class='ocrx_word' id='word_1_178' title='bbox 1044 2467 1186 2522; x_wconf 87' lang='grc' dir='ltr'>κατὰ</span> <span class='ocrx_word' id='word_1_179' title='bbox 1217 2471 1508 2540; x_wconf 90' lang='grc' dir='ltr'>πρόσωπον</span> <span class='ocrx_word' id='word_1_180' title='bbox 1541 2471 1765 2542; x_wconf 84' lang='grc' dir='ltr'>ἀτιμίας</span> <span class='ocrx_word' id='word_1_181' title='bbox 1793 2491 1953 2543; x_wconf 87' lang='grc' dir='ltr'>περι-</span> 
     </span>
    </p>
   </div>
   <div class='ocr_carea' id='block_1_28' title="bbox 365 2556 1952 2631">
    <p class='ocr_par' dir='ltr' id='par_1_28' title="bbox 365 2556 1952 2631">
     <span class='ocr_line' id='line_1_28' title="bbox 365 2556 1952 2631; baseline 0.005 -21"><span class='ocrx_word' id='word_1_182' title='bbox 365 2556 650 2620; x_wconf 73' lang='grc' dir='ltr'>ϐάλλουσι,</span> <span class='ocrx_word' id='word_1_183' title='bbox 697 2558 1044 2628; x_wconf 82' lang='grc' dir='ltr'>καυχώμενοι</span> <span class='ocrx_word' id='word_1_184' title='bbox 1087 2559 1222 2630; x_wconf 79' lang='grc' dir='ltr'>πρὸς</span> <span class='ocrx_word' id='word_1_185' title='bbox 1261 2561 1501 2631; x_wconf 77' lang='grc' dir='ltr'>ἑτέρους,</span> <span class='ocrx_word' id='word_1_186' title='bbox 1548 2562 1632 2615; x_wconf 81' lang='grc' dir='ltr'>ὅτι</span> <span class='ocrx_word' id='word_1_187' title='bbox 1684 2565 1775 2616; x_wconf 81' lang='grc' dir='ltr'><strong>τὸν</strong></span> <span class='ocrx_word' id='word_1_188' title='bbox 1806 2565 1952 2618; x_wconf 83' lang='grc' dir='ltr'>δεῖνα</span> 
     </span>
    </p>
   </div>
   <div class='ocr_carea' id='block_1_29' title="bbox 364 2644 1953 2724">
    <p class='ocr_par' dir='ltr' id='par_1_29' title="bbox 364 2644 1953 2724">
     <span class='ocr_line' id='line_1_29' title="bbox 364 2644 1953 2724; baseline 0.006 -27"><span class='ocrx_word' id='word_1_189' title='bbox 364 2644 680 2698; x_wconf 80' lang='grc' dir='ltr'>ἁπέπλυνα.</span> <span class='ocrx_word' id='word_1_190' title='bbox 735 2647 802 2698; x_wconf 82' lang='lat' dir='ltr'><strong>&#39;U</strong></span> <span class='ocrx_word' id='word_1_191' title='bbox 853 2663 906 2699; x_wconf 89' lang='grc' dir='ltr'><strong>τι</strong></span> <span class='ocrx_word' id='word_1_192' title='bbox 964 2647 1058 2700; x_wconf 83' lang='grc' dir='ltr'>καὶ</span> <span class='ocrx_word' id='word_1_193' title='bbox 1118 2647 1315 2717; x_wconf 83' lang='grc' dir='ltr'>ἀληθὲς</span> <span class='ocrx_word' id='word_1_194' title='bbox 1364 2648 1726 2720; x_wconf 83' lang='grc' dir='ltr'>καθέστηκεν.</span> <span class='ocrx_word' id='word_1_195' title='bbox 1783 2653 1953 2724; x_wconf 80' lang='grc' dir='ltr'>’Δλλη</span> 
     </span>
    </p>
   </div>
   <div class='ocr_carea' id='block_1_30' title="bbox 355 2736 1951 2814">
    <p class='ocr_par' dir='ltr' id='par_1_30' title="bbox 355 2736 1951 2814">
     <span class='ocr_line' id='line_1_30' title="bbox 355 2736 1951 2814; baseline 0.006 -26"><span class='ocrx_word' id='word_1_196' title='bbox 355 2736 522 2788; x_wconf 54' lang='grc' dir='ltr'>ἔστιν</span> <span class='ocrx_word' id='word_1_197' title='bbox 559 2738 684 2806; x_wconf 80' lang='grc' dir='ltr'>ήέκ</span> <span class='ocrx_word' id='word_1_198' title='bbox 727 2737 955 2800; x_wconf 81' lang='grc' dir='ltr'>πένθους</span> <span class='ocrx_word' id='word_1_199' title='bbox 984 2739 1044 2790; x_wconf 82' lang='grc' dir='ltr'>ἐν</span> <span class='ocrx_word' id='word_1_200' title='bbox 1086 2741 1198 2801; x_wconf 84' lang='grc' dir='ltr'>τοῖς</span> <span class='ocrx_word' id='word_1_201' title='bbox 1238 2741 1620 2808; x_wconf 84' lang='grc' dir='ltr'>είσαγωγικοῖς</span> <span class='ocrx_word' id='word_1_202' title='bbox 1661 2743 1951 2814; x_wconf 86' lang='grc' dir='ltr'>ἀοργησία,</span> 
     </span>
    </p>
   </div>
   <div class='ocr_carea' id='block_1_31' title="bbox 362 2829 1952 2907">
    <p class='ocr_par' dir='ltr' id='par_1_31' title="bbox 362 2829 1952 2907">
     <span class='ocr_line' id='line_1_31' title="bbox 362 2829 1952 2907; baseline 0.006 -28"><span class='ocrx_word' id='word_1_203' title='bbox 362 2829 468 2880; x_wconf 74' lang='grc' dir='ltr'>καὶ</span> <span class='ocrx_word' id='word_1_204' title='bbox 497 2829 677 2900; x_wconf 79' lang='grc' dir='ltr'>ἑτέρα,</span> <span class='ocrx_word' id='word_1_205' title='bbox 714 2831 746 2899; x_wconf 79' lang='grc' dir='ltr'>ἡ</span> <span class='ocrx_word' id='word_1_206' title='bbox 779 2831 836 2881; x_wconf 82' lang='grc' dir='ltr'>ἐν</span> <span class='ocrx_word' id='word_1_207' title='bbox 878 2833 992 2893; x_wconf 82' lang='grc' dir='ltr'>τοῖς</span> <span class='ocrx_word' id='word_1_208' title='bbox 1034 2830 1258 2894; x_wconf 87' lang='grc' dir='ltr'>τελείοις</span> <span class='ocrx_word' id='word_1_209' title='bbox 1294 2832 1614 2903; x_wconf 79' lang='grc' dir='ltr'>ὑπάρχουσα</span> <span class='ocrx_word' id='word_1_210' title='bbox 1660 2835 1916 2907; x_wconf 87' lang='grc' dir='ltr'>ἀκινησία</span> <span class='ocrx_word' id='word_1_211' title='bbox 1938 2855 1952 2869; x_wconf 81' lang='lat'><strong>-</strong></span> 
     </span>
    </p>
   </div>
   <div class='ocr_carea' id='block_1_32' title="bbox 363 2920 1950 2996">
    <p class='ocr_par' dir='ltr' id='par_1_32' title="bbox 363 2920 1950 2996">
     <span class='ocr_line' id='line_1_32' title="bbox 363 2920 1950 2996; baseline 0.006 -23"><span class='ocrx_word' id='word_1_212' title='bbox 363 2920 465 2973; x_wconf 75' lang='grc' dir='ltr'><strong>καὶ</strong></span> <span class='ocrx_word' id='word_1_213' title='bbox 491 2922 524 2990; x_wconf 75' lang='grc' dir='ltr'><strong>ἡ</strong></span> <span class='ocrx_word' id='word_1_214' title='bbox 557 2922 678 2991; x_wconf 87' lang='grc' dir='ltr'>μὲν,</span> <span class='ocrx_word' id='word_1_215' title='bbox 727 2921 918 2994; x_wconf 86' lang='grc' dir='ltr'>ὥσπερ</span> <span class='ocrx_word' id='word_1_216' title='bbox 960 2922 1163 2993; x_wconf 82' lang='grc' dir='ltr'>χαλινῷ</span> <span class='ocrx_word' id='word_1_217' title='bbox 1203 2940 1308 2976; x_wconf 91' lang='grc' dir='ltr'>τινι</span> <span class='ocrx_word' id='word_1_218' title='bbox 1343 2925 1419 2996; x_wconf 82' lang='grc' dir='ltr'>τῷ</span> <span class='ocrx_word' id='word_1_219' title='bbox 1468 2925 1689 2996; x_wconf 84' lang='grc' dir='ltr'>δακρύῳ</span> <span class='ocrx_word' id='word_1_220' title='bbox 1720 2928 1950 2984; x_wconf 83' lang='grc' dir='ltr'>δέδεται.</span> 
     </span>
    </p>
   </div>
   <div class='ocr_carea' id='block_1_33' title="bbox 379 3012 1956 3091">
    <p class='ocr_par' dir='ltr' id='par_1_33' title="bbox 379 3012 1956 3091">
     <span class='ocr_line' id='line_1_33' title="bbox 379 3012 1956 3091; baseline 0.005 -25"><span class='ocrx_word' id='word_1_221' title='bbox 379 3012 445 3066; x_wconf 86' lang='grc' dir='ltr'><strong>Ἦ</strong></span> <span class='ocrx_word' id='word_1_222' title='bbox 471 3015 550 3078; x_wconf 79' lang='grc' dir='ltr'><strong>δὲ,</strong></span> <span class='ocrx_word' id='word_1_223' title='bbox 581 3013 772 3085; x_wconf 87' lang='grc' dir='ltr'>ῶσπερ</span> <span class='ocrx_word' id='word_1_224' title='bbox 811 3013 934 3084; x_wconf 76' lang='grc' dir='ltr'>ὄφις</span> <span class='ocrx_word' id='word_1_225' title='bbox 973 3016 1076 3069; x_wconf 77' lang='grc' dir='ltr'>ὑπὸ</span> <span class='ocrx_word' id='word_1_226' title='bbox 1112 3016 1212 3086; x_wconf 84' lang='grc' dir='ltr'>τῆς</span> <span class='ocrx_word' id='word_1_227' title='bbox 1258 3017 1547 3082; x_wconf 81' lang='grc' dir='ltr'>ἀπαθείας,</span> <span class='ocrx_word' id='word_1_228' title='bbox 1583 3019 1659 3082; x_wconf 84' lang='grc' dir='ltr'>ὡς</span> <span class='ocrx_word' id='word_1_229' title='bbox 1704 3020 1809 3073; x_wconf 81' lang='grc' dir='ltr'><strong>ὑπὸ</strong></span> <span class='ocrx_word' id='word_1_230' title='bbox 1853 3039 1956 3091; x_wconf 93' lang='grc' dir='ltr'>μα-</span> 
     </span>
    </p>
   </div>
   <div class='ocr_carea' id='block_1_34' title="bbox 365 3107 1948 3182">
    <p class='ocr_par' dir='ltr' id='par_1_34' title="bbox 365 3107 1948 3182">
     <span class='ocr_line' id='line_1_34' title="bbox 365 3107 1948 3182; baseline 0.005 -24"><span class='ocrx_word' id='word_1_231' title='bbox 365 3107 588 3177; x_wconf 73' lang='grc' dir='ltr'>χαίρας,</span> <span class='ocrx_word' id='word_1_232' title='bbox 620 3107 1016 3162; x_wconf 84' lang='grc' dir='ltr'>τεθανάτωται.</span> <span class='ocrx_word' id='word_1_233' title='bbox 1047 3109 1209 3179; x_wconf 84' lang='grc' dir='ltr'>Τρεῖς</span> <span class='ocrx_word' id='word_1_234' title='bbox 1242 3109 1416 3178; x_wconf 79' lang='grc' dir='ltr'>ἔγωγε</span> <span class='ocrx_word' id='word_1_235' title='bbox 1452 3111 1566 3180; x_wconf 78' lang='lat' dir='ltr'><strong>(I3)</strong></span> <span class='ocrx_word' id='word_1_236' title='bbox 1601 3113 1948 3182; x_wconf 76' lang='grc' dir='ltr'>ὁμοθυμαδὸν</span> 
     </span>
    </p>
   </div>
   <div class='ocr_carea' id='block_1_35' title="bbox 361 3200 1956 3275">
    <p class='ocr_par' dir='ltr' id='par_1_35' title="bbox 361 3200 1956 3275">
     <span class='ocr_line' id='line_1_35' title="bbox 361 3200 1956 3275; baseline 0.003 -22"><span class='ocrx_word' id='word_1_237' title='bbox 361 3200 590 3272; x_wconf 74' lang='grc' dir='ltr'>ἑώρακα</span> <span class='ocrx_word' id='word_1_238' title='bbox 641 3203 909 3273; x_wconf 83' lang='grc' dir='ltr'>μοναχοὺς</span> <span class='ocrx_word' id='word_1_239' title='bbox 951 3202 1353 3274; x_wconf 78' lang='grc' dir='ltr'>ἀτιμασθέντας</span> <span class='ocrx_word' id='word_1_240' title='bbox 1385 3218 1400 3232; x_wconf 74' lang='grc'><strong>⁸</strong></span> <span class='ocrx_word' id='word_1_241' title='bbox 1444 3203 1538 3256; x_wconf 73' lang='grc' dir='ltr'><strong>καὶ</strong></span> <span class='ocrx_word' id='word_1_242' title='bbox 1587 3206 1616 3258; x_wconf 87' lang='grc' dir='ltr'><strong>ό</strong></span> <span class='ocrx_word' id='word_1_243' title='bbox 1659 3205 1757 3274; x_wconf 85' lang='grc' dir='ltr'>μὲν</span> <span class='ocrx_word' id='word_1_244' title='bbox 1804 3205 1956 3275; x_wconf 82' lang='grc' dir='ltr'>δέδη-</span> 
     </span>
    </p>
   </div>
   <div class='ocr_carea' id='block_1_36' title="bbox 363 3294 1954 3368">
    <p class='ocr_par' dir='ltr' id='par_1_36' title="bbox 363 3294 1954 3368">
     <span class='ocr_line' id='line_1_36' title="bbox 363 3294 1954 3368; baseline 0.002 -20"><span class='ocrx_word' id='word_1_245' title='bbox 363 3312 497 3348; x_wconf 79' lang='grc' dir='ltr'>κται</span> <span class='ocrx_word' id='word_1_246' title='bbox 528 3294 795 3366; x_wconf 84' lang='grc' dir='ltr'>[δέδηκτο,</span> <span class='ocrx_word' id='word_1_247' title='bbox 831 3296 902 3350; x_wconf 98' lang='lat' dir='ltr'><strong>al.</strong></span> <span class='ocrx_word' id='word_1_248' title='bbox 938 3295 1236 3368; x_wconf 80' lang='grc' dir='ltr'>δέδακται],</span> <span class='ocrx_word' id='word_1_249' title='bbox 1274 3297 1368 3349; x_wconf 77' lang='grc' dir='ltr'><strong>καὶ</strong></span> <span class='ocrx_word' id='word_1_250' title='bbox 1423 3296 1732 3368; x_wconf 71' lang='grc' dir='ltr'>ἐσιώπησεν</span> <span class='ocrx_word' id='word_1_251' title='bbox 1765 3314 1779 3328; x_wconf 77' lang='grc' dir='ltr'><strong><em>ο</em></strong></span> <span class='ocrx_word' id='word_1_252' title='bbox 1812 3300 1840 3350; x_wconf 87' lang='grc' dir='ltr'><strong>ό</strong></span> <span class='ocrx_word' id='word_1_253' title='bbox 1897 3299 1954 3351; x_wconf 80' lang='grc' dir='ltr'>δὲ</span> 
     </span>
    </p>
   </div>
   <div class='ocr_carea' id='block_1_37' title="bbox 361 3389 1956 3463">
    <p class='ocr_par' dir='ltr' id='par_1_37' title="bbox 361 3389 1956 3463">
     <span class='ocr_line' id='line_1_37' title="bbox 361 3389 1956 3463; baseline 0.004 -23"><span class='ocrx_word' id='word_1_254' title='bbox 361 3389 546 3460; x_wconf 72' lang='grc' dir='ltr'>ἰχάρη</span> <span class='ocrx_word' id='word_1_255' title='bbox 573 3390 768 3442; x_wconf 76' lang='grc' dir='ltr'>ἑαυτοῦ</span> <span class='ocrx_word' id='word_1_256' title='bbox 793 3391 977 3460; x_wconf 87' lang='grc' dir='ltr'>χάριν,</span> <span class='ocrx_word' id='word_1_257' title='bbox 1008 3389 1309 3462; x_wconf 86' lang='grc' dir='ltr'>λελύπηται</span> <span class='ocrx_word' id='word_1_258' title='bbox 1336 3390 1393 3443; x_wconf 76' lang='grc' dir='ltr'>δὲ</span> <span class='ocrx_word' id='word_1_259' title='bbox 1427 3392 1556 3463; x_wconf 71' lang='grc' dir='ltr'>περὶ</span> <span class='ocrx_word' id='word_1_260' title='bbox 1583 3391 1680 3444; x_wconf 86' lang='grc' dir='ltr'>τοῦ</span> <span class='ocrx_word' id='word_1_261' title='bbox 1715 3391 1956 3462; x_wconf 78' lang='grc' dir='ltr'>λοιδορή-</span> 
     </span>
    </p>
   </div>
   <div class='ocr_carea' id='block_1_38' title="bbox 374 3481 1958 3554">
    <p class='ocr_par' dir='ltr' id='par_1_38' title="bbox 374 3481 1958 3554">
     <span class='ocr_line' id='line_1_38' title="bbox 374 3481 1958 3554; baseline 0.003 -22"><span class='ocrx_word' id='word_1_262' title='bbox 374 3495 570 3544; x_wconf 85' lang='grc' dir='ltr'>σαντος</span> <span class='ocrx_word' id='word_1_263' title='bbox 598 3498 612 3510; x_wconf 74' lang='grc' dir='ltr'><strong>ο</strong></span> <span class='ocrx_word' id='word_1_264' title='bbox 643 3483 671 3534; x_wconf 87' lang='grc' dir='ltr'><strong>ό</strong></span> <span class='ocrx_word' id='word_1_265' title='bbox 698 3482 754 3534; x_wconf 80' lang='grc' dir='ltr'>δὲ</span> <span class='ocrx_word' id='word_1_266' title='bbox 783 3482 964 3554; x_wconf 86' lang='grc' dir='ltr'>τρίτος</span> <span class='ocrx_word' id='word_1_267' title='bbox 986 3482 1085 3552; x_wconf 79' lang='grc' dir='ltr'><strong>τὴν</strong></span> <span class='ocrx_word' id='word_1_268' title='bbox 1124 3481 1217 3536; x_wconf 71' lang='grc' dir='ltr'>τοῦ</span> <span class='ocrx_word' id='word_1_269' title='bbox 1249 3482 1476 3553; x_wconf 78' lang='grc' dir='ltr'>πλησίον</span> <span class='ocrx_word' id='word_1_270' title='bbox 1521 3482 1723 3554; x_wconf 78' lang='grc' dir='ltr'>βλάϐην</span> <span class='ocrx_word' id='word_1_271' title='bbox 1758 3485 1958 3536; x_wconf 85' lang='grc' dir='ltr'>ἀνατυ-</span> 
     </span>
    </p>
   </div>
   <div class='ocr_carea' id='block_1_39' title="bbox 368 3570 1958 3645">
    <p class='ocr_par' dir='ltr' id='par_1_39' title="bbox 368 3570 1958 3645">
     <span class='ocr_line' id='line_1_39' title="bbox 368 3570 1958 3645; baseline 0.003 -21"><span class='ocrx_word' id='word_1_272' title='bbox 368 3570 564 3635; x_wconf 79' lang='grc' dir='ltr'>πώσας</span> <span class='ocrx_word' id='word_1_273' title='bbox 596 3573 859 3644; x_wconf 79' lang='grc' dir='ltr'>ἐδάκρυσε</span> <span class='ocrx_word' id='word_1_274' title='bbox 913 3573 1168 3644; x_wconf 78' lang='grc' dir='ltr'>θερμῶςο</span> <span class='ocrx_word' id='word_1_275' title='bbox 1210 3574 1304 3627; x_wconf 64' lang='grc' dir='ltr'><strong>καί⁸</strong></span> <span class='ocrx_word' id='word_1_276' title='bbox 1349 3571 1418 3645; x_wconf 83' lang='grc' dir='ltr'>ἧν</span> <span class='ocrx_word' id='word_1_277' title='bbox 1457 3572 1582 3626; x_wconf 83' lang='grc' dir='ltr'>ἰδεῖν</span> <span class='ocrx_word' id='word_1_278' title='bbox 1623 3575 1812 3643; x_wconf 73' lang='grc' dir='ltr'>φόϐου,</span> <span class='ocrx_word' id='word_1_279' title='bbox 1860 3575 1958 3629; x_wconf 80' lang='grc' dir='ltr'><strong>καὶ</strong></span> 
     </span>
    </p>
   </div>
   <div class='ocr_carea' id='block_1_40' title="bbox 371 3664 1957 3738">
    <p class='ocr_par' dir='ltr' id='par_1_40' title="bbox 371 3664 1957 3738">
     <span class='ocr_line' id='line_1_40' title="bbox 371 3664 1957 3738; baseline 0.003 -21"><span class='ocrx_word' id='word_1_280' title='bbox 371 3664 592 3735; x_wconf 78' lang='grc' dir='ltr'>μισθοῦ,</span> <span class='ocrx_word' id='word_1_281' title='bbox 621 3666 715 3718; x_wconf 74' lang='grc' dir='ltr'><strong>καὶ</strong></span> <span class='ocrx_word' id='word_1_282' title='bbox 747 3667 970 3736; x_wconf 85' lang='grc' dir='ltr'>ἀγάπης</span> <span class='ocrx_word' id='word_1_283' title='bbox 1012 3667 1268 3736; x_wconf 82' lang='grc' dir='ltr'>ἐργάτας.</span> <span class='ocrx_word' id='word_1_284' title='bbox 1304 3666 1516 3738; x_wconf 84' lang='grc' dir='ltr'>Ὥσπερ</span> <span class='ocrx_word' id='word_1_285' title='bbox 1560 3669 1589 3720; x_wconf 90' lang='grc' dir='ltr'><strong>ό</strong></span> <span class='ocrx_word' id='word_1_286' title='bbox 1616 3667 1726 3720; x_wconf 89' lang='grc' dir='ltr'><strong>τῶν</strong></span> <span class='ocrx_word' id='word_1_287' title='bbox 1771 3669 1957 3738; x_wconf 84' lang='grc' dir='ltr'>σωμά-</span> 
     </span>
    </p>
   </div>
   <div class='ocr_carea' id='block_1_41' title="bbox 368 3753 1955 3830">
    <p class='ocr_par' dir='ltr' id='par_1_41' title="bbox 368 3753 1955 3830">
     <span class='ocr_line' id='line_1_41' title="bbox 368 3753 1955 3830; baseline 0.002 -20"><span class='ocrx_word' id='word_1_288' title='bbox 368 3775 481 3811; x_wconf 85' lang='grc' dir='ltr'><strong>των</strong></span> <span class='ocrx_word' id='word_1_289' title='bbox 513 3758 768 3829; x_wconf 82' lang='grc' dir='ltr'>πυρετὸς,</span> <span class='ocrx_word' id='word_1_290' title='bbox 799 3753 879 3822; x_wconf 82' lang='grc' dir='ltr'>εἷς</span> <span class='ocrx_word' id='word_1_291' title='bbox 930 3759 1029 3830; x_wconf 87' lang='grc' dir='ltr'><strong>μέν</strong></span> <span class='ocrx_word' id='word_1_292' title='bbox 1071 3760 1210 3824; x_wconf 82' lang='grc' dir='ltr'>ἐστι,</span> <span class='ocrx_word' id='word_1_293' title='bbox 1257 3759 1461 3822; x_wconf 87' lang='grc' dir='ltr'>πολλὰς</span> <span class='ocrx_word' id='word_1_294' title='bbox 1501 3759 1560 3812; x_wconf 82' lang='grc' dir='ltr'>δὲ</span> <span class='ocrx_word' id='word_1_295' title='bbox 1601 3763 1695 3813; x_wconf 82' lang='grc' dir='ltr'>καὶ</span> <span class='ocrx_word' id='word_1_296' title='bbox 1727 3760 1789 3813; x_wconf 87' lang='grc' dir='ltr'><strong>οὑ</strong></span> <span class='ocrx_word' id='word_1_297' title='bbox 1823 3760 1955 3830; x_wconf 89' lang='grc' dir='ltr'>μίαν</span> 
     </span>
    </p>
   </div>
   <div class='ocr_carea' id='block_1_42' title="bbox 371 3848 1956 3921">
    <p class='ocr_par' dir='ltr' id='par_1_42' title="bbox 371 3848 1956 3921">
     <span class='ocr_line' id='line_1_42' title="bbox 371 3848 1956 3921; baseline 0.003 -22"><span class='ocrx_word' id='word_1_298' title='bbox 371 3848 474 3918; x_wconf 80' lang='grc' dir='ltr'>τῆς</span> <span class='ocrx_word' id='word_1_299' title='bbox 518 3849 681 3902; x_wconf 79' lang='grc' dir='ltr'>αὑτοῦ</span> <span class='ocrx_word' id='word_1_300' title='bbox 723 3849 924 3913; x_wconf 80' lang='grc' dir='ltr'>ζέσεως</span> <span class='ocrx_word' id='word_1_301' title='bbox 973 3850 1074 3920; x_wconf 81' lang='grc' dir='ltr'><strong>τὴν</strong></span> <span class='ocrx_word' id='word_1_302' title='bbox 1119 3849 1375 3921; x_wconf 79' lang='grc' dir='ltr'>ἀφορμὴν</span> <span class='ocrx_word' id='word_1_303' title='bbox 1412 3849 1680 3919; x_wconf 87' lang='grc' dir='ltr'>κέκτηται</span> <span class='ocrx_word' id='word_1_304' title='bbox 1715 3864 1729 3877; x_wconf 91' lang='grc'><strong>·</strong></span> <span class='ocrx_word' id='word_1_305' title='bbox 1782 3849 1956 3913; x_wconf 79' lang='grc' dir='ltr'>οὕτως</span> 
     </span>
    </p>
   </div>
   <div class='ocr_carea' id='block_1_43' title="bbox 378 3938 1954 4012">
    <p class='ocr_par' dir='ltr' id='par_1_43' title="bbox 378 3938 1954 4012">
     <span class='ocr_line' id='line_1_43' title="bbox 378 3938 1954 4012; baseline -0.001 -18"><span class='ocrx_word' id='word_1_306' title='bbox 378 3943 481 3995; x_wconf 74' lang='grc' dir='ltr'>καὶ</span> <span class='ocrx_word' id='word_1_307' title='bbox 506 3940 654 4012; x_wconf 57' lang='lat' dir='ltr'><strong>quo</strong></span> <span class='ocrx_word' id='word_1_308' title='bbox 678 3941 848 4012; x_wconf 83' lang='grc' dir='ltr'>θυμοῦ</span> <span class='ocrx_word' id='word_1_309' title='bbox 879 3941 1047 4007; x_wconf 77' lang='grc' dir='ltr'>ζέσις,</span> <span class='ocrx_word' id='word_1_310' title='bbox 1077 3943 1172 3994; x_wconf 75' lang='grc' dir='ltr'><strong>καὶ</strong></span> <span class='ocrx_word' id='word_1_311' title='bbox 1217 3942 1451 4012; x_wconf 88' lang='grc' dir='ltr'>κίνησις,</span> <span class='ocrx_word' id='word_1_312' title='bbox 1483 3943 1579 3994; x_wconf 78' lang='grc' dir='ltr'>καὶ</span> <span class='ocrx_word' id='word_1_313' title='bbox 1609 3940 1718 3994; x_wconf 89' lang='grc' dir='ltr'><strong>τῶν</strong></span> <span class='ocrx_word' id='word_1_314' title='bbox 1751 3938 1954 3993; x_wconf 90' lang='grc' dir='ltr'>λοιπῶν</span> 
     </span>
    </p>
   </div>
   <div class='ocr_carea' id='block_1_44' title="bbox 374 4032 1954 4105">
    <p class='ocr_par' dir='ltr' id='par_1_44' title="bbox 374 4032 1954 4105">
     <span class='ocr_line' id='line_1_44' title="bbox 374 4032 1954 4105; baseline 0.001 -21"><span class='ocrx_word' id='word_1_315' title='bbox 374 4032 544 4104; x_wconf 75' lang='grc' dir='ltr'>ἡμῶν</span> <span class='ocrx_word' id='word_1_316' title='bbox 586 4032 774 4087; x_wconf 85' lang='grc' dir='ltr'>παθῶν</span> <span class='ocrx_word' id='word_1_317' title='bbox 820 4034 1019 4097; x_wconf 85' lang='grc' dir='ltr'>πολλὰς</span> <span class='ocrx_word' id='word_1_318' title='bbox 1061 4034 1156 4088; x_wconf 77' lang='grc' dir='ltr'>καὶ</span> <span class='ocrx_word' id='word_1_319' title='bbox 1197 4033 1486 4105; x_wconf 85' lang='grc' dir='ltr'>διαφόρους</span> <span class='ocrx_word' id='word_1_320' title='bbox 1526 4033 1705 4096; x_wconf 82' lang='grc' dir='ltr'>αἰτίας</span> <span class='ocrx_word' id='word_1_321' title='bbox 1756 4032 1954 4104; x_wconf 71' lang='grc' dir='ltr'>ἔχουσα</span> 
     </span>
    </p>
   </div>
   <div class='ocr_carea' id='block_1_45' title="bbox 374 4123 1953 4194">
    <p class='ocr_par' dir='ltr' id='par_1_45' title="bbox 374 4123 1953 4194">
     <span class='ocr_line' id='line_1_45' title="bbox 374 4123 1953 4194; baseline -0.002 -16"><span class='ocrx_word' id='word_1_322' title='bbox 374 4123 770 4194; x_wconf 76' lang='grc' dir='ltr'>καθεστήκασι.</span> <span class='ocrx_word' id='word_1_323' title='bbox 816 4127 900 4180; x_wconf 83' lang='grc' dir='ltr'>Διὸ</span> <span class='ocrx_word' id='word_1_324' title='bbox 947 4127 1039 4179; x_wconf 77' lang='grc' dir='ltr'><strong>καί</strong></span> <span class='ocrx_word' id='word_1_325' title='bbox 1080 4125 1340 4179; x_wconf 88' lang='grc' dir='ltr'>ἀδύνατον</span> <span class='ocrx_word' id='word_1_326' title='bbox 1375 4124 1517 4178; x_wconf 85' lang='grc' dir='ltr'>κατὰ</span> <span class='ocrx_word' id='word_1_327' title='bbox 1555 4125 1761 4176; x_wconf 87' lang='grc' dir='ltr'>τούτων</span> <span class='ocrx_word' id='word_1_328' title='bbox 1793 4139 1953 4193; x_wconf 90' lang='grc' dir='ltr'>μονο-</span> 
     </span>
    </p>
   </div>
   <div class='ocr_carea' id='block_1_46' title="bbox 371 4215 1950 4288">
    <p class='ocr_par' dir='ltr' id='par_1_46' title="bbox 371 4215 1950 4288">
     <span class='ocr_line' id='line_1_46' title="bbox 371 4215 1950 4288; baseline -0.001 -20"><span class='ocrx_word' id='word_1_329' title='bbox 371 4216 598 4284; x_wconf 84' lang='grc' dir='ltr'>τρόπως</span> <span class='ocrx_word' id='word_1_330' title='bbox 621 4217 922 4288; x_wconf 83' lang='grc' dir='ltr'>ὁρίσασθαι.</span> <span class='ocrx_word' id='word_1_331' title='bbox 949 4217 1176 4288; x_wconf 82' lang='grc' dir='ltr'>Γνώμην</span> <span class='ocrx_word' id='word_1_332' title='bbox 1206 4218 1260 4271; x_wconf 83' lang='grc' dir='ltr'>δὲ</span> <span class='ocrx_word' id='word_1_333' title='bbox 1283 4217 1470 4288; x_wconf 87' lang='grc' dir='ltr'>δίδωμι</span> <span class='ocrx_word' id='word_1_334' title='bbox 1498 4216 1702 4286; x_wconf 82' lang='grc' dir='ltr'>μᾶλλον</span> <span class='ocrx_word' id='word_1_335' title='bbox 1738 4217 1796 4268; x_wconf 83' lang='grc' dir='ltr'>ὲν</span> <span class='ocrx_word' id='word_1_336' title='bbox 1819 4215 1950 4268; x_wconf 55' lang='grc' dir='ltr'>ἑκά-</span> 
     </span>
    </p>
   </div>
   <div class='ocr_carea' id='block_1_47' title="bbox 371 4307 1950 4382">
    <p class='ocr_par' dir='ltr' id='par_1_47' title="bbox 371 4307 1950 4382">
     <span class='ocr_line' id='line_1_47' title="bbox 371 4307 1950 4382; baseline 0 -22"><span class='ocrx_word' id='word_1_337' title='bbox 371 4324 506 4361; x_wconf 85' lang='grc' dir='ltr'>στου</span> <span class='ocrx_word' id='word_1_338' title='bbox 543 4308 726 4363; x_wconf 81' lang='grc' dir='ltr'>λοιπὸν</span> <span class='ocrx_word' id='word_1_339' title='bbox 772 4311 880 4363; x_wconf 87' lang='grc' dir='ltr'><strong>τῶν</strong></span> <span class='ocrx_word' id='word_1_340' title='bbox 907 4313 1206 4364; x_wconf 76' lang='grc' dir='ltr'>νοσούντων</span> <span class='ocrx_word' id='word_1_341' title='bbox 1253 4309 1709 4382; x_wconf 80' lang='grc' dir='ltr'>μεμεριμνημένῃ</span> <span class='ocrx_word' id='word_1_342' title='bbox 1749 4307 1950 4378; x_wconf 85' lang='grc' dir='ltr'>σπουδῇ</span> 
     </span>
    </p>
   </div>
   <div class='ocr_carea' id='block_1_48' title="bbox 367 4398 1953 4472">
    <p class='ocr_par' dir='ltr' id='par_1_48' title="bbox 367 4398 1953 4472">
     <span class='ocr_line' id='line_1_48' title="bbox 367 4398 1953 4472; baseline -0.001 -19"><span class='ocrx_word' id='word_1_343' title='bbox 367 4399 478 4466; x_wconf 81' lang='grc' dir='ltr'>τῆς</span> <span class='ocrx_word' id='word_1_344' title='bbox 503 4399 742 4470; x_wconf 88' lang='grc' dir='ltr'>ἰατρείας</span> <span class='ocrx_word' id='word_1_345' title='bbox 771 4403 871 4472; x_wconf 81' lang='grc' dir='ltr'>τὴν</span> <span class='ocrx_word' id='word_1_346' title='bbox 903 4401 1199 4472; x_wconf 77' lang='grc' dir='ltr'>θεραπείαν</span> <span class='ocrx_word' id='word_1_347' title='bbox 1229 4399 1527 4471; x_wconf 79' lang='grc' dir='ltr'>ἐπιζητεῖν.</span> <span class='ocrx_word' id='word_1_348' title='bbox 1569 4399 1766 4471; x_wconf 84' lang='grc' dir='ltr'>Πρώτη</span> <span class='ocrx_word' id='word_1_349' title='bbox 1809 4398 1854 4451; x_wconf 85' lang='grc' dir='ltr'>δ’</span> <span class='ocrx_word' id='word_1_350' title='bbox 1885 4399 1953 4451; x_wconf 80' lang='grc' dir='ltr'><strong>ἂν</strong></span> 
     </span>
    </p>
   </div>
   <div class='ocr_carea' id='block_1_49' title="bbox 2055 561 3634 634">
    <p class='ocr_par' dir='ltr' id='par_1_49' title="bbox 2055 561 3634 634">
     <span class='ocr_line' id='line_1_49' title="bbox 2055 561 3634 634; baseline 0.004 -21"><span class='ocrx_word' id='word_1_351' title='bbox 2055 561 2252 629; x_wconf 80' lang='lat' dir='ltr'><strong>aliquis</strong></span> <span class='ocrx_word' id='word_1_352' title='bbox 2301 576 2332 616; x_wconf 92' lang='lat' dir='ltr'><strong>c</strong></span> <span class='ocrx_word' id='word_1_353' title='bbox 2391 563 2811 631; x_wconf 79' lang='lat' dir='ltr'><strong>sapientissimis</strong></span> <span class='ocrx_word' id='word_1_354' title='bbox 2858 562 3086 617; x_wconf 77' lang='lat' dir='ltr'><strong>fratrum</strong></span> <span class='ocrx_word' id='word_1_355' title='bbox 3146 579 3248 634; x_wconf 91' lang='lat' dir='ltr'><strong>ope</strong></span> <span class='ocrx_word' id='word_1_356' title='bbox 3299 569 3471 622; x_wconf 83' lang='lat' dir='ltr'><strong>sancti</strong></span> <span class='ocrx_word' id='word_1_357' title='bbox 3537 584 3634 622; x_wconf 80' lang='lat' dir='ltr'><strong>an-</strong></span> 
     </span>
    </p>
   </div>
   <div class='ocr_carea' id='block_1_50' title="bbox 2053 649 3630 725">
    <p class='ocr_par' dir='ltr' id='par_1_50' title="bbox 2053 649 3630 725">
     <span class='ocr_line' id='line_1_50' title="bbox 2053 649 3630 725; baseline 0.006 -23"><span class='ocrx_word' id='word_1_358' title='bbox 2053 649 2188 718; x_wconf 78' lang='lat' dir='ltr'><strong>geli,</strong></span> <span class='ocrx_word' id='word_1_359' title='bbox 2265 659 2520 720; x_wconf 88' lang='lat' dir='ltr'><strong>tanquam</strong></span> <span class='ocrx_word' id='word_1_360' title='bbox 2567 667 2662 705; x_wconf 83' lang='lat' dir='ltr'><strong>vas</strong></span> <span class='ocrx_word' id='word_1_361' title='bbox 2717 651 2838 706; x_wconf 81' lang='lat' dir='ltr'><strong>oleo</strong></span> <span class='ocrx_word' id='word_1_362' title='bbox 2887 653 3105 722; x_wconf 90' lang='lat' dir='ltr'><strong>plenum</strong></span> <span class='ocrx_word' id='word_1_363' title='bbox 3161 656 3630 725; x_wconf 82' lang='lat' dir='ltr'><strong>perturbationum</strong></span> 
     </span>
    </p>
   </div>
   <div class='ocr_carea' id='block_1_51' title="bbox 2053 739 3634 818">
    <p class='ocr_par' dir='ltr' id='par_1_51' title="bbox 2053 739 3634 818">
     <span class='ocr_line' id='line_1_51' title="bbox 2053 739 3634 818; baseline 0.006 -24"><span class='ocrx_word' id='word_1_364' title='bbox 2053 739 2250 795; x_wconf 66' lang='lat' dir='ltr'><strong>ﬂuetus</strong></span> <span class='ocrx_word' id='word_1_365' title='bbox 2313 743 2525 803; x_wconf 87' lang='lat' dir='ltr'><strong>sedare,</strong></span> <span class='ocrx_word' id='word_1_366' title='bbox 2586 758 2886 813; x_wconf 83' lang='lat' dir='ltr'><strong>navemque</strong></span> <span class='ocrx_word' id='word_1_367' title='bbox 2939 746 2992 798; x_wconf 90' lang='lat' dir='ltr'><strong>in</strong></span> <span class='ocrx_word' id='word_1_368' title='bbox 3036 761 3281 801; x_wconf 82' lang='lat' dir='ltr'><strong>serenam</strong></span> <span class='ocrx_word' id='word_1_369' title='bbox 3325 750 3634 818; x_wconf 76' lang='lat' dir='ltr'><strong>tranquilli—</strong></span> 
     </span>
    </p>
   </div>
   <div class='ocr_carea' id='block_1_52' title="bbox 2053 834 3722 909">
    <p class='ocr_par' dir='ltr' id='par_1_52' title="bbox 2053 834 3722 909">
     <span class='ocr_line' id='line_1_52' title="bbox 2053 834 3722 909; baseline 0.006 -23"><span class='ocrx_word' id='word_1_370' title='bbox 2053 841 2216 886; x_wconf 83' lang='lat' dir='ltr'><strong>tatem</strong></span> <span class='ocrx_word' id='word_1_371' title='bbox 2296 834 2574 898; x_wconf 86' lang='lat' dir='ltr'><strong>reducere,</strong></span> <span class='ocrx_word' id='word_1_372' title='bbox 2627 836 2704 888; x_wconf 96' lang='lat' dir='ltr'><strong>uti</strong></span> <span class='ocrx_word' id='word_1_373' title='bbox 2776 851 2874 905; x_wconf 89' lang='lat' dir='ltr'><strong>pro</strong></span> <span class='ocrx_word' id='word_1_374' title='bbox 2941 839 3018 890; x_wconf 74' lang='lat' dir='ltr'><strong>rei</strong></span> <span class='ocrx_word' id='word_1_375' title='bbox 3092 839 3461 909; x_wconf 74' lang='lat' dir='ltr'><strong>magnitudine</strong></span> <span class='ocrx_word' id='word_1_376' title='bbox 3535 857 3632 896; x_wconf 82' lang='lat' dir='ltr'><strong>ex-</strong></span> <span class='ocrx_word' id='word_1_377' title='bbox 3715 855 3722 862; x_wconf 91' lang='lat'>&#39;</span> 
     </span>
    </p>
   </div>
   <div class='ocr_carea' id='block_1_53' title="bbox 2053 921 3634 993">
    <p class='ocr_par' dir='ltr' id='par_1_53' title="bbox 2053 921 3634 993">
     <span class='ocr_line' id='line_1_53' title="bbox 2053 921 3634 993; baseline 0.006 -19"><span class='ocrx_word' id='word_1_378' title='bbox 2053 921 2288 990; x_wconf 86' lang='lat' dir='ltr'><strong>emplum</strong></span> <span class='ocrx_word' id='word_1_379' title='bbox 2365 923 2579 976; x_wconf 84' lang='lat' dir='ltr'><strong>virtutis</strong></span> <span class='ocrx_word' id='word_1_380' title='bbox 2621 924 3038 979; x_wconf 88' lang='lat' dir='ltr'><strong>saluberrimum</strong></span> <span class='ocrx_word' id='word_1_381' title='bbox 3116 927 3368 981; x_wconf 78' lang='lat' dir='ltr'><strong>omnibus</strong></span> <span class='ocrx_word' id='word_1_382' title='bbox 3435 926 3634 993; x_wconf 82' lang='lat' dir='ltr'><strong>factus,</strong></span> 
     </span>
    </p>
   </div>
   <div class='ocr_carea' id='block_1_54' title="bbox 2053 1014 3634 1090">
    <p class='ocr_par' dir='ltr' id='par_1_54' title="bbox 2053 1014 3634 1090">
     <span class='ocr_line' id='line_1_54' title="bbox 2053 1014 3634 1090; baseline 0.007 -25"><span class='ocrx_word' id='word_1_383' title='bbox 2053 1014 2336 1083; x_wconf 69' lang='lat' dir='ltr'><strong>praemium</strong></span> <span class='ocrx_word' id='word_1_384' title='bbox 2392 1015 2852 1082; x_wconf 83' lang='lat' dir='ltr'><strong>quemadmodum</strong></span> <span class='ocrx_word' id='word_1_385' title='bbox 2916 1019 3068 1086; x_wconf 90' lang='lat' dir='ltr'><strong>prior</strong></span> <span class='ocrx_word' id='word_1_386' title='bbox 3109 1019 3374 1086; x_wconf 86' lang='lat' dir='ltr'><strong>judicium</strong></span> <span class='ocrx_word' id='word_1_387' title='bbox 3421 1029 3474 1074; x_wconf 91' lang='lat' dir='ltr'><strong>et</strong></span> <span class='ocrx_word' id='word_1_388' title='bbox 3517 1036 3634 1090; x_wconf 68' lang='lat' dir='ltr'><strong>pw-</strong></span> 
     </span>
    </p>
   </div>
   <div class='ocr_carea' id='block_1_55' title="bbox 2053 1104 3632 1178">
    <p class='ocr_par' dir='ltr' id='par_1_55' title="bbox 2053 1104 3632 1178">
     <span class='ocr_line' id='line_1_55' title="bbox 2053 1104 3632 1178; baseline 0.004 -22"><span class='ocrx_word' id='word_1_389' title='bbox 2053 1118 2202 1166; x_wconf 88' lang='lat' dir='ltr'><strong>nam,</strong></span> <span class='ocrx_word' id='word_1_390' title='bbox 2246 1114 2502 1172; x_wconf 80' lang='lat' dir='ltr'><strong>reportet.</strong></span> <span class='ocrx_word' id='word_1_391' title='bbox 2563 1104 2951 1160; x_wconf 82' lang='lat' dir='ltr'><strong>Rudimentum</strong></span> <span class='ocrx_word' id='word_1_392' title='bbox 3005 1108 3240 1176; x_wconf 88' lang='lat' dir='ltr'><strong>primum</strong></span> <span class='ocrx_word' id='word_1_393' title='bbox 3293 1109 3465 1162; x_wconf 72' lang='lat' dir='ltr'><strong>beata:</strong></span> <span class='ocrx_word' id='word_1_394' title='bbox 3535 1125 3632 1178; x_wconf 83' lang='lat' dir='ltr'><strong>pa—</strong></span> 
     </span>
    </p>
   </div>
   <div class='ocr_carea' id='block_1_56' title="bbox 2055 1194 3636 1259">
    <p class='ocr_par' dir='ltr' id='par_1_56' title="bbox 2055 1194 3636 1259">
     <span class='ocr_line' id='line_1_56' title="bbox 2055 1194 3636 1259; baseline 0.003 -9"><span class='ocrx_word' id='word_1_395' title='bbox 2055 1194 2255 1250; x_wconf 75' lang='lat' dir='ltr'><strong>tientia:</strong></span> <span class='ocrx_word' id='word_1_396' title='bbox 2313 1205 2413 1259; x_wconf 89' lang='lat' dir='ltr'><strong>cst,</strong></span> <span class='ocrx_word' id='word_1_397' title='bbox 2501 1197 2864 1252; x_wconf 83' lang='lat' dir='ltr'><strong>contumelias</strong></span> <span class='ocrx_word' id='word_1_398' title='bbox 2933 1213 3057 1252; x_wconf 88' lang='lat' dir='ltr'><strong>cum</strong></span> <span class='ocrx_word' id='word_1_399' title='bbox 3103 1198 3273 1252; x_wconf 90' lang='lat' dir='ltr'><strong>animi</strong></span> <span class='ocrx_word' id='word_1_400' title='bbox 3328 1199 3636 1254; x_wconf 89' lang='lat' dir='ltr'><strong>acerbitate</strong></span> 
     </span>
    </p>
   </div>
   <div class='ocr_carea' id='block_1_57' title="bbox 2053 1287 3630 1359">
    <p class='ocr_par' dir='ltr' id='par_1_57' title="bbox 2053 1287 3630 1359">
     <span class='ocr_line' id='line_1_57' title="bbox 2053 1287 3630 1359; baseline 0.003 -19"><span class='ocrx_word' id='word_1_401' title='bbox 2053 1295 2107 1340; x_wconf 88' lang='lat' dir='ltr'><strong>et</strong></span> <span class='ocrx_word' id='word_1_402' title='bbox 2161 1287 2348 1341; x_wconf 85' lang='lat' dir='ltr'><strong>dolore</strong></span> <span class='ocrx_word' id='word_1_403' title='bbox 2401 1287 2652 1342; x_wconf 90' lang='lat' dir='ltr'><strong>tolerare.</strong></span> <span class='ocrx_word' id='word_1_404' title='bbox 2706 1289 2762 1341; x_wconf 87' lang='lat' dir='ltr'><strong>In</strong></span> <span class='ocrx_word' id='word_1_405' title='bbox 2815 1288 2991 1343; x_wconf 89' lang='lat' dir='ltr'><strong>medio</strong></span> <span class='ocrx_word' id='word_1_406' title='bbox 3060 1301 3328 1354; x_wconf 80' lang='lat' dir='ltr'><strong>versatur,</strong></span> <span class='ocrx_word' id='word_1_407' title='bbox 3377 1289 3630 1359; x_wconf 84' lang='lat' dir='ltr'><strong>qui-jam</strong></span> 
     </span>
    </p>
   </div>
   <div class='ocr_carea' id='block_1_58' title="bbox 2053 1376 3629 1447">
    <p class='ocr_par' dir='ltr' id='par_1_58' title="bbox 2053 1376 3629 1447">
     <span class='ocr_line' id='line_1_58' title="bbox 2053 1376 3629 1447; baseline 0.001 -17"><span class='ocrx_word' id='word_1_408' title='bbox 2053 1376 2273 1430; x_wconf 87' lang='lat' dir='ltr'><strong>easdem</strong></span> <span class='ocrx_word' id='word_1_409' title='bbox 2329 1377 2677 1447; x_wconf 71' lang='lat' dir='ltr'><strong>indignitates</strong></span> <span class='ocrx_word' id='word_1_410' title='bbox 2710 1378 2830 1432; x_wconf 88' lang='lat' dir='ltr'><strong>sine</strong></span> <span class='ocrx_word' id='word_1_411' title='bbox 2881 1378 3127 1432; x_wconf 82' lang='lat' dir='ltr'><strong>molestia</strong></span> <span class='ocrx_word' id='word_1_412' title='bbox 3174 1379 3342 1431; x_wconf 91' lang='lat' dir='ltr'><strong>animi</strong></span> <span class='ocrx_word' id='word_1_413' title='bbox 3377 1380 3629 1434; x_wconf 89' lang='lat' dir='ltr'><strong>sustinet.</strong></span> 
     </span>
    </p>
   </div>
   <div class='ocr_carea' id='block_1_59' title="bbox 2053 1466 3634 1538">
    <p class='ocr_par' dir='ltr' id='par_1_59' title="bbox 2053 1466 3634 1538">
     <span class='ocr_line' id='line_1_59' title="bbox 2053 1466 3634 1538; baseline 0.004 -20"><span class='ocrx_word' id='word_1_414' title='bbox 2053 1466 2133 1520; x_wconf 85' lang='lat' dir='ltr'><strong>Ad</strong></span> <span class='ocrx_word' id='word_1_415' title='bbox 2179 1482 2452 1521; x_wconf 86' lang='lat' dir='ltr'><strong>summum</strong></span> <span class='ocrx_word' id='word_1_416' title='bbox 2495 1466 2845 1538; x_wconf 78' lang='lat' dir='ltr'><strong>perfectionis</strong></span> <span class='ocrx_word' id='word_1_417' title='bbox 2885 1469 3112 1538; x_wconf 78' lang='lat' dir='ltr'><strong>gradum</strong></span> <span class='ocrx_word' id='word_1_418' title='bbox 3152 1469 3414 1532; x_wconf 87' lang='lat' dir='ltr'><strong>ascendit,</strong></span> <span class='ocrx_word' id='word_1_419' title='bbox 3465 1470 3509 1523; x_wconf 90' lang='lat' dir='ltr'><strong>si</strong></span> <span class='ocrx_word' id='word_1_420' title='bbox 3553 1479 3634 1524; x_wconf 87' lang='lat' dir='ltr'><strong>ta-</strong></span> 
     </span>
    </p>
   </div>
   <div class='ocr_carea' id='block_1_60' title="bbox 2055 1557 3632 1628">
    <p class='ocr_par' dir='ltr' id='par_1_60' title="bbox 2055 1557 3632 1628">
     <span class='ocr_line' id='line_1_60' title="bbox 2055 1557 3632 1628; baseline 0.002 -19"><span class='ocrx_word' id='word_1_421' title='bbox 2055 1571 2177 1610; x_wconf 89' lang='lat' dir='ltr'><strong>men</strong></span> <span class='ocrx_word' id='word_1_422' title='bbox 2207 1566 2310 1622; x_wconf 89' lang='lat' dir='ltr'><strong>cst,</strong></span> <span class='ocrx_word' id='word_1_423' title='bbox 2339 1557 2433 1626; x_wconf 92' lang='lat' dir='ltr'><strong>qui</strong></span> <span class='ocrx_word' id='word_1_424' title='bbox 2460 1572 2700 1626; x_wconf 85' lang='lat' dir='ltr'><strong>unquam</strong></span> <span class='ocrx_word' id='word_1_425' title='bbox 2740 1559 3004 1620; x_wconf 87' lang='lat' dir='ltr'><strong>ascendit,</strong></span> <span class='ocrx_word' id='word_1_426' title='bbox 3042 1559 3133 1626; x_wconf 88' lang='lat' dir='ltr'><strong>qui</strong></span> <span class='ocrx_word' id='word_1_427' title='bbox 3171 1559 3500 1628; x_wconf 79' lang='lat' dir='ltr'><strong>ignominias</strong></span> <span class='ocrx_word' id='word_1_428' title='bbox 3535 1573 3632 1627; x_wconf 87' lang='lat' dir='ltr'><strong>pro</strong></span> 
     </span>
    </p>
   </div>
   <div class='ocr_carea' id='block_1_61' title="bbox 2053 1647 3637 1717">
    <p class='ocr_par' dir='ltr' id='par_1_61' title="bbox 2053 1647 3637 1717">
     <span class='ocr_line' id='line_1_61' title="bbox 2053 1647 3637 1717; baseline 0.001 -17"><span class='ocrx_word' id='word_1_429' title='bbox 2053 1647 2306 1702; x_wconf 88' lang='lat' dir='ltr'><strong>laudibus</strong></span> <span class='ocrx_word' id='word_1_430' title='bbox 2345 1649 2461 1702; x_wconf 86' lang='lat' dir='ltr'><strong>suis</strong></span> <span class='ocrx_word' id='word_1_431' title='bbox 2509 1649 2914 1717; x_wconf 84' lang='lat' dir='ltr'><strong>interpretatur.</strong></span> <span class='ocrx_word' id='word_1_432' title='bbox 2951 1649 3197 1703; x_wconf 86' lang='lat' dir='ltr'><strong>Gaudeat</strong></span> <span class='ocrx_word' id='word_1_433' title='bbox 3231 1648 3460 1717; x_wconf 87' lang='lat' dir='ltr'><strong>primus,</strong></span> <span class='ocrx_word' id='word_1_434' title='bbox 3490 1648 3637 1702; x_wconf 82' lang='lat' dir='ltr'><strong>vivat</strong></span> 
     </span>
    </p>
   </div>
   <div class='ocr_carea' id='block_1_62' title="bbox 2057 1737 3634 1812">
    <p class='ocr_par' dir='ltr' id='par_1_62' title="bbox 2057 1737 3634 1812">
     <span class='ocr_line' id='line_1_62' title="bbox 2057 1737 3634 1812; baseline 0.001 -20"><span class='ocrx_word' id='word_1_435' title='bbox 2057 1738 2226 1810; x_wconf 87' lang='lat' dir='ltr'><strong>[bene</strong></span> <span class='ocrx_word' id='word_1_436' title='bbox 2275 1737 2483 1812; x_wconf 83' lang='lat' dir='ltr'><strong>valeat]</strong></span> <span class='ocrx_word' id='word_1_437' title='bbox 2530 1741 2684 1805; x_wconf 85' lang='lat' dir='ltr'><strong>alter,</strong></span> <span class='ocrx_word' id='word_1_438' title='bbox 2728 1740 2849 1794; x_wconf 87' lang='lat' dir='ltr'><strong>felix</strong></span> <span class='ocrx_word' id='word_1_439' title='bbox 2893 1751 2947 1796; x_wconf 90' lang='lat' dir='ltr'><strong>et</strong></span> <span class='ocrx_word' id='word_1_440' title='bbox 2994 1742 3184 1796; x_wconf 77' lang='lat' dir='ltr'><strong>beatus</strong></span> <span class='ocrx_word' id='word_1_441' title='bbox 3227 1741 3524 1809; x_wconf 89' lang='lat' dir='ltr'><strong>triumphet</strong></span> <span class='ocrx_word' id='word_1_442' title='bbox 3580 1740 3634 1793; x_wconf 92' lang='lat' dir='ltr'><strong>in</strong></span> 
     </span>
    </p>
   </div>
   <div class='ocr_carea' id='block_1_63' title="bbox 1985 1807 3637 1901">
    <p class='ocr_par' dir='ltr' id='par_1_63' title="bbox 1985 1807 3637 1901">
     <span class='ocr_line' id='line_1_63' title="bbox 1985 1807 3637 1901; baseline 0.001 -17"><span class='ocrx_word' id='word_1_443' title='bbox 1985 1807 2028 1863; x_wconf 71' lang='grc' dir='ltr'><strong>Β</strong></span> <span class='ocrx_word' id='word_1_444' title='bbox 2061 1830 2292 1885; x_wconf 88' lang='lat' dir='ltr'><strong>Domino</strong></span> <span class='ocrx_word' id='word_1_445' title='bbox 2327 1841 2654 1901; x_wconf 90' lang='lat' dir='ltr'><strong>postremus.</strong></span> <span class='ocrx_word' id='word_1_446' title='bbox 2691 1831 2988 1886; x_wconf 86' lang='lat' dir='ltr'><strong>Dolendutn</strong></span> <span class='ocrx_word' id='word_1_447' title='bbox 3041 1833 3396 1886; x_wconf 86' lang='lat' dir='ltr'><strong>animadverti</strong></span> <span class='ocrx_word' id='word_1_448' title='bbox 3429 1831 3482 1884; x_wconf 86' lang='lat' dir='ltr'><strong>in</strong></span> <span class='ocrx_word' id='word_1_449' title='bbox 3528 1840 3637 1885; x_wconf 87' lang='lat' dir='ltr'><strong>sto-</strong></span> 
     </span>
    </p>
   </div>
   <div class='ocr_carea' id='block_1_64' title="bbox 2063 1923 3634 1992">
    <p class='ocr_par' dir='ltr' id='par_1_64' title="bbox 2063 1923 3634 1992">
     <span class='ocr_line' id='line_1_64' title="bbox 2063 1923 3634 1992; baseline 0.001 -17"><span class='ocrx_word' id='word_1_450' title='bbox 2063 1924 2337 1976; x_wconf 79' lang='lat' dir='ltr'><strong>maeliosis</strong></span> <span class='ocrx_word' id='word_1_451' title='bbox 2379 1924 2774 1992; x_wconf 85' lang='lat' dir='ltr'><strong>spectaculum,</strong></span> <span class='ocrx_word' id='word_1_452' title='bbox 2818 1924 2965 1992; x_wconf 89' lang='lat' dir='ltr'><strong>quod</strong></span> <span class='ocrx_word' id='word_1_453' title='bbox 3019 1923 3125 1978; x_wconf 89' lang='lat' dir='ltr'><strong>illis</strong></span> <span class='ocrx_word' id='word_1_454' title='bbox 3163 1939 3227 1977; x_wconf 80' lang='lat' dir='ltr'><strong>ex</strong></span> <span class='ocrx_word' id='word_1_455' title='bbox 3260 1938 3462 1977; x_wconf 86' lang='lat' dir='ltr'><strong>arcano</strong></span> <span class='ocrx_word' id='word_1_456' title='bbox 3493 1938 3634 1992; x_wconf 89' lang='lat' dir='ltr'><strong>quo-</strong></span> 
     </span>
    </p>
   </div>
   <div class='ocr_carea' id='block_1_65' title="bbox 2059 2014 3635 2085">
    <p class='ocr_par' dir='ltr' id='par_1_65' title="bbox 2059 2014 3635 2085">
     <span class='ocr_line' id='line_1_65' title="bbox 2059 2014 3635 2085; baseline -0.001 -16"><span class='ocrx_word' id='word_1_457' title='bbox 2059 2015 2182 2069; x_wconf 88' lang='lat' dir='ltr'><strong>dam</strong></span> <span class='ocrx_word' id='word_1_458' title='bbox 2245 2016 2414 2068; x_wconf 88' lang='lat' dir='ltr'><strong>animi</strong></span> <span class='ocrx_word' id='word_1_459' title='bbox 2471 2026 2686 2070; x_wconf 89' lang='lat' dir='ltr'><strong>tumore</strong></span> <span class='ocrx_word' id='word_1_460' title='bbox 2732 2031 2833 2068; x_wconf 90' lang='lat' dir='ltr'><strong>usu</strong></span> <span class='ocrx_word' id='word_1_461' title='bbox 2870 2016 3055 2067; x_wconf 88' lang='lat' dir='ltr'><strong>venire</strong></span> <span class='ocrx_word' id='word_1_462' title='bbox 3101 2015 3260 2085; x_wconf 79' lang='lat'><strong>176</strong></span> <span class='ocrx_word' id='word_1_463' title='bbox 3297 2014 3456 2078; x_wconf 88' lang='lat' dir='ltr'><strong>solet,</strong></span> <span class='ocrx_word' id='word_1_464' title='bbox 3508 2029 3635 2069; x_wconf 90' lang='lat' dir='ltr'><strong>cum</strong></span> 
     </span>
    </p>
   </div>
   <div class='ocr_carea' id='block_1_66' title="bbox 2059 2105 3633 2166">
    <p class='ocr_par' dir='ltr' id='par_1_66' title="bbox 2059 2105 3633 2166">
     <span class='ocr_line' id='line_1_66' title="bbox 2059 2105 3633 2166; baseline 0.001 -9"><span class='ocrx_word' id='word_1_465' title='bbox 2059 2105 2185 2158; x_wconf 80' lang='lat' dir='ltr'><strong>victi</strong></span> <span class='ocrx_word' id='word_1_466' title='bbox 2236 2106 2305 2158; x_wconf 89' lang='lat' dir='ltr'><strong>ab</strong></span> <span class='ocrx_word' id='word_1_467' title='bbox 2353 2106 2432 2158; x_wconf 88' lang='lat' dir='ltr'><strong>ira</strong></span> <span class='ocrx_word' id='word_1_468' title='bbox 2478 2119 2538 2159; x_wconf 89' lang='lat' dir='ltr'><strong>se</strong></span> <span class='ocrx_word' id='word_1_469' title='bbox 2584 2105 2762 2159; x_wconf 89' lang='lat' dir='ltr'><strong>victos</strong></span> <span class='ocrx_word' id='word_1_470' title='bbox 2799 2105 3138 2166; x_wconf 84' lang='lat' dir='ltr'><strong>irascuntur,</strong></span> <span class='ocrx_word' id='word_1_471' title='bbox 3179 2106 3480 2158; x_wconf 85' lang='lat' dir='ltr'><strong>admiratus</strong></span> <span class='ocrx_word' id='word_1_472' title='bbox 3509 2121 3633 2159; x_wconf 92' lang='lat' dir='ltr'><strong>cum</strong></span> 
     </span>
    </p>
   </div>
   <div class='ocr_carea' id='block_1_67' title="bbox 2059 2195 3638 2267">
    <p class='ocr_par' dir='ltr' id='par_1_67' title="bbox 2059 2195 3638 2267">
     <span class='ocr_line' id='line_1_67' title="bbox 2059 2195 3638 2267; baseline -0.001 -18"><span class='ocrx_word' id='word_1_473' title='bbox 2059 2197 2296 2250; x_wconf 88' lang='lat' dir='ltr'><strong>viderem</strong></span> <span class='ocrx_word' id='word_1_474' title='bbox 2352 2196 2498 2267; x_wconf 90' lang='lat' dir='ltr'><strong>quod</strong></span> <span class='ocrx_word' id='word_1_475' title='bbox 2558 2197 2718 2250; x_wconf 89' lang='lat' dir='ltr'><strong>ruina</strong></span> <span class='ocrx_word' id='word_1_476' title='bbox 2766 2195 2980 2249; x_wconf 90' lang='lat' dir='ltr'><strong>ruinam</strong></span> <span class='ocrx_word' id='word_1_477' title='bbox 3027 2205 3471 2264; x_wconf 86' lang='lat' dir='ltr'><strong>persequeretur,</strong></span> <span class='ocrx_word' id='word_1_478' title='bbox 3532 2196 3638 2250; x_wconf 89' lang='lat' dir='ltr'><strong>mi-</strong></span> 
     </span>
    </p>
   </div>
   <div class='ocr_carea' id='block_1_68' title="bbox 2059 2283 3638 2354">
    <p class='ocr_par' dir='ltr' id='par_1_68' title="bbox 2059 2283 3638 2354">
     <span class='ocr_line' id='line_1_68' title="bbox 2059 2283 3638 2354; baseline -0.001 -14"><span class='ocrx_word' id='word_1_479' title='bbox 2059 2288 2383 2354; x_wconf 86' lang='lat' dir='ltr'><strong>seratusque</strong></span> <span class='ocrx_word' id='word_1_480' title='bbox 2454 2284 2731 2348; x_wconf 84' lang='lat' dir='ltr'><strong>infelices,</strong></span> <span class='ocrx_word' id='word_1_481' title='bbox 2787 2287 2915 2337; x_wconf 92' lang='lat' dir='ltr'><strong>dum</strong></span> <span class='ocrx_word' id='word_1_482' title='bbox 2989 2296 3291 2352; x_wconf 86' lang='lat' dir='ltr'><strong>speetarem</strong></span> <span class='ocrx_word' id='word_1_483' title='bbox 3359 2283 3638 2354; x_wconf 82' lang='lat' dir='ltr'><strong>quomodo</strong></span> 
     </span>
    </p>
   </div>
   <div class='ocr_carea' id='block_1_69' title="bbox 2059 2374 3640 2446">
    <p class='ocr_par' dir='ltr' id='par_1_69' title="bbox 2059 2374 3640 2446">
     <span class='ocr_line' id='line_1_69' title="bbox 2059 2374 3640 2446; baseline -0.003 -16"><span class='ocrx_word' id='word_1_484' title='bbox 2059 2385 2342 2446; x_wconf 87' lang='lat' dir='ltr'><strong>peccatum</strong></span> <span class='ocrx_word' id='word_1_485' title='bbox 2383 2389 2608 2444; x_wconf 89' lang='lat' dir='ltr'><strong>peccato</strong></span> <span class='ocrx_word' id='word_1_486' title='bbox 2659 2375 2977 2444; x_wconf 88' lang='lat' dir='ltr'><strong>plecterent,</strong></span> <span class='ocrx_word' id='word_1_487' title='bbox 3020 2374 3456 2442; x_wconf 85' lang='lat' dir='ltr'><strong>obstupescendo</strong></span> <span class='ocrx_word' id='word_1_488' title='bbox 3495 2389 3640 2429; x_wconf 86' lang='lat' dir='ltr'><strong>sum-</strong></span> 
     </span>
    </p>
   </div>
   <div class='ocr_carea' id='block_1_70' title="bbox 2060 2464 3637 2535">
    <p class='ocr_par' dir='ltr' id='par_1_70' title="bbox 2060 2464 3637 2535">
     <span class='ocr_line' id='line_1_70' title="bbox 2060 2464 3637 2535; baseline -0.003 -13"><span class='ocrx_word' id='word_1_489' title='bbox 2060 2483 2205 2522; x_wconf 88' lang='lat' dir='ltr'><strong>mam</strong></span> <span class='ocrx_word' id='word_1_490' title='bbox 2267 2468 2574 2522; x_wconf 80' lang='lat' dir='ltr'><strong>da:monum</strong></span> <span class='ocrx_word' id='word_1_491' title='bbox 2641 2466 3064 2535; x_wconf 84' lang='lat' dir='ltr'><strong>improbitatem,</strong></span> <span class='ocrx_word' id='word_1_492' title='bbox 3118 2480 3242 2520; x_wconf 91' lang='lat' dir='ltr'><strong>cum</strong></span> <span class='ocrx_word' id='word_1_493' title='bbox 3286 2480 3476 2534; x_wconf 89' lang='lat' dir='ltr'><strong>parum</strong></span> <span class='ocrx_word' id='word_1_494' title='bbox 3537 2464 3637 2519; x_wconf 85' lang='lat' dir='ltr'><strong>ab-</strong></span> 
     </span>
    </p>
   </div>
   <div class='ocr_carea' id='block_1_71' title="bbox 2059 2556 3636 2628">
    <p class='ocr_par' dir='ltr' id='par_1_71' title="bbox 2059 2556 3636 2628">
     <span class='ocr_line' id='line_1_71' title="bbox 2059 2556 3636 2628; baseline -0.001 -16"><span class='ocrx_word' id='word_1_495' title='bbox 2059 2558 2164 2612; x_wconf 91' lang='lat' dir='ltr'><strong>fuit</strong></span> <span class='ocrx_word' id='word_1_496' title='bbox 2205 2559 2336 2628; x_wconf 81' lang='lat' dir='ltr'><strong>quin</strong></span> <span class='ocrx_word' id='word_1_497' title='bbox 2391 2558 2660 2627; x_wconf 80' lang='lat' dir='ltr'><strong>ejusmodi</strong></span> <span class='ocrx_word' id='word_1_498' title='bbox 2704 2573 2856 2611; x_wconf 86' lang='lat' dir='ltr'><strong>suam</strong></span> <span class='ocrx_word' id='word_1_499' title='bbox 2909 2557 3149 2625; x_wconf 90' lang='lat' dir='ltr'><strong>ipsorum</strong></span> <span class='ocrx_word' id='word_1_500' title='bbox 3210 2557 3378 2610; x_wconf 90' lang='lat' dir='ltr'><strong>vitam</strong></span> <span class='ocrx_word' id='word_1_501' title='bbox 3441 2556 3636 2626; x_wconf 86' lang='lat' dir='ltr'><strong>despe-</strong></span> 
     </span>
    </p>
   </div>
   <div class='ocr_carea' id='block_1_72' title="bbox 2059 2643 3639 2717">
    <p class='ocr_par' dir='ltr' id='par_1_72' title="bbox 2059 2643 3639 2717">
     <span class='ocr_line' id='line_1_72' title="bbox 2059 2643 3639 2717; baseline -0.004 -14"><span class='ocrx_word' id='word_1_502' title='bbox 2059 2660 2263 2703; x_wconf 88' lang='lat' dir='ltr'><strong>rarent.</strong></span> <span class='ocrx_word' id='word_1_503' title='bbox 2318 2647 2374 2700; x_wconf 91' lang='lat' dir='ltr'><strong>Si</strong></span> <span class='ocrx_word' id='word_1_504' title='bbox 2428 2647 2553 2717; x_wconf 85' lang='lat' dir='ltr'><strong>quis</strong></span> <span class='ocrx_word' id='word_1_505' title='bbox 2597 2647 2667 2700; x_wconf 87' lang='lat' dir='ltr'><strong>ab</strong></span> <span class='ocrx_word' id='word_1_506' title='bbox 2694 2644 2949 2714; x_wconf 86' lang='lat' dir='ltr'><strong>superbia</strong></span> <span class='ocrx_word' id='word_1_507' title='bbox 2997 2657 3049 2699; x_wconf 88' lang='lat' dir='ltr'><strong>et</strong></span> <span class='ocrx_word' id='word_1_508' title='bbox 3087 2644 3389 2709; x_wconf 83' lang='lat' dir='ltr'><strong>iracundia,</strong></span> <span class='ocrx_word' id='word_1_509' title='bbox 3432 2644 3501 2698; x_wconf 88' lang='lat' dir='ltr'><strong>ab</strong></span> <span class='ocrx_word' id='word_1_510' title='bbox 3537 2643 3639 2697; x_wconf 88' lang='lat' dir='ltr'><strong>im-</strong></span> 
     </span>
    </p>
   </div>
   <div class='ocr_carea' id='block_1_73' title="bbox 2059 2735 3636 2810">
    <p class='ocr_par' dir='ltr' id='par_1_73' title="bbox 2059 2735 3636 2810">
     <span class='ocr_line' id='line_1_73' title="bbox 2059 2735 3636 2810; baseline -0.003 -15"><span class='ocrx_word' id='word_1_511' title='bbox 2059 2741 2326 2810; x_wconf 89' lang='lat' dir='ltr'><strong>probitate</strong></span> <span class='ocrx_word' id='word_1_512' title='bbox 2365 2749 2419 2792; x_wconf 91' lang='lat' dir='ltr'><strong>et</strong></span> <span class='ocrx_word' id='word_1_513' title='bbox 2481 2737 2754 2808; x_wconf 85' lang='lat' dir='ltr'><strong>hypocrisi</strong></span> <span class='ocrx_word' id='word_1_514' title='bbox 2808 2736 2967 2790; x_wconf 90' lang='lat' dir='ltr'><strong>facile</strong></span> <span class='ocrx_word' id='word_1_515' title='bbox 3050 2750 3109 2790; x_wconf 90' lang='lat' dir='ltr'><strong>se</strong></span> <span class='ocrx_word' id='word_1_516' title='bbox 3178 2735 3321 2790; x_wconf 85' lang='lat' dir='ltr'><strong>vinci</strong></span> <span class='ocrx_word' id='word_1_517' title='bbox 3382 2735 3636 2803; x_wconf 88' lang='lat' dir='ltr'><strong>senserit,</strong></span> 
     </span>
    </p>
   </div>
   <div class='ocr_carea' id='block_1_74' title="bbox 2057 2828 3642 2898">
    <p class='ocr_par' dir='ltr' id='par_1_74' title="bbox 2057 2828 3642 2898">
     <span class='ocr_line' id='line_1_74' title="bbox 2057 2828 3642 2898; baseline -0.003 -12"><span class='ocrx_word' id='word_1_518' title='bbox 2057 2842 2112 2886; x_wconf 88' lang='lat' dir='ltr'><strong>et</strong></span> <span class='ocrx_word' id='word_1_519' title='bbox 2167 2841 2357 2886; x_wconf 90' lang='lat' dir='ltr'><strong>contra</strong></span> <span class='ocrx_word' id='word_1_520' title='bbox 2403 2831 2519 2884; x_wconf 68' lang='lat' dir='ltr'><strong>haec</strong></span> <span class='ocrx_word' id='word_1_521' title='bbox 2575 2829 2702 2884; x_wconf 89' lang='lat' dir='ltr'><strong>vitia</strong></span> <span class='ocrx_word' id='word_1_522' title='bbox 2753 2829 3045 2898; x_wconf 88' lang='lat' dir='ltr'><strong>ancipitem</strong></span> <span class='ocrx_word' id='word_1_523' title='bbox 3105 2828 3541 2883; x_wconf 86' lang='lat' dir='ltr'><strong>mansuetudinis</strong></span> <span class='ocrx_word' id='word_1_524' title='bbox 3585 2835 3642 2882; x_wconf 89' lang='lat' dir='ltr'><strong>et</strong></span> 
     </span>
    </p>
   </div>
   <div class='ocr_carea' id='block_1_75' title="bbox 2060 2919 3638 2993">
    <p class='ocr_par' dir='ltr' id='par_1_75' title="bbox 2060 2919 3638 2993">
     <span class='ocr_line' id='line_1_75' title="bbox 2060 2919 3638 2993; baseline -0.002 -18"><span class='ocrx_word' id='word_1_525' title='bbox 2060 2921 2332 2993; x_wconf 70' lang='lat' dir='ltr'><strong>patientiae</strong></span> <span class='ocrx_word' id='word_1_526' title='bbox 2391 2921 2630 2990; x_wconf 73' lang='lat' dir='ltr'><strong>gladium</strong></span> <span class='ocrx_word' id='word_1_527' title='bbox 2681 2920 2947 2990; x_wconf 83' lang='lat' dir='ltr'><strong>stringere</strong></span> <span class='ocrx_word' id='word_1_528' title='bbox 2974 2919 3217 2984; x_wconf 90' lang='lat' dir='ltr'><strong>molitur,</strong></span> <span class='ocrx_word' id='word_1_529' title='bbox 3259 2919 3638 2988; x_wconf 76' lang='lat' dir='ltr'><strong>proﬁciscatur</strong></span> 
     </span>
    </p>
   </div>
   <div class='ocr_carea' id='block_1_76' title="bbox 2060 3008 3639 3080">
    <p class='ocr_par' dir='ltr' id='par_1_76' title="bbox 2060 3008 3639 3080">
     <span class='ocr_line' id='line_1_76' title="bbox 2060 3008 3639 3080; baseline -0.003 -12"><span class='ocrx_word' id='word_1_530' title='bbox 2060 3015 2128 3068; x_wconf 89' lang='lat' dir='ltr'><strong>ad</strong></span> <span class='ocrx_word' id='word_1_531' title='bbox 2176 3013 2484 3068; x_wconf 70' lang='lat' dir='ltr'><strong>emnobium</strong></span> <span class='ocrx_word' id='word_1_532' title='bbox 2551 3013 2930 3080; x_wconf 82' lang='lat' dir='ltr'><strong>religiosorum</strong></span> <span class='ocrx_word' id='word_1_533' title='bbox 2982 3010 3208 3064; x_wconf 89' lang='lat' dir='ltr'><strong>fratrum</strong></span> <span class='ocrx_word' id='word_1_534' title='bbox 3264 3010 3543 3080; x_wconf 89' lang='lat' dir='ltr'><strong>(tanquam</strong></span> <span class='ocrx_word' id='word_1_535' title='bbox 3569 3008 3639 3064; x_wconf 84' lang='lat' dir='ltr'><strong>ad</strong></span> 
     </span>
    </p>
   </div>
   <div class='ocr_carea' id='block_1_77' title="bbox 2061 3103 3639 3173">
    <p class='ocr_par' dir='ltr' id='par_1_77' title="bbox 2061 3103 3639 3173">
     <span class='ocr_line' id='line_1_77' title="bbox 2061 3103 3639 3173; baseline -0.003 -12"><span class='ocrx_word' id='word_1_536' title='bbox 2061 3105 2333 3161; x_wconf 80' lang='lat' dir='ltr'><strong>officinam</strong></span> <span class='ocrx_word' id='word_1_537' title='bbox 2393 3105 2634 3173; x_wconf 85' lang='lat' dir='ltr'><strong>aliquam</strong></span> <span class='ocrx_word' id='word_1_538' title='bbox 2662 3103 2954 3157; x_wconf 85' lang='lat' dir='ltr'><strong>salutarem</strong></span> <span class='ocrx_word' id='word_1_539' title='bbox 2994 3103 3308 3172; x_wconf 89' lang='lat' dir='ltr'><strong>fullonum),</strong></span> <span class='ocrx_word' id='word_1_540' title='bbox 3338 3103 3434 3158; x_wconf 82' lang='lat' dir='ltr'><strong>sed</strong></span> <span class='ocrx_word' id='word_1_541' title='bbox 3483 3117 3639 3158; x_wconf 83' lang='lat' dir='ltr'><strong>sevc-</strong></span> 
     </span>
    </p>
   </div>
   <div class='ocr_carea' id='block_1_78' title="bbox 2057 3194 3640 3262">
    <p class='ocr_par' dir='ltr' id='par_1_78' title="bbox 2057 3194 3640 3262">
     <span class='ocr_line' id='line_1_78' title="bbox 2057 3194 3640 3262; baseline -0.002 -10"><span class='ocrx_word' id='word_1_542' title='bbox 2057 3198 2423 3258; x_wconf 86' lang='lat' dir='ltr'><strong>rissimorum,</strong></span> <span class='ocrx_word' id='word_1_543' title='bbox 2478 3197 2522 3250; x_wconf 91' lang='lat' dir='ltr'><strong>si</strong></span> <span class='ocrx_word' id='word_1_544' title='bbox 2586 3195 2746 3249; x_wconf 89' lang='lat' dir='ltr'><strong>modo</strong></span> <span class='ocrx_word' id='word_1_545' title='bbox 2811 3194 3046 3262; x_wconf 86' lang='lat' dir='ltr'><strong>perfecte</strong></span> <span class='ocrx_word' id='word_1_546' title='bbox 3096 3209 3299 3249; x_wconf 78' lang='lat' dir='ltr'><strong>exuere</strong></span> <span class='ocrx_word' id='word_1_547' title='bbox 3348 3195 3478 3248; x_wconf 89' lang='lat' dir='ltr'><strong>vitia</strong></span> <span class='ocrx_word' id='word_1_548' title='bbox 3524 3205 3640 3249; x_wconf 87' lang='lat' dir='ltr'><strong>stu-</strong></span> 
     </span>
    </p>
   </div>
   <div class='ocr_carea' id='block_1_79' title="bbox 2056 3285 3642 3355">
    <p class='ocr_par' dir='ltr' id='par_1_79' title="bbox 2056 3285 3642 3355">
     <span class='ocr_line' id='line_1_79' title="bbox 2056 3285 3642 3355; baseline 0 -15"><span class='ocrx_word' id='word_1_549' title='bbox 2056 3288 2089 3342; x_wconf 89' lang='lat' dir='ltr'><strong>d</strong></span> <span class='ocrx_word' id='word_1_550' title='bbox 2128 3297 2168 3350; x_wconf 90' lang='lat' dir='ltr'><strong>t,</strong></span> <span class='ocrx_word' id='word_1_551' title='bbox 2223 3298 2282 3342; x_wconf 92' lang='lat' dir='ltr'><strong>ut</strong></span> <span class='ocrx_word' id='word_1_552' title='bbox 2325 3287 2458 3342; x_wconf 89' lang='lat' dir='ltr'><strong>inibi</strong></span> <span class='ocrx_word' id='word_1_553' title='bbox 2501 3285 2869 3349; x_wconf 87' lang='lat' dir='ltr'><strong>contumeliis,</strong></span> <span class='ocrx_word' id='word_1_554' title='bbox 2911 3285 3224 3355; x_wconf 77' lang='lat' dir='ltr'><strong>ignominiis</strong></span> <span class='ocrx_word' id='word_1_555' title='bbox 3275 3294 3329 3340; x_wconf 88' lang='lat' dir='ltr'><strong>et</strong></span> <span class='ocrx_word' id='word_1_556' title='bbox 3384 3285 3642 3340; x_wconf 84' lang='lat' dir='ltr'><strong>decuma-</strong></span> 
     </span>
    </p>
   </div>
   <div class='ocr_carea' id='block_1_80' title="bbox 2057 3378 3641 3448">
    <p class='ocr_par' dir='ltr' id='par_1_80' title="bbox 2057 3378 3641 3448">
     <span class='ocr_line' id='line_1_80' title="bbox 2057 3378 3641 3448; baseline -0.003 -14"><span class='ocrx_word' id='word_1_557' title='bbox 2057 3383 2144 3434; x_wconf 88' lang='lat' dir='ltr'><strong>nis</strong></span> <span class='ocrx_word' id='word_1_558' title='bbox 2170 3380 2532 3433; x_wconf 87' lang='lat' dir='ltr'><strong>tentatinnum</strong></span> <span class='ocrx_word' id='word_1_559' title='bbox 2585 3379 2843 3432; x_wconf 81' lang='lat' dir='ltr'><strong>fluctibus</strong></span> <span class='ocrx_word' id='word_1_560' title='bbox 2873 3379 3175 3448; x_wconf 83' lang='lat' dir='ltr'><strong>expositus,</strong></span> <span class='ocrx_word' id='word_1_561' title='bbox 3225 3378 3469 3447; x_wconf 82' lang='lat' dir='ltr'><strong>adeoque</strong></span> <span class='ocrx_word' id='word_1_562' title='bbox 3505 3392 3641 3431; x_wconf 76' lang='lat' dir='ltr'><strong>con-</strong></span> 
     </span>
    </p>
   </div>
   <div class='ocr_carea' id='block_1_81' title="bbox 2057 3467 3641 3536">
    <p class='ocr_par' dir='ltr' id='par_1_81' title="bbox 2057 3467 3641 3536">
     <span class='ocr_line' id='line_1_81' title="bbox 2057 3467 3641 3536; baseline -0.001 -15"><span class='ocrx_word' id='word_1_563' title='bbox 2057 3469 2214 3522; x_wconf 69' lang='lat' dir='ltr'><strong>viviis</strong></span> <span class='ocrx_word' id='word_1_564' title='bbox 2270 3468 2643 3532; x_wconf 88' lang='lat' dir='ltr'><strong>everberatus,</strong></span> <span class='ocrx_word' id='word_1_565' title='bbox 2698 3468 2809 3521; x_wconf 88' lang='lat' dir='ltr'><strong>imo</strong></span> <span class='ocrx_word' id='word_1_566' title='bbox 2841 3481 2970 3520; x_wconf 80' lang='lat' dir='ltr'><strong>vero</strong></span> <span class='ocrx_word' id='word_1_567' title='bbox 3019 3467 3182 3521; x_wconf 91' lang='lat' dir='ltr'><strong>etiam</strong></span> <span class='ocrx_word' id='word_1_568' title='bbox 3226 3481 3414 3521; x_wconf 83' lang='lat' dir='ltr'><strong>revera</strong></span> <span class='ocrx_word' id='word_1_569' title='bbox 3467 3481 3641 3536; x_wconf 85' lang='lat' dir='ltr'><strong>quan-</strong></span> 
     </span>
    </p>
   </div>
   <div class='ocr_carea' id='block_1_82' title="bbox 2055 3560 3640 3632">
    <p class='ocr_par' dir='ltr' id='par_1_82' title="bbox 2055 3560 3640 3632">
     <span class='ocr_line' id='line_1_82' title="bbox 2055 3560 3640 3632; baseline -0.003 -15"><span class='ocrx_word' id='word_1_570' title='bbox 2055 3562 2234 3632; x_wconf 84' lang='lat' dir='ltr'><strong>doque</strong></span> <span class='ocrx_word' id='word_1_571' title='bbox 2286 3562 2532 3631; x_wconf 83' lang='lat' dir='ltr'><strong>pulsatus</strong></span> <span class='ocrx_word' id='word_1_572' title='bbox 2607 3568 2662 3614; x_wconf 91' lang='lat' dir='ltr'><strong>et</strong></span> <span class='ocrx_word' id='word_1_573' title='bbox 2746 3560 3054 3623; x_wconf 89' lang='lat' dir='ltr'><strong>dedolatus,</strong></span> <span class='ocrx_word' id='word_1_574' title='bbox 3108 3560 3239 3629; x_wconf 90' lang='lat' dir='ltr'><strong>quin</strong></span> <span class='ocrx_word' id='word_1_575' title='bbox 3305 3567 3360 3614; x_wconf 90' lang='lat' dir='ltr'><strong>et</strong></span> <span class='ocrx_word' id='word_1_576' title='bbox 3417 3560 3640 3613; x_wconf 88' lang='lat' dir='ltr'><strong>omnino</strong></span> 
     </span>
    </p>
   </div>
   <div class='ocr_carea' id='block_1_83' title="bbox 2056 3653 3641 3724">
    <p class='ocr_par' dir='ltr' id='par_1_83' title="bbox 2056 3653 3641 3724">
     <span class='ocr_line' id='line_1_83' title="bbox 2056 3653 3641 3724; baseline -0.001 -17"><span class='ocrx_word' id='word_1_577' title='bbox 2056 3655 2320 3724; x_wconf 88' lang='lat' dir='ltr'><strong>protritus</strong></span> <span class='ocrx_word' id='word_1_578' title='bbox 2374 3663 2428 3708; x_wconf 89' lang='lat' dir='ltr'><strong>et</strong></span> <span class='ocrx_word' id='word_1_579' title='bbox 2476 3654 2718 3707; x_wconf 87' lang='lat' dir='ltr'><strong>calcibus</strong></span> <span class='ocrx_word' id='word_1_580' title='bbox 2763 3653 3131 3722; x_wconf 83' lang='lat' dir='ltr'><strong>proculcatus.</strong></span> <span class='ocrx_word' id='word_1_581' title='bbox 3197 3653 3388 3706; x_wconf 88' lang='lat' dir='ltr'><strong>sordes</strong></span> <span class='ocrx_word' id='word_1_582' title='bbox 3443 3653 3641 3706; x_wconf 66' lang='lat' dir='ltr'><strong>anima</strong></span> 
     </span>
    </p>
   </div>
   <div class='ocr_carea' id='block_1_84' title="bbox 2056 3742 3638 3811">
    <p class='ocr_par' dir='ltr' id='par_1_84' title="bbox 2056 3742 3638 3811">
     <span class='ocr_line' id='line_1_84' title="bbox 2056 3742 3638 3811; baseline -0.002 -13"><span class='ocrx_word' id='word_1_583' title='bbox 2056 3743 2308 3798; x_wconf 90' lang='lat' dir='ltr'><strong>sensibus</strong></span> <span class='ocrx_word' id='word_1_584' title='bbox 2357 3743 2680 3809; x_wconf 65' lang='lat' dir='ltr'><strong>inhaerentes</strong></span> <span class='ocrx_word' id='word_1_585' title='bbox 2739 3742 2929 3807; x_wconf 89' lang='lat' dir='ltr'><strong>diluat,</strong></span> <span class='ocrx_word' id='word_1_586' title='bbox 2987 3752 3044 3796; x_wconf 91' lang='lat' dir='ltr'><strong>ut</strong></span> <span class='ocrx_word' id='word_1_587' title='bbox 3106 3742 3220 3810; x_wconf 85' lang='lat' dir='ltr'><strong>ipsa</strong></span> <span class='ocrx_word' id='word_1_588' title='bbox 3274 3757 3376 3795; x_wconf 88' lang='lat' dir='ltr'><strong>vox</strong></span> <span class='ocrx_word' id='word_1_589' title='bbox 3433 3743 3638 3811; x_wconf 86' lang='lat' dir='ltr'><strong>passim</strong></span> 
     </span>
    </p>
   </div>
   <div class='ocr_carea' id='block_1_85' title="bbox 2057 3831 3641 3903">
    <p class='ocr_par' dir='ltr' id='par_1_85' title="bbox 2057 3831 3641 3903">
     <span class='ocr_line' id='line_1_85' title="bbox 2057 3831 3641 3903; baseline -0.002 -15"><span class='ocrx_word' id='word_1_590' title='bbox 2057 3845 2316 3903; x_wconf 78' lang='lat' dir='ltr'><strong>usurpata</strong></span> <span class='ocrx_word' id='word_1_591' title='bbox 2346 3842 2396 3886; x_wconf 93' lang='lat' dir='ltr'><strong>te</strong></span> <span class='ocrx_word' id='word_1_592' title='bbox 2421 3834 2615 3887; x_wconf 85' lang='lat' dir='ltr'><strong>doceat</strong></span> <span class='ocrx_word' id='word_1_593' title='bbox 2657 3835 2855 3902; x_wconf 89' lang='lat' dir='ltr'><strong>probra</strong></span> <span class='ocrx_word' id='word_1_594' title='bbox 2905 3840 2962 3886; x_wconf 88' lang='lat' dir='ltr'><strong>et</strong></span> <span class='ocrx_word' id='word_1_595' title='bbox 3005 3833 3361 3886; x_wconf 83' lang='lat' dir='ltr'><strong>contumelias</strong></span> <span class='ocrx_word' id='word_1_596' title='bbox 3410 3847 3532 3887; x_wconf 83' lang='lat' dir='ltr'><strong>esse</strong></span> <span class='ocrx_word' id='word_1_597' title='bbox 3559 3831 3641 3885; x_wconf 83' lang='lat' dir='ltr'><strong>vi-</strong></span> 
     </span>
    </p>
   </div>
   <div class='ocr_carea' id='block_1_86' title="bbox 2055 3921 3637 3990">
    <p class='ocr_par' dir='ltr' id='par_1_86' title="bbox 2055 3921 3637 3990">
     <span class='ocr_line' id='line_1_86' title="bbox 2055 3921 3637 3990; baseline -0.003 -11"><span class='ocrx_word' id='word_1_598' title='bbox 2055 3925 2256 3979; x_wconf 90' lang='lat' dir='ltr'><strong>tiorum</strong></span> <span class='ocrx_word' id='word_1_599' title='bbox 2285 3926 2480 3979; x_wconf 68' lang='lat' dir='ltr'><strong>anima:</strong></span> <span class='ocrx_word' id='word_1_600' title='bbox 2526 3924 2824 3978; x_wconf 87' lang='lat' dir='ltr'><strong>lavacrum.</strong></span> <span class='ocrx_word' id='word_1_601' title='bbox 2877 3922 2971 3978; x_wconf 90' lang='lat' dir='ltr'><strong>Sic</strong></span> <span class='ocrx_word' id='word_1_602' title='bbox 3023 3923 3169 3976; x_wconf 88' lang='lat' dir='ltr'><strong>enim</strong></span> <span class='ocrx_word' id='word_1_603' title='bbox 3201 3922 3364 3990; x_wconf 81' lang='lat' dir='ltr'><strong>vulgo</strong></span> <span class='ocrx_word' id='word_1_604' title='bbox 3396 3921 3637 3990; x_wconf 83' lang='lat' dir='ltr'><strong>loquun-</strong></span> 
     </span>
    </p>
   </div>
   <div class='ocr_carea' id='block_1_87' title="bbox 2059 4013 3640 4085">
    <p class='ocr_par' dir='ltr' id='par_1_87' title="bbox 2059 4013 3640 4085">
     <span class='ocr_line' id='line_1_87' title="bbox 2059 4013 3640 4085; baseline -0.002 -15"><span class='ocrx_word' id='word_1_605' title='bbox 2059 4025 2166 4081; x_wconf 91' lang='lat' dir='ltr'><strong>tur,</strong></span> <span class='ocrx_word' id='word_1_606' title='bbox 2210 4019 2431 4085; x_wconf 90' lang='lat' dir='ltr'><strong>quando</strong></span> <span class='ocrx_word' id='word_1_607' title='bbox 2469 4016 2656 4068; x_wconf 90' lang='lat' dir='ltr'><strong>multis</strong></span> <span class='ocrx_word' id='word_1_608' title='bbox 2693 4015 2831 4068; x_wconf 86' lang='lat' dir='ltr'><strong>alios</strong></span> <span class='ocrx_word' id='word_1_609' title='bbox 2868 4013 3126 4069; x_wconf 83' lang='lat' dir='ltr'><strong>cenvieils</strong></span> <span class='ocrx_word' id='word_1_610' title='bbox 3167 4028 3348 4069; x_wconf 85' lang='lat' dir='ltr'><strong>coram</strong></span> <span class='ocrx_word' id='word_1_611' title='bbox 3388 4021 3640 4076; x_wconf 82' lang='lat' dir='ltr'><strong>onerant.</strong></span> 
     </span>
    </p>
   </div>
   <div class='ocr_carea' id='block_1_88' title="bbox 2055 4103 3641 4176">
    <p class='ocr_par' dir='ltr' id='par_1_88' title="bbox 2055 4103 3641 4176">
     <span class='ocr_line' id='line_1_88' title="bbox 2055 4103 3641 4176; baseline -0.003 -14"><span class='ocrx_word' id='word_1_612' title='bbox 2055 4122 2230 4176; x_wconf 90' lang='lat' dir='ltr'><strong>eaque</strong></span> <span class='ocrx_word' id='word_1_613' title='bbox 2259 4106 2327 4161; x_wconf 91' lang='lat' dir='ltr'><strong>de</strong></span> <span class='ocrx_word' id='word_1_614' title='bbox 2373 4122 2430 4161; x_wconf 90' lang='lat' dir='ltr'><strong>re</strong></span> <span class='ocrx_word' id='word_1_615' title='bbox 2459 4108 2600 4174; x_wconf 88' lang='lat' dir='ltr'><strong>apud</strong></span> <span class='ocrx_word' id='word_1_616' title='bbox 2657 4107 2794 4160; x_wconf 90' lang='lat' dir='ltr'><strong>alios</strong></span> <span class='ocrx_word' id='word_1_617' title='bbox 2843 4105 3144 4174; x_wconf 77' lang='lat' dir='ltr'><strong>gloriantur</strong></span> <span class='ocrx_word' id='word_1_618' title='bbox 3169 4120 3229 4159; x_wconf 86' lang='lat' dir='ltr'><strong>se</strong></span> <span class='ocrx_word' id='word_1_619' title='bbox 3262 4105 3406 4158; x_wconf 87' lang='lat' dir='ltr'><strong>hunc</strong></span> <span class='ocrx_word' id='word_1_620' title='bbox 3456 4103 3641 4158; x_wconf 90' lang='lat' dir='ltr'><strong>illum-</strong></span> 
     </span>
    </p>
   </div>
   <div class='ocr_carea' id='block_1_89' title="bbox 2055 4193 3640 4267">
    <p class='ocr_par' dir='ltr' id='par_1_89' title="bbox 2055 4193 3640 4267">
     <span class='ocr_line' id='line_1_89' title="bbox 2055 4193 3640 4267; baseline -0.001 -16"><span class='ocrx_word' id='word_1_621' title='bbox 2055 4215 2119 4251; x_wconf 83' lang='lat' dir='ltr'><strong>ve</strong></span> <span class='ocrx_word' id='word_1_622' title='bbox 2165 4197 2334 4267; x_wconf 87' lang='lat' dir='ltr'><strong>probe</strong></span> <span class='ocrx_word' id='word_1_623' title='bbox 2388 4206 2545 4250; x_wconf 88' lang='lat' dir='ltr'><strong>aceto</strong></span> <span class='ocrx_word' id='word_1_624' title='bbox 2597 4196 2906 4266; x_wconf 89' lang='lat' dir='ltr'><strong>perfudisse</strong></span> <span class='ocrx_word' id='word_1_625' title='bbox 2955 4203 3010 4249; x_wconf 90' lang='lat' dir='ltr'><strong>et</strong></span> <span class='ocrx_word' id='word_1_626' title='bbox 3059 4193 3318 4250; x_wconf 78' lang='lat' dir='ltr'><strong>ablui&#39;sse.</strong></span> <span class='ocrx_word' id='word_1_627' title='bbox 3373 4193 3532 4260; x_wconf 86' lang='lat' dir='ltr'><strong>Quod</strong></span> <span class='ocrx_word' id='word_1_628' title='bbox 3584 4204 3640 4250; x_wconf 87' lang='lat' dir='ltr'><strong>et</strong></span> 
     </span>
    </p>
   </div>
   <div class='ocr_carea' id='block_1_90' title="bbox 2055 4285 3639 4354">
    <p class='ocr_par' dir='ltr' id='par_1_90' title="bbox 2055 4285 3639 4354">
     <span class='ocr_line' id='line_1_90' title="bbox 2055 4285 3639 4354; baseline 0 -14"><span class='ocrx_word' id='word_1_629' title='bbox 2055 4289 2404 4343; x_wconf 86' lang='lat' dir='ltr'><strong>verissimum</strong></span> <span class='ocrx_word' id='word_1_630' title='bbox 2489 4295 2592 4342; x_wconf 84' lang='lat' dir='ltr'><strong>est.</strong></span> <span class='ocrx_word' id='word_1_631' title='bbox 2643 4288 2760 4340; x_wconf 87' lang='lat' dir='ltr'><strong>Alia</strong></span> <span class='ocrx_word' id='word_1_632' title='bbox 2813 4294 2897 4340; x_wconf 91' lang='lat' dir='ltr'><strong>est</strong></span> <span class='ocrx_word' id='word_1_633' title='bbox 2951 4300 3075 4354; x_wconf 73' lang='lat' dir='ltr'><strong>qua:</strong></span> <span class='ocrx_word' id='word_1_634' title='bbox 3130 4285 3182 4338; x_wconf 91' lang='lat' dir='ltr'><strong>in</strong></span> <span class='ocrx_word' id='word_1_635' title='bbox 3243 4285 3512 4339; x_wconf 88' lang='lat' dir='ltr'><strong>tironibus</strong></span> <span class='ocrx_word' id='word_1_636' title='bbox 3571 4301 3639 4340; x_wconf 82' lang='lat' dir='ltr'><strong>ex</strong></span> 
     </span>
    </p>
   </div>
   <div class='ocr_carea' id='block_1_91' title="bbox 2059 4377 3638 4451">
    <p class='ocr_par' dir='ltr' id='par_1_91' title="bbox 2059 4377 3638 4451">
     <span class='ocr_line' id='line_1_91' title="bbox 2059 4377 3638 4451; baseline -0.001 -17"><span class='ocrx_word' id='word_1_637' title='bbox 2059 4380 2187 4435; x_wconf 84' lang='lat' dir='ltr'><strong>ﬂetu</strong></span> <span class='ocrx_word' id='word_1_638' title='bbox 2251 4389 2306 4435; x_wconf 90' lang='lat' dir='ltr'><strong>et</strong></span> <span class='ocrx_word' id='word_1_639' title='bbox 2385 4381 2602 4451; x_wconf 88' lang='lat' dir='ltr'><strong>planctu</strong></span> <span class='ocrx_word' id='word_1_640' title='bbox 2684 4379 2928 4434; x_wconf 86' lang='lat' dir='ltr'><strong>nascitur</strong></span> <span class='ocrx_word' id='word_1_641' title='bbox 3007 4377 3304 4432; x_wconf 73' lang='lat' dir='ltr'><strong>iracundiae</strong></span> <span class='ocrx_word' id='word_1_642' title='bbox 3380 4377 3638 4444; x_wconf 79' lang='lat' dir='ltr'><strong>victoria;</strong></span> 
     </span>
    </p>
   </div>
   <div class='ocr_carea' id='block_1_92' title="bbox 367 4468 1955 4564">
    <p class='ocr_par' dir='ltr' id='par_1_92' title="bbox 367 4468 1954 4564">
     <span class='ocr_line' id='line_1_92' title="bbox 367 4468 1954 4564; baseline -0.003 -19"><span class='ocrx_word' id='word_1_643' title='bbox 367 4492 463 4562; x_wconf 70' lang='grc' dir='ltr'>εἴη</span> <span class='ocrx_word' id='word_1_644' title='bbox 496 4468 782 4564; x_wconf 80' lang='grc' dir='ltr'>θεραπεία,</span> <span class='ocrx_word' id='word_1_645' title='bbox 817 4468 919 4562; x_wconf 77' lang='grc' dir='ltr'>τῆς</span> <span class='ocrx_word' id='word_1_646' title='bbox 953 4468 1117 4547; x_wconf 79' lang='grc' dir='ltr'>αὑτοῦ</span> <span class='ocrx_word' id='word_1_647' title='bbox 1169 4468 1463 4564; x_wconf 81' lang='grc' dir='ltr'>ἀλγηδόνος</span> <span class='ocrx_word' id='word_1_648' title='bbox 1493 4491 1594 4561; x_wconf 83' lang='grc' dir='ltr'>τὴν</span> <span class='ocrx_word' id='word_1_649' title='bbox 1623 4468 1802 4544; x_wconf 78' lang='grc' dir='ltr'>αἰτίαν</span> <span class='ocrx_word' id='word_1_650' title='bbox 1831 4491 1954 4542; x_wconf 80' lang='grc' dir='ltr'>ἐπι-</span> 
     </span>
    </p>
   </div>
   <div class='ocr_carea' id='block_1_93' title="bbox 2058 4468 3644 4564">
    <p class='ocr_par' dir='ltr' id='par_1_93' title="bbox 2060 4468 3644 4541">
     <span class='ocr_line' id='line_1_93' title="bbox 2060 4468 3644 4541; baseline -0.001 -17"><span class='ocrx_word' id='word_1_651' title='bbox 2060 4471 2165 4524; x_wconf 88' lang='lat' dir='ltr'><strong>alia</strong></span> <span class='ocrx_word' id='word_1_652' title='bbox 2215 4485 2337 4541; x_wconf 74' lang='lat' dir='ltr'><strong>quae</strong></span> <span class='ocrx_word' id='word_1_653' title='bbox 2391 4471 2446 4524; x_wconf 89' lang='lat' dir='ltr'><strong>in</strong></span> <span class='ocrx_word' id='word_1_654' title='bbox 2477 4470 2590 4540; x_wconf 81' lang='lat' dir='ltr'><strong>jam</strong></span> <span class='ocrx_word' id='word_1_655' title='bbox 2648 4468 2903 4539; x_wconf 89' lang='lat' dir='ltr'><strong>perfectis</strong></span> <span class='ocrx_word' id='word_1_656' title='bbox 2933 4468 3152 4523; x_wconf 85' lang='lat' dir='ltr'><strong>exsistit</strong></span> <span class='ocrx_word' id='word_1_657' title='bbox 3193 4468 3489 4523; x_wconf 86' lang='lat' dir='ltr'><strong>immobilis</strong></span> <span class='ocrx_word' id='word_1_658' title='bbox 3525 4469 3644 4523; x_wconf 84' lang='lat' dir='ltr'><strong>ani-</strong></span> 
     </span>
    </p>
   </div>
   <div class='ocr_carea' id='block_1_94' title="bbox 370 4579 1958 4653">
    <p class='ocr_par' dir='ltr' id='par_1_94' title="bbox 370 4579 1958 4653">
     <span class='ocr_line' id='line_1_94' title="bbox 370 4579 1958 4653; baseline -0.002 -18"><span class='ocrx_word' id='word_1_659' title='bbox 370 4581 603 4650; x_wconf 83' lang='grc' dir='ltr'>γνῶναι,</span> <span class='ocrx_word' id='word_1_660' title='bbox 631 4583 718 4636; x_wconf 80' lang='grc' dir='ltr'><strong>ἵνα</strong></span> <span class='ocrx_word' id='word_1_661' title='bbox 754 4583 854 4652; x_wconf 83' lang='grc' dir='ltr'>τῆς</span> <span class='ocrx_word' id='word_1_662' title='bbox 885 4583 1065 4646; x_wconf 88' lang='grc' dir='ltr'>αίτίας</span> <span class='ocrx_word' id='word_1_663' title='bbox 1103 4583 1420 4653; x_wconf 85' lang='grc' dir='ltr'>εὑρεθείσης</span> <span class='ocrx_word' id='word_1_664' title='bbox 1455 4582 1591 4651; x_wconf 85' lang='grc' dir='ltr'>πρὸς</span> <span class='ocrx_word' id='word_1_665' title='bbox 1627 4581 1816 4651; x_wconf 84' lang='grc' dir='ltr'>αὐτὴν,</span> <span class='ocrx_word' id='word_1_666' title='bbox 1863 4579 1958 4633; x_wconf 75' lang='grc' dir='ltr'>καὶ</span> 
     </span>
    </p>
   </div>
   <div class='ocr_carea' id='block_1_95' title="bbox 367 4672 1959 4746">
    <p class='ocr_par' dir='ltr' id='par_1_95' title="bbox 367 4672 1959 4746">
     <span class='ocr_line' id='line_1_95' title="bbox 367 4672 1959 4746; baseline -0.002 -20"><span class='ocrx_word' id='word_1_667' title='bbox 367 4673 480 4744; x_wconf 77' lang='grc' dir='ltr'><strong>τὴν</strong></span> <span class='ocrx_word' id='word_1_668' title='bbox 506 4674 848 4746; x_wconf 74' lang='grc' dir='ltr'>ἐμπλαστρον</span> <span class='ocrx_word' id='word_1_669' title='bbox 873 4677 937 4728; x_wconf 85' lang='grc' dir='ltr'>ὲκ</span> <span class='ocrx_word' id='word_1_670' title='bbox 967 4673 1224 4746; x_wconf 88' lang='grc' dir='ltr'>προνοίας</span> <span class='ocrx_word' id='word_1_671' title='bbox 1248 4672 1384 4726; x_wconf 88' lang='grc' dir='ltr'><strong>Θεοῦ</strong></span> <span class='ocrx_word' id='word_1_672' title='bbox 1421 4673 1517 4726; x_wconf 77' lang='grc' dir='ltr'><strong>καὶ</strong></span> <span class='ocrx_word' id='word_1_673' title='bbox 1544 4672 1748 4743; x_wconf 89' lang='grc' dir='ltr'>ἰατρῶν</span> <span class='ocrx_word' id='word_1_674' title='bbox 1792 4687 1959 4725; x_wconf 80' lang='grc' dir='ltr'>πνευ-</span> 
     </span>
    </p>
   </div>
   <div class='ocr_carea' id='block_1_96' title="bbox 374 4762 1959 4838">
    <p class='ocr_par' dir='ltr' id='par_1_96' title="bbox 374 4762 1959 4838">
     <span class='ocr_line' id='line_1_96' title="bbox 374 4762 1959 4838; baseline 0 -20"><span class='ocrx_word' id='word_1_675' title='bbox 374 4766 628 4835; x_wconf 77' lang='grc' dir='ltr'>ματικῶν</span> <span class='ocrx_word' id='word_1_676' title='bbox 653 4766 905 4838; x_wconf 73' lang='grc' dir='ltr'>λήψεται,</span> <span class='ocrx_word' id='word_1_677' title='bbox 931 4767 1007 4830; x_wconf 80' lang='grc' dir='ltr'>ὡς</span> <span class='ocrx_word' id='word_1_678' title='bbox 1036 4769 1094 4820; x_wconf 81' lang='grc' dir='ltr'>ὲν</span> <span class='ocrx_word' id='word_1_679' title='bbox 1127 4765 1522 4835; x_wconf 84' lang='grc' dir='ltr'>ὑποδείγμασιν</span> <span class='ocrx_word' id='word_1_680' title='bbox 1549 4765 1598 4817; x_wconf 78' lang='lat' dir='ltr'><strong>oi</strong></span> <span class='ocrx_word' id='word_1_681' title='bbox 1643 4762 1959 4834; x_wconf 84' lang='grc' dir='ltr'>βουλόμενοι</span> 
     </span>
    </p>
   </div>
   <div class='ocr_carea' id='block_1_97' title="bbox 366 4854 1960 4930">
    <p class='ocr_par' dir='ltr' id='par_1_97' title="bbox 366 4854 1960 4930">
     <span class='ocr_line' id='line_1_97' title="bbox 366 4854 1960 4930; baseline -0.001 -21"><span class='ocrx_word' id='word_1_682' title='bbox 366 4857 512 4926; x_wconf 70' lang='grc' dir='ltr'>ἡμῖν</span> <span class='ocrx_word' id='word_1_683' title='bbox 553 4859 611 4910; x_wconf 75' lang='grc' dir='ltr'>ἐν</span> <span class='ocrx_word' id='word_1_684' title='bbox 643 4858 835 4930; x_wconf 81' lang='grc' dir='ltr'>Κυρίῳ</span> <span class='ocrx_word' id='word_1_685' title='bbox 867 4859 945 4921; x_wconf 87' lang='grc' dir='ltr'><strong>εἰς</strong></span> <span class='ocrx_word' id='word_1_686' title='bbox 971 4857 1032 4910; x_wconf 83' lang='grc' dir='ltr'><strong>τὸ</strong></span> <span class='ocrx_word' id='word_1_687' title='bbox 1060 4856 1246 4928; x_wconf 83' lang='grc' dir='ltr'>νοερὸν</span> <span class='ocrx_word' id='word_1_688' title='bbox 1277 4857 1371 4910; x_wconf 80' lang='grc' dir='ltr'>καὶ</span> <span class='ocrx_word' id='word_1_689' title='bbox 1411 4854 1852 4926; x_wconf 76' lang='grc' dir='ltr'>προϐεϐλημένον</span> <span class='ocrx_word' id='word_1_690' title='bbox 1881 4855 1960 4908; x_wconf 83' lang='grc' dir='ltr'>δι-</span> 
     </span>
    </p>
   </div>
   <div class='ocr_carea' id='block_1_98' title="bbox 365 4946 1959 5020">
    <p class='ocr_par' dir='ltr' id='par_1_98' title="bbox 365 4946 1959 5020">
     <span class='ocr_line' id='line_1_98' title="bbox 365 4946 1959 5020; baseline -0.003 -17"><span class='ocrx_word' id='word_1_691' title='bbox 365 4949 674 5020; x_wconf 72' lang='grc' dir='ltr'>καυτήριον</span> <span class='ocrx_word' id='word_1_692' title='bbox 700 4949 1082 5012; x_wconf 83' lang='grc' dir='ltr'>συνεισελθεῖν,</span> <span class='ocrx_word' id='word_1_693' title='bbox 1119 4946 1631 5012; x_wconf 78' lang='grc' dir='ltr'>συνεισελθέτωσαν,</span> <span class='ocrx_word' id='word_1_694' title='bbox 1680 4947 1776 4999; x_wconf 73' lang='grc' dir='ltr'><strong>καὶ</strong></span> <span class='ocrx_word' id='word_1_695' title='bbox 1810 4947 1959 5016; x_wconf 85' lang='grc' dir='ltr'>ἀμυ-</span> 
     </span>
    </p>
   </div>
   <div class='ocr_carea' id='block_1_99' title="bbox 361 5035 1959 5113">
    <p class='ocr_par' dir='ltr' id='par_1_99' title="bbox 361 5035 1959 5113">
     <span class='ocr_line' id='line_1_99' title="bbox 361 5035 1959 5113; baseline -0.003 -19"><span class='ocrx_word' id='word_1_696' title='bbox 361 5038 522 5111; x_wconf 77' lang='grc' dir='ltr'>δρῶς</span> <span class='ocrx_word' id='word_1_697' title='bbox 551 5057 669 5104; x_wconf 80' lang='grc' dir='ltr'><strong>πως</strong></span> <span class='ocrx_word' id='word_1_698' title='bbox 699 5041 830 5113; x_wconf 75' lang='grc' dir='ltr'>περὶ</span> <span class='ocrx_word' id='word_1_699' title='bbox 859 5040 969 5094; x_wconf 90' lang='grc' dir='ltr'><strong>τῶν</strong></span> <span class='ocrx_word' id='word_1_700' title='bbox 996 5037 1412 5112; x_wconf 80' lang='grc' dir='ltr'>προειρημένων</span> <span class='ocrx_word' id='word_1_701' title='bbox 1456 5035 1646 5092; x_wconf 90' lang='grc' dir='ltr'>παθῶν</span> <span class='ocrx_word' id='word_1_702' title='bbox 1686 5036 1720 5108; x_wconf 74' lang='grc' dir='ltr'>ἢ</span> <span class='ocrx_word' id='word_1_703' title='bbox 1768 5036 1959 5090; x_wconf 89' lang='grc' dir='ltr'>αἰτιῶν</span> 
     </span>
    </p>
   </div>
   <div class='ocr_carea' id='block_1_100' title="bbox 369 5125 1960 5202">
    <p class='ocr_par' dir='ltr' id='par_1_100' title="bbox 369 5125 1960 5202">
     <span class='ocr_line' id='line_1_100' title="bbox 369 5125 1960 5202; baseline -0.003 -20"><span class='ocrx_word' id='word_1_704' title='bbox 369 5128 786 5202; x_wconf 75' lang='grc' dir='ltr'>βασανίσωμεν.</span> <span class='ocrx_word' id='word_1_705' title='bbox 817 5129 1038 5200; x_wconf 83' lang='grc' dir='ltr'>Δεθήτω</span> <span class='ocrx_word' id='word_1_706' title='bbox 1072 5129 1260 5182; x_wconf 83' lang='grc' dir='ltr'>λοιπὸν</span> <span class='ocrx_word' id='word_1_707' title='bbox 1294 5127 1466 5199; x_wconf 75' lang='grc' dir='ltr'>θυμὸς</span> <span class='ocrx_word' id='word_1_708' title='bbox 1490 5127 1567 5190; x_wconf 83' lang='grc' dir='ltr'>ὡς</span> <span class='ocrx_word' id='word_1_709' title='bbox 1593 5125 1858 5198; x_wconf 87' lang='grc' dir='ltr'>τύραννος</span> <span class='ocrx_word' id='word_1_710' title='bbox 1901 5125 1960 5178; x_wconf 77' lang='grc' dir='ltr'>ὲν</span> 
     </span>
    </p>
   </div>
   <div class='ocr_carea' id='block_1_101' title="bbox 367 5215 1957 5295">
    <p class='ocr_par' dir='ltr' id='par_1_101' title="bbox 367 5215 1957 5295">
     <span class='ocr_line' id='line_1_101' title="bbox 367 5215 1957 5295; baseline -0.005 -19"><span class='ocrx_word' id='word_1_711' title='bbox 367 5223 600 5292; x_wconf 73' lang='grc' dir='ltr'>δεσμοῖς</span> <span class='ocrx_word' id='word_1_712' title='bbox 649 5222 976 5295; x_wconf 86' lang='grc' dir='ltr'>πραότητος,</span> <span class='ocrx_word' id='word_1_713' title='bbox 1020 5223 1115 5276; x_wconf 84' lang='grc' dir='ltr'>καὶ</span> <span class='ocrx_word' id='word_1_714' title='bbox 1161 5220 1499 5290; x_wconf 86' lang='grc' dir='ltr'>τυπτόμενος</span> <span class='ocrx_word' id='word_1_715' title='bbox 1540 5216 1647 5272; x_wconf 75' lang='grc' dir='ltr'>ὑπὸ</span> <span class='ocrx_word' id='word_1_716' title='bbox 1679 5215 1957 5287; x_wconf 90' lang='grc' dir='ltr'>μακροθυ-</span> 
     </span>
    </p>
   </div>
   <div class='ocr_carea' id='block_1_102' title="bbox 375 5305 1965 5387">
    <p class='ocr_par' dir='ltr' id='par_1_102' title="bbox 375 5305 1965 5387">
     <span class='ocr_line' id='line_1_102' title="bbox 375 5305 1965 5387; baseline 0.006 -23"><span class='ocrx_word' id='word_1_717' title='bbox 375 5312 515 5382; x_wconf 79' lang='grc' dir='ltr'>μίας</span> <span class='ocrx_word' id='word_1_718' title='bbox 542 5314 911 5387; x_wconf 69' lang='grc' dir='ltr'>ὲκσυρόμενός</span> <span class='ocrx_word' id='word_1_719' title='bbox 952 5330 1012 5367; x_wconf 76' lang='grc' dir='ltr'><strong>τε</strong></span> <span class='ocrx_word' id='word_1_720' title='bbox 1041 5312 1147 5367; x_wconf 77' lang='grc' dir='ltr'>ι)τὼ</span> <span class='ocrx_word' id='word_1_721' title='bbox 1177 5313 1278 5382; x_wconf 83' lang='grc' dir='ltr'>τῆς</span> <span class='ocrx_word' id='word_1_722' title='bbox 1305 5310 1468 5379; x_wconf 76' lang='grc' dir='ltr'>ἁγίας</span> <span class='ocrx_word' id='word_1_723' title='bbox 1511 5310 1736 5379; x_wconf 80' lang='grc' dir='ltr'>ἀγάπης</span> <span class='ocrx_word' id='word_1_724' title='bbox 1782 5309 1843 5362; x_wconf 76' lang='grc' dir='ltr'>ὲν</span> <span class='ocrx_word' id='word_1_725' title='bbox 1884 5305 1965 5377; x_wconf 74' lang='grc' dir='ltr'><strong>τῷ</strong></span> 
     </span>
    </p>
   </div>
   <div class='ocr_carea' id='block_1_103' title="bbox 377 5399 1964 5478">
    <p class='ocr_par' dir='ltr' id='par_1_103' title="bbox 377 5399 1964 5478">
     <span class='ocr_line' id='line_1_103' title="bbox 377 5399 1964 5478; baseline -0.004 -21"><span class='ocrx_word' id='word_1_726' title='bbox 377 5405 590 5478; x_wconf 79' lang='grc' dir='ltr'>βήματι</span> <span class='ocrx_word' id='word_1_727' title='bbox 630 5405 806 5476; x_wconf 86' lang='grc' dir='ltr'>τούτῳ</span> <span class='ocrx_word' id='word_1_728' title='bbox 848 5403 945 5458; x_wconf 80' lang='grc' dir='ltr'><strong>τοῦ</strong></span> <span class='ocrx_word' id='word_1_729' title='bbox 983 5405 1142 5474; x_wconf 88' lang='grc' dir='ltr'>λόγου</span> <span class='ocrx_word' id='word_1_730' title='bbox 1176 5402 1463 5476; x_wconf 81' lang='grc' dir='ltr'>παραστὰς</span> <span class='ocrx_word' id='word_1_731' title='bbox 1505 5401 1572 5454; x_wconf 81' lang='grc' dir='ltr'>τὰ</span> <span class='ocrx_word' id='word_1_732' title='bbox 1616 5399 1964 5471; x_wconf 83' lang='grc' dir='ltr'>προσήκοντα</span> 
     </span>
    </p>
   </div>
   <div class='ocr_carea' id='block_1_104' title="bbox 373 5488 1963 5566">
    <p class='ocr_par' dir='ltr' id='par_1_104' title="bbox 373 5488 1963 5566">
     <span class='ocr_line' id='line_1_104' title="bbox 373 5488 1963 5566; baseline -0.003 -21"><span class='ocrx_word' id='word_1_733' title='bbox 373 5494 740 5561; x_wconf 76' lang='grc' dir='ltr'>ἐξεταζέσθω.</span> <span class='ocrx_word' id='word_1_734' title='bbox 787 5496 934 5566; x_wconf 79' lang='grc' dir='ltr'>Λέγε</span> <span class='ocrx_word' id='word_1_735' title='bbox 979 5497 1131 5566; x_wconf 74' lang='grc' dir='ltr'>ἡμῖν,</span> <span class='ocrx_word' id='word_1_736' title='bbox 1164 5488 1210 5548; x_wconf 78' lang='grc' dir='ltr'><strong>ὦ</strong></span> <span class='ocrx_word' id='word_1_737' title='bbox 1259 5493 1550 5565; x_wconf 83' lang='grc' dir='ltr'>παράφρον</span> <span class='ocrx_word' id='word_1_738' title='bbox 1595 5490 1692 5543; x_wconf 81' lang='grc' dir='ltr'>καὶ</span> <span class='ocrx_word' id='word_1_739' title='bbox 1735 5490 1963 5558; x_wconf 78' lang='grc' dir='ltr'>ἀσεμνε.</span> 
     </span>
    </p>
   </div>
   <div class='ocr_carea' id='block_1_105' title="bbox 371 5579 1968 5658">
    <p class='ocr_par' dir='ltr' id='par_1_105' title="bbox 371 5579 1968 5658">
     <span class='ocr_line' id='line_1_105' title="bbox 371 5579 1968 5658; baseline 0.002 -18"><span class='ocrx_word' id='word_1_740' title='bbox 371 5589 484 5658; x_wconf 82' lang='grc' dir='ltr'><strong>τήν</strong></span> <span class='ocrx_word' id='word_1_741' title='bbox 509 5605 568 5641; x_wconf 89' lang='grc' dir='ltr'><strong>τε</strong></span> <span class='ocrx_word' id='word_1_742' title='bbox 593 5586 688 5641; x_wconf 85' lang='grc' dir='ltr'>τοῦ</span> <span class='ocrx_word' id='word_1_743' title='bbox 717 5587 1112 5658; x_wconf 86' lang='grc' dir='ltr'>γεγεννηκότος</span> <span class='ocrx_word' id='word_1_744' title='bbox 1146 5583 1254 5658; x_wconf 83' lang='grc' dir='ltr'>[σε]</span> <span class='ocrx_word' id='word_1_745' title='bbox 1281 5579 1681 5655; x_wconf 72' lang='grc' dir='ltr'>προσηγορίαν,</span> <span class='ocrx_word' id='word_1_746' title='bbox 1728 5581 1824 5632; x_wconf 73' lang='grc' dir='ltr'>καὶ</span> <span class='ocrx_word' id='word_1_747' title='bbox 1868 5579 1968 5649; x_wconf 79' lang='grc' dir='ltr'><strong>τῆς</strong></span> 
     </span>
    </p>
   </div>
   <div class='ocr_carea' id='block_1_106' title="bbox 373 5671 1968 5751">
    <p class='ocr_par' dir='ltr' id='par_1_106' title="bbox 373 5671 1968 5751">
     <span class='ocr_line' id='line_1_106' title="bbox 373 5671 1968 5751; baseline -0.006 -17"><span class='ocrx_word' id='word_1_748' title='bbox 373 5679 571 5743; x_wconf 78' lang='grc' dir='ltr'>κακῶς</span> <span class='ocrx_word' id='word_1_749' title='bbox 602 5681 869 5750; x_wconf 82' lang='grc' dir='ltr'>τεκούσης</span> <span class='ocrx_word' id='word_1_750' title='bbox 897 5697 956 5733; x_wconf 88' lang='grc' dir='ltr'><strong>σε</strong></span> <span class='ocrx_word' id='word_1_751' title='bbox 985 5677 1393 5751; x_wconf 77' lang='grc' dir='ltr'>προσωνυμίαν,</span> <span class='ocrx_word' id='word_1_752' title='bbox 1437 5674 1546 5727; x_wconf 90' lang='grc' dir='ltr'><strong>τῶν</strong></span> <span class='ocrx_word' id='word_1_753' title='bbox 1576 5673 1686 5725; x_wconf 87' lang='grc' dir='ltr'><strong>σῶν</strong></span> <span class='ocrx_word' id='word_1_754' title='bbox 1730 5687 1790 5726; x_wconf 84' lang='grc' dir='ltr'><strong>τε</strong></span> <span class='ocrx_word' id='word_1_755' title='bbox 1835 5671 1968 5725; x_wconf 90' lang='grc' dir='ltr'>υίῶν</span> 
     </span>
    </p>
   </div>
   <div class='ocr_carea' id='block_1_107' title="bbox 379 5761 1964 5844">
    <p class='ocr_par' dir='ltr' id='par_1_107' title="bbox 379 5761 1964 5844">
     <span class='ocr_line' id='line_1_107' title="bbox 379 5761 1964 5844; baseline -0.006 -20"><span class='ocrx_word' id='word_1_756' title='bbox 379 5771 482 5824; x_wconf 75' lang='grc' dir='ltr'>καὶ</span> <span class='ocrx_word' id='word_1_757' title='bbox 517 5769 834 5842; x_wconf 79' lang='grc' dir='ltr'>θυγατέρων</span> <span class='ocrx_word' id='word_1_758' title='bbox 872 5769 1083 5842; x_wconf 71' lang='grc' dir='ltr'>μιαρῶν</span> <span class='ocrx_word' id='word_1_759' title='bbox 1129 5769 1198 5823; x_wconf 71' lang='grc' dir='ltr'>τὰ</span> <span class='ocrx_word' id='word_1_760' title='bbox 1237 5768 1508 5844; x_wconf 23' lang='grc' dir='ltr'>νόνόματα·</span> <span class='ocrx_word' id='word_1_761' title='bbox 1567 5764 1629 5818; x_wconf 79' lang='grc' dir='ltr'><strong>οὐ</strong></span> <span class='ocrx_word' id='word_1_762' title='bbox 1651 5762 1850 5839; x_wconf 18' lang='grc' dir='ltr'>,μόνον</span> 
     </span>
    </p>
   </div>
   <div class='ocr_carea' id='block_1_108' title="bbox 2062 4557 3644 4631">
    <p class='ocr_par' dir='ltr' id='par_1_108' title="bbox 2062 4557 3644 4631">
     <span class='ocr_line' id='line_1_108' title="bbox 2062 4557 3644 4631; baseline -0.001 -15"><span class='ocrx_word' id='word_1_763' title='bbox 2062 4563 2137 4616; x_wconf 89' lang='lat' dir='ltr'><strong>mi</strong></span> <span class='ocrx_word' id='word_1_764' title='bbox 2177 4563 2439 4618; x_wconf 87' lang='lat' dir='ltr'><strong>adversus</strong></span> <span class='ocrx_word' id='word_1_765' title='bbox 2489 4562 2626 4616; x_wconf 89' lang='lat' dir='ltr'><strong>iram</strong></span> <span class='ocrx_word' id='word_1_766' title='bbox 2677 4560 3011 4616; x_wconf 84' lang='lat' dir='ltr'><strong>constantia.</strong></span> <span class='ocrx_word' id='word_1_767' title='bbox 3070 4557 3168 4614; x_wconf 84' lang='lat' dir='ltr'><strong>Illa</strong></span> <span class='ocrx_word' id='word_1_768' title='bbox 3216 4559 3434 4614; x_wconf 87' lang='lat' dir='ltr'><strong>rudium</strong></span> <span class='ocrx_word' id='word_1_769' title='bbox 3465 4560 3644 4631; x_wconf 84' lang='lat' dir='ltr'><strong>lacry-</strong></span> 
     </span>
    </p>
   </div>
   <div class='ocr_carea' id='block_1_109' title="bbox 2061 4653 3642 4724">
    <p class='ocr_par' dir='ltr' id='par_1_109' title="bbox 2061 4653 3642 4724">
     <span class='ocr_line' id='line_1_109' title="bbox 2061 4653 3642 4724; baseline -0.003 -15"><span class='ocrx_word' id='word_1_770' title='bbox 2061 4654 2167 4709; x_wconf 88' lang='lat' dir='ltr'><strong>mis</strong></span> <span class='ocrx_word' id='word_1_771' title='bbox 2200 4655 2357 4724; x_wconf 88' lang='lat' dir='ltr'><strong>quasi</strong></span> <span class='ocrx_word' id='word_1_772' title='bbox 2393 4653 2546 4708; x_wconf 88' lang='lat' dir='ltr'><strong>freno</strong></span> <span class='ocrx_word' id='word_1_773' title='bbox 2574 4661 2877 4719; x_wconf 86' lang='lat' dir='ltr'><strong>coercetur,</strong></span> <span class='ocrx_word' id='word_1_774' title='bbox 2929 4654 3046 4709; x_wconf 70' lang='lat' dir='ltr'><strong>haec</strong></span> <span class='ocrx_word' id='word_1_775' title='bbox 3071 4666 3199 4706; x_wconf 87' lang='lat' dir='ltr'><strong>vero</strong></span> <span class='ocrx_word' id='word_1_776' title='bbox 3229 4661 3492 4723; x_wconf 86' lang='lat' dir='ltr'><strong>tanquam</strong></span> <span class='ocrx_word' id='word_1_777' title='bbox 3523 4665 3642 4706; x_wconf 85' lang='lat' dir='ltr'><strong>ser-</strong></span> 
     </span>
    </p>
   </div>
   <div class='ocr_carea' id='block_1_110' title="bbox 2062 4744 3643 4820">
    <p class='ocr_par' dir='ltr' id='par_1_110' title="bbox 2062 4744 3643 4820">
     <span class='ocr_line' id='line_1_110' title="bbox 2062 4744 3643 4820; baseline -0.003 -18"><span class='ocrx_word' id='word_1_778' title='bbox 2062 4765 2197 4820; x_wconf 89' lang='lat' dir='ltr'><strong>pens</strong></span> <span class='ocrx_word' id='word_1_779' title='bbox 2241 4765 2336 4819; x_wconf 90' lang='lat' dir='ltr'><strong>per</strong></span> <span class='ocrx_word' id='word_1_780' title='bbox 2365 4750 2563 4803; x_wconf 74' lang='lat' dir='ltr'><strong>animae</strong></span> <span class='ocrx_word' id='word_1_781' title='bbox 2592 4746 3042 4817; x_wconf 87' lang='lat' dir='ltr'><strong>tranquillitatem</strong></span> <span class='ocrx_word' id='word_1_782' title='bbox 3075 4745 3204 4814; x_wconf 89' lang='lat' dir='ltr'><strong>(jam</strong></span> <span class='ocrx_word' id='word_1_783' title='bbox 3269 4745 3340 4798; x_wconf 85' lang='lat' dir='ltr'><strong>ab</strong></span> <span class='ocrx_word' id='word_1_784' title='bbox 3384 4744 3643 4799; x_wconf 82' lang='lat' dir='ltr'><strong>omnibus</strong></span> 
     </span>
    </p>
   </div>
   <div class='ocr_carea' id='block_1_111' title="bbox 2063 4837 3640 4910">
    <p class='ocr_par' dir='ltr' id='par_1_111' title="bbox 2063 4837 3640 4910">
     <span class='ocr_line' id='line_1_111' title="bbox 2063 4837 3640 4910; baseline -0.004 -14"><span class='ocrx_word' id='word_1_785' title='bbox 2063 4842 2353 4896; x_wconf 76' lang='lat' dir='ltr'><strong>affectibus</strong></span> <span class='ocrx_word' id='word_1_786' title='bbox 2415 4841 2665 4910; x_wconf 90' lang='lat' dir='ltr'><strong>liberam)</strong></span> <span class='ocrx_word' id='word_1_787' title='bbox 2759 4839 2904 4893; x_wconf 83' lang='lat' dir='ltr'><strong>velut</strong></span> <span class='ocrx_word' id='word_1_788' title='bbox 2995 4837 3174 4909; x_wconf 72' lang='lat' dir='ltr'><strong>gladio</strong></span> <span class='ocrx_word' id='word_1_789' title='bbox 3239 4845 3479 4892; x_wconf 80' lang='lat' dir='ltr'><strong>mactata</strong></span> <span class='ocrx_word' id='word_1_790' title='bbox 3534 4847 3640 4891; x_wconf 84' lang='lat' dir='ltr'><strong>est.</strong></span> 
     </span>
    </p>
   </div>
   <div class='ocr_carea' id='block_1_112' title="bbox 2069 4925 3643 5001">
    <p class='ocr_par' dir='ltr' id='par_1_112' title="bbox 2069 4925 3643 5001">
     <span class='ocr_line' id='line_1_112' title="bbox 2069 4925 3643 5001; baseline -0.006 -14"><span class='ocrx_word' id='word_1_791' title='bbox 2069 4931 2227 5001; x_wconf 81' lang='grc'><strong>17³1</strong></span> <span class='ocrx_word' id='word_1_792' title='bbox 2254 4929 2392 4986; x_wconf 88' lang='lat' dir='ltr'><strong>Tres</strong></span> <span class='ocrx_word' id='word_1_793' title='bbox 2422 4945 2524 5001; x_wconf 77' lang='lat' dir='ltr'><strong>ego</strong></span> <span class='ocrx_word' id='word_1_794' title='bbox 2548 4929 2825 5000; x_wconf 88' lang='lat' dir='ltr'><strong>quondam</strong></span> <span class='ocrx_word' id='word_1_795' title='bbox 2858 4927 3020 4983; x_wconf 84' lang='lat' dir='ltr'><strong>simul</strong></span> <span class='ocrx_word' id='word_1_796' title='bbox 3056 4926 3341 4998; x_wconf 73' lang='lat' dir='ltr'><strong>religiosos</strong></span> <span class='ocrx_word' id='word_1_797' title='bbox 3372 4925 3482 4980; x_wconf 89' lang='lat' dir='ltr'><strong>vidi</strong></span> <span class='ocrx_word' id='word_1_798' title='bbox 3509 4939 3643 4980; x_wconf 84' lang='lat' dir='ltr'><strong>con-</strong></span> 
     </span>
    </p>
   </div>
   <div class='ocr_carea' id='block_1_113' title="bbox 2065 5016 3642 5092">
    <p class='ocr_par' dir='ltr' id='par_1_113' title="bbox 2065 5016 3642 5092">
     <span class='ocr_line' id='line_1_113' title="bbox 2065 5016 3642 5092; baseline -0.004 -15"><span class='ocrx_word' id='word_1_799' title='bbox 2065 5023 2308 5079; x_wconf 88' lang='lat' dir='ltr'><strong>tumeliis</strong></span> <span class='ocrx_word' id='word_1_800' title='bbox 2353 5022 2616 5087; x_wconf 82' lang='lat' dir='ltr'><strong>affectos,</strong></span> <span class='ocrx_word' id='word_1_801' title='bbox 2666 5035 2904 5092; x_wconf 86' lang='lat' dir='ltr'><strong>quorum</strong></span> <span class='ocrx_word' id='word_1_802' title='bbox 2945 5021 3158 5090; x_wconf 90' lang='lat' dir='ltr'><strong>primus</strong></span> <span class='ocrx_word' id='word_1_803' title='bbox 3206 5017 3378 5074; x_wconf 81' lang='lat' dir='ltr'><strong>sensit</strong></span> <span class='ocrx_word' id='word_1_804' title='bbox 3423 5016 3642 5087; x_wconf 82' lang='lat' dir='ltr'><strong>quidem</strong></span> 
     </span>
    </p>
   </div>
   <div class='ocr_carea' id='block_1_114' title="bbox 2068 5107 3646 5182">
    <p class='ocr_par' dir='ltr' id='par_1_114' title="bbox 2068 5107 3646 5182">
     <span class='ocr_line' id='line_1_114' title="bbox 2068 5107 3646 5182; baseline -0.006 -10"><span class='ocrx_word' id='word_1_805' title='bbox 2068 5131 2338 5181; x_wconf 87' lang='lat' dir='ltr'><strong>morsum,</strong></span> <span class='ocrx_word' id='word_1_806' title='bbox 2373 5116 2468 5170; x_wconf 86' lang='lat' dir='ltr'><strong>sed</strong></span> <span class='ocrx_word' id='word_1_807' title='bbox 2493 5115 2738 5170; x_wconf 86' lang='lat' dir='ltr'><strong>dolorem</strong></span> <span class='ocrx_word' id='word_1_808' title='bbox 2770 5111 2989 5168; x_wconf 87' lang='lat' dir='ltr'><strong>silentio</strong></span> <span class='ocrx_word' id='word_1_809' title='bbox 3017 5111 3323 5182; x_wconf 79' lang='lat' dir='ltr'><strong>oppressit;</strong></span> <span class='ocrx_word' id='word_1_810' title='bbox 3373 5107 3512 5163; x_wconf 79' lang='lat' dir='ltr'><strong>alter</strong></span> <span class='ocrx_word' id='word_1_811' title='bbox 3541 5120 3646 5163; x_wconf 75' lang='lat' dir='ltr'><strong>sua</strong></span> 
     </span>
    </p>
   </div>
   <div class='ocr_carea' id='block_1_115' title="bbox 2068 5196 3646 5278">
    <p class='ocr_par' dir='ltr' id='par_1_115' title="bbox 2068 5196 3646 5278">
     <span class='ocr_line' id='line_1_115' title="bbox 2068 5196 3646 5278; baseline -0.005 -17"><span class='ocrx_word' id='word_1_812' title='bbox 2068 5207 2288 5278; x_wconf 84' lang='lat' dir='ltr'><strong>quidem</strong></span> <span class='ocrx_word' id='word_1_813' title='bbox 2339 5219 2504 5261; x_wconf 70' lang='lat' dir='ltr'><strong>causa</strong></span> <span class='ocrx_word' id='word_1_814' title='bbox 2552 5203 2858 5275; x_wconf 74' lang='lat' dir='ltr'><strong>gaudebat,</strong></span> <span class='ocrx_word' id='word_1_815' title='bbox 2911 5202 3006 5258; x_wconf 86' lang='lat' dir='ltr'><strong>sed</strong></span> <span class='ocrx_word' id='word_1_816' title='bbox 3045 5201 3220 5256; x_wconf 79' lang='lat' dir='ltr'><strong>vicem</strong></span> <span class='ocrx_word' id='word_1_817' title='bbox 3258 5196 3646 5254; x_wconf 67' lang='lat' dir='ltr'><strong>calumniando</strong></span> 
     </span>
    </p>
   </div>
   <div class='ocr_carea' id='block_1_116' title="bbox 2071 5287 3648 5366">
    <p class='ocr_par' dir='ltr' id='par_1_116' title="bbox 2071 5287 3648 5366">
     <span class='ocr_line' id='line_1_116' title="bbox 2071 5287 3648 5366; baseline -0.006 -15"><span class='ocrx_word' id='word_1_818' title='bbox 2071 5296 2292 5352; x_wconf 78' lang='lat' dir='ltr'><strong>dolebat</strong></span> <span class='ocrx_word' id='word_1_819' title='bbox 2319 5313 2334 5349; x_wconf 91' lang='lat'><strong>:</strong></span> <span class='ocrx_word' id='word_1_820' title='bbox 2369 5305 2683 5366; x_wconf 82' lang='lat' dir='ltr'><strong>postremus</strong></span> <span class='ocrx_word' id='word_1_821' title='bbox 2709 5293 2937 5348; x_wconf 89' lang='lat' dir='ltr'><strong>omnino</strong></span> <span class='ocrx_word' id='word_1_822' title='bbox 2969 5291 3057 5349; x_wconf 87' lang='lat' dir='ltr'><strong>sui</strong></span> <span class='ocrx_word' id='word_1_823' title='bbox 3100 5291 3306 5346; x_wconf 80' lang='lat' dir='ltr'><strong>oblitus</strong></span> <span class='ocrx_word' id='word_1_824' title='bbox 3335 5297 3544 5344; x_wconf 83' lang='lat' dir='ltr'><strong>tantum</strong></span> <span class='ocrx_word' id='word_1_825' title='bbox 3567 5287 3648 5342; x_wconf 83' lang='lat' dir='ltr'><strong>la-</strong></span> 
     </span>
    </p>
   </div>
   <div class='ocr_carea' id='block_1_117' title="bbox 2071 5379 3647 5460">
    <p class='ocr_par' dir='ltr' id='par_1_117' title="bbox 2071 5379 3647 5460">
     <span class='ocr_line' id='line_1_117' title="bbox 2071 5379 3647 5460; baseline -0.007 -15"><span class='ocrx_word' id='word_1_826' title='bbox 2071 5403 2290 5460; x_wconf 78' lang='lat' dir='ltr'><strong>crymas</strong></span> <span class='ocrx_word' id='word_1_827' title='bbox 2317 5397 2373 5442; x_wconf 85' lang='lat' dir='ltr'><strong>et</strong></span> <span class='ocrx_word' id='word_1_828' title='bbox 2413 5387 2656 5441; x_wconf 87' lang='lat' dir='ltr'><strong>calentes</strong></span> <span class='ocrx_word' id='word_1_829' title='bbox 2699 5385 2919 5455; x_wconf 89' lang='lat' dir='ltr'><strong>quidem</strong></span> <span class='ocrx_word' id='word_1_830' title='bbox 2955 5397 3055 5454; x_wconf 88' lang='lat' dir='ltr'><strong>pro</strong></span> <span class='ocrx_word' id='word_1_831' title='bbox 3101 5380 3440 5453; x_wconf 75' lang='lat' dir='ltr'><strong>oﬂ&#39;endente,</strong></span> <span class='ocrx_word' id='word_1_832' title='bbox 3487 5379 3647 5448; x_wconf 73' lang='lat' dir='ltr'><strong>cujus</strong></span> 
     </span>
    </p>
   </div>
   <div class='ocr_carea' id='block_1_118' title="bbox 2072 5468 3646 5546">
    <p class='ocr_par' dir='ltr' id='par_1_118' title="bbox 2072 5468 3646 5546">
     <span class='ocr_line' id='line_1_118' title="bbox 2072 5468 3646 5546; baseline -0.006 -11"><span class='ocrx_word' id='word_1_833' title='bbox 2072 5482 2332 5536; x_wconf 86' lang='lat' dir='ltr'><strong>damnum</strong></span> <span class='ocrx_word' id='word_1_834' title='bbox 2384 5477 2621 5542; x_wconf 82' lang='lat' dir='ltr'><strong>videbat,</strong></span> <span class='ocrx_word' id='word_1_835' title='bbox 2678 5491 2745 5531; x_wconf 76' lang='lat' dir='ltr'><strong>ex</strong></span> <span class='ocrx_word' id='word_1_836' title='bbox 2794 5476 3064 5532; x_wconf 82' lang='lat' dir='ltr'><strong>cbaritato</strong></span> <span class='ocrx_word' id='word_1_837' title='bbox 3110 5472 3491 5546; x_wconf 80' lang='lat' dir='ltr'><strong>profundebat.</strong></span> <span class='ocrx_word' id='word_1_838' title='bbox 3543 5468 3646 5525; x_wconf 81' lang='lat' dir='ltr'><strong>Uln</strong></span> 
     </span>
    </p>
   </div>
   <div class='ocr_carea' id='block_1_119' title="bbox 2073 5562 3646 5639">
    <p class='ocr_par' dir='ltr' id='par_1_119' title="bbox 2073 5562 3646 5639">
     <span class='ocr_line' id='line_1_119' title="bbox 2073 5562 3646 5639; baseline -0.007 -12"><span class='ocrx_word' id='word_1_839' title='bbox 2073 5571 2237 5628; x_wconf 89' lang='lat' dir='ltr'><strong>simul</strong></span> <span class='ocrx_word' id='word_1_840' title='bbox 2268 5570 2424 5626; x_wconf 90' lang='lat' dir='ltr'><strong>licuit</strong></span> <span class='ocrx_word' id='word_1_841' title='bbox 2461 5581 2711 5639; x_wconf 84' lang='lat' dir='ltr'><strong>spectare</strong></span> <span class='ocrx_word' id='word_1_842' title='bbox 2747 5576 2858 5622; x_wconf 89' lang='lat' dir='ltr'><strong>tres</strong></span> <span class='ocrx_word' id='word_1_843' title='bbox 2880 5565 3116 5621; x_wconf 82' lang='lat' dir='ltr'><strong>eximios</strong></span> <span class='ocrx_word' id='word_1_844' title='bbox 3137 5562 3357 5618; x_wconf 87' lang='lat' dir='ltr'><strong>virtutis</strong></span> <span class='ocrx_word' id='word_1_845' title='bbox 3393 5562 3646 5623; x_wconf 79' lang='lat' dir='ltr'><strong>athletas,</strong></span> 
     </span>
    </p>
   </div>
   <div class='ocr_carea' id='block_1_120' title="bbox 2074 5652 3648 5729">
    <p class='ocr_par' dir='ltr' id='par_1_120' title="bbox 2074 5652 3648 5729">
     <span class='ocr_line' id='line_1_120' title="bbox 2074 5652 3648 5729; baseline -0.006 -10"><span class='ocrx_word' id='word_1_846' title='bbox 2074 5664 2292 5720; x_wconf 89' lang='lat' dir='ltr'><strong>timoris</strong></span> <span class='ocrx_word' id='word_1_847' title='bbox 2335 5663 2584 5729; x_wconf 87' lang='lat' dir='ltr'><strong>inquam,</strong></span> <span class='ocrx_word' id='word_1_848' title='bbox 2627 5659 2892 5716; x_wconf 84' lang='lat' dir='ltr'><strong>mercedis</strong></span> <span class='ocrx_word' id='word_1_849' title='bbox 2932 5668 2987 5712; x_wconf 84' lang='lat' dir='ltr'><strong>et</strong></span> <span class='ocrx_word' id='word_1_850' title='bbox 3026 5655 3333 5712; x_wconf 81' lang='lat' dir='ltr'><strong>cbaritatis.</strong></span> <span class='ocrx_word' id='word_1_851' title='bbox 3372 5652 3648 5722; x_wconf 83' lang='lat' dir='ltr'><strong>Quemad-</strong></span> 
     </span>
    </p>
   </div>
   <div class='ocr_carea' id='block_1_121' title="bbox 2077 5747 3645 5820">
    <p class='ocr_par' dir='ltr' id='par_1_121' title="bbox 2077 5747 3645 5820">
     <span class='ocr_line' id='line_1_121' title="bbox 2077 5747 3645 5820; baseline -0.007 -8"><span class='ocrx_word' id='word_1_852' title='bbox 2077 5757 2297 5812; x_wconf 88' lang='lat' dir='ltr'><strong>modum</strong></span> <span class='ocrx_word' id='word_1_853' title='bbox 2350 5756 2402 5810; x_wconf 93' lang='lat' dir='ltr'><strong>in</strong></span> <span class='ocrx_word' id='word_1_854' title='bbox 2437 5753 2691 5810; x_wconf 85' lang='lat' dir='ltr'><strong>humanis</strong></span> <span class='ocrx_word' id='word_1_855' title='bbox 2722 5749 3046 5820; x_wconf 83' lang='lat' dir='ltr'><strong>corporibus</strong></span> <span class='ocrx_word' id='word_1_856' title='bbox 3077 5747 3247 5805; x_wconf 87' lang='lat' dir='ltr'><strong>febris</strong></span> <span class='ocrx_word' id='word_1_857' title='bbox 3284 5747 3505 5818; x_wconf 87' lang='lat' dir='ltr'><strong>quidem</strong></span> <span class='ocrx_word' id='word_1_858' title='bbox 3539 5760 3645 5802; x_wconf 76' lang='lat' dir='ltr'><strong>uua</strong></span> 
     </span>
    </p>
   </div>
  </div>
