4110 6416
527 323 630 394 835

1789 323 1848 378 S.
1880 312 2196 380 JOANNIS
2225 315 2530 380 CLIMACI

3684 307 3790 381 836

527 457 633 494 una
661 448 767 502 est,
805 437 900 493 sed
938 438 1142 492 multas
1175 436 1336 490 habet
1377 431 1592 487 ardoris
1631 447 1826 486 causas
1857 451 1870 486 :
1902 432 1981 486 sic
2015 434 2110 486 ira;

2217 432 2348 486 ἀλλὰ
2382 433 2476 488 καὶ
2503 432 2611 484 τῶν
2659 431 3038 503 πολεμούντων
3078 427 3172 487 καὶ
3217 431 3651 488 ἀποκτεινόντων
3732 449 3792 483 σε

531 539 715 583 motus
749 539 802 582 et
837 528 1144 580 incendium
1179 526 1252 578 uti
1283 524 1618 592 reliquorum
1649 521 1903 576 vitiorum
1927 523 2105 577 morbi

531 621 739 676 mu-ltus
765 628 821 674 et
843 619 1022 673 varias
1051 617 1288 686 origines
1322 616 1522 668 habent
1553 625 1608 668 et
1636 613 1840 668 fontes.
1873 613 2108 670 Proinde

529 714 646 769 fieri
679 727 784 766 non
818 718 1014 780 potest,
1051 719 1108 762 ut
1131 711 1196 760 de
1241 706 1470 775 singulis
1512 707 1790 774 sigillatim
1825 706 2109 775 prmeipia-

529 821 675 860 mus.
717 802 1039 858 Consultum
1083 809 1262 853 autem
1291 797 1395 854 erit
1437 812 1534 866 pro
1573 796 1804 852 sollicita
1845 796 2113 865 cujusque

529 897 908 967 egrotantium
954 909 1083 947 cura
1117 901 1480 962 Opportunam
1521 890 1722 958 cuique
1761 889 1954 944 morbo
1991 903 2111 944 me-

528 987 772 1043 dicinam
799 998 1064 1054 quaerere.
1095 982 1339 1048 Quarum
1380 981 1554 1050 prima
1585 979 1676 1042 sit,
1712 988 1769 1033 ut
1801 977 2112 1033 ulllictionis

529 1078 704 1147 ipsius
741 1090 907 1129 causa
959 1080 1340 1142 cognoscatur,
1392 1086 1499 1140 qua
1535 1069 1873 1138 deprehensa
1925 1078 2109 1139 aptum

527 1183 593 1222 ex
640 1167 823 1220 divina
870 1163 1205 1234 providentia
1251 1171 1306 1217 et
1347 1163 1685 1216 medicorum
1735 1161 2110 1230 religiosorum

529 1273 661 1312 cura
690 1257 1048 1325 emplastrum
1081 1254 1315 1322 accipiat
1346 1271 1359 1307 :
1399 1261 1476 1317 ut,
1510 1253 1604 1322 qui
1637 1254 1886 1321 exemplo
1925 1262 2114 1306 nostro
2156 1303 2162 1310 .

531 1347 815 1401 nobiscum
846 1347 1085 1408 cupiunt
1113 1345 1165 1397 in
1193 1343 1424 1397 Domino
1453 1341 1732 1410 spirituale
1764 1351 1818 1395 et
1848 1341 2114 1411 religiosis

531 1437 867 1506 prepositum
901 1435 1091 1504 judicii
1145 1434 1379 1487 tribunal
1423 1433 1660 1503 ingredi,
1715 1430 2109 1501 ingrediantur,

2211 526 2310 585 τὰς
2339 524 2632 593 σημασίας.
2677 524 2737 576 Ὀ
2771 524 2827 578 δὲ
2864 525 2996 595 πρὸς
3031 526 3179 595 ἡμᾶς
3209 523 3642 594 ἀποκρινόμενος
3675 521 3792 575 ἕλε-

2213 631 2326 682 γεν.
2358 614 2424 668 Αἱ
2481 615 2580 684 ἐμὲ
2615 616 2944 684 γεννήσασαι
2983 615 3196 678 πολλαὶ,
3237 616 3333 668 καὶ
3375 615 3404 667 6
3453 614 3584 683 ἐμὸς
3613 613 3793 682 πατὴρ

2215 709 2314 776 οὐχ
2347 701 2446 770 εἷς.
2477 708 2542 758 Αἱ
2568 707 2625 759 δὲ
2664 707 2902 778 μητέρες
2941 724 3043 776 μου
3089 705 3364 770 κενοδοξία
3388 746 3404 770 ,
3441 705 3794 775 φιλαργυρία,

2217 798 2628 868 γαστριμαργία
2649 815 2662 828 ο
2697 798 2812 850 ἐστι
2861 798 2917 850 δὲ
2956 798 3046 850 ὅτε
3089 799 3184 850 καὶ
3225 797 3450 866 πορνεία
3475 813 3488 826 ·
3512 797 3542 848 6
3568 795 3674 875 ius
3707 812 3797 862 γε·

2218 887 2497 958 γεννηκὼς
2525 889 2992 964 προσηγορεύεται
3022 888 3210 956 τῦφος.
3267 890 3333 941 At
3364 888 3422 941 δὲ
3454 888 3585 957 ὲμαὶ
3633 886 3797 955 θυγα-

2217 978 2374 1048 τέρες
2427 981 2809 1048 μνησικακίαι,
2854 979 3034 1049 μίσος,
3079 979 3269 1050 ἔχθρα,
3317 977 3694 1046 δικαιολογία-ι’
3741 985 3795 1033 αἱ

2219 1068 2353 1138 ἐμοῦ
2384 1069 2441 1122 δὲ
2486 1069 2768 1132 ἀντίδικοι,
2803 1071 2892 1138 ὑφ’
2929 1065 3004 1123 ὧν
3038 1070 3133 1124 νῦν
3189 1071 3514 1140 περιέχομαι
3553 1067 3798 1135 δέσμιος,

2219 1161 2276 1214 αἱ
2305 1159 2508 1213 τούτων
2545 1162 2940 1231 ἁντικείμεναι,
2981 1162 3254 1232 ἀοργητία
3299 1162 3391 1215 καὶ
3426 1161 3690 1231 πραότης.
3733 1159 3800 1212 Ἦ

2219 1251 2275 1304 δὲ
2302 1252 2408 1320 ἐμὴ
2436 1252 2748 1318 ἐπίϐουλος,
2785 1255 3256 1324 ταπεινοφροσύνη
3303 1251 3796 1324 προσαγορεύεται.

2221 1342 2314 1404 Τίς
2347 1341 2401 1394 δὲ
2429 1343 2456 1395 6
2485 1342 2718 1406 τετοκὼ;
2749 1343 2984 1414 ἐκείνην,
3027 1347 3086 1396 ὲν
3123 1345 3234 1414 ἰδίῳ
3260 1343 3437 1414 καιρῷ
3464 1342 3634 1413 αὐτὴν
3660 1344 3798 1412 ὲρωο

2216 1433 2440 1502 τήσατε.

530 1537 584 1583 et
612 1530 680 1584 dc
709 1527 995 1584 affectibus
1042 1537 1098 1582 et
1141 1527 1525 1595 causis‘snpra
1573 1525 1892 1579 memoratis
1927 1525 2114 1594 aliquo
2155 1526 2320 1580 modo
2353 1527 2619 1583 secretius
2647 1529 2946 1598 inquirant.
2977 1528 3260 1585 Vinciatur
3326 1546 3456 1600 ergo
3511 1531 3800 1585 iracundus

530 1618 749 1672 animus
777 1619 942 1672 veluti
991 1626 1256 1686 tyrannus
1300 1603 1529 1689 uexit-ius
1560 1614 2025 1679 mansuetudinis,
2061 1623 2116 1668 et
2153 1615 2579 1684 longanimitatis
2641 1617 2810 1690 ﬂagro
2841 1622 3125 1686 tundatur,
3201 1621 3445 1690 adeoque
3483 1636 3578 1690 per
3623 1621 3803 1675 chari‘

538 1721 704 1766 tatem
743 1722 986 1768 sanctam
1017 1712 1082 1765 ad
1121 1709 1358 1764 tribunal
1391 1710 1621 1763 rationis
1656 1709 1899 1772 sistatur,
1931 1719 2094 1777 atque
2133 1711 2222 1764 illa
2247 1727 2367 1780 qua:
2391 1714 2645 1768 convenit
2666 1731 2762 1784 per
2799 1717 3131 1784 quaestiones
3195 1728 3455 1787 rogetur:
3484 1719 3595 1785 Age
3655 1716 3801 1776 fatuo

527 1814 584 1859 et
616 1805 925 1875 impudens,
954 1804 1051 1856 ede
1073 1803 1230 1855 nobis
1253 1802 1498 1869 parentis
1530 1800 1605 1853 tui
1640 1815 1860 1864 nomen,
1893 1799 2191 1868 matrisque
2230 1811 2336 1855 tua:
2396 1818 2518 1872 qua
2577 1812 2628 1858 te
2662 1804 2952 1860 infeliciter
2990 1807 3152 1876 178
3201 1811 3410 1876 genuit,
3475 1822 3794 1878 cognomen,

533 1913 636 1953 nec
668 1913 774 1950 non
803 1911 1014 1958 eorum,
1044 1894 1135 1963 qui
1165 1910 1226 1946 ex
1262 1903 1312 1945 te
1345 1891 1456 1944 nati
1523 1901 1774 1957 natazque
1835 1899 1986 1952 siml,
2051 1889 2392 1958 impurorum
2418 1893 2712 1947 liberorum
2737 1896 2978 1949 nomina.
3001 1895 3115 1949 lmo
3140 1897 3308 1950 fatere
3329 1898 3493 1950 etiam
3547 1911 3577 1949 a
3605 1898 3800 1966 quibus

529 1990 896 2062 qualibusque
935 1985 1188 2040 hostibus
1225 1982 1402 2053 possis
1467 1981 1766 2050 expugnari
1839 1987 1893 2032 et
1933 1980 2182 2034 mactari.
2223 1981 2304 2034 Ad
2337 1997 2459 2051 quae
2510 1983 2600 2037 ille
2637 2001 2649 2036 :
2683 1983 2816 2050 Qua:
2853 2001 2941 2040 me
2967 2023 2984 2050 ,
3049 1987 3261 2055 inquit,
3315 2001 3573 2057 peperere
3622 1987 3794 2042 multa:

529 2094 680 2149 sunt,
707 2097 808 2136 nec
830 2094 971 2134 unus
995 2079 1127 2132 mihi
1157 2088 1307 2147 pater
1331 2085 1432 2130 est.
1460 2075 1763 2130 Genitrices
1785 2082 1914 2128 sunt
1940 2074 2117 2130 inanis
2156 2075 2340 2143 gloria:
2401 2077 2666 2142 studium,
2729 2079 2980 2145 avaritia,
3012 2086 3158 2148 gula,
3187 2090 3241 2134 et
3267 2096 3390 2149 qua
3411 2080 3536 2136 inde
3561 2082 3800 2150 quando-

529 2192 638 2247 que
693 2173 941 2228 nascitur
991 2169 1350 2240 impudicitia.
1401 2169 1503 2234 Qui
1548 2185 1634 2222 me
1681 2167 1890 2221 creavit
1940 2175 2113 2236 pater,
2154 2167 2459 2237 appellatur
2495 2168 2690 2224 fastus.
2731 2169 2881 2224 Filiae
2945 2181 3092 2236 sunt,
3127 2172 3388 2226 memoria
3459 2180 3797 2240 acceptarum

528 2265 1114 2338 injuriarum,odimn,
1149 2261 1468 2323 iuituicitiaa,
1489 2260 1891 2315 contentiones.
1953 2259 2150 2313 Hostes
2187 2271 2370 2314 autem
2437 2261 2566 2325 mei,
2619 2276 2651 2315 a
2701 2263 2901 2331 quibus
2947 2277 3093 2317 nunc
3135 2263 3349 2317 vinctus
3369 2261 3644 2326 detineor,
3676 2267 3799 2317 sunt

528 2359 757 2413 virtutes
790 2355 874 2409 his
901 2354 1048 2407 vitiis
1129 2353 1438 2413 eontrarize,
1517 2352 1610 2405 ira:
1680 2352 1930 2413 victoria,
1970 2362 2025 2405 et
2071 2353 2452 2406 mansuetudo.
2503 2352 2636 2417 Quae
2678 2369 2808 2408 vero
2854 2354 2988 2409 mihi
3017 2354 3246 2410 insidias
3299 2353 3474 2423 ponit,
3525 2352 3798 2415 humilitas

529 2453 858 2525 appellatur,
889 2463 1055 2518 quam
1087 2448 1212 2517 quis
1261 2447 1510 2517 genuerit
1552 2447 1696 2500 illam
1735 2462 1836 2499 suo
1880 2446 1998 2500 loco
2033 2447 2380 2516 interrogate.

604 2543 661 2597 In
689 2551 882 2597 octavo
916 2540 1086 2609 gradu
1135 2555 1338 2592 corona
1387 2538 1825 2592 mansuetudinis
1867 2539 1971 2591 sita
2017 2549 2115 2591 est.

2307 2539 2394 2591 ‘Ev
2424 2539 2595 2607 ὀγδόῳ
2617 2539 2723 2592 τινὶ
2753 2539 2957 2611 βαθμῷ,
2974 2542 3002 2594 6
3025 2542 3124 2613 τῆς
3151 2542 3453 2612 ἁοργησίας
3479 2543 3653 2594 κεῖται
3681 2540 3770 2592 στὲ

529 2634 636 2701 Qui
666 2631 885 2701 ingenio
918 2629 1036 2683 miti
1080 2638 1163 2683 est
1193 2644 1259 2681 ex
1305 2638 1519 2692 natura,
1572 2627 1806 2682 fortasse
1843 2627 1985 2680 illam
2023 2642 2115 2681 eos

2220 2647 2408 2700 φανος,
2452 2632 2547 2684 καὶ
2594 2633 2621 2684 6
2655 2631 2755 2701 μὲν
2789 2635 2852 2684 ἐκ
2894 2634 3110 2701 φύσεως
3137 2634 3344 2687 τούτων
3384 2633 3787 2704 περικείμενος,

531 2738 724 2778 ronam
762 2736 868 2775 non
901 2719 1263 2788 assequitur:
1299 2718 1403 2784 Qui
1445 2733 1575 2771 vero
1613 2719 1726 2772 suis
1776 2718 1912 2771 iram
1951 2720 2115 2774 sudo:-

2220 2725 2350 2785 τσως
2393 2724 2456 2776 οὐ
2501 2723 2810 2794 περίκειται
2859 2725 3048 2796 ἕτερον
3078 2743 3090 2754 ·
3143 2729 3172 2779 6
3209 2727 3266 2779 δὲ
3308 2726 3368 2791 ἐξ
3419 2724 3678 2796 ἱδρώτων,
3721 2726 3792 2785 εἰς

529 2815 687 2870 ribus
715 2812 863 2876 vicit,
897 2810 943 2864 is
974 2811 1192 2863 demum
1226 2823 1351 2862 vere
1379 2825 1477 2878 per
1509 2809 1749 2877 reliquos
1788 2823 1978 2862 omnes
2003 2808 2115 2861 vir-

2219 2815 2365 2874 ιπαν
2397 2820 2524 2883 τοὺς
2559 2820 2707 2873 ὀκτὼ
2752 2821 3056 2892 νενίκηκεν.

530 2914 707 2962 tutum
737 2904 942 2973 gradus
975 2901 1042 2955 ad
1084 2911 1338 2955 octavum
1372 2901 1548 2954 victor
1574 2901 1770 2956 evasit.

864 3035 1155 3094 SCIIOLIA
1192 3035 1284 3090 AD
1321 3035 1610 3091 GRADUM
1656 3034 1788 3090 Vlll.

1081 3147 1159 3202 De
1197 3148 1417 3201 victoria
1452 3149 1569 3202 ira.

935 3235 1189 3291 Scholion
1225 3233 1389 3289 Isaia
1429 3235 1635 3290 abbatis
1676 3237 1725 3290 l.

605 3327 691 3384 Ira
713 3336 817 3394 est,
847 3328 984 3382 velle
1007 3337 1155 3381 tuam
1180 3327 1517 3382 voluntatem
1543 3327 1680 3381 fieri.
1710 3326 1869 3383 Falsa
1890 3329 2114 3384 scientia

531 3429 640 3485 est,
671 3419 814 3474 velle
862 3419 1082 3481 docere,
1115 3417 1348 3497 amanda
1394 3432 1517 3471 esse
1564 3417 1852 3472 commoda
1908 3420 2114 3474 mundi.

528 3511 784 3581 Abjectio
817 3507 1289 3582 [pusillanimitas]
1339 3509 1506 3564 animi
1551 3519 1637 3564 est
1682 3511 1848 3566 nimis
1891 3514 2114 3566 anxium

532 3618 656 3658 esse
681 3611 736 3658 et
761 3601 1081 3671 constringi,
1113 3601 1188 3655 nil
1215 3601 1353 3656 velle
1392 3599 1656 3668 suﬂerre,
1701 3601 1776 3656 nil
1815 3601 1978 3669 dare,
2021 3603 2115 3657 sed

533 3693 806 3765 accipere.
1583 3762 1600 3781 ο

1150 3782 1400 3838 Scholion
1426 3785 1490 3840 9.

603 3875 689 3930 Ira
718 3884 837 3940 est,
888 3874 1066 3930 subita
1095 3883 1151 3932 et
1176 3875 1655 3942 vehementissima
1684 3875 1855 3931 animi
1894 3885 2110 3946 pertur-
2141 3885 2183 3943 ο

529 3967 726 4027 hatio:
768 3967 968 4021 dicitur
1007 3966 1152 4020 enim
1204 3965 1386 4022 fervor
1441 3982 1535 4022 seu
1583 3967 1747 4023 ardor
1797 3967 2008 4034 animi,
2058 3979 2113 4028 et

530 4058 828 4116 commotio
851 4058 1114 4114 adversus
1133 4073 1281 4123 eum,
1307 4059 1402 4128 qui
1425 4074 1526 4114 nos
1547 4075 1641 4127 per
1664 4059 1919 4129 injuriam
1939 4060 2106 4127 laesit,

531 4147 698 4220 179
731 4159 825 4204 aut
853 4148 1048 4204 laedere
1081 4149 1388 4214 videbatur,
1433 4165 1557 4220 quae
1597 4151 1838 4206 animam
1882 4161 1992 4206 tota
2022 4152 2111 4218 die

530 4240 777 4309 infestat,
806 4251 858 4296 et
891 4241 1168 4296 exulcerat
1198 4259 1210 4296 :
1241 4242 1335 4295 sed
1370 4242 1717 4310 potissimum
1747 4242 1888 4296 inter
1917 4258 2109 4312 preces

524 4334 789 4402 subducit
812 4334 970 4396 nobis
1001 4343 1262 4399 mentem,
1293 4343 1348 4390 et
1372 4335 1494 4404 ejus
1519 4335 1610 4403 qui
1639 4349 1740 4390 nos
1766 4337 2110 4391 contrislavit

519 4436 813 4496 .nspectum
839 4437 892 4482 et
911 4426 1118 4480 vultum
1144 4441 1238 4495 per
1263 4427 1705 4496 imaginationem
1735 4439 2106 4496 repraesentat.

2629 3039 2880 3097 ΣΧΟΛῙΑ
2911 3039 3018 3097 ΕΙΣ
3049 3037 3275 3098 ΛΟΓΟΝ
3315 3038 3398 3097 H’.

2740 3159 2878 3228 Περὶ
2925 3160 3276 3230 ἀοργησιας.

2699 3255 2746 3306 Σ
2748 3253 2960 3320 χόλιον
3004 3253 3230 3307 Ἰσατου
3261 3250 3329 3306 α’.

2306 3341 2473 3414 Ὀργή
2506 3346 2623 3398 ἐστι
2649 3342 2711 3396 τὸ
2740 3343 2914 3397 θέλειν
2945 3344 3262 3414 προϐαίνειν
3312 3343 3372 3398 τὸ
3411 3344 3628 3416 θέλημὰ
3664 3358 3750 3399 σου
3772 3351 3788 3373 ³

2218 3433 2252 3504 ἡ
2285 3431 2655 3503 ψευδογνωσία
2687 3433 2750 3487 τὸ
2795 3434 2970 3487 θέλειν
3018 3429 3293 3489 διδᾶσκειν
3319 3477 3333 3502 ,
3389 3434 3451 3488 τὸ
3513 3437 3791 3506 ἀγαπῆσαι

2216 3527 2316 3596 τὴν
2356 3527 2547 3600 χρείαν
2587 3525 2682 3578 τοῦ
2715 3526 2922 3596 κόσμου
2950 3543 2964 3556 ο
2998 3528 3030 3596 ἠ
3081 3528 3419 3598 μικροψυχία
3469 3527 3530 3581 τὸ
3577 3530 3786 3598 συνέχε-

2222 3617 2368 3682 σθαι,
2394 3618 2455 3670 τὸ
2480 3618 2554 3688 μὴ
2593 3617 2917 3688 βαστάζειν·
2960 3619 3020 3670 τὸ
3221 3619 3424 3686 δοῦναι,
3469 3622 3561 3674 καὶ
3589 3620 3785 3672 λαεείνι

2828 3796 3098 3864 ’Σχόλιον
3137 3795 3200 3866 β’,

2300 3887 2363 3945 Ἦ
2393 3891 2531 3962 ὀργὴ
2563 3890 2736 3955 πάθος
2782 3891 2930 3944 ἐστὶν
2966 3891 3244 3957 ὀξύτατον,
3291 3891 3460 3962 θυμὸς
3494 3894 3606 3964 γὰρ
3648 3892 3791 3960 λέγε-

2218 3999 2307 4037 ται
2331 3980 2478 4045 ζέσις
2517 3981 2610 4034 καὶ
2641 3981 2851 4052 κίνησις
2874 3981 3016 4035 κατὰ
3036 3981 3130 4034 τοῦ
3158 3982 3500 4053 ἠδικηκότος,
3524 3983 3556 4055 ἢ
3579 3983 3783 4038 saxoso

2216 4091 2308 4135 τος
2346 4073 2685 4142 ἠδικηκέναι,
2724 4071 2845 4144 ἥτις
2879 4075 3220 4145 πανημέριον
3247 4075 3428 4146 ἀγριοῖ
3451 4076 3548 4145 τὴν
3578 4077 3750 4148 ψυχήν
3776 4089 3790 4110 δ

2221 4165 2464 4236 μάλιστα
2496 4163 2553 4219 δὲ
2580 4169 2637 4220 ὲν
2661 4169 2779 4230 ταῖς
2808 4170 3137 4237 προσευχαῖς
3171 4167 3508 4235 συναρπάζει
3531 4169 3623 4224 τὸν
3652 4170 3789 4234 νοῦν,

2214 4254 2277 4310 τὸ
2307 4255 2401 4310 τοῦ
2449 4256 2816 4327 λελυπηκότος
2847 4255 3138 4326 πρόσωπον
3180 4256 3595 4326 ὑπογράφουσα.
3653 4256 3790 4311 Ἐστι

2218 4348 2274 4402 δὲ
2305 4349 2649 4422 χρονίζουσα,
2681 4349 2773 4402 καὶ
2809 4347 3255 4420 μεταϐαλλομένη
3299 4351 3380 4412 εἰς
3429 4350 3591 4420 μῆνιν
3623 4367 3789 4422 ταρα-

2221 4439 2323 4509 χὰς
2355 4437 2568 4508 νύκτωρ
2623 4437 2878 4508 παρέχει,
2922 4437 3074 4508 τῆξίν
3121 4454 3182 4491 τε
3232 4437 3327 4490 τοῦ
3387 4433 3662 4509 σώματος,
3704 4441 3790 4493 καὶ

520 4515 661 4573 llaec
688 4533 814 4574 cum
866 4533 1020 4579 mora
1065 4519 1370 4584 invalescit,
1415 4519 1645 4576 vertitur
1694 4519 1749 4574 in
1801 4521 2010 4583 odium,
2059 4534 2112 4577 et

2217 4529 2526 4601 ὠχρότητα,
2551 4529 2645 4584 καὶ
2672 4529 2877 4601 θηρίων
2905 4530 3127 4584 ίοὸὁλων
3150 4529 3454 4600 ἐπιδρομάς
3486 4547 3500 4560 ·
3535 4532 3708 4586 ταῦτα
3736 4531 3787 4584 δὲ

522 4621 630 4680 per
676 4619 890 4666 noctem
938 4623 1042 4663 nos
1090 4609 1310 4666 infestat
1351 4619 1406 4664 et
1445 4610 1748 4680 perturbat,
1788 4614 2114 4682 corporique

2218 4619 2461 4690 τέσσαρα
2486 4621 2626 4690 μετὰ
2651 4620 2753 4692 τὴν
2779 4620 2951 4691 ,μῆνιν
2994 4622 3362 4692 συμόαίνοντα
3409 4609 3561 4694 εὕροι
3608 4625 3672 4678 ἄν
3713 4639 3786 4685 τις

527 4701 713 4757 tabem
735 4709 790 4755 et
809 4700 1070 4771 pallorem
1099 4702 1357 4756 conciliat
1383 4710 1438 4756 et
1461 4708 1578 4772 (per
1601 4703 1877 4769 somnium
1887 4709 1904 4769 )
1922 4707 2111 4760 noxiae-

2223 4708 2735 4779 παρακολουθοῦντα
2761 4710 2970 4766 πλείοσι
3005 4711 3310 4783 λογισμοῖς.

524 4807 655 4854 .rum
687 4796 982 4852 bestiarum
1018 4796 1364 4854 incursiones
1404 4807 1573 4853 menti
1608 4798 1794 4867 objicit
1827 4819 1841 4854 :
1873 4800 1988 4856 haec
2032 4813 2213 4860 autem
2269 4813 2539 4874 quatuor,
2586 4819 2707 4874 quae
2755 4813 2880 4874 post
2923 4817 3241 4877 conceptum
3288 4807 3471 4862 odium
3540 4822 3637 4860 usu
3705 4819 3786 4859 νει

520 4892 714 4956 sti-unt,
753 4891 1122 4962 deprehendet
1162 4894 1288 4963 quis
1333 4895 1519 4951 multis
1555 4895 1986 4966 cogitationibus
2037 4899 2295 4956 comitata
2333 4903 2511 4970 sequi.

1146 4987 1395 5052 Scholion
1426 4989 1482 5044 ὅ.

2815 4998 3080 5066 Σχόλιον
3110 4997 3179 5066 γ’.

593 5075 1065 5135 Excandescentia
1112 5088 1197 5134 est
1253 5078 1435 5136 fervor
1481 5082 1596 5138 sive
1644 5081 2002 5140 inflammatio
2056 5088 2111 5140 et

2288 5085 2468 5156 Θυμός
2495 5089 2610 5144 ἐστι
2633 5082 2781 5154 ξέσις
2803 5089 2846 5159 ἢ
2877 5087 3086 5157 ἔξαψις,
3120 5087 3214 5152 καὶ
3249 5088 3618 5158 ἀναθυμίασις
3657 5084 3785 5156 πρὸς

515 5179 722 5238 .vspor,
753 5183 850 5224 seu
889 5169 1128 5238 spiritus
1159 5170 1258 5240 qui
1289 5185 1388 5226 nos
1415 5172 1482 5226 ad
1507 5173 1802 5227 vindictam
1831 5175 1898 5229 de
1923 5188 2110 5230 eosu—

2217 5177 2428 5249 ἄμυναν
2463 5181 2806 5252 παρορμῶσα
2830 5181 2925 5236 τοῦ
2961 5181 3300 5250 λυπήσαντος
3330 5195 3342 5208 ·
3375 5179 3547 5250 θυμοῦ
3572 5179 3628 5232 δὲ
3660 5179 3784 5230 ἴδιον

521 5259 784 5314 mendum
811 5259 1026 5326 incitat,
1047 5261 1149 5330 qui
1177 5275 1280 5316 nos
1303 5262 1526 5318 tristitia
1551 5274 1602 5320 et
1629 5265 1878 5332 molestia
1899 5266 2102 5326 affecit.

2217 5271 2353 5340 πρὸς
2381 5270 2642 5339 δαίμονας
2671 5273 2768 5324 καὶ
2788 5272 2932 5342 πάθη
2957 5270 3259 5340 μάχεσθαι.

532 5349 818 5420 Proprium
842 5360 1022 5405 autem
1045 5361 1131 5405 est
1153 5350 1316 5421 hujus
1333 5353 1580 5412 iracundi
1599 5356 1825 5413 allectus
1845 5357 2108 5412 adversus

517 5441 806 5497 daemones
829 5448 883 5496 et
914 5442 1041 5496 vitia
1081 5441 1430 5511 depraeliari..

974 5528 1040 5584 .S.
1079 5529 1306 5584 Maximi
1341 5533 1576 5588 sclwlion
1607 5536 1661 5589 4.

602 5615 770 5686 Equi
796 5618 880 5672 vir
905 5627 960 5673 et
981 5619 1247 5688 patientis
1268 5619 1438 5674 animi
1466 5622 1650 5676 multa:
1680 5632 1765 5677 est
1789 5622 2109 5692 prudentiae,

519 5706 662 5772 quia
693 5707 960 5775 patienter
1009 5718 1336 5786 exspectans
1384 5714 1590 5778 omnia,
1635 5714 1869 5769 sustinet
1921 5728 2112 5770 omnes

2501 5533 2610 5586 Τοῦ
2647 5534 2819 5601 ἁγίου
2856 5531 3130 5599 Μαξίμου
3156 5535 3412 5602 σκόλιον
3443 5525 3504 5585 6'.

2289 5623 2656 5694 Μακρόθυμος
2681 5625 3019 5697 ἀνὴρπολὺς
3059 5628 3118 5679 ὲν
3160 5627 3441 5696 φρονήσει,
3494 5624 3574 5676 ὅτι
3618 5623 3786 5675 πάντα

2222 5717 2530 5787 περιμένων
2567 5719 2817 5788 ἀνέκεται
2848 5718 2954 5774 τῶν
2985 5718 3242 5789 λυπηρῶν
3262 5736 3274 5751 ·
3309 5717 3446 5771 τὸδὲ
3490 5715 3640 5780 τέλος
3680 5711 3789 5782 ζωὴ
