4110 6428
475 334 582 399 839

1725 324 1793 382 Β.
1824 320 2144 383 JOANNIS
2171 318 2479 382 CLIMACI

3640 320 3744 390 διο

477 448 796 504 emendetur
829 445 923 515 qui
953 444 1219 514 peccavit,
1257 443 1339 497 vel
1372 452 1438 495 ut
1480 440 1571 495 alii
1597 449 1840 495 metuant
1868 458 1881 494 :
1917 438 2063 508 quod

2171 440 2293 493 κίαν
2326 440 2490 494 αὑτοῦ
2519 455 2530 465 ·
2565 438 2681 492 ἀλλ’
2720 439 2810 493 ἶνα
2851 440 3118 513 διοροωθῇ
3162 433 3471 512 ἄνθρωπος,
3510 441 3547 513 ἢ
3594 443 3745 498 ἄλλοι

480 544 527 597 si
574 539 862 610 castigatio
905 552 989 594 εει
1036 537 1105 591 ab
1153 537 1255 590 hac
1302 535 1556 599 diversa,
1602 548 1715 588 non
1762 542 1849 590 est
1896 534 2061 588 casti-

477 630 644 699 gatio.

1066 718 1126 773 S.
1164 716 1383 771 Antonii
1418 717 1472 773 9.

557 813 837 868 Adversus
875 817 1165 880 peccantes
1204 809 1551 864 irascendum
1589 823 1701 863 non
1730 817 1837 871 est,
1871 820 2065 875 quam-

482 903 568 959 vis
604 903 801 957 delicta
841 902 909 956 ab
951 901 1088 969 ipsis
1122 909 1430 969 perpetrata
1461 899 1626 971 digna
1673 908 1802 954 sunt
1828 901 2067 969 castiga-

482 996 631 1049 tione
659 1013 672 1049 :
704 993 802 1048 sed
836 993 1217 1062 delinquentes
1242 1001 1470 1061 propter
1500 993 1812 1063 aequitatem
1841 992 2009 1061 ipsam
2035 1004 2067 1045 ι

482 1084 645 1140 nobis
670 1084 966 1138 reducendi
994 1093 1048 1137 et
1086 1082 1372 1152 puniendi,
1416 1085 1461 1138 si
1502 1084 1575 1138 ita
1620 1099 1705 1139 res
1744 1082 1906 1147 ferat,
1952 1082 2068 1137 sive

481 1192 581 1246 per
605 1190 706 1231 nos
736 1176 906 1245 ipsos,
932 1176 1049 1229 sive
1075 1191 1171 1244 per
1192 1175 1358 1230 alios.
1384 1175 1547 1231 Irasci
1578 1186 1758 1231 autem
1785 1184 1840 1230 et
1866 1190 2069 1230 excan-

482 1267 708 1321 descere
744 1281 850 1320 non
880 1274 1115 1335 oportet,
1143 1266 1273 1335 quia
1308 1266 1390 1320 ira
1423 1267 1496 1321 nil
1527 1267 1631 1321 nisi
1669 1268 1985 1337 perturbate
2014 1274 2070 1321 et

484 1358 681 1412 vitiose
708 1358 852 1428 agit,
889 1358 1026 1411 nihil
1050 1373 1178 1412 vero
1206 1374 1274 1412 ex
1298 1359 1507 1427 judicio
1542 1368 1595 1413 ct
1630 1360 1903 1430 tequitate.
1932 1359 2066 1413 Pro-

486 1451 613 1504 inde
642 1466 741 1504 nec
779 1450 853 1502 illi
888 1450 1152 1517 probandi
1191 1460 1339 1514 sunt,
1376 1452 1469 1521 qui
1518 1460 1714 1521 praeter
1753 1452 1845 1521 jus
1889 1462 1944 1506 et
1986 1451 2068 1507 fas

483 1542 717 1596 aliorum
776 1542 1139 1607 miserentur,
1192 1552 1415 1611 propter
1463 1543 1749 1599 honestum
1794 1546 1971 1614 ipsum
2016 1553 2070 1599 et

411 1679 418 1687 .
482 1649 722 1703 aequum.
752 1631 1018 1687 Puniendi
1048 1645 1176 1688 sunt
1202 1636 1467 1704 improbi,
1506 1646 1555 1690 et
1597 1654 1703 1692 non
1743 1653 1809 1692 ex
1850 1637 2069 1707 proprio

485 1726 580 1779 ira:
613 1734 666 1779 et
695 1725 897 1793 impetu
926 1735 979 1779 et
1008 1725 1223 1779 alfectu.

1088 1815 1335 1871 Scholion
1376 1816 1462 1873 10.

555 1899 705 1956 Mitis
739 1909 793 1955 et
823 1900 927 1955 sibi
969 1902 1070 1970 ipsi
1111 1912 1165 1956 et
1206 1905 1331 1958 aliis
1372 1906 1495 1959 vitae
1540 1908 1986 1977 tranquillitatem
2016 1917 2072 1963 et

486 1993 834 2045 serenitatem
882 1994 1052 2060 parit,
1102 1994 1181 2047 ira
1216 2010 1345 2049 vero
1394 1997 1549 2067 181
1605 2001 1804 2054 multos
1838 2000 2072 2056 reddidit

483 2083 696 2137 feroces
726 2092 778 2137 et
805 2093 1160 2138 contumaces
1196 2089 1495 2155 praesertim
1540 2091 1851 2147 iracundos.

1088 2173 1339 2230 Scholion
1392 2178 1471 2233 ll.

554 2264 717 2335 Lege,
760 2264 962 2331 frater,
1016 2266 1201 2322 Basilii
1241 2269 1417 2340 Magni
1493 2269 1870 2329 Hexaemeron
1899 2316 1914 2340 ,
1956 2277 2071 2333 sive

480 2372 574 2411 sea:
623 2357 828 2409 dierum
868 2373 1027 2425 opus,
1080 2370 1136 2413 et
1199 2360 1273 2415 ibi
1330 2364 1569 2431 reperies
1638 2366 1769 2421 illud
1810 2370 1957 2438 quod
2002 2372 2070 2425 de

486 2448 607 2501 oleo
665 2445 743 2517 (a)
810 2454 866 2500 et
901 2445 1160 2503 fluctibus
1210 2450 1536 2507 mirabiliter
1578 2455 1905 2524 explicatum
1964 2468 2065 2514 est.

483 2537 584 2592 llic
637 2547 844 2603 autem,
907 2548 965 2592 ut
1014 2540 1274 2607 arbitror,
1312 2553 1507 2597 auctor
1560 2546 1722 2600 scala:
1762 2547 1991 2617 figurate
2016 2560 2071 2605 et

482 2629 821 2699 tropologice
865 2630 1085 2699 accipit,
1128 2634 1275 2701 quod
1305 2632 1373 2688 de
1406 2636 1662 2691 saeviente
1713 2639 1851 2692 mari
1890 2639 2065 2696 dixit:

482 2738 549 2779 ac
582 2738 675 2792 per
708 2731 883 2776 utrem
930 2738 1153 2794 corpus,
1205 2741 1301 2794 per
1355 2728 1537 2782 oleum
1568 2732 2065 2798 mansuetudinem,

482 2830 582 2886 per
620 2812 819 2868 fluctus
873 2822 1172 2880 tumentes,
1236 2826 1504 2872 tumorem
1538 2828 1591 2874 et
1622 2820 1913 2876 elationem
1946 2824 2068 2877 ani-

484 2909 582 2970 Illi,
656 2906 918 2961 saevitiam
949 2921 1047 2960 seu
1090 2906 1393 2975 ferociam;
1450 2924 1546 2978 per
1582 2912 1916 2978 onerariam,
1960 2914 2069 2969 fra.

485 3006 621 3052 trem
673 3012 769 3051 seu
825 2996 1245 3052 contubernium
1328 2999 1709 3070 religiosorum
1781 3000 2066 3061 hominum

488 3086 764 3159 intelligit.

1126 3178 1378 3234 Scholion
1407 3180 1493 3236 12.

556 3267 733 3324 iratus
786 3268 888 3325 fuit
940 3270 1110 3325 David
1179 3271 1443 3329 adversus
1508 3272 1721 3340 Nabal,
1785 3293 1886 3334 nec
1918 3281 2067 3350 quod

490 3359 664 3413 iratus
703 3357 837 3423 fuit,
888 3358 1084 3414 iterum
1137 3360 1415 3425 irascitur,
1471 3364 1567 3418 sed
1614 3366 1819 3435 gratias
1858 3371 1970 3441 egit
2016 3381 2071 3426 et

490 3449 768 3504 benedixit
828 3450 1059 3521 Abigaili
1112 3451 1289 3520 (uxori
1322 3452 1464 3523 ejus)
1513 3470 1636 3523 qum
1699 3472 1895 3513 manus
1950 3462 2071 3531 ejus

489 3557 519 3595 a
571 3541 836 3611 sanguine
892 3540 1088 3596 liberat
1137 3541 1203 3594 ³⁸.
1253 3541 1347 3597 Est
1398 3558 1528 3614 ergo
1559 3560 1685 3599 cum
1732 3562 1797 3602 ex
1856 3560 2072 3617 pertur-

490 3633 709 3687 batione
764 3630 964 3687 vitiosa
1019 3632 1100 3686 ira
1151 3633 1405 3699 exsistit,
1464 3646 1519 3690 et
1557 3645 1638 3691 est
1692 3642 1911 3707 quando
1953 3644 2073 3700 siue

490 3725 645 3779 vitio.
697 3726 792 3779 Est
842 3739 967 3779 cum
1010 3725 1136 3795 quis
1202 3726 1446 3796 seipsum
1496 3729 1878 3798 reprehendit,
1927 3738 2071 3805 quod

491 3817 611 3870 sine
659 3815 737 3869 ira
772 3830 886 3869 rem
938 3816 1169 3885 gesserit
1199 3835 1214 3871 :
1246 3827 1301 3872 et
1329 3826 1430 3880 est,
1478 3820 1573 3888 qui
1603 3819 1704 3875 sibi
1741 3821 1846 3893 ipsi
1879 3824 2073 3883 irasci-

2094 3129 2140 3188 α

2166 532 2476 601 φοϐηθῶσιν
2509 548 2524 562 ·
2573 533 2605 602 ἡ
2647 531 2705 584 δὲ
2753 532 2828 603 μὴ
2858 532 3022 602 ὁμοία
3056 528 3191 586 οὖσα
3227 533 3419 605 ταύτῃ,
3473 535 3574 588 οὐκ
3626 533 3746 591 ἔστι

2164 622 2403 676 παιδεία.

2393 713 2655 781 Σχόλιον
2684 712 2792 767 τοῦ
2828 713 3005 782 ἁγίου
3058 713 3379 767 Ἀντωνίου
3447 712 3514 768 θ’.

2249 805 2371 857 Ἐπὶ
2403 806 2515 867 τοῖς
2559 806 2971 875 ἁμαρτάνουσιν
2996 806 3062 857 οὐ
3096 804 3201 876 χρὴ
3247 804 3584 876 ὀργίζεσθαι,
3644 805 3747 859 κᾶν

2166 896 2485 968 ἐγκλήματα
2530 891 2641 950 εἷεν
2673 896 2741 949 τά
2776 894 3031 968 δρώμενα
3084 897 3214 965 παρ’
3257 894 3440 949 αὐτῶν
3469 896 3741 959 κολάσεως

2167 988 2295 1055 ἀξια
2331 1004 2346 1020 ο
2382 986 2518 1040 ἀλλὰ
2543 988 2667 1050 τοὺς
2699 987 2801 1057 μὲν
2838 987 3131 1049 πταίοντας
3150 986 3237 1039 διὰ
3261 987 3323 1039 τὸ
3359 986 3571 1040 δίκαιον
3609 986 3743 1040 αὐτὸ

2167 1081 2518 1151 ἐπιστρέφειν
2539 1079 2829 1149 ὀφείλομεν
2857 1079 2996 1131 ἰκαὶ
3031 1077 3302 1142 κολάζειν,
3328 1079 3375 1131 εί
3402 1077 3547 1132 οὓτω
3570 1078 3747 1149 τύχοι,

2168 1174 2280 1228 εἴτε
2306 1175 2371 1227 δι’
2399 1174 2598 1237 αὐτῶν,
2627 1172 2737 1225 εἴτε
2765 1172 2830 1225 δι’
2862 1172 3065 1242 ἑτέρων
3086 1188 3100 1200 ·
3147 1170 3467 1241 ὀργίζεσθαι
3504 1172 3564 1226 δὲ
3591 1172 3625 1243 ἢ
3649 1172 3741 1226 θυ-

2171 1266 2405 1339 μοῦσθαι
2433 1268 2495 1321 οὐ
2528 1268 2633 1337 χρή
2660 1282 2673 1296 °
2709 1266 2844 1318 διότι
2871 1266 2904 1334 ή
2946 1263 3082 1336 ὀργὴ
3106 1263 3248 1317 κατά
3278 1264 3451 1327 πάθος
3481 1266 3626 1317 ποιεῖ
3647 1265 3746 1333 μό-

2168 1379 2279 1427 νον,
2307 1362 2404 1415 καὶ
2433 1360 2495 1413 οὐ
2537 1358 2680 1413 κατὰ
2716 1358 2931 1428 κρίσιν,
2963 1356 3143 1411 καὶτὸ
3178 1356 3420 1409 δίκαιον·
3457 1356 3581 1410 ὅθεν
3626 1355 3747 1410 οὐδὲ

2169 1456 2295 1517 τοὺς
2316 1453 2467 1526 παρά
2494 1453 2554 1505 τὺ
2579 1452 2696 1505 δέον
2724 1450 3006 1513 ἐλεοῦντας
3035 1448 3399 1518 ἀποδέχεσθαι
3430 1449 3512 1503 δεῖ
3534 1466 3546 1479 ·
3578 1448 3667 1502 διὰ
3688 1448 3746 1502 δὲ

2169 1548 2231 1600 τὸ
2259 1546 2423 1599 καλὸν
2446 1544 2599 1604 αὐτὸ,
2626 1545 2722 1595 καὶ
2751 1544 2811 1595 τὸ
2839 1541 3068 1606 δίκαιον,
3102 1540 3206 1611 χρὴ
3235 1539 3596 1611 τιμωρεῖσθαι
3621 1541 3748 1604 τοὺς

2171 1635 2463 1705 πονηροὺς,
2495 1633 2591 1686 καὶ
2618 1633 2679 1686 οὐ
2708 1631 2801 1687 διὰ
2824 1630 2886 1684 τὸ
2918 1632 3118 1684 οἰκεῖον
3149 1629 3321 1693 πάθος
3356 1630 3457 1701 τῆς
3484 1630 3676 1701 ὀργῆς.

2791 1812 3052 1879 Σχόλιον
3079 1818 3129 1865 ι’.

2255 1903 2314 1955 '0
2344 1904 2518 1973 πρᾶος
2543 1901 2719 1973 ἑαυτῷ
2739 1919 2800 1955 τε
2856 1905 2950 1958 καὶ
2980 1906 3093 1965 τοῖς
3120 1903 3349 1974 πλησίον
3374 1903 3585 1976 γαλήνη
3613 1904 3747 1958 καθ-

2171 1995 2369 2065 έστηκε
2392 1995 2509 2065 βίου
2536 2012 2548 2023 ·
2576 1995 2939 2066 ὑποϐρυχίους
2960 1996 3017 2049 δὲ
3053 1997 3281 2059 πολλοὺς
3306 1995 3565 2068 ἐποίησεν
3586 1998 3619 2068 ἠ
3653 1996 3749 2068 όρι

2171 2086 2266 2159 γὴ,
2307 2087 2402 2141 καὶ
2428 2088 2534 2158 πρὸ
2563 2086 2672 2141 τῶν
2694 2087 2869 2142 ἄλλων
2902 2089 3028 2151 τοὺς
3059 2087 3471 2159 ὀργιζομένους.

2767 2180 3034 2249 Σχόλιον
3069 2184 3156 2233 ια’.

2254 2270 2576 2339 Ἀνάγνωθι,
2610 2270 2826 2340 ἀδελφὲ,
2857 2271 2959 2342 τὴν
3003 2270 3342 2343 Ἐξαὴμερον
3372 2271 3468 2324 τοῦ
3514 2271 3749 2341 μεγάλου

2172 2362 2475 2427 Βασιλείου,
2503 2364 2598 2416 καὶ
2626 2365 2743 2417 ἐκεῖ
2772 2364 3026 2435 εὑρήσεις
3047 2365 3109 2417 τὸ
3137 2367 3266 2436 περὶ
3298 2362 3393 2419 τοῦ
3422 2360 3625 2428 ἐλαίου,
3658 2364 3752 2418 καὶ

2169 2454 2279 2506 τῶν
2330 2455 2593 2525 κυμάτων
2621 2453 2949 2525 θαυμασίως
2976 2455 3336 2528 ὲξηγημένον.
3379 2455 3643 2512 Ἐνταῦθα
3669 2456 3747 2521 δὲ,

2170 2547 2245 2611 ὡς
2274 2544 2450 2617 οἶμαι,
2482 2550 2512 2602 ὁ
2539 2549 2639 2619 τῆς
2671 2548 2938 2620 κλίμακος
2972 2550 3378 2622 τροπολογικῶς
3419 2549 3750 2621 ἐκλαμϐάνει

2169 2640 2231 2693 τὸ
2252 2642 2383 2714 περὶ
2410 2643 2508 2713 τῆς
2532 2642 2923 2714 ἀγριαινούσης
2952 2643 3225 2714 θαλάσσης
3246 2659 3260 2675 ·
3287 2643 3455 2698 ἀσκὸν
3480 2643 3540 2698 τὸ
3570 2642 3749 2714 σῶμα,

2170 2734 2350 2789 ἔλαιον
2398 2736 2499 2808 τὴν
2532 2737 2840 2809 πραότητα,
2870 2736 3092 2809 κύματα
3141 2737 3203 2791 τὸ
3247 2738 3470 2809 οἴδημα,
3520 2738 3617 2792 καὶ
3653 2737 3751 2807 τὴν

2170 2828 2494 2899 ἀγριότητα,
2530 2828 2731 2886 ὁλκάδα
2772 2830 2864 2885 τὸν
2893 2830 3146 2902 ἀδελφὸν,
3198 2832 3233 2903 η
3265 2832 3365 2905 τὴν
3417 2831 3752 2904 ἀδελφότητα

2173 2920 2446 2993 σημαίνει.

2764 3190 2811 3246 Σ
2812 3193 3025 3261 χόλων
3067 3194 3158 3248 ιϐ’.

2255 3280 2514 3354 Ὠργὶσθη
2550 3283 2643 3337 ἐπὶ
2668 3283 2759 3337 τὸν
2786 3284 2976 3339 Νάδαλ
3000 3285 3185 3352 Δαυῖδ,
3220 3287 3315 3343 καὶ
3343 3289 3443 3360 οὐχ
3473 3289 3557 3344 δτι
3588 3284 3751 3361 ὠργίο

2174 3374 2302 3444 σθη,
2352 3374 2515 3430 πάλιν
2544 3375 2843 3448 ὠργίζετοο
2891 3378 3008 3432 ἀλλ’
3042 3380 3350 3451 εὐχαρίστει
3393 3384 3459 3454 τῇ
3504 3382 3754 3453 ’Λσιγαίφ

2174 3464 2237 3533 ἐξ
2282 3468 2512 3538 αἵματος
2544 3468 2708 3523 αὑτοῦ
2748 3469 2850 3533 τὰς
2898 3475 3087 3542 χεῖρας
3115 3474 3418 3546 ῥυσαμένη.
3453 3474 3642 3528 Ἔστιν
3665 3471 3754 3529 οὖν

2176 3561 2236 3612 ὲν
2282 3562 2347 3631 τῇ
2391 3561 2529 3632 ὀργῇ
2577 3563 2718 3616 κοιτά
2763 3562 2936 3628 πάθος
2972 3564 3317 3636 ὀργίζεσθαι⁹
3369 3566 3464 3621 καὶ
3503 3567 3651 3620 ἔστιν
3695 3566 3754 3619 οὗ

2178 3652 2324 3706 κατά
2353 3653 2556 3717 πάθος·
2591 3655 2683 3708 καὶ
2716 3655 2832 3710 ἔστι
2863 3657 3177 3730 μέμφεσθαι
3213 3659 3406 3713 ἑαυτὸν
3436 3660 3518 3713 ὅτι
3542 3660 3605 3712 οὐ
3638 3659 3756 3712 κατ’

2178 3743 2349 3816 ὀργὴν
2378 3746 2661 3816 κινηθῆναι
2685 3747 2942 3820 ὡρμήθη.
2977 3749 3244 3822 Διάφορος
3276 3747 3370 3807 οὖν
3396 3752 3494 3823 τῆς
3525 3752 3695 3822 ὀργῆς
3724 3748 3758 3823 ἢ

2185 3833 2540 3906 μεταμέλεια,
2579 3835 2655 3901 ῶς
2686 3837 2957 3907 ἀναγνοὺς
2984 3840 3227 3917 μαθήσῃ.

489 3916 580 4008 tur
610 3904 757 4008 quod
817 3913 963 4008 totus
1007 3906 1061 3959 in
1102 3908 1239 4008 iram
1276 3912 1590 4008 exarserit:
1635 3921 1731 3968 aut
1792 3918 1934 3986 quod
1977 3904 2195 3994 impetu,
2242 3904 2341 3983 irai
2400 3924 2662 4000 abreptus
2729 3904 2916 3987 fuerit.
2983 3904 3143 3989 ‘Varia
3173 3904 3258 3991 e‘st
3299 3950 3430 4008 ergo
3477 3947 3538 3992 ut
3591 3937 3760 3992 lecto!“

492 3998 781 4068 intelligat,
831 3998 910 4053 ira
955 4007 1009 4054 et
1046 4001 1349 4071 pmnitudo.

1083 4111 1337 4170 Scholion
1377 4117 1463 4173 i5.

561 4199 660 4257 Hic
710 4202 763 4255 in
809 4202 993 4257 medio
1036 4206 1514 4272 perturbationum
1543 4212 1843 4268 certamine
1886 4230 2078 4273 versa-

488 4303 601 4355 tus,
638 4302 817 4349 tacere
866 4293 1056 4349 didicit
1095 4313 1109 4350 :
1162 4297 1251 4351 ille
1282 4301 1508 4371 strepitu
1552 4303 1893 4361 vinculorum
1935 4308 2105 4376 afllig

490 4395 615 4440 ctus
658 4394 764 4451 est,
816 4385 1041 4453 perinde
1083 4388 1243 4458 quasi
1293 4392 1449 4445 alteri
1510 4396 1770 4451 seandalo
1828 4397 2070 4455 fuisset:

494 4475 689 4529 tertius
761 4483 1100 4531 mactaturus
1160 4478 1363 4534 malum
1420 4481 1695 4549 affectum,
1755 4500 1855 4555 pro
1898 4488 2074 4543 salute

496 4562 682 4618 fratris
741 4563 887 4634 luget
939 4563 1201 4621 charitate
1245 4567 1447 4623 illatam
1508 4570 1863 4640 ignominiam
1920 4590 2072 4630 com-
2104 4557 2148 4612 θ

492 4655 792 4726 pensando.
858 4655 954 4709 llle
1004 4671 1131 4709 vero
1189 4657 1354 4713 etiam
1420 4662 1649 4730 strepitu
1707 4679 1804 4718 seu
1853 4663 2071 4721 fremitu

491 4743 856 4811 vinculorum,
884 4746 996 4801 sive
1024 4749 1159 4802 adeo
1180 4760 1534 4808 contemnens
1575 4754 1805 4813 vitiosos
1822 4758 2071 4825 affectus,

498 4849 558 4892 ut
590 4839 800 4894 levibus
834 4841 1163 4910 quibusdam
1211 4842 1449 4900 vinculis
1490 4845 1613 4901 illos
1646 4860 1927 4905 coerceret
1984 4852 2071 4920 (eo

495 4929 641 4999 quod
684 4930 831 4999 ipsos
882 4933 1276 5006 contemneret)
1335 4936 1449 4991 sive
1489 4939 1743 4994 oratione
1797 4940 1911 4995 sive
1956 4943 2071 4996 sola

499 5018 966 5075 interminatione.

514 5122 619 5140 ἡ

1069 5208 1360 5269 GRADUS
1408 5208 1500 5269 IX.

769 5325 844 5381 De
864 5324 1119 5380 abolenda
1150 5324 1476 5393 injuriarum
1510 5324 1786 5378 memoria.

560 5416 804 5475 Virtutes
828 5417 1047 5488 quidem
1068 5426 1269 5471 sanetae
1304 5416 1566 5489 gradibus
1611 5416 1772 5470 scalae
1804 5413 2073 5470 Iacobum

562 5583 611 5617 ”
642 5588 817 5659 lBeg.
850 5605 976 5655 xxv,
999 5588 1035 5643 9.
1069 5603 1223 5660 seqq.

2774 4118 3034 4187 Σχόλιον
3070 4118 3159 4189 ιγ’.

2261 4200 2319 4258 '0
2369 4200 2462 4259 οὖν
2536 4206 2676 4261 στῶν
2724 4207 2793 4260 δι’
2842 4208 3071 4278 ἀγώνων
3116 4209 3185 4265 τὰ
3231 4209 3401 4282 πάθη,
3451 4214 3759 4286 σεσιώπηκε

2177 4292 2447 4369 διδαχθείς
2467 4316 2480 4329 ·
2510 4301 2539 4352 ό
2570 4298 2627 4353 δὲ
2660 4299 2897 4372 βρυλλίῳ
2919 4301 3134 4373 δεσμῶν
3167 4303 3486 4376 λελύπηται,
3508 4306 3585 4368 ὼς
3610 4305 3763 4361 ἀδελ-

2179 4391 2279 4460 φὺν
2313 4392 2671 4459 σκανδαλίσας
2692 4413 2705 4425 ·
2726 4395 2755 4448 ό
2783 4395 2842 4449 δὲ
2870 4397 3186 4452 ἀποκτενῶν
3211 4400 3348 4471 ὅπερ
3370 4403 3470 4471 τῆς
3494 4402 3587 4456 τοῦ
3621 4403 3763 4457 ἀδελο

2178 4482 2281 4551 φοῦ
2314 4485 2590 4555 σωτηρίας
2614 4486 2803 4541 πενθεῖ
2823 4487 2890 4540 δι’
2919 4488 3143 4561 ἀγάπης
3171 4492 3333 4545 αὑτὸν
3362 4492 3758 4565 ἀμειϐόμενος’

2180 4578 2209 4629 ὁ
2255 4574 2314 4629 δὲ
2359 4578 2451 4630 καὶ
2503 4576 2741 4650 βρυλλίῳ
2772 4580 3022 4652 δεσμῶν·
3070 4584 3237 4656 ἤγουν
3284 4588 3540 4641 τοσοῦτον
3593 4607 3760 4642 κατα-

2179 4666 2393 4739 φρονῶν
2421 4669 2532 4723 τῶν
2556 4669 2748 4725 παθῶν
2778 4671 2920 4727 ὥστε
2946 4676 3065 4746 μετ’
3089 4677 3323 4733 εὐτελῶν
3355 4696 3517 4733 τινων
3548 4679 3762 4750 δεσμῶν

2179 4760 2317 4813 αὐτὰ
2357 4761 2621 4832 συνέχων,
2649 4764 2739 4820 διά
2769 4766 2832 4819 τὸ
2863 4773 3244 4840 καταφρονεῖν,
3277 4771 3384 4826 εἴτε
3413 4771 3501 4825 διὰ
3527 4788 3763 4844 προσευ-

2181 4850 2304 4921 χῆς,
2344 4851 2457 4906 εἴτε
2484 4852 2573 4908 διὰ
2605 4855 2775 4929 μόνης
2809 4858 3219 4931 ὶμόριμήσεως.

626 5106 3732 5136 ΜῇΜΜ-ᾙ-ψή

2799 5201 3022 5260 ΛΟΓΟΣ
3058 5200 3136 5255 8'.

2673 5315 2814 5385 Περὶ
2834 5314 3268 5387 μνησικακίας.

2160 5449 2169 5459 .
2250 5407 2317 5461 Δί
2347 5406 2449 5477 μὲν
2481 5407 2559 5479 (1)
2604 5408 2749 5489 ὅσιαι
2794 5408 3010 5480 ἀρεταὶ,
3038 5410 3105 5481 τῇ
3161 5406 3257 5462 τοῦ
3295 5405 3489 5464 Ἰακὼϐ
3530 5402 3757 5476 κλίμακι

564 5768 641 5833 (α)
673 5764 1001 5856 Basilius
1027 5785 1040 5820 :
1067 5765 1252 5821 Oleum
1295 5767 1346 5821 in
1380 5766 1546 5820 altam
1580 5780 1730 5837 aqua
1781 5764 2085 5837 voraginem
2123 5764 2421 5822 immissum
2459 5764 2695 5820 illustrat
2737 5766 2908 5821 locum
2939 5776 2987 5820 et
3038 5761 3763 5856 conciliatpcrspicnitatcm.

497 5830 652 5891 Hom.
677 5836 711 5893 2
738 5836 791 5891 in
818 5836 1075 5892 llexaom.
