4110 6454
303 440 420 505 841

1346 435 1577 496 SCALA
1629 431 2007 493 PARADISI.
2033 457 2101 467 -
2123 431 2432 493 GRADUS
2456 431 2560 490 IX.

3477 433 3588 498 841

304 542 702 615 παρσοίκασιν,
744 542 803 594 al
828 540 886 595 δὲ
917 540 1124 594 ἀνόσιοι
1154 539 1366 606 κακίαι,
1399 543 1465 611 τῇ
1495 538 1686 592 ἁλύσει
1713 539 1780 608 τῇ
1812 538 1903 590 ὲκ-

2022 545 2420 608 :omparantur,
2452 537 2700 607 improba
2734 553 2864 593 vero
2905 537 3033 592 vitia
3072 553 3198 594 cum
3229 546 3441 600 catena.
3463 553 3586 610 quae

305 635 564 708 πεσούσῃ
585 635 650 687 ὲκ
670 633 880 703 Πέτρου
900 631 997 685 τοῦ
1031 632 1353 703 κορυφαίου.
1379 631 1471 684 Διδ
1500 631 1557 683 ai
1591 630 1690 700 μὲν
1718 630 1814 699 μία
1833 630 1900 698 τῇ

312 729 423 799 μιᾷ
442 723 784 779 συνδιθιϊσαι
798 726 878 788 εἰς
895 723 1123 794 οὐρανὸν
1138 722 1232 777 τὸν
1252 721 1682 795 προαιρούμενον
1702 721 1904 790 ἀναφέ-

2007 629 2076 683 de
2129 628 2278 684 Petri
2349 630 2613 699 principis
2654 630 3026 700 apostolorum
3087 643 3319 701 corpore
3362 631 3586 697 decidit,

2008 731 2440 792 componuntur.
2480 719 2664 791 Itaque
2710 723 2815 778 illae
2861 722 3008 778 velut
3051 723 3240 777 annuli
3270 723 3586 794 singillatim

310 819 618 890 ρουσιν·αἰ
641 818 698 870 δὲ
725 816 887 888 ἑτέρα
913 817 1014 886 τὴν
1059 815 1252 886 ἑτέραν
1293 815 1491 885 γεννᾷν
1535 814 1632 867 ttat
1675 813 1905 881 συσφίγ-

2022 815 2150 868 ‘tnter
2181 827 2240 869 se
2272 813 2432 882 182
2480 828 2744 869 connexa:
2770 814 2984 870 virtutis
3027 815 3336 872 studiosum
3379 817 3445 872 ad
3489 833 3594 872 cte-

307 928 440 980 γειν
472 908 803 980 πεφύκασιν.
837 906 929 961 Διὸ
947 906 1042 959 καὶ
1074 905 1394 976 ἠκούσαμεν
1421 903 1517 958 νῦν
1534 903 1629 957 τοῦ
1645 903 1904 957 ἀσυνέτου

306 1000 498 1071 Θυμοῦ
523 1000 777 1070 γέννημα
797 997 967 1051 αὐτοῦ
993 997 1195 1051 οἰκεῖον
1225 997 1325 1066 τὴν
1351 995 1716 1067 μνησικακίαν
1735 995 1909 1064 ὑπάρ-

308 1109 446 1163 χειν
471 1092 765 1163 φήσαντος,
787 1089 910 1143 ὅθεν
937 1088 1031 1142 καὶ
1052 1087 1244 1158 καιροῦ
1281 1086 1376 1139 νῦν
1400 1085 1690 1148 καλοῦντος
1707 1085 1908 1154 ἀρτίως

310 1182 459 1253 περὶ
485 1181 659 1250 αὐτῆς
693 1180 959 1248 εἴπωμεν.
994 1176 1347 1247 Μνησικακία
1383 1175 1502 1228 ἐστὶ
1541 1174 1712 1245 θυμοῦ
1738 1175 1909 1228 κατά-

310 1273 500 1343 ληξις,
529 1270 947 1342 ἁμαρτημάτων
976 1266 1169 1338 φύλαξ,
1197 1266 1542 1336 δικαιοσύνης
1570 1268 1746 1336 μῖσος,
1778 1270 1909 1335 ἁρεο

311 1363 434 1418 τῶν
473 1363 744 1424 ἀπώλεια,
798 1361 876 1423 ἰὸς
917 1359 1116 1430 ψυχῆς,
1154 1359 1370 1429 σκώληξ
1414 1358 1553 1425 νοὸς,
1602 1356 1911 1429 προσευχῆς

311 1455 560 1526 αἰσχύνη
594 1454 694 1524 (2),
725 1453 965 1524 δεήσεως
1003 1452 1213 1522 έκκοπή
1236 1467 1250 1480 ⁶
1283 1452 1503 1521 ἀγάπης
1535 1448 1910 1520 ἀλλοτρίωσις,

313 1547 504 1618 ψυχῆς
549 1540 682 1617 ⁴ἧλος
707 1541 976 1614 πεπηγὼς
993 1584 1010 1610 ,
1041 1543 1292 1605 ἁνόδυνος
1323 1541 1577 1612 αἴσθησις
1604 1543 1662 1594 ἐν
1689 1540 1912 1611 ήδύτητι

322 1640 556 1710 πικρίας
583 1636 951 1707 ἀγαπωμένη,
982 1634 1235 1706 διηνεκὴς
1273 1633 1536 1706 ἁμαρτία,
1567 1633 1775 1694 ἄϋπνος
1803 1648 1912 1685 πα.-

325 1732 589 1803 ρανομία,
636 1729 890 1799 κάθωρος
937 1728 1126 1782 κακία.
1167 1729 1262 1781 Ἒν
1295 1725 1576 1780 καὶτοῦτο
1615 1722 1912 1786 σκοτεινὸν,

2010 905 2123 958 lum
2182 903 2445 960 eﬂ‘erunt:
2486 904 2613 960 Haec
2658 921 2790 966 vero
2837 907 3004 962 altera
3032 909 3257 963 alteram
3310 925 3500 980 parere
3537 921 3594 964 et

2011 995 2384 1065 constringere
2415 996 2571 1051 solet.
2605 997 2948 1068 Quapropter
2974 1014 3099 1054 cum
3127 1001 3236 1070 iam
3263 1001 3590 1071 iniuriarum

2014 1087 2360 1153 memoriam,
2398 1087 2568 1143 fetum
2595 1090 2882 1160 preprium
2930 1091 3056 1146 irati
3095 1101 3150 1146 et
3177 1094 3412 1148 amentis
3471 1095 3594 1147 ani-

2014 1179 2087 1234 mi
2122 1179 2241 1249 ipso
2270 1177 2475 1236 fatente
2532 1180 2979 1251 intellexerimus,
3022 1184 3173 1240 locus
3207 1202 3354 1242 nunc
3405 1199 3594 1242 monet

2017 1281 2078 1325 ut
2102 1275 2170 1328 de
2204 1274 2295 1330 illa
2349 1283 2773 1345 pertractemus.
2801 1276 3156 1346 ‘lniuriarnm
3205 1281 3471 1335 memoria
3511 1290 3596 1334 est

2015 1364 2188 1419 cauda
2250 1366 2305 1420 in
2355 1381 2521 1436 quam
2564 1368 2644 1422 ira
2697 1368 2931 1434 desinit,
2983 1379 3329 1439 peccatorum
3388 1382 3594 1430 custos.

2016 1457 2202 1512 odium
2248 1458 2508 1529 iustitiae,
2572 1460 2744 1529 pestis
2805 1463 3112 1528 virtutum,
3168 1462 3320 1518 virus
3368 1465 3596 1527 animae,

2016 1549 2219 1604 vermis
2258 1549 2494 1614 ment-is,
2550 1551 2886 1620 precationis
2924 1552 3100 1620 pudor
3127 1590 3144 1616 ,
3188 1552 3456 1606 orationis
3502 1569 3599 1608 ex-

2017 1639 2352 1704 terminatio,
2401 1639 2689 1696 charitatis
2746 1642 2984 1710 aversio,
3015 1642 3204 1697 clavus
3243 1645 3439 1698 animae
3479 1645 3603 1698 inli-

2020 1747 2144 1794 xus.
2177 1731 2357 1787 dulcis
2379 1747 2577 1788 sensus
2608 1734 2908 1801 amarities,
2942 1744 3264 1804 perpetuum
3295 1744 3600 1804 peccatum.

322 1824 426 1878 καὶ
463 1823 627 1892 ἀηδὲς
664 1820 858 1884 πάθος,
901 1819 1045 1888 λέγω
1086 1819 1153 1890 δὴ
1184 1819 1245 1872 τὸ
1273 1819 1373 1889 τῆς
1405 1817 1772 1888 μνησικακίας
1805 1813 1913 1867 τῶν

2022 1822 2242 1892 pervigil
2280 1823 2562 1893 iniquitas,
2605 1823 2865 1880 continua
2914 1826 3143 1880 malitia.
3203 1825 3386 1882 Unum
3412 1838 3465 1881 et
3502 1826 3604 1880 hoc

317 1918 688 1988 γεννωμένων
721 1915 816 1970 ml.
847 1914 910 1966 οὐ
946 1914 1024 1983 (3)
1052 1910 1384 1980 γεννώντων,
1412 1910 1445 1980 ἢ
1477 1910 1570 1962 καὶ
1600 1906 1916 1976 γεννώντων

2022 1927 2082 1967 ex
2124 1914 2376 1970 obscuris
2414 1925 2468 1970 et
2519 1917 2766 1973 tristibus
2814 1918 2962 1973 vitiis
3007 1927 3114 1982 est,
3167 1919 3467 1980 memoriae.
3522 1918 3605 1972 in-

325 2009 706 2078 καθὲστηκεν·
761 2005 886 2060 ὅθεν
936 2004 1066 2074 περὶ
1126 2002 1290 2056 αὐτοῦ
1339 2002 1399 2054 οὐ
1449 2001 1680 2054 πλεῖστα
1734 1999 1913 2066 λέγειν

339 2099 666 2170 βουλόμεθα.
725 2099 783 2151 '0
821 2097 1034 2159 παύσας
1077 2096 1246 2167 ὀργὴν
1295 2094 1472 2149 ἀνεῖλε
1509 2091 1912 2163 μνησικακίαν·

339 2192 439 2244 τοῦ
469 2191 578 2261 γὰρ
611 2190 811 2260 πατρὸς
856 2188 1056 2253 ζῶντος
1083 2186 1400 2256 τεκνογονία
1444 2185 1684 2254 γίνεται·
1716 2186 1744 2236 ὁ
1785 2199 1917 2251 κτη-

344 2285 582 2353 σάμενος
621 2283 857 2351 ἀγάπην,
890 2279 1210 2347 ὲξενίτευσε
1241 2277 1459 2349 μήνιδος
1481 2293 1496 2307 ·
1547 2277 1576 2329 ὁ
1607 2275 1667 2328 δὲ
1697 2271 1917 2341 ἐχθραί-

332 2391 464 2434 νων,
498 2372 698 2433 κόπους
736 2371 999 2441 ἀκαίρους
1035 2367 1216 2438 ἑαυτῷ
1259 2365 1601 2437 συναθροίζει
1622 2379 1636 2393 ο
1669 2359 1918 2433 τράπεζα

325 2467 676 2538 ἀπρόσεκτος
711 2465 788 2534 (α)
825 2464 1009 2534 μήτηρ
1043 2460 1380 2532 παρρησίας,
1430 2457 1524 2510 καί¹
1565 2454 1655 2509 διὰ
1703 2451 1916 2522 θυρίδος

323 2559 552 2628 ἀγάπης
581 2556 908 2626 εἰσπηδήσει
941 2551 1376 2624 γαστριμαργία.
1410 2545 1564 2603 Εἶδον
1593 2549 1748 2618 μῖσος
1779 2561 1917 2614 πορ-

324 2653 481 2713 νείας
505 2649 704 2720 δεσμὸν
727 2649 940 2719 χρόνιον
968 2646 1290 2718 διαρῤἦξαν,
1319 2645 1418 2698 καὶ
1443 2642 1519 2713 (4)
1551 2637 1918 2712 μνησικακίαν

327 2747 451 2798 ἐκεῖ
478 2745 714 2812 ἄδεσμον
743 2742 906 2796 αὑτὸν
951 2740 1046 2793 τοῦ
1076 2737 1264 2792 λοιποῦ
1314 2735 1633 2807 παραδόξως
1663 2730 1922 2802 διατηρὴ-

329 2850 542 2888 σασαν·
577 2831 892 2903 θαυμαστὸν
921 2831 1101 2902 ὅραμα
1131 2826 1354 2901 [ossam
1390 2827 1463 2881 al.
1495 2821 1770 2896 πρᾶγμα],
1799 2820 1918 2876 δαί·

326 2945 478 2998 μονα
499 2926 588 2978 τὸν
611 2925 844 2996 δαίμονα
877 2923 1126 2993 ἰώμενον.
1159 2919 1333 2974 Τοῦτο
1361 2919 1418 2972 δὲ
1443 2918 1575 2982 ἴσως
1602 2918 1763 2988 ἔργον
1781 2913 1917 2970 Θεοῦ

320 3013 718 3084 οἰκονομικῶς,
757 3012 853 3066 καὶ
893 3011 954 3063 ού
1005 3009 1275 3080 δαιμόνων
1325 3006 1652 3077 καθέστηκε.
1684 3002 1920 3075 Μακρὰν

332 3108 457 3161 ἀπὸ
487 3105 708 3176 ἀγάπης
751 3105 986 3175 στερρᾶς
1015 3103 1251 3172 φυσικῆς
1294 3097 1647 3170 μνησικακία,
1679 3095 1922 3168 εὐχερῶς

325 3200 400 3253 δὲ
422 3199 646 3271 πορνεία
673 3195 964 3267 πλησιάζει
987 3197 1146 3266 αὐτῇ·
1170 3193 1263 3248 καὶ
1383 3190 1687 3262 λεληθότως
1708 3190 1839 3260 ὁρᾷς
1862 3189 1920 3242 ιν

323 3291 643 3366 περιστερᾷ
693 3289 943 3360 φθεῖραν.
1003 3285 1374 3359 Μνησικακῶν
1423 3282 1753 3356 μνησικὰκει
1801 3280 1921 3338 δαί-

329 3405 492 3460 μοσι,
542 3386 636 3440 καὶ
685 3384 989 3458 ἐχθραίνων
1019 3381 1272 3454 ἕχθραινε
1307 3377 1383 3450 τῷ
1417 3377 1630 3450 σώματι
1661 3377 1749 3431 διὰ
1787 3393 1926 3430 παν-

329 3481 454 3543 ·τὸς.
517 3478 813 3549 Ἀγνώμων
849 3476 944 3529 καὶ
990 3475 1158 3537 δόλως
1202 3473 1355 3542 φίλος
1403 3473 1435 3544 ἠ
1483 3470 1652 3542 σάρξ·
1691 3468 1787 3523 καί¹
1835 3468 1924 3522 θε-
1980 3489 1982 3492 ν

336 3571 715 3643 ραπευομένη,
763 3567 1030 3640 μειζόνως
1079 3566 1289 3620 ἀδικεῖ·
1329 3564 1598 3637 γραφικὸς
1642 3562 1925 3633 ύφηγητὴς

341 3663 713 3738 μνησικακία·
749 3659 886 3732 πρὸς
913 3660 1013 3730 τὴν
1047 3659 1183 3713 ἰδίαν
1216 3658 1420 3727 εἴδησιν
1449 3655 1516 3710 τὰ
1547 3653 1642 3708 τοῦ
1671 3652 1926 3724 Πνεῦμα-

337 3774 435 3820 τος
479 3757 636 3823 λόγια
684 3751 1025 3822 ἁλληγορῶν.
1080 3749 1393 3820 Δίσχυνέτω
1441 3746 1604 3802 αὐτὸν
1664 3742 1841 3816 Ἰησοῦ
1891 3745 1926 3816 η

344 3847 645 3921 προσευχὴ,
675 3847 742 3917 ἣν
770 3843 948 3913 λέγειν
984 3843 1081 3898 σὺν
1113 3841 1262 3914 αύτῷ
1290 3841 1351 3894 οὐ
1381 3839 1659 3912 δυνάμεθα
1682 3855 1694 3868 ·
1728 3837 1929 3893 ὁπόταν

354 3937 526 3990 πολλὰ
565 3936 868 3999 πυκτεύσας
905 3935 967 3988 τὸ
999 3933 1205 3988 σκῶλον
1244 3928 1494 3986 διαλῦσαι
1542 3931 1622 3994 εἰς
1673 3929 1826 3991 τέλος
1867 3925 1927 3980 ού

348 4029 603 4092 δύνασαι,
653 4028 894 4098 μετανόει
941 4027 1019 4098 τῷ
1069 4025 1269 4098 ἐχθρῷ,
1307 4025 1412 4079 κᾶν
1459 4023 1534 4098 τῷ
1578 4023 1828 4094 στόματι,
1861 4021 1928 4075 ἵν’

342 4124 445 4177 ἐπὶ
483 4122 621 4174 πολὺ
665 4121 944 4193 ὑπόκρισιν
977 4120 1078 4190 τὴν
1125 4119 1262 4190 πρὸς
1316 4118 1479 4173 αὑτὸν
1518 4115 1806 4178 αἰδεσθεὶς,
1839 4132 1929 4167 τε-

339 4218 511 4278 λείως
539 4214 614 4287 (ίι)
643 4214 875 4285 ἀποδέξῃ
910 4212 1015 4266 ὑπὸ
1043 4211 1138 4264 τοῦ
1170 4209 1490 4274 συνειδότος,
1520 4208 1595 4272 ὡς
1625 4207 1729 4260 ὑπὸ
1759 4206 1930 4278 πυρὸς

338 4309 673 4378 νυττόμενος
695 4325 708 4338 ·
740 4307 859 4360 τότε
885 4305 1072 4378 γνώσῃ
1104 4304 1296 4359 ἑαυτὸν
1325 4307 1422 4375 τῆς
1464 4302 1753 4380 σηπεδόνος
1793 4301 1926 4355 ταύο

334 4421 443 4472 της
474 4399 896 4468 ἀπαλλαγέντα·
940 4401 1039 4469 οὐχ
1089 4399 1216 4451 ὅταν
1268 4397 1408 4467 ὑπὲρ
1453 4395 1546 4449 τοῦ
1591 4395 1929 4465 λυπήσαντος

337 4491 510 4561 εῦξῃ·
548 4491 656 4544 οὐδ’
686 4491 816 4543 ὅταν
850 4490 1011 4543 αὑτὸν
1056 4488 1249 4558 δώροις
1287 4487 1594 4560 ἀνταμείψῃ
1615 4505 1629 4519 ·
1663 4487 1772 4540 οὐδ’
1801 4487 1928 4540 ὅταν

2017 2019 2204 2072 quam,
2235 2005 2582 2075 iniuriarum,
2617 2009 2763 2078 quod
2793 2010 3034 2080 gignitur
3068 2019 3123 2064 et
3153 2025 3262 2065 non
3311 2011 3484 2081 gignit
3519 2012 3603 2064 vi-

2020 2098 2116 2163 tia,
2175 2109 2272 2154 aut
2301 2100 2467 2155 etiam
2501 2101 2723 2171 gignere
2786 2101 2970 2156 solet:
3003 2108 3340 2181 quapropter.
3396 2115 3510 2155 non
3535 2101 3604 2154 li-
3694 2102 3704 2111 '

2020 2190 2109 2244 het
2137 2191 2412 2260 copiosius
2442 2193 2509 2246 de
2538 2190 2634 2244 illo
2683 2191 2982 2261 disputare.
3037 2191 3142 2259 Qui
3194 2192 3330 2246 iram
3385 2206 3607 2260 compe-

2021 2283 2184 2345 seuit,
2213 2283 2376 2338 simul
2420 2283 2741 2339 memoriam
2782 2283 3105 2354 iniuriarum
3151 2283 3430 2338 exstinxit.
3473 2283 3607 2337 Viro

1961 2427 1975 2440 ,
2019 2378 2162 2432 enim
2195 2387 2348 2447 patre
2397 2391 2730 2449 generantur
2759 2378 2933 2432 liberi.
2989 2376 3092 2444 Qui
3125 2377 3445 2432 charitatem
3479 2391 3608 2445 pos—

2027 2469 2198 2533 εἰιιιι,
2255 2470 2501 2524 eliminat
2555 2470 2945 2524 iracundiam:
2989 2468 3085 2538 qui
3113 2467 3428 2522 inimicitias
3486 2467 3606 2530 alit,

2025 2561 2371 2630 importunos
2391 2560 2496 2614 sibi
2518 2561 2732 2615 labores
2755 2569 2906 2616 creat
2941 2558 3252 2632 [cumulat].
3283 2558 3607 2612 Convirinm

2023 2654 2230 2708 amoris
2259 2651 2590 2726 [charitatis]
2639 2653 2799 2709 solvit
2834 2652 3020 2707 odium
3048 2670 3064 2718 ;
3120 2660 3269 2707 casta
3297 2667 3524 2705 munera
3553 2660 3609 2704 et

2025 2745 2239 2801 sincera
2272 2746 2492 2816 placant
2523 2755 2577 2801 et
2606 2745 2947 2816 permulcent
2973 2745 3237 2800 animam.
3271 2743 3454 2799 Mensa
3487 2759 3609 2814 quae

2023 2837 2393 2912 frugalitatem
2428 2842 2673 2913 negligit,
2724 2850 2807 2897 est
2865 2856 3066 2912 parens
3113 2841 3367 2905 licentiae,
3429 2850 3480 2895 et
3515 2855 3611 2913 per

2024 2933 2263 3005 speciem
2294 2933 2578 2990 cbaritatis
2630 2942 2887 3004 tanquam
2937 2949 3041 3004 per
3091 2932 3384 2988 fenestram
3443 2932 3610 2987 insilit

2028 3028 2156 3102 gula
2179 3037 2232 3084 et
2257 3029 2462 3084 ventris
2485 3013 2773 3099 ingluvies.
2800 3027 2922 3083 Vidi
2950 3044 3050 3099 ego
3071 3043 3168 3099 per
3184 3028 3368 3084 odium
3399 3028 3610 3083 diutur-

2025 3137 2156 3177 num
2182 3123 2398 3178 veneris
2421 3137 2619 3177 nexum
2651 3123 2964 3194 abruptum,
2984 3122 3333 3193 solutumque
3359 3121 3431 3176 ibi
3456 3119 3610 3176 dein.

1949 3233 1992 3291 ρ
2025 3222 2154 3279 ceps
2175 3225 2268 3279 per
2286 3208 2610 3280 iniuriarum
2629 3210 3061 3264 recordationem
3084 3219 3278 3280 praeter
3295 3208 3611 3280 opinionem

2028 3301 2418 3371 permansisse.
2442 3301 2681 3373 Eratque
2704 3301 3086 3356 admirandum
3120 3301 3491 3373 spectaculum
3526 3302 3608 3356 vi-

2027 3394 2155 3449 dere
2171 3392 2476 3449 daemonem
2501 3409 2532 3448 a
2556 3395 2803 3450 daemone
2826 3403 3100 3450 sanatum.
3124 3393 3228 3450 Sed
3249 3393 3354 3450 hoc
3379 3395 3613 3451 fortasse

2027 3506 2138 3546 non
2168 3499 2278 3546 tam
2308 3491 2618 3546 daemonum
2649 3507 2813 3562 quam
2863 3489 2958 3546 Dei
2995 3489 3078 3546 sic
3109 3507 3225 3549 rem
3273 3474 3613 3562 disponentis

2029 3594 2167 3648 opus
2195 3588 2298 3635 est.
2339 3578 2498 3650 183
2529 3577 2857 3648 Iniuriarum
2906 3581 3172 3635 memoria
3217 3580 3373 3636 valtle
3403 3590 3611 3636 remota

2028 3683 2112 3728 est
2153 3671 2223 3726 ab
2250 3670 2422 3725 solida
2456 3680 2510 3726 et
2531 3671 2765 3742 genuina
2789 3670 3074 3739 charitate,
3106 3670 3194 3727 cui
3225 3669 3382 3728 facile
3412 3677 3610 3729 misce-

2030 3760 2392 3830 turimpurus
2414 3775 2589 3826 amor,
2608 3758 3070 3831 quemadmodum
3101 3761 3156 3815 in
3187 3761 3438 3816 columba
3470 3763 3612 3818 clam

2029 3848 2409 3918 deprehendas
2457 3849 2844 3918 corruptelam.
2904 3847 3008 3914 Qui
3053 3863 3162 3902 non
3199 3847 3317 3903 vult
3364 3848 3611 3904 oblivisci

2031 3935 2300 4004 injurias,
2337 3951 2548 3990 memor
2581 3936 2655 3991 sit
2698 3935 3024 4004 iniuriarum
3072 3933 3175 3992 sibi
3209 3950 3241 3989 a
3269 3935 3612 3991 dzemonihus

2031 4029 2304 4084 illatarutn
2333 4067 2349 4093 ,
2389 4036 2444 4083 et
2483 4029 2590 4084 illis
2635 4029 2925 4082 irascatur.
2975 4026 3079 4096 Qui
3127 4026 3444 4083 inimicitias
3496 4028 3612 4082 vult

2030 4134 2322 4183 exercere,
2377 4134 2506 4188 erga
2550 4133 2710 4173 suum
2745 4133 2944 4185 corpus
2996 4119 3190 4190 quovis
3228 4121 3391 4175 modo
3441 4117 3613 4190 (velut

2031 4213 2332 4266 maximum
2383 4207 2624 4281 hostem)
2653 4219 2918 4266 exerceat.
2961 4209 3212 4281 ingratus
3234 4221 3287 4266 et
3316 4211 3611 4266 insidiosos

2031 4297 2244 4359 amicus
2270 4311 2357 4358 est
2397 4317 2619 4372 corpus,
2648 4303 2789 4372 quod
2815 4317 2924 4372 quo
2958 4303 3131 4372 magis
3160 4301 3332 4369 foves,
3365 4303 3470 4358 hoc
3501 4319 3612 4358 ma-

2036 4395 2118 4465 gis
2153 4402 2203 4449 tc
2252 4396 2554 4463 impugnat.
2588 4391 2869 4448 Pessimus
2906 4391 3202 4463 Scriptura:
3246 4410 3417 4450 sacrae
3445 4395 3611 4451 inter-

2034 4503 2164 4559 pres
2191 4495 2278 4542 est
2324 4484 2633 4541 recordatio
2678 4484 3028 4554 iniuriarum,
3067 4503 3190 4556 qua:
3219 4486 3455 4559 Spiritus
3485 4505 3613 4545 san-

337 4577 440 4636 ὲπὶ
468 4581 744 4654 τράπεζαν
789 4583 927 4653 ἄγῃς
949 4598 960 4610 ·
995 4581 1109 4634 ἀλλ’
1139 4581 1266 4634 ὅταν
1305 4581 1466 4634 αὐτὸν
1499 4580 1531 4650 ἢ
1561 4581 1618 4632 ἐν
1645 4583 1756 4642 τοῖς
1790 4577 1921 4632 κατό

2036 4579 2110 4634 cti
2173 4579 2396 4634 oracula
2450 4577 2519 4632 ad
2560 4593 2722 4632 suum
2763 4575 2984 4634 sensum
3044 4578 3210 4634 trahit
3263 4589 3318 4635 et
3355 4581 3609 4650 explicat.

333 4675 547 4747 ψυχὴν,
582 4674 614 4744 ἢ
648 4672 965 4744 σωματικὴν
1002 4671 1285 4744 συμφορὰν
1314 4670 1606 4740 δεξάμενον
1650 4671 1891 4744 ἀκούσῃς
1914 4687 1927 4701 ·

337 4769 445 4820 καὶ
487 4766 560 4829 ὡς
598 4767 679 4835 ἐφ’
718 4764 919 4836 ἐαυτῷ,
949 4763 1213 4834 ὀδυνηθῇς
1253 4765 1346 4818 καὶ
1375 4763 1676 4838 δακρύσῃς.
1718 4765 1925 4835 Μνησί-

335 4876 517 4921 κακος
553 4841 866 4929 ἠσυχαστῆς
905 4857 1300 4928 ἐμφωλεύουσα
1346 4855 1547 4921 ἀσπὶς,
1585 4857 1660 4909 ἰὸν
1697 4857 1929 4924 θανατη-

335 4953 516 5021 φόρον
562 4953 619 5004 ὲν
669 4953 835 5021 ἑαυτῇ
887 4949 1292 5021 περιφέρουσα·
1352 4948 1544 5020 μνῆμα
1589 4948 1930 5019 παθημάτων

344 5041 534 5113 Ἰησοῦ
592 5043 801 5097 ἰάσεται
838 5041 1204 5112 μνησικακίαν
1235 5043 1300 5094 ὲκ
1334 5040 1433 5110 τῆς
1462 5038 1628 5094 αὑτοῦ
1669 5039 1928 5106 ἀνεξικα-

321 5136 473 5196 κίας
525 5133 758 5205 ἰσχυρῶς
816 5133 1234 5204 αἰσχυνομένην.
1287 5131 1442 5203 Ξύλῳ
1486 5130 1669 5203 σαθρῷ
1717 5131 1928 5186 ἔνδοθεν

325 5227 794 5281 ὲναποτίκτονται
827 5225 1110 5294 σκώληκες
1130 5241 1145 5256 ·
1170 5223 1265 5277 καὶ
1294 5222 1620 5297 πραοτάτοις
1654 5223 1748 5279 καὶ
1793 5225 1927 5294 ἠσυ-

326 5316 484 5387 χίοις
515 5313 688 5377 νόθοις
723 5313 1082 5382 συγκολλᾶται
1112 5316 1292 5384 μῆνις.
1333 5313 1392 5366 '0
1413 5312 1734 5368 ἀποδὰλλων
1759 5313 1928 5383 αὐτὴν

325 5401 504 5479 εὗρεν
532 5407 747 5476 ἄφεσιν,
768 5406 798 5458 ὁ
828 5407 884 5460 δὲ
913 5404 1395 5476 προσκολλώμενος
1418 5407 1578 5476 αὐτῇ.
1627 5404 1928 5476 Ἐστερήθη

326 5498 644 5568 οἰκτιρμῶν
665 5514 677 5526 ·
728 5498 808 5558 εἰς
846 5497 1043 5558 πόνους
1075 5496 1168 5548 καὶ
1201 5494 1431 5565 ἱδρῶτας
1457 5494 1546 5547 διὰ
1576 5494 1926 5566 συγχώρησιν

324 5590 568 5654 ἑαυτούς
588 5607 732 5653 τινες
750 5587 1111 5642 ἑκδεδώκασιν
1128 5604 1142 5620 ·
1166 5587 1544 5658 ἁμνησίκακος
1563 5588 1617 5639 δὲ
1633 5587 1773 5658 ἀνὴρ
1796 5605 1928 5660 προ-

409 5793 490 5860 (rt)
532 5790 923 5862 Ἀπρόσεκτος.
981 5791 1142 5861 cuius
1193 5789 1331 5842 ratio
1385 5805 1494 5843 non
1550 5790 1802 5856 habetur,
1851 5791 1917 5846 ad

326 5866 489 5934 quod
516 5879 626 5916 non
644 5861 971 5916 attenditur.

708 5979 979 6038 ΡΑτειοι..
1029 5977 1145 6037 GR.
1196 5976 1630 6040 LXXXVIIL

1348 6228 1387 6246 ἱ

2039 4671 2336 4726 Erubescat
2360 4671 2449 4725 hic
2471 4686 2538 4725 ex
2571 4669 2772 4724 Christi
2815 4673 3129 4740 precatione
3163 4671 3256 4743 (c),
3283 4687 3444 4741 quam
3472 4673 3615 4742 iniu-

2036 4766 2246 4816 riat-um
2278 4777 2552 4818 memores
2591 4777 2711 4818 cum
2754 4761 2847 4814 illo
2895 4763 3251 4832 pronuntiare
3278 4777 3385 4818 non
3419 4779 3614 4833 possu-

2035 4869 2178 4907 mus.
2240 4853 2470 4919 Quando
2519 4853 2614 4908 diu
2664 4853 3008 4920 multumque
3041 4853 3297 4920 Iuctatus,
3359 4857 3612 4911 hancta-

2035 4961 2158 5000 men
2189 4946 2401 5015 spinam
2449 4947 2698 5014 stirpitus
2724 4945 3027 5000 convellere
3063 4961 3171 5000 non
3198 4956 3374 5016 potes,
3419 4949 3609 5004 saltem

2034 5036 2215 5090 verbis
2264 5037 2485 5090 humilia
2529 5045 2579 5091 te
2614 5035 2758 5106 apud
2787 5036 3066 5091 inimicum
3087 5077 3103 5102 ,
3134 5039 3211 5094 uti
3243 5047 3354 5096 tute
3392 5040 3463 5094 ob
3495 5040 3612 5094 lon-

2034 5144 2154 5196 gain
2192 5138 2340 5182 tuam
2379 5127 2784 5184 simulationem
2831 5129 3230 5184 verecundatus
3260 5171 3274 5195 ,
3320 5139 3374 5184 et
3409 5146 3440 5185 a
3474 5147 3608 5186 con-

2033 5216 2260 5271 scientia
2288 5225 2542 5286 tanquam
2569 5217 2638 5272 ab
2669 5215 2792 5287 igne
2817 5217 3037 5272 assidue
3063 5217 3442 5272 exstimulatus
3463 5256 3476 5280 ,
3505 5215 3609 5271 ho-

2034 5310 2173 5364 stem
2205 5309 2421 5364 tandem
2452 5307 2688 5378 perfecte
2721 5309 2933 5377 diligas.
2972 5300 3149 5364 'Tunc
3183 5323 3310 5363 vero
3343 5308 3608 5379 intelliges

2035 5408 2085 5453 te
2114 5398 2182 5452 ab
2226 5398 2330 5452 hac
2363 5398 2531 5452 animi
2588 5399 2876 5468 putredine
2930 5401 3146 5470 penitus
3188 5408 3463 5463 curatum,
3498 5414 3606 5453 non

2032 5499 2254 5567 quando
2285 5514 2384 5568 pro
2433 5514 2500 5553 eo
2529 5499 2622 5568 qui
2658 5506 2710 5554 te
2741 5499 2941 5569 iniuria
2980 5509 3076 5554 aut
3130 5499 3375 5553 molestia
3407 5499 3606 5562 aﬂ‘ecit,

2037 5597 2204 5652 fueris
2247 5606 2518 5667 precatus,
2553 5613 2732 5667 neque
2765 5597 2983 5668 quando
3033 5597 3182 5652 illum
3212 5595 3370 5651 donis
3413 5595 3609 5650 τιαροε-

2102 5793 2178 5860 (b)
2211 5791 2402 5864 )larg.
2441 5793 2826 5864 ροειτελείως,
2868 5792 3161 5864 ἁγαπήσῃς
3183 5793 3368 5848 αὐτόν.

2109 5867 2181 5933 (c)
2209 5862 2430 5918 Dimitte
2453 5863 2611 5918 nobis
2641 5863 2821 5918 debita
2843 5872 3051 5917 nostra.

3284 5977 3359 6046 27
