4110 6420
318 384 450 448 845

1379 390 1613 450 SCALA
1651 390 2038 451 PARADISI.
2062 413 2134 425 --
2175 388 2485 448 GRADUS
2524 388 2597 446 Χ.

3525 393 3629 457 846

311 500 526 554 ἄνετον
575 497 860 562 παντελῶς
899 499 1000 570 τῆς
1051 500 1309 571 πορνείας
1363 501 1794 575 διατηρήσασαν,
1843 504 1925 560 καΊ

2045 501 2148 557 sibi
2179 501 2456 565 devinxit,
2491 501 2724 556 liberum
2762 500 2990 556 omnino
3028 503 3098 556 ab
3141 502 3358 558 luxuria
3404 519 3632 561 conser-

314 594 486 647 τόνδε
523 593 642 664 μετ’
668 592 838 662 αὐτῆς
858 591 1046 647 ἄδετον
1066 609 1080 624 ·
1115 593 1360 665 εὐχερῶς
1393 595 1493 664 μὲν
1526 599 1642 660 τοῖς
1676 597 1935 666 ἀγαπῶσι

315 686 567 758 πορνεία
616 683 1026 756 ὲμφιλοχωρεῖ,
1079 686 1188 739 ἀπὸ
1239 686 1298 740 δὲ
1342 686 1453 741 τῶν
1510 688 1815 758 μισούντων
1861 689 1935 752 ὡς

318 778 682 852 πορρωτάτω
710 777 1026 847 ἀφίσταται.

954 870 1218 940 Σχόλιον
1243 877 1307 924 ε’.

413 964 488 1020 '0
512 961 674 1034 φθεὶρ
694 962 796 1035 τὴν
825 961 1158 1034 περιστερὰν
1179 962 1413 1034 δαμάζει
1445 964 1542 1020 καὶ
1573 965 1934 1036 λυμαίνεταιτ

311 1057 484 1111 οὕτω
531 1059 568 1128 ἠ
617 1054 850 1127 πορνεία
879 1054 978 1126 τὴν
1025 1054 1252 1127 ἀγάπην
1301 1056 1538 1126 δαμάζει
1565 1103 1568 1105 .
1591 1059 1688 1112 καὶ
1737 1059 1936 1131 λυμαί-

315 1167 512 1203 νεται.

946 1241 1210 1310 Σχόλιον
1255 1245 1331 1306 ς’.

415 1339 482 1390 '0
505 1334 912 1406 χρεωφειλέτης
939 1334 1048 1387 τῶν
1074 1333 1284 1405 μυρίων
1313 1336 1594 1391 ταλάντων
1633 1337 1940 1392 παῶευέτω

321 1448 393 1483 σε
421 1445 438 1460 °
469 1430 545 1493 ὼς
575 1429 625 1482 εί
661 1427 737 1500 μὴ
764 1428 999 1497 ἀφήσεις
1024 1427 1101 1498 τῷ
1134 1428 1412 1502 ὀφειλέτῃ,
1437 1429 1561 1484 οὐδὲ
1587 1430 1752 1493 αὐτὸς
1773 1431 1940 1504 τεύξῃ

320 1521 436 1591 τῆς
474 1520 758 1590 ἀφέσεωςο
801 1518 1089 1591 παρέδωκε
1136 1521 1244 1591 γὰρ
1277 1520 1466 1580 αὐτὸν,
1500 1522 1658 1592 φησὶ,
1697 1524 1808 1584 τοῖς
1840 1521 1938 1592 βα-

328 1614 635 1676 σανισταῖς.

1043 1703 1256 1758 Ἄλλο.

2042 593 2214 660 vavit,
2242 593 2606 662 eamdemque
2629 606 2737 645 una
2761 607 2886 648 cum
2914 593 3031 662 ipsa
3053 609 3084 648 a
3107 595 3343 652 vinculis
3364 597 3630 652 absolvit:

2041 682 2202 740 facile
2230 684 2544 740 amantibus
2567 699 2627 739 se
2651 683 2836 740 Venus
2868 684 3145 752 insinuat,
3177 687 3247 744 ab
3275 688 3417 744 odiis
3445 698 3630 745 autem

2041 777 2360 848 longissime
2390 777 2562 834 abest.

2662 871 2911 928 Scholion
2950 871 3002 926 5.

2114 961 2405 1020 Pediculus
2423 974 2583 1020 vexat
2607 973 2662 1021 et
2691 966 2996 1037 corrumpit
3033 966 3380 1024 columbam:
3414 967 3630 1023 luxuria

2035 1053 2374 1111 .ebaritatem
2400 1056 2580 1127 perdit
2605 1067 2659 1113 et
2682 1057 2883 1113 abolet.

2668 1233 2919 1290 Scholion
2955 1235 3008 1292 6.

2116 1327 2208 1382 ille
2235 1328 2331 1396 qui
2361 1327 2547 1383 debuit
2587 1327 2776 1384 decem
2819 1329 2987 1384 millia
3036 1330 3236 1386 talenta
3258 1371 3275 1397 ,
3305 1331 3495 1389 doceat
3533 1341 3586 1389 te
3609 1375 3627 1402 ,

2041 1419 2190 1488 quod
2225 1420 2334 1475 nisi
2365 1419 2602 1475 debitori
2653 1431 2751 1478 tuo
2784 1422 3064 1479 remiseris
3089 1463 3106 1490 ,
3156 1441 3262 1480 nec
3303 1435 3360 1480 tu
3411 1429 3629 1482 veniam

2045 1510 2412 1580 impetrabis:
2452 1513 2676 1569 tradidit
2716 1515 2864 1569 enim
2890 1555 2906 1580 ,
2961 1515 3182 1586 inquit,
3229 1517 3408 1588 ipsum
3455 1530 3630 1575 torto-

2045 1602 2218 1657 ribus.

2741 1699 2925 1754 Aliud.

409 1797 581 1852 Πᾶντε
614 1795 756 1849 εἰσιν
789 1795 841 1847 οἱ
872 1793 1066 1864 τρόποι
1096 1793 1198 1864 τῆς
1237 1791 1526 1864 μετανοίας
1546 1811 1560 1822 ·
1595 1794 1925 1863 κατάγνωσις

2117 1785 2376 1857 Quinque
2409 1799 2538 1844 sunt
2575 1788 2724 1845 modi
2760 1790 3096 1859 poenitentia
3127 1810 3141 1846 :
3182 1791 3475 1850 detestatio
3505 1809 3634 1866 pec-

327 1891 452 1945 τῶν
505 1861 946 1961 ἡμαρτημένων·
1003 1887 1065 1940 τὸ
1120 1861 1340 1956 άῷιέναι
1391 1889 1506 1949 τοῖς
1563 1861 1794 1958 πλησίον
1869 1888 1925 1940 τὸ

2043 1889 2295 1936 catorum
2319 1882 2764 1946 commissorum,
2796 1883 3074 1939 remittere
3105 1885 3357 1954 proximo
3384 1898 3629 1956 peccata,

338 1985 757 2054 ἁμαρτήματα*
802 1981 866 2033 τὸ
898 1978 1154 2050 εῠχεσθαι
1182 1997 1195 2010 ⁸
1233 1979 1295 2033 τὸ
1327 1979 1495 2032 ἐλεεῖν
1517 1996 1532 2011 ·
1580 1980 1642 2032 τὸ
1684 1996 1925 2034 ταπεινο-

2043 1974 2294 2041 precari,
2334 1974 2586 2030 misereri
2629 1975 2863 2032 aliorum
2889 2014 2906 2039 ,
2945 1985 3002 2030 et
3038 1991 3099 2032 se
3142 1993 3241 2048 per
3268 1978 3630 2036 humilitatem

345 2094 387 2145 φ
397 2079 573 2148 ρονεῖν
582 2115 595 2128 .

653 2168 903 2236 Σχόλιον
940 2166 1048 2221 τοῦ
1096 2168 1270 2236 ἁγίου
1316 2169 1538 2222 Νείλου
1576 2167 1640 2229 ζ’.

422 2258 620 2328 Λέγειν
653 2258 756 2329 χρὴ
789 2259 876 2312 τὸν
919 2259 995 2331 μὴ
1041 2259 1183 2313 καλὰ
1212 2261 1543 2332 πράττοντα,
1583 2263 1730 2324 ὅπως
1764 2260 1936 2332 ἄρξη-

340 2368 456 2418 ται,
487 2351 597 2405 τῶν
629 2351 804 2423 ἔργων
833 2353 962 2415 τοὺς
998 2351 1190 2420 λόγους
1219 2351 1630 2423 αίσχννόμενος.

977 2641 1195 2694 ΛΟΓΟΣ
1239 2642 1290 2694 ι’.

852 2754 993 2824 Περὶ
1037 2756 1424 2823 καταλαλιᾶς.

411 2847 600 2911 Οὐδεὶς
637 2847 746 2899 τῶν
797 2847 1205 2917 εὐφρονούντων
1239 2848 1493 2922 ἀντείπῃ,
1525 2839 1702 2920 οἶμαι,
1752 2851 1827 2924 μὴ
1871 2854 1934 2906 ὲκ

325 2941 534 3009 μίσους
568 2939 662 2992 κο.)⁵
706 2939 1074 3010 μνησικακίας
1106 2940 1205 3012 τὴν
1239 2940 1572 2994 καταλαλιὰν
1617 2943 1929 2997 τίκτεσθαν

318 3031 417 3085 διὸ
451 3032 546 3084 καὶ
577 3031 714 3102 μετὰ
755 3031 883 3093 τοὺς
915 3030 1088 3102 αὐτῆς
1115 3033 1416 3103 προγόνους
1444 3035 1519 3097 ὡς
1550 3035 1610 3087 ἐν
1637 3035 1814 3107 εἱρμῷ
1841 3037 1932 3090 τὲ-

319 3141 554 3177 τακται.
607 3122 928 3179 Καταλαλιά
979 3124 1127 3176 ἐστιν
1160 3124 1460 3196 ἀποκύημα
1496 3126 1722 3197 μίσουςο
1761 3125 1932 3200 λεπτὴ

2043 2067 2372 2138 deprimere.

2497 2155 2746 2216 Scholion
2776 2161 2950 2214 sancti
2983 2159 3101 2215 Nili
3126 2162 3177 2217 7.

2117 2248 2279 2305 Decet
2308 2251 2538 2306 honesta
2567 2251 2718 2322 loqui
2748 2251 2912 2306 etiam
2946 2269 3071 2308 eum
3104 2254 3195 2323 qui
3223 2270 3331 2310 non
3364 2255 3498 2312 facit
3529 2257 3627 2311 lto-

2044 2352 2196 2398 nesta
2225 2384 2240 2407 ,
2277 2352 2338 2400 ut
2375 2343 2600 2414 incipiat
2633 2361 2760 2401 eum
2807 2360 2902 2415 per
2933 2347 3098 2402 verba
3129 2386 3143 2410 ,
3192 2349 3357 2403 etiam
3401 2363 3627 2419 operum

2044 2431 2268 2498 pudere.

2535 2629 2698 2700 ιω
2749 2629 3033 2688 (manus
3073 2634 3137 2689 Χ.

2620 2742 2694 2798 De
2729 2745 3069 2804 detractione.

2113 2828 2305 2895 Nemo,
2337 2835 2554 2903 opinor,
2585 2847 2730 2891 recte
2777 2841 3132 2898 sentientium
3170 2846 3379 2905 inlicias
3412 2850 3528 2918 ibit,
3561 2867 3628 2909 ex

2040 2922 2167 2976 odio
2193 2931 2247 2978 et
2277 2935 2512 2996 acceptae
2543 2931 2759 3000 injuria:
2789 2937 3056 2991 memoria
3099 2937 3491 2998 detractionem
3527 2961 3627 3000 ex-

2041 3013 2267 3080 sistere,
2319 3017 2398 3070 uti
2433 3019 2664 3087 proinde
2699 3032 2845 3078 recta
2885 3027 3030 3080 serie
3071 3039 3194 3098 post
3232 3031 3405 3101 ipsius
3434 3051 3627 3105 proge-

2039 3105 2247 3162 nitores
2276 3107 2389 3164 haec
2419 3111 2678 3168 collocata
2710 3115 2800 3171 sit.
2847 3116 3118 3174 Detractio
3147 3131 3230 3177 est
3259 3125 3368 3179 odii
3399 3139 3584 3196 partus
3608 3173 3624 3196 ,

322 3217 510 3282 νόσος,
538 3216 762 3286 παχεῖα,
794 3214 1156 3288 κεκρυμμένη
1187 3216 1281 3270 καὶ
1327 3216 1668 3272 λανθάνουσα
1718 3219 1925 3290 βδέλλα,

2039 3198 2260 3254 subtilis
2288 3202 2532 3267 morbus,
2558 3220 2744 3261 crassa
2773 3216 2955 3264 tamen
2982 3212 3076 3266 sed
3107 3213 3301 3280 latens,
3329 3229 3382 3272 et
3411 3221 3628 3276 occulta

318 3309 553 3382 ἀγάπης
577 3306 941 3366 ἐκδαπανῶσα
966 3311 1057 3362 καὶ
1081 3308 1479 3379 ἐξαφανίζουσα
1507 3307 1645 3383 αἷμα
1669 3329 1681 3342 ·
1715 3313 1936 3385 ἀγάπης

322 3401 668 3471 ὑπόκρισιςο
745 3401 976 3473 καρδίας
1025 3401 1199 3473 ῥύπου
1248 3403 1341 3457 καὶ
1392 3403 1595 3476 βάρους
1637 3404 1932 3476 πρόξενοςο

320 3494 640 3564 ἀοανισμὸς
677 3493 921 3564 ἁγνείας.
955 3493 1166 3564 Ὠσπερ
1197 3495 1304 3548 εἰσὶ
1341 3496 1580 3560 νεάνιδες
1613 3498 1688 3568 (1)
1723 3499 1933 3570 ἀπηρν-

324 3585 681 3656 οριασμένως
713 3586 783 3640 τὰ
833 3586 981 3641 κακὰ
1037 3587 1413 3659 πράττουσαι·
1476 3590 1586 3642 εἰσὶ
1640 3590 1699 3644 δὲ
1747 3591 1934 3662 ’ἐτεραι

322 3678 634 3750 λεληθότως
661 3680 754 3736 καὶ
776 3679 1243 3751 αίδεστικωτέρως
1271 3680 1630 3754 χαλεπώτερα
1660 3683 1769 3736 τῶν
1799 3703 1934 3758 προ-

324 3773 505 3842 τέρων
551 3771 931 3824 ἐπιτελοῦσαν
974 3771 1147 3836 οὕτως
1178 3774 1273 3828 καὶ
1319 3775 1558 3852 ἐπὶ-τῶν
1593 3775 1782 3831 παθῶν
1831 3781 1931 3849 τῆς

333 3861 563 3929 ἀτιμίας
616 3862 762 3915 ἔστιν
817 3859 967 3915 ἰδεῖν.
1028 3863 1096 3915 Αἱ
1146 3862 1361 3927 πλείους
1415 3862 1638 3918 ὓπουλοι
1690 3867 1931 3932 νεάνιδες

336 3953 649 4022 ὑπόκρισις,
692 3957 945 4027 πονηρία,
997 3955 1167 4026 λύπη,
1220 3959 1580 4027 μνησικακία,
1627 3960 1930 4014 καταλαλιέι

325 4043 593 4115 καρδίας,
645 4043 776 4098 ἄλλα
809 4047 903 4118 μὲν
931 4045 1008 4117 τῷ
1047 4046 1225 4099 δοκεῖν
1265 4047 1674 4118 ὑποτιθέμεναι,
1713 4050 1847 4105 ἄλλα
1873 4052 1930 4104 δὲ

320 4135 768 4191 ἀποϐλέπουσαι.
833 4139 1077 4192 Ἤκουσα
1281 4140 1766 4206 καταλαλούντων,
1836 4144 1930 4198 καὶ

317 4231 562 4298 ἕπληξα,
597 4233 692 4289 καὶ
738 4231 894 4286 τοῦτο
922 4233 1059 4304 πρὸς
1088 4232 1383 4301 ἀπολογίαν
1414 4236 1462 4287 οἱ
1491 4235 1586 4288 τοῦ
1630 4237 1799 4290 κακοῦ
1832 4238 1927 4308 ἑρ-

312 4327 495 4394 γάται
529 4325 927 4399 ἀπεκρίναντο·
959 4324 1034 4404 ῶς
1065 4323 1125 4389 ἐξ
1150 4326 1370 4397 ἀγάπης
1402 4328 1495 4379 καὶ
1523 4330 1803 4408 φροντίδος
1831 4329 1925 4383 τοῦ

313 4416 801 4488 καταλαλουμένου
825 4417 984 4471 τοῦτο
1008 4418 1162 4470 ποιοῦ
1173 4431 1276 4471 σιν.
1307 4417 1450 4487 Ἔγὼ
1472 4418 1525 4471 δὲ
1543 4421 1726 4484 αὐτοῖς
1741 4437 1753 4450 ·
1776 4421 1924 4475 Παύ-

318 4507 518 4572 σασθε,
543 4508 699 4579 ἔφην,
731 4509 830 4581 τῆς
856 4509 1112 4580 τοιαύτης
1143 4511 1362 4581 ἀγάπης
1384 4527 1396 4539 ·
1429 4511 1518 4564 ἵνα
1548 4512 1622 4582 μὴ
1654 4513 1924 4586 ψεύσηται

2041 3289 2257 3358 hirudo,
2292 3309 2413 3362 quae
2437 3295 2719 3354 charitatis
2749 3303 3071 3372 sanguinem
3101 3306 3352 3363 exhaurit
3381 3321 3434 3365 ct
3463 3313 3629 3369 absu-

2035 3382 2176 3436 mit:
2213 3389 2418 3443 amoris
2448 3389 2751 3457 simulatio,
2783 3402 2836 3448 et
2864 3394 3014 3449 cordi
3047 3399 3240 3455 sordes
3268 3409 3322 3455 et
3347 3408 3630 3461 conscien-

2040 3474 2128 3529 tiae
2176 3491 2340 3546 grave
2399 3495 2544 3538 onus
2601 3487 2900 3552 conciliat,
2949 3492 3368 3564 castitatemque
3424 3498 3627 3554 abolet.

2041 3566 2185 3622 Sunt
2236 3575 2517 3630 nonnullae
2558 3577 2986 3637 adolescentula':
3026 3601 3149 3653 quae
3179 3587 3297 3642 sine
3329 3591 3434 3644 ulla
3475 3608 3629 3648 vere-

2037 3660 2236 3714 mtttdia
2272 3676 2502 3733 peccant
2543 3685 2557 3722 ι
2614 3680 2738 3725 sunt
2771 3671 2891 3727 alia:
2932 3679 3238 3756 qumplam
3270 3690 3323 3735 et
3366 3699 3629 3740 verecun-

2033 3753 2156 3809 dius
2182 3796 2197 3820 ,
2249 3755 2343 3812 sed
2382 3758 2540 3831 longe
2567 3764 2785 3832 gravius
2824 3753 3098 3835 prioribus
3131 3772 3475 3844 delinquunt.
3521 3776 3628 3834 Par

2034 3855 2118 3900 est
2151 3847 2292 3902 ratio
2331 3849 2602 3906 malarum
2644 3856 2810 3910 animi
2847 3857 3196 3916 aﬂ'ectionnm
3230 3878 3326 3918 seu
3366 3867 3624 3924 vitiorum

2033 3935 2362 4007 ignominiae.
2396 3941 2589 3998 Plures
2639 3944 2743 4000 illze
2796 3964 3027 4020 nequam
3068 3955 3258 4022 puellm
3293 3965 3421 4010 sunt
3451 3958 3624 4030 ltypo-

2033 4031 2196 4086 crisis
2220 4071 2234 4095 ,
2291 4033 2500 4089 malitia
2525 4077 2539 4101 ,
2575 4037 2798 4094 tristitia
2821 4081 2834 4103 ,
2878 4055 3227 4113 acceptarum
3296 4047 3621 4117 injuriarnm

2033 4123 2344 4178 recordatio
2369 4165 2384 4190 ,
2421 4127 2488 4180 de
2516 4127 2700 4183 alieno
2730 4133 2896 4186 corde
2922 4133 3194 4202 judicium
3227 4149 3278 4193 ct
3311 4140 3578 4198 detractio
3605 4186 3621 4208 ,

2031 4229 2154 4284 quae
2185 4217 2330 4272 aliud
2381 4219 2448 4274 ad
2491 4223 2726 4291 speciem
2767 4227 3148 4293 prmtendunt,
3189 4242 3242 4286 ct
3271 4232 3417 4288 aliud
3450 4238 3624 4306 resili-

2029 4307 2179 4362 ciunt
2215 4318 2378 4378 atque
2411 4323 2598 4380 agunt.
2625 4313 2763 4369 Cum
2795 4315 3166 4374 obtrectantes
3194 4322 3316 4378 aliis
3351 4326 3620 4393 audirem,

2029 4413 2123 4453 eos
2154 4401 2392 4469 graviter
2415 4402 2684 4474 increpui,
2707 4406 2799 4476 qui
2835 4417 2892 4461 ut
2927 4409 3159 4478 improbi
3189 4412 3457 4468 malorum
3493 4431 3627 4471 con-

2031 4489 2344 4545 cinnatores
2377 4494 2697 4549 excusando
2751 4511 2811 4551 se
2861 4498 2915 4551 id
2957 4514 3022 4553 ex
3066 4500 3336 4558 charitate
3385 4515 3440 4560 et
3493 4520 3626 4562 cura

309 4601 348 4652 ὁ
379 4600 642 4670 εἰρηκὼςσ
673 4604 784 4656 Τὸν
813 4601 1278 4656 καταλιιλΟὗντα
1305 4601 1496 4671 λάθρα
1516 4603 1624 4658 τὸν
1658 4608 1925 4672 πλησίοι·

2032 4581 2229 4638 salutis
2252 4583 2398 4638 illius
2425 4587 2512 4640 cui
2544 4587 2953 4655 obtrectabant,
2992 4593 3097 4650 hoc
3136 4593 3318 4652 facere
3347 4597 3624 4656 dixerunt.

312 4709 358 4746 (ι
371 4692 533 4756 item},
548 4694 763 4747 τοῦτον
775 4693 1117 4758 ἐξεδίωκον.
1135 4695 1196 4747 Εἰ
1213 4695 1390 4763 λέγεις
1407 4697 1647 4767 ἀγαπᾷν,
1664 4696 1823 4766 εὔχου
1843 4699 1923 4751 λε-

307 4783 585 4854 ληθότως,
605 4786 702 4840 καὶ
722 4787 795 4856 μὴ
817 4787 1034 4839 σκῶπτε
1052 4786 1142 4838 τὸν
1159 4786 1326 4858 ἄνδρα
1340 4802 1354 4814 ⁸
1375 4783 1528 4850 οὗτος
1545 4788 1652 4858 γάρ
1671 4788 1698 4838 ὁ
1719 4789 1917 4859 τρόπος

306 4875 514 4939 δεκτὸς
545 4879 696 4947 παρά
728 4876 933 4949 Κυρίῳ.
969 4877 1061 4950 Μὴ
1081 4878 1138 4932 δὲ
1159 4878 1320 4932 τοῦτό
1344 4895 1403 4932 σε
1429 4877 1765 4943 λανθανέτω,
1820 4881 1918 4934 καὶ

303 4967 542 5032 πάντως
569 4969 830 5041 ὲκνήψεις
855 4965 949 5024 τοῦ
984 4969 1058 5042 μὴ
1090 4971 1298 5043 κρίνειν
1323 4971 1418 5026 τὸν
1457 4973 1742 5026 πταίοντα.
1783 4972 1915 5027 Ίούο

297 5061 418 5122 δας
443 5063 500 5113 ἒν
531 5060 611 5132 τῷ
640 5061 790 5134 χορῷ
823 5062 931 5116 τῶν
962 5062 1219 5134 μαθητῶν
1239 5060 1328 5137 ἦν,
1369 5067 1397 5119 ὁ
1422 5064 1478 5118 δὲ
1506 5065 1712 5138 λῃστὴς
1742 5067 1799 5118 ὲν
1834 5066 1910 5137 τῷ

305 5150 469 5222 χορῷ
496 5152 603 5204 τῶν
638 5152 914 5220 φονευτῶν
936 5172 947 5184 ο
979 5153 1074 5208 καὶ
1097 5153 1286 5226 θαῦμα
1313 5158 1428 5222 πῶς
1462 5159 1519 5211 ἒν
1557 5159 1656 5229 μιᾷ
1700 5161 1839 5229 ῥοπῇ
1877 5160 1910 5230 ἡ

308 5243 767 5314 ἀντικαταλλαγὴ
813 5245 1061 5313 γέγονεν.
1107 5248 1176 5300 Εἴ
1201 5266 1283 5312 τις
1325 5250 1662 5311 καταλαλιάς
1691 5251 1911 5322 πνεῦμα

309 5331 544 5403 νικῆσαι
567 5334 838 5405 βούλεται,
875 5337 950 5409 μὴ
971 5337 1050 5410 τῷ
1073 5340 1343 5404 πταίοντι,
1371 5341 1509 5396 ἁλλά
1552 5341 1630 5412 τῷ
1670 5344 1912 5398 ὑποϐάλω

312 5423 468 5477 λοντι
497 5424 714 5497 δαίμονι
761 5428 859 5502 τὴν
913 5430 1121 5502 μέμψιν
1152 5432 1540 5505 ἐπιγραφέτω·
1573 5434 1747 5498 οὐδεὶς
1802 5437 1913 5508 γὰρ

310 5515 468 5570 θέλει
493 5521 571 5582 εἰς
604 5520 741 5574 Θεὸν
764 5522 1103 5594 ἀμαρτῆσαι,
1138 5525 1186 5577 εἰ
1217 5525 1314 5578 καὶ
1341 5523 1599 5589 ἀϐίαστος
1619 5529 1727 5591 πᾶς
1755 5529 1911 5599 ἡμῶν

304 5610 598 5678 τυγχάνει.
630 5607 788 5665 Εἶδον
819 5614 1116 5683 προφανῶς
1144 5615 1567 5687 ἀμαρτὴσαντα,
1607 5621 1704 5673 καὶ
1753 5619 1910 5692 λελη-

314 5698 494 5766 θότως
532 5706 969 5778 μετανοήσαντα,
1002 5709 1097 5763 καὶ
1148 5709 1207 5763 δν
1243 5710 1543 5780 κατέκρινα
1563 5712 1652 5781 ,ὡς
1687 5713 1906 5784 πόρνον,

402 5878 445 5906 ³³
474 5881 612 5938 l‘sal.
643 5903 695 5951 c,

2031 4674 2101 4727 At
2126 4690 2249 4746 ego,
2273 4692 2467 4749 apage,
2501 4679 2749 4751 inquam,
2783 4700 2908 4739 cum
2938 4687 3040 4742 hac
3067 4687 3353 4754 cbaritate,
3377 4707 3447 4766 ne
3473 4691 3628 4750 illum

2031 4769 2300 4824 mendacii
2328 4775 2640 4842 coarguatis
2669 4777 2764 4846 qui
2796 4778 2936 4833 dixit
2969 4794 2983 4832 τ
3027 4780 3398 4839 Detur/tentem
3427 4800 3625 4844 secreto

2026 4865 2272 4930 proximo
2297 4880 2415 4928 suo,
2443 4867 2582 4920 hunc
2610 4872 2962 4940 persequebar
2986 4873 3052 4927 ³⁸.
3088 4873 3146 4929 Si
3179 4884 3234 4931 te
3262 4893 3447 4934 amare
3479 4880 3625 4938 hunc

2024 4954 2266 5032 afﬁrmas
2285 5000 2301 5023 ,
2326 4958 2463 5013 clam
2491 4975 2718 5029 precare
2738 4978 2840 5033 pro
2867 4980 2952 5030 eo,
2983 4975 3038 5022 et
3057 4983 3166 5024 non
3195 4972 3411 5042 exagita
3439 4988 3621 5029 scom-

2025 5052 2188 5106 matis
2213 5053 2412 5107 virum.
2445 5053 2546 5110 llic
2571 5057 2718 5112 enim
2753 5059 2949 5116 modus
2979 5059 3140 5135 187
3174 5064 3407 5122 Domino
3432 5077 3621 5136 gratus

2017 5154 2122 5198 est.
2150 5143 2295 5210 Quin
2320 5156 2374 5202 et
2403 5147 2509 5203 hoc
2539 5151 2780 5215 attende,
2808 5162 2860 5207 et
2884 5155 3104 5224 penitus
3126 5158 3428 5213 abstinebis
3449 5160 3518 5213 ab
3535 5159 3622 5230 ju-

2020 5239 2293 5304 dicando,
2326 5240 2372 5294 si
2407 5258 2570 5311 quem
2599 5243 2804 5302 videris
2835 5259 3176 5318 peccantem.
3209 5249 3380 5306 Judas
3407 5251 3462 5304 in
3495 5253 3612 5306 col-

2021 5331 2161 5398 legio
2211 5329 2614 5401 discipulorum
2674 5347 2834 5402 erat,
2893 5340 3035 5396 latro
3084 5357 3215 5398 vero
3271 5343 3325 5396 in
3385 5357 3617 5395 numero

2021 5423 2447 5480 homicidarum.
2482 5426 2550 5480 Et
2581 5430 2891 5488 mirandum
2931 5442 3013 5488 est
3046 5447 3250 5504 quanta
3289 5449 3471 5488 rerum
3503 5448 3616 5487 uno

2023 5525 2305 5571 momento
2334 5516 2481 5573 facta
2512 5521 2585 5576 sit
2614 5525 2926 5580 conversio.
2968 5527 3228 5597 Quisquis
3260 5525 3617 5582 obtectratio—

2021 5613 2107 5664 nis
2159 5613 2412 5683 spiritum
2461 5626 2692 5672 conatur
2726 5619 2987 5686 vincere,
3030 5635 3137 5676 non
3175 5619 3421 5695 peccanti
3448 5657 3464 5683 ,
3520 5621 3615 5673 sed

2020 5707 2254 5762 damoni
2285 5713 2602 5782 suggerenti
2629 5713 2846 5784 culpam
2895 5717 3176 5785 assignet;
3213 5729 3375 5772 nemo
3414 5715 3617 5786 quippe
