4110 6428
338 373 470 440 849

1376 378 1608 438 SCALA
1643 373 2024 434 PARADISI.
2058 399 2125 409 —
2159 374 2470 437 GRADUS
2496 373 2570 433 X.

3531 372 3641 437 850

332 493 649 560 ἐξέλιπον
676 491 1121 562 ἐξερευνῶντες
1189 492 1635 563 ἐξερευνήσας.
1667 490 1819 559 Μηδὲ
1840 490 1954 552 τοῖς

2082 490 2294 548 audens
2327 507 2444 546 uvae
2472 490 2672 545 vinitor
2702 497 2948 544 maturos
2988 492 3254 549 duntaxat
3276 488 3464 544 acinus
3491 503 3644 543 com-

339 590 471 650 σοίς
497 587 798 657 ὀφθαλμοῖς
825 586 988 658 ὀρῶν,
1017 588 1316 668 κατάκρινε
1347 604 1362 618 ο
1395 587 1657 649 πολλάκις
1693 583 1802 654 γὰρ
1843 583 1938 636 καὶ

2082 578 2178 644 dit,
2213 580 2496 635 labruscas
2541 588 2594 633 et
2632 579 2859 635 acerbas
2907 593 3041 633 uvas
3084 576 3324 649 negligit,
3367 576 3440 629 ita
3499 579 3639 628 bona

226 725 241 734 .
342 677 519 730 αὐτοὶ
536 677 933 748 πεπλάνηνται.

2046 683 2206 725 mens
2242 677 2297 722 et
2327 667 2547 740 sapiens
2578 682 2940 737 quascunque
2980 667 3034 721 in
3067 667 3190 724 aliis
3219 669 3453 722 virtutes
3484 668 3644 721 vide-

342 771 427 824 rit
453 811 470 836 ,
521 772 767 828 studiose
801 772 1044 838 notabit;
1099 774 1368 844 insipiens
1401 788 1531 828 vero
1574 778 1789 826 tantum
1825 767 1956 822 vitia
2002 762 2358 833 defectusque
2405 762 2811 832 pervestigabit.
2843 759 2920 816 De
2961 775 3070 832 quo
3095 761 3260 816 etiam
3285 760 3490 815 dictum
3519 772 3603 815 est
3631 793 3644 806 ι

341 863 604 919 Sci-atati
635 879 762 922 sunt
787 865 1114 936 iniquitates,
1175 866 1476 936 defecerunt
1528 873 1822 920 scrutantes
1873 857 2133 914 scrutinia
2188 856 2256 911 ⁴¹.
2315 853 2432 908 lmo
2480 869 2612 908 vero
2664 854 2710 908 si
2758 853 2868 908 tuis
2913 853 3032 924 ipse
3082 853 3261 909 oculis
3322 863 3646 923 peccantem

345 959 607 1026 videris,
659 959 772 1016 noli
823 959 1088 1018 damnare
1131 975 1146 1012 :
1200 976 1311 1017 non
1367 977 1494 1016 raro
1539 961 1686 1016 enim
1736 967 1792 1014 et
1852 953 1956 1026 ipsi
1986 950 2164 1007 delusi
2195 957 2345 1006 sunt.

447 1051 742 1116 ’Δνάϐασις
767 1051 994 1119 δεκάτη,
1020 1052 1087 1124 ἢν
1114 1053 1144 1106 ό
1176 1052 1410 1123 νικήσας
1445 1051 1668 1123 ἀγάπης
1712 1048 1956 1120 ἐργάτης

343 1144 388 1216 ἢ
424 1145 661 1210 πένθους
687 1145 1049 1216 καθέστηκεν.

770 1299 1076 1354 ΣΧΟΛΙὈΝ
1102 1300 1211 1353 ΕΙΣ
1233 1301 1457 1367 ΛΟΓΟΝ
1489 1301 1544 1354 1'.

864 1410 1032 1481 ⁸Περὶ
1076 1412 1470 1480 arata/lautae.

987 1504 1250 1572 Σχόλιον
1274 1510 1352 1558 α’..

459 1592 1008 1666 ’Δπηρυθριασμέναι
1033 1596 1176 1651 εἰσὶν
1206 1598 1476 1662 νεάνιδες,
1516 1598 1957 1670 γαστριμαργία,

373 1686 550 1758 μέθη,
589 1685 840 1758 πορνεία,
905 1685 1180 1752 κενοδοξία
1205 1705 1219 1718 ο
1265 1690 1507 1760 κρυπταὶ
1544 1688 1601 1742 δὲ
1647 1689 1959 1760 ὑπόκρισις,

2133 1040 2371 1096 Gradum
2398 1039 2669 1095 decimum
2701 1037 2796 1108 qui
2826 1037 2976 1104 vicit,
3025 1037 3164 1092 nihil
3197 1037 3305 1093 nisi
3348 1053 3415 1094 ex
3464 1038 3648 1093 chari-

2063 1141 2172 1188 tatc
2206 1133 2341 1203 agit,
2377 1133 2430 1187 in
2463 1146 2594 1188 vero
2624 1131 2771 1186 luctu
2803 1130 3156 1186 constitutus.

2435 1282 2729 1340 SCHOLIA
2766 1283 2858 1337 AD
2896 1281 3187 1339 GRADUM
3227 1282 3294 1335 Χ.

2551 1418 2564 1432 ·
2606 1396 2685 1452 De
2719 1397 3118 1452 obtrectatione.

2687 1487 2940 1551 Scholion
2979 1490 3028 1544 l.

2140 1577 2413 1635 Ell‘rontes
2438 1589 2491 1635 et
2521 1580 2864 1650 impudentes
2896 1579 3318 1636 adolescentulre
3346 1588 3495 1643 sunt,
3529 1594 3658 1634 ven-

2067 1669 2168 1726 tris
2202 1670 2498 1741 ingluvies,
2529 1670 2790 1735 ebrietas,
2830 1669 3070 1737 luxuria,
3104 1668 3283 1722 inanis
3311 1665 3527 1738 gloria:
3562 1680 3658 1720 oc-

369 1755 713 1839 καταλαλιά,
765 1773 956 1842 μῖσος,
1011 1770 1244 1842 φθόνος,
1301 1755 1362 1829 ἀι
1422 1776 1516 1829 καὶ
1561 1775 1721 1844 φόνον
1780 1755 1964 1829 ἐπιτε-

2082 1763 2228 1818 :ultae
2277 1770 2461 1818 autem
2514 1763 2600 1834 (et
2647 1776 2769 1832 quae
2825 1760 3005 1831 palam
3049 1761 3294 1815 honesta:
3344 1755 3656 1827 apparent),

369 1865 474 1920 λοῦ
482 1883 559 1920 αι.

895 2075 900 2082 -
987 2048 1250 2116 Σχόλιον·
1278 2047 1344 2119 β’.

465 2141 783 2206 Κατάλαλος
831 2141 968 2214 ψυχὴ
1017 2143 1269 2215 τρίόολον
1321 2144 1434 2216 ἔχει
1460 2145 1742 2215 γλῶσσαν·
1766 2147 1967 2219 ἑαυτὴν

393 2238 505 2309 γὰρ
542 2239 637 2292 καὶ
664 2237 752 2291 τὸν
782 2237 1068 2304 ἀκούοντα,
1096 2236 1210 2292 ἐσθ’
1240 2239 1328 2292 ὅτε
1358 2237 1416 2292 δὲ
1445 2239 1541 2294 καὶ
1577 2239 1670 2294 τὸν
1720 2240 1965 2294 καταλαμ-

384 2330 650 2402 λούμενον
664 2328 912 2401 βλάπτει.

1082 2424 1292 2478 Ἄλλο.

454 2515 697 2580 Θάνατος
725 2514 905 2587 ψυχῆς
961 2517 1119 2587 μῖσος
1147 2515 1286 2587 πρὸς
1337 2516 1429 2570 τὸν
1478 2515 1710 2587 πλησίον
1728 2533 1743 2550 ⁸
1793 2518 1971 2590 τεῖχός

375 2607 499 2660 ἔστι
521 2606 630 2660 τῶν
657 2607 717 2660 ὲν
742 2606 944 2676 γνώσει
965 2606 1346 2678 πολεμούντων
1365 2617 1401 2638 ’⁸
1418 2607 1478 2662 τὺ
1504 2607 1561 2663 δὲ
1585 2608 1747 2681 ψέξαι
1783 2610 1969 2678 αὑτὸν,

379 2696 723 2753 καταλύειτὸ
759 2701 938 2770 τεῖχος
971 2701 1032 2754 ἐν
1063 2699 1331 2772 ἀγνωσία.

848 2879 895 2930 Σ
897 2878 1114 2945 16.1w!-
1163 2878 1395 2935 Ἲσαΐσυ
1433 2887 1510 2950 γ’.

471 2963 600 3020 Ἐάν
626 2965 712 3031 τες
743 2984 828 3021 σοι
849 2967 986 3042 λέγῃ
1015 2967 1209 3038 λόγους
1233 2971 1552 3044 ἀνωφελεῖς,
1609 2975 1686 3048 μὴ
1735 2975 1971 3050 θελήσῃς

259 3140 261 3142 η
375 3055 618 3109 ἀκοῦσαι
643 3057 862 3124 αὐτοὺς,
885 3059 974 3114 ἵνα
999 3061 1074 3134 μὴ
1099 3062 1295 3136 ἀνέλῃς
1315 3064 1415 3136 τὴν
1435 3066 1612 3140 ψυχήν
1634 3085 1748 3134 σου,
1774 3070 1867 3123 κα)⁹
1898 3071 1973 3142 μὴ

378 3149 646 3224 αἰδεσθῇς
675 3151 740 3205 τὸ
762 3153 1055 3224 πρόσωπον
1081 3155 1248 3210 αὐτοῦ
1285 3157 1367 3221 εις
1421 3158 1483 3211 τὸ
1511 3159 1751 3230 λυπῆσαι
1787 3162 1972 3230 αὑτὸν,

381 3243 489 3298 καὶ
523 3244 596 3314 μὴ
621 3245 831 3316 ἀνασχῇ
862 3244 1301 3320 τῶνλεγομένων
1323 3249 1537 3318 λόγους,
1555 3252 1638 3305 ὅτι
1667 3254 1747 3325 Τῇ
1778 3254 1977 3326 καρδίᾳ

375 3331 454 3386 οὐ
490 3332 874 3405 παραδέχομαι
896 3351 910 3365 °
941 3335 1018 3408 μὴ
1066 3335 1230 3410 εἴπης
1274 3337 1455 3394 τοῦτο.
1506 3342 1581 3395 Οὐ
1609 3341 1719 3414 γὰρ
1754 3338 1807 3396 εἴ
1836 3344 1978 3416 ὑπὲρ

383 3426 489 3481 τὸν
514 3425 966 3498 πρωτόπλαστον,
999 3428 1060 3483 ὃν
1087 3429 1321 3486 ἔπλασεν
1351 3435 1379 3486 ὀ
1401 3433 1534 3499 Θεὸς
1563 3437 1632 3506 τῇ
1673 3435 1780 3507 ἰδίᾳ
1811 3439 1978 3508 χειρὶ,

381 3516 455 3569 ὃν
483 3516 582 3570 οὐκ
620 3516 964 3591 ὼφέλησενή
1001 3521 1064 3575 οὐ
1098 3521 1239 3594 καλὴ
1271 3524 1481 3595 ὁμιλία.
1521 3527 1694 3596 Φεῢγε
1733 3523 1850 3595 οὖν,
1884 3531 1982 3584 xui

390 3605 475 3680 μὴ
509 3607 630 3660 θέλε
655 3609 876 3663 ἀκούειν
894 3628 910 3642 ο
938 3611 1041 3683 ὅρα
1070 3613 1127 3666 δὲ
1153 3618 1365 3685 μήποτε
1394 3615 1613 3685 φεύγων
1637 3618 1718 3689 τῷ
1767 3619 1982 3691 σώματι

389 3699 668 3773 βουληθῇς
717 3702 924 3772 γνῶναι
976 3705 1044 3760 τά
1087 3706 1360 3778 ρηθέντα·
1423 3708 1520 3763 ἐὰν
1579 3709 1690 3782 γὰρ
1745 3714 1983 3785 στιγμὴν

387 3789 559 3858 λόγου
618 3792 882 3866 ἀκούσῃς,
933 3796 983 3849 oi
1046 3795 1300 3868 δαίμονες
1345 3800 1446 3853 οὐκ
1494 3799 1625 3854 tam
1672 3802 1735 3855 τὸ
1766 3803 1985 3874 ῥηθὲνὸ

398 3883 642 3952 ἡκούσας
661 3924 679 3950 ,
700 3885 836 3940 ἀλλὰ
868 3887 1154 3957 φονεύουσι
1180 3889 1279 3963 τὴν
1299 3890 1479 3965 ψυχήν
1507 3911 1605 3947 σου
1620 3907 1635 3925 ⁵
1663 3894 1746 3948 διὸ
1767 3895 1986 3966 φεύγων

405 3975 581 4047 φεῦγε
609 3980 904 4046 παντελῶς.

547 4234 807 4304 Σχόλισν
829 4241 1056 4295 Φωτίου
1071 4244 1770 4314 Κωνσταντινουπόλεως
1782 4247 1848 4301 δ’.

477 4323 546 4378 Ai
577 4327 859 4402 περίεργοι
891 4332 1082 4403 φύσεις
1119 4334 1258 4406 πρὸς
1296 4336 1396 4407 μὲν
1427 4336 1490 4390 τὸ
1533 4338 1869 4409 κατόρθωμα
1893 4340 1986 4393 τοῦ

399 4417 635 4488 πλησίον
656 4421 757 4474 οὐκ
791 4422 1034 4480 ἐθέλουσι
1065 4426 1313 4497 βλέπειν·
1343 4427 1649 4494 όξυωποῢσι
1681 4431 1739 4484 δὲ
1762 4433 1900 4503 πρὸς
1932 4434 1994 4486 τὸ

400 4508 734 4581 ἐλάττωμα·
770 4514 1010 4587 κᾶν-μὲν
1063 4517 1317 4592 εὕρωσιν,
1372 4523 1628 4594 ἥρπασαν
1669 4525 1765 4578 καὶ
1796 4525 1992 4580 διεκω-

396 4601 657 4665 δώνισαν,
674 4604 742 4659 ἂν
761 4607 819 4660 δὲ
849 4609 923 4681 μὴ
949 4609 1201 4684 εὕρωσιν,
1226 4615 1383 4668 αὐτοὶ
1401 4617 1602 4688 μᾶλλον
1625 4619 1992 4673 εἰδιιιλοποιεῖν

399 4692 508 4746 καὶ
530 4695 785 4752 πλάττειν
811 4700 1162 4777 αἰρούνται,ἢ
1187 4706 1348 4778 κενὴν
1373 4707 1630 4762 ἀπελθεῖν
1644 4710 1742 4783 τὴν
1769 4729 1991 4783 περιερ-

398 4787 610 4858 γασίαν
637 4790 947 4863 ἀνέχονται.

1107 4977 1314 5032 Ἄλλο.

484 5055 550 5108 Δί
575 5056 860 5130 δυσμενεῖς
909 5065 1122 5136 γνῶμαι
1177 5069 1273 5122 καὶ
1315 5069 1416 5132 τὰς
1470 5070 1713 5143 χρηστὰς
1765 5073 1994 5144 πράξεις

395 5148 510 5203 καὶ
528 5151 654 5216 τοὺς
675 5153 988 5227 ὠφελίμως
1013 5159 1207 5230 λόγους
1228 5165 1366 5233 πρὸς
1403 5165 1464 5217 τὸ
1521 5168 1702 5236 χεῖρον
1746 5167 1996 5240 διαστρέ-

396 5261 538 5316 φειν
558 5248 941 5318 ἀγωνίζονται.

971 5349 1161 5404 Ἀλλο
1203 5352 1435 5406 Ἰσαάκ.

499 5433 761 5489 Ὲνώπιον
789 5437 1162 5513 ὑψηλόφρονος
1192 5443 1289 5495 καὶ
1336 5443 1622 5507 νοσοῦντος
1660 5443 1751 5498 τὸν
1808 5444 2002 5514 φθόνον

412 5525 563 5596 μετά
589 5531 1024 5602 παρατηρήσεως
1053 5533 1204 5587 λάλει
1227 5549 1242 5564 ο
1267 5536 1341 5597 ὡς
1366 5535 1473 5605 γὰρ
1493 5535 1557 5589 σὺ
1594 5535 1794 5601 λαλεῖς,
1839 5537 2002 5602 αὐτὸς

410 5620 565 5672 ποιεῖ
597 5621 656 5673 ὲν
691 5623 759 5692 τῇ
800 5624 993 5696 καρδίᾳ
1045 5627 1209 5682 αὐτοῦ
1255 5627 1516 5698 ἐξήγησιν
1548 5629 1654 5684 τῶν
1686 5629 1860 5699 λόγων
1912 5647 2003 5684 σου

499 5802 543 5832 ⁸⁸
585 5801 725 5858 Psal.
770 5822 931 5866 um.
969 5808 1018 5864 7.

2068 1855 2376 1925 hypocrisis
2410 1869 2507 1910 seu
2558 1853 2862 1920 simulatio,
2917 1852 3264 1918 obtrectatio,
3317 1850 3528 1914 odium,
3573 1847 3658 1903 in-

2071 1949 2234 2013 vidia,
2266 1962 2390 2018 quae
2417 1947 2583 2003 etiam
2617 1954 2852 2002 mortem
2882 1944 3149 2001 inferunt.

2688 2037 2944 2094 Scholion
2978 2038 3034 2094 2.

2137 2132 2334 2188 Anima
2365 2147 2488 2203 quae
2510 2131 2944 2188 detractionibus
2972 2138 3058 2186 est
3085 2129 3347 2194 obnoxia,
3379 2126 3660 2183 trisulcam

2071 2222 2238 2278 habet
2264 2223 2516 2293 linguam
2543 2241 2558 2278 :
2590 2231 2754 2277 nocet
2778 2221 2925 2277 enim
2956 2230 3011 2276 et
3041 2219 3144 2277 sibi
3185 2219 3290 2290 ipsi
3320 2227 3375 2274 et
3400 2216 3658 2280 auditori,

2070 2324 2126 2370 et
2156 2315 2232 2369 illi
2269 2315 2601 2386 quandoque
2629 2314 2717 2371 cui
2761 2314 3097 2370 detrahitur...

2681 2405 2843 2478 190
2877 2405 3059 2461 Aliud.

2143 2499 2384 2555 Eritium
2415 2499 2612 2555 animae
2639 2508 2725 2554 est
2753 2498 2942 2554 odium
2977 2512 3104 2568 erga
3143 2494 3455 2568 proximum
3487 2513 3502 2550 :
3536 2510 3662 2564 pro-

2074 2593 2446 2665 pugnaculum
2488 2592 2582 2664 qui
2616 2591 2752 2647 illud
2791 2591 3028 2647 scienter
3067 2590 3123 2645 in
3174 2589 3361 2645 hostes
3399 2594 3662 2642 vertunt:

2074 2701 2302 2757 carpere
2349 2694 2532 2742 autem
2567 2685 2900 2757 proximum,
2941 2691 3024 2740 est
3073 2697 3172 2753 per
3202 2681 3472 2737 inscitiam
3518 2679 3659 2736 sub-

2077 2793 2236 2836 ruere
2259 2777 2750 2850 propugnaculum.

2609 2867 2772 2926 Isaia:
2806 2870 3035 2936 abbatis,
3075 2872 3131 2926 5.

2150 2958 2211 3015 Si
2243 2959 2370 3031 quis
2397 2975 2687 3017 sermones
2721 2958 3112 3033 [perniciosos]
3153 2958 3375 3014 inutiles
3402 2955 3669 3023 intulerit,

2027 3122 2044 3139 ‘
2083 3060 2141 3107 tu
2185 3069 2252 3108 ne
2294 3054 2429 3110 velis
2458 3055 2581 3111 illos
2613 3055 2827 3118 audire,
2872 3070 2941 3110 ne
2968 3053 3168 3124 perdas
3197 3052 3436 3106 animam
3477 3059 3626 3104 tuam
3652 3089 3669 3114 ,

2077 3157 2179 3198 nec
2206 3143 2510 3200 reverearis
2540 3143 2662 3214 ejus
2686 3144 2920 3210 vultum,
2946 3144 3020 3198 ita
3052 3151 3110 3197 ut
3141 3141 3437 3198 contristes
3472 3139 3623 3194 illum
3650 3155 3668 3202 ;

2079 3249 2180 3290 nec
2193 3233 2492 3291 dicentium
2511 3235 2678 3291 verba
2708 3251 2862 3304 cura,
2884 3251 3008 3290 cum
3052 3235 3245 3290 dicunt
3274 3252 3289 3288 :
3324 3231 3435 3288 Nos
3469 3232 3586 3286 hac
3615 3231 3671 3285 in

2080 3327 2324 3382 animum
2374 3342 2485 3383 non
2518 3327 2890 3395 admittimus;
2922 3343 2991 3383 ne
3023 3327 3226 3382 dixeris
3277 3327 3384 3381 hoc
3421 3343 3436 3380 :
3467 3322 3584 3380 Non
3614 3339 3674 3379 es

2081 3421 2278 3476 melior
2315 3421 2526 3476 Adamo
2559 3421 2939 3492 proloplasto,
2986 3435 3149 3490 quem
3205 3418 3351 3474 Dens
3399 3419 3516 3489 ipse
3573 3432 3674 3472 sua

2083 3531 2249 3570 manu
2275 3513 2551 3582 formavit,
2581 3514 2672 3570 cui
2698 3527 2808 3568 non
2837 3511 3044 3584 profuit
3074 3512 3215 3566 mala
3253 3509 3670 3566 sermocinatio.

2084 3605 2233 3676 Fuge
2271 3621 2422 3676 ergo,
2455 3620 2524 3661 ne
2552 3604 2712 3671 audi;
2759 3619 2893 3659 cave
2927 3603 3115 3669 etiam,
3147 3617 3236 3668 ne,
3275 3601 3404 3656 dum
3433 3599 3677 3654 declinas

2084 3713 2338 3769 corpore,
2369 3697 2514 3753 dicta
2554 3706 2735 3752 tamen
2765 3696 2900 3752 velis
2933 3696 3002 3750 ab
3041 3695 3164 3750 aliis
3194 3692 3440 3764 (absens)
3471 3705 3677 3761 cogno-

2089 3806 2264 3848 scere.
2299 3777 2453 3845 Nam'
2479 3791 2527 3846 si
2574 3789 2859 3846 minimam
2906 3787 3059 3843 verbi
3096 3795 3305 3856 partem
3341 3795 3437 3839 aut
3467 3783 3674 3854 apicem

2089 3883 2367 3949 audieris,
2386 3882 2662 3938 daemones
2692 3895 2804 3936 non
2848 3879 3130 3935 dimittunt
3155 3877 3361 3932 dictum
3391 3875 3540 3945 quod
3575 3889 3676 3928 au-

2089 3975 2253 4041 disti,
2269 3974 2365 4030 sed
2388 3975 2646 4030 occidunt
2671 3973 2912 4027 animam
2946 3982 3091 4025 tuam
3123 3987 3136 4023 :
3170 3968 3399 4040 proinde
3424 3965 3678 4022 omnibus

2093 4064 2269 4119 modis
2315 4071 2582 4134 quantum
2640 4071 2795 4132 potes
2845 4059 3234 4131 (detractiones
3294 4071 3392 4113 seu
3456 4055 3676 4110 inutiles

2093 4151 2331 4223 fabulas)
2368 4152 2515 4224 fuge.

2262 4243 2443 4299 Pltotii
2489 4244 2813 4314 patriarcha:
2852 4240 3430 4310 Cattstantinopolitani
3463 4239 3517 4293 1.

2171 4336 2413 4393 Curiosae
2451 4345 2664 4391 mentes
2697 4337 2763 4391 ad
2797 4344 2946 4390 recte
2978 4333 3122 4389 facta
3167 4333 3393 4388 alterius
3439 4347 3535 4387 seu
3568 4332 3680 4386 vir-

2100 4437 2244 4484 tutes
2294 4427 2488 4484 nolunt
2534 4427 2832 4493 attendere,
2865 4443 2967 4483 nec
3025 4425 3339 4496 respicere;
3390 4425 3678 4479 minimum

2079 4513 2233 4577 ‘vcro
2254 4521 2465 4592 lapsum
2496 4528 2756 4592 peracute
2784 4531 3033 4586 cernunt,
3063 4528 3117 4574 et
3148 4519 3194 4575 si
3224 4517 3354 4589 quid
3382 4517 3676 4586 deprehen-

2104 4613 2308 4680 derint,
2344 4614 2653 4684 arripiunt,
2704 4613 2986 4683 exagitant
3013 4621 3068 4668 et
3095 4611 3430 4677 examinant,
3468 4609 3512 4664 si
3549 4609 3680 4664 nihil

2106 4707 2402 4778 reperiant,
2437 4705 2542 4777 ipsi
2593 4704 2699 4760 sibi
2753 4705 2964 4761 somnia
3024 4711 3078 4758 et
3129 4703 3394 4774 imagines
3442 4701 3683 4771 ﬁngunt,

2105 4799 2289 4869 potius
2334 4813 2500 4868 quam
2555 4807 2613 4852 ut
2658 4798 2760 4868 ipsi
2812 4798 3033 4852 inanem
3094 4795 3470 4852 curiositatem
3528 4809 3685 4849 suam

2106 4890 2257 4944 abire
2295 4890 2500 4945 sinant.

2810 4980 2994 5038 Aliud.

2178 5073 2448 5145 Malignus
2481 5075 2700 5130 animus
2727 5075 2890 5130 etiam
2926 5081 3073 5130 recte
3104 5073 3246 5130 facta
3291 5081 3346 5128 et
3375 5073 3534 5128 utiles
3573 5087 3682 5127 scr-

2109 5183 2300 5224 mones
2331 5169 2386 5223 i'n
2415 5169 2742 5225 deteriorem
2772 5177 2986 5238 partem
3015 5167 3234 5223 trahere
3263 5165 3477 5221 nititur.

2796 5353 2997 5408 lsaaci.

2178 5446 2317 5501 Cum
2372 5446 2611 5515 superbo
2656 5457 2711 5502 et
2765 5446 2951 5501 invido
3014 5450 3173 5498 caute
3226 5440 3497 5510 loquitor;
3548 5438 3684 5492 sicut

2110 5537 2255 5593 enim
2288 5539 2554 5610 loqueris,
2587 5555 2689 5610 pro
2723 5539 2935 5594 ratione
2980 5537 3056 5592 tui
3105 5534 3375 5591 sermonis
3414 5543 3469 5586 et
3499 5533 3582 5588 sui
3633 5531 3686 5585 in

2115 5639 2165 5685 te
2194 5632 2400 5689 amoris
2425 5631 2626 5688 format
2657 5633 2772 5704 ipse
2803 5632 2857 5686 in
2882 5629 3065 5686 animo
3106 5643 3208 5684 suo
3246 5625 3540 5682 verborum
3564 5635 3685 5681 tuo-
