4110 6426
488 306 597 405 est

1758 320 1820 378 S.
1850 317 2156 377 JOAN'NIS
2181 317 2490 379 CLIMACI

3645 313 3757 385 διε

498 438 620 477 rum
648 421 1189 496 interpretationem;
1236 436 1292 483 et
1319 443 1385 483 ex
1413 428 1573 484 bonis
1604 430 1714 485 tuis
1757 432 1954 502 accipit
1990 447 2078 486 ar-

2196 433 2367 498 ιιαθὼς
2394 434 2488 488 καὶ
2520 434 2741 505 ἀγαπᾷ·
2777 434 2870 488 καὶ
2903 434 2967 485 ὲκ
2999 429 3103 483 τῶν
3155 428 3377 496 ἀγαθῶν
3406 427 3517 479 τῶν
3567 426 3625 477 ιν
3670 442 3760 478 σοι

497 523 842 584 gumentum,
872 532 985 587 quo
1015 518 1263 573 abutitur
1296 519 1437 590 apud
1465 520 1601 576 alios
1629 531 1689 576 ut
1712 521 2078 590 oil'endantur,

496 618 551 661 et
583 606 754 663 verba
807 616 899 663 tua
955 610 1363 667 transferuntur
1406 611 1460 667 in
1513 624 1751 670 mentem
1799 614 1973 685 ipsius
2013 614 2081 670 ad

497 702 785 757 materiam
818 710 873 756 et
902 703 1171 759 rationem
1202 705 1378 760 morbi
1413 705 1582 762 illius.

1252 848 1655 867 σαψ-’.ο

998 916 1152 987 191
1195 916 1478 973 smnus
1515 864 1608 972 in.

899 1024 981 1079 De
1014 1025 1336 1095 loquacitate
1370 1037 1423 1082 et
1462 1027 1701 1084 silentio.

580 1116 901 1187 Expositum
930 1125 1016 1172 est
1044 1117 1229 1187 priore
1260 1118 1441 1189 capite
1475 1119 1736 1185 breviter,
1773 1135 1940 1191 quam
1977 1124 2093 1192 pie-

509 1224 641 1262 num
673 1208 744 1263 sit
773 1207 1096 1278 periculi,et
1112 1223 1508 1280 nonnunquam
1540 1212 1796 1281 subrepat
1817 1213 1980 1267 etiam
2002 1213 2091 1277 iis,

508 1300 602 1369 qui
638 1300 896 1353 videntur
931 1300 1205 1367 religiosi,
1257 1301 1452 1356 vitium
1482 1303 1621 1359 alios
1657 1302 1959 1373 judicandi,
1995 1316 2094 1361 aut

509 1390 719 1457 potius,
761 1400 821 1443 ut
853 1391 922 1444 ab
952 1391 1078 1445 aliis
1101 1390 1433 1460 iudicemur,
1480 1403 1536 1448 et
1566 1394 1637 1448 ab
1682 1396 1865 1465 lingua
1903 1407 2091 1453 nostra

509 1481 835 1551 piectamur.
886 1482 1183 1553 Reliquum
1222 1491 1309 1539 est
1356 1500 1508 1553 ergo,
1567 1496 1630 1541 ut
1678 1504 1823 1544 nunc
1869 1505 2091 1544 causam

509 1576 842 1644 aperiamus,
872 1585 928 1631 et
965 1576 1190 1645 januam
1224 1592 1325 1647 per
1352 1593 1520 1648 quam
1568 1579 1624 1634 id
1663 1582 1855 1635 vitium
1903 1582 2087 1653 ingre-

507 1669 710 1734 diatur,
744 1669 854 1723 imo
884 1683 1013 1724 vero
1046 1670 1373 1739 egrediatur.
1405 1680 1470 1725 ex
1497 1672 1690 1727 ordine
1714 1673 2087 1729 ostendamus.

510 1759 838 1831 Loquacitas
854 1771 940 1817 est
956 1763 1111 1817 sedes
1133 1778 1285 1817 vana:
1302 1764 1508 1833 gloriae,
1534 1779 1628 1833 per
1650 1782 1813 1836 quam
1832 1780 1893 1822 se
1915 1767 2087 1837 ipsam

511 1863 807 1920 ostentare,
838 1866 891 1910 et
920 1857 973 1910 in
1001 1870 1222 1912 scenam
1249 1871 1314 1910 ac
1340 1856 1615 1912 theatrum
1638 1859 1775 1913 solet
1798 1859 2085 1915 deducere.
2125 1845 2165 1899 Β

512 1946 841 2017 Loquacitas
886 1958 973 2003 est
1016 1948 1339 2019 ignorantia:
1388 1963 1802 2022 argumentum,
1852 1952 2091 2008 fenestra

510 2038 951 2105 obtrectationis,
979 2042 1290 2098 scurrilium
1322 2053 1778 2114 nugamentorum
1807 2046 2091 2118 magistra,

510 2132 768 2187 ministra
796 2134 1087 2201 mendacii,
1111 2137 1547 2206 compunctionis
1566 2136 1855 2203 abstersio,
1879 2139 2094 2194 auctrix

511 2232 567 2278 et
591 2225 934 2282 conciliatrix
963 2227 1209 2297 ignavia,
1245 2230 1426 2283 somni
1459 2231 1672 2296 nuntia,
1721 2230 2096 2286 meditationis

512 2316 818 2385 distractio,
850 2320 1115 2375 custodiat
1148 2322 1333 2377 cordis
1382 2324 1631 2388 abolitio,
1668 2323 1898 2379 fervoris
1923 2324 2092 2380 divini

515 2409 858 2479 frigidarium
895 2421 951 2467 et
997 2413 1332 2483 gelicidium,
1388 2416 1658 2471 orationis
1708 2417 1937 2485 languor
1996 2432 2094 2473 seu

512 2505 693 2574 potius
719 2506 1046 2568 exstinctio;
1074 2509 1353 2563 silentium
1382 2511 1624 2577 prudens
1647 2520 1731 2564 est
1752 2524 1949 2580 parens
1970 2524 2096 2565 ora-

512 2597 703 2665 tionis,
737 2615 767 2653 a
795 2599 1113 2669 captivitate
1145 2591 1420 2663 liberatid,
1462 2601 1675 2656 ardoris
1706 2600 1876 2656 divini
1905 2613 2094 2658 custo-

510 2688 622 2754 dia,
668 2689 981 2745 observatio
1030 2691 1455 2760 cogitationum,
1492 2693 1801 2761 speculator
1831 2693 2092 2759 hostium,

514 2784 695 2837 luctus
723 2797 930 2848 carcer,
972 2798 1165 2839 amans
1200 2784 1586 2855 lacrymarmn,
1624 2784 1859 2839 assidute
1903 2784 2097 2840 mortis

513 2875 794 2930 memoria:
822 2874 1063 2938 ell'ector,
1096 2874 1486 2945 suppliciorum
1518 2888 1848 2930 aeternorum
1899 2876 2093 2946 pictor,

513 2960 770 3024 curiosus
797 2968 992 3037 judicii
1038 2968 1381 3032 observator,
1414 2969 1666 3023 minister
1712 2970 1972 3024 salutaris
2001 2970 2098 3024 tri-

510 3061 695 3127 stitia,
730 3050 905 3115 hostis
945 3061 1130 3117 nimiae
1168 3064 1543 3127 conﬁdentiae,
1599 3062 1867 3133 religiosa:
1895 3063 2097 3133 quietis

2181 524 2448 597 λαμϐάνει
2481 526 2614 599 ὓλην
2648 528 2727 591 ei;
2767 526 2828 579 τὸ
2870 525 3044 577 ποιεῖν
3074 522 3252 585 ἀλλοις
3282 517 3592 589 προσκόψαι
3613 534 3627 547 ⁸
3666 519 3765 569 καὶ

2180 618 2539 674 ἀλλάσσονται
2568 618 2619 671 oi
2642 617 2790 687 λόγοι
2817 633 2912 669 σου
2936 616 2994 667 ὲν
3014 616 3081 684 τῇ
3140 609 3351 681 διανοίᾳ
3399 607 3568 663 αὑτοῦ
3621 604 3760 675 πρὸς

2180 709 2279 778 τὴν
2310 710 2441 774 ὓλην
2462 710 2561 782 τῆς
2582 707 2894 783 ἀρρωστίας
2930 704 3119 760 αὐτοῦ.

3514 853 3769 865 ...-

2802 931 3021 986 ΛΟΓΟΣ
3054 933 3159 986 IA'.

2509 1049 2649 1119 Περὶ
2668 1052 3042 1120 πολυλογίας
3070 1047 3170 1103 καὶ
3200 1042 3454 1115 σιωπῆς.

2265 1146 2494 1215 Εἴρηται
2523 1145 2622 1213 μὲν
2652 1145 2788 1214 ἡμῖν
2824 1142 3073 1213 βραχέως
3116 1142 3176 1194 ὲν
3210 1142 3326 1203 τοῖς
3366 1138 3658 1208 φθάσασιν,
3699 1140 3778 1204 ὼς

2194 1235 2493 1305 ἐπισφαλὲς
2524 1235 2665 1296 λίαν.
2699 1235 2794 1290 καὶ¹
2829 1234 3016 1295 αὐτοῖς
3051 1235 3163 1295 τοῖς
3202 1235 3600 1301 πνευματικοῖς
3629 1227 3778 1284 εἶναι

2193 1328 2412 1382 δοκοῦσι
2441 1325 2797 1397 παρεισδῦνον
2824 1325 2887 1379 τδ
2910 1325 2985 1394 (l)
3015 1325 3238 1395 xpivew’
3268 1322 3467 1394 μᾶλλον
3492 1323 3551 1375 δὲ
3573 1323 3634 1375 τὸ
3655 1323 3778 1392 κρίο

2193 1422 2400 1484 νεσθαι,
2434 1421 2529 1474 καὶ
2558 1419 2665 1473 ύπδ
2690 1417 2938 1487 γλώττης
2976 1415 3319 1480 κολάζεσθαν
3351 1415 3471 1469 νυνὶ
3499 1415 3556 1468 δὲ
3585 1414 3777 1468 λοιπὸν

2193 1514 2289 1568 καὶ
2336 1512 2437 1582 τὴν
2482 1512 2684 1574 αἰτίαν,
2726 1510 2821 1563 καὶ
2873 1509 2972 1579 τὴν
3026 1506 3195 1579 θύραν
3236 1502 3393 1578 δι’ἦς
3441 1506 3772 1578 εἰσέρχεται,

2197 1604 2401 1675 μᾶλλον
2446 1604 2504 1658 δὲ
2558 1603 2861 1676 ἐξέρχεται,
2913 1601 3206 1655 ἀκόλουθον
3255 1600 3313 1653 ὲν
3346 1599 3529 1668 λόγοις
3588 1599 3773 1664 τάξαι.

2194 1697 2496 1765 Πολυλογία
2551 1695 2669 1749 ἐστὶ
2716 1693 3023 1761 κενοδοξίας
3074 1691 3331 1763 καθέδρα,
3377 1691 3444 1744 δι’
3481 1686 3549 1762 ἧς
3577 1691 3775 1762 ἑαυτὴν

2192 1788 2515 1859 ἐμφανίζειν
2572 1786 2668 1841 καὶ
2716 1785 3128 1855 ἀναπομπεύειν
3171 1783 3404 1852 πέφυκε.
3466 1781 3778 1851 Πολυλογία

2191 1884 2340 1936 ἐστὶν
2370 1880 2650 1950 ἀγνωσίας
2675 1880 2996 1950 τεκμήριον,
3026 1875 3358 1939 καταλαλιᾶς
3382 1874 3543 1947 θύρα,
3577 1876 3777 1946 εύτρα-

2191 1976 2385 2038 πελίας
2430 1972 2791 2044 χειραγωγὺς,
2829 1970 3058 2041 ψεύδους
3091 1970 3384 2039 ὑπουργὸς,
3425 1967 3777 2035 κατανύξεως

2190 2067 2453 2130 διάλυσις,
2494 2065 2723 2136 ἀκηδίας
2773 2062 3013 2133 κλήτωρ,
3061 2058 3229 2113 ὕπνου
3279 2060 3607 2133 πρόδρομος,
3650 2075 3775 2112 συν·

2192 2159 2342 2223 νοίας
2371 2155 2730 2227 σκορπισμος,
2775 2153 3025 2224 φυλακῆς
3051 2149 3377 2222 άφανισμδς,
3408 2150 3621 2222 θέρμης
3667 2148 3773 2218 ou.

2193 2251 2524 2322 χρηστήριον
2558 2246 2907 2319 [ψυκτήρωη
2943 2245 3018 2299 al.
3049 2239 3491 2314 ψυχριστὴριονῙ,
3541 2256 3774 2311 προσευ-

2193 2344 2295 2411 χῆς
2328 2338 2651 2411 ἀμαύρωσις
2676 2336 2855 2407 σιωπὴ
2879 2338 2937 2390 ὲν
2958 2335 3158 2405 γνώσει
3176 2349 3192 2365 ο
3227 2331 3302 2404 (2)
3337 2333 3521 2404 μήτηρ
3554 2344 3777 2403 προσευ-

2195 2436 2316 2511 χῆς,
2347 2431 2725 2502 αἰχμαλωσίας
2771 2427 3089 2498 ἀνάκλησις,
3138 2426 3309 2496 πυρὸς
3354 2423 3591 2493 φυλακὴ,
3626 2422 3775 2490 λογι-

2196 2526 2351 2597 σμῶν
2380 2524 2699 2591 ἐπίσκοπος,
2736 2521 2938 2585 σκοπὸς
2967 2519 3263 2589 πολεμίων,
3300 2516 3531 2581 πένθους
3563 2515 3775 2585 δεσμω-

2190 2621 2402 2691 τήριον,
2446 2617 2697 2689 δακρύων
2742 2614 2891 2685 φίλη,
2946 2612 3177 2667 θανάτου
3246 2599 3487 2681 μνῆμηξ
3513 2609 3773 2679 ἐργάτης,

2196 2712 2472 2775 κολάσεως
2495 2711 2804 2782 ζωγράφος,
2836 2708 3072 2778 κρίσεως
3103 2703 3374 2775 φιλοπράγ
3387 2720 3522 2772 μων,
3570 2700 3776 2769 ἀδημο-

2197 2810 2315 2873 νίας
2338 2806 2638 2878 ὑπουργὸς,
2668 2799 2982 2874 παρῤησίας
3018 2797 3208 2870 ἔχθρα,
3244 2796 3474 2868 ἡσυχίας
3519 2791 3777 2862 σύζυγος,

2198 2896 2671 2971 φιλοδιδασκαλίας
2740 2888 3068 2953 ἀντίπαλος,
3134 2886 3393 2956 γνώσεως
3455 2883 3776 2956 προσθήκη.

2199 2991 2572 3062 θεωρημάτων
2598 2982 2948 3057 δημιουργὸς,
2978 2980 3192 3049 ἀφανὴς
3224 2976 3495 3048 προκοπὴ,
3522 2974 3780 3047 λεληθυῖα

2200 3082 2488 3146 ἀνάϐασις.
2561 3080 2620 3134 '0
2675 3075 2932 3146 ὲπιγνοῦς
2988 3071 3448 3143 παραπτώματα,
3507 3069 3779 3141 ἐκράτησε

510 3155 717 3226 coniux
751 3154 1008 3229 [comes],
1064 3155 1368 3211 ambitiosm
1417 3154 1682 3210 doctrina!
1724 3165 2092 3226 oppugnator,

2197 3177 2470 3249 γλώσσης·
2528 3174 2557 3226 6
2603 3171 2661 3226 δὲ
2702 3158 2997 3237 πολύλογος
3036 3164 3189 3219 οὔπω
3229 3163 3445 3231 ἐπέγνω
3486 3161 3678 3216 ἑαυτὸν
3708 3159 3782 3224 ὡς

510 3249 757 3305 scientiae
807 3254 1184 3318 augmentum,
1225 3247 1707 3319 contemplationis
1746 3246 2095 3315 informator,

511 3342 760 3398 occultus
799 3342 853 3397 in
886 3342 1184 3398 virtutibus
1216 3338 1374 3413 192
1410 3341 1716 3412 profectus,
1762 3352 1996 3397 arcanus
2042 3340 2097 3396 in

516 3433 688 3489 Deum
724 3448 1009 3489 ascensus.
1057 3432 1163 3501 Qui
1218 3448 1349 3489 suos
1398 3436 1584 3504 lapsus
1627 3435 1893 3504 agnoscit,
1939 3431 2099 3489 facile

512 3541 628 3581 sua:
657 3526 857 3595 lingua:
880 3526 1132 3595 imperat.
1168 3525 1341 3583 Homo
1374 3528 1640 3583 verbosus
1692 3511 1935 3580 no'ndum
1966 3527 2100 3582 satis

514 3620 572 3674 in
608 3620 694 3692 sui
725 3619 1097 3689 cognitionem
1131 3618 1435 3675 descendit.
1469 3618 1767 3674 Studiosus
1791 3619 1990 3673 silentii
2016 3628 2101 3674 est

515 3715 802 3771 familiaris
827 3712 957 3779 Deo,
989 3722 1042 3769 et
1073 3728 1276 3768 arcano
1312 3713 1550 3784 quodam
1585 3714 1763 3777 modo,
1789 3713 1943 3778 dum,
1971 3727 2099 3767 cum

511 3809 608 3864 illo
640 3808 987 3863 familiariter
1024 3808 1381 3878 colloquitur,
1429 3821 1459 3860 a
1492 3804 1599 3861 Deo
1634 3806 1963 3883 illustratur.
2008 3805 2098 3859 Si-

513 3900 741 3955 lentium
800 3900 930 3955 Jesu
971 3898 1201 3955 Pilatum
1246 3899 1313 3955 ad
1366 3899 1723 3955 reverentiam
1773 3900 1894 3968 ejus
1944 3912 2098 3953 com-

512 3989 717 4057 movit;
764 3999 819 4045 et
862 3991 1019 4060 quies
1072 4005 1104 4044 a
1161 4001 1415 4045 sermone
1460 4004 1613 4043 vana:
1641 3987 1857 4060 oglorim
1903 4002 2133 4043 nervos~

513 4083 725 4138 incidit.
760 4082 955 4139 Petrus
982 4085 1194 4154 prolata
1228 4098 1364 4137 voce
1391 4082 1540 4139 ﬂevit
1572 4092 1781 4151 amare,
1810 4085 2102 4138 immemor

512 4174 659 4228 illius
704 4174 799 4246 qui
832 4174 969 4229 dixit
1000 4192 1014 4228 :
1048 4175 1210 4229 Diri:
1232 4174 1548 4229 Custodiam
1579 4176 1693 4228 vias
1723 4191 1888 4243 meas,
1920 4184 1976 4229 ut
1996 4190 2100 4229 non

511 4266 815 4336 delinquant
850 4255 903 4321 in
938 4268 1121 4338 lingua
1166 4284 1279 4321 mea
1307 4268 1389 4333 ⁸³;
1434 4272 1489 4323 et
1513 4261 1861 4339 alterius'qui
1886 4268 2101 4323 censuit

512 4369 776 4427 praestare
822 4375 853 4415 e
904 4360 1125 4415 sublimi
1174 4360 1232 4414 in
1278 4368 1480 4415 terram
1509 4376 1691 4426 ruere,
1722 4377 1886 4432 quam
1916 4360 2100 4433 lingua

2194 3270 2299 3324 δεῖ.
2339 3268 2399 3321 σο
2425 3262 2637 3334 σιωπῆς
2668 3262 2746 3333 ('5)
2774 3260 2925 3331 φίλος
2958 3253 3473 3341 προσεγγίζει
3494 3254 3591 3306 καὶ
3622 3251 3783 3322 λελη-

2199 3359 2370 3421 θὸτως
2409 3353 2713 3425 συνομιλῶν
2748 3350 3042 3419 φωτίζεται
3079 3346 3230 3417 παρά
3275 3338 3369 3399 τοῦ
3403 3342 3562 3398 Θεοῦ.
3607 3341 3784 3414 Ἰησοῦ

2200 3451 2380 3520 σιωπὴ
2409 3446 2664 3519 ἐνέτρεψε
2695 3444 2950 3502 Πιλᾶτον.
2988 3443 3081 3494 καὶ
3118 3438 3310 3509 ἀνδρὸς
3348 3435 3550 3510 ἡσυχία
3599 3434 3785 3507 φωνῆς

2200 3543 2518 3612 κατηργησε
2540 3536 2863 3602 κενοδοξίαν.
2895 3534 3067 3603 Λόγον
3094 3530 3263 3586 εἰπὼν
3287 3530 3489 3611 Πέτρος
3515 3527 3785 3600 ὲθρήνησε

2199 3632 2414 3706 πικρῶς
2447 3631 2840 3702 ἀμνημονήσας
2886 3626 2979 3680 τοῦ
3020 3623 3285 3686 εἰπόντος·
3318 3618 3495 3676 Εἶπαο
3529 3618 3787 3683 Φυλάξω

2198 3728 2308 3795 τὰς
2335 3725 2514 3791 ὁδούς
2536 3742 2655 3795 μου
2684 3721 2792 3778 τοῦ
2819 3719 2906 3791 μὴ
2938 3714 3297 3788 ἁμαρτάνειν
3323 3731 3400 3784 με
3432 3714 3505 3766 ἐν
3528 3710 3786 3782 γλώσσῃ

2193 3839 2336 3891 μου,
2366 3818 2464 3874 καλ⁸
2491 3816 2585 3870 τοῦ
2618 3815 2805 3888 ἑτέρου
2831 3814 3122 3884 φήσαντος,
3164 3808 3427 3879 Κρεῖττον
3462 3804 3650 3859 πεσεῖν
3679 3803 3788 3858 ἀπὸ

2200 3914 2373 3984 ὕψους
2391 3913 2472 3975 είς
2496 3908 2619 3980 γῆν,
2643 3908 2676 3979 ἢ
2713 3905 2821 3961 ἀπὸ
2858 3902 3131 3972 γλώσσης.
3156 3900 3268 3955 Καὶ
3294 3895 3467 3952 πολλά
3507 3894 3639 3968 περὶ
3666 3892 3790 3948 τού-

2197 4023 2307 4060 των
2346 4004 2525 4074 ἐγωγε
2554 4001 2789 4072 γράφειν
2814 3998 2875 4051 οὐ
2910 3995 3192 4067 βούλομαι,
3222 3992 3327 4047 κᾶν
3360 3990 3417 4045 oti
3446 3987 3542 4044 τοῦ
3576 3988 3653 4062 (δ)
3682 4006 3785 4042 πα-

2200 4098 2310 4154 θῶν
2353 4094 2685 4168 πανουργίαι
2737 4091 2892 4145 τοῦτο
2939 4091 3114 4142 ποιεῖν
3154 4084 3599 4158 προτρέπωνται.
3641 4082 3786 4152 Πλὴν

2199 4191 2410 4264 ἤκουσά
2447 4187 2578 4243 ποτέ
2628 4202 2773 4249 τινος
2811 4183 2940 4255 περὶ
2981 4179 3212 4252 ἡσυχίας
3240 4178 3509 4249 στόματος
3548 4175 3686 4249 πρός
3718 4190 3782 4243 με

2199 4279 2706 4354 φιλοπευστοῦντος,
2737 4278 2798 4342 ὃς
2848 4274 3025 4344 ἔλεγε,
3057 4272 3157 4347 τὴν
3202 4270 3302 4341 μὲν
3344 4268 3676 4337 πολυλογίαν
3726 4264 3783 4330 ἐξ

2198 4376 2318 4440 ἑνὸς
2356 4373 2560 4429 τούτων
2587 4368 2871 4426 τίκτεσθαι
2904 4370 3140 4429 πάντως,
3170 4364 3204 4437 ἢ
3229 4362 3290 4428 ἐξ
3314 4361 3663 4433 ἀναστροφῆς
3691 4358 3782 4411 καὶ

517 4454 809 4530 uli'cndere.
845 4454 1008 4510 Plura
1040 4456 1107 4511 de
1142 4456 1226 4511 liis
1258 4458 1476 4514 tradere
1512 4456 1868 4528 supersedeo,
1901 4473 2096 4527 quam-

2202 4464 2492 4537 συνηθείας
2523 4461 2764 4532 πονηρᾶς
2798 4457 2892 4511 καὶ
2923 4453 3217 4528 ἀκρατοῦς
3258 4452 3419 4524 μέλος
3448 4451 3559 4523 γὰρ
3587 4450 3648 4505 δν
3681 4467 3777 4520 φν-

512 4549 599 4605 vis
634 4550 820 4605 multa:
848 4564 935 4605 me
969 4558 1024 4605 et
1056 4550 1321 4620 improba:
1347 4552 1605 4607 vitiorum
1649 4550 1886 4623 strophae
1932 4550 1998 4606 ad
2043 4550 2095 4605 id

2204 4532 2356 4610 σικδν
2385 4556 2419 4626 ἡ
2443 4553 2670 4623 γλῶσσα
2693 4550 2786 4605 τοῦ
2811 4549 3085 4620 σώματος,
3110 4545 3235 4600 καθ’
3257 4545 3285 4598 6
3310 4544 3495 4598 λοιπὸν
3520 4538 3779 4611 παιδευθῇ

513 4646 826 4701 hortentur.
884 4646 1179 4704 Enimvero
1215 4648 1400 4719 accepi
1439 4663 1542 4721 ego
1604 4663 1646 4726 ιι,
1687 4648 1925 4719 quodam
1978 4648 2097 4702 viro

514 4739 620 4799 fide
642 4739 828 4812 digno,
875 4740 989 4810 qui,
1023 4741 1092 4797 de
1122 4740 1498 4796 taciturnitate
1525 4742 1640 4797 oris
1670 4756 1882 4813 mecum
1922 4740 2097 4796 collo-

514 4840 692 4897 cutus,
747 4830 1037 4888 aliirmavit
1087 4834 1473 4905 loquacitatem
1504 4849 1569 4889 ex
1607 4848 1718 4889 uno
1750 4833 1944 4888 horum
1975 4832 2088 4888 fon-

514 4928 649 4980 tium
678 4927 907 4982 omnino
929 4928 1227 4995 exsistere,
1256 4936 1351 4989 aut
1376 4943 1445 4982 ex
1474 4928 1584 4983 vita
1614 4935 1669 4983 et
1702 4926 2099 4983 consuetudine

513 5035 680 5089 prava
710 5028 875 5091 atque
916 5020 1292 5077 incontinente
1335 5018 1559 5091 (lingua
1586 5020 1732 5076 enim
1758 5033 1885 5075 cum
1932 5028 2096 5075 natu-

513 5113 627 5167 rale
656 5101 905 5184 corporis
936 5112 1009 5168 sit
1035 5114 1366 5175 membrum,
1407 5110 1551 5185 quod
1596 5111 1826 5177 didicit,
1876 5113 1979 5167 hoc
2006 5113 2099 5185 (ut

511 5208 814 5279 psittacus)
853 5206 1113 5281 deinceps
1153 5225 1219 5264 ex
1263 5225 1363 5263 usu
1399 5208 1613 5277 garrit),
1658 5217 1755 5263 aut
1793 5207 1850 5262 in
1890 5188 1961 5262 iis
2001 5208 2094 5277 qui

512 5310 861 5367 exercentur,
921 5317 985 5355 ex
1032 5302 1179 5355 inani
1228 5300 1400 5371 g-loria
1439 5299 1831 5370 potissimum;
1879 5307 1965 5353 est
2010 5306 2093 5352 ta-

514 5407 638 5449 men
672 5408 799 5448 cum
843 5409 910 5448 ex
950 5393 1160 5447 ventris
1184 5388 1425 5462 ingluvie
1453 5390 1718 5447 nascitur.
1751 5389 2095 5460 Quapropter

511 5504 622 5544 non
665 5489 824 5559 pauci
857 5504 958 5544 nec
986 5503 1113 5542 raro
1142 5486 1383 5543 coercito
1418 5502 1516 5558 per
1539 5485 1927 5543 abstinentiam
1964 5497 2096 5539 ven-

514 5589 617 5642 tre,
646 5581 698 5635 vi
729 5582 968 5652 quadam
1005 5581 1153 5635 velut
1180 5579 1369 5634 incisis
1396 5580 1580 5635 nerxis
1606 5579 1849 5651 linguam
1874 5588 2095 5651 quoque

513 5677 567 5721 et
598 5669 989 5739 loquacitatem
1023 5668 1367 5736 retuderunt,
1400 5682 1564 5739 atque
1597 5669 1736 5723 intra
1778 5675 1928 5737 septa
1958 5665 2093 5720 den-

585 5826 629 5855 ”
662 5822 805 5879 Psal.
843 5841 1069 5891 xxxviii,
1117 5827 1169 5880 9..

2202 4647 2495 4721 συνήθειαν
2528 4645 2901 4717 ἀπαιτήσειεν,
2936 4640 2971 4713 ἢ
3006 4640 3170 4695 πάλιν
3209 4639 3268 4691 ὲν
3304 4639 3417 4700 τοῖς
3448 4634 3784 4707 ἀγωνιζομέ-

2200 4758 2334 4805 νοις,
2358 4740 2454 4793 καὶ
2492 4737 2727 4808 μάλιστα
2757 4736 2822 4788 ὲκ
2846 4735 2945 4804 τῆς
2984 4730 3312 4795 κενοδοξίας·
3345 4728 3461 4782 ἐστι
3494 4728 3551 4782 δὲ
3577 4728 3670 4783 ὅτε
3691 4724 3785 4780 καὶ

2200 4835 2266 4887 ὲκ
2290 4831 2392 4902 τῆς
2418 4827 2885 4900 γαστριμαργίας.
2917 4824 3118 4895 Διόπερ
3138 4821 3400 4884 πολλάκις
3426 4820 3610 4874 πολλοὶ
3635 4818 3787 4889 χαλι-

2200 4924 2416 4987 νοῦντες
2440 4922 2540 4992 τὴν
2573 4920 2837 4990 γαστέρα,
2863 4918 2954 4989 βία
2980 4916 3085 4971 τινὶ
3114 4914 3210 4968 καὶ
3234 4911 3423 4983 ἀτονίιρ⁴
3445 4908 3786 4975 συγκλείουσι

2206 5018 2302 5074 καὶ
2330 5018 2431 5089 τὴν
2459 5015 2704 5085 γλῶτταν
2761 5006 3375 5083 καὶ-τῆν’πολυιίπειαν.
3423 5004 3484 5057 Ὀ
3519 5002 3788 5073 μεριμνή-

2206 5125 2303 5172 σας
2354 5105 2534 5174 έξόδου
2590 5101 2884 5174 περιέκοψε
2939 5099 3150 5168 λόγους
3201 5096 3299 5151 καὶ
3361 5096 3392 5148 6
3444 5093 3785 5163 κτησάμενος

2204 5198 2402 5262 πένθος
2443 5197 2642 5268 ψυχῆς,
2693 5196 2769 5258 ὡς
2816 5191 2929 5261 πῦρ
2979 5187 3308 5260 ἀπεστράφη
3339 5184 3687 5254 πολυλογίαν.
3726 5181 3786 5233 '(l

2201 5292 2494 5363 ἀγαπήσας
2536 5286 2790 5358 ἡσυχίαν,
2820 5283 3113 5338 ἀπέκλεισε
3144 5280 3339 5351 στόμα,
3392 5280 3421 5331 6
3483 5277 3543 5332 δὲ
3582 5275 3787 5347 χαίρων

2203 5386 2329 5448 ταῖς
2356 5381 2626 5453 προόδοις,
2663 5378 2768 5432 ὑπὸ
2792 5375 2886 5429 τοῦ
2917 5374 3123 5437 πάθους
3151 5374 3219 5426 ἐκ
3244 5371 3344 5442 τῆς
3368 5367 3569 5438 κέλλης
3593 5365 3785 5421 διώκε-

2201 5495 2313 5533 ται.
2348 5475 2410 5530 '0
2442 5473 2603 5544 γνοὺς
2636 5470 2810 5543 ὀσμὴν
2839 5467 3010 5538 πυρὸς
3043 5465 3293 5536 ὑψίστου,
3324 5463 3401 5527 ὡς
3420 5461 3652 5534 μέλισσα
3684 5475 3784 5512 κα-

2204 5569 2355 5635 πνὸν,
2387 5563 2693 5637 ἀνθρώπων
2721 5560 2913 5631 φεύγει
2944 5558 3179 5612 σύνοδον·
3206 5556 3305 5628 τὴν
3350 5557 3449 5626 μὲν
3477 5553 3587 5625 γάρ
3622 5554 3653 5606 6
3689 5568 3775 5604 κα-

2204 5662 2337 5724 πνὸς
2378 5660 2585 5712 διώκει·
2618 5656 2695 5725 τῷ
2738 5653 2791 5706 δὲ
2822 5650 3124 5723 ἀνθρώπων
3160 5648 3379 5712 σύνοδος
3406 5645 3781 5714 ἀντιπράττει-
