4110 6416
659 432 962 489 ΣΧΟΛΙΟΝ
996 432 1107 488 ΕΙΣ
1140 433 1368 489 ΔΟΓΟΝ
1397 435 1490 489 IB'.

839 547 981 617 Περὶ
1017 548 1308 616 ψεύδους.

895 644 1156 710 Σχόλιον
1193 649 1261 697 α’.
1355 661 1364 668 “

352 735 416 790 οι
437 733 806 806 ἀκροώμενοι·
842 733 1050 806 βαθμός
1075 735 1160 797 τίς
1194 735 1312 787 ἐστι
1339 734 1449 788 τῶν
1473 735 1554 797 είς
1581 735 1874 803 μετάνοιαν

291 829 563 901 ἡκόντων,
612 829 663 883 οἶ
697 826 794 882 καὶ
849 827 1275 898 προσκλαίοντες
1316 827 1568 895 λέγονται
1625 827 1728 892 ἔξω
1768 827 1877 881 τῶν

291 923 488 977 πυλῶν
509 920 984 990 ἑκκλησιαστικῶν
1025 920 1327 991 ἱστάμενοι,
1350 921 1442 974 καὶ
1467 919 1556 974 διὰ
1587 921 1878 990 μετανοίας

286 1016 625 1090 εἰλικρινοῦς
662 1014 759 1070 καὶ
797 1013 1031 1077 πένθους
1074 1013 1394 1085 ἀκρωτάτου
1439 1013 1540 1084 τὴν
1578 1012 1877 1084 ἀνάκλησιν

282 1108 699 1181 ἐπιζητοῦντεςο
735 1106 786 1161 οἳ
829 1107 917 1161 διὰ
945 1106 1055 1160 τῶν
1083 1105 1312 1176 γελοίων
1343 1106 1444 1176 τῆς
1473 1104 1686 1177 ἀγαθῆς
1714 1106 1876 1159 ἐκπί-

282 1219 490 1256 πτωσι
525 1201 813 1272 ἐργασίας.

903 1467 1165 1536 Σχόλιον
1201 1467 1271 1538 β’.

359 1561 559 1626 Ὀστις
590 1558 746 1614 λαλεί
801 1558 952 1625 ἄλλο,
987 1559 1083 1613 καὶ
1123 1558 1238 1630 ἔχει
1267 1560 1327 1612 ἐν
1358 1561 1428 1631 τῇ
1465 1558 1664 1632 καρδία
1709 1559 1877 1614 αὐτοῦ

291 1655 427 1710 ἄλλο
475 1655 534 1707 ὲν
580 1651 839 1724 πονηρίᾳ,
881 1653 1033 1705 πᾶσα
1070 1653 1104 1722 ἡ
1137 1651 1450 1723 λειτουργία
1491 1651 1586 1706 τοῦ
1633 1650 1876 1705 τοιούτου

297 1743 524 1817 ματαία.
548 1744 643 1815 Μὴ
661 1742 934 1814 κολληθῇς
957 1759 1066 1797 τινι
1089 1741 1340 1815 τοιούτῳ,
1367 1728 1455 1797 ῐνᾶ
1485 1743 1560 1814 μὴ
1596 1740 1876 1815 σπιλωθῇς

291 1841 361 1894 ὲκ
391 1837 489 1893 τοῦ
527 1834 610 1891 ῐοῦ
643 1833 812 1891 αὐτοῦ
840 1833 936 1889 τοῦ
959 1835 1295 1906 ἀκαθάρτου.
1606 1832 1610 1836 ’

899 2033 1162 2102 Σχὸξλιον
1200 2033 1271 2103 γ’.

389 2125 454 2179 '0
504 2122 820 2196 ὑποκριτὴς,
868 2123 974 2189 ἕως
1017 2123 1118 2194 μὲν
1158 2125 1310 2180 δοκεί
1348 2124 1656 2191 λανθάνειν,
1683 2125 1785 2198 τὴν
1815 2125 1880 2179 ἐκ

309 2215 403 2270 τοῦ
424 2215 604 2269 δοκεῖν
624 2215 822 2279 δίκαιος
840 2214 997 2282 δόξαν
1019 2216 1338 2289 θηρώμενος
1357 2217 1628 2287 φαίνεται’
1661 2215 1880 2270 ἐπειδὰν

305 2306 366 2358 δὲ
390 2305 640 2377 φωραθῇ,
673 2307 1078 2381 θανατηφόρους
1107 2310 1488 2381 ὑπεισέρχεται
1514 2309 1727 2379 λόγους,
1759 2311 1878 2374 ταῖς

301 2397 426 2449 κατ’
446 2395 626 2450 ἄλλων
643 2397 933 2469 λοιδορίαις
949 2398 1042 2471 τὴν
1058 2401 1264 2454 οἰκείαν
1280 2401 1456 2455 δοκῶν
1478 2401 1883 2470 συγκαλῦπτειν

296 2489 714 2562 ἀσχημοσύνηνο
746 2491 806 2544 ὃν
837 2492 1053 2563 ἐχίδνης
1074 2494 1412 2565 γεννήματα,
1437 2492 1515 2558 ώς
1544 2493 1882 2565 παλίμϐολον

293 2583 649 2654 παρεικάσας
677 2586 708 2638 6
734 2583 894 2653 λόγος
924 2585 1108 2652 ἀξίους
1165 2585 1268 2656 τῆς
1311 2585 1601 2657 μετανοίας
1634 2587 1883 2656 καρποὺς

299 2675 639 2747 προσέταξεν
667 2675 820 2748 αὐτῷ
845 2679 1041 2730 ποιεῖν·
1075 2677 1346 2742 τουτέστι,
1375 2677 1511 2750 πρὸς
1534 2678 1664 2741 τοὺς
1696 2695 1884 2746 φαινο-

301 2765 504 2836 μένους
532 2766 772 2835 τρόπους
801 2769 1219 2838 μεταποιεϊσθαι
1245 2768 1347 2840 τὴν
1371 2768 1758 2843 κρυπτομένην
1781 2771 1880 2841 τῆς

297 2859 534 2931 καρδίας
555 2857 814 2914 διάθεσιν.

1287 326 1516 386 SCALA
1550 323 1934 387 PARADISI.
1962 346 2036 360 ·-
2064 326 2372 390 GRADUS
2414 329 2587 389 XIII.

1903 435 1950 491 Α

1903 1794 1948 1851 Β

2335 435 2628 492 SCHOLIA
2654 435 2749 492 AD
2773 434 3066 492 GRADUM
3090 436 3204 492 XII.

2565 553 2640 608 De
2701 554 2999 610 mendacio.

2605 646 2856 702 Scholion
2889 649 2939 704 l.

2052 739 2350 796 Audientes
2378 740 2492 811 (a):
2533 741 2737 812 gradus
2785 749 2872 796 εει
2945 739 3168 810 quidam
3221 756 3410 797 eorum
3468 742 3563 814 qui

1983 829 2050 883 ad
2119 829 2496 898 pmnitentiam
2562 830 2812 897 veniunt,
2867 832 2963 901 qui
3003 840 3058 888 et
3115 833 3563 904 προσκλαίοντες,

1985 921 2086 975 hoc
2150 927 2235 976 est
2285 920 2718 992 allacrymantes,
2758 935 3056 989 vocantur,
3117 933 3172 981 et
3218 935 3373 980 extra
3428 935 3567 980 tem-

1981 1011 2197 1082 piorum
2244 1011 2436 1066 limina
2467 1012 2793 1080 consistunt,
2831 1022 2885 1068 et
2927 1029 3023 1082 per
3056 1015 3326 1071 sinceram
3389 1019 3562 1086 pumi-

1981 1102 2207 1156 tentiam
2251 1112 2666 1172 extremumque
2735 1103 2943 1159 luctum
2994 1115 3206 1174 petunt,
3265 1115 3325 1160 ut
3366 1106 3566 1162 admit-

1982 1201 2170 1248 tantur
2216 1209 2313 1250 seu
2352 1201 2702 1262 revocentur,
2757 1196 2854 1266 qui
2899 1205 3084 1252 tamen
3128 1212 3224 1265 per
3291 1199 3565 1254 levitatem

1982 1299 2139 1341 suam
2168 1294 2226 1340 et
2295 1285 2526 1340 ridicula
2577 1286 2830 1360 quaedam
2897 1285 3041 1343 facta
3069 1287 3143 1358 (b)
3197 1287 3378 1344 fructu
3436 1290 3563 1346 boni

1982 1381 2167 1450 operis
2192 1389 2489 1436 caruerunt
2515 1388 2571 1437 et
2599 1381 2944 1438 exciderunt.

2607 1471 2863 1528 Scholion
2889 1473 2944 1528 2.

2053 1562 2318 1637 Quisquis
2354 1564 2504 1620 aliud
2547 1563 2732 1635 lingua
2786 1573 3121 1636 promptum,
3181 1564 3330 1620 aliud
3403 1565 3568 1621 corde

1983 1664 2231 1720 clausum
2261 1664 2425 1719 habet
2467 1680 2564 1734 per
2611 1664 2901 1730 malitiam,
2953 1664 3118 1734 hujus
3169 1673 3283 1719 tota
3308 1675 3481 1735 pietas
3514 1676 3570 1722 et

1983 1755 2264 1813 servitium
2288 1756 2532 1811 divinum
2579 1765 2676 1811 est
2713 1755 2876 1810 inane
2907 1774 2920 1808 :
2958 1769 3060 1811 nec
3098 1763 3153 1811 te
3178 1755 3305 1811 huic
3332 1756 3428 1811 tali
3463 1773 3568 1811 un-

1986 1864 2152 1922 quam
2176 1848 2494 1915 sociaveris,
2524 1864 2592 1902 ne
2622 1847 2864 1918 impuro
2889 1846 3036 1902 illius
3095 1861 3307 1902 veneno
3356 1847 3568 1904 inlicia-

1985 1943 2087 2000 ris.

2609 2031 2858 2088 Scholion
2916 2033 2971 2088 5.

2057 2123 2355 2199 Hypocrita
2382 2123 2625 2196 quandiu
2653 2124 2872 2194 quidem
2933 2120 3147 2176 videtur
3207 2120 3398 2182 latere,
3453 2120 3570 2191 glo-

1986 2221 2126 2276 riam
2173 2234 2241 2274 ex
2278 2216 2535 2287 opinione
2565 2223 2820 2278 venatus,
2854 2213 3037 2282 iustus
3063 2222 3327 2282 apparet;
3361 2212 3452 2266 ubi
3478 2227 3570 2266 au-

1987 2323 2096 2368 tem
2130 2309 2296 2366 fuerit
2340 2307 2734 2379 deprehensus,
2774 2305 2932 2376 197
2970 2304 3256 2360 virulentis
3306 2311 3361 2357 et
3419 2318 3569 2356 mor-

1989 2403 2166 2459 tiferis
2199 2399 2489 2457 calumniis
2515 2399 2583 2454 de
2613 2397 2736 2453 aliis
2761 2397 3047 2466 inspersis,
3102 2409 3265 2451 suum
3329 2393 3571 2447 dedecus

1987 2505 2042 2552 et
2079 2492 2436 2565 ignominiam
2484 2490 2668 2544 velare
2698 2487 2858 2554 velle,
2886 2488 3016 2542 huic
3081 2485 3250 2542 veluti
3308 2484 3569 2555 genimini

1987 2589 2323 2660 viperarum,
2353 2592 2410 2640 et
2446 2580 2737 2638 veteratori
2764 2579 3022 2651 praecepit
3051 2577 3146 2633 Dei
3193 2577 3444 2641 verbum,
3511 2584 3575 2630 ut

1987 2678 2200 2735 fructus
2231 2675 2426 2746 dignos
2463 2671 2670 2728 faceret
2719 2669 3074 2740 pcenitentiae,
3113 2667 3219 2724 hoc
3250 2675 3354 2731 est,
3391 2675 3446 2720 ut
3478 2680 3574 2719 oc-

1986 2769 2194 2825 cultum
2235 2775 2292 2822 et
2355 2772 2559 2819 tectum
2622 2759 3051 2829 simulatumque
3112 2757 3296 2812 cordis
3349 2771 3574 2813 sensum

1989 2869 2182 2924 mutet,
2210 2869 2265 2915 et
2301 2873 2484 2914 mores
2518 2855 2642 2911 illos
2689 2854 2905 2910 sincere
2949 2852 3145 2908 induat
3183 2859 3240 2910 et
3296 2851 3572 2914 exhibeat,

1865 2948 1874 2955 ’
1987 2969 2128 3025 quos
2162 2960 2322 3008 antea
2357 2952 2668 3008 simularat.

912 3044 1177 3113 Σχόλιον
1228 3043 1296 3098 δ’.

2604 3043 2854 3100 Scholion
2878 3041 2940 3096 4.

368 3133 449 3190 Τὸ
493 3136 722 3206 ἀγαπᾷν
749 3134 852 3208 τὴν
884 3109 1045 3201 δόξαν
1087 3135 1197 3190 τῶν
1252 3134 1558 3208 ἀνθρώπων
1602 3109 1780 3191 τίκτει
1820 3137 1883 3190 τὺ

2056 3137 2398 3194 Mendacium
2434 3138 2578 3208 parit
2637 3135 2993 3192 ambitionem
3055 3132 3244 3206 gloriae
3299 3129 3575 3187 humana.

287 3225 496 3296 ψεῦδος
517 3243 534 3257 ·
565 3227 628 3281 τὸ
654 3227 714 3281 δὲ
751 3227 1051 3300 ἀνατρέψαι
1084 3227 1218 3281 αὐτὸ
1242 3229 1301 3282 ὲν
1334 3227 1685 3293 ταπεινώσει,
1740 3230 1886 3282 ποιεῖ

1988 3233 2323 3290 Mendacium
2358 3242 2539 3290 autem
2575 3248 2671 3303 per
2700 3231 3064 3287 humilitatem
3087 3229 3269 3285 delere
3285 3239 3336 3282 et
3367 3224 3578 3280 exstin-

287 3317 388 3374 τὸν
411 3318 578 3390 φόϐον
614 3319 710 3374 τοῦ
742 3319 881 3374 Θεοῦ
907 3321 1131 3393 μείζονα
1165 3322 1224 3374 ἐν
1255 3323 1323 3393 τῇ
1354 3321 1552 3393 καρδίᾳ
1586 3338 1705 3376 σου.

909 3506 1171 3574 Σχόλιον
1216 3511 1278 3561 ε’.

369 3598 594 3665 Δίδαξον
618 3598 721 3672 τὴν
739 3599 992 3669 γλῶσσάν
1027 3616 1121 3652 σου
1153 3600 1233 3662 εἰς
1266 3598 1394 3662 τοὺς
1413 3598 1609 3668 λόγους
1632 3599 1724 3654 τοῦ
1749 3598 1884 3654 Θεοῦ

297 3693 360 3747 ἒν
393 3691 615 3763 γνώσει,
653 3694 750 3747 καὶ⁵
777 3691 840 3745 τὺ
864 3691 1061 3760 ψεῦδος
1103 3691 1298 3762 φεύγει
1325 3692 1434 3747 ἀπὸ
1455 3693 1572 3748 σοῦ.

847 3869 1108 3937 Σχόλιυν
1150 3867 1326 3924 ἄλλο.

383 3960 545 4015 Κατά
591 3961 689 4032 τὴν
731 3961 998 4033 διαφορὰν
1041 3961 1152 4016 τῶν
1191 3962 1578 4033 ψευδολογιῶν,
1637 3963 1735 4018 καὶ
1777 3963 1888 4017 τῶν

313 4055 605 4129 κριμάτων
647 4057 676 4108 6
705 4055 887 4125 λόγος·
931 4055 966 4128 ἢ
1003 4057 1112 4128 γὰρ
1155 4055 1298 4112 κατά
1352 4057 1566 4129 ἡδονὴν,
1608 4056 1642 4127 ἢ
1675 4055 1890 4110 ἀστειό-

1985 3341 2174 3398 gnere,
2233 3325 2436 3382 excitat
2493 3323 2759 3395 majorem
2821 3323 2880 3380 in
2941 3322 3106 3380 corde
3151 3330 3246 3376 tuo
3327 3317 3578 3373 timorem

1987 3417 2103 3474 Dei.
2563 3455 2567 3460 -

2607 3504 2858 3562 Scholion
2896 3505 2953 3560 5.

2055 3601 2225 3658 Erudi
2279 3600 2525 3672 linguam
2555 3607 2706 3654 tuam
2734 3599 2803 3652 ad
2860 3597 3089 3652 verbum
3122 3594 3218 3650 Dei
3285 3595 3337 3649 in
3390 3593 3583 3664 cogni-

1989 3692 2159 3760 tione,
2197 3701 2250 3748 et
2288 3701 2500 3763 tergum
2538 3699 2714 3748 vertet
2765 3688 3044 3760 fugietque
3095 3684 3194 3740 abs
3255 3692 3309 3738 te
3356 3682 3584 3738 menda-

1988 3785 2158 3840 cium.

2616 3873 2873 3931 Scholion
2901 3871 2957 3926 6.

2061 3969 2168 4024 Pro
2199 3968 2459 4023 varietate
2492 3966 2906 4023 mendaciorum
2968 3971 3025 4019 et
3077 3959 3415 4032 iudiciorum
3480 3973 3583 4011 na-

1988 4061 2164 4116 scitur
2210 4060 2428 4115 oratio:
2463 4067 2558 4114 aut
2590 4059 2735 4114 enim
2804 4067 3026 4128 propter
3085 4053 3418 4121 voluptatem
3485 4057 3585 4104 aut

313 4142 537 4216 τητα,ῆ
583 4143 878 4215 δολιότητα,
924 4146 958 4217 ἢ
1003 4147 1293 4218 ὑπόκρισιν
1339 4147 1550 4216 γίνεται
1587 4147 1784 4212 ψεῦδος

1991 4152 2378 4216 urbanitatem,
2431 4158 2526 4206 aut
2552 4149 2739 4205 dolum
2779 4163 2878 4204 seu
2933 4145 3202 4212 fraudem,
3237 4151 3333 4197 aut
3403 4139 3580 4195 simu-

316 4236 407 4287 ὅτε
439 4235 632 4306 καιρὸς
656 4236 810 4289 καλεῖ
839 4238 984 4310 ὑπὲρ
1017 4240 1293 4308 σωτηρίας
1321 4237 1417 4292 τοῦ
1452 4240 1682 4310 πλησίον
1714 4258 1890 4294 κατα-

1991 4245 2249 4300 lationem
2272 4258 2367 4299 seu
2395 4241 2708 4313 hypocrisin
2731 4241 2790 4294 iit
2813 4237 3184 4301 mendacium,
3199 4241 3428 4289 autcum
3447 4246 3583 4286 usus

306 4328 507 4390 πείσας
551 4328 644 4381 τὸν
683 4329 1020 4400 ἀληθεύοντα
1062 4331 1291 4396 ἀλλάξαι
1331 4332 1364 4403 ἦ
1399 4333 1574 4402 ῥῆμα,
1606 4333 1639 4403 ἢ
1673 4329 1886 4404 ἦθος,ἢ

1991 4337 2160 4408 exigit
2211 4338 2462 4408 [cogente
2513 4335 2774 4403 temporis
2811 4327 3164 4404 necessitate]
3204 4342 3305 4398 pro
3352 4324 3584 4379 alterius

305 4419 568 4472 ὑπόθεσιν
592 4437 606 4451 ³
636 4421 732 4474 καὶ
775 4421 921 4493 ἔχεις
956 4422 1056 4495 τὴν
1095 4424 1289 4490 Ῥαὰϐ,
1317 4424 1410 4478 τὸν
1446 4425 1628 4484 Δαυῒδ,
1655 4425 1749 4478 τὸν
1783 4426 1889 4478 Σα-

309 4512 489 4582 μουήλ
509 4530 523 4543 ’
555 4514 649 4566 καὶ
675 4481 837 4584 λόγον
871 4481 972 4587 μὲν
1007 4481 1291 4585 ἀλλάσσει,
1326 4517 1403 4581 ὡς
1431 4519 1465 4589 ἡ
1517 4481 1689 4571 Ῥααϐ
1712 4533 1726 4545 ⁸
1757 4513 1890 4588 ἦθος
1919 4481 1965 4537 D

303 4603 388 4668 δὲ,
413 4603 490 4667 ώς
514 4607 543 4657 6
574 4607 774 4660 Δαυῒδο
809 4609 1067 4665 ὑπόθεσιν
1095 4610 1153 4665 δὲ
1193 4611 1271 4675 ὡς
1311 4611 1342 4664 6
1369 4610 1624 4684 Σαμουὴλ
1667 4613 1762 4668 ἐπὶ
1820 4613 1889 4683 τῇ

303 4693 492 4768 χρίσει
530 4699 623 4752 τοῦ
650 4701 839 4756 Δαυῖδ.

919 5036 1145 5094 ΛΟΓΟΣ
1187 5037 1289 5094 11".

865 5151 1010 5221 Περὶ
1057 5152 1331 5221 ἀκηδίας.

385 5255 479 5323 Εἷς
507 5261 605 5314 καὶ
636 5255 790 5327 οὗτος
831 5264 1094 5330 πολλάκις
1125 5267 1236 5320 τῶν
1272 5267 1372 5337 τῆς
1399 5268 1730 5336 πολυλογίας
1759 5270 1894 5325 κλά-

299 5349 439 5414 δων,
476 5351 553 5415 ὡς
592 5353 688 5407 καὶ
717 5355 820 5427 ἥδη
852 5356 1160 5425 φθάσαντες
1173 5357 1428 5432 εἴπομεν,
1451 5361 1591 5428 ἐστὶ,
1613 5363 1710 5417 καὶ
1733 5363 1891 5433 πρῶ-

303 5457 405 5505 τος
442 5442 731 5511 ἀπόγονος,
770 5445 917 5516 λέγω
956 5446 1022 5519 δὴ
1053 5450 1083 5502 6
1113 5450 1211 5521 τῆς
1245 5450 1500 5520 ἀκηδίας.
1545 5454 1637 5508 Διὸ
1671 5455 1765 5508 καὶ
1792 5457 1895 5526 ἁρ-

389 5637 468 5720 (_a)
500 5642 801 5723 Audientes
831 5657 989 5705 erant
1027 5651 1424 5716 catechumcui,
1458 5662 1513 5707 et
1562 5657 1889 5723 pmuitentcs

307 5711 555 5790 qui_post
576 5717 1003 5790 catechumenos
1034 5711 1427 5780 consistebant.
1452 5711 1584 5781 vmé
1608 5726 1730 5782 Bar.
1755 5737 1792 5782 t.
1827 5726 1886 5790 Il,

310 5792 372 5848 ρ.
405 5779 497 5846 52,
523 5793 578 5838 ει
608 5784 671 5839 III
697 5795 752 5841 et
783 5787 871 5844 IV.

1995 4431 2195 4494 salute,
2227 4431 2448 4500 quando
2477 4427 2690 4482 inducit
2721 4440 2848 4480 vera
2888 4425 3159 4480 dicentem
3180 4430 3242 4474 ut
3269 4426 3444 4473 mutet
3463 4432 3586 4470 ver-

1995 4525 2147 4589 bum,
2199 4531 2295 4578 aut
2332 4521 2577 4576 habitum
2608 4519 2722 4575 oris
2764 4527 2820 4574 et
2854 4515 3123 4587 corporis,
3160 4519 3257 4568 aut
3288 4523 3584 4580 argumen-
3640 4545 3652 4554 .

1994 4625 2110 4668 tum
2165 4613 2266 4668 rei.
2325 4611 2393 4666 Et
2429 4611 2598 4667 habes
2658 4607 2968 4677 exemplum
3043 4602 3268 4664 Raabte,
3340 4597 3582 4661 Davidis,

1997 4705 2311 4761 Samuelis:
2348 4705 2576 4759 verbum
2615 4703 2792 4755 variat
2855 4707 2914 4752 ut
2977 4695 3161 4759 Raab;
3223 4692 3468 4748 habitum
3526 4697 3588 4743 ut

1995 4771 2637 4866 Davidifargumentum
2670 4802 2727 4848 et
2759 4806 2983 4846 causam
3035 4796 3095 4842 ut
3121 4785 3341 4841 Samuel
3387 4793 3586 4836 unctu-

1997 4908 2094 4949 rus
2138 4889 2396 4946 Daviclem
2419 4892 2474 4944 in
2497 4901 2703 4957 regem.

2563 5034 2845 5094 GRADUS
2874 5032 3018 5089 XIII.

2485 5153 2563 5207 De
2589 5151 2747 5210 ttedio
2773 5167 2866 5205 seu
2890 5149 3098 5205 acedia.

2069 5269 2140 5325 Et
2183 5268 2276 5324 hic
2315 5265 2572 5322 surculus
2599 5279 2747 5319 unus
2791 5272 2878 5318 est
2911 5277 2979 5318 ex
3017 5256 3389 5329 loquacitatis,
3419 5251 3587 5308 ramis

2001 5363 2086 5419 uti
2118 5374 2288 5431 supra
2320 5358 2632 5423 docuimus,
2655 5367 2710 5413 et
2734 5371 2800 5412 ex
2829 5354 3117 5425 nepotibus
3144 5350 3376 5422 primus,
3400 5346 3585 5402 acellia

2003 5457 2248 5527 inquam.
2282 5451 2518 5507 Proinde
2569 5448 2982 5506 convenientem
3013 5445 3090 5500 illi
3139 5445 3319 5498 locum
3375 5440 3428 5494 in
3485 5437 3587 5491 im-

2068 5656 2145 5725 (b)
2171 5654 2560 5710 Pmnitentium
2594 5651 2927 5725 irrisionem.
2951 5648 3304 5725 Ap__riscruut
3325 5644 3501 5725 ritus?
3517 5658 3585 5725 an

2000 5718 2378 5797 ptenitentiam
2441 5723 2812 5797 simularunt,
2870 5730 2930 5797 ιιι
2981 5720 3261 5774 Climacus
3314 5718 3471 5780 dicit,
3534 5723 3591 5768 et

1999 5791 2231 5852 aliorum
2271 5797 2543 5864 lacrymas
2570 5791 2913 5847 deriserunt?
