4042 6480
403 357 513 423 863

1669 363 1728 424 S.
1753 364 2076 429 IOANNIS
2103 366 2413 429 CLIMACI

3573 365 3680 430 864

406 470 534 537 tior,
566 469 695 526 dum
737 483 891 525 mens
942 468 998 524 in
1030 469 1488 540 contemplatione
1526 479 1582 525 et
1631 471 1988 528 meditatione
2019 522 2030 538 ,

2132 474 2224 528 οὖν
2281 471 2778 547 προσασχολείσθαι
2833 474 2898 545 τῇ
2933 469 3139 546 θεωρίᾳ
3184 472 3279 526 καὶ
3326 472 3527 545 μελέτῃ
3572 475 3682 528 τῶν

411 559 723 616 futurorum
772 559 1038 615 bonorum
1093 570 1412 630 occupatur.
1471 559 1601 617 inde
1650 563 1796 618 enim
1837 579 1995 620 mens

2101 566 2576 638 προσδοκωμένων
2597 581 2611 596 ο
2637 564 2851 618 ἐκεῖθεν
2873 564 2983 636 γὰρ
3009 566 3360 637 πιαινόμενος
3380 569 3408 620 ὁ
3439 565 3564 630 νοῦς
3591 583 3687 634 με-

412 652 666 723 saginata
713 651 859 706 vires
895 659 1178 706 mutuatur
1221 658 1278 706 et
1304 651 1493 718 sumit,
1539 654 1997 724 quemadmodum

2132 657 2438 728 αλαμϐάνει
2472 656 2660 725 ἰσχὺν,
2703 653 2954 725 καθάπερ
3004 654 3099 708 καὶ
3147 655 3211 708 τὸ
3248 654 3412 744 σῶμα
3437 655 3545 708 ὑπὸ
3577 654 3687 708 τῶν

408 759 614 815 corpus
655 759 688 800 e
717 743 858 800 cibis
885 742 1286 814 corporalibus.

1026 833 1278 890 Scholion
1317 837 1370 892 4.

484 926 547 983 Si
598 926 806 982 ardenti
871 925 1035 981 corde
1087 936 1355 999 praecepta
1393 926 1630 1008 Domini
1662 929 1960 985 revolveris
1983 970 1999 994 ,

414 1017 818 1073 animadvertes
859 1016 953 1087 qui
984 1025 1041 1074 te
1075 1019 1416 1087 perturbant,
1467 1035 1576 1090 qua
1608 1035 1675 1076 ex
1731 1037 1896 1078 causa
1949 1021 2004 1077 id

415 1108 644 1174 faciant,
683 1122 781 1179 per
829 1108 1214 1180 negligentiam
1247 1119 1300 1166 te
1333 1110 1684 1178 adducentes,
1721 1120 1782 1167 ut
1822 1112 2003 1168 locum

413 1200 548 1254 vitio
573 1208 848 1255 carentem
869 1199 1194 1272 deligamus,
1218 1210 1273 1258 et
1301 1211 1485 1258 tamen
1510 1218 1638 1258 mox
1661 1204 2006 1275 paenitudine

415 1291 567 1346 ducti
616 1291 943 1348 residemus.
985 1291 1318 1349 Perturbant
1348 1294 1495 1350 enim
1540 1303 1811 1360 mentem,
1844 1303 1906 1350 ut
1948 1296 2006 1350 in

419 1381 732 1450 superbiam
762 1381 903 1436 elata
927 1381 1038 1438 otio
1075 1397 1135 1438 se
1167 1383 1366 1452 dedat;
1396 1385 1490 1442 sed
1523 1385 1618 1456 qui
1648 1385 1890 1443 hostium
1920 1401 2008 1441 ar-

418 1478 504 1527 tes
523 1478 579 1526 et
596 1471 1002 1542 improbitatem
1021 1482 1248 1540 norunt,
1275 1475 1656 1547 imperturbati
1683 1478 2005 1548 persistunt,

420 1566 480 1614 et
504 1559 711 1631 gratias
761 1559 872 1617 Deo
926 1563 1312 1632 meminerunt,
1343 1567 1490 1636 quod
1523 1567 1658 1638 ipsis
1689 1567 2006 1637 patientiam

423 1650 657 1722 largitus
683 1651 774 1717 sit,
816 1661 879 1708 ut
912 1653 1020 1708 vim
1058 1654 1302 1712 hostium
1344 1659 1721 1714 sustinerent:
1750 1657 2011 1726 patientia

423 1742 575 1798 enim
603 1750 658 1798 et
687 1757 1046 1812 perseverans
1077 1747 1247 1802 animi
1279 1749 1541 1827 \aquitas,
1588 1757 1644 1805 et
1669 1749 1910 1804 Charitas
1952 1749 2006 1804 in

2100 746 2381 818 ἐδωδίμων
2416 746 2510 800 καὶ
2541 743 2821 815 αἰσθητῶν
2846 743 3177 814 βρωμάτων.

2702 837 2967 905 Σχόλιον
3019 834 3082 889 δ’.

2183 932 2312 987 Ἕάν
2359 931 2633 1003 μεριμνᾷς
2668 927 2799 999 περὶ
2827 927 2940 980 τῶν
2981 925 3212 980 ἐντολῶν
3244 926 3302 979 ἐν
3333 922 3528 996 ζεούσῃ
3553 942 3690 996 καρ·

2101 1023 2214 1094 δίᾳ,
2268 1021 2629 1092 κατανοήσεις
2676 1019 2804 1081 τοὺς
2862 1017 3236 1086 ταράσσοντας
3275 1019 3340 1069 ἐκ
3396 1016 3556 1080 ποίας
3627 1033 3690 1070 σε

2106 1113 2436 1186 προφάσεως
2468 1109 2790 1185 θορυϐοῦσιν
2809 1126 2825 1140 ο
2850 1108 3116 1180 ὀλιγωρίᾳ
3143 1106 3513 1177 ἀποφέροντες
3538 1106 3692 1161 ἐκλέ-

2107 1203 2302 1270 ξασθαι
2342 1203 2509 1256 τόπον
2549 1201 2733 1265 αίτίας
2767 1199 2842 1271 μὴ
2876 1198 3094 1269 ἔχοντα,
3127 1199 3222 1252 καὶ
3257 1197 3422 1251 πάλιν
3453 1215 3695 1268 μεταμε-

2105 1295 2326 1367 λόμενοι
2353 1294 2681 1367 καθήμεθα·
2713 1292 3051 1365 ταράσσουσι
3097 1291 3207 1362 γάρ
3241 1290 3334 1344 τὸν
3365 1289 3512 1355 νοῦν,
3546 1291 3694 1355 ὅπως

2106 1387 2333 1459 γένηται
2366 1386 2642 1458 μετέωρος
2681 1384 2775 1439 καὶ
2811 1383 3002 1456 ἀργός.
3054 1382 3203 1438 Οἱδέ
3232 1382 3554 1451 ἐπιγνόντες
3595 1383 3694 1454 τὴν

2109 1477 2446 1550 κακουργίαν
2471 1477 2654 1532 αὐτῶν
2685 1478 2950 1550 άτάραχοι
2989 1475 3266 1548 μένουσιν,
3307 1474 3697 1547 εὐχαριστοῦν-

2121 1587 2213 1634 τες
2243 1570 2322 1640 τῷ
2353 1569 2545 1641 Κυρίῳ
2577 1571 2636 1624 ἐν
2677 1563 2721 1638 ᾧ
2747 1569 3038 1640 ὑπομεῖναι
3062 1567 3260 1620 ἔδωκεν
3291 1566 3495 1631 αὐτοῖς·
3532 1567 3696 1637 ήγάρ

2111 1660 2379 1733 ὑπομονὴ,
2417 1662 2512 1716 καὶ
2551 1662 2584 1732 ἡ
2619 1660 2996 1732 μακροθυμία,
3037 1659 3134 1713 καὶ
3173 1657 3425 1730 ήάγάπη
3464 1658 3558 1711 ἐπὶ
3585 1660 3697 1721 tot;

2112 1754 2302 1818 κόποις
2347 1753 2444 1809 καὶ
2495 1753 2720 1825 μόχθοις
2775 1753 3133 1824 εὐχαριστεῖ·
3169 1751 3203 1822 ή
3242 1749 3300 1803 δὲ
3337 1748 3555 1820 ἀκηδία,
3601 1749 3696 1801 καὶ

427 1835 710 1890 laboribus
737 1844 794 1891 et
816 1838 1096 1904 erumnis,
1123 1847 1279 1908 grata
1325 1840 1443 1910 ipsa
1477 1841 1683 1912 gratias
1716 1840 1829 1896 Deo
1874 1841 2006 1912 agit.

2132 1850 2144 1917 ι
2172 1845 2460 1916 ὀλιγωρία,
2493 1845 2587 1899 καὶ
2635 1845 2698 1899 τὸ
2734 1846 3025 1914 ἀγαπῆσαι
3062 1843 3164 1915 τὴν
3198 1842 3533 1904 ἀνάπαυσιν,
3562 1842 3622 1894 ἐν

430 1927 630 1984 Aoedia
656 1941 788 1982 vero
829 1935 885 1983 et
921 1928 1249 2000 negligentia
1290 1938 1348 1986 et
1386 1931 1586 2002 quietis
1623 1947 1780 1988 amor
1831 1933 2014 1988 locum

2132 1939 2432 2005 ἰοξάζονται
2470 1935 2698 2009 ζητοῦσι
2743 1937 2910 1991 τόπον
2935 1954 2949 1967 ·
2979 1937 3046 1990 ἐκ
3079 1935 3184 2006 τῆς
3219 1933 3332 1988 τῶν
3367 1932 3581 1988 πολλῶν
3615 1932 3694 1986 δό-

429 2027 683 2091 quaarunt
715 2018 807 2073 ubi
851 2017 1146 2075 laudentur
1196 2029 1252 2076 et
1282 2021 1630 2078 celebrentur
1661 2042 1676 2078 :
1708 2039 1775 2078 ex
1815 2024 2016 2080 multo-

2132 2033 2216 2103 Ξης
2275 2029 2660 2098 ὲξασθενοῢσιν
2703 2030 2759 2083 αί
2806 2028 3090 2099 αἰσθήσεις
3118 2043 3132 2056 ·
3162 2029 3258 2080 καὶ
3306 2024 3624 2094 ἀναγκαίως
3664 2025 3696 2094 ή

431 2125 552 2164 rum
581 2110 727 2165 enim
751 2109 910 2165 laude
938 2120 992 2165 et
1019 2110 1190 2184 gloria
1213 2126 1410 2169 sensus
1435 2111 1655 2168 illorum
1692 2112 2014 2183 aegrescunt,

2132 2122 2469 2194 ιίχμαλωσία
2496 2121 2605 2176 τῶν
2639 2119 2830 2175 παθῶν
2875 2117 3338 2175 καταδυναστεύει
3370 2117 3573 2182 αὐτῶν,
3606 2119 3698 2171 καλ⁸

431 2213 488 2258 et
525 2203 744 2258 demum
801 2201 1120 2260 necessario
1156 2218 1189 2260 a
1227 2204 1542 2262 victricibus
1579 2207 1932 2275 passionibus
1965 2217 2022 2262 et

2132 2214 2381 2271 ἱπόλλυσι
2404 2214 2503 2285 τὴν
2545 2213 2872 2284 ἐγκράτειαν
2901 2211 3009 2284 τὴν
3049 2211 3301 2284 κρυπτὴν
3326 2207 3415 2264 διά
3451 2207 3553 2262 τοῦ
3575 2225 3698 2280 μετ-

431 2295 583 2351 vitiis
612 2295 809 2365 captivi
861 2294 1175 2364 trahuntur,
1229 2298 1570 2370 perduntque
1603 2301 1875 2356 occultam
1917 2301 2020 2357 ab-

432 2385 746 2443 stinentiam
895 2387 1209 2458 superbiam
1249 2397 1304 2446 et
1331 2369 1663 2448 satietatem.

949 2479 1114 2550 202
1149 2479 1400 2537 Scholion
1435 2482 1491 2538 5.

503 2566 732 2640 Egregia
776 2577 834 2626 et
880 2579 1030 2627 certa
1069 2587 1198 2644 erga
1233 2570 1406 2629 Deum
1457 2574 1614 2641 ﬁdes,
1669 2591 1795 2648 spes
1831 2575 2024 2648 acqui-

433 2661 596 2718 rendi
629 2662 846 2720 divinas
879 2663 1276 2735 promissiones
1303 2705 1318 2732 ,
1373 2673 1430 2722 et
1486 2666 1728 2739 perfecta
1785 2668 2028 2725 charitas

432 2755 776 2812 abstinentiae
812 2765 1090 2814 consuetae
1147 2757 1377 2828 juncta,
1447 2761 1749 2816 orationem
1805 2761 2030 2832 pariunt

432 2865 652 2920 semper
690 2849 958 2905 intentam
987 2857 1044 2905 et
1093 2865 1371 2921 nusquam
1408 2861 1756 2923 evagantem.

1009 3045 1296 3103 GRADUS
1354 3048 1495 3104 XIV.

480 3159 558 3214 De
591 3167 748 3230 grato
777 3157 1056 3228 omnibus,
1083 3159 1176 3216 sed
1200 3160 1346 3216 mala
1372 3162 1569 3218 ventris
1600 3161 1819 3219 domina
1843 3164 1994 3236 gula.

516 3338 593 3394 De
621 3339 747 3411 gula
789 3339 1015 3408 dicturi,
1048 3341 1096 3397 si
1123 3357 1368 3413 unquam
1394 3342 1555 3412 alias,
1597 3359 1746 3401 nunc
1794 3344 2035 3400 maxime

443 3440 640 3489 contra
674 3447 775 3488 nos
809 3432 962 3502 ipsos
994 3433 1370 3504 philosOphari
1411 3435 1728 3492 statuimus.
1781 3435 2034 3491 Miraculi

449 3525 599 3580 enim
625 3524 748 3581 loco
777 3525 940 3593 duco,
971 3526 1018 3582 si
1052 3527 1177 3598 quis
1206 3539 1332 3583 ante
1353 3539 1584 3583 mortem
1623 3539 1678 3584 et
1717 3530 2033 3599 sepulcrum

443 3617 515 3674 ab
549 3617 652 3672 hac
692 3617 917 3674 domina
984 3633 1044 3673 se
1077 3618 1133 3672 in
1193 3619 1499 3676 libertatem
1538 3621 1851 3678 vindicavit.
1897 3620 2035 3677 Gula

449 3718 536 3765 est
562 3708 866 3780 hypocrisis
896 3709 1124 3775 ventris,
1156 3711 1249 3780 qui
1275 3719 1430 3767 satur
1457 3720 1708 3767 saturum
1757 3723 1945 3767 tamen.
1977 3726 2040 3767 se

448 3808 629 3872 negat,
677 3809 733 3857 et
778 3799 1048 3858 distentus
1080 3801 1368 3873 {artusque
1392 3812 1446 3858 et
1478 3819 1649 3874 prope
1679 3813 1896 3875 ruptus,
1927 3805 2040 3861 cla-

449 3901 564 3948 mat
607 3899 791 3948 tamen
835 3891 1016 3949 adhuc
1073 3909 1132 3950 se
1177 3896 1410 3952 esurire.
1467 3895 1605 3951 Gula
1665 3906 1749 3953 est
1793 3906 2039 3968 repertor

443 3983 946 4052 condimentorum,
980 3985 1105 4042 fons
1134 3987 1454 4044 deliciarum
1479 4026 1496 4052 ,
1527 4003 1721 4042 venam
1751 3987 2037 4060 (libidinis)

448 4075 740 4143 hebetasti,
769 4077 989 4136 aliunde
1020 4079 1140 4150 (per
1173 4079 1380 4151 gulam)
1408 4093 1470 4136 se
1504 4081 1747 4146 exserit;
1777 4080 1920 4136 hanc
1943 4095 2038 4136 oc-

452 4166 660 4236 cidisti,
708 4168 879 4224 altera
923 4170 1101 4224 victus
1132 4185 1214 4226 es.
1249 4169 1388 4226 Gula
1439 4180 1524 4226 est
1574 4171 1855 4226 oculorum
1895 4170 2040 4226 ludi-

451 4258 654 4326 brium,
679 4276 801 4331 quae
823 4261 1192 4318 mediocribus
1220 4264 1464 4334 acceptis
1493 4263 1697 4335 [sobrie
1720 4263 1899 4337 pasta]
1923 4279 2042 4319 om-

455 4347 546 4403 nia
575 4350 740 4406 simul
767 4353 1138 4409 exhaurienda
1181 4362 1356 4424 putat.
1402 4352 1638 4410 Satietas
1663 4355 2040 4420 ciborum,est

452 4460 648 4517 parens
671 4444 918 4501 libidinis
947 4464 961 4499 :
985 4446 1192 4502 ventris
1213 4447 1432 4502 aﬂlictio
1454 4457 1538 4503 est
1565 4449 1834 4521 castitatis
1853 4449 2036 4504 conci-

453 4537 656 4592 liatrix.
708 4536 945 4593 Leonem
992 4538 1400 4594 mansuetarius
1449 4539 1836 4607 permulcendo
1895 4555 2039 4609 saepe

453 4630 760 4698 cicuravit;
823 4629 918 4700 qui
963 4629 1241 4686 blanditus
1293 4639 1380 4686 est
1430 4632 1670 4700 corpori,
1727 4631 1859 4686 illud
1900 4648 2042 4702 saepe

456 4723 633 4796 magis
657 4723 869 4780 eﬂ'erat.
903 4720 1125 4779 Judaeus
1153 4723 1354 4794 gaudet
1395 4721 1634 4779 Sabbato
1661 4733 1716 4779 et
1743 4725 1830 4778 die
1858 4725 1999 4781 festo
2026 4745 2038 4781 :

457 4817 764 4873 monachus
786 4815 1014 4886 gulosus
1052 4813 1292 4871 Sabbato
1320 4825 1377 4871 et
1430 4815 1738 4872 Dominico.
1781 4817 1907 4874 Dies
1937 4835 2045 4874 nu-

458 4917 636 4965 merat
671 4917 800 4963 ante
847 4905 1082 4974 Pascha,
1143 4917 1196 4962 et
1237 4918 1364 4964 ante
1393 4919 1609 4979 tempus
1656 4911 1835 4966 edulia
1865 4919 2039 4980 parat.

463 4999 800 5071 Mancipinm
831 4997 1042 5054 ventris
1065 4997 1290 5070 cogitat,
1316 4999 1519 5070 quibus
1548 5000 1796 5056 ciborum
1833 5001 2043 5057 deliciis

461 5092 596 5148 velit
648 5092 793 5148 diem
847 5088 1043 5146 festum
1092 5091 1310 5158 exigere
1357 5108 1372 5147 :
1432 5090 1671 5147 famulus
1723 5092 1854 5158 Dei,
1907 5108 2044 5164 quas

461 5185 764 5256 gratiarum
816 5182 1124 5240 caelestium
1173 5197 1305 5252 opes
1357 5181 1463 5238 sibi
1515 5182 1646 5239 velit
1697 5199 2040 5253 comparare.

461 5277 624 5348 203
655 5273 951 5345 Peregrina
984 5274 1171 5345 aliquo
1203 5274 1524 5331 adveniente
1562 5277 1779 5332 totusin
1803 5277 2046 5333 charita-

463 5379 572 5424 tem
599 5383 666 5424 ex
689 5370 814 5440 gula
837 5365 1154 5426 eﬂ'unditur.
1184 5376 1238 5421 et
1266 5381 1424 5422 suam
1457 5368 1735 5424 licentiam
1761 5369 2031 5438 interpre-

467 5469 614 5513 tatur
644 5458 871 5514 alterius
909 5457 1360 5513 consolationem.
1387 5458 1446 5512 ln
1472 5459 1748 5529 hospitum
1802 5473 2042 5528 praesen—

465 5552 540 5604 tia
577 5559 730 5619 putat
764 5549 867 5605 sibi
901 5549 1088 5604 vinum
1123 5549 1407 5607 libandum
1441 5570 1456 5607 :
1484 5552 1578 5606 sed
1619 5551 1751 5605 dum
1783 5551 2039 5604 virtutem

470 5644 843 5712 temperantiae
883 5643 1096 5700 videtur
1134 5643 1272 5699 velle
1299 5645 1585 5708 occulere,
1612 5641 2044 5713 intemperantiae

469 5735 804 5806 mancipium
851 5735 1030 5792 iactus
1053 5745 1156 5792 est.
1183 5735 1334 5792 Vana
1363 5737 1535 5807 gloria
1570 5745 1625 5790 et
1649 5737 1774 5805 gula
1809 5736 2044 5792 subinde

468 5825 611 5882 inter
645 5842 704 5882 se
728 5827 1042 5886 inimicitias
1069 5837 1346 5900 exercent,
1380 5839 1434 5885 et
1472 5829 1538 5885 de
1592 5827 1797 5885 infelici
1857 5845 2045 5886 mona-

2062 3236 2107 3296 ο

2124 2307 2399 2380 εωρισμοῦ
2428 2308 2524 2361 καὶ
2547 2305 2642 2361 τοῦ
2691 2306 2876 2379 κόρου.

2722 2481 2985 2551 Σχόλιον
3011 2476 3076 2534 ε’.

2191 2570 2383 2635 Πίστις
2423 2569 2561 2640 πρὸς
2586 2568 2720 2624 Θεδν
2749 2567 3009 2639 ἐναργὴς,
3043 2567 3139 2622 καὶ
3172 2567 3206 2640 ή
3238 2567 3376 2638 πρὸς
3399 2565 3501 2638 τῆν
3529 2567 3697 2636 ἐπαγ-

2125 2661 2313 2731 γελίαν
2344 2660 2523 2725 ἐλπὶς,
2556 2658 2652 2713 καὶ
2684 2658 2719 2730 ἡ
2746 2657 2931 2712 τελεία
2982 2656 3171 2728 ἀγάπη
3201 2657 3511 2729 προσευχήν
3535 2657 3700 2728 ἀρέμ-

2125 2751 2326 2805 ϐαστον
2356 2750 2712 2805 ἀποτίκτουσι
2749 2750 2816 2820 τῇ
2859 2749 3182 2821 περιεκτικῇ
3229 2747 3530 2819 ἐγκρατείᾳ
3561 2746 3701 2801 ἐνού-

2128 2861 2311 2915 μεναι.

2740 3047 2962 3102 ΛΟΓΟΣ
3004 3047 3104 3100 ῙΔ’.

2204 3157 2345 3228 Περὶ
2380 3157 2494 3229 τῆς
2534 3160 2850 3230 παμφίλου
2919 3159 3022 3214 καὶ
3069 3158 3406 3228 δεσποίνης
3447 3158 3713 3229 xor-m6:

2773 3251 3059 3321 γαστρός.

2207 3339 2511 3404 Μέλλοντες
2538 3339 2668 3411 περὶ
2699 3340 2940 3411 γαστρὸς
2983 3340 3164 3410 λέγειν
3195 3340 3272 3405 ὡς
3316 3341 3374 3394 ὲν
3399 3340 3598 3405 ἅπασι,
3625 3337 3717 3394 νῦν

2139 3429 2300 3484 πλέον
2333 3429 2457 3485 καθ’
2476 3430 2686 3485 ἑαυτῶν
2732 3430 3043 3501 φιλοσοφεῖν
3072 3431 3418 3502 προεθέμεθα
3449 3433 3548 3502 (l).
3576 3431 3715 3500 Θαυτ

2141 3521 2298 3590 μάξω
2327 3521 2437 3594 γὰρ
2463 3524 2512 3576 εἰ
2565 3505 2733 3594 μήτις
2783 3525 2954 3594 τάφον
2985 3526 3238 3594 οἰκήσας,
3271 3523 3491 3592 ἐγένετο
3520 3522 3717 3594 ταύτης

2137 3613 2444 3686 ἐλεύθερος.
2462 3615 2888 3688 Γαστριμαργία
2905 3617 3054 3670 ἐστὶν
3070 3616 3279 3681 κοιλίας
3303 3616 3594 3687 ὑπόκρισις
3612 3617 3683 3687 (2)
3703 3631 3718 3646 ·

2138 3707 2516 3780 κεκορεσμένη
2556 3707 2664 3779 γὰρ
2701 3703 2840 3762 οὖσα
2875 3706 3086 3763 ἔνδειαν
3133 3708 3365 3780 ἀναϐοᾷ,
3412 3709 3508 3762 καὶ
3555 3724 3718 3776 πεφο-

2142 3803 2354 3876 ρημένη
2387 3803 2485 3856 καὶ
2515 3805 2834 3876 ῥηγνυμένη
2875 3805 3069 3874 πεινᾷν
3107 3803 3432 3876 άνακράζει.
3491 3805 3720 3874 Γαστρι-

2141 3895 2357 3966 μαργία
2389 3895 2538 3949 ἐστὶν
2582 3896 2882 3969 καρυκείας
2919 3895 3278 3968 δημιουργὸς,
3307 3896 3589 3968 ήδυτήτων
3615 3912 3719 3966 πη-

2138 3993 2251 4065 γή·
2298 3993 2660 4067 κατήργησας
2695 3994 2796 4062 τὴν
2840 3991 3038 4062 φλέϐα,
3087 3992 3183 4046 καὶ
3209 3991 3432 4045 ἄλλοθεν
3454 3991 3716 4062 ἀνέκυψε·

2138 4083 2238 4137 καὶ
2289 4081 2497 4155 ταύτην
2549 4082 2894 4152 ἀποσφάξας,
2943 4082 3108 4152 ἐτέρᾳ
3164 4080 3430 4152 ἡττήθης.
3499 4083 3724 4153 Γαστριρ

2143 4173 2354 4248 μαργία
2412 4175 2564 4230 ἐστὶν
2618 4174 2918 4246 ὀφθαλμῶν
2965 4174 3188 4246 ἀπάτη·
3224 4175 3425 4246 μέτρια
3465 4174 3720 4244 δεχομένη

2139 4265 2269 4320 τάδε
2318 4266 2615 4337 σύμπαντα
2659 4264 2988 4320 καταπίνειν
3032 4264 3168 4334 ὑφὲν
3193 4264 3559 4335 ὑποτιθεμένη
3588 4283 3601 4296 ·
3634 4266 3721 4316 κὸ-

2144 4375 2236 4429 ρος
2269 4357 2576 4430 βρωμάτων
2607 4357 2708 4427 (ὅ),
2737 4356 2998 4428 πορνείας
3043 4356 3224 4428 πατήρ
3250 4373 3262 4388 ·
3302 4355 3485 4425 θλίψις
3523 4356 3582 4410 δὲ
3612 4373 3719 4410 κοι-

2139 4447 2280 4514 λίας,
2305 4449 2528 4516 ἁγνείας
2547 4447 2827 4518 πρόξενος.
2857 4449 3064 4501 Λέοντα
3092 4448 3119 4499 ό
3139 4447 3500 4510 κολακεύσας,
3530 4446 3718 4500 πολλά-

2075 4579 2117 4633 D
2142 4541 2501 4614 κιςὴμέρωσε
2522 4557 2536 4570 ·
2563 4540 2725 4610 σῶμα
2745 4540 2802 4593 δὲ
2829 4541 2858 4593 ὁ
2880 4540 3224 4633 θεραπεύσας
3247 4540 3343 4592 ἐπὶ
3368 4539 3542 4593 πλείω
3565 4539 3714 4609 ἠγρί-

2149 4651 2257 4687 ωσε
2293 4633 2394 4704 (4).
2434 4633 2632 4703 Χαίρει
2684 4631 2939 4694 Ἰουδαῖος
2953 4631 3218 4702 Σαϐϐάτῳ
3237 4633 3330 4686 καὶ
3349 4633 3512 4703 ἑορτῇ
3532 4645 3546 4659 ·
3569 4647 3722 4702 μοναο

2150 4727 2243 4798 χὺς
2260 4723 2674 4795 γαστρίμαργος
2690 4723 2952 4793 Σαϐϐάτῳ
2965 4725 3059 4777 καὶ⁵
3083 4726 3334 4794 κυριακῇ
3360 4741 3374 4754 ⁸
3398 4725 3506 4793 πρὸ
3540 4724 3723 4795 χρόνου

2151 4817 2211 4869 τὸ
2239 4815 2432 4884 Πάσχα
2452 4812 2704 4885 ψηφίζει,
2731 4813 2828 4866 καὶ
2861 4813 2969 4883 πρὸ
2993 4813 3221 4885 ἡμερῶν
3245 4813 3314 4866 τὰ
3337 4813 3610 4884 ἐδέσματα
3643 4811 3725 4864 εύ-

2155 4907 2426 4980 τρεπίζει.
2444 4905 2779 4978 Ψηφίζει(5)
2795 4906 3149 4969 κοιλιόδουλος
3164 4907 3221 4960 ἐν
3238 4906 3412 4968 ποίοις
3430 4905 3713 4975 βρώμασιν

2143 4999 2423 5071 ἑορτάσει·
2453 5001 2482 5053 ὁ
2501 4998 2558 5052 δέ
2584 4998 2862 5061 θεόδουλος
2886 4999 2945 5050 ἐν
2978 4997 3154 5060 ποίοις
3195 4996 3537 5068 χαρίσμασιν
3566 4995 3726 5048 πλου-

2144 5093 2300 5162 τήσει
2335 5090 2434 5163 (6).
2457 5089 2622 5144 Ξένου
2669 5077 3107 5159 ἐπιδημήσαντος
3147 5089 3228 5150 εἰς
3254 5087 3478 5158 ἀγάπην
3513 5088 3630 5154 ὅλος
3663 5087 3725 5138 ἐκ
3829 5147 3834 5154 _

2147 5181 2589 5254 γαστριμαργίας
2615 5183 2872 5234 κινεῖται·
2900 5179 2991 5233 καὶ
3021 5178 3366 5248 παράκλησιν
3388 5177 3622 5246 ἀδελφοῦ
3635 5178 3730 5247 τὴν

2149 5273 2346 5330 ἐαυτοῦ
2377 5273 2671 5327 κατάλυσιν
2699 5272 3003 5341 λογίζεται·
3027 5269 3118 5323 ἐπὶ
3147 5269 3422 5341 παρουσίᾳ
3451 5268 3613 5322 τινῶν
3640 5267 3730 5320 τοῦ

2144 5365 2292 5420 οἴνου
2318 5363 2606 5419 καταλύειν
2637 5361 2732 5434 [σί.
2772 5363 2916 5416 οἴνου
2960 5358 3136 5432 λύσιν]
3167 5359 3466 5429 ἐσκέψατο·
3499 5360 3596 5414 καὶ
3611 5359 3734 5430 ἀρε-

2147 5457 2244 5529 τὴν
2269 5457 2444 5510 δοκῶν
2465 5455 2752 5526 κρύπτειν,
2773 5453 2983 5518 πάθους
3007 5452 3193 5517 δοῦλος
3218 5453 3453 5524 ἐγένετο.
3481 5451 3730 5522 Ἐχθραί-

2149 5566 2230 5603 νει
2282 5548 2540 5611 πολλάκις
2613 5545 2888 5614 κενοδοξία
2941 5548 3008 5618 τῇ
3053 5546 3492 5617 γαστριμαργίᾳ,
3530 5544 3623 5598 καὶ
3661 5543 3731 5604 ὡς

2151 5642 2244 5695 ἐπὶ
2284 5640 2530 5712 όνησίμῳ
2559 5637 2728 5710 δούλῳ
2755 5639 2832 5710 τῷ
2853 5638 3023 5709 ἀθλίῳ
3049 5638 3268 5709 μοναχῷ
3287 5637 3668 5708 διαμάχονται·
3701 5635 3731 5702 ή

2158 5733 2255 5804 μὲν
2291 5732 2578 5787 καταλύειν
2630 5730 2898 5802 βιάζεται,
2931 5733 2964 5802 ἡ
3001 5731 3060 5784 δὲ
3111 5731 3212 5801 τὴν
3267 5730 3464 5784 ἑαυτοῦ
3519 5726 3714 5799 ἀρετὴν

2158 5824 2516 5898 Θριαμϐεύειν
2564 5823 2912 5879 ὑποτίθεται·
2954 5823 3115 5904 σοφὸς
3152 5822 3384 5895 μοναχὸς
3406 5819 3726 5892 ἀμφοτέρων
