4042 6470
379 385 511 452 865

1441 387 1670 447 SCALA
1704 385 2085 446 PARADISI.
2115 389 2492 456 ~GBADUS
2517 393 2676 456 XIV.

3577 393 3684 457 866

380 497 729 569 ἐκφεύξεται
755 534 769 559 ,
804 495 864 550 ὲν
910 496 1098 565 οἰκείῳ
1133 496 1310 569 καιρῷ
1346 499 1414 568 τῇ
1466 497 1629 568 ἑτέρᾳ
1666 496 1764 566 τὴν
1803 498 1996 566 ἑτέραν

2103 499 2200 554 rho
2235 512 2494 574 tanquam
2529 505 2706 562 venali
2735 505 3010 576 mancipio
3050 505 3428 574 digladiantur
3472 508 3685 563 :altera

382 590 813 661 ἀποσειόμενος.
873 589 987 662 Τῆς
1023 592 1122 663 μὲν
1170 592 1374 663 σαρκὸς
1422 593 1755 663 σφρυγὼσης
1783 593 1882 664 (7),
1936 593 1994 644 ὲν

2100 606 2255 666 urget
2277 605 2336 650 ut
2358 597 2632 667 jejunium
2668 599 2882 664 solvat,
2910 600 3080 654 altera
3105 608 3161 652 ut
3194 599 3260 654 de
3323 600 3524 654 virtute
3571 617 3671 655 sua

382 685 566 735 παντὶ
597 682 779 754 καιρῷ
800 681 898 735 ml.
914 684 1068 754 τόπῳ
1092 684 1296 756 ταύτην
1321 687 1748 756 τιμωρήσωμεν·
1793 686 1997 754 ταύτης

2103 688 2217 757 [ρετ
2270 689 2684 762 abstinentiam)
2735 691 3034 760 triumphet
3077 707 3174 746 seu
3232 691 3515 761 glorietur.
3569 690 3686 746 Sed

377 776 445 828 δὲ
483 774 828 846 ἠρεμούσης,
889 776 1027 847 ὅπερ
1078 775 1188 847 πρὸ
1230 777 1404 846 τάφου
1434 779 1494 830 οὐ
1549 779 1829 849 πείθομαι,
1894 782 1992 852 τὴν

377 868 610 921 ἑαυτῶν
645 866 913 937 ἐργασίαν
935 867 1350 938 ἀποκρύψομεν.
1380 864 1534 921 Εἶδον
1561 867 1636 938 (8)
1683 869 1993 939 πρεσϐύτας

378 961 572 1027 ἱερεῖς
618 956 724 1011 ὑπὸ
767 957 1039 1028 δαιμόνων
1086 957 1553 1028 ὲμπαιζομένους’
1610 961 1704 1012 καὶ
1739 961 1867 1023 τοὺς
1919 961 1993 1032 μὴ

379 1051 804 1120 ὑποκειμένους
845 1051 1033 1113 αὐτοῖς
1066 1050 1208 1114 νέοις
1236 1051 1294 1103 ὲν
1335 1049 1681 1120 συμποσίοις,
1722 1051 1816 1104 τοῦ
1848 1052 1990 1106 οἴνου

388 1143 499 1196 καὶ
528 1141 640 1195 τῶν
672 1140 877 1194 λοιπῶν
911 1143 1028 1210 μετ’
1074 1139 1328 1210 εὐλογίας
1369 1141 1614 1206 λύοντας.
1672 1143 1737 1197 Εἰ
1789 1144 1888 1212 μὲν
1933 1146 1992 1198 ὲν

385 1233 594 1304 Κυρίῳ
621 1233 696 1303 (9)
733 1231 1219 1304 μεμαρτυρημένοι
1254 1232 1580 1304 ὑπάρχουσι,
1619 1235 1855 1305 μετρίως
1899 1236 1994 1289 λύ-

387 1345 588 1398 σωμεν
617 1344 631 1356 ·
666 1330 714 1380 εἰ
747 1327 802 1380 δὲ
835 1326 1078 1396 ἀμελεῖς,
1129 1325 1298 1397 μηδὲν
1325 1328 1454 1396 περὶ
1490 1328 1587 1398 τῆς
1611 1328 1822 1382 ἑαυτῶν
1848 1330 1992 1383 εὐλο-

384 1422 524 1488 γίας
556 1419 934 1490 φροντίσωμεν
960 1433 974 1448 ·
1028 1417 1124 1470 καὶ
1165 1417 1399 1488 μάλιστα
1429 1419 1588 1490 εἴπερ
1611 1420 1690 1491 τῷ
1720 1422 1852 1490 πυρὶ
1889 1440 1987 1492 μα.

386 1515 620 1584 χόμενοι
647 1512 1010 1581 τυγχάνομεν.
1050 1511 1335 1582 Ἐδόκησεν
1363 1511 1392 1562 ὁ
1420 1510 1680 1583 θεήλατος
1722 1515 1986 1586 Εύάγριος

389 1603 511 1658 τῶν
538 1603 718 1673 σοφῶν
739 1603 1047 1673 σοφώτερος
1063 1605 1127 1672 τῇ
1151 1619 1209 1654 τε
1232 1605 1478 1675 προρορᾷ
1503 1605 1596 1657 καὶ
1617 1607 1728 1668 τοῖς
1752 1607 1988 1676 νοήμασι

391 1697 686 1767 γενέσθαι·
746 1693 863 1750 ἀλλ’
916 1694 1154 1766 ἐψεύσθη
1201 1697 1230 1749 ό
1270 1695 1523 1762 δείλαιος,
1580 1696 1688 1751 τῶν
1737 1697 1988 1768 ἀφρόνων

397 1787 600 1855 φανεὶς
653 1787 1056 1857 ἀφρονέστερος
1085 1802 1098 1814 ·
1139 1787 1199 1839 ἐν
1228 1787 1440 1850 πολλοῖς
1478 1788 1578 1854 μὲν
1623 1789 1766 1860 πλὴν
1799 1792 1893 1843 καὶ
1930 1791 1988 1845 ὲν

2097 787 2292 833 cautus
2325 780 2617 849 religiosus
2669 791 2966 850 utrumque
3020 782 3308 850 scopulum
3353 781 3672 848 declinabit,

2097 879 2152 923 et
2181 885 2284 924 suo
2305 885 2582 940 quamque
2610 881 2854 942 tempore
2879 873 3107 926 alteram
3136 888 3232 941 per
3279 873 3501 927 alteram
3535 874 3602 927 ab
3625 888 3687 926 se

2095 961 2340 1030 repellet.
2392 961 2738 1017 Lasciviente
2796 963 2976 1018 adhuc
3039 965 3174 1033 (per
3225 973 3439 1018 aetatem
3483 973 3538 1019 et
3587 979 3681 1017 ca-

2093 1052 2299 1120 lorem)
2365 1068 2616 1124 corpore,
2678 1069 2898 1109 carnem
2953 1055 3154 1124 quovis
3212 1064 3454 1125 tempore
3521 1070 3685 1110 occa-

2093 1144 2244 1198 sione
2278 1155 2332 1198 et
2358 1146 2479 1199 loco
2508 1161 2606 1214 per
2633 1145 2839 1214 jejunia
2871 1146 3212 1216 aﬂligamus:
3245 1148 3521 1204 exstincto
3549 1164 3683 1204 vero

2087 1237 2200 1308 jam
2226 1239 2350 1307 igne
2380 1238 2618 1292 lasciviae
2641 1277 2657 1303 ,
2705 1239 2849 1307 quod
2886 1240 3108 1308 quidem
3147 1248 3273 1294 ante
3306 1253 3536 1296 mortem
3574 1258 3682 1296 non

2091 1336 2225 1397 puto
2261 1329 2377 1382 fieri
2407 1368 2422 1391 ,
2471 1337 2584 1383 tum
2621 1330 2842 1384 demum
2885 1331 3144 1385 virtutem
3191 1331 3533 1389 abstinentia
3572 1349 3683 1390 non

2092 1420 2228 1474 nihil
2280 1410 2582 1490 poterimus
2636 1423 2837 1478 celare.
2896 1422 3020 1478 Vidi
3083 1425 3392 1480 sacerdotes
3443 1442 3600 1482 senes
3652 1441 3684 1480 a

2091 1511 2435 1570 daemonibus
2465 1515 2684 1571 delusos
2710 1557 2722 1577 ,
2767 1516 2860 1586 qui
2903 1517 3172 1585 iuniores,
3215 1517 3320 1572 sibi
3359 1532 3467 1572 non
3500 1519 3686 1588 subje-

2091 1611 2228 1668 ctos,
2263 1604 2318 1657 in
2346 1606 2846 1674 compotationibus
2878 1621 2976 1675 per
3009 1606 3247 1676 speciem
3275 1607 3469 1661 faustae
3496 1621 3686 1676 preca-

2092 1695 2257 1749 tionis
2298 1711 2392 1749 seu
2433 1695 2827 1752 benedictionis
2870 1711 2964 1766 per
3003 1691 3199 1766 pocula
3231 1706 3286 1751 et
3317 1697 3424 1751 alia
3466 1699 3687 1753 solvunt

2093 1804 2188 1843 seu
2220 1797 2605 1858 corrumpunt.
2644 1788 2799 1855 Quod
2830 1788 2875 1843 si
2920 1789 3168 1844 seniores
3203 1787 3280 1842 illi
3314 1788 3384 1843 ab
3417 1789 3541 1843 aliis
3570 1789 3685 1843 vir-

396 1879 580 1950 τούτῳ
609 1895 622 1906 ⁶
653 1854 790 1950 φησὶ
834 1877 944 1949 γάρ
966 1854 1102 1949 (10)
1135 1878 1438 1949 ’Ὅπηνίκα
1464 1854 1737 1951 διαφόρων
1766 1880 1990 1951 βρωμά-

2103 1879 2222 1934 tntis
2255 1887 2309 1932 et
2342 1854 2559 1947 pietatis
2593 1854 2974 1932 testimonium
3012 1877 3297 1943 referunt,
3338 1893 3463 1932 cum
3497 1878 3688 1934 mode-

417 1987 532 2022 των
555 1969 808 2040 ἐπιθυμεῖ
833 1969 1046 2041 ήμῶνή
1075 1968 1246 2041 ψυχὴ,
1287 1972 1345 2024 ὲν
1379 1970 1528 2043 ἄρτῳ
1560 1973 1867 2026 στενούσθω
1899 1976 1995 2028 καὶ

415 2061 594 2115 ’ύδιιιτι⁸
626 2063 807 2132 ὅμοιον
849 2062 905 2115 δέ
937 2078 993 2114 τι
1017 2063 1352 2134 προστέταχε
1399 2063 1479 2134 τῷ
1511 2065 1717 2118 εἰπόντι
1738 2065 1815 2137 τῷ
1845 2066 1996 2119 παιδὶ

425 2157 484 2207 ὲν
518 2153 616 2226 [αι.
647 2152 745 2226 τῷ]
771 2155 848 2208 ἑνὶ
888 2155 1087 2226 βήματι
1112 2158 1293 2208 πᾶσαν
1317 2155 1560 2210 ἀνελθεῖν
1583 2160 1677 2228 τὴν
1708 2157 1951 2228 κλίμακα
1978 2175 1992 2194 ·

421 2245 600 2297 τοίνυν
621 2247 1012 2317 ἀποτρέποντες
1041 2249 1204 2302 αὐτοῦ
1228 2248 1318 2302 τὸν
1348 2249 1496 2320 ὅρον,
1531 2251 1693 2320 ἡμεῖς
1717 2251 1994 2321 φήσομενο

433 2335 699 2406 Ὀπηνίκα
751 2337 1024 2409 διαφόρων
1083 2339 1390 2411 βρωμάτων
1457 2342 1716 2412 ἐπιθυμεῖ
1768 2341 1924 2412 ἡμῶν
1963 2343 1997 2413 ή

409 2427 580 2499 ψυχή,
609 2428 824 2498 φύσεως
874 2432 1005 2485 ἴδιον
1064 2432 1347 2505 ἐπιζητεῖ’
1383 2433 1466 2488 διὸ
1497 2437 1714 2506 μηχανῇ
1742 2434 1879 2505 πρὸς
1901 2421 2000 2506 τὴν

409 2523 783 2592 παμμήχανον
817 2523 1176 2593 χρησόμεθαν
1207 2524 1367 2595 εἰπερ
1400 2526 1496 2596 μὴ,
1536 2525 1836 2597 βαρύτατος
1859 2543 2001 2597 παρ·

407 2612 544 2682 ἐστη
600 2611 988 2685 [σί.ξπάρεστι]
1048 2614 1284 2687 πόλεμος
1314 2617 1348 2686 ἢ
1389 2616 1682 2687 πτώματος
1757 2617 1998 2671 εὑθύνοιι.

411 2703 790 2775 Περικόψομεν
819 2706 955 2768 τέως
975 2705 1044 2759 τὰ
1071 2707 1387 2760 λιπαίνοντα
1415 2724 1429 2739 ·
1455 2702 1574 2760 εἶτα
1597 2707 1666 2760 τὰ
1687 2707 1998 2772 ὲκκαίοντα,

410 2792 520 2848 εἷθ’
557 2795 726 2860 οὕτως
748 2799 819 2850 τὰ
837 2796 1118 2868 ήδύνοντα·
1153 2800 1200 2851 εί
1235 2799 1346 2872 (ll)
1392 2799 1640 2865 δυνατὸν,
1678 2799 1818 2852 δίδου
1842 2801 1907 2871 τῇ
1934 2802 2000 2870 σῇ

406 2886 599 2959 κοιλίᾳ
630 2889 836 2961 τροφὴν
889 2888 1254 2961 ὲμπιπλῶσαν
1302 2890 1397 2945 καὶ
1423 2889 1732 2944 εὔπεπτονο
1783 2892 1870 2944 ἵνα
1915 2891 2004 2944 διὰ

410 2980 523 3050 μὲν
551 2980 652 3051 τῆς
705 2981 1027 3053 πλησμονῆς
1074 2981 1173 3054 τὴν
1235 2983 1512 3054 ἄπληστον
1554 2984 1724 3052 αὐτῆς
1777 2982 2003 3053 γνώμην

411 3075 851 3146 ἀποστήσωμεν*
899 3075 989 3129 διὰ
1012 3076 1069 3130 δὲ
1103 3077 1200 3148 τῆς
1229 3077 1453 3146 ταχείας
1483 3075 1876 3139 διαπνεύσεως,
1905 3075 2002 3144 τῆς

2096 1971 2308 2024 ratione
2334 1969 2765 2039 respondeamus
2788 1969 2932 2024 illis:
2965 1968 3022 2023 Si
3046 1955 3380 2040 negligentes
3403 1980 3457 2025 et
3478 1970 3644 2024 soluti
3667 2013 3684 2036 ,

2089 2060 2231 2114 nihil
2258 2074 2513 2114 curemus
2539 2059 2754 2114 illorum
2789 2059 3223 2114 benedictionem
3246 2098 3261 2122 ,
3301 2059 3605 2129 praesertim
3639 2059 3689 2116 si

2097 2155 2277 2209 adhuc
2322 2155 2377 2207 in
2415 2155 2611 2208 ardore
2650 2168 2845 2223 pugna:
2874 2153 3144 2208 adversus
3175 2165 3397 2206 carnem
3420 2152 3691 2208 consista-

2099 2261 2240 2299 mus.
2277 2244 2542 2316 Evagrius
2564 2243 2643 2315 (a)
2687 2244 2776 2299 ille
2814 2259 2845 2298 a
2884 2244 3026 2298 malo
3055 2241 3148 2298 Dei
3181 2243 3379 2312 spiritu
3409 2243 3648 2312 agitatus
3670 2282 3689 2309 ,

2098 2337 2251 2391 visus
2294 2345 2378 2390 est
2415 2335 2519 2390 sibi
2559 2351 2685 2390 cum
2733 2334 3045 2404 loquendo,
3107 2342 3220 2388 tum
3266 2332 3557 2403 cOgitando
3602 2347 3694 2388 sa-

2100 2426 2374 2496 pientibus
2420 2424 2590 2480 fuisse
2639 2425 2974 2495 sapientior,
3023 2424 3119 2478 sed
3166 2423 3428 2491 deceptus
3460 2433 3547 2478 est
3585 2424 3691 2478 mi-

2103 2536 2212 2584 ser,
2241 2519 2462 2591 quando
2494 2529 2607 2573 tum
2642 2519 2697 2572 in
2739 2516 2902 2588 205
2948 2519 3082 2580 hoc,
3117 2525 3232 2570 tum
3263 2515 3405 2582 aliis,
3433 2516 3692 2573 omnibus

2101 2611 2449 2668 dementibus
2481 2609 2789 2665 dementior
2812 2609 2984 2663 fuisse
3009 2608 3380 2677 deprehensus
3405 2616 3490 2662 est
3511 2651 3526 2674 ,
3561 2622 3690 2662 cum

2085 2702 2220 2768 ait:
2259 2699 2492 2766 Quando
2533 2699 2718 2754 anima
2765 2711 2950 2753 nostra
2998 2698 3148 2752 varia
3195 2697 3443 2752 ciborum
3491 2713 3693 2769 genera

2103 2792 2398 2857 desiderat,
2421 2806 2565 2861 pane
2611 2799 2666 2845 et
2710 2805 2853 2860 aqua
2893 2789 3224 2855 emacietur;
3277 2789 3421 2858 quod
3470 2788 3694 2859 perinde

2102 2894 2189 2940 est
2235 2899 2301 2939 ac
2347 2884 2397 2938 si
2457 2899 2628 2954 puero
2680 2882 3013 2952 imperaret,
3063 2889 3124 2934 ut
3171 2895 3281 2935 uno
3319 2895 3482 2949 passu
3519 2889 3692 2933 totam

2105 2974 2308 3031 scalam
2339 2972 2749 3028 transcenderet
2791 2990 2804 3026 :
2839 2973 2999 3042 cujus
3040 2986 3234 3040 parum
3265 2972 3456 3025 sanam
3485 2970 3692 3025 doctri-

2105 3081 2232 3120 nam
2272 3079 2374 3120 nos
2413 3065 2488 3118 ita
2531 3063 2896 3134 corrigamus.
2934 3061 3164 3128 Quando
3197 3077 3353 3116 mens
3379 3070 3567 3117 nostra
3598 3077 3694 3116 va-

411 3166 723 3238 *πυρώσεως
780 3169 856 3232 ὡς
910 3168 1170 3238 μάστιγος
1215 3167 1600 3238 λυτρωθῶμεν.
1665 3166 2001 3236 Ἐπισκεψώ-

2109 3160 2220 3213 rias
2243 3159 2492 3215 ciborum
2518 3156 2744 3212 delicias
2773 3156 2968 3221 esurit,
2999 3156 3196 3224 quaerit
3225 3153 3280 3210 id
3311 3155 3456 3224 quod
3488 3163 3696 3209 natura:

417 3260 570 3330 μεθα
599 3261 694 3313 καὶ
731 3261 800 3314 τά
835 3261 1064 3314 πλεῖστα
1104 3259 1213 3314 τῶν
1250 3259 1729 3331 πνευματούντων,
1784 3261 1878 3312 καὶ
1923 3277 2007 3312 κι-

409 3353 616 3407 νοῦντα
646 3353 974 3424 εὑρήσομεν.
1030 3353 1170 3408 Γέλα
1205 3354 1296 3407 ἐπὶ
1323 3353 1398 3425 τῷ
1428 3353 1643 3424 δαίμονι
1669 3353 1748 3424 τῷ
1787 3352 1925 3424 μετὰ
1947 3351 2008 3405 τὸ

430 3446 646 3500 δεῖπνον
675 3445 1078 3517 ύπερθεσίμους
1131 3463 1192 3498 σε
1243 3447 1414 3500 ποιεῖν
1471 3445 1876 3516 ὑποτιθεμένῳ·
1908 3445 2009 3514 τῆς

418 3539 535 3610 γὰρ
567 3541 792 3610 ὲννάτης
820 3541 888 3610 τῇ
935 3538 1064 3608 ἑξῆς
1096 3535 1533 3608 καταλαϐούσης,
1589 3537 1870 3606 ἠρνήσατο
1907 3534 2007 3605 τὴν

415 3631 694 3703 συνταγὴν
707 3631 809 3701 τῆς
836 3629 1234 3702 προλαὼύσης.
1264 3627 1432 3698 ’Ἄλλη
1465 3628 1499 3697 ή
1525 3627 1641 3690 τοῖς
1674 3625 2008 3690 ἀνευθύνοις,

415 3724 518 3778 καὶ
575 3722 740 3793 ἑτέρα
770 3723 886 3785 τοῖς
927 3721 1266 3788 ὑπευθύνοις,
1305 3720 1626 3791 ἁρμόζουσα
1666 3719 1966 3790 ἐγκράτεια
1992 3734 2007 3748 ·

407 3817 471 3869 ὀἱ
491 3815 708 3888 μὲνγὰρ
719 3815 820 3888 τὴν
830 3815 924 3869 τοῦ
948 3815 1201 3886 σώματος
1217 3815 1432 3885 κίνησιν
1453 3815 1535 3877 εἰς
1548 3813 1773 3884 σημεῖον
1789 3810 2012 3881 κέκτην·

425 3925 522 3963 ται
549 3925 563 3940 ·
580 3910 630 3961 οἱ
651 3909 707 3962 δὲ
726 3909 886 3980 μέχρι
906 3906 1134 3962 θανάτου
1147 3907 1241 3960 καὶ
1260 3905 1444 3969 τέλους
1463 3905 1600 3976 πρὸς
1616 3902 1776 3957 τοῦτο
1802 3903 2014 3974 ἀπαρα-

434 4000 646 4070 κλὴτως
679 4003 772 4056 καὶ
797 4002 1136 4074 ἀδιαλήκτως
1159 4000 1493 4054 διάκεινται·
1536 4000 1584 4052 οἱ
1625 3999 1728 4070 μὲν
1750 3998 2011 4070 πρότεροι

433 4092 539 4163 τὴν
573 4091 858 4164 σύγκρασιν
917 4094 1013 4147 τοῦ
1067 4093 1186 4158 νοὸς
1226 4093 1315 4147 ἀεὶ
1357 4092 1646 4164 φυλάττειν
1689 4091 1967 4145 ἐθέλουσιν
1993 4107 2007 4123 ·

431 4189 485 4239 ot
519 4186 576 4239 δὲ
605 4185 840 4258 δεύτεροι
875 4187 963 4240 διὰ
1000 4185 1104 4258 τῆς
1143 4184 1388 4257 ψυχικῆς
1421 4183 1880 4258 σκυθρωπότητος
1918 4183 2013 4237 καὶ

426 4277 638 4349 τήξεως
663 4278 753 4331 τὸν
785 4278 917 4334 Θεὸν
939 4276 1378 4349 ὲξευμενίζονται
1401 4277 1536 4350 (12).
1575 4275 1782 4348 Καιρὸς
1811 4277 2014 4345 εὐφροο

2108 3250 2358 3306 animalis
2399 3249 2679 3320 proprium
2723 3256 2806 3303 est
2841 3266 2856 3302 :
2907 3247 3135 3317 proinde
3179 3246 3398 3316 ingenio
3426 3246 3694 3316 singulari

2107 3352 2298 3399 contra
2332 3341 2832 3413 ingeniosissimam
2867 3341 3050 3411 gulam
3091 3341 3354 3394 utendum
3383 3346 3506 3394 est:
3548 3337 3697 3408 quod

2109 3438 2217 3492 nisi
2271 3437 2407 3502 fiat,
2455 3436 2842 3508 gravissimum
2888 3435 3047 3490 nobis
3091 3432 3256 3488 faciet
3309 3432 3554 3497 bellum,
3600 3439 3698 3487 aut

2110 3528 2286 3582 ruinae
2310 3526 2538 3598 laqueos
2571 3526 2837 3582 intendet.
2885 3525 3132 3582 Primum
3161 3539 3292 3595 ergo
3317 3538 3697 3578 removeamus

2108 3633 2142 3675 tt
2176 3635 2364 3674 mensa
2395 3630 2586 3674 nostra
2612 3619 2764 3674 cibos
2792 3618 2887 3688 qui
2915 3617 3148 3672 nimium
3184 3616 3476 3688 saginant;
3504 3614 3699 3671 deinde

2110 3713 2208 3784 qui
2254 3728 2457 3782 corpus
2492 3711 2875 3776 inﬂammant,
2919 3720 3112 3782 postea
3164 3725 3363 3766 suaves
3403 3718 3458 3764 et
3493 3720 3698 3779 gratos.

2113 3807 2222 3864 Sed
2252 3817 2436 3862 tamen
2463 3849 2478 3874 ,
2519 3806 2566 3860 si
2598 3805 2716 3861 fleri
2753 3812 2964 3875 potest,
3007 3803 3189 3875 praebe
3217 3803 3393 3858 ventri
3425 3801 3697 3872 ejusmodi

2111 3902 2370 3958 alimenta
2410 3915 2532 3972 quae
2559 3899 2711 3954 illum
2746 3897 3049 3966 impleant,
3081 3906 3132 3951 et
3163 3895 3324 3950 facile
3355 3895 3696 3964 digerantur,

2114 4005 2168 4050 ut
2227 4010 2324 4064 per
2376 3994 2730 4058 satietatem,
2783 3988 3166 4059 inexplebilem
3217 3987 3335 4055 ejus
3383 3986 3697 4041 aviditatem

2112 4088 2332 4158 expleas
2362 4106 2375 4141 :
2419 4087 2520 4140 hac
2546 4086 2692 4140 enim
2721 4083 2933 4138 ratione
2965 4097 3062 4152 per
3095 4081 3328 4136 celerem
3363 4079 3485 4148 ejus
3513 4092 3701 4132 secre-

2113 4181 2318 4235 tionem
2349 4195 2446 4234 seu
2477 4177 2852 4248 perflationem
2883 4175 2953 4229 ab
2991 4173 3191 4228 ardore
3237 4172 3408 4226 nimio
3439 4178 3699 4240 tanquam

2114 4289 2146 4328 ιι
2177 4272 2392 4345 ﬂagello
2423 4271 2804 4327 liberabimur.
2848 4267 3244 4331 Attendamus,
3291 4273 3346 4320 et
3397 4263 3702 4321 sentiamus

427 4371 597 4441 σύνης
619 4371 715 4425 καὶ
744 4371 1146 4444 παρακλήσεως
1170 4369 1246 4442 τῷ
1273 4370 1374 4442 μὲν
1402 4369 1593 4440 τελείῳ
1626 4367 1932 4440 άμεριμνία
1955 4367 2001 4419 ὲι

2115 4369 2403 4439 plerasque
2431 4366 2790 4422 animantium
2817 4381 2941 4435 qua:
2973 4364 3206 4435 spirant,
3236 4360 3401 4418 etiam
3429 4374 3549 4416 sese
3577 4374 3700 4413 mo-

425 4464 567 4515 πὶσι
593 4479 608 4492 ·
639 4462 717 4533 τῷ
745 4463 806 4517 δὲ
835 4464 1109 4534 ἀγωνιστῇ
1139 4463 1333 4534 καιρὸς
1378 4462 1556 4532 πάλης
1581 4476 1594 4490 ·
1638 4460 1718 4531 τῷ
1747 4460 1804 4513 δὲ
1834 4460 2001 4530 ἐμπα-

2117 4479 2266 4522 vere.
2307 4461 2444 4518 Ride
2480 4465 2785 4517 daemonem
2821 4459 2916 4530 qui
2957 4458 3054 4513 tibi
3095 4465 3219 4527 post
3249 4470 3464 4511 ctenam
3504 4468 3701 4523 sugge-

428 4556 517 4609 θεῖ
542 4556 702 4627 ἑορτὴ
733 4554 960 4628 ἑορτῶν,
1007 4557 1104 4609 καὶ
1153 4555 1459 4627 πανήγυρις
1484 4552 1867 4624 πανηγύρεων.
1897 4552 2001 4608 Ἐν-

2124 4559 2193 4616 rit
2241 4568 2302 4613 ut
2348 4565 2671 4614 consuetum
2721 4553 2971 4624 capiendi
3019 4553 3126 4608 cibi
3173 4561 3389 4622 tempus
3444 4547 3704 4612 differas;

2125 4653 2261 4708 hora
2299 4651 2499 4723 quippe
2539 4663 2683 4704 nona
2726 4647 3048 4702 imminente
3094 4654 3314 4714 pactum
3357 4651 3483 4697 ante
3526 4650 3705 4696 tecum

2127 4746 2346 4802 initium
2385 4741 2680 4798 inliciatur.
2723 4737 2887 4793 Aliud
2922 4751 3092 4806 genus
3133 4731 3476 4788 abstinentiae
3513 4743 3710 4785 conve-

2127 4838 2208 4891 nit
2252 4834 2658 4896 innocentibus,
2701 4827 2847 4884 aliud
2885 4825 3249 4882 nocentibus:
3293 4823 3538 4877 insontes
3563 4818 3709 4874 enim

2126 4939 2358 4996 pravum
2397 4921 2641 4992 corporis
2675 4928 2883 4974 motum
2923 4932 3022 4986 pro
3056 4915 3214 4984 signo
3247 4913 3488 4976 habent,
3529 4919 3713 4964 sontes

431 4646 600 4700 ύπνια
611 4646 828 4720 τροφῶν
850 4646 943 4700 καὶ
959 4645 1260 4718 βρωμάτων
1281 4647 1337 4698 ὲν
1353 4643 1550 4717 καρδίᾳ
1564 4641 2013 4713 γαστριμάργωνρ

430 4741 663 4794 ἐνύπνια
717 4741 776 4796 δὲ
819 4739 1096 4794 κολάσεων
1137 4740 1232 4794 καὶ
1282 4737 1518 4814 κρίσεως
1561 4736 1620 4790 ἐν
1654 4735 1852 4806 καρδία
1895 4751 2023 4790 πεν-

431 4831 700 4886 θούντων.
726 4832 933 4902 Κράτει
961 4830 1192 4895 κοιλίας,
1230 4829 1362 4901 πρὶν
1392 4829 1536 4900 αὑτὴ
1570 4827 1666 4882 σοῦ
1704 4829 1972 4900 κρατήσει
2001 4845 2018 4860 ο

429 4921 532 4974 καὶ
552 4920 673 4973 τότε
704 4921 921 4991 μέλλεις
939 4921 1056 4992 μετ’
1076 4919 1336 4991 αἰσχύνης
1361 4917 1815 4990 ὲγκρατεύεσθαι.
1833 4917 2020 4973 Οίδασι

431 5013 498 5066 τὸ
545 5014 836 5084 εἰρημένον
875 5017 924 5068 οἱ
964 5014 1041 5084 τῷ
1087 5015 1311 5086 ἀρρήτῳ
1356 5012 1748 5094 περιπεσόντες
1793 5011 1972 5083 βόθρῳ

2125 5026 2307 5073 autem
2346 5012 2736 5070 abstinentiam
2763 5024 2940 5079 usque
2966 5007 3035 5062 ad
3061 5013 3290 5061 mortem
3322 5012 3376 5059 et
3405 5001 3564 5056 linem
3596 5000 3714 5054 sine

433 5101 686 5174 εὐνοῦχοι
715 5103 827 5174 (15)
856 5101 914 5155 δὲ
956 5101 1148 5173 ἄνδρες
1182 5101 1506 5172 ἀπείραστοι
1538 5100 1752 5155 τούτου.
1795 5100 2001 5155 Κοιλία·

2127 5111 2239 5166 ulla
2277 5106 2651 5165 consolatione
2683 5114 2740 5160 et
2772 5102 3112 5158 relaxatione
3146 5096 3493 5156 severissime
3525 5100 3712 5149 custo-

434 5173 829 5262 περικόψωμεν
860 5191 1041 5261 ἐννοίᾳ
1072 5191 1262 5261 πυρός·
1280 5190 1452 5261 ταύτῃ
1479 5190 1588 5260 γὰρ
1617 5189 2001 5244 ὑπακούσαντές

2131 5201 2309 5255 diunt.
2339 5197 2420 5253 llli
2453 5195 2667 5267 priores
2720 5194 2882 5266 205
2911 5194 3121 5264 justum
3167 5187 3366 5244 mentis
3405 5191 3608 5240 statum
3654 5195 3717 5236 ac

431 5301 604 5348 τινες,
623 5284 851 5353 ἔσχατον
871 5282 939 5337 τὰ
959 5282 1097 5354 μέλη
1126 5281 1334 5337 ἑαυτῶν
1359 5281 1622 5353 ἐξέκοψαν
1641 5296 1658 5313 ⁸
1690 5284 1782 5336 καὶ
1805 5283 2001 5338 διπλοῦ

2133 5301 2625 5362 temperamentum
2665 5288 2808 5343 tueri
2862 5301 3079 5355 semper
3117 5289 3428 5343 conantur;
3483 5275 3539 5330 hi
3587 5287 3719 5329 vero

432 5376 740 5447 τεθνήκασι
765 5375 1018 5435 θάνατον.
1053 5374 1510 5446 Ζητήσωμεν,καὶ
1543 5373 1762 5437 πάντως
1801 5374 2001 5445 εύρήσο

2135 5386 2293 5442 alteri
2327 5400 2424 5455 per
2474 5383 2625 5453 pium
2678 5380 2848 5436 animi
2895 5379 3101 5433 luctum
3143 5384 3198 5431 et
3239 5369 3717 5441 compunctionem

439 5486 547 5542 μεν
573 5471 642 5522 τὰ
663 5469 795 5540 παρ’
825 5469 959 5538 ἡμῖν
990 5467 1230 5535 ναυάγια
1262 5465 1469 5534 ταύτην
1515 5467 1683 5538 μόνην
1724 5464 2001 5538 ὲργαζομέ

2131 5479 2303 5535 Deum
2335 5477 2441 5532 sibi
2471 5473 2770 5546 propitiare
2792 5471 3034 5527 student.
3058 5466 3195 5520 Tum
3232 5476 3450 5532 tempus
3474 5468 3560 5514 est
3581 5473 3717 5512 con-

436 5580 564 5634 νην.
604 5561 749 5625 Νοῦς
781 5560 895 5633 (Η)
937 5557 1233 5632 νηστευτοῦ
1283 5557 1649 5632 προσεύχεται
1698 5559 1978 5630 νηφόντως

2133 5570 2419 5629 solationis
2447 5578 2502 5623 et
2535 5566 2738 5623 laetitiae
2759 5605 2776 5634 ,
2827 5578 2953 5620 cum
2987 5560 3089 5616 viri
3124 5555 3351 5628 perfecti
3398 5554 3616 5609 animus
3650 5554 3720 5608 ab

441 5762 596 5890 9881)
626 5763 726 5822 Hic
746 5762 1015 5835 Evagrius
1049 5761 1150 5820 fuit
1176 5757 1510 5830 Origenista.
1535 5754 1804 5814 Joannem
1838 5755 2122 5812 Eviratum
2154 5754 2278 5812 vide
2309 5767 2431 5822 cap.
2463 5749 2588 5818 177,
2629 5764 2752 5820 pag.
2813 5745 2956 5814 496;
2999 5739 3276 5798 Roswcid.
3321 5751 3380 5808 p.
3423 5734 3552 5798 96⁸5,
3585 5729 3717 5795 964,
