4042 6426
427 331 532 397 86⁸1

1699 336 1758 395 S.
1785 330 2105 395 JOANNIS
2147 331 2450 394 CLIMACI

3613 333 3718 398 85.8

427 442 686 497 onmibus
715 443 910 498 mundi
943 442 1093 500 euris
1123 455 1352 511 prorsus
1393 449 1476 496 est
1512 441 1652 497 liber
1683 451 1740 497 et
1773 454 1980 496 vacuus

2101 487 2104 495 .
2134 439 2161 490 ό
2179 437 2238 492 δὲ
2269 440 2362 494 τοῦ
2386 442 2661 513 ἀκρατοῦς
2699 443 2935 500 εἰδώλων
2963 447 3290 520 ἀκαθάρτων
3315 447 3676 518 πεπλήρωται
3698 455 3716 476 ⁶

429 536 525 589 sed
572 533 667 604 qui
709 535 890 593 adhuc
921 552 1046 592 eum
1090 535 1237 590 vitiis
1266 543 1477 601 certat,
1513 533 1695 590 adhuc
1737 535 1792 588 in
1845 549 2025 604 pugna

428 637 718 692 versatur;
775 628 1253 698 perturbationum
1311 641 1443 682 vero
1493 627 1706 681 morbis
1754 625 2028 681 obnoxius

428 734 528 788 pro
556 735 658 775 suo
691 718 890 775 aﬂectu
920 721 1063 776 diem
1094 719 1294 774 festum
1327 734 1393 774 ex
1434 718 1605 786 festo;
1639 727 1693 774 et
1737 727 2028 789 perpetuas

429 813 597 883 agitat
628 813 990 867 celebritates.
1025 811 1218 867 Gulosi
1251 813 1326 866 nil
1355 813 1460 868 nisi
1495 813 1550 867 in
1583 813 1750 868 corde
1778 812 1933 868 cibos
1973 818 2028 866 et

425 907 677 960 Convivia
707 907 1004 960 somniant.
1032 904 1137 971 Qui
1171 921 1301 960 vero
1328 905 1553 977 lugent,
1581 907 1790 978 judicia
1815 916 1872 961 et
1901 921 2027 976 sup-

425 999 586 1066 plicia
635 1007 836 1052 teter-na
882 1013 977 1066 per
1004 1012 1262 1053 somnum
1305 999 1494 1054 animo
1524 1009 1768 1055 versant.
1816 999 2024 1055 Coerce

425 1099 690 1152 ventrem,
727 1088 880 1157 prius
915 1105 1080 1158 quam
1111 1089 1180 1144 ab
1203 1091 1296 1146 illo
1324 1093 1651 1156 coercearis,
1671 1107 1740 1149 ne
1773 1108 1895 1148 sero
1921 1107 2025 1148 nec

423 1180 541 1232 sine
572 1179 772 1233 rubore
806 1181 1025 1249 cogaris
1051 1182 1450 1251 temperantius
1479 1181 1682 1238 vivere.
1713 1181 2023 1250 lntelligunt

421 1271 562 1339 quod
599 1271 714 1330 dixi
743 1311 757 1334 ,
807 1271 902 1340 qui
953 1272 1009 1326 in
1059 1273 1371 1341 pudendam
1411 1281 1468 1328 et
1515 1274 1800 1329 tacendam
1847 1273 2022 1328 ruinae

423 1359 674 1432 [peccati]
714 1361 922 1416 foveam
948 1362 1258 1418 inciderunt
1288 1383 1303 1419 :
1335 1381 1444 1432 qua
1475 1365 1544 1420 de
1571 1381 1632 1421 re
1673 1367 1885 1420 nullum
1919 1367 2020 1422 ita-

422 1453 549 1508 beut
575 1454 1008 1524 experimentum
1036 1457 1295 1511 eunuchi.
1317 1457 1738 1528 Restringamus
1769 1469 2013 1514 ventrem

419 1548 609 1602 a2terni
643 1549 785 1617 ignis
817 1551 1106 1604 memoria.
1143 1548 1280 1603 Nam
1312 1551 1563 1605 nonnulli
1592 1551 1687 1622 qui
1729 1551 1857 1606 huic
1883 1552 2016 1607 obe-

419 1641 660 1706 dierunt,
695 1644 917 1698 tandem
942 1658 1009 1698 eo
1041 1643 1383 1698 devenerunt
1404 1683 1419 1708 ,
1451 1651 1511 1699 ut
1538 1643 1641 1713 ipsi
1673 1644 1776 1700 sibi
1804 1645 2016 1716 genita-

421 1733 490 1785 lia
526 1734 906 1801 prteciderent,
935 1733 1322 1804 geminamque
1353 1733 1460 1789 sibi
1495 1742 1729 1788 mortem
1763 1736 2010 1805 corporis

417 1837 471 1878 et
502 1826 700 1879 animae
748 1824 1036 1880 inferrent.
1085 1826 1428 1896 Inquiramus
1460 1836 1516 1879 et
1550 1826 1778 1881 omnino
1807 1826 2009 1881 intelli-

418 1932 610 1983 gemus
633 1917 814 1987 gulam
833 1917 994 1972 nobis
1019 1917 1330 1988 hujusmodi
1350 1915 1764 1986 naufragiorum
1789 1919 2007 1974 unicam

416 2021 538 2061 esse
562 2023 784 2063 causam
811 2021 867 2064 et
897 2009 1222 2064 aucti-iectu.
1263 2009 1416 2064 Mens
1451 2008 1757 2080 jejunantis
1792 2010 2011 2065 sobrias

418 2100 596 2153 fundit
629 2116 851 2170 preces:
889 2103 1309 2172 intemperantis
1342 2119 1474 2158 vero
1510 2104 1744 2174 impuris
1773 2104 2007 2173 phanta-

417 2197 652 2243 smatum
710 2190 1042 2260 imaginibus
1089 2192 1327 2262 repletur
1375 2201 1430 2248 et
1482 2193 1747 2249 illuditur.
1792 2192 2010 2250 Ventris

418 2280 687 2350 ingluvies
719 2290 775 2336 et
804 2283 1031 2337 satietas
1061 2285 1321 2339 exhaurit
1349 2283 1528 2340 fontes
1577 2285 1960 2356 (gratiarum)
1989 2303 2005 2351 ;

414 2371 530 2439 ipse
566 2387 695 2426 vero
725 2374 1029 2429 exhaustus
1063 2384 1215 2430 creat
1246 2390 1439 2445 aquas.
1475 2375 1581 2443 Qui
1623 2378 1793 2432 servit
1833 2377 2006 2432 ventri

412 2479 515 2518 suo
540 2503 556 2526 ,
586 2477 637 2518 et
669 2466 888 2521 interim
923 2477 1160 2523 conatur
1191 2470 1443 2539 spiritum
1481 2471 1712 2524 luxuriae
1744 2471 1966 2526 vincere
1986 2513 2003 2538 ,

421 2554 646 2621 perinde
701 2558 831 2612 facit
897 2569 1064 2630 atque
1115 2563 1160 2616 is
1203 2563 1297 2631 qtti
1354 2564 1670 2618 incendium
1723 2566 1845 2620 oleo
1890 2567 2006 2620 vult

408 2648 777 2718 exstinguere.
809 2649 1008 2706 Ventre
1028 2651 1228 2708 aicto
1253 2669 1348 2709 eor
1369 2656 1645 2710 submittit
1665 2659 1782 2714 alas
1809 2673 2003 2727 super-

411 2742 513 2796 biae
535 2783 550 2809 ,
584 2736 834 2813 saginata
869 2760 997 2800 vero
1025 2747 1217 2800 eodem
1245 2789 1258 2812 ,
1296 2749 1575 2804 exsultant
1602 2751 1767 2822 206
1794 2753 2004 2821 cogita-

409 2835 606 2890 tiones.
632 2835 867 2905 Explora
898 2839 1134 2908 teipsnm
1183 2844 1286 2895 sub
1323 2841 1556 2911 primam
1582 2843 1774 2898 horam
1801 2853 1855 2898 et
1885 2860 2000 2898 me-

410 2926 627 2992 ridiem,
659 2940 712 2984 et
738 2939 1041 2986 extremam
1071 2943 1198 2988 ante
1232 2949 1446 2990 cumam
1471 2977 1486 3001 ,
1515 2946 1569 2991 et
1596 2935 1835 2992 fructum
1857 2938 2002 3006 jeju-

407 3019 485 3073 uii
521 3019 647 3074 inde
684 3021 886 3076 disces.
911 3024 1094 3079 Prima
1121 3025 1228 3080 diei
1261 3027 1396 3082 hora
1422 3029 1780 3098 cogitationes
1819 3030 2000 3085 adhuc

2131 534 2338 598 κοιλίας
2365 535 2474 608 (i5)
2508 536 2668 608 κόρος
2692 535 2945 609 ἐξήρανε
2966 541 3148 612 πηγάς
3171 554 3187 568 ⁶
3236 538 3376 610 αῦτη
3409 539 3466 591 δὲ
3515 535 3719 608 ξηραν-

2131 627 2283 681 θεῖσα
2306 629 2596 699 ἐγέννησεν
2625 629 2813 684 ὕδατα.
2843 632 2900 685 ὐ
2925 632 3022 702 τὴν
3053 632 3248 686 ἑαυτοῦ
3269 632 3381 704 (i6)
3399 627 3717 702 θεραπεύων

2129 719 2400 790 γαστέρα,
2439 720 2534 774 καὶ
2566 720 2786 790 πνεῦμα
2826 723 3085 793 πορνείας
3111 724 3333 794 νικῆσαι
3364 721 3714 793 βουλόμενος,

2127 813 2312 882 ὅμοιός
2351 814 2468 868 ἐστι
2507 813 2584 886 τῷ
2617 816 2756 886 μετὰ
2787 816 2968 870 ἐλαίου
3013 814 3711 888 σ6εννύοντι,ὲμπρησμόν.

2126 906 2461 978 Θλιδομένης
2503 907 2709 971 κοιλίας
2753 909 3104 963 ταπεινοῦται
3136 909 3334 975 καρδία
3363 924 3376 938 ·
3409 908 3716 979 θεραπευο-

2129 996 2298 1065 μένης
2330 995 2387 1049 δὲ
2420 995 2624 1066 ταύτης
2652 998 2859 1068 γαυριᾷ
2891 997 3174 1067 λογισμός.
3212 997 3456 1067 Ψηλάφα
3486 994 3714 1049 σεαυτδν

2124 1088 2257 1160 περὶ
2283 1088 2384 1160 τὴν
2415 1087 2612 1159 μέσην,
2645 1090 2886 1160 καὶπερὶ
2914 1089 3011 1160 τὴν
3040 1089 3279 1159 ἐσχάτην
3297 1088 3448 1159 ὤραν
3481 1086 3586 1158 πρὸ
3608 1087 3714 1156 τῆς

2124 1176 2408 1248 βρώσεως·
2469 1177 2562 1231 καὶ
2610 1178 2833 1249 μαθήσῃ
2868 1178 2926 1244 ἐξ
2955 1177 3122 1232 αὐτοῦ
3177 1177 3277 1247 τὴν
3320 1177 3419 1246 τῆς
3454 1175 3711 1248 νηστείας

2120 1266 2411 1335 ὠφέλειαν.
2441 1267 2650 1338 Σκιρτᾷ
2681 1267 2780 1337 μὲν
2810 1268 3030 1337 πριυῒας
3085 1267 3172 1318 κα)
3222 1262 3519 1328 πελάζεται
3569 1264 3712 1331 λογι-

2123 1360 2258 1430 σμός
2281 1377 2295 1390 ·
2335 1359 2438 1428 τῆς
2485 1359 2653 1427 ἕκτης
2683 1358 3120 1426 καταλαϐούσης,
3155 1358 3351 1430 μικρὸν
3374 1356 3708 1427 ύπεχάλασε,

2118 1451 2219 1521 τῆς
2251 1451 2308 1504 δὲ
2338 1451 2490 1522 ἡλίου
2522 1450 2730 1514 δύσεως
2755 1451 2834 1514 εἰς
2850 1449 3001 1514 τέλος
3021 1448 3387 1516 ἐταπεινώθη.
3411 1447 3571 1500 BMG:
3595 1447 3707 1514 (17)

2118 1542 2346 1607 κοιλίαν,
2387 1542 2483 1594 καὶ
2517 1540 2734 1605 πάντως
2765 1540 3002 1602 κλείσεις
3045 1539 3140 1593 καὶ
3187 1539 3384 1608 στόμα⁸
3419 1535 3707 1607 νευροῦται

2116 1637 2225 1708 γὰρ
2252 1634 2477 1702 γλῶσσα
2504 1634 2610 1688 ὑπὸ
2637 1633 2878 1705 πλήθους
2907 1633 3244 1704 ἐδεσμάτων.
3274 1629 3567 1685 Πυκτεύων
3603 1628 3708 1682 πύ-

2115 1745 2275 1784 κτευε
2323 1730 2460 1801 αὐτῇ
2497 1726 2658 1800 [πρὸς
2683 1726 2902 1799 αὐτὴν],
2956 1726 3051 1779 καὶ
3101 1726 3289 1796 νήφων
3326 1724 3462 1794 νῆφε
3511 1722 3649 1791 αὐτῇ
3687 1738 3704 1753 ο

2042 1790 2084 1846 Β
2115 1822 2182 1896 ay
2207 1821 2318 1895 γάρ
2347 1790 2546 1893 μικρόν
2567 1790 2837 1894 immane,
2861 1790 3071 1882 εύθέιικ
3100 1790 3197 1871 καί
3221 1819 3250 1870 ό
3277 1790 3483 1888 Κύριος
3511 1831 3704 1886 συνερ-

2115 1917 2296 1986 γήσει.
2321 1912 2744 1983 Μαλασσόμενοι
2781 1913 2942 1966 ἀσκοὶ
2997 1907 3298 1964 ὲπιδιδοῦσι
3331 1909 3398 1978 τῇ
3439 1908 3702 1978 χωρήσει,

2113 2006 2602 2080 περιφρονούμενοι
2640 2005 2696 2059 δὲ
2716 2005 2776 2058 ού
2806 2003 3058 2058 τοσοῦτον
3088 2004 3354 2073 δέχονταιο
3383 2003 3412 2054 ὁ
3434 2016 3708 2068 καταναγ-

2113 2103 2299 2168 κάξων
2324 2101 2572 2171 γαστέρα
2605 2100 2791 2164 αὑτοῦ,
2827 2099 3125 2152 ἐπλάτυνεν
3152 2097 3347 2166 ἔντερα
3369 2112 3385 2128 ·
3414 2097 3442 2149 ό
3467 2095 3524 2149 δὲ
3552 2096 3704 2162 άγωο

2112 2196 2395 2268 νιζόμενος
2436 2193 2574 2266 πρὸς
2620 2192 2814 2264 αὐτὴν,
2861 2191 3185 2272 συνέσφιχξε
3231 2189 3443 2243 ταῦτα·
3498 2188 3701 2242 τούτων

2109 2289 2169 2343 δὲ
2207 2287 2673 2358 συσφιγχθὲντων,
2704 2285 2766 2338 οὐ
2798 2284 2970 2338 πολλὰ
3003 2283 3246 2348 δέξονται
3275 2299 3288 2314 '
3315 2281 3413 2337 καὶ
3441 2281 3568 2336 τότε
3591 2281 3700 2334 λοι-

2110 2382 2211 2436 πδν
2247 2379 2516 2451 γινόμεθα
2546 2377 2791 2448 φυσικῶς
2822 2375 3196 2447 νηστεύοντες.
3219 2375 3360 2444 Δίψα
3381 2375 3543 2444 δίψαν
3573 2373 3698 2427 πολ-

2109 2475 2264 2538 λάκις
2302 2473 2616 2526 κατέπαυσε
2646 2485 2659 2500 ο
2709 2471 2870 2542 πείνᾳ
2908 2471 2964 2524 δὲ
2992 2472 3182 2523 πεῖναν
3211 2467 3510 2540 περικόψαι
3540 2467 3697 2537 χαλε-

2111 2569 2212 2622 πὸν
2263 2568 2358 2621 καὶ
2407 2568 2710 2638 ἀμήχανον.
2761 2565 2996 2622 Ὀπόταν
3039 2565 3240 2636 νικήσῃ
3278 2582 3358 2628 σε,
3411 2564 3470 2615 ἐν
3516 2564 3696 2624 πόνοις

2106 2661 2315 2732 δάμαζε
2344 2660 2536 2730 αὐτήν·
2561 2660 2610 2712 εἰ
2637 2659 2693 2712 δὲ
2718 2657 2812 2711 καὶ
2838 2657 2999 2712 τοῦτο
3019 2656 3282 2710 ἀδύνατον
3302 2657 3369 2709 δι’
3389 2654 3692 2719 ἀσθένειαν,

2110 2753 2389 2824 ἀγρυπνίᾳ
2418 2753 2686 2807 πάλαισον
2740 2750 2878 2823 πρὸς
2922 2749 3116 2821 αὑτήν.
3159 2748 3487 2820 Ὀφθαλμῶν
3526 2748 3692 2821 βαρυ-

2105 2847 2352 2920 νομ“ἐνων
2385 2846 2647 2901 ἐπιλαϐοῦ
2680 2845 3002 2917 ἐργοχείρου
3027 2860 3040 2872 ·
3088 2841 3256 2894 ὕπνου
3287 2841 3345 2895 δὲ
3379 2842 3455 2912 μὴ
3488 2843 3692 2912 παρόν·-

2051 2965 2059 2974 ·
2103 2960 2215 3007 τος,
2264 2942 2339 3013 μὴ
2381 2941 2508 3010 ἅψει
2558 2938 2749 2993 αὐτοῦ’
2799 2936 3064 2991 ἀδύνατον
3114 2936 3222 3006 γάρ
3257 2935 3378 3006 Θεῷ
3417 2936 3514 2988 καὶ
3550 2953 3692 3006 μαμ-

2108 3036 2282 3106 μωνᾷ,
2326 3033 2471 3086 τοῦτ’
2517 3033 2633 3085 ἔστι
2689 3030 2810 3101 Θεῷ
2861 3029 2955 3082 καὶ
2994 3029 3316 3099 ἐργοχείρῳ,
3349 3028 3691 3098 παραστῆσαι

406 3111 617 3168 alacres
649 3115 903 3170 exsiliunt
937 3133 950 3169 :
987 3117 1120 3172 hora
1148 3129 1324 3185 sexta,
1362 3121 1430 3176 ad
1458 3123 1741 3176 meridiem
1781 3138 1996 3192 nempe,

2104 3131 2195 3181 τὸν
2247 3127 2396 3180 νοῦν.
2438 3127 2703 3190 Γίνωσκε,
2740 3125 2822 3177 δτι
2871 3141 2977 3191 περ
3015 3123 3275 3186 πολλάκις
3303 3125 3331 3176 ό
3360 3123 3571 3191 δαίμων
3618 3120 3692 3190 τῷ

405 3203 612 3258 sensim
656 3208 945 3262 remittunt
989 3225 1002 3263 :
1049 3211 1334 3266 occidente
1360 3212 1582 3266 demum
1621 3213 1739 3268 sole
1766 3215 1995 3269 omnino

403 3296 763 3351 debilitantur
788 3309 840 3354 et
865 3302 1183 3357 concidunt.
1212 3303 1388 3361 Frena
1419 3307 1600 3376 gulam
1621 3345 1637 3370 ,
1667 3316 1722 3362 et
1748 3307 1993 3376 linguam

405 3386 548 3442 intra
573 3403 637 3444 os
669 3393 890 3459 penitus
919 3396 1216 3452 concludes
1240 3415 1254 3464 ;
1289 3413 1387 3467 per
1414 3401 1628 3469 copiam
1655 3401 1800 3455 enim
1834 3415 1994 3456 escu-

407 3482 680 3538 lentorum
707 3525 719 3549 ,
753 3485 938 3557 lingua
967 3488 1113 3544 vires
1147 3491 1316 3546 sumit
1343 3501 1398 3548 et
1434 3494 1747 3549 roboratur.
1779 3494 1993 3566 Quanta

404 3571 454 3624 vi
513 3583 666 3641 potes
693 3614 708 3640 ,
761 3592 940 3648 pugna
984 3580 1252 3638 adversus
1287 3593 1575 3647 ventrem.
1621 3596 1675 3641 et
1711 3599 1856 3642 certa
1896 3605 1995 3659 per

403 3666 754 3723 sobrietatem
785 3686 909 3726 cum
941 3673 1062 3740 illa;
1107 3691 1236 3730 nam
1263 3678 1309 3732 si
1341 3680 1422 3733 vel
1452 3682 1728 3737 modicum
1763 3684 1992 3740 adnisus

404 3758 595 3824 fueris,
629 3763 815 3817 statim
847 3764 1063 3821 Domini
1093 3771 1295 3826 senties
1324 3773 1615 3829 auxilium.
1656 3775 1814 3831 Utres
1851 3778 1990 3831 mol-

403 3853 482 3906 liti
512 3853 769 3910 laxantur
807 3867 859 3912 et
891 3859 1012 3928 plus
1041 3861 1204 3916 solito
1233 3868 1481 3934 capiunt,
1515 3868 1747 3936 neglecti
1784 3885 1910 3926 vero
1937 3880 1990 3926 et

400 3954 640 4015 arentes,
673 3952 857 4005 minus
886 3953 1174 4023 recipiunt.
1207 3956 1311 4023 Qui
1344 3958 1643 4030 ingurgitat
1672 3978 1751 4025 se,
1781 3965 1988 4020 viscera

398 4038 660 4103 extendit,
697 4041 790 4110 qui
824 4057 956 4097 vero
984 4046 1166 4100 studet
1191 4058 1493 4118 temperate
1520 4053 1723 4118 vivere,
1761 4059 1988 4111 restrin-

399 4129 476 4198 git
504 4129 635 4197 illa;
673 4135 921 4190 restricta
959 4147 1142 4192 autem
1171 4181 1185 4204 ,
1229 4156 1422 4209 parum
1449 4145 1712 4214 capiunt,
1745 4156 1799 4201 et
1835 4148 1989 4203 dein-

398 4236 527 4291 ceps
557 4223 671 4293 ipsa
712 4235 910 4282 natura
941 4244 1044 4286 nos
1077 4232 1418 4291 abstinentes
1444 4237 1654 4293 reddet.
1687 4239 1822 4297 Sitis
1848 4257 1988 4297 non-

399 4328 680 4403 nunquam
708 4319 856 4374 sitim
889 4323 1213 4394 exstinguit,
1246 4328 1338 4382 sed
1373 4328 1573 4385 famem
1609 4331 1754 4388 fame
1790 4335 1989 4403 pellere

395 4401 614 4459 difﬁcile
636 4417 752 4472 est,
784 4418 840 4463 et
874 4412 1024 4468 nulla
1055 4416 1270 4472 ratione
1296 4418 1410 4473 fieri
1441 4429 1640 4490 potest.
1668 4422 1726 4477 Si
1763 4401 1986 4494 quando

2102 3221 2362 3291 στομάχῳ
2389 3217 2700 3282 καθέζεται,
2732 3217 2826 3271 καὶ
2858 3217 2933 3288 μὴ
2957 3213 3320 3287 κορέννυσθαι
3353 3214 3445 3267 τὸν
3486 3213 3691 3286 ἄνθρω-

2099 3331 2198 3367 πον
2219 3312 2649 3384 παρασκευάζει,
2670 3311 2774 3365 xiv
2803 3313 2982 3366 πᾶσαν
3008 3308 3104 3380 τὴν
3120 3307 3396 3376 Αἴγυπτον
3423 3309 3575 3379 φάγῃ
3601 3307 3692 3362 καὶ

2095 3407 2186 3460 τὸν
2216 3407 2405 3461 Νεῖλον
2432 3406 2678 3476 ποταμὸν
2707 3405 2996 3476 πίῃ.Μετὰ
3010 3405 3109 3476 τὴν
3130 3403 3338 3474 τροφὴν
3366 3403 3640 3473 ἀναχωρεῖ
3663 3402 3691 3454 ὀ

2101 3499 2319 3560 ἀνόσιος
2345 3537 2360 3562 ,
2386 3497 2484 3550 καὶ
2511 3497 2603 3549 τὸν
2633 3497 2731 3566 τῆς
2757 3496 2872 3566 (18)
2905 3495 3165 3567 πορνείας
3187 3495 3319 3566 ἡμῖν
3345 3493 3686 3558 ἀποστέλλει,

2096 3588 2441 3657 ἀπαγγείλας
2494 3587 2645 3659 αὐτῷ
2669 3587 2732 3641 τὸ
2773 3587 3062 3657 γενόμενον
3091 3603 3104 3615 θ
3141 3585 3415 3641 κατάλαϐε
3437 3625 3453 3650 ,
3493 3586 3686 3656 λέγων,

2095 3678 2398 3749 θορύϐησον
2441 3677 2624 3731 αὐτόν·
2676 3677 2778 3746 τῆς
2815 3675 3022 3740 κοιλίας
3067 3675 3177 3748 γὰρ
3222 3677 3688 3746 ἑμπεφορημένης

2094 3771 2396 3842 κοπωθήσῃ
2433 3786 2449 3800 ο
2488 3767 2664 3822 ἰλθὼν
2711 3768 3014 3838 ἐμειδίασε,
3057 3769 3152 3823 καὶ
3204 3768 3281 3838 τῷ
3333 3767 3489 3839 ὕπνῳ
3520 3768 3687 3836 δήσας

2092 3862 2252 3932 ἡμῶν
2289 3863 2478 3932 χεῖρας
2521 3860 2618 3914 καὶ
2639 3860 2826 3924 πόδας,
2855 3861 3034 3914 πάντα
3056 3859 3246 3914 λοιπὸν
3266 3860 3368 3913 ὅσα
3400 3859 3682 3930 ἠθέλησεν,

2090 3954 2348 4024 ἐποίησεν
2375 3971 2388 3983 ·
2415 3952 2515 4025 τὴν
2533 3953 2713 4025 ψυχὴν
2736 3953 2832 4006 καὶ
2869 3955 2932 4005 τὸ
2961 3951 3121 4018 σῶμα
3151 3954 3207 4004 ὲν
3239 3950 3561 4022 μολυσμοῖς,
3595 3953 3684 4005 καὶ

2092 4042 2439 4111 φαντασίαις,
2455 4042 2550 4096 καὶ
2575 4042 2856 4110 ἑκκρίσεσι
2875 4039 3456 4112 καταμιάναςηθαῦμα
3483 4041 3682 4096 ἰδέσθαι

2091 4137 2216 4191 νοῦν
2250 4137 2545 4208 ἀσώματον
2574 4136 2678 4190 ὑπὸ
2713 4134 2970 4206 σώματος
3013 4132 3388 4206 μολυνόμενον
3419 4137 3516 4187 καὶ
3557 4151 3678 4186 σκο-

2088 4232 2353 4302 τούμενον
2377 4247 2392 4264 ·
2417 4231 2514 4284 καὶ
2545 4229 2708 4284 πάλιν
2729 4228 2819 4284 διὰ
2849 4226 3026 4298 πηλοῦ
3053 4227 3114 4280 τὸ
3141 4225 3680 4296 ᾶῦλονάνακαθαιρό-

2095 4341 2254 4395 μενον
2277 4324 2375 4378 καὶ
2393 4322 2817 4393 λεπτυνόμενον.
2851 4320 2978 4374 Ἐὰν
3007 4317 3106 4388 τὴν
3133 4316 3324 4389 στενὴν
3349 4317 3442 4372 καὶ
3462 4317 3677 4388 τεθλιμ-

2095 4419 2263 4490 μένην
2285 4415 2403 4470 ὁδὸν
2431 4415 2638 4471 ὁδεύειν
2677 4414 2757 4485 τῷ
2799 4412 3024 4485 Χριστῷ
3063 4411 3361 4478 συνετάξω,
3412 4412 3676 4466 στένωσον

394 4496 520 4562 gula
561 4503 612 4550 te
644 4498 836 4556 vicerit
859 4541 875 4567 ,
911 4503 1192 4562 laboribus
1223 4509 1418 4566 edoma
1443 4485 1597 4568 illam
1631 4533 1644 4569 :
1676 4517 1721 4571 si
1753 4485 1884 4572 vero
1915 4518 1986 4574 ob

2101 4485 2189 4582 τὴν
2219 4485 2470 4580 ⁷γαστέρα
2501 4526 2518 4542 ο
2549 4506 2756 4576 ταύτης
2775 4503 2888 4577 γάρ
2908 4502 3359 4576 θεραπεηυομένης
3407 4503 3506 4557 καὶ
3545 4502 3677 4556 πλα-

395 4585 770 4646 infirmitatem
825 4609 937 4648 non
979 4599 1247 4666 potueris,
1289 4601 1528 4659 insomni
1564 4608 1751 4676 vigilia
1782 4595 1982 4665 saltem

395 4681 710 4751 aggredere.
768 4684 956 4743 Oculis
1009 4691 1122 4759 jam
1185 4693 1426 4765 fatigatis
1488 4701 1746 4756 succedat
1802 4703 1980 4758 labor.

395 4771 604 4828 Somno
633 4769 813 4832 autem
849 4788 902 4834 te
935 4796 1040 4836 non
1076 4799 1306 4855 urgente
1340 4805 1480 4860 opus
1507 4808 1617 4847 non
1649 4792 1836 4851 facias.
1874 4795 1982 4852 Ne-

392 4878 485 4918 mo
514 4866 661 4921 enim
690 4869 854 4926 simul
885 4873 993 4929 Deo
1027 4879 1234 4935 servire
1266 4893 1444 4952 potest
1471 4894 1526 4940 et
1555 4903 1883 4945 mammona
1912 4891 1977 4958 ",

393 4955 498 5013 hoc
544 4970 628 5015 est
653 5003 669 5029 ,
718 4975 955 5023 mentem
995 4973 1280 5032 intendere
1321 4981 1387 5034 ad
1431 4981 1599 5037 Deum
1646 4993 1700 5038 et
1741 4985 1979 5043 labores.

389 5045 502 5146 ἷξες
535 5051 638 5112 hoc
677 5056 1039 5127 ignorantium
1059 5109 1072 5132 ,
1095 5052 1310 5124 m'a'lum-
1339 5073 1480 5142 gula:
1501 5075 1758 5146 spiritum
1791 5079 1982 5133 subin-

387 5142 456 5197 de
507 5152 794 5208 stomacho
841 5155 1078 5215 insidere
1131 5172 1192 5217 ut
1241 5166 1430 5220 satiari
1483 5142 1651 5224 homo
1699 5186 1808 5225 non
1849 5187 1981 5243 pos-

388 5237 459 5328 sit
487 5279 501 5306 ,
543 5240 758 5300 etiamsi
807 5257 976 5305 totam
1010 5251 1304 5326 Egypttnn
1353 5259 1674 5328 devoraret,
1708 5273 1762 5320 et
1805 5237 1978 5320 totum

384 5327 565 5388 Nilum
616 5338 952 5398 exhauriret.
1010 5344 1138 5401 Post
1184 5351 1450 5419 repletum
1505 5363 1748 5410 ventrem
1796 5358 1971 5413 disce-

385 5423 463 5520 dit
512 5427 754 5498 impius,
808 5446 862 5490 et
904 5435 1150 5494 immittit
1201 5443 1256 5496 in
1310 5459 1410 5499 nos
1469 5446 1804 5516 impuritatis
1857 5451 1970 5520 spi-

384 5517 572 5584 ritum,
609 5525 772 5595 207
801 5536 1114 5598 statumque
1156 5532 1233 5586 illi
1284 5537 1489 5591 ventris
1541 5540 1774 5608 saginati
1802 5517 1970 5610 expo-

382 5611 740 5686 nit.0ecupa,
769 5619 966 5693 inquit,
990 5623 1164 5689 illum,
1197 5637 1244 5680 et
1287 5630 1560 5695 perturba.
1597 5629 1797 5687 Venire
1821 5635 1966 5689 enim

453 5789 495 5818 ⁸⁷
521 5788 720 5842 Matth.
750 5809 824 5856 vt,
853 5795 939 5850 ει.

2088 4606 2410 4676 τυνομένης,
2444 4601 2543 4664 τὰς
2575 4599 2846 4669 συνθήκας
2865 4598 3158 4668 ἡθέτησας.
3195 4595 3545 4667 Ἐπίσκεψαι,
3586 4595 3672 4650 καὶ

2088 4699 2347 4762 ἀκούσεις
2370 4694 2468 4749 τοῦ
2479 4695 2730 4760 λέγοντος
2749 4691 2886 4762 (ill),
2915 4691 3178 4746 Πλατεῖα
3205 4691 3304 4744 καί
3333 4690 3672 4758 εὐρύχωρος

2088 4795 2128 4862 ἡ
2155 4791 2298 4857 ὁδὸς
2319 4789 2433 4857 τῆς
2460 4787 2717 4852 κοιλίας,
2737 4786 2775 4854 ἡ
2791 4784 3118 4854 ἀπάγουσα
3135 4784 3228 4848 εἰς
3242 4781 3356 4851 τὴν
3370 4783 3675 4839 ἀπώλειαν

2085 4885 2198 4954 τῆς
2231 4881 2516 4951 πορνείας
2540 4895 2558 4912 ο
2597 4879 2696 4932 καὶ
2727 4877 2951 4931 πολλοί
2995 4877 3159 4930 εἰσιν
3186 4878 3242 4930 οἱ
3267 4875 3673 4944 εἰσερχόμενοι

2086 4980 2162 5032 δι’
2189 4976 2402 5046 αὐτῆς.
2430 4974 2640 5043 Τί.(9.0)
2669 4973 2829 5042 στενὴ
2860 4971 3004 5042 πύλη
3041 4972 3133 5024 καὶ
3175 4969 3511 5040 τεθλιμμένη
3557 4967 3672 5030 ὁδὸς

2081 5074 2185 5144 τῆς
2207 5070 2488 5141 νηστείας,
2505 5071 2539 5138 ἠ
2569 5068 2866 5136 εἰσάγουσα
2889 5069 2971 5130 εἰς
3003 5066 3102 5138 τὴν
3135 5063 3282 5134 ζωὴν
3301 5064 3401 5134 τῆς
3421 5061 3668 5131 ἁγνείας.

2082 5167 2178 5220 καὶ
2223 5165 2394 5232 ὀλίγοι
2436 5162 2574 5215 εἰσὶν
2610 5161 2660 5212 οί
2713 5161 3085 5230 εἰσερχόμενοι
3125 5156 3192 5210 δι’
3234 5156 3425 5226 αὐτῆς.
3454 5154 3669 5226 ’Ἄρχων

2081 5259 2376 5328 δαιμόνων,
2411 5255 2440 5306 ὁ
2468 5252 2651 5306 πεσὼν
2673 5253 2954 5323 ἑωσφόρος
2985 5268 3000 5282 ·
3039 5251 3133 5304 καὶ
3181 5249 3368 5320 ἄρχων
3406 5247 3596 5303 παθῶν
3641 5247 3669 5298 ό

2081 5353 2280 5423 λαιμὸς
2303 5351 2403 5420 τῆς
2446 5348 2667 5410 κολίας·
2703 5349 2760 5399 ἐν
2805 5345 3054 5416 τραπέζῃ
3095 5344 3414 5414 ἔδεε-μάτων
3449 5340 3668 5395 ἀνακλι-

2080 5447 2336 5518 νόμενος,
2391 5444 2615 5514 μνήμην
2675 5440 2909 5494 θανάτου
2946 5437 3042 5491 καὶ
3082 5436 3320 5507 κρίσεως
3371 5436 3452 5498 εἰς
3503 5433 3668 5504 μέσον

2080 5540 2181 5606 ἄγε
2206 5555 2218 5568 ³
2257 5537 2408 5608 μόλις
2449 5538 2580 5606 γὰρ,
2625 5535 2730 5587 κᾶν
2774 5532 2948 5594 οὓτως
2988 5529 3185 5601 μικρὸν
3226 5528 3398 5590 πάθος
3444 5523 3668 5596 ἐμποδι-

2084 5649 2206 5703 σῃς.
2261 5630 2334 5683 Τὸ
2377 5630 2526 5699 πόμα
2563 5627 2756 5689 πίνων,
2805 5623 2898 5677 τοῦ
2933 5623 3088 5690 ὄξους
3118 5620 3336 5689 καὶτῆς
3367 5619 3531 5690 χῦλῆς
3573 5615 3666 5669 τοῦ
