4042 6504
328 406 479 474 889

1456 415 1689 477 SCALA
1708 409 2089 479 PARADISI.
2118 431 2183 443 -·-
2211 407 2519 468 GRADUS
2548 408 2702 471 XIV.

3549 419 3663 483 8'10

335 517 475 573 eos
513 519 794 574 Δισπότου
832 520 909 591 μὴ
942 518 1127 592 παύσῃ
1171 507 1398 579 Madv;
1442 527 1538 580 καὶ
1568 528 1785 589 πάντως
1814 527 1848 598 ἢ
1875 528 1966 594 ιγ-

2070 518 2329 582 distento,
2386 519 2535 574 nullo
2588 519 2740 575 illum
2793 519 3011 592 negotio
3073 519 3261 579 vinces
3296 532 3351 579 et
3410 524 3651 595 dejicies.

336 611 695 685 κρατεύσῃ,
724 611 759 680 ἢ
794 611 1088 676 στενάξεις,
1117 613 1152 683 ἢ
1186 614 1283 668 καὶ
1312 618 1700 688 ταπεινότερον
1727 618 1973 689 ποιήσεις

334 705 418 756 τὸ
455 706 754 776 φρόνημα.
773 705 879 776 ,Μὴ
910 706 1119 770 πλανῶ,
1151 708 1212 761 οὐ
1240 708 1317 780 μὴ
1335 709 1434 763 τοῦ
1459 710 1659 782 Φαραὼ
1678 713 1976 785 ἐλευθερίοι-

335 794 548 868 θήσῃ,
575 796 702 850 οὐδὲ
725 795 786 850 τὸ
816 796 933 851 ἀνω
971 797 1167 868 Πάσχα
1196 797 1386 870 θεάσῃ,
1414 801 1481 856 ἂν
1514 804 1574 855 ού
1602 804 1855 874 πικρίδας
1882 804 1975 858 καὶ

332 887 571 958 ἄζυμα
621 887 804 962 φάγῃς
845 887 1095 961 [γεύσῃς]
1140 889 1231 943 διὰ
1279 893 1504 956 παντός.
1541 894 1798 963 Πικρίδες
1824 894 1975 950 ἐστὶν

333 982 383 1050 ὴ
407 985 540 1053 τῆς
561 981 821 1050 νηστείας
847 980 940 1052 βία
964 983 1062 1035 καὶ
1086 982 1249 1046 πόνος
1283 998 1298 1014 °
1325 983 1513 1055 ἄζυμα
1530 985 1618 1051 δὲ,
1654 987 1719 1040 τὸ
1744 987 1820 1059 μὴ
1870 1005 1973 1056 φυο

339 1069 634 1143 σώμενον
660 1071 951 1143 φρόνημασ
990 1073 1056 1142 τῇ
1084 1074 1161 1143 -σῇ
1192 1074 1436 1146 ἀναπνοῇ
1472 1077 1897 1148 συγκολληθήτω
1942 1080 1972 1132 ὁ

337 1161 540 1233 λόγος
566 1162 663 1218 τοῦ
696 1163 950 1233 λέγοντος
968 1180 989 1225 ,ο
1036 1164 1185 1235 Ἐγὼ
1204 1164 1274 1223 δὲ
1310 1166 1383 1223 ἐν
1426 1166 1502 1232 τῷ
1554 1170 1681 1232 τοὺς
1708 1168 1972 1239 δαίμονας

337 1257 786 1326 πφινοχλεῐν
812 1272 916 1326 μοι
937 1294 952 1320 ,
1000 1256 1348 1327 .ὲνεδυόμην
1384 1259 1500 1331 (9.1)
1545 1260 1807 1317 σάκκον·
1869 1262 1973 1318 καί

339 1348 746 1403 marcor
783 1348 855 1402 ἐν
892 1350 1151 1417 νηστείᾳ,
1194 1350 1311 1418 τὴν
1343 1351 1558 1421 ψυχήν
1582 1371 1703 1423 μου
1729 1372 1741 1384 ·
1783 1356 1883 1409 καὶ
1927 1357 1967 1425 ἡ

342 1440 695 1510 προσευχή
734 1459 856 1510 μου
888 1444 977 1506 είς
1004 1445 1237 1497 κόλπον
1274 1443 1485 1512 ψυχῆς
1500 1464 1619 1515 μου
1645 1446 1969 1516 excedamu-

344 1549 465 1588 το.
519 1532 635 1605 (22)
669 1533 918 1603 Νηστεία
957 1533 1077 1587 ἐστὶ
1120 1534 1212 1604 βία
1273 1537 1510 1604 φύσεως,
1560 1540 1654 1593 καὶ
1694 1540 1965 1612 περιτομὴ

347 1620 645 1692 ἡδύτητος
697 1621 977 1691 λάρυγγος
1000 1660 1015 1689 ,
1070 1622 1372 1695 πυρώσεως
1427 1626 1663 1699 ἐκτομὴ,
1708 1629 1967 1700 πονηρῶν

350 1714 600 1771 ἐννοιῶν
622 1715 862 1783 iuueni],
904 1716 1292 1786 ὲνυπνιασμῶν
1320 1717 1622 1790 ἐλευθερία,
1651 1722 1966 1793 προσευχῆς

356 1806 934 1879 καθαρότης’ψυχῆς
985 1806 1231 1879 φωστὴρ,
1297 1809 1416 1875 νοὸς
1463 1811 1719 1884 φυλακή·
1768 1813 1965 1884 πωρώ-

362 1911 519 1963 seu;
558 1895 739 1961 λῦσις,
763 1895 1112 1963 κατανύξεως
1149 1895 1314 1968 θύρα,
1348 1900 1653 1971 στεναγμὸς
1683 1902 1964 1968 ταπεινὸς,

372 1989 727 2065 συναριμμὸς
748 1989 1291 2062 ίλαρὺς,πολυλογίας
1321 1991 1511 2064 ἀργία,
1539 1994 1773 2066 ἡσυχίας
1799 1995 1968 2068 ἀφορ-

386 2079 495 2151 μὴ,
528 2079 777 2150 ὑπακοῆς
802 2077 996 2150 φύλαξ,
1027 2078 1199 2141 ὕπνου
1240 2080 1564 2150 κουφισμὸς,
1597 2081 1756 2149 ὑγεία
1782 2080 1969 2152 σώμα-

385 2187 517 2239 τος,
565 2168 833 2235 ἀπαθείας
892 2170 1172 2241 πρόξενος,
1246 2170 1664 2242 ἁμαρτημάτων
1739 2152 1977 2239 ἄφεσις(

390 2262 510 2332 (25)
548 2259 871 2334 παραδείσου
895 2259 1035 2331 θύρα
1070 2261 1165 2313 καὶ
1201 2262 1402 2334 τρυφή.
1440 2244 1855 2335 Ἀπαιτήσωμεν
1874 2263 1968 2316 καὶ

379 2350 603 2425 τοῦτον,
636 2349 835 2431 μᾶλλον
870 2350 927 2405 δὲ
962 2351 1070 2422 πρὸ
1113 2350 1337 2405 πάντων
1362 2351 1569 2406 τούτων
1605 2352 1697 2406 τὸν
1727 2354 1969 2426 προστά-

374 2462 485 2514 την
516 2445 628 2497 τῶν
650 2444 851 2507 κακῶν
895 2444 1052 2516 ἡμῶν
1075 2444 1353 2517 πολέμιον,
1380 2443 1481 2518 τὴν
1508 2444 1678 2516 θύραν
1717 2446 1826 2499 τῶν
1866 2464 1971 2500 πα-

370 2535 524 2602 Θῶν,
556 2535 657 2607 τὴν
712 2535 921 2588 πτῶσιν
969 2535 1060 2589 τοῦ
1112 2536 1307 2607 Ἀδὰμ,
1350 2536 1447 2608 τὴν
1492 2528 1610 2592 τοῦ
1655 2538 1825 2592 Ἡσαῦ
1863 2540 1971 2593 ἀπ-

373 2627 613 2697 ώλειαν,
664 2629 776 2684 τῶν
831 2629 1182 2702 Ἰσραηλιτῶν
1214 2630 1304 2683 τὸν
1329 2629 1571 2701 ὄλεθρον,
1604 2631 1701 2704 τὴν
1724 2631 1818 2685 τοῦ
1843 2631 1968 2685 Νῶε

371 2721 881 2793 ἀσχημοθέαν,τὴν
918 2721 1026 2775 τῶν
1058 2721 1353 2794 Γομὸῥρων
1398 2724 1685 2795 προδότην,
1734 2725 1832 2796 τὴν
1874 2723 1968 2779 τοῦ

368 2812 506 2867 Λὼτ
531 2813 764 2885 μέμψιν,
809 2813 910 2882 τὴν
944 2812 1053 2867 τῶν
1086 2812 1220 2866 υἱῶν
1257 2813 1405 2867 Ἠλεὶ
1443 2812 1536 2867 τοῦ
1571 2813 1759 2885 ἱερέως
1790 2813 1969 2881 ὲξολό-

368 2904 628 2973 ορευσιν,
680 2903 782 2974 τὴν
822 2902 936 2957 τῶν
972 2902 1265 2974 μολυσμῶν
1306 2902 1665 2973 χειραγωγὸν.
1711 2901 1881 2955 Πόθεν
1912 2901 1970 2954 δὲ

362 2994 757 3059 τίκτεται,καὶ
780 2994 924 3058 τίνες
948 2995 997 3047 οἱ
1027 2993 1233 3064 ταύτης
1275 2994 1564 3062 ἁπόγονοι;
1601 2994 1698 3055 Τίς
1720 3010 1780 3047 τε
1800 2995 1827 3047 ὁ
1853 3009 1974 3047 συνε-

363 3089 585 3161 τρίδων
611 3088 820 3159 αὐτήν;
851 3087 962 3140 Καὶ
998 3086 1082 3149 τίς
1108 3089 1136 3139 ὁ
1166 3085 1449 3140 ἀπολλύων
1475 3086 1647 3157 αὐτὴν
1669 3089 1749 3149 είς
1776 3087 1964 3154 τέλος;

2077 601 2218 677 Ergo
2273 604 2451 660 malus
2489 606 2579 661 ille
2634 606 2851 663 veneris
2888 608 3124 677 satelles,
3161 611 3252 666 ubi
3279 614 3450 677 venit,
3487 614 3648 683 ridet,

2075 704 2128 751 et
2150 697 2390 771 primum
2418 713 2514 768 per
2541 712 2795 755 somnum
2829 699 3026 758 vinctis
3055 703 3310 760 manibus
3332 715 3387 761 et
3404 705 3652 775 pedibus,

2074 786 2271 844 deinde
2323 788 2589 860 quidquid
2640 789 2772 845 libet
2796 788 2949 859 facit,
3007 794 3358 865 animamque
3402 795 3564 851 simul
3602 803 3658 852 et

2074 895 2274 950 corpus
2317 879 2478 937 foedis
2526 883 2780 940 sordibus
2826 893 2882 940 et
2909 886 3334 955 phantasmatis.
3374 889 3656 945 obscenis-

2074 985 2179 1040 que
2204 970 2416 1041 egestis'
2429 972 2752 1030 humoribus
2784 975 3033 1046 inquinat
3061 985 3115 1031 et
3145 987 3494 1049 conspurcat.
3527 976 3656 1032 Stu-
3693 1004 3697 1009 -

2070 1062 2306 1132 pendunt
2328 1072 2414 1121 est
2442 1062 2628 1118 videre
2658 1079 2769 1134 quo
2800 1076 2959 1135 pacto
2988 1083 3142 1124 mens
3174 1070 3242 1122 ab
3271 1069 3418 1123 omni
3456 1084 3652 1139 corpo-

2069 1153 2150 1210 ris
2196 1155 2543 1210 concretionc
2581 1154 2788 1220 libera,
2832 1172 2863 1213 a
2893 1172 3120 1228 corpore
3172 1169 3349 1216 tamen
3397 1160 3652 1231 inquine-

2069 1252 2160 1300 tur
2188 1254 2245 1300 et
2271 1247 2594 1303 obscuretur
2627 1264 2642 1303 :
2682 1255 2737 1301 et
2767 1256 2956 1304 contra
2996 1264 3090 1318 per
3117 1265 3331 1305 caenum
3365 1259 3420 1307 et
3452 1251 3649 1319 lutum,

2070 1332 2123 1392 id
2152 1337 2298 1406 quod
2348 1338 2467 1393 sine
2499 1330 2734 1395 ’materia
2763 1347 2817 1401 et
2854 1356 3087 1410 corpore
3119 1352 3220 1408 est,
3264 1359 3484 1399 rursum
3518 1359 3652 1414 pur-

2069 1441 2226 1501 getur
2264 1442 2319 1487 et
2374 1440 2717 1489 extenuetur.
2765 1432 2820 1487 Si
2851 1432 3073 1488 Christo
3108 1451 3201 1504 per
3248 1430 3538 1506 angustam
3598 1416 3654 1491 et

2067 1539 2316 1595 asperam
2348 1525 2492 1578 viam
2543 1526 2876 1580 ambulando
2932 1526 3279 1581 adhaesurum
3312 1538 3363 1582 te
3404 1510 3653 1596 promisi-

2069 1617 2160 1681 sti,
2191 1631 2384 1672 coerce
2415 1627 2657 1672 ventrem
2690 1625 2844 1670 tuum
2879 1635 2893 1669 :
2924 1618 3068 1671 hunc
3105 1618 3248 1672 enim
3303 1618 3348 1674 si
3382 1619 3519 1673 bene
3554 1634 3652 1674 cu-

2070 1707 2298 1771 raveris,
2330 1716 2384 1762 et
2415 1708 2726 1779 saginatum
2774 1707 3104 1773 extenderis,
3147 1718 3299 1778 pacta
3332 1690 3455 1763 cum,
3500 1707 3653 1763 Chri-

2069 1810 2153 1855 sto
2186 1799 2320 1854 inita
2355 1799 2648 1854 rescidisti.
2690 1798 2946 1866 Attende,
2972 1806 3025 1853 et
3063 1800 3253 1855 audies
3284 1808 3593 1855 monentem
3635 1813 3651 1852 :

2070 1889 2208 1946 Lata
2236 1901 2285 1947 et
2316 1893 2554 1962 spatiosa
2610 1892 2696 1945 uia
2726 1900 2807 1947 est
2844 1892 3041 1945 ventris
3078 1907 3195 1962 qua’
3252 1892 3319 1946 ad
3371 1892 3652 1947 interitum

2068 1986 2300 2042 luxuria;
2323 1987 2551 2053 deducit,
2582 1996 2632 2041 et
2669 1986 2822 2040 multi
2848 1986 2969 2040 sunt
2998 1987 3088 2057 qui
3113 1986 3315 2041 intrant
3336 2005 3428 2056 per
3448 2004 3563 2041 eam
3582 1988 3649 2043 ⁸⁸.

2068 2079 2242 2147 Quam
2296 2089 2528 2152 angusta
2561 2088 2615 2135 et
2646 2087 2798 2133 arcta
2848 2087 2935 2135 est
2984 2078 3067 2133 via
3128 2079 3492 2144 abstinentim,
3533 2094 3653 2149 quae

2070 2174 2221 2228 ducit
2242 2173 2309 2227 ad
2332 2172 2495 2227 vitam
2527 2170 2818 2236 castitatis,
2864 2178 2919 2225 et
2951 2167 3109 2240 pauci
3143 2180 3291 2236 sunt,
3324 2172 3414 2241 qui
3450 2172 3655 2225 intrant

2069 2280 2165 2334 per
2184 2279 2327 2321 eam.
2373 2262 2589 2318 Lucifer
2649 2264 2901 2334 princeps
2952 2263 3260 2318 daemonum
3316 2272 3421 2328 est,
3468 2263 3558 2334 qui
3587 2262 3654 2317 de

2069 2358 2209 2412 caelo
2239 2357 2435 2413 cecidit
2464 2375 2477 2411 :
2512 2365 2566 2411 et
2592 2357 2717 2425 gula
2749 2355 2976 2421 ventris,
3007 2364 3171 2425 caput
3220 2355 3499 2410 vitiorum.
3546 2352 3651 2409 Ubi

2070 2449 2136 2505 ad
2162 2450 2483 2520 capiendum
2534 2450 2717 2504 cibum
2773 2448 3119 2514 aceubueris,
3168 2446 3222 2502 in
3279 2447 3461 2501 medio
3510 2462 3654 2516 pone

2070 2541 2265 2596 mortis
2293 2549 2343 2595 et
2367 2540 2560 2610 judicii
2592 2540 2934 2604 memoriam,
2963 2554 3104 2609 :egre
3145 2538 3291 2593 enim
3314 2538 3392 2592 vel
3427 2540 3507 2594 sic
3534 2553 3653 2593 mo-

2070 2635 2188 2691 dice
2216 2635 2401 2705 ‘gulam
2428 2633 2754 2689 rcfrenabis.
2774 2631 2877 2688 Ubi
2909 2632 3163 2702 poculum
3196 2631 3468 2686 bibiturus
3498 2645 3652 2684 sum-

2069 2727 2268 2799 pseris,
2312 2728 2449 2782 aceti
2482 2736 2535 2782 et
2577 2725 2720 2783 fellis
2752 2724 2967 2780 Domini
3002 2724 3078 2778 tui
3121 2739 3401 2794 nunquam
3458 2722 3653 2778 oblivi-

2072 2818 2263 2881 sceris,
2293 2827 2347 2871 et
2372 2817 2596 2871 omnino
2618 2816 2701 2870 vel
2723 2814 3000 2869 moderate
3023 2812 3176 2868 bibes
3204 2813 3285 2868 vel
3311 2813 3650 2882 ingemisees,

2068 2910 2154 2964 vel
2199 2919 2348 2964 certe
2375 2909 2638 2975 humilior
2673 2907 2801 2965 inde
2833 2916 2888 2964 et
2919 2906 3219 2963 modestior
3247 2906 3465 2962 evades.
3490 2904 3655 2974 208

2071 3002 2212 3056 Cave
2233 3016 2403 3066 erres,
2433 3015 2541 3055 non
2571 2999 2891 3055 libet-aberis
2924 3015 2954 3055 a
2982 2998 3286 3064 Pharaone,
3319 3013 3418 3053 nec
3442 2996 3653 3053 Pascha

2071 3094 2291 3149 caeleste
2347 3093 2558 3147 videbis
2603 3089 2979 3163 [celebrabis],
3028 3091 3133 3145 nisi
3181 3091 3382 3145 herbas
3435 3104 3653 3144 amaras

360 3184 525 3254 Λέγε
552 3184 703 3254 ἡμῖν,
736 3176 781 3238 ὦ
830 3182 863 3253 ἡ
923 3182 1141 3236 πάντων
1197 3179 1305 3233 τῶν
1367 3179 1575 3252 βροτῶν
1616 3181 1894 3252 τυραννὶς,
1929 3183 1962 3251 ή

2072 3197 2126 3243 et
2166 3201 2353 3257 azyma
2388 3201 2483 3255 per
2513 3201 2728 3240 omnem
2792 3183 2957 3239 vitam
3010 3183 3311 3239 comederis
3336 3181 3645 3255 [gustaris].

363 3277 590 3340 πάντας
640 3274 974 3346 ὠνησαμένη
1023 3274 1232 3345 χρυσίῳ
1283 3275 1611 3345 ἀπληστίας,
1659 3274 1825 3327 πόθεν
1865 3275 1963 3349 τὴν

363 3367 583 3423 εἴσοδον
616 3367 677 3421 ὲν
709 3367 841 3440 ἡμῖν
880 3367 1173 3436 κέκτησαι;
1207 3365 1303 3441 καί.
1348 3366 1401 3419 τί
1441 3366 1580 3441 μετά
1627 3367 1724 3439 τὴν
1760 3368 1963 3423 εἴσοδον

366 3458 585 3527 τίκτειν
616 3458 896 3531 πέφυκας
930 3458 1024 3512 καὶ
1050 3456 1134 3520 τίς
1179 3459 1214 3528 ἡ
1247 3440 1342 3511 σοῦ
1375 3456 1434 3522 ἐξ
1464 3460 1494 3526 ἡ
1505 3442 1622 3528 μῶν
1661 3458 1859 3525 ἕξοδος;
1897 3459 1963 3512 Ἠ

367 3550 440 3606 δὲ
467 3550 560 3605 ἐπὶ
590 3554 711 3615 ταῖς
740 3549 933 3622 ὕϐρεσι
962 3551 1265 3622 πονήσασα,
1290 3549 1428 3619 πρὸς
1448 3551 1599 3621 ,ἡμᾶς
1625 3551 1963 3622 τυραννικῶς

372 3646 412 3714 ἡ
451 3642 869 3715 μαιμάσσουσα,
894 3643 990 3697 καὶ
1015 3641 1182 3714 ἀγρία
1213 3643 1537 3713 ἀπεκρίνετο
1561 3659 1574 3671 ·
1595 3643 1659 3695 Τί
1697 3661 1762 3714 με
1797 3643 1963 3697 λοιδο-

376 3737 528 3809 ρίαις
557 3735 807 3808 βάλλετε,
841 3736 889 3790 oi
921 3736 1044 3806 ἐμοὶ
1084 3735 1379 3789 ὑπεύθυνοι
1415 3736 1806 3805 τυγχάνοντες;
1838 3735 1963 3799 Πῶς

374 3829 440 3884 δέ
471 3846 571 3900 μου
595 3828 933 3901 χωρισθῆναι
965 3827 1294 3894 σπουδάζετε
1314 3843 1337 3901 ί
1362 3825 1533 3894 Κάγὼ
1555 3828 1621 3898 τῇ
1654 3827 1813 3897 φύσει
1840 3844 1964 3881 συν-

648 3917 786 3991 έμοῦ
809 3916 973 3989 θύρα,
1004 3916 1165 3987 φύσις
1190 3917 1516 3988 βρωμάτων
1552 3915 1687 3988 ἐμοῦ
1713 3916 1770 3970 δὲ
1796 3916 1963 3989 ἀπλη-

387 4009 573 4079 στίαις
726 4011 984 4081 συνήθεια
1006 4010 1196 4074 αἴτιος·
1223 4009 1360 4080 ἐμοῦ
1386 4009 1443 4063 δὲ
1480 4010 1684 4076 πάθους
1706 4010 1961 4076 ὑπόθεσις

385 4102 653 4173 συνήθεια
692 4102 1063 4176 προλαϐοῦσα,
1104 4104 1200 4158 καὶ
1253 4103 1559 4175 ἀναλγησία
1608 4104 1805 4175 ψυχῆς,
1869 4105 1963 4160 καὶ

381 4195 743 4269 ἀμνημοσύνη
771 4195 1022 4251 θανάτου’
1057 4195 1173 4259 πῶς
1195 4195 1252 4249 δὲ
1274 4194 1382 4249 τῶν
1405 4194 1555 4266 ἐμῶν
1583 4195 1866 4263 ἀπογόνων
1894 4195 1962 4249 τὰ

372 4291 623 4362 ὀνόματα
648 4289 861 4362 ζητεῖτε
897 4289 1123 4362 μαθεῖν;
1148 4287 1591 4359 ὲξαριθμήσομαι
1615 4287 1835 4353 αὐτοὺς,
1865 4288 1961 4342 καὶ

372 4381 524 4454 ὑπὲρ
564 4381 746 4453 ἄμμον
781 4380 1276 4453 πληθυνθήσονταιο
1322 4380 1473 4450 ὅμως
1520 4379 1647 4442 τοὺς
1684 4379 1960 4450 πρωτοτό-

370 4494 510 4540 mg
555 4492 659 4547 μου
703 4476 800 4530 καὶ
845 4474 1166 4547 ἀγαπητοὺς
1202 4472 1472 4528 ἀκούσατε
1517 4473 1662 4537 τίνες
1692 4490 1960 4542 προσαγο-

2066 3283 2280 3335 Amarae
2306 3279 2490 3333 herba:
2539 3292 2633 3331 seu
2669 3277 2896 3331 lactucae
2922 3284 3165 3345 agrestes
3213 3284 3341 3329 sunt
3388 3273 3648 3328 violentia

2067 3385 2121 3429 et
2147 3373 2307 3428 labor
2332 3369 2704 3443 ieiuniorum;
2763 3382 2955 3438 azyma
2989 3381 3116 3421 vero
3151 3382 3306 3420 mens
3329 3380 3423 3419 seu
3455 3378 3649 3418 sensus

2067 3468 2130 3522 ad
2173 3465 2495 3522 modestiam
2539 3465 2659 3521 sine
2689 3464 2829 3518 fastu
2863 3461 3216 3532 compositus.
3264 3457 3401 3514 Dum
3435 3459 3575 3513 vivis
3596 3467 3651 3514 et

2065 3556 2261 3627 spiras,
2289 3556 2552 3609 inhaereat
2587 3550 2771 3608 animo
2802 3562 2897 3608 tuo
2943 3569 3041 3606 vox
3068 3550 3299 3606 dicentis
3349 3567 3362 3603 :
3400 3547 3510 3622 Ego
3530 3565 3648 3605 vero

2060 3632 2191 3703 dum
2222 3648 2370 3712 mihi,
2402 3647 2697 3713 daemones,
2731 3646 2974 3715 inquam,
3011 3644 3219 3698 molesti
3238 3654 3427 3710 essent,
3462 3644 3648 3697 indue-

2065 3728 2161 3795 Ιῆιι·
2186 3740 2382 3804 cilicio,
2419 3749 2467 3794 et
2494 3736 2840 3793 humiliaban’t
2873 3739 2923 3793 in
2950 3734 3159 3806 jejunio
3187 3735 3420 3789 animam
3450 3750 3641 3798 meam,

2065 3844 2113 3889 et
2139 3836 2310 3888 oratio
2340 3851 2453 3888 mea
2480 3834 2535 3886 in
2561 3833 2679 3885 sinu
2705 3831 2898 3885 anian
2947 3846 3076 3883 mea:
3107 3827 3412 3881 adhazrebat
3440 3826 3507 3879 ".
3557 3823 3649 3881 Je-

2058 3928 2277 3999 junium
2311 3935 2397 3982 est
2426 3927 2508 3980 vis
2549 3934 2759 3979 natura:
2790 3922 2967 3989 illata;
2995 3921 3223 3992 jejunio,
3250 3920 3491 3975 suavitas
3511 3920 3653 3989 gula:

2063 4025 2365 4085 coercetur,
2424 4013 2869 4085 ﬂammarcarnis
2914 4012 3305 4083 exstinguitur,
3360 4010 3649 4080 cogitatio—

2063 4125 2160 4165 nes
2186 4109 2342 4163 mala:
2360 4084 2776 4169 exscinduntur,
2815 4103 3086 4158 insomnia
3115 4100 3403 4168 tolluntur,
3441 4116 3506 4155 ex
3528 4116 3639 4170 quo

2062 4211 2251 4267 preces
2298 4209 2447 4266 purae
2478 4202 2803 4249 nascuntur.
2850 4190 3128 4261 Jejunium
3162 4199 3245 4245 est
3270 4190 3369 4244 lux
3428 4190 3646 4257 animae,

2064 4287 2314 4343 custodia
2372 4283 2594 4350 mentis,
2645 4282 2773 4339 circi
2825 4282 3005 4337 cordis
3068 4280 3416 4345 illuminatio,
3467 4279 3645 4348 janua

2064 4374 2534 4444 compunctionis,
2593 4371 2819 4427 humilis
2877 4371 3145 4441 gemitus,
3207 4370 3361 4425 la‘tus
3421 4369 3641 4425 contriti

2067 4464 2247 4519 cordis
2271 4463 2825 4533 luctus,loquacitatis
2852 4463 3105 4528 cessatio,
3120 4461 3431 4518 solitudinis
3449 4463 3648 4532 quietae
3734 4516 3739 4519 _

371 4539 647 4638 ρεύονται.
677 4567 808 4630 Υίδς
834 4539 1180 4638 πρωτότοκός
1211 4582 1334 4636 μου,
1371 4562 1629 4635 πορνείας
1670 4539 1963 4634 ὑπουργος,

2071 4559 2306 4623 occasio,
2332 4557 2648 4614 obedientia:
2674 4565 2880 4620 custos,
2907 4557 3087 4611 somni
3114 4554 3327 4621 levatio,
3346 4556 3492 4610 salus
3525 4571 3647 4610 cor-

369 4661 587 4714 ἐκείνου
610 4660 669 4714 δὲ
693 4659 946 4730 δεύτερος
988 4658 1295 4733 σκληρότης
1319 4658 1565 4730 καρδίας⁸
1590 4659 1619 4710 ὀ
1649 4656 1816 4722 ὖπνος
1844 4658 1967 4729 τρί-

366 4769 491 4818 τος,
522 4751 633 4825 (26)
669 4752 918 4807 θάλασσα
936 4750 1237 4822 λογισμῶν,
1267 4749 1490 4822 κύματα
1525 4749 1840 4822 μολυσμῶνο
1880 4750 1970 4821 βυ.

367 4841 473 4906 θδς
496 4841 789 4912 ἀγνώστων
815 4843 909 4898 καὶ
933 4842 1191 4914 ἀρρήτων
1219 4840 1331 4913 (27)
1361 4841 1716 4915 ἀκαθαρσίων
1741 4843 1801 4908 ἐξ
1830 4842 1964 4913 ἐμοῦ

364 4933 788 5005 ἐκπορεύονται.
834 4932 1001 5006 Ἐμοῦ
1034 4933 1332 5006 Θυγατέρες
1357 4935 1609 5006 ὀκνηρία,
1648 4935 1961 5004 πολυλογία,

364 5029 682 5100 παρρησία,
698 5026 1454 5100 γε).ωτοποιῒα,εύτραπελία,
1473 5010 1773 5098 ἀντιλογία,
1801 5028 1965 5098 σκλη-

370 5120 739 5192 ροτραχηλία,
781 5120 1031 5192 ἀνηκοῒα,
1080 5119 1434 5188 ἀναισθησία,
1464 5119 1834 5191 αἰχμαλωσία,
1865 5137 1966 5191 με·

364 5205 673 5279 ταλαυχία,
737 5206 1039 5278 θρασύτης,
1106 5208 1463 5280 φιλοκοσμία,
1534 5209 1602 5282 ἢν
1663 5209 1967 5282 διαδέχεται

370 5298 663 5370 προσευχὴ
696 5298 941 5369 ῥυπαρὰ,
973 5299 1067 5353 καί
1090 5299 1399 5371 ρεμδασμοὶ
1428 5300 1724 5373 λογισμῶν.
1758 5301 1966 5359 Πολλά-

366 5402 471 5450 κις
505 5386 567 5443 δὲ
605 5389 705 5443 καὶ
741 5388 1023 5461 συμφοραὶ
1052 5388 1366 5447 ἀνέλπιστοι
1410 5390 1505 5444 κοὶὶ
1546 5391 1964 5466 ἀπροσδόκητοι,

369 5476 470 5545 αἷς
499 5480 890 5554 προσωμίλησε
918 5481 1238 5537 ἀνελπιστία
1270 5484 1304 5553 ἡ
1337 5482 1561 5539 πάντων
1587 5483 1963 5556 χαλεπωτέρα·

370 5569 481 5638 ἐμὲ
528 5570 758 5642 πολεμεῖ
808 5572 928 5643 μὲν,
967 5571 1026 5625 οὗ
1059 5572 1185 5643 νικᾷ
1228 5572 1285 5625 δὲ
1334 5574 1523 5644 μνήμη
1583 5575 1962 5646 πταισμάτων

2069 4653 2243 4724 poris,
2273 4652 2445 4707 beatae
2472 4649 2884 4720 tranquillitatis
2929 4657 3145 4716 auctor,
3175 4658 3522 4718 peccatorum
3563 4664 3651 4704 re-

2070 4742 2281 4809 missio,
2337 4741 2573 4812 paradisi
2626 4750 2784 4813 porta
2828 4749 2882 4796 et
2944 4738 3215 4811 voluptas.
3249 4738 3571 4806 Quaeramus
3595 4752 3649 4795 et

2067 4849 2133 4899 ex
2157 4838 2259 4889 hoc
2299 4842 2509 4896 nostro,
2567 4831 2678 4887 imo
2728 4832 2975 4886 omnium
3020 4831 3287 4886 malorum
3333 4841 3649 4889 nostrorum

2065 4931 2366 4987 architecto
2389 4939 2443 4985 et
2488 4929 2729 4987 hostium
2787 4928 3029 4989 maximo
3059 4928 3226 5003 (gula,
3261 4928 3505 4999 inquam)
3531 4944 3653 4984 om-

2067 5022 2221 5078 nium
2279 5021 2538 5076 vitiorum
2570 5020 2818 5090 principe
2858 5028 2908 5075 et
2960 5029 3204 5086 auctore,
3233 5035 3299 5075 ex
3342 5035 3451 5090 quo
3489 5035 3651 5076 casus

2054 5112 2459 5183 _Adami_natus
2505 5119 2610 5176 est,
2644 5110 2738 5181 qui
2764 5111 2908 5187 Esau
2950 5110 3205 5182 perdidit,
3235 5110 3496 5177 Israelitis
3528 5110 3650 5165 exi-

2050 5207 2206 5267 tium
2231 5204 2438 5268 attulit,
2491 5201 2609 5260 Noe
2634 5206 2703 5259 ad
2733 5203 3090 5274 ignominiam
3133 5202 3389 5283 nudavit,
3408 5200 3648 5279 ﬁomor-

2070 5300 2227 5355 rbam
2278 5295 2546 5375 prodidit,
2605 5292 2710 5359 ιω
2772 5294 3113 5364 inquinavit,
3168 5291 3286 5363 Heli
3318 5286 3653 5375 ﬂvisacerd‘otis

2070 5372 2307 5459 ﬁliosad
2331 5392 2756 5451 internecionem
2795 5390 3020 5457 occidit,
3078 5389 3171 5459 qui
3197 5372 3445 5444 omnium
3467 5372 3654 5458 inqui-

2073 5487 2362 5547 nationum
2410 5499 2579 5541 causa
2616 5491 2675 5538 et
2708 5481 2825 5549 dux
2846 5490 2951 5539 est.
2980 5479 3083 5537 Sed
3106 5477 3253 5537 unde
3273 5479 3400 5551 gula
3436 5487 3489 5534 et
3527 5478 3652 5548 qui-

2075 5579 2180 5636 bus
2214 5594 2281 5633 ex
2331 5574 2651 5647 parentibus
2697 5574 2965 5639 nascitur,
3011 5586 3134 5643 quae
3163 5570 3331 5641 hujus
3358 5570 3645 5643 progenies

372 5661 655 5733 ἐχθραίνει
696 5679 785 5732 μοι
830 5664 909 5726 είς
958 5661 1104 5716 ἆπαν
1140 5661 1315 5717 ἔννοια
1352 5663 1610 5730 θανάτου,
1666 5666 1728 5719 τὸ
1766 5666 1821 5721 δὲ
1873 5666 1966 5739 ἐμὲ

2075 5669 2242 5742 209
2265 5678 2319 5726 et
2350 5666 2621 5739 nepotes?
2663 5665 2791 5737 quis
2826 5665 2974 5720 illius
3002 5662 3179 5721 hostis
3205 5662 3300 5736 qui
3328 5662 3477 5717 illam
3500 5658 3650 5716 elidit

451 5838 500 5873 “
528 5838 718 5895 Matth.
748 5842 961 5909 vn,15.
1042 5841 1087 5873 ι’
1123 5841 1269 5897 Psul.
1310 5856 1501 5907 xsxtv,
1537 5841 1604 5896 13
