4042 6478
435 385 535 448 8'71

439 504 532 550 aut
551 491 820 548 conterit?
859 491 970 546 Ede
995 493 1156 548 nobis
1200 492 1368 548 totius
1397 491 1614 561 generis
1641 491 1868 544 humani
1894 507 2024 546 cru-

439 588 579 642 delis
609 587 963 653 dominatrix,
1013 601 1135 657 quae
1184 601 1376 640 omnes
1413 581 1754 652 inexplebilis
1795 582 2022 637 vorandi

439 678 696 733 desiderii
732 693 865 732 auro
887 678 1090 741 emisti,
1117 677 1261 732 unde
1287 675 1383 730 tibi
1404 675 1610 730 aditum
1641 675 1709 728 ad
1738 689 1839 728 nos
1859 687 2022 744 para-

441 772 552 825 sti?
578 779 632 826 et
657 772 786 841 quid
836 771 892 826 in
926 770 1085 826 nobis
1136 779 1262 840 post
1293 769 1602 839 ingressum
1631 775 1784 820 tuum
1838 779 2026 821 creare

442 871 495 914 et
517 862 736 931 gignere
765 861 1080 914 consuesti?
1115 871 1171 914 et
1203 858 1328 929 quis
1361 867 1487 913 tuus
1521 872 1552 912 a
1575 855 1733 910 nobis
1753 854 2027 911 discessus

1673 380 1734 438 S.
1780 377 2100 438 JOANNIS
2143 379 2450 439 CLI’MACI

2053 533 2099 587 A

3601 365 3712 430 87?.

2127 489 2697 572 καταργοῦντελείως
2726 489 2784 542 ἐν
2807 486 3115 559 ἀνθρώποις
3146 483 3316 538 οὐδέν’
3365 483 3396 534 6
3432 479 3717 572 ittfjﬂ‘éﬂﬁr

2129 599 2219 646 νος
2241 571 2614 653 παράκλητον,
2638 581 2814 650 τούτῳ
2837 580 3154 649 ἐντυγχάνει
3184 575 3304 629 κατ’
3335 571 3493 644 ἐμοῦ’
3522 571 3717 626 κάκεῖ-

2131 692 2220 738 νος
2240 673 2602 744 δυσωπηθεὶς,
2625 671 2887 743 ἐμπαθῶς
2912 672 3013 724 οὐκ
3045 670 3110 740 ἐᾷ
3136 685 3204 737 με
3239 667 3507 737 ἐνεργεῖν·
3529 664 3579 715 οῖ
3601 660 3715 730 γὰρ

2131 766 2341 819 ἐκείνου
2377 765 2655 834 ἄγευστοι,
2689 763 2779 818 διὰ
2806 763 2907 834 τῆς
2945 761 3088 833 ἐμῆς
3120 761 3457 830 γλυκύτητος
3495 755 3718 817 πάντως

2133 857 2424 930 ἡδύνεσθαι
2451 856 2695 928 ζητοῦσι.

447 959 500 1003 et
536 949 753 1004 exitus?
785 950 874 1003 Illa
897 965 1028 1005 vero
1067 949 1343 1005 convictio
1375 948 1714 1010 everberata,
1761 944 1920 1000 nobis
1945 944 2098 1002 ferox
2156 948 2524 1018 [tendensque
2579 948 2732 1002 rabie
2769 947 2844 1002 ita
2871 945 3192 1017 respondit:
3221 942 3362 1010 Quid
3406 957 3494 997 me
3547 943 3724 995 male-

443 1042 606 1096 dictis
637 1041 929 1106 incessitis,
969 1056 1093 1096 cum
1133 1041 1270 1095 mihi
1304 1041 1425 1096 sitis
1445 1041 1712 1096 obnoxii?
1761 1041 2051 1109 Quomodo
2095 1057 2127 1096 a
2176 1056 2265 1097 me
2297 1041 2512 1111 sejungi
2564 1040 2783 1110 cupitis,
2825 1054 2967 1110 quos
3010 1038 3146 1094 mihi
3180 1045 3378 1091 natura
3426 1032 3722 1092 devinxit?

443 1136 617 1191 Janua
644 1153 760 1191 mea
795 1146 878 1191 est
937 1146 1132 1192 natura
1183 1137 1455 1204 ciborum,
1514 1136 1857 1208 inexplebilis
1909 1152 2040 1194 vero
2099 1137 2327 1193 vorandi
2364 1135 2639 1192 aviditatis
2698 1151 2888 1202 causa,
2932 1145 3017 1190 est
3050 1133 3300 1202 improba
3351 1130 3718 1188 consuetudo.

445 1227 643 1292 Radix,
679 1229 926 1297 inquam,
971 1227 1137 1298 hujus
1168 1230 1277 1283 mei
1303 1229 1421 1283 vitii
1449 1237 1554 1296 est,
1593 1238 1652 1284 ut
1685 1230 1798 1285 dixi
1834 1270 1850 1295 ,
1889 1233 2230 1284 consuetudo
2263 1229 2582 1300 anticipata.
2630 1237 2687 1284 et
2723 1238 2916 1298 stupor
2957 1227 3180 1296 quidam
3219 1226 3453 1288 animae,
3494 1233 3726 1278 morus-

444 1334 550 1387 que
572 1318 799 1373 oblivio.
845 1319 1133 1384 Quomodo
1181 1328 1366 1375 autem
1412 1320 1600 1374 multae
1639 1320 1845 1375 sobolis
1887 1335 2024 1375 meae
2055 1323 2280 1375 nomina
2329 1321 2619 1391 quaeritis?
2648 1317 2996 1375 Enumerabo
3033 1332 3152 1383 eos,
3196 1327 3252 1372 et
3281 1331 3445 1387 super
3485 1329 3714 1369 arenam

450 1412 985 1482 multiplicabuntur.
1021 1413 1383 1484 Primoganiti
1412 1423 1598 1470 tamen
1633 1415 1738 1470 mei
1771 1415 2015 1485 mihique
2055 1417 2110 1470 in
2167 1417 2360 1486 paucis
2388 1417 2546 1472 chari
2577 1416 2675 1485 qui
2725 1415 2862 1479 sint,
2903 1414 3109 1485 quique
3161 1422 3455 1477 vocentur,
3475 1409 3720 1472 .audite.

445 1506 667 1564 Primus
697 1517 784 1564 est
813 1509 1062 1564 minister
1110 1519 1165 1566 et
1193 1510 1376 1566 cinillo
1406 1510 1676 1578 luxuriaa;
1714 1510 1848 1566 alter
1877 1527 1907 1566 a
1935 1511 2136 1581 primo,
2188 1512 2373 1568 cordis
2429 1510 2696 1577 durities,
2732 1511 2928 1565 tertius
2971 1523 3221 1571 somnus,
3272 1521 3415 1577 quos
3469 1506 3719 1575 sequitur

451 1615 603 1655 mare
635 1600 980 1671 impurarum
1015 1602 1436 1673 cogitationum,
1477 1619 1543 1660 ex
1575 1604 1776 1674 quibus
1806 1613 2096 1658 moventur
2123 1604 2324 1660 ﬂuctus
2383 1603 2658 1660 fmdarum
2709 1600 3178 1673 inquinationum,
3228 1614 3294 1654 ac
3348 1599 3571 1654 demum
3630 1597 3717 1650 in-

447 1713 581 1766 gens
615 1698 925 1769 ignotarum
955 1711 1010 1757 et
1041 1699 1387 1755 infandarum
1423 1700 1670 1756 sordium
1695 1702 1944 1771 corporis
1987 1713 2042 1756 et
2089 1703 2322 1756 luxuriae
2367 1717 2436 1757 ex
2466 1717 2555 1757 me
2579 1700 2795 1756 sentina
2822 1707 2878 1753 et
2903 1712 3109 1768 vorago
3133 1705 3356 1750 exeunt.
3377 1693 3531 1749 Filiae
3559 1707 3725 1762 porro

447 1804 514 1842 ex
546 1805 632 1844 me
665 1800 808 1849 nata:
851 1803 980 1848 sunt
1011 1793 1240 1859 desidia,
1289 1793 1618 1864 loquacitas,
1645 1796 1823 1850 audax
1861 1794 2195 1850 conlldentia
2258 1811 2356 1852 seu
2394 1794 2645 1861 audacia,
2702 1793 2848 1848 risus
2911 1790 3226 1854 concitatio,
3287 1787 3597 1845 scurrilitas
3655 1785 3722 1848 ",

449 1882 832 1951 contradictio,
886 1885 1216 1955 pervicacia,
1273 1887 1638 1953 contumacia,
1673 1896 1866 1958 stupor
1923 1887 2098 1943 animi
2127 1897 2182 1943 et
2204 1887 2518 1958 captivitas,
2561 1887 2880 1943 thrasonica
2917 1883 3170 1955 jactatio,
3207 1881 3451 1938 studium
3474 1878 3726 1948 placendi

453 1976 661 2034 mundo
685 1975 850 2048 210
877 1992 1041 2046 quam
1073 1977 1323 2047 sequitur
1377 1978 1662 2048 inquinata
1718 1978 1972 2036 sordibus
2021 1981 2322 2038 immundis
2355 1979 2622 2052 precatio,
2686 1987 2741 2033 et
2790 1977 3068 2034 variarum
3127 1973 3378 2030 turbines
3439 1970 3726 2040 cogitatio-

457 2083 589 2120 num
628 2087 638 2121 :
669 2084 768 2122 nec
793 2083 918 2121 raro
955 2068 1121 2122 subiti
1151 2077 1206 2122 et
1239 2068 1596 2138 inexspectati
1643 2085 1805 2125 casus
1831 2084 1927 2125 seu
1991 2071 2356 2140 calamitates,
2407 2072 2632 2144 quibus,
2677 2085 2802 2141 qua
2853 2070 3101 2126 omnium
3156 2065 3451 2122 deterrima
3475 2073 3582 2127 est,
3635 2063 3728 2117 ad-

453 2162 625 2216 haeret
659 2161 992 2231 desperatio.
1040 2159 1125 2214 Me
1172 2171 1471 2231 Oppugnat,
1495 2162 1590 2217 sed
1650 2179 1758 2218 non
1817 2174 2114 2236 expugnat,
2147 2165 2411 2222 memoria
2463 2168 2870 2235 praeteritorum
2904 2175 3288 2236 pecccatorum
3322 2181 3336 2217 :
3368 2163 3726 2232 persequitur

453 2269 542 2309 me
580 2264 826 2309 extremo
888 2251 1015 2307 odio
1052 2252 1333 2307 meditatio
1366 2255 1575 2321 mortis,
1618 2255 1714 2311 sed
1756 2255 1892 2310 nihil
1941 2269 2024 2312 est
2065 2257 2125 2312 in
2167 2258 2389 2314 mortali
2436 2261 2548 2314 vita
2599 2257 2745 2330 quod
2793 2257 3020 2312 omnino
3049 2270 3139 2311 me
3169 2253 3447 2310 conﬁciat.
3476 2252 3582 2319 Qui
3609 2250 3726 2322 Spi-

459 2348 624 2400 ritum
685 2352 934 2401 sanctum
968 2344 1151 2412 habet,
1193 2360 1319 2400 cum
1360 2346 1466 2401 hoc
1509 2346 1621 2418 agit
1659 2358 1850 2403 contra
1879 2364 1986 2414 me,
2040 2358 2096 2404 et
2145 2350 2236 2407 ille
2265 2362 2524 2409 exoratus
2568 2351 2823 2424 prohibet
2873 2351 3078 2422 aliquid
3131 2349 3327 2406 vitiose
3378 2358 3434 2404 et
3485 2348 3726 2418 improbe

451 2456 615 2512 agere
651 2460 664 2495 :
696 2455 822 2496 nam
854 2443 949 2512 qui
982 2441 1137 2497 illum
1195 2441 1478 2499 cmlestcm
1511 2446 1912 2501 consolatorem
1981 2462 2089 2503 non
2127 2461 2446 2519 gustarunt,
2481 2453 2618 2509 meis
2658 2451 2932 2508 illecebris
2979 2451 3121 2522 capti
3155 2466 3251 2521 per
3283 2465 3372 2506 me
3406 2449 3634 2521 cupiunt
3660 2451 3722 2505 ad

453 2533 755 2590 satietatem
789 2532 1073 2587 delectari.

522 2624 801 2680 Generosa
858 2624 1027 2695 hujus
1082 2623 1200 2680 vitii
1232 2632 1317 2680 est
1365 2623 1614 2680 victoria.
1661 2623 1843 2681 Victor
1863 2636 2048 2698 aperta
2082 2639 2122 2694 Β

2237 2629 2482 2702 Ἀνδρεία
2498 2629 2644 2701 νίκη.
2674 2629 2734 2682 Ὃ
2763 2628 2989 2700 ἰσχύσας
3005 2626 3164 2697 δῆλος
3180 2627 3316 2699 πρὸς
3342 2627 3612 2682 ἀπάθειαν
3633 2627 3725 2680 καὶ

450 2718 538 2771 via
573 2725 856 2788 grassatur
888 2715 958 2770 ad
1005 2730 1276 2770 summam
1325 2715 1494 2770 animi
1523 2716 1973 2788 tranquillitatem
1995 2727 2044 2776 et

2155 2723 2512 2795 σωφροσύνην
2550 2721 2862 2795 ἀκροτάτην
2885 2720 3258 2792 ἐπειγόμενος.

450 2824 768 2882 supremam
800 2808 1239 2878 temperantiam.

789 2897 1086 2956 SCHOLIA
1121 2899 1212 2954 AD
1246 2899 1540 2956 GBADUM
1575 2899 1714 2956 XIV.

1115 2990 1192 3046 De
1242 2992 1389 3063 gula.

1064 3083 1319 3140 Scholion
1372 3085 1424 3140 l.

523 3177 643 3233 Non
671 3188 755 3234 est
795 3177 852 3233 in
877 3185 1065 3232 nostra
1121 3187 1388 3248 potestate
1414 3177 1605 3243 situm,
1647 3190 1707 3234 ut
1748 3179 1904 3236 nobis
1941 3180 2048 3235 im-

451 3273 641 3344 probae
684 3269 1064 3341 c0gitationes,
1104 3270 1515 3341 qualescunque
1549 3272 1681 3337 sint,
1708 3286 1816 3326 non
1854 3287 2050 3328 occur—

457 3374 578 3418 iant
628 3373 722 3416 aut
761 3361 1003 3417 molestae
1057 3362 1187 3417 sint.
1217 3359 1288 3417 Ut
1326 3371 1509 3418 autem
1552 3365 1835 3433 passiones
1897 3380 2049 3422 com-

456 3464 712 3508 moveant
739 3463 792 3507 et
823 3452 917 3508 diu
942 3453 997 3508 in
1049 3451 1209 3509 nobis
1243 3453 1505 3518 haereant,
1531 3465 1626 3509 aut
1656 3472 1764 3511 non
1794 3469 2051 3514 moveant

354 3571 365 3578 -
454 3554 510 3600 et
555 3545 821 3612 haereant,
857 3545 961 3601 hoc
995 3561 1126 3601 vero
1148 3546 1204 3601 in
1231 3546 1392 3602 nobis
1426 3546 1592 3602 situm
1623 3557 1727 3603 est.
1760 3548 2050 3620 Propterea

457 3647 704 3704 sanctus,
733 3645 925 3693 contra
955 3654 1054 3694 nos
1101 3639 1270 3710 ipsos,
1298 3640 1499 3709 inquit,
1550 3640 1931 3713 philosophari
1961 3643 2050 3698 in-

457 3727 762 3794 stituimus,
797 3728 1235 3800 philosophando
1270 3729 1430 3794 dixit,
1487 3730 1616 3800 quia
1665 3732 1720 3787 in
1777 3733 1937 3790 nobis
1967 3742 2052 3790 est

458 3834 570 3874 non
609 3818 750 3873 vinci
777 3819 846 3875 ab
870 3819 1052 3890 aliqua
1083 3821 1301 3875 illarum
1325 3822 1668 3891 passionum.

1066 3912 1319 3968 Scholion
1367 3913 1423 3968 2.

2519 2901 2819 2956 ΣΧΟΔΙΟΝ
2845 2892 2956 2954 ΕΙΣ
2988 2897 3216 2952 ΛΟΓΟΝ
3247 2898 3346 2952 ῙΔ’.

2605 2993 2746 3064 Περὶ
2781 2991 3268 3062 γαστριμαργίας.

2749 3083 3010 3154 Σχόλιον
3055 3088 3124 3138 α’.

2220 3175 2296 3230 Τδ
2335 3173 2701 3246 προσϐάλλειν
2742 3175 2838 3227 καὶ
2878 3173 3231 3245 παρενοχλεῖν
3259 3173 3386 3239 τοὺς
3409 3177 3510 3247 τῆς
3536 3179 3729 3242 κακίας

2161 3267 2556 3338 συλλογισμοὺς
2597 3267 2855 3334 γενικοὺς
2903 3267 2999 3319 καὶ
3027 3267 3240 3332 πάντας
3270 3270 3337 3338 τῇ
3365 3267 3512 3342 ψυχῇ
3553 3271 3728 3342 ἡμῶν,

2149 3359 2260 3414 τῶν
2291 3359 2393 3411 οὐκ
2419 3359 2506 3426 ἐφ’
2535 3359 2668 3428 ἡμῖν
2714 3358 2852 3410 ἐστι’
2885 3356 2946 3410 τὸ
2984 3357 3042 3410 δὲ
3083 3360 3254 3412 κινεῖν
3293 3359 3464 3422 πάθος
3511 3360 3606 3412 καὶ
3641 3362 3730 3427 ἐγ-

2149 3450 2418 3523 χρονίζειν
2466 3450 2678 3521 ήμῖν,ἦ
2711 3450 2809 3521 μὴ,
2860 3448 2968 3503 τῶν
3013 3450 3101 3520 ἐφ’
3147 3451 3280 3522 ἡμῖν
3336 3453 3490 3504 ἐστι’
3524 3453 3617 3506 καὶ
3648 3453 3730 3506 διὰ

2147 3539 2308 3594 τοῦτο
2352 3539 2474 3593 καθ’
2505 3539 2716 3594 ἑαυτῶν
2744 3541 2773 3592 6
2805 3538 2980 3607 ἆγιος,
3007 3539 3318 3609 φιλοσοφεῖν
3364 3540 3608 3611 εἴρηκεν·
3649 3539 3730 3609 ἐφ’

2148 3635 2286 3704 ἡμῖν
2311 3633 2420 3704 γάρ
2448 3635 2567 3687 ἐστι
2593 3631 2654 3685 τδ
2687 3633 2765 3704 μὴ
2787 3630 3056 3704 aream:
3082 3649 3189 3687 τινι
3222 3631 3450 3687 τούτων.

2757 3813 3020 3882 Σχόλιον
3052 3811 3118 3882 β’.

2239 3907 2414 3963 ὐκτώ
2436 3910 2545 3962 εἰσι
2576 3907 2776 3972 πάντες
2801 3909 2850 3962 οἱ
2884 3908 3236 3978 γενικώτατοι
3265 3908 3542 3980 λογισμοὶ,
3563 3908 3622 3963 ἐν
3651 3903 3728 3973 οἷς

531 4002 667 4059 Octo
724 4016 854 4060 sunt
903 4006 1373 4062 communissimae
1423 4008 1803 4078 cogitationes,
1845 4008 2044 4079 quibus

2152 4001 2466 4072 περιέχεται
2491 4000 2602 4063 πᾶς
2628 3999 2909 4070 λογισμόςο
2947 3999 3166 4071 πρῶτος
3207 4002 3236 4052 6
3261 4001 3358 4072 τῆς
3387 4017 3726 4074 γαστριμαρ-

459 4094 642 4149 omnis
670 4096 929 4167 cogitatio
955 4097 1463 4166 comprehenditur;
1496 4099 1670 4168 prima
1697 4099 1856 4170 gulae,
1881 4100 2047 4154 altera

461 4186 715 4253 luxuriae,
745 4187 906 4257 tertia
930 4190 1193 4255 avaritim,
1225 4200 1420 4259 quarta
1444 4191 1699 4257 tristitiae,
1722 4192 1910 4261 quinta
1932 4191 2045 4256 irae,

459 4287 613 4332 sexta
641 4279 864 4347 acediae,
893 4280 1126 4349 septima
1166 4297 1322 4337 vana:
1367 4283 1574 4352 gloriae,
1634 4285 1825 4338 ultima
1855 4298 2048 4354 super-

461 4367 563 4421 biae
596 4386 608 4421 :
652 4369 744 4423 sed
768 4379 829 4423 ut
863 4369 946 4424 hae
979 4385 1171 4425 omnes
1201 4374 1466 4437 molestae,
1525 4383 1619 4428 aut
1653 4389 1759 4427 non
1805 4374 2047 4428 molesta:

461 4461 568 4513 sint
596 4460 794 4515 anima:
819 4471 1043 4529 nostrae,
1082 4477 1191 4518 non
1218 4474 1302 4519 est
1333 4478 1535 4520 nostra:
1561 4466 1856 4526 facultatis.

941 4633 1043 4703 21
1057 4635 1100 4703 ι
1141 4634 1301 4688 Aliud
1331 4635 1565 4706 Eragrii.

535 4721 688 4776 Gulm
732 4722 957 4793 spiritus
1007 4739 1107 4780 seu
1151 4727 1412 4798 cogitatio
1465 4735 1738 4780 maturam
1777 4723 2046 4780 monacho

461 4815 820 4869 defectionem
857 4817 1128 4886 religiosa:
1171 4818 1584 4874 exercitationis
1617 4815 1897 4887 suggerit:
1927 4824 2045 4870 sto-

462 4908 716 4961 machum
772 4909 941 4974 enim,
991 4919 1045 4964 et
1091 4909 1281 4980 hepar,
1311 4919 1365 4964 et
1408 4910 1625 4974 lienem,
1668 4919 1722 4963 et
1767 4908 2044 4979 hydropen

461 4999 575 5053 sive
603 5014 802 5068 aquam
830 5000 1155 5056 intercutem
1185 5001 1430 5072 depingit
1458 5018 1507 5056 Cl
1528 5000 1789 5056 describit
1810 5000 1906 5064 illi,
1931 4999 2046 5053 diu-

461 5101 686 5146 turnum
712 5091 840 5146 item
877 5092 1132 5148 IDOI'blllll
1167 5101 1221 5147 ει
1251 5109 1434 5147 rerum
1464 5091 1896 5147 necessariarum
1925 5090 2044 5145 ino-

459 5186 628 5254 piam,
672 5195 728 5240 et
760 5184 1100 5238 medicorum
1125 5183 1450 5252 penuriam;
1484 5199 1624 5253 saepe
1651 5185 1816 5238 etiam
1839 5197 2045 5238 memo-

461 5275 597 5328 riam
625 5282 849 5328 revocat
886 5273 1120 5328 fratrum
1160 5273 1525 5342 quorumdatn
1549 5273 1644 5343 qui
1679 5273 1732 5328 in
1763 5274 1878 5328 haec
1901 5273 2042 5327 mala

459 5366 773 5419 ceciderunt
818 5382 833 5419 :

460 5456 608 5521 passi
635 5454 1020 5514 sunt,aﬂ'ectus
1049 5454 1283 5508 vitiosus
1315 5468 1442 5509 cum
1467 5455 1866 5511 abstinentibus
1886 5470 2039 5510 com-

463 5557 638 5610 paiat,
671 5555 733 5599 ut
776 5553 1000 5600 narrent
1037 5561 1177 5615 quas
1205 5545 1451 5615 perpessi
1484 5558 1614 5602 sunt
1661 5563 1958 5613 atrumuas,
1987 5557 2043 5602 et

463 5635 735 5700 quomodo
794 5635 848 5688 iu
905 5637 1025 5691 illas
1067 5635 1381 5698 inciderint,
1415 5652 1512 5690 seu
1549 5639 1768 5707 quando
1809 5639 1943 5694 tales
1971 5654 2037 5693 ex

464 5722 715 5794 religiosa
743 5726 1134 5782 exercitatione
1173 5727 1368 5781 redditi
1405 5727 1534 5782 sint.

534 5835 583 5868 '°
614 5833 820 5904 Ephes.
855 5855 906 5903 γ,
931 5837 964 5890 4
1002 5855 1015 5891 ;
1044 5837 1398 5909 ἐντραπελίᾳ.

2149 4093 2298 4161 γίας,
2326 4093 2422 4146 καὶ
2463 4091 2582 4162 μετ’
2609 4092 2774 4147 αὐτὸν
2799 4095 2828 4145 6
2869 4094 2968 4164 τῆς
3015 4093 3292 4164 πορνείαςο
3328 4094 3511 4164 τρίτος
3561 4096 3591 4146 6
3634 4093 3725 4162 τῆς

2152 4184 2538 4256 φιλαργυρίαςο
2567 4184 2826 4256 τέταρτος
2867 4186 2896 4238 6
2924 4186 3022 4254 τῆς
3052 4183 3252 4256 λύπηςο
3289 4185 3540 4256 πέμπτος
3574 4187 3602 4238 6
3632 4183 3724 4253 τῆς

2149 4277 2336 4348 ὀργῆς·
2360 4276 2518 4340 ἕκτος
2546 4278 2574 4330 6
2591 4278 2692 4348 τῆς
2714 4275 2960 4348 ἀκηδίας·
2986 4277 3213 4346 ἐόδομος
3235 4279 3262 4330 ὁ
3281 4279 3379 4347 τῆς
3402 4276 3720 4342 κενοδοξίας·

2146 4369 2331 4438 ὄγδοος
2365 4369 2395 4420 6
2432 4369 2530 4440 τῆς
2569 4369 2968 4441 ὑπερηφανίας
3001 4369 3222 4433 τούτους
3281 4371 3492 4433 πάντας
3531 4385 3724 4440 παρεν-

2147 4461 2326 4532 οχλεῖν
2367 4463 2466 4533 μὲν
2487 4464 2555 4532 τῇ
2581 4462 2808 4534 ψυχῇ,ῆ
2840 4462 2916 4536 μὴ
2944 4463 3316 4532 παρενοχλεῖν,
3345 4463 3453 4516 τῶν
3502 4464 3602 4516 οὐκ
3641 4462 3720 4530 ἐφ’

2149 4554 2282 4624 ἡμῖν
2315 4554 2484 4608 ἐστιν.

2681 4649 2862 4701 Ἀλλο
2897 4649 3214 4717 Εὐαγρίου.

2230 4738 2288 4790 ’0
2321 4737 2419 4808 μὲν
2447 4739 2545 4809 τῆς
2577 4741 3020 4812 γαστριμαργίας
3046 4740 3308 4810 λογισμὸς
3338 4741 3615 4794 ἔκπτωσιν
3637 4757 3722 4793 τα-

2151 4831 2304 4900 χεῖαν
2333 4831 2410 4901 τῷ
2433 4831 2651 4901 μονοιχῷ
2674 4831 2776 4901 τῆς
2799 4833 3086 4902 ἀσκήσεως
3116 4833 3428 4886 ὑποϐάλλει⁸
3459 4833 3723 4904 στόμαχον

2152 4923 2246 4975 καὶ
2272 4916 2446 4993 ἧπαρ,
2483 4923 2577 4974 καὶ
2612 4923 2842 4994 σπλῆνα,
2879 4925 2973 4978 καὶ
3007 4924 3233 4995 ὓδρωπα
3267 4925 3603 4995 διαγράφων,
3633 4925 3723 4977 καὶ

2149 5013 2304 5065 νόσον
2342 5013 2582 5084 μακρὰν,
2615 5013 2710 5066 καὶ
2745 5015 2954 5086 σπάνην
2981 5015 3199 5069 πάντων
3234 5015 3342 5069 τῶν
3378 5015 3719 5085 ἐπιτηδείων,

2149 5103 2244 5155 καὶ
2273 5103 2474 5173 ἰατρῶν
2509 5103 2764 5174 ἀπορίανο
2791 5105 2946 5175 φέρει
2982 5104 3038 5158 δὲ
3074 5104 3334 5169 πολλάκις
3370 5105 3464 5159 καὶ
3492 5107 3571 5168 εἰς
3594 5107 3723 5176 μνή·

2153 5213 2261 5266 μην
2310 5195 2555 5265 ἀδελφῶν
2605 5196 2816 5261 τούτοις
2860 5198 3263 5269 περιπεσόντων
3313 5201 3430 5262 τοῖς
3472 5197 3718 5250 πάθεσιν.

2154 5289 2313 5341 Ἔστι
2349 5288 2405 5342 δὲ
2437 5289 2525 5342 ὅτε
2569 5289 2663 5342 καὶ
2705 5289 2904 5353 αὐτοὺς
2937 5289 3181 5352 ἐκείνους
3233 5290 3360 5352 τοὺς
3389 5285 3718 5347 πεπονθότας

895 5374 980 5419 est
1011 5364 1175 5419 etiam
1215 5379 1340 5418 cum
1383 5364 1509 5419 illos
1563 5365 1733 5434 ipsos,
1776 5367 1871 5436 qui
1917 5364 2044 5420 talia

2153 5379 2488 5451 παραϐάλλει
2518 5379 2822 5435 ἀναπάθεια
2843 5383 2954 5444 τοῖς
2975 5380 3486 5452 ἐγκρατευομένοις·
3511 5376 3604 5431 καὶ
3626 5375 3718 5438 τὰς

2147 5471 2357 5526 ἑαυτῶν
2382 5473 2749 5544 ἐκδιηγεῖσθαι
2786 5473 3092 5545 συμφορὰς,
3115 5473 3208 5526 καὶ
3241 5473 3318 5536 ὡς
3343 5473 3405 5524 ἐκ
3431 5471 3527 5540 τῆς
3549 5465 3720 5536 ἀσκή-

2149 5580 2290 5627 σεως
2318 5562 2549 5618 τοιοῦτοι
2584 5565 2891 5632 γεγόνασιν.
