4042 6424
326 326 455 391 ΕἸΒ
1351 332 1579 391 SCALA
1616 330 1996 390 PARADISI.
2043 357 2098 370 -
2134 330 2443 390 GRADUS
2474 330 2627 390 XIV.

831 452 1093 519 Σχόλίον
1120 451 1367 519 Μάρκου
1400 459 1468 514 γ’.
1960 466 2008 520 Α
2050 494 2055 499 η

416 541 635 614 Ὥσπερ
671 542 820 613 λύκῳ
865 540 1138 612 πρόϐατον
1170 544 1230 596 οὺ
1268 543 1585 614 συνέρχεται
1630 544 1709 607 είς
1739 560 1927 597 τεκνο-

3512 337 3618 406 ετξ

2562 449 2732 520 Marci
2761 450 3008 505 Ercmila‘
3031 450 3082 503 5.

2097 546 2570 614 Quemadmodum
2625 526 2743 599 ovis
2776 559 2883 598 non
2925 542 3176 598 convenit
3202 558 3324 598 eum
3376 544 3505 615 lupo
3544 547 3616 600 ad

319 633 547 702 γονίαν⁹
577 635 751 700 οὕτως
779 634 902 688 οὔτε
928 635 1076 704 κόρῳ
1114 636 1276 700 πόνος
1300 636 1594 706 καρδιακδς
1618 638 1697 699 είς
1732 638 1912 705 κύησικ

2030 639 2397 708 generandum
2449 638 2640 705 fetum,
2687 640 2759 692 ita
2819 651 2921 690 nec
2955 635 3109 691 labor
3138 636 3320 692 cordis
3348 652 3480 695 cum
3511 638 3616 696 cibi

314 725 566 795 ἀρετῶν.
2028 733 2313 786 saturitate
2345 731 2410 786 ad
2438 732 2829 801 concipiendas
2863 730 3116 785 virtutes.

817 819 855 870 Σ
860 820 1075 886 χόλιον
1109 817 1359 871 ἸῙσιιΐου
1386 817 1446 871 δ’.

405 906 510 961 Διὰ
536 909 824 979 τεσσάρων
858 910 1206 981 πραγμάτων
1252 908 1587 979 πληθύνεται
1621 910 1654 979 ἡ
1702 912 1912 981 πορνεία

2098 912 2347 981 Quatuor
2375 913 2541 969 rebus
2571 922 2801 984 augetur
2842 914 3058 968 luxuria
3098 913 3348 984 corporis
3381 932 3394 967 :
3426 914 3601 968 multo

308 1000 425 1053 τοῦ
452 1000 727 1069 σώματος,
764 1000 855 1053 διὰ
895 999 990 1053 τοῦ
1022 1001 1353 1070 κοιμηθῆναι
1384 1001 1465 1063 εἰς
1490 1001 1670 1072 κόρον,
1701 1004 1793 1055 καὶ
1825 1020 1912 1071 φα-

2027 1021 2221 1063 somno
2268 1020 2442 1076 usque
2469 1005 2535 1060 ad
2588 1005 2913 1071 satietatem,
2956 1006 3080 1061 cibo
3130 1005 3197 1059 ad
3242 1005 3609 1073 saturitatem,

310 1095 448 1161 γεῖν
478 1093 565 1154 εἰς
589 1091 935 1162 πλησμονὴν,
974 1092 1066 1145 καὶ
1108 1091 1217 1145 ἀπὸ
1248 1091 1635 1162 εὐτραπελίας,
1682 1094 1775 1146 καὶ
1819 1094 1912 1148 ἀπέ

2026 1097 2359 1153 scurrilitate
2388 1096 2758 1163 seulevitate,
2793 1106 2845 1152 et
2876 1097 3024 1152 cultu
3050 1098 3317 1168 corporis.

310 1187 659 1256 κοσμήσεως
682 1183 778 1236 τοῦ
814 1183 1088 1252 σώματος.

949 1275 1213 1343 Σχόλιον
1244 1281 1305 1329 ε’.

2577 824 2741 878 Isaia:
2771 823 2979 877 abbatis
3013 824 3067 877 4.

2651 1255 2900 1313 Scholion
2931 1261 2982 1315 5.

397 1366 515 1419 Οὐκ
554 1366 613 1417 ὲν
640 1364 975 1427 οἱνοποσίαις
1003 1364 1100 1426 τὰς
1143 1362 1338 1434 ἑορτὰς
1367 1364 1473 1434 χρὴ
1505 1362 1766 1417 ἐκτελεῖν·
1809 1363 1912 1417 ὀιλλ¹

2101 1351 2225 1407 Dies
2254 1351 2374 1406 festi
2409 1366 2515 1406 non
2550 1360 2678 1407 sunt
2701 1349 3089 1406 exbauriendis
3115 1348 3315 1405 Bacchi
3346 1349 3611 1406 calicibus

307 1458 380 1510 ἑν
436 1455 779 1509 ἁνακαινίσει
810 1454 929 1518 νοὸς
959 1454 1052 1508 καὶ
1081 1454 1259 1524 ψυχῆς
1296 1453 1649 1524 καθαρότητιο
1679 1457 1706 1507 6
1730 1454 1787 1508 δὲ
1820 1472 1912 1523 γα-

2025 1443 2355 1509 celebrandi,
2389 1444 2482 1499 sed
2527 1442 2842 1498 renovando
2871 1441 3063 1517 spiritu
3099 1440 3299 1496 mentis
3333 1450 3389 1496 et
3419 1457 3611 1512 repur-

310 1546 702 1617 στριζόμενος,
736 1546 832 1599 καὶ⁷
880 1546 1176 1599 οζνοποτῶν
1219 1545 1546 1617 παροργίξει
1592 1546 1793 1617 μᾶλλον
1832 1546 1912 1600 τὸν

2024 1536 2203 1607 gando
2234 1537 2397 1591 corde
2432 1554 2446 1591 ι
2487 1536 2581 1606 qui
2609 1535 2754 1589 enim
2785 1534 2958 1589 ventri
2992 1542 3044 1588 et
3077 1532 3291 1587 Baccho
3322 1533 3462 1598 litat,
3496 1548 3611 1587 ma-

307 1635 422 1705 τῆς
452 1634 819 1706 πανηγύρεως
846 1634 1275 1706 προεξάρχοντα.

931 1729 1197 1796 Σχόλιον
1242 1728 1319 1793 ς’.

2025 1629 2107 1699 gis
2145 1627 2211 1683 ad
2246 1627 2383 1682 iram
2415 1636 2723 1682 commovet
2746 1625 3031 1696 prmsidem
3059 1625 3413 1681 celebritatis.

2365 1717 2381 1731 '
2652 1716 2903 1774 Scholion
2936 1716 2991 1771 6.

397 1820 590 1873 Ἔστιν
634 1821 663 1873 6
694 1818 865 1873 ποιῶν
908 1820 1150 1887 ἐντολὴν,
1192 1821 1288 1875 καὶ
1321 1823 1615 1893 προφανῶς
1652 1822 1912 1879 δουλεύων

2096 1812 2191 1868 Est
2222 1813 2317 1883 qui
2345 1811 2602 1869 observat
2642 1819 2999 1882 praeceptum,
3040 1809 3135 1866 sed
3177 1809 3357 1879 palam
3392 1808 3611 1866 vitiosis

316 1909 515 1974 πάθει,
551 1910 645 1963 καὶ
671 1909 761 1963 διὰ
791 1910 1048 1981 πονηρῶν
1091 1910 1367 1983 λογισμῶν
1398 1914 1609 1984 ἀγαθὴν
1641 1913 1912 1981 ἀφανίζων

2023 1907 2139 1962 suis
2168 1905 2455 1961 all‘eetibus
2490 1905 2757 1975 indulget,
2785 1913 2839 1959 et
2867 1919 2964 1975 per
3002 1902 3284 1974 improbas
3317 1901 3608 1972 cogitatio-

321 2002 559 2071 πρᾶξιν.

1031 2091 1237 2147 Ἄλλο.

419 2184 480 2235 '0
506 2183 638 2248 Θεὸς
663 2183 758 2249 τὰς
789 2185 1017 2256 πράξεις
1038 2185 1181 2240 κατὰ
1203 2185 1301 2249 τὰς
1328 2185 1597 2250 διαθέσεις
1619 2185 1912 2255 λογίζεταν

2023 2014 2121 2055 nes
2158 1998 2458 2069 exstinguit
2488 1997 2694 2052 bonum
2724 2011 2883 2065 opus.

2720 2086 2905 2141 Aliud.

2094 2182 2238 2238 Deus
2271 2183 2518 2237 actiones
2550 2196 2644 2237 seu
2670 2194 2835 2250 opera
2865 2193 2929 2234 ex
2954 2177 3151 2234 aﬂ'ectu
3176 2179 3376 2234 mentis
3403 2187 3605 2233 nostra:

325 2274 452 2346 Δῴη
507 2277 612 2346 γάρ
655 2294 755 2344 σοι,
805 2279 998 2350 φησὶν,
1049 2280 1080 2332 6
1130 2278 1335 2349 Κύριος
1374 2279 1515 2332 κατὰ
1562 2280 1661 2351 τὴν
1691 2279 1912 2350 καρδίαν

2022 2273 2292 2330 aestimat:
2333 2273 2449 2339 Det,
2483 2273 2681 2344 inquit,
2732 2271 2828 2327 tibi
2886 2271 3144 2326 Dominus
3182 2271 3470 2326 secundum
3512 2286 3602 2323 cor

319 2385 446 2423 σου.

987 2464 1030 2517 Σ
1032 2462 1243 2530 χόλιον
1265 2462 1332 2526 ζ’.

401 2551 768 2623 Ἐμπαίζεται
794 2555 900 2609 ὑπὸ
926 2555 1223 2626 δαιμόνων,
1247 2558 1275 2609 6
1296 2560 1361 2628 τῇ
1392 2557 1497 2628 ἰδίᾳ
1524 2556 1739 2610 συνέσει
1770 2572 1914 2610 στοι-

309 2642 433 2715 χῶν
481 2646 576 2698 καὶ
608 2646 761 2717 παρὰ
784 2645 853 2700 τὰ
880 2645 1283 2717 διατεταγμένα
1309 2647 1633 2719 βουλόμενος
1667 2647 1762 2718 ἀφ’
1787 2648 1915 2703 ἑαυ-

311 2734 417 2788 τοῦ
439 2734 773 2808 νομοθετεῖν.

930 2830 1190 2897 Σχόλιον⁸
1233 2836 1302 2901 η’.

394 2921 668 2991 ’Δμετρος
699 2921 924 2992 νηστεία
959 2922 1127 2987 ἐστὶν,
1151 2924 1185 2990 ὴ
1226 2920 1317 2975 τὸν
1348 2922 1541 2993 καιρὸν
1568 2921 1660 2976 τδν
1695 2939 1913 2995 νενομι-

2022 2377 2169 2421 tuum
2194 2366 2263 2421 '“.

2646 2457 2894 2513 Scholion
2928 2457 2978 2511 7.

2089 2551 2372 2609 Deluditur
2393 2566 2424 2606 a
2452 2550 2813 2617 daemonibus,
2838 2550 2931 2621 qui
2955 2564 3056 2621 pro
3081 2563 3184 2605 suo
3202 2549 3411 2620 privato
3436 2561 3600 2604 sensu

2018 2643 2264 2699 ambulat
2291 2651 2346 2699 et
2373 2643 2525 2711 vivit,
2561 2651 2616 2698 et
2643 2650 2840 2713 praeter
2862 2641 3183 2713 praescripta
3219 2639 3466 2707 Patrum,
3493 2639 3599 2695 sibi

2017 2736 2119 2808 ipsi
2151 2736 2297 2808 leges
2323 2736 2475 2792 dicit.

2634 2827 2886 2884 Scholion
2911 2827 2965 2882 8.

2085 2919 2508 2977 [inmoderatum
2550 2920 2825 2991 jejunium
2876 2928 2981 2988 est,
3021 2918 3168 2989 quod
3217 2918 3597 2989 praescriptum

301 3010 517 3080 σμένον
542 3011 915 3081 ἀναμένουσα,
950 3012 1296 3084 ἀχαλινώτως
1323 3012 1380 3066 δὲ
1402 3014 1460 3067 ἐν
1488 3015 1553 3085 τῇ
1582 3012 1684 3085 τῆς
1704 3014 1912 3085 τροφῆς

2022 3011 2230 3084 quidem
2262 3021 2478 3083 tempus
2525 3013 2798 3078 observat,
2842 3012 2937 3070 sed
2982 3011 3303 3067 imminente
3346 3009 3454 3065 cibi
3503 3024 3599 3066 ea-

302 3102 441 3174 ὥρᾳ
472 3103 609 3173 πρὸς
629 3103 729 3173 τὴν
758 3101 1040 3172 τράπεζαν
1071 3103 1301 3174 ὀρμῶσα
1332 3104 1425 3157 καὶ
1460 3105 1601 3175 μετὰ
1642 3106 1741 3177 τῆς
1776 3122 1909 3177 σαρ-

2012 3103 2196 3173 piendi
2249 3104 2385 3159 liora
2426 3102 2618 3160 eiireni
2664 3103 2904 3174 quodam
2952 3102 3155 3173 impetu
3206 3101 3479 3172 abripitur
3528 3100 3599 3156 ad

298 3195 434 3257 κὸς,
486 3195 582 3248 καὶ
647 3193 741 3248 τδν
793 3195 916 3249 νοῦν
976 3194 1115 3267 πρὸς
1166 3195 1265 3267 τὴν
1315 3195 1428 3251 τῶν
1484 3198 1909 3269 παρακειμένων

2022 3211 2283 3262 mensam,
2311 3205 2365 3252 et
2392 3212 2517 3252 cum
2544 3211 2776 3268 corpore
2805 3204 3044 3251 mentem
3075 3209 3295 3266 quoque
3326 3193 3393 3249 ad
3426 3206 3599 3264 appo~

294 3285 596 3359 ὕεα-μοῦσα
622 3286 837 3359 ἡδονήν.

710 3386 715 3399 ’
1017 3380 1220 3435 Ἄλλο.

386 3470 597 3525 Κακῶν
624 3470 836 3544 ἀνδρῶν
876 3472 976 3535 τὰς
1014 3472 1346 3544 συμϐουλίας
1386 3475 1751 3547 ἀποστρέφου·
1786 3474 1908 3530 δού-

302 3563 444 3627 λους
486 3565 597 3634 γὰρ
637 3564 994 3636 παρέστησαν
1024 3567 1253 3629 ἑαυτοὺς
1297 3568 1536 3637 γαστρός
1565 3585 1647 3633 τε,
1676 3569 1768 3622 καὶ
1800 3568 1909 3623 τῶν

305 3654 423 3711 ὑπὸ
446 3655 697 3727 γαστέρα
728 3655 944 3711 παθῶν.

894 3750 1078 3805 Ἄλλο
1121 3749 1349 3806 Ἰσαάκ.

399 3837 618 3916 11ka
665 3840 973 3904 ἀνάπαυσις
1027 3842 1154 3905 τοὺς
1203 3841 1357 3905 νέους
1412 3842 1607 3912 μόνους
1658 3841 1905 3911 βλάπτει,

313 3931 354 3999 ή
419 3928 575 3993 λύσις
634 3930 691 3985 δὲ
756 3932 853 3985 καὶ
909 3933 1037 3997 τοὺς
1089 3931 1329 3996 τελείους
1382 3933 1473 3985 καὶ
1530 3933 1656 3997 τοὺς
1718 3934 1909 4008 γέρον·-

312 4036 449 4083 τας.

431 4094 445 4108 ’
788 4112 1047 4182 Σχόλιον
1096 4111 1343 4182 Μάρκου
1375 4112 1442 4168 θ’.

399 4198 586 4251 Ἔστω
615 4215 695 4253 σοι
727 4203 831 4265 πᾶς
872 4204 901 4256 ὁ
945 4203 1361 4275 ἐναντιούμενος
1397 4205 1533 4276 πρὸς
1566 4204 1908 4276 κατόρθωσιν

304 4288 555 4347 ἐντολῶν
578 4286 733 4359 Θεοῦ,
758 4292 1048 4363 βδελυκτὸς
1082 4295 1178 4349 καὶ
1219 4295 1469 4368 μισητός·
1499 4295 1576 4367 τῷ
1605 4296 1830 4368 τοιούτῳ
1851 4297 1909 4351 δὲ

306 4381 394 4454 μὴ
421 4382 728 4437 συνεσθίειν
752 4386 936 4441 καλόν.

1016 4479 1218 4533 Ἄλλο.

396 4566 492 4621 Ἕν
547 4567 772 4637 ἀγαθοῖς
828 4568 925 4623 καὶ
973 4531 1233 4633 πλασθεὶς
1282 4573 1311 4624 6
1348 4569 1651 4642 ἄνθρωπος,
1684 4573 1780 4627 καὶ
1820 4591 1904 4627 τε·
1936 4531 1981 4588 D

299 4661 457 4726 θεὶς,
496 4662 681 4717 ἐκεῖνα
714 4662 811 4716 καὶ
850 4663 1184 4733 φαντάζεται
1223 4664 1317 4718 καὶ
1350 4665 1622 4737 ὀρέγεται·
1662 4665 1784 4721 ὅθεν
1824 4685 1909 4724 τι·

302 4753 403 4815 νὲς
470 4755 536 4823 τῇ
597 4754 739 4825 πρὸς
794 4755 866 4809 τὰ
914 4754 1139 4809 τοιαῦτα
1187 4754 1366 4828 θέρμῃ
1415 4757 1536 4811 ἀντὶ
1581 4757 1691 4813 τῶν
1741 4762 1909 4816 ὄντων

304 4843 458 4915 πρὸς
490 4844 561 4899 τὰ
596 4847 839 4916 παρόντα
870 4849 1166 4918 κεχήνασιν
1199 4848 1401 4916 ἀγαθά·
1437 4848 1518 4902 διὸ
1542 4852 1633 4905 καὶ
1664 4852 1911 4925 ἡπάτηνο

295 4953 428 4991 ται.

941 5032 1201 5100 Σχόλιον
1230 5029 1282 5087 ι’.

383 5118 538 5189 Ὀρα
584 5119 637 5173 τί
681 5136 869 5190 φησιν,
915 5121 998 5175 ὅτι
1042 5126 1144 5194 τῆς
1194 5125 1493 5196 πυρώσεως
1525 5128 1601 5191 ὡς
1645 5129 1909 5200 μάστιγος

292 5213 687 5283 λυτρούμεθα,
730 5213 823 5267 διὰ
870 5214 973 5284 τῆς
1018 5215 1228 5281 ἐνδείας
1266 5218 1366 5288 τῆς
1414 5221 1672 5292 γαστρός*
1720 5220 1906 5276 λοιπὸν

294 5302 447 5374 ἄρα,
484 5304 575 5359 καὶ
619 5303 709 5359 διὰ
740 5305 839 5376 τῆς
878 5306 1202 5378 πλησμονῆς
1248 5308 1418 5380 αὐτῆς
1458 5311 1840 5385 ἐπεισέρχεται
1870 5315 1904 5385 ἡ

296 5394 585 5465 πύρωσις·
620 5398 653 5468 ἡ
684 5396 791 5468 γὰρ
836 5398 1229 5473 μεμετρημένη
1264 5401 1441 5457 ἔνδεια
1488 5404 1546 5457 ἐν
1587 5406 1900 5478 μετριότητι

291 5490 411 5550 τὰς
456 5487 701 5559 κινήσεις
748 5485 857 5542 οἶδε
906 5490 1321 5559 κατασιγάζεινο
1352 5494 1387 5564 ἡ
1424 5492 1481 5546 δὲ
1510 5493 1649 5563 μετὰ
1675 5496 1904 5566 οἰήσεως

292 5575 525 5641 ἀσιτία,
562 5578 658 5631 καὶ
682 5579 931 5650 κινήσεις
964 5579 1057 5633 καὶ
1084 5579 1361 5651 πυρώσεις
1399 5568 1790 5655 ἐμπορεύεταιί

381 5778 434 5809 ⁸*
465 5777 747 5846 Psal.xrx,
768 5781 821 5837 5.

596 5870 867 5937 I‘ATROL.
902 5876 1020 5939 GR.
1055 5877 1419 5947 LXXXVIII.

2014 3290 2245 3345 sitorum
2282 3289 2616 3346 ferculorum
2647 3289 2982 3361 voluptatem
3014 3289 3256 3345 vinctam
3291 3290 3480 3345 trahit.

2614 3385 2777 3455 212
2813 3383 2999 3439 Aliud.

2082 3474 2354 3531 Malorum
2402 3476 2645 3531 virorum
2697 3475 2927 3532 consilia
2980 3489 3270 3542 aversare;
3324 3473 3598 3544 mancipia

2012 3567 2212 3637 quippe
2259 3567 2486 3635 ventris,
2516 3577 2571 3623 et
2617 3583 2739 3640 quae
2786 3568 2891 3624 sub
2936 3577 3124 3623 ventre
3168 3575 3298 3623 sunt
3337 3568 3594 3624 vitiorum

2013 3674 2133 3716 sese
2155 3660 2435 3716 exhibent.
3476 3664 3481 3667 ’

2601 3751 2766 3806 Aliud
2798 3750 3001 3806 Isaaci.

2083 3840 2252 3909 Quies
2307 3842 2440 3898 solis
2495 3842 2793 3913 juvenibus
2842 3852 3020 3910 nocet,
3078 3842 3367 3901 dissolutio
3410 3851 3593 3898 autem

2012 3934 2268 4004 perfectis
2292 3936 2456 3992 etiam
2485 3944 2537 3993 et
2564 3936 2809 3993 senibus.

2667 4109 2841 4164 Marci
2878 4107 2941 4163 9-

2082 4198 2345 4271 Quisquis
2391 4201 2712 4257 adversatur
2769 4199 3139 4257 observationi
3196 4206 3593 4270 praeceptorum

2011 4289 2128 4356 Dei,
2166 4293 2239 4349 sit
2281 4304 2596 4352 exsecratus
2614 4300 2680 4350 'et
2726 4294 2959 4361 invisus,
2991 4307 3116 4348 cum
3147 4307 3259 4363 quo
3293 4306 3394 4348 nec
3439 4290 3601 4344 cibus'

2012 4382 2233 4452 quidem
2269 4384 2572 4441 sumendus
2612 4392 2714 4441 est.

2710 4475 2898 4533 Aliud.

2086 4565 2262 4622 Homo
2296 4567 2352 4622 in
2386 4568 2547 4624 bonis
2575 4568 2845 4625 formatus
2877 4577 2932 4625 et
2964 4569 3179 4639 positus
3219 4568 3311 4624 illa
3344 4570 3461 4639 ipsa
3488 4569 3596 4625 sibi

2014 4659 2350 4729 imaginatur
2375 4670 2431 4716 et
2454 4662 2678 4731 appetit.
2704 4660 2860 4717 Unde
2890 4661 3094 4717 factum
3135 4670 3219 4717 est
3250 4670 3309 4718 ut
3344 4661 3596 4718 nonnulli

2013 4752 2083 4807 ab
2115 4751 2427 4823 hujusmodi
2457 4753 2692 4823 quodam
2733 4754 2903 4809 animi
2934 4754 3152 4811 fervore
3189 4756 3423 4826 abrepti,
3454 4772 3597 4828 praa-

2014 4844 2260 4900 sentibus
2298 4844 2459 4901 bonis
2505 4860 2605 4915 pro
2660 4846 2801 4903 veris
2854 4856 2966 4903 tota
3015 4857 3199 4906 mente
3249 4848 3621 4907 inbiarintet»

2013 4936 2224 5008 decepti
2253 4938 2383 4994 sint.

2621 5034 2871 5090 Scholion
2901 5033 2987 5089 10.

2080 5121 2215 5180 Vide
2241 5124 2371 5195 quid
2405 5126 2573 5191 dicat,
2609 5127 2756 5198 quod
2800 5143 2896 5197 per
2935 5128 3075 5198 gula:
3101 5135 3156 5184 et
3182 5128 3390 5182 ventris
3422 5127 3592 5182 casti-

2005 5216 2279 5284 gationem
2311 5219 2379 5275 ab
2418 5218 2672 5276 incendio
2722 5219 2940 5292 impuro
2969 5221 3214 5290 corporis
3259 5230 3519 5290 tanquam
3559 5236 3589 5276 a

2007 5304 2221 5377 ﬂagello
2268 5307 2567 5365 liberemur
2621 5327 2636 5364 :
2695 5325 2792 5382 per
2840 5311 3133 5383 ingluviem
3182 5324 3313 5366 vero
3370 5311 3588 5364 ﬂamma

2008 5397 2327 5454 exardeseat
2360 5400 2413 5455 in
2448 5401 2626 5457 nobis.
2657 5401 2949 5460 Mediocris
2979 5401 3200 5458 afﬂictio
3223 5401 3433 5457 ventris
3461 5416 3588 5455 eum

2009 5489 2175 5547 modo
2206 5493 2472 5559 adhibita,
2507 5504 2690 5551 motus
2739 5495 2983 5566 corporis
3016 5492 3319 5564 compescit
3355 5509 3371 5547 :
3410 5490 3589 5547 inedia

2009 5599 2141 5639 vero
2190 5599 2315 5640 cum
2365 5587 2450 5642 sui
2498 5587 2904 5643 existimatione
2952 5586 3247 5655 conjuncta
3284 5590 3588 5642 commovet

2012 5689 2216 5747 corpus
2244 5687 2299 5734 et
2334 5678 2559 5736 libidine
2592 5679 2907 5735 inﬂammat.

3196 5885 3271 5954 28
