4042 6476
3595 370 3706 436 871

2121 495 2434 566 καταργοῦν
2469 494 2692 557 τελείως
2720 494 2779 546 ὲν
2802 491 3109 564 ἀνθρώποις
3140 489 3310 543 οὐδέν·
3359 488 3389 540 ὁ
3427 484 3710 556 κτησάμεν-

2123 603 2214 650 νος
2235 571 2608 658 παράκλητον,
2633 585 2809 655 τούτῳ
2832 585 3149 653 ἐντυγχάνει
3178 580 3298 634 κατ’
3329 577 3488 648 ὲμοῖν
3516 577 3712 631 κάκεῖ-

434 682 693 737 desiderii
729 697 861 736 auro
883 681 1084 744 emisti,
1111 679 1254 735 unde
1279 679 1376 734 tibi
1398 677 1604 732 aditum
1635 677 1703 732 ad
1731 692 1832 732 nos
1852 691 2015 747 para-

2136 696 2213 742 νος
2235 677 2596 748 δυσωπηθεὶς,
2619 675 2882 748 ἐμπαθῶς
2906 676 3007 728 οὐκ
3039 674 3104 745 ἑᾷ
3130 689 3198 742 με
3233 672 3501 742 ἐνεργεῖνο
3523 669 3572 720 οῖ
3593 666 3708 736 γὰρ

435 774 548 828 sti?
573 782 628 829 et
653 775 781 846 quid
831 775 888 830 in
922 774 1079 828 nobis
1130 781 1256 842 post
1286 772 1595 842 ingressum
1623 778 1778 823 tuum
1833 783 2020 825 creare

2136 769 2335 823 ἐκείνου
2371 769 2649 838 ἄγευστοι,
2683 767 2773 823 διὰ
2801 768 2901 838 τῆς
2939 765 3082 838 ὲμῆς
3113 765 3451 835 γλυκύτητος
3488 760 3711 822 πάντως

435 873 489 916 et
511 866 730 934 gignere
759 862 1074 917 consuesti?
1109 873 1164 916 et
1196 861 1321 931 quis
1355 870 1480 916 tuus
1514 876 1544 915 a
1567 859 1726 914 nobis
1746 857 2021 915 discessus

2136 861 2418 934 ἡδύνεσθαι
2444 860 2688 932 ζητοῦσι.

441 961 493 1006 et
529 952 746 1006 exitus?
776 953 867 1005 Illa
892 966 1021 1007 vero
1060 952 1336 1007 eonvictio
1367 951 1707 1014 everberata,
1754 947 1915 1003 nobis
1939 948 2092 1006 ferox
2149 952 2517 1022 {tendensque
2572 953 2726 1008 rabie
2762 952 2838 1006 ita
2864 949 3186 1022 respondit:
3213 948 3356 1015 Quid
3398 962 3487 1002 me
3539 949 3714 1000 male-

436 1044 600 1098 dictis
631 1043 923 1108 incessitis,
961 1058 1086 1098 cum
1125 1043 1263 1098 mihi
1297 1044 1418 1099 sitis
1438 1045 1705 1099 obnoxii?
1755 1045 2044 1112 Quomodo
2088 1061 2120 1101 a
2168 1060 2258 1100 me
2290 1045 2505 1115 sejungi
2557 1044 2776 1114 cupitis,
2818 1059 2960 1114 quos
3003 1043 3140 1097 mihi
3173 1050 3370 1096 natura
3418 1038 3714 1098 devinxit?

436 1138 610 1192 Janua
637 1154 751 1192 mea
787 1147 870 1192 est
930 1149 1125 1195 natura
1176 1139 1448 1207 ciborum,
1507 1139 1850 1211 inexplebilis
1901 1156 2033 1196 vero
2091 1141 2320 1196 vorandi
2357 1140 2632 1196 aviditatis
2691 1154 2880 1206 causa,
2924 1149 3009 1195 est
3043 1137 3292 1206 improba
3343 1135 3709 1194 consuetudo.

437 1229 636 1294 Radix,
672 1230 920 1298 inquam,
964 1230 1130 1300 hujus
1161 1232 1270 1286 mei
1295 1232 1413 1286 vitii
1442 1240 1546 1299 est,
1585 1241 1645 1287 ut
1677 1233 1791 1288 dixi
1827 1273 1842 1298 ,
1882 1236 2223 1288 consuetudo
2257 1234 2574 1304 anticipata.
2623 1241 2680 1288 et
2715 1242 2908 1303 stupor
2949 1232 3173 1302 quidam
3212 1231 3445 1294 animae,
3486 1239 3718 1284 morus-

436 1335 542 1389 que
565 1319 790 1374 oblivio.
837 1321 1126 1387 Quomodo
1175 1331 1359 1377 autem
1405 1322 1592 1378 multae
1631 1324 1838 1378 sobolis
1880 1338 2017 1378 meae
2047 1326 2272 1378 nomina
2322 1325 2612 1395 quaeritis?
2641 1322 2989 1379 Enumerabo
3026 1337 3144 1389 eos,
3189 1331 3244 1377 et
3273 1337 3437 1392 super
3477 1335 3704 1375 arenam

442 1413 978 1484 multiplicabuntur.
1014 1415 1375 1487 Primogeniti
1404 1425 1590 1473 tamen
1624 1417 1731 1473 mei
1763 1418 2008 1488 mihique
2047 1421 2104 1474 in
2159 1421 2352 1490 paucis
2379 1421 2538 1476 chari
2569 1421 2667 1490 qui
2717 1419 2854 1484 sint,
2895 1418 3101 1490 quique
3153 1416 3712 1482 vocentur,.audite.

437 1509 660 1566 Primus
690 1520 775 1566 est
804 1512 1055 1568 minister
1103 1522 1158 1568 et
1185 1513 1368 1569 ciniﬂo
1397 1513 1667 1581 luxuriae;
1706 1513 1840 1569 alter
1869 1531 1899 1569 a
1928 1515 2128 1584 primo,
2180 1516 2364 1572 cordis
2421 1515 2688 1582 durities,
2724 1515 2920 1569 tertius
2963 1528 3213 1577 somnus,
3264 1526 3406 1582 quos
3460 1511 3708 1580 sequitur

443 1616 596 1658 mare
628 1602 973 1673 impurarum
1007 1605 1428 1675 cogitationum,
1469 1621 1535 1662 ex
1566 1607 1768 1676 quibus
1798 1615 2088 1662 moventur
2115 1607 2316 1664 ﬂuctus
2375 1607 2650 1664 foedarum
2701 1605 3171 1677 inquinationum,
3220 1620 3286 1659 ac
3341 1604 3562 1659 demum
3621 1603 3707 1656 in-

439 1714 574 1768 gens
607 1700 918 1771 ignotarum
947 1713 1002 1759 et
1033 1701 1378 1758 infandarum
1415 1703 1662 1759 sordium
1687 1706 1936 1774 corporis
1979 1716 2034 1759 et
2081 1706 2313 1760 luxnria:
2359 1721 2428 1761 ex
2458 1722 2546 1761 me
2571 1704 2787 1760 sentina
2814 1711 2869 1758 et
2895 1716 3100 1772 vorago
3125 1709 3348 1756 exeunt.
3368 1699 3522 1754 Filiae
3550 1712 3715 1768 porro

439 1806 507 1843 ex
538 1806 624 1846 me
658 1801 800 1850 nata:
843 1805 973 1851 sunt
1003 1795 1231 1862 desidia,
1281 1795 1609 1867 loquacitas,
1636 1799 1814 1853 audax
1853 1797 2186 1854 conﬁdentia
2249 1814 2346 1856 seu
2386 1799 2636 1865 audacia,
2693 1797 2839 1853 risus
2902 1796 3218 1859 concitatio,
3279 1793 3589 1850 scurrilitas
3645 1791 3711 1854 ⁸⁸,

441 1883 825 1952 centu-adietio,
878 1887 1208 1957 pervicacia,
1265 1889 1629 1956 eontumaeia,
1665 1899 1858 1960 stupor
1915 1891 2090 1946 animi
2119 1901 2174 1946 et
2195 1892 2510 1962 captivitas,
2552 1891 2871 1948 thrasonica
2909 1889 3162 1960 jactatio,
3199 1886 3442 1944 studium
3466 1884 3714 1954 placendi

444 1977 653 2035 mundo
677 1977 842 2050 210
869 1973 1032 2048 quam
1064 1979 1315 2049 sequitur
1368 1980 1654 2051 inquinata
1709 1981 1963 2038 sordibus
2012 1984 2313 2042 immundis
2346 1984 2613 2056 precatio,
2677 1992 2732 2038 et
2781 1983 3060 2038 variarum
3119 1979 3370 2035 turbines
3431 1975 3714 2046 cogitatio-

449 2084 580 2122 num
619 2085 760 2124 :ncc
785 2085 909 2123 raro
947 2069 1112 2124 subiti
1143 2079 1197 2124 et
1231 2070 1588 2141 inexspectati
1635 2087 1797 2128 casus
1822 2088 1918 2129 seu
1982 2075 2348 2144 calamitates,
2399 2076 2624 2148 quibus,
2669 2090 2792 2146 quae
2844 2075 3092 2130 omnium
3147 2070 3443 2127 deterrima
3467 2079 3573 2133 est,
3625 2069 3714 2123 ad-

446 2163 617 2217 haeret
650 2162 984 2232 desperatio.
1031 2161 1116 2217 Me
1163 2173 1463 2234 oppugnat,
1486 2165 1581 2220 sed
1641 2181 1749 2220 non
1807 2178 2105 2239 expugnat,
2138 2169 2402 2226 memoria
2455 2172 2860 2239 praeteritorum
2895 2181 3279 2241 pecccatorum
3313 2186 3327 2222 :
3359 2169 3714 2238 persequitur

445 2271 533 2310 me
571 2266 818 2310 extremo
879 2253 1006 2308 odio
1043 2254 1324 2309 meditatio
1357 2258 1566 2323 mortis,
1609 2257 1705 2313 sed
1747 2258 1883 2313 nihil
1931 2272 2015 2316 est

2158 2261 2379 2318 mortali
2427 2265 2538 2319 vita
2590 2262 2736 2334 qnod
2784 2262 3012 2317 omnino
3041 2275 3130 2316 me
3161 2259 3438 2315 conficiat.
3467 2257 3571 2326 Qui
3600 2256 3712 2328 Spi-

449 2349 616 2401 ritum
676 2354 924 2402 sanetum
959 2346 1142 2414 habet,
1184 2362 1310 2402 cum
1351 2348 1457 2404 hoc
1500 2349 1612 2420 agit
1651 2360 1840 2406 contra
1870 2367 1977 2417 me,
2031 2362 2087 2408 et
2136 2353 2227 2410 ille
2255 2367 2514 2413 exoratus
2559 2356 2814 2429 prohibet
2863 2355 3069 2427 aliquid
3122 2355 3318 2411 vitiose
3369 2363 3426 2410 et
3475 2354 3712 2424 improbe

429 386 529 450 871
1667 383 1728 441 S.
1774 380 2093 442 JOANNIS
2137 383 2445 442 CLIMACI

434 505 527 552 aut
545 495 816 551 conterit?
855 493 966 550 Ede
990 495 1150 551 nobis
1195 495 1364 550 totius
1392 493 1608 563 generis
1634 493 1862 548 humani
1888 510 2019 549 cru-

435 537 527 552 -...
547 537 809 551 w.........
856 537 966 550 ..νυ
991 537 1150 551 .....,..,
1197 537 1364 550 ηπ..-
1392 537 1608 563 νην..-
1635 537 1862 548 ......._...
1888 537 2013 549 νην

435 591 575 645 delis
605 591 959 656 dominatrix,
1009 604 1130 660 qua!
1177 603 1369 643 omnes
1407 584 1747 655 inexplebilis
1789 585 2014 640 vorandi
2047 537 2094 591 Α

442 2457 606 2513 agere
641 2460 654 2496 :
686 2457 812 2496 nam
845 2444 939 2514 qui
973 2443 1127 2498 illum
1186 2443 1469 2501 caelestem
1502 2449 1902 2505 consolatorem
1971 2466 2079 2506 non
2118 2464 2436 2522 gustarunt,
2472 2457 2609 2513 meis
2649 2456 2922 2514 illecebris
2969 2457 3112 2528 capti
3145 2471 3242 2526 per
3274 2470 3363 2511 me
3397 2454 3620 2526 cupiunt
3647 2457 3708 2511 ad

443 2534 746 2592 satietatem
779 2534 1063 2589 delectari.

513 2625 792 2682 Generosa
848 2625 1016 2696 hujus
1071 2625 1191 2682 vitii
1223 2635 1308 2682 est
1356 2626 1605 2683 victoria.
1653 2626 1834 2684 Victor
1854 2640 2038 2701 aperta
2071 2642 2112 2697 Β

2227 2633 2473 2707 Ἀνδρεία
2488 2634 2634 2705 νίκη.
2665 2633 2725 2686 '0
2753 2632 2978 2704 ἰσχύσας
2996 2632 3154 2702 δῆλος
3171 2632 3307 2704 πρὸς
3333 2633 3600 2688 ἀπάθειαν
3620 2633 3708 2686 καὶ

441 2719 528 2772 via
563 2727 847 2789 grassatur
878 2717 948 2771 ad
995 2733 1267 2773 summam
1316 2717 1485 2773 animi
1513 2720 1962 2791 tranquillitatem
1986 2731 2039 2779 et

2145 2727 2503 2800 σωφροσύνην
2541 2725 2852 2799 ἀκροτάτην
2875 2725 3249 2797 ἐπειγόμενος.

441 2826 758 2883 supremam
791 2810 1229 2880 temperantiam.

779 2898 1076 2958 SCHOLIA
1111 2902 1202 2957 AD
1237 2901 1531 2959 GRADUM
1565 2901 1704 2959 XIV.

1106 2993 1182 3048 De
1232 2994 1379 3065 gula.

1053 3085 1309 3142 Scholion
1361 3087 1414 3141 l.

513 3177 633 3234 Non
661 3189 745 3235 est
785 3178 841 3234 in
865 3186 1054 3234 nostra
1111 3189 1378 3249 potestate
1404 3179 1594 3246 situm,
1638 3193 1696 3237 ut
1738 3182 1894 3239 nobis
1931 3184 2037 3238 im-

442 3273 631 3345 proba:
673 3271 1054 3342 cogitationes,
1093 3271 1505 3343 qualescunque
1538 3275 1670 3340 sint,
1698 3289 1806 3330 non
1843 3291 2039 3332 oecur-

447 3375 568 3420 iant
618 3375 712 3418 aut
750 3363 993 3418 molestae
1047 3363 1177 3418 sint.
1207 3361 1277 3420 Ut
1316 3373 1497 3420 autem
1541 3368 1824 3436 passiones
1885 3383 2038 3425 com-

446 3466 702 3509 moveant
728 3463 782 3509 et
812 3453 907 3509 diu
931 3455 987 3510 in
1039 3454 1199 3512 nobis
1233 3456 1493 3520 haereant,
1519 3469 1614 3512 aut
1644 3475 1753 3514 non
1784 3472 2040 3518 moveant

343 3572 354 3579 ι
444 3555 500 3601 ct
544 3546 810 3614 haereant,
846 3546 950 3603 hoc
985 3562 1114 3603 vero
1137 3549 1193 3604 in
1219 3550 1381 3605 nobis
1415 3549 1580 3604 situm
1611 3560 1716 3606 est.
1748 3551 2040 3623 Propterea

446 3648 694 3706 sanctus,
723 3647 914 3695 contra
944 3656 1044 3696 nos
1090 3642 1258 3712 ipsos,
1285 3643 1488 3712 inquit,
1539 3643 1920 3716 philosophari
1951 3647 2039 3701 in-

447 3728 751 3796 stituimus,
786 3730 1223 3802 philosophando
1257 3732 1418 3797 dixit,
1476 3733 1604 3803 quia
1653 3735 1709 3790 in
1767 3736 1926 3793 nobis
1955 3745 2040 3793 est

449 3835 558 3876 non
597 3820 739 3875 vinci
766 3821 834 3876 ab
859 3821 1041 3891 aliqua
1071 3823 1289 3878 illarum
1313 3825 1657 3894 passionum.

1054 3915 1308 3970 Scholion
1356 3915 1411 3970 2.

2509 2905 2809 2960 ΣΧΟΛΙΟΝ
2835 2897 2945 2958 ΕΙΣ
2977 2901 3206 2957 ΛΟΓΟΝ
3237 2903 3335 2958 ΙΔ’.

2595 2997 2736 3068 Περὶ
2771 2995 3258 3067 γαστριμαργίας.

2739 3089 3000 3158 Σχόλιον
3045 3093 3114 3143 α’.

2210 3179 2285 3233 Τὸ
2324 3178 2690 3250 προσϐάλλειν
2731 3179 2827 3232 κοιλ⁵
2867 3178 3221 3250 παρενοχλεῖν
3249 3179 3376 3244 τοὺς
3399 3183 3499 3253 τῆς
3525 3183 3710 3248 κακίας

2151 3271 2546 3343 συλλογισμοὺς
2586 3271 2844 3340 γενικοὺς
2892 3272 2988 3324 καὶ
3017 3273 3230 3336 πάντας
3259 3275 3326 3344 τῇ
3355 3273 3501 3347 ψυχῇ
3541 3276 3710 3347 ἡμῶν,

2138 3363 2250 3417 τῶν
2280 3362 2382 3415 ούκ
2408 3363 2494 3430 ἐφ’
2524 3363 2656 3432 ἡμῖν
2703 3363 2840 3414 ἐστι·
2874 3361 2935 3415 τὸ
2973 3361 3031 3414 δὲ
3073 3365 3244 3417 κινεῖν
3281 3365 3453 3428 πάθος
3499 3367 3592 3418 καὶ
3627 3367 3712 3432 ὲγ-

2138 3455 2408 3526 χρονίζειν
2455 3455 2608 3526 ἡμῖν,
2635 3455 2668 3525 ἦ
2700 3454 2798 3525 μὴ,
2849 3453 2958 3508 τῶν
3001 3455 3090 3525 ἐφ’
3136 3457 3270 3527 ἡμῖν
3325 3458 3479 3510 ἔστι·
3513 3459 3604 3512 καὶ
3633 3458 3713 3511 διὰ

2136 3543 2297 3598 τοῦτο
2341 3543 2462 3597 καθ’
2494 3543 2705 3598 ἑαυτῶν
2733 3545 2762 3597 ό
2795 3542 2968 3612 ἅγιος,
2996 3544 3308 3614 φιλοσοφεῖν
3352 3546 3595 3617 εἴρηκενο
3634 3544 3712 3615 ἐφ’

2137 3639 2275 3708 ἡμῖν
2300 3637 2409 3708 γάρ
2437 3638 2555 3690 ἐστι
2581 3635 2644 3690 τὸ
2676 3637 2753 3709 μὴ
2776 3635 3045 3708 ήττᾶσθαί
3070 3654 3178 3692 τινι
3211 3636 3438 3692 τούτων.

2745 3817 3009 3886 Σχόλιον
3039 3817 3106 3888 β’.

2227 3911 2402 3967 Ὀκτὼ
2425 3914 2534 3967 είσι
2565 3911 2764 3976 πάντες
2790 3914 2839 3966 oi
2872 3913 3225 3982 γενικώτατοι
3254 3914 3530 3985 λογισμοὶ,
3551 3913 3608 3969 ἰν
3637 3908 3710 3978 οἷς

521 4004 655 4061 Octo
712 4017 844 4062 sunt
891 4009 1362 4064 communissima:
1411 4010 1792 4080 cogitationes,
1834 4011 2036 4082 quibus

2141 4005 2454 4075 περιέχεται
2481 4004 2590 4067 πᾶς
2617 4003 2898 4075 λογισμός·
2935 4003 3154 4075 πρῶτος
3196 4007 3224 4057 ὁ
3250 4007 3346 4077 τῆς
3374 4023 3708 4078 γαστριμαρ-

449 4096 630 4150 omnis
659 4098 918 4169 cogitatio
943 4100 1451 4168 comprehenditur;
1485 4101 1658 4171 prima
1685 4103 1844 4173 gulae,
1869 4103 2036 4157 altera

450 4188 703 4254 luxuriae,
733 4189 893 4259 tertia.
919 4192 1181 4256 avaritim,
1213 4201 1409 4262 quarta
1433 4194 1687 4260 tristitiae,
1710 4195 1898 4264 quinta
1921 4194 2033 4259 irae,

448 4288 602 4334 sexta
629 4281 852 4349 acediae,
883 4283 1114 4352 septima
1154 4299 1310 4338 vanae
1355 4286 1563 4354 gloria},
1623 4288 1813 4342 ultima
1844 4302 2037 4357 super-

449 4369 551 4422 bire
583 4387 596 4422 :
639 4370 732 4425 sed
756 4381 816 4425 ut
851 4371 934 4426 ha:
968 4387 1159 4428 omnes
1189 4376 1454 4439 molestae,
1514 4386 1607 4430 aut
1641 4392 1747 4430 non
1793 4377 2035 4432 molestae

449 4462 556 4514 sint
583 4461 782 4517 anima:
807 4474 1031 4530 nostrae,
1070 4479 1179 4520 non
1206 4476 1290 4521 est
1321 4480 1523 4522 nostra:
1549 4469 1844 4530 facultatis.

929 4635 1031 4705 21
1045 4637 1087 4706 ι
1129 4636 1289 4690 Aliud
1319 4637 1554 4709 Eragrii.

523 4722 675 4778 Gula:
719 4724 944 4795 spiritus
994 4741 1095 4782 seu
1139 4729 1400 4800 cogitatio
1453 4738 1725 4783 maturam
1765 4726 2034 4782 monacho

447 4815 808 4871 defectionem
843 4819 1116 4888 religiosae
1159 4820 1571 4876 exercitationis
1605 4819 1885 4890 suggerit:
1914 4827 2033 4873 sto-

450 4910 704 4963 machum
759 4910 928 4977 enim,
979 4921 1032 4966 et
1078 4911 1268 4982 hepar,
1299 4921 1353 4966 et
1395 4913 1613 4976 lienem,
1655 4923 1709 4966 et
1754 4911 2032 4981 hydropen

449 5000 561 5053 sive
590 5016 788 5070 aquam
817 5002 1142 5058 intercutem
1172 5003 1418 5074 depingit
1445 5019 1495 5058 et
1515 5003 1776 5058 describit
1797 5003 1894 5067 illi,
1919 5001 2034 5056 diu-

449 5102 673 5148 turnum
699 5093 827 5148 item
865 5095 1120 5150 morbum
1155 5103 1208 5148 et
1239 5109 1421 5149 rerum
1452 5094 1883 5150 necessariarum
1911 5093 2031 5148 ine-

447 5187 614 5254 piam,
659 5196 715 5241 et
747 5185 1088 5241 medicorum
1113 5185 1437 5254 penuriam;
1471 5201 1611 5255 stepe
1638 5187 1802 5241 etiam
1825 5201 2032 5240 mento-

449 5275 584 5329 riam
612 5284 836 5330 revocat
874 5275 1107 5329 fratrum
1147 5275 1512 5343 quorumdam
1535 5275 1630 5346 qui
1665 5276 1720 5330 in
1750 5276 1865 5331 haec
1889 5276 2029 5330 mala

445 5368 760 5422 ceciderunt
805 5383 820 5421 :

446 5459 595 5523 passi
621 5455 1006 5516 sunt,all‘ectus
1036 5457 1269 5511 vitiosus
1301 5471 1429 5512 cum
1453 5457 1853 5514 abstinentibus
1873 5473 2026 5513 com-

449 5559 624 5612 patat,
658 5557 719 5601 ut
763 5555 987 5602 narrent
1024 5563 1163 5617 quas
1192 5548 1437 5618 perpessi
1471 5560 1601 5604 sunt
1647 5566 1945 5616 aerumnas,
1973 5561 2030 5606 et

449 5637 720 5701 quomodo
780 5637 833 5690 in
891 5639 1012 5693 illas
1053 5638 1367 5701 inciderint,
1402 5654 1498 5693 seu
1535 5642 1755 5710 quando
1795 5642 1930 5697 tales
1959 5657 2023 5696 ex

450 5723 701 5794 religiosa
729 5729 1120 5784 exercitatione
1159 5730 1355 5784 redditi
1391 5730 1521 5784 sint.

521 5834 570 5867 '°
602 5833 806 5903 Ephes.
841 5855 892 5904 v,
918 5839 950 5891 4
988 5858 1001 5893 ;
1030 5839 1384 5911 ὲντραπελίᾳ.

2138 4096 2286 4165 γίας,
2315 4098 2410 4150 κα.)⁸
2452 4095 2570 4166 μετ’
2597 4097 2762 4150 αὐτὸν
2788 4099 2816 4150 ό
2857 4099 2956 4168 τῆς
3003 4097 3280 4168 πορνείας⁹
3316 4099 3499 4169 τρίτος
3549 4101 3578 4152 ὁ
3621 4097 3708 4166 τῆς

2141 4188 2526 4260 φιλαργυρίαςο
2555 4188 2815 4260 τέταρτος
2855 4191 2884 4243 ὁ
2912 4191 3010 4258 τῆς
3041 4188 3241 4260 λύπηςσ
3277 4190 3528 4260 πέμπτος
3561 4193 3589 4243 ὁ
3619 4188 3708 4258 τῆς

2137 4280 2324 4351 ὀργῆς·
2349 4280 2506 4344 ἕκτος
2534 4282 2562 4334 ό
2580 4282 2680 4352 τῆς
2701 4279 2949 4352 ἀκηδίας·
2973 4281 3201 4351 ἕϐδομος
3223 4284 3251 4335 ὁ
3269 4284 3366 4352 τῆς
3389 4281 3704 4348 κενοδοξίας·

2135 4372 2319 4441 ὄγδοος
2353 4373 2383 4424 ὁ
2420 4373 2519 4444 τῆς
2557 4373 2956 4445 ὑπερηφανίας
2988 4373 3210 4437 τούτους
3269 4377 3480 4438 πάντας
3519 4390 3709 4446 παρεν-

2135 4464 2314 4536 οχλεῖν
2355 4466 2454 4536 μὲν
2475 4467 2542 4536 τῇ
2569 4466 2739 4537 ψυχῇ,
2763 4466 2796 4537 ἢ
2827 4466 2904 4539 μὴ
2932 4468 3304 4538 παρενοχλεῖν,
3331 4468 3441 4521 τῶν
3489 4469 3588 4522 οὐκ
3628 4466 3706 4536 ἐφ’

2137 4558 2270 4628 ἡμῖν
2303 4558 2472 4611 ἔστιν.

2669 4653 2850 4705 ’Άλλο
2885 4654 3202 4722 Εὺαπρίου.

2218 4742 2276 4794 Ὀ
2309 4740 2407 4811 μὲν
2435 4743 2532 4813 τῆς
2565 4745 3008 4816 γαστριμαργίας
3033 4744 3295 4815 λογισμὸς
3324 4745 3602 4799 ἔκπτωσιν
3623 4761 3706 4798 τα-

2138 4835 2292 4904 χεῖαν
2320 4833 2398 4904 τῷ
2421 4835 2639 4905 μοναχῷ
2662 4835 2764 4906 τῆς
2787 4837 3074 4907 ἀσκήσεως
3103 4837 3414 4891 ὑποϐάλλει·
3446 4838 3706 4909 στόμαχον

2140 4926 2233 4978 καὶ
2259 4919 2434 4996 ἧπαρ,
2470 4927 2565 4979 καὶ
2600 4928 2829 4999 σπλῆνα,
2867 4929 2960 4982 καὶ
2995 4928 3220 4999 ὕδρωπα
3253 4929 3589 5000 διαγράφων,
3619 4929 3706 4982 καὶ

2136 5016 2292 5068 νόσον
2330 5017 2568 5088 μακρὰν,
2603 5018 2697 5070 καὶ
2733 5018 2941 5091 σπάνην
2969 5019 3186 5074 πάντων
3221 5019 3329 5074 τῶν
3364 5021 3702 5092 ἐπιτηδείων,

2137 5106 2231 5159 καὶ
2260 5106 2460 5176 ἰατρῶν
2497 5108 2751 5178 ἀπορίαν·
2778 5109 2933 5180 φέρει
2969 5109 3026 5163 δὲ
3061 5109 3320 5174 πολλάκις
3357 5110 3452 5164 καὶ
3480 5113 3558 5174 είς
3581 5112 3706 5181 μνή-

2141 5216 2248 5270 μην
2297 5199 2542 5268 ἀδελφῶν
2592 5200 2804 5265 τούτοις
2847 5203 3250 5274 περιπεσόντων
3299 5206 3417 5267 τοῖς
3460 5203 3702 5256 πάθεσιν.

2142 5292 2299 5344 Ἔστι
2335 5292 2392 5345 δὲ
2425 5293 2512 5345 ὅτε
2556 5293 2650 5346 καὶ
2692 5294 2890 5358 αὐτοὺς
2924 5294 3168 5356 ἐκείνους
3219 5295 3346 5357 τοὺς
3375 5292 3703 5351 πεπονθότας

881 5376 967 5421 est
997 5367 1162 5422 etiam
1202 5381 1327 5421 eum
1371 5366 1496 5421 illos
1550 5367 1720 5437 ipsos,
1763 5370 1858 5438 qui
1903 5367 2031 5423 talia

2140 5383 2474 5454 παραϐάλλει
2505 5383 2809 5439 ἁναπάθεια
2830 5387 2941 5449 τοῖς
2963 5385 3473 5457 ὲγκρατευομένοιςο
3499 5381 3591 5437 καὶ
3612 5379 3702 5442 τὰς

2135 5475 2344 5529 ἑαυτῶν
2369 5475 2735 5547 ἐκδιηγεῖσθαι
2773 5477 3080 5550 συμφορὰς,
3102 5478 3194 5531 καὶ
3227 5477 3304 5540 ὡς
3329 5478 3390 5529 ἐκ
3417 5476 3516 5546 τῆς
3537 5471 3704 5542 ἀσκή-

2136 5583 2276 5630 σεως
2304 5566 2536 5622 τοιοῦτοι
2571 5569 2877 5636 γεγόνασιν.
