4042 6438
331 340 473 406 8ῖ3
1367 346 1595 405 ΞΟΜΑ
1632 344 1932 403 ΡΑΒᾹΒΙΞ

2059 370 2113 383 -
2149 343 2459 403 GRADUS
2490 343 2643 403 XIV.
3148 429 3153 432 _

846 466 1108 533 Σχόλιον
1135 465 1382 533 Μάρκου
1416 473 1483 529 γ’.

2065 507 2070 512 .
2576 462 2747 532 Marci
2774 463 3023 517 Eremita'
3046 463 3097 515 ὅ.

427 556 652 628 Ὥσπερ
686 556 836 628 λύκῳ
880 555 1154 626 πρόϐατον
1186 558 1246 610 οὐ
1282 558 1600 628 συνέρχεται
1646 558 1724 620 εἰς
1754 574 1932 611 τεκνο·

2113 560 2585 627 Quemadmodum
2641 557 2758 613 ovis
2791 572 2899 611 non
2940 555 3191 610 convenit
3218 570 3339 609 cum
3393 556 3520 626 lupo
3560 558 3630 612 ad

325 648 564 716 γονίανο
593 650 767 714 οὓτως
795 648 917 702 οὔτε
944 649 1091 719 κόρῳ
1129 650 1292 714 πόνος
1315 650 1609 720 καρδιακὺς
1633 652 1712 713 είς
1747 651 1932 719 κύησιν

2046 653 2414 721 generandum
2464 651 2655 717 letum,
2703 652 2775 705 ita
2834 664 2936 703 nec
2970 648 3124 703 labor
3153 648 3335 704 cordis
3364 663 3495 706 cum
3526 648 3632 707 cibi

3527 349 3634 418 8⁸34

321 739 583 810 ἀρετῶν.

832 833 1090 901 Σχόλιον
1124 832 1374 886 ἸΙσαΐου
1402 831 1461 885 δ’.

408 921 527 976 Διὰ
553 923 840 994 τεσσάρων
874 925 1221 996 πραγμάτων
1268 922 1603 993 πληθύνεται
1637 924 1670 992 ἡ
1717 926 1943 994 πορνεία

319 1014 430 1068 τοῦ
461 1015 743 1084 σώματος,
780 1015 871 1067 διὰ
911 1014 1006 1067 τοῦ
1038 1015 1369 1084 κοιμηθῆναι
1400 1015 1481 1077 εἰς
1506 1014 1686 1086 κόρον,
1717 1017 1809 1068 καὶ
1841 1034 1944 1085 φα-

320 1109 457 1175 γεῖν
493 1108 574 1169 είς
605 1106 950 1176 πλησμονὴν,
989 1106 1083 1159 καὶ
1125 1106 1233 1159 ἀπὸ
1264 1105 1652 1176 εὐτραπελίας,
1698 1108 1792 1159 καὶ
1834 1108 1941 1162 ἀπὸ

321 1202 676 1270 κοσμήσεως
699 1197 795 1250 τοῦ
830 1197 1104 1267 σώματος.
1932 1187 1937 1191 ”

964 1289 1229 1357 Σχόλιον
1260 1295 1321 1342 ε’.
1396 1280 1405 1287 ’

400 1381 532 1433 υύκ
571 1381 629 1431 ὲν
656 1378 991 1442 οίνοποσίαις
1019 1378 1117 1440 τὰς
1160 1376 1354 1448 ἑορτὰς
1383 1378 1489 1448 χρὴ
1521 1376 1783 1431 ἐκτελεῖν·
1825 1376 1939 1431 ἀλλ’

319 1473 387 1525 ὲν
446 1469 796 1523 ἀνακαινίσει
827 1469 945 1533 νοὸς
974 1468 1068 1522 καὶ
1097 1469 1276 1538 ψυχῆς
1313 1467 1666 1538 καθαρότητιο
1696 1471 1722 1521 6
1746 1467 1803 1521 δὲ
1836 1485 1940 1536 γα-

323 1561 719 1631 στριζόμενος,
752 1561 848 1614 καὶ
896 1561 1193 1613 οίνοποτῶν
1236 1559 1563 1631 παροργίζει
1609 1559 1809 1631 μᾶλλον
1848 1560 1939 1614 τὸν

320 1650 433 1720 τῆς
466 1649 836 1721 πανηγύρεως
862 1648 1291 1721 προεξάρχοντα.

948 1743 1214 1811 Σχόλιον
1259 1743 1336 1808 ς’.

2044 746 2328 799 saturitate
2361 744 2427 799 ad
2454 745 2845 814 concipiendas
2879 743 3132 797 virtutes.

2593 836 2757 891 Isaia:
2787 835 2994 889 abbatis
3030 836 3083 889 4.

2113 925 2363 995 Quatuor
2391 926 2557 982 rebus
2587 935 2817 996 augetur
2857 926 3074 981 luxuria
3114 926 3364 996 corporis
3397 944 3410 978 :
3443 926 3617 979 multo

2043 1034 2236 1076 somno
2283 1033 2458 1089 usque
2485 1018 2551 1072 ad
2605 1018 2929 1084 satietatem,
2972 1019 3096 1073 cibo
3146 1017 3212 1071 ad
3258 1017 3625 1085 saturitatem,

2042 1110 2375 1167 scurrilitate
2404 1109 2774 1175 seulevitate,
2809 1118 2862 1164 et
2893 1109 3039 1164 cultu
3066 1110 3334 1180 corporis.

2668 1268 2917 1326 Scholion
2947 1273 2998 1327 5.

2117 1365 2240 1420 Dies
2270 1364 2390 1419 festi
2425 1379 2531 1419 non
2566 1372 2695 1420 sunt
2717 1362 3105 1418 exliauriendis
3132 1360 3332 1417 Bacchi
3363 1362 3628 1417 calicibus

2042 1456 2372 1522 celebrandi,
2406 1456 2499 1511 sed
2544 1455 2858 1511 renovando
2887 1454 3080 1529 spiritu
3116 1452 3317 1509 mentis
3351 1463 3405 1508 et
3436 1469 3627 1524 repur-

2041 1550 2219 1620 gando
2250 1550 2413 1604 corde
2449 1567 2463 1603 :
2504 1548 2597 1619 qui
2626 1547 2771 1602 enim
2802 1547 2974 1600 ventri
3009 1554 3060 1600 et
3094 1544 3308 1599 Baccho
3339 1544 3479 1610 litat,
3513 1560 3628 1599 ma-

2042 1642 2124 1712 gis
2161 1641 2229 1697 ad
2262 1641 2398 1695 iram
2432 1649 2739 1695 commovet
2762 1638 3047 1708 praesidem
3077 1636 3430 1693 celebritatis.

2382 1730 2397 1744 '
2668 1729 2920 1786 Scholion
2952 1728 3008 1784 6.

410 1835 607 1887 Ἔστιν
651 1836 680 1888 ὁ
711 1833 882 1888 ποιῶν
924 1834 1167 1901 ἐντολὴν,
1209 1836 1305 1890 καὶ
1337 1836 1633 1907 προφανῶς
1670 1836 1932 1891 δουλεύων

2112 1825 2208 1882 Est
2240 1826 2334 1896 qui
2362 1824 2619 1881 observat
2660 1832 3016 1894 praeceptum,
3057 1821 3152 1879 sed
3194 1821 3374 1891 palam
3408 1819 3627 1878 vitiosis

329 1924 532 1989 πάθει,
568 1925 661 1978 καὶ
687 1924 778 1978 διὰ
807 1924 1065 1995 πονηρῶν
1108 1925 1385 1996 λογισμῶν
1415 1927 1627 1997 ἀγαθὴν
1659 1927 1937 1995 ἀφανίζων

335 2016 575 2086 πρᾶξιν.

1048 2106 1254 2162 Ἄλλο.

436 2199 496 2251 '0
523 2198 654 2264 Θεὸς
678 2198 773 2264 τὰς
804 2200 1034 2271 πράξεις
1056 2200 1198 2253 κατὰ
1220 2199 1319 2263 τὰς
1346 2200 1615 2264 διαθέσεις
1636 2199 1929 2268 λογίζεται·

340 2289 468 2361 Δῴη
523 2292 628 2361 γάρ
672 2309 772 2359 σοι,
822 2293 1015 2365 φησὶν,
1067 2295 1097 2347 6
1147 2293 1352 2363 Κύριος
1391 2293 1532 2347 κατὰ
1580 2293 1678 2364 τὴν
1708 2292 1935 2364 καρδίαν

334 2399 461 2438 σου.

1004 2478 1048 2531 Σ
1050 2477 1261 2545 χόλιον
1283 2476 1350 2540 ζ’.

417 2566 786 2639 Ἐμπαίζεται
812 2570 918 2624 ὑπὸ
944 2570 1240 2640 δαιμόνων,
1264 2572 1293 2623 6
1313 2574 1379 2642 τῇ
1410 2571 1514 2642 ἰδίᾳ
1542 2571 1756 2624 συνέσει
1787 2586 1931 2624 στοι-

326 2658 450 2730 χῶν
499 2661 594 2713 καὶ
625 2661 779 2732 παρὰ
802 2660 871 2715 τὰ
899 2660 1301 2731 διατεταγμένα
1326 2662 1651 2734 βουλόμενος
1685 2660 1780 2731 ἀφ’
1804 2662 1932 2717 ἐαυ-

329 2750 435 2803 τοῦ
457 2749 792 2822 νομοθετεῖν.

948 2844 1208 2911 Σχόλιον
1251 2850 1320 2915 η’.

414 2936 686 3006 Ἀμετρος
718 2935 942 3007 νηστεία
977 2935 1145 3001 ἐστὶν,
1170 2938 1203 3005 ἡ
1244 2935 1335 2989 τὸν
1366 2935 1559 3008 καιρὸν
1587 2935 1678 2990 τὸν
1713 2953 1931 3009 νενομι-

322 3025 536 3095 σμένον
562 3026 933 3095 ἀναμένουσα,
968 3026 1314 3098 ἀχαλινώτως
1341 3026 1397 3079 δὲ
1420 3028 1478 3081 ὲν
1506 3029 1571 3098 τῇ
1600 3026 1701 3098 τῆς
1721 3028 1930 3099 τροφῆς

321 3117 460 3189 ὥρᾳ
491 3118 627 3188 πρὸς
648 3117 748 3188 τὴν
777 3116 1058 3186 τράπεζαν
1089 3117 1319 3188 ὁρμῶσα
1350 3119 1443 3171 καὶ
1478 3118 1619 3189 μετὰ
1660 3120 1760 3191 τῆς
1794 3136 1928 3190 σαρ-

2040 1920 2156 1975 suis
2186 1918 2471 1974 aﬂ‘cctibus
2507 1917 2773 1987 indulget,
2802 1924 2856 1971 et
2884 1931 2981 1987 per
3020 1914 3301 1987 improbas
3334 1914 3626 1984 cogitatio-

2040 2028 2138 2068 nes
2175 2011 2475 2082 exstinguit
2506 2010 2711 2064 bonum
2741 2023 2900 2077 opus.

2737 2099 2922 2153 Aliud.

2112 2195 2255 2251 Deus
2289 2197 2535 2250 actiones
2568 2209 2662 2250 seu
2687 2207 2853 2263 opera
2882 2206 2946 2246 ex
2972 2189 3169 2246 all'ectu
3194 2190 3393 2246 mentis
3420 2198 3623 2245 nostra:

2037 2287 2309 2343 aestimat:
2351 2286 2466 2352 Det,
2501 2284 2699 2357 inquit,
2749 2284 2846 2339 tibi
2904 2284 3160 2339 Dominus
3200 2283 3487 2338 secundum
3529 2297 3620 2335 cor

2040 2390 2187 2434 tuum
2212 2379 2280 2433 ⁸³.

2664 2470 2912 2526 Scholion
2945 2469 2995 2524 7.

2106 2564 2390 2621 Deluditur
2411 2579 2442 2618 a
2470 2563 2830 2629 daemonibus,
2857 2562 2949 2633 qui
2973 2576 3073 2633 pro
3099 2576 3201 2617 suo
3220 2562 3429 2632 privato
3454 2574 3618 2616 sensu

2036 2657 2281 2712 ambulat
2308 2664 2363 2712 et
2391 2655 2543 2724 vivit,
2579 2663 2634 2711 et
2660 2663 2857 2726 praeter
2880 2653 3201 2725 praescripta
3236 2651 3484 2718 Patrum,
3511 2651 3616 2707 sibi

2036 2750 2137 2822 ipsi
2170 2750 2314 2820 leges
2340 2749 2492 2805 dicit.

2652 2840 2904 2897 Scholion
2928 2840 2983 2895 8.

2103 2932 2525 2989 lmmoderatum
2568 2933 2842 3004 jejunium
2894 2940 2999 3000 est,
3039 2930 3186 3001 quod
3235 2930 3615 3001 praescriptum

2031 3025 2248 3098 quidem
2281 3034 2495 3096 tempus
2543 3026 2816 3091 observat,
2860 3025 2955 3082 sed
3000 3023 3321 3080 imminente
3364 3021 3471 3076 cibi
3521 3036 3617 3078 ca-

2030 3117 2215 3187 piendi
2267 3118 2403 3172 hora
2445 3115 2636 3173 eil‘reni
2683 3116 2922 3187 quodam
2970 3114 3174 3185 impetu
3224 3113 3497 3184 abripitur
3545 3111 3616 3167 ad

319 3209 452 3273 κὸς,
506 3211 601 3263 καὶ
666 3208 759 3263 τὸν
812 3209 935 3263 νοῦν
996 3208 1133 3281 πρὸς
1184 3209 1284 3281 τὴν
1334 3209 1446 3264 τῶν
1503 3212 1928 3283 παρακειμένων

2035 3225 2302 3275 mensam,
2330 3218 2383 3266 Cl
2410 3225 2535 3265 cum
2563 3224 2794 3281 corpore
2823 3216 3062 3264 mentem
3093 3221 3313 3278 quoque
3344 3205 3412 3260 ad
3444 3218 3617 3276 appo-

316 3300 614 3374 Seapoisa
641 3301 855 3373 ἡδονήν.

728 3402 735 3415 ’
1036 3394 1238 3448 Ἄλλο.

408 3485 617 3540 Rcui-Iw
643 3485 854 3558 ἀνδρῶν
894 3486 995 3549 τὰς
1033 3486 1365 3557 συμϐουλίας
1405 3489 1771 3561 ἀποστρέφου’
1805 3487 1927 3544 δού-

325 3578 463 3641 λους
506 3579 615 3649 γὰρ
656 3578 1012 3650 παρέστησαν
1043 3580 1272 3643 ἑαυτοὺς
1316 3582 1554 3651 γαστρός
1584 3599 1666 3646 τε,
1695 3582 1787 3635 καὶ
1819 3582 1927 3636 τῶν

328 3669 444 3725 ὑπὸ
467 3670 716 3741 γαστέρα
748 3669 963 3726 παθῶν.

914 3764 1097 3820 Ἄλλο
1140 3763 1369 3820 Ἰσαάκ.

422 3852 637 3931 Ἦιμὲν
684 3855 993 3918 ἀνάπαυσις
1046 3856 1173 3919 τοὺς
1223 3855 1376 3919 νέους
1432 3857 1626 3926 μόνους
1677 3854 1924 3925 βλάπτει,

339 3946 377 4014 ἡ
442 3942 595 4007 λύσις
654 3946 709 4000 δὲ
775 3947 872 4000 καὶ
928 3947 1056 4011 τοὺς
1108 3946 1348 4010 τελείους
1400 3947 1493 3999 καὶ
1550 3947 1675 4010 τοὺς
1736 3947 1928 4021 γέρον-

335 4050 470 4097 τας.

450 4108 463 4123 ’
805 4127 1066 4196 Σχόλιον
1114 4126 1362 4197 Μάρκου
1395 4126 1461 4181 θ’.

414 4213 605 4267 Ἔστω
634 4230 714 4268 σοι
745 4218 849 4280 πᾶς
890 4219 920 4271 6
964 4217 1381 4289 ἐναντιούμενος
1416 4218 1552 4290 πρὸς
1586 4218 1928 4290 κατόρθωσιν

325 4304 573 4362 ἐντολῶν
596 4300 753 4373 Θεοῦ,
777 4308 1068 4379 βδελυκτδς
1103 4309 1198 4363 καὶ
1239 4309 1488 4381 μισητός·
1519 4309 1595 4380 τῷ
1624 4310 1850 4382 τοιούτῳ
1871 4311 1929 4364 δὲ

329 4396 415 4470 μὴ
442 4397 747 4452 συνεσθίειν
771 4400 956 4455 καλόν.

1037 4493 1237 4547 Ἄλλο.

420 4581 512 4635 Ἐν
566 4582 792 4651 ἀγαθοῖς
848 4582 944 4637 καὶ
993 4582 1253 4647 πλασθεὶς
1302 4586 1330 4637 6
1367 4583 1671 4656 ἄνθρωπος,
1704 4586 1800 4640 καὶ
1840 4604 1924 4640 τε·

322 4676 478 4741 θεὶς,
516 4677 702 4731 ἐκεῖνα
735 4676 831 4730 καὶ
870 4677 1204 4748 φαντάζεται
1243 4677 1336 4732 καὶ
1369 4678 1643 4750 ὀρέγεται’
1681 4679 1804 4734 ὅθεν
1845 4698 1929 4737 τι·

321 4768 424 4830 νὲς
491 4770 555 4838 τῇ
618 4769 759 4840 πρὸς
813 4769 886 4823 τὰ
933 4768 1159 4823 τοιαῦτα
1207 4768 1386 4841 θέρμῃ
1436 4771 1556 4825 ἀντὶ
1601 4770 1712 4825 τῶν
1761 4776 1929 4830 ὄντων

321 4857 480 4930 πρὸς
510 4859 581 4914 τὰ
616 4862 859 4931 παρόντα
889 4863 1187 4933 κεχήνασιν
1220 4862 1421 4931 ἀγαθά·
1458 4862 1539 4916 διὸ
1562 4865 1653 4918 καὶ
1685 4866 1931 4939 ὴπάτην-

320 4968 450 5006 ται.

961 5046 1221 5115 Σχόλιον
1250 5044 1302 5101 ι’.

406 5133 559 5204 Ὅρα
605 5134 658 5188 τί
702 5151 889 5205 φησιν,
935 5136 1018 5189 ὅτι
1062 5140 1164 5208 τῆς
1215 5139 1514 5210 πυρώσεως
1545 5141 1621 5205 ὡς
1666 5142 1929 5213 μάστιγος

322 5228 708 5298 λυτρούμεωι,
750 5228 844 5282 διὰ
890 5229 993 5299 τῆς
1038 5229 1249 5295 ἐνδείας
1287 5232 1387 5302 τῆς
1434 5235 1692 5305 γαστρός·
1740 5234 1927 5289 λοιπὸν

324 5317 467 5388 ἄρα,
504 5319 597 5373 καὶ
641 5318 730 5374 διὰ
761 5321 859 5391 τῆς
898 5320 1223 5393 πλησμονῆς
1269 5323 1439 5394 αὐτῆς
1478 5325 1924 5398 ὲπεισέρχεταιή

326 5409 607 5480 πύρωσις·
642 5413 675 5482 ἡ
706 5412 812 5482 γὰρ
856 5413 1249 5487 μεμετρημένη
1284 5415 1462 5471 ἔνδεια
1509 5418 1567 5471 ὲν
1608 5420 1921 5491 μετριότητι

322 5506 434 5565 τὰς
477 5502 722 5573 κινήσεις
769 5499 877 5557 οἵδε
925 5504 1342 5573 κατασιγάζειν·
1373 5508 1406 5577 ἡ
1445 5506 1501 5560 δὲ
1530 5508 1669 5578 μετὰ
1696 5510 1925 5580 οἰήσεως

325 5590 547 5656 ἀσιτία,
583 5593 679 5646 καὶ
703 5594 951 5665 κινήσεις
984 5593 1077 5648 καὶ
1105 5592 1382 5666 πυρώσεις
1420 5581 1811 5668 ὲμπυρεύεταιί

408 5791 456 5823 “
487 5792 768 5861 Psal.xrx,
790 5796 842 5852 5.

618 5885 889 5951 l’arnoa.
923 5889 1041 5951 Gn.
1077 5891 1440 5960 LXXXVIII.

2032 3303 2264 3358 sitorum
2300 3302 2634 3358 ferculorum
2665 3301 3000 3373 voluptatem
3033 3301 3275 3357 vinctam
3309 3301 3498 3356 trahit.

2633 3397 2796 3468 212
2831 3395 3016 3450 Aliud.

2102 3487 2373 3544 Malorum
2420 3489 2663 3544 virorum
2715 3487 2946 3544 consilia
2998 3501 3288 3554 aversare;
3342 3485 3616 3556 mancipia

2030 3581 2231 3650 quippe
2279 3581 2504 3648 ventris,
2534 3589 2589 3636 et
2636 3595 2758 3652 qua:
2804 3580 2909 3636 sub
2954 3588 3142 3636 ventre
3187 3588 3315 3634 sunt
3356 3580 3613 3635 vitiorum

2032 3687 2152 3729 sese
2174 3672 2454 3729 exhibent.

2620 3763 2785 3818 Aliud
2817 3762 3021 3819 Isaaci.

2102 3853 2271 3922 Quies
2326 3855 2459 3911 solis
2514 3854 2812 3925 juvenibus
2860 3864 3039 3923 nocet,
3097 3854 3386 3912 dissolutio
3429 3862 3612 3910 autem

2030 3947 2287 4017 perfectis
2311 3949 2475 4004 etiam
2504 3957 2556 4005 et
2582 3948 2827 4005 senibus.

2686 4120 2860 4176 Marci
2898 4120 2960 4175 9-

2102 4211 2364 4283 Quisquis
2411 4214 2731 4270 adversatur
2788 4211 3158 4269 observationi
3216 4218 3613 4282 praeceptorum

2031 4302 2148 4369 Dei,
2186 4306 2258 4362 sit
2301 4312 2700 4364 exsecratus'et
2746 4305 2979 4373 invisus,
3010 4318 3135 4360 cum
3166 4319 3278 4375 quo
3312 4318 3414 4360 nec
3459 4301 3621 4356 ClbU‘a'

2032 4395 2253 4465 quidem
2289 4397 2592 4453 sumendus
2631 4404 2732 4453 est.

2729 4487 2917 4545 Aliud.

2105 4578 2282 4636 Homo
2316 4580 2371 4634 in
2405 4580 2567 4636 bonis
2595 4580 2864 4637 formatus
2897 4589 2951 4637 et
2984 4580 3198 4652 positus
3238 4580 3331 4636 illa
3363 4581 3481 4651 ipsa
3507 4580 3615 4637 sibi

2033 4672 2369 4743 imaginatur
2395 4682 2451 4728 et
2474 4675 2697 4743 appetit.
2724 4672 2879 4729 Unde
2910 4673 3114 4728 factum
3155 4681 3239 4729 est
3270 4682 3328 4729 ut
3364 4672 3616 4729 nonnulli

2034 4765 2103 4820 ab
2134 4764 2448 4836 hujusmodi
2477 4766 2712 4836 quodam
2753 4766 2923 4822 animi
2954 4765 3172 4823 fervore
3209 4767 3443 4837 abrepti,
3474 4783 3617 4839 prae-

2034 4850 2281 4914 sentibus
2318 4857 2479 4913 bonis
2526 4873 2625 4927 pro
2679 4859 2821 4915 veris
2875 4868 2986 4915 tota
3035 4869 3220 4917 mente
3267 4860 3641 4920 inhiarintet.

2033 4950 2244 5021 decepti
2273 4951 2403 5007 sint.

2641 5046 2891 5102 Scholion
2922 5045 3007 5101 10.

2100 5134 2236 5193 Vide
2262 5137 2391 5207 quid
2426 5138 2593 5203 dicat,
2630 5139 2777 5210 quod
2820 5155 2916 5210 per
2955 5140 3096 5211 gulae
3121 5146 3176 5195 et
3203 5139 3410 5194 ventris
3443 5137 3612 5193 casti-

2026 5228 2299 5297 gationem
2332 5231 2400 5287 ab
2439 5231 2693 5288 incendio
2742 5231 2961 5304 impuro
2989 5232 3236 5303 corporis
3280 5241 3538 5301 tanquam
3579 5247 3609 5285 a

2028 5317 2242 5390 ﬂagello
2289 5320 2588 5377 liberemur
2642 5339 2657 5377 :
2716 5338 2813 5394 per
2860 5323 3153 5395 ingluviem
3202 5335 3334 5377 vero
3391 5322 3608 5375 Ilamma

2029 5410 2349 5467 exardescat
2381 5412 2434 5467 in
2469 5413 2647 5469 nobis.
2678 5413 2970 5472 Mediocris
3001 5413 3221 5469 atllictio
3244 5412 3454 5469 ventris
3483 5427 3608 5466 cum

2030 5502 2197 5560 modo
2227 5505 2493 5571 adhibita,
2528 5516 2711 5563 motus
2760 5507 3005 5577 corporis
3038 5504 3340 5575 compescit
3377 5520 3392 5558 :
3431 5501 3609 5557 inedia

2030 5611 2162 5653 vero
2212 5613 2336 5653 cum
2386 5600 2471 5654 sui
2519 5599 2926 5656 existimatione
2974 5597 3268 5667 conjuncta
3306 5600 3608 5653 commovet

2033 5703 2237 5760 corpus
2266 5700 2321 5747 et
2356 5690 2580 5748 libidine
2613 5691 2929 5747 inﬂammat.

3218 5896 3294 5965 28
