4042 6496
408 330 518 392 875

952 438 1252 493 Solomonis
1306 436 1461 508 regis.

488 535 727 598 Domine,
763 532 978 585 divitias
1010 540 1058 584 et
1089 537 1454 600 paupertatem
1482 541 1542 578 ne
1586 525 1790 580 dederis
1822 525 1989 578 mihi:

412 628 502 685 sed
532 636 737 681 tantum
763 624 1062 678 necessaria
1089 633 1137 677 et
1175 619 1487 691 sufﬁcientia
1520 616 1715 673 ordinat
1753 618 1883 671 mihi
1908 619 1953 649 ⁵³
1979 637 1991 671 :

413 720 632 774 divitias
694 713 1086 771 abundantiam
1140 712 1554 782 interpretatus,
1596 718 1994 779 paupertatem,

413 810 721 868 absolutam
750 820 932 861 rerum
962 802 1222 874 inopiam,
1263 817 1386 874 qua:
1419 802 1487 857 ad
1519 801 1643 856 vitae
1677 815 1838 856 usum
1874 815 1998 871 per--

414 903 611 958 tinent.

1019 983 1271 1042 Scholion
1312 984 1397 1039 ll.

484 1085 770 1141 Perfectus
808 1077 1143 1154 (religiosus)
1173 1077 1264 1148 qui
1298 1090 1488 1131 omnes
1534 1072 1812 1144 improbas
1841 1071 1999 1142 cupi-

410 1179 615 1233 ditates
641 1174 792 1240 vicit,
835 1172 1095 1240 deinceps
1155 1169 1275 1224 sine
1334 1181 1464 1222 cura
1494 1164 1666 1220 libere
1693 1164 1845 1229 vivit,
1903 1179 2000 1217 ne-

416 1282 525 1338 que
555 1273 800 1333 tempore
836 1260 1058 1331 quidem
1101 1256 1302 1312 laetitiae
1338 1254 1551 1324 quaerit
1583 1253 1724 1308 ullas
1752 1251 1997 1316 delicias,

416 1370 512 1413 aut
556 1354 805 1426 sequitur
862 1349 1140 1406 allectum.
1166 1346 1270 1413 Qui
1319 1353 1499 1398 autem
1531 1344 1709 1398 adhuc
1750 1357 1873 1398 cum
1916 1341 1997 1395 vi-

409 1449 575 1506 tiosis
602 1444 772 1503 animi
822 1438 1330 1514 perturbationibus
1360 1436 1630 1503 luctatur,
1663 1435 1828 1489 etiam
1869 1420 2002 1488 con-

412 1538 707 1599 solationis
749 1546 988 1605 tempore
1030 1531 1097 1586 de
1139 1531 1286 1584 lucta
1326 1528 1551 1599 cogitat,
1592 1532 1646 1578 et
1676 1525 2001 1596 cupiditates

416 1643 655 1698 coercet,
692 1638 748 1686 et
790 1628 897 1684 illis
927 1623 1149 1681 modum
1178 1621 1426 1691 ﬁnesque
1456 1627 1636 1674 certos
1672 1616 1998 1689 praescribit.

418 1723 702 1785 Obnoxius
746 1729 928 1776 autem
961 1715 1352 1789 cupiditatibus
1405 1728 1622 1783 semper
1642 1709 1867 1782 .appetit
1904 1724 2001 1764 vo-

1675 326 1736 385 S.
1760 323 2080 386 JOANNIS
2113 324 2229 387 CL]
2239 327 2292 386 Μ
2300 328 2421 388 AC1

3574 325 3679 389 876

2584 437 2761 490 ’Άλλο
2793 436 3198 506 Σολομῶντος.

2167 531 2363 597 Κιῖριε,
2397 527 2668 583 πλοῦτον
2705 528 2803 582 καί
2840 528 3058 582 πενίαν
3095 528 3181 598 μή
3218 545 3323 599 μοι
3352 526 3488 595 δῷς·
3531 528 3681 583 σύν-

2096 620 2284 685 ταξον
2335 619 2402 674 δέ
2446 638 2565 691 μοι,
2593 621 2665 674 τὰ
2709 619 2923 673 δέοντα
2967 619 3063 673 καί
3120 618 3408 688 αὐτάρκη·
3452 617 3684 673 πλοῦτον

2101 713 2200 783 μὲν
2246 710 2387 768 εἶναι
2452 713 2552 784 τὴν
2606 712 2927 784 πλησμονὴν
2982 711 3324 782 ὁριζόμενος·
3387 711 3576 766 πενίαν
3624 713 3684 766 δὲ

2098 806 2196 874 τὴν
2262 807 2502 879 παντελῇ
2566 805 2803 877 ἀπορίαν
2869 804 2979 859 τῶν
3036 804 3175 875 πρὸς
3233 804 3294 858 τὸ
3349 802 3448 877 ζῇν
3511 806 3684 875 ἀναγ-

2099 897 2290 952 καίων.

2709 992 2753 1042 Σ
2754 989 2969 1059 χόλιον
2996 995 3087 1044 ια’.

2182 1083 2240 1136 '0
2278 1082 2375 1153 μὲν
2405 1080 2610 1143 τέλειος
2634 1079 2704 1133 τὰ
2738 1080 2885 1151 πάθη
2915 1080 3167 1151 νικήσας,
3205 1080 3262 1133 ὲν
3295 1080 3460 1132 πᾶσιν
3486 1080 3683 1155 ἀμερί-

2105 1192 2252 1247 μνως
2277 1174 2567 1238 διάκειται,
2598 1172 2695 1226 καὶ
2725 1171 2850 1224 οὔτε
2881 1173 2940 1223 ἐν
2962 1170 3041 1241 τῷ
3068 1171 3168 1240 τῆς
3202 1169 3540 1241 εὐφροσύνης
3564 1187 3687 1222 και-

2104 1266 2183 1339 ρῷ
2217 1264 2491 1337 φροντίζει
2521 1262 2667 1327 τινὸς
2716 1262 2837 1316 καθ’
2868 1260 3064 1334 ἡδονὴν
3092 1261 3125 1333 ἢ
3162 1262 3488 1331 ὲμπάθειαν.
3539 1262 3597 1315 '0
3629 1263 3685 1315 δὲ

2101 1358 2182 1410 ἔτι
2210 1350 2347 1430 πρὶς
2378 1356 2446 1410 τὰ
2478 1354 2625 1427 πάθη
2656 1353 3080 1425 ἀγωνιζόμενος,
3110 1354 3206 1407 καὶ
3233 1353 3328 1408 τὸν
3366 1354 3467 1424 τῆς
3505 1370 3685 1425 παρα-

2103 1450 2351 1520 κλήσεως
2395 1449 2608 1518 καιρὸν,
2633 1445 2824 1517 καιρὸν
2865 1445 3043 1516 πάλης
3087 1447 3250 1512 ποιεῖ,
3292 1444 3536 1509 κολάζων
3592 1443 3686 1513 τὴν

2103 1542 2283 1613 ὄρεξιν
2322 1541 2417 1594 καὶ
2455 1539 2630 1610 μέτρα
2663 1540 2756 1592 καὶ
2785 1539 2946 1609 ὅρους
2979 1536 3150 1609 ταύτῃ
3172 1538 3363 1603 τιθείς.
3409 1538 3470 1590 '0
3499 1537 3556 1590 δὲ
3586 1538 3685 1607 ἐμη

2105 1633 2303 1704 παθὴς,
2333 1631 2421 1686 ἀεὶ
2450 1632 2572 1695 ταῖς
2606 1631 2820 1702 ἡδοναῖς
2842 1629 3018 1699 ἐφιεὶς
3047 1631 3107 1683 ἐν
3128 1628 3206 1700 τῷ
3227 1630 3326 1701 τῆς
3344 1628 3687 1699 εὐφροσύνης

2105 1726 2303 1798 καιρῷ,
2345 1724 2535 1795 ὥσπερ
2566 1723 2822 1794 ἀφορμῆς
2876 1739 3023 1786 τινος
3070 1720 3386 1794 λαϐόμενος,
3420 1722 3543 1785 ὅλος
3580 1721 3686 1774 τῶν

418 1821 676 1889 luptates,
721 1823 775 1869 et
810 1822 1054 1882 tempore
1098 1810 1221 1865 laeto
1249 1808 1473 1872 abusus,
1503 1814 1680 1859 totum
1704 1818 1763 1859 se
1790 1801 2001 1857 deliciis

2108 1792 2469 1891 ἡδυπαθειῶν,
2503 1792 2626 1870 ’καί
2651 1792 3009 1870 ἀπολαύσεων
3052 1792 3282 1883 γίνεται,
3327 1814 3551 1868 ἀπαιτεῖ
3578 1813 3685 1883 γὰρ

414 1920 474 1966 et
503 1907 868 1979 voluptatibus
907 1903 1092 1969 tradit,
1150 1900 1381 1971 singulis
1418 1898 1566 1953 enim
1599 1896 1749 1951 horis
1786 1904 1841 1950 et
1881 1908 2003 1948 mo-

416 2003 620 2058 mentis
651 2000 758 2055 illis
780 1996 1041 2053 oblectari
1076 1993 1294 2063 fruique
1325 1990 1623 2046 desiderat.

1023 2085 1274 2143 Scholion
1306 2083 1395 2137 12.

490 2184 790 2242 All'ectibus
823 2179 1109 2251 indulgens
1136 2174 1334 2249 gaudet
1373 2172 1530 2229 festis
1569 2180 1626 2227 et
1669 2167 2004 2227 celebritati-

414 2282 547 2346 .bus,
573 2279 666 2335 sed
694 2274 897 2331 athleta
924 2270 1127 2329 Christi
1150 2268 1352 2341 gaudet
1379 2265 1540 2336 213
1572 2272 1816 2332 tempore
1845 2259 2006 2315 luctat:

416 2383 477 2429 et
512 2368 848 2433 certaminis,
889 2362 1187 2437 propositis
1221 2360 1325 2417 sibi
1374 2355 1597 2413 coronis
1640 2362 1694 2409 et
1734 2350 2000 2424 praemiis,

420 2479 542 2535 qua:
571 2478 635 2517 ex
685 2458 1040 2531 proportione
1081 2450 1490 2522 respondebunt
1521 2446 1825 2502 laboribus.
1867 2441 2003 2496 Per-

420 2530 595 2611 fectus
629 2530 808 2608 autem
856 2549 971 2603 hzec
1006 2543 1244 2603 celebrat
1282 2538 1524 2595 Sabbata
1570 2544 1626 2592 et
1666 2532 1834 2589 ferias
1883 2530 2006 2586 sine

406 2647 526 2703 alia
550 2660 703 2702 cura.

1033 2726 1283 2784 Scholion
1314 2724 1400 2779 l5.

491 2825 788 2884 Eunuchos
849 2820 1140 2890 intelligit,
1193 2818 1259 2872 de
1319 2815 1521 2886 quibus
1567 2809 1701 2866 dicit
1737 2806 2006 2863 Dominus

418 2915 566 2988 quod
618 2913 828 2984 seipsos
886 2907 1249 2965 castraverint
1308 2910 1528 2975 propter
1575 2914 1801 2971 regnum
1832 2896 2002 2952 coelo-

422 3006 638 3072 rum'”,
669 3005 872 3078 quique
897 3003 965 3057 ab
1010 2998 1266 3055 omnibus
1296 2996 1596 3052 abstinent.
1637 2990 1773 3046 Nam
1807 2989 2004 3059 reliqui

419 3100 657 3159 eunuchi
692 3098 827 3153 nihil
861 3095 1120 3152 ditl‘erunt
1149 3092 1218 3148 ab
1255 3091 1379 3146 aliis
1424 3086 1766 3153 hominibus,
1809 3082 2002 3139 iisdem

420 3196 567 3252 vitiis
597 3191 843 3251 obnoxii.

1012 3273 1272 3333 Scholion
1314 3272 1400 3327 14.

494 3378 646 3433 Mens
695 3372 1023 3433 continentis
1070 3376 1156 3424 est
1189 3365 1450 3437 templum
1501 3359 1740 3432 Spiritus
1787 3356 2005 3421 sancti;

423 3487 583 3528 mens
614 3468 832 3542 gulonis
865 3474 950 3521 est
983 3463 1145 3519 nidus
1174 3471 1487 3516 corvorum.

1030 3553 1282 3611 Scholion
1315 3548 1403 3603 15.

496 3659 728 3729 Quando
756 3664 944 3713 venter
995 3651 1246 3708 satietate
1290 3644 1579 3709 humescit,
1610 3648 1869 3696 arescunt
1926 3637 2008 3691 la-

425 3765 627 3823 crymae
656 3767 669 3804 :
696 3745 915 3818 quando
947 3750 1128 3798 autem
1165 3753 1263 3809 per
1290 3734 1530 3792 inediam
1562 3739 1751 3788 venter
1784 3724 2009 3791 arescit,

428 3847 758 3900 humcscunt
780 3849 833 3896 ct
866 3837 1140 3893 inundant
1160 3833 1439 3902 lacrymaa.

1038 3921 1291 3980 Scholion
1320 3917 1408 3973 i6.

504 4024 764 4095 Voluptas
787 4016 1086 4089 persimilis
1119 4022 1205 4070 est
1230 4009 1378 4076 cani,
1409 4021 1575 4079 quem
1606 4004 1652 4062 si
1681 3997 2011 4072 insequeris,

2103 1915 2312 1987 ἑκάστῃ
2353 1912 2474 1984 ὥρᾳ
2500 1911 2568 1966 τὰ
2588 1912 2646 1965 ἐν
2672 1910 2869 1974 αὐταῖς
2898 1909 3241 1981 ὲπιτελῆσαι.

2703 2086 2966 2155 Σχόλιον
2992 2082 3081 2154 ιβ’.

2188 2183 2248 2236 '0
2274 2182 2372 2254 μὲν
2397 2177 2650 2252 ἐμπαθὴς
2689 2177 2870 2249 χαίρει
2905 2176 2964 2229 ἐν
2986 2176 3206 2246 ἑορταῖς
3238 2174 3335 2228 καὶ
3374 2172 3684 2244 πανηγύρε-

2109 2291 2213 2330 σινο
2253 2275 2282 2327 ὁ
2307 2273 2363 2326 δὲ
2388 2269 2697 2341 ἀγωνιστὴς
2727 2270 2785 2324 ὲν
2815 2267 2993 2339 καιρῷ
3016 2266 3213 2337 πάλης,
3247 2264 3684 2336 προστιθεμένων

2106 2366 2256 2437 αὐτῷ
2294 2365 2577 2434 στεφάνων
2600 2362 2741 2417 κατὰ
2763 2362 2862 2433 τὴν
2887 2358 3178 2428 ἀναλογίαν
3208 2358 3318 2411 τῶν
3345 2360 3623 2430 καμάτωνο
3655 2361 3682 2413 6

2105 2458 2162 2511 δὲ
2182 2458 2387 2519 τέλειος
2408 2455 2581 2508 ταῦτα
2602 2451 2923 2525 ἀμερίμνως
2945 2448 3324 2504 ὲσαόϐάτισεν.

2710 2708 2971 2777 Σχόλιον
2994 2712 3080 2774 ιγ’.

2182 2803 2486 2874 Εὐνούχους
2514 2800 2702 2872 φησὶν,
2737 2799 2832 2863 οὒς
2872 2801 2901 2853 ὁ
2941 2797 3148 2868 Κύριος
3182 2795 3412 2860 ἑαυτοὺς
3446 2793 3677 2863 εὐνουχί-

2110 2910 2200 2948 σαι
2231 2887 2374 2959 εἶπε,
2403 2891 2492 2945 διὰ
2511 2891 2611 2963 τὴν
2641 2889 2749 2942 τῶν
2788 2886 3037 2959 οὐρανῶν
3072 2885 3370 2957 βασιλείαν,
3405 2886 3500 2940 καὶ
3536 2901 3678 2957 περι-

2108 2984 2341 3049 εκτικῶς
2364 2983 2885 3054 ὲγκρατευομένους
2913 2980 2964 3034 οἱ
2991 2978 3100 3050 γὰρ
3126 2978 3302 3032 λοιποὶ
3328 2978 3481 3031 οὐδὲν
3509 2977 3679 3047 διαφέ-

2114 3094 2287 3151 ρουσι,
2315 3079 2429 3141 τοῖς
2452 3076 2635 3140 αὐτοῖς
2658 3073 3082 3145 περιπίπτοντες
3111 3070 3331 3125 πάθεσι.

2709 3251 2756 3302 Σ
2757 3250 2972 3318 χόλιον
2996 3245 3078 3301 ιδ’.

2192 3346 2250 3401 '0
2270 3345 2394 3409 νοῦς
2414 3341 2720 3415 ἐγκρατοῦς
2744 3342 2868 3403 ναὸς
2892 3337 2991 3392 τοῦ
3025 3335 3178 3402 ἁγίου
3219 3335 3360 3390 Πνεύ
3369 3351 3556 3404 ματος,
3578 3335 3606 3387 ὁ
3629 3333 3683 3387 δὲ

2111 3440 2205 3495 τοῦ
2235 3438 2656 3511 γαστριμάργου
2686 3434 3109 3503 κατοικητήριον
3138 3431 3411 3502 κοράκων.

2716 3530 2762 3582 Σ
2763 3528 2977 3597 χόλιον
3017 3525 3100 3580 ιε’.

2194 3623 2463 3694 Ὀπ-ηνίκα
2496 3622 2813 3694 ὑγραίνεται
2858 3618 3071 3690 γαστὴρ
3111 3617 3203 3671 διὰ
3228 3615 3413 3686 κόρου,
3448 3611 3686 3683 ξηραίνε-

2115 3735 2203 3772 ται
2228 3715 2461 3786 δάκρυα·
2506 3715 2596 3767 ὅτε
2635 3712 2694 3768 δὲ
2726 3712 2794 3765 δι’
2826 3711 3153 3783 ἐγκρατείας
3180 3710 3215 3782 ὴ
3245 3707 3424 3762 κοιλία
3448 3706 3686 3777 ξηραίνε-

2113 3828 2228 3879 ται,
2254 3807 2477 3874 αὔξουσι
2508 3806 2577 3861 τὰ
2602 3805 2712 3861 τῶν
2731 3804 2984 3875 δακρύων
3012 3802 3201 3858 ὕδατα.

2716 3897 2976 3967 Σχόλιον
3002 3901 3098 3961 ις’.

2188 3995 2327 4049 Κυνὶ
2365 3994 2541 4049 ἔοικεν
2584 3994 2621 4065 ἡ
2646 3991 2811 4064 ὴδονη
2831 4007 2846 4022 ’
2879 3988 2973 4043 ἐὰν
2998 3987 3218 4060 διώξῃς,
3249 3986 3462 4056 φεύγει,
3503 3983 3599 4037 ἐὰν
3638 3980 3689 4035 δὲ

434 4119 607 4189 fugit,
646 4074 692 4172 ἐἰ
724 4074 863 4178 aliis,
908 4117 1113 4165 manet.
1159 4104 1312 4176 Fuge
1349 4074 1767 4159 delectationem
1795 4099 2007 4165 propter

2119 4088 2347 4163 θρέψῃς,
2379 4087 2707 4160 παραμένει.
2730 4083 2904 4189 Φὶὖγε
2928 4081 3025 4153 τὴν
3044 4080 3234 4152 τέρψιν
3258 4078 3349 4133 διὰ
3375 4078 3477 4149 τὴν
3502 4074 3686 4145 θλίψιν,

436 4166 607 4189 non,
649 4166 692 4172 --
1246 4166 1277 4176 ν

428 4211 797 4272 alliictionem,
827 4220 898 4261 ne
925 4205 1189 4259 adversus
1221 4210 1274 4257 te
1302 4194 1564 4254 membris
1585 4192 1695 4249 tuis
1724 4203 1823 4262 pro
1847 4185 2007 4244 armis

2122 4182 2198 4255 μὴ
2218 4182 2331 4244 τοῖς
2359 4181 2471 4244 σοῖς
2496 4177 2703 4251 μέλεσι,
2741 4170 2920 4247 βέλεσι
2941 4172 3092 4267 κατὰ
3119 4169 3212 4226 σοῦ
3242 4170 3516 4242 χρήσηται
3543 4170 3571 4223 ὁ
3590 4166 3693 4222 διά-

430 4312 616 4361 utatur
650 4299 922 4357 diabolus.
1438 4334 1461 4357 ,

1041 4387 1288 4445 Scholion
1324 4385 1414 4440 Π.

501 4489 807 4545 Prudenter
860 4500 992 4540 cura
1033 4490 1089 4538 et
1137 4478 1383 4536 studiose
1439 4473 1821 4544 laborioseque
1873 4470 2019 4527 circa
2052 4491 2097 4546 ι)

436 4585 579 4640 hanc
609 4577 868 4650 advigila,
899 4583 958 4631 ut
984 4590 1081 4647 per
1111 4571 1319 4628 ventris
1354 4567 1678 4624 amictiones
1707 4579 1772 4622 os
1795 4562 2021 4620 conclu-

2121 4273 2295 4339 ϐολος.

2723 4360 2985 4429 Σχόλιον
3015 4357 3102 4422 ιζ’.

2207 4454 2621 4527 Ἐπιστημὸνως
2652 4449 2915 4523 ἐπιμελοῦ
2943 4451 3038 4503 καὶ
3067 4446 3324 4519 ὲμπόνως
3351 4444 3482 4517 περὶ
3506 4441 3695 4511 ταύτην

2125 4550 2490 4623 καρτέρησον,
2529 4547 2617 4600 ἵνα
2654 4544 2745 4598 διὰ
2783 4543 2894 4596 τῶν
2921 4538 3304 4611 ὑπωπιασμῶν
3344 4538 3449 4607 τῆς
3474 4533 3700 4607 γαστρὸς

435 4679 554 4743 das,
586 4666 656 4729 ne
681 4623 790 4744 qlia
817 4623 1016 4741 lingu;
1030 4664 1250 4722 exsiliat
1272 4671 1366 4717 aut
1393 4667 1666 4732 erumpat,
1694 4666 1749 4714 et
1774 4656 2007 4711 habitun

2123 4642 2185 4696 τὸ
2234 4639 2410 4710 στόμα
2457 4636 2818 4706 ἀποκλείηται
2870 4632 3007 4705 πρὸς
3053 4631 3114 4685 τὸ
3165 4630 3241 4701 μὴ
3280 4627 3567 4700 προπηδᾷν
3609 4623 3700 4693 τὴν

436 4765 783 4839 inquaeitatis
813 4759 1124 4818 contrahat.

984 4850 1237 4908 Scholion
1271 4845 1475 4902 Isaaci.

509 4954 731 5008 Vitiosae
760 4947 1086 5020 cupiditates
1128 4940 1439 5014 persimiles
1479 4945 1608 4994 sunt
1639 4933 1873 4997 catellis,
1921 4930 2015 5002 qui

443 5042 683 5098 macellis
709 5042 1091 5101 assueverunt,
1115 5047 1257 5103 quos
1287 5028 1403 5086 sola
1426 5042 1532 5083 vox
1559 5023 1802 5080 hominis
1829 5021 1980 5092 fugat
2004 5037 2016 5073 :

443 5137 533 5192 sed
567 5131 794 5206 neglecti
821 5140 1081 5200 tanquam
1106 5125 1357 5196 ingentes
1386 5121 1576 5176 leones
1608 5115 1878 5191 insiliunt.

1137 5301 1323 5358 Aliud.

512 5407 686 5463 Nemo
706 5410 895 5474 potest
925 5412 1122 5470 pravas
1160 5393 1492 5464 cupiditates
1532 5390 1754 5445 vincere
1786 5383 1894 5440 nisi
1928 5396 2026 5454 per

444 5504 699 5567 \irtutes,
729 5510 852 5568 quae
887 5507 981 5564 per
1023 5502 1241 5552 sensus,
1286 5483 1531 5540 adhibita
1578 5477 1749 5536 animi
1779 5482 2028 5535 contem-

447 5593 708 5665 platione,
735 5594 1080 5645 exercentur.

532 5786 577 5816 ³³
610 5785 779 5840 .I‘rou.
805 5798 930 5850 xxx,
954 5782 1006 5836 8.
1047 5781 1091 5814 ⁸³
1150 5774 1340 5833 Matth.
1373 5788 1494 5840 xu,
1527 5772 1614 5829 12.

2125 4734 2400 4803 γλῶσσαν.
2432 4731 2527 4785 καὶ
2559 4731 2619 4782 ἐν
2648 4726 2760 4793 ἕξει
2791 4725 3038 4796 γίνεσθαι
3064 4723 3408 4791 πολυλογίας.

2696 4820 2878 4874 Ἀλλο
2924 4818 3145 4875 Ἰσαάκ.

2209 4917 2449 4973 Ἐοίκασι
2470 4914 2541 4969 τὰ
2566 4914 2713 4986 πάθη
2743 4912 3025 4984 κυναρίοις
3048 4912 3163 4974 τοῖς
3190 4906 3406 4962 εἰωθόσι
3434 4902 3703 4975 σχολάζειν

2125 5013 2238 5076 τοῖς
2276 5007 2681 5081 μακελλαρίοις,
2713 5006 2874 5060 ἆτινα
2917 5003 3055 5076 μόνῃ
3101 5002 3254 5072 φωνῇ
3281 4995 3705 5066 ἀποδιδράσκου-

2132 5121 2206 5170 σι,
2262 5099 2614 5173 ἀμελούμενα
2666 5097 2725 5151 es
2772 5097 2849 5162 ὡς
2913 5096 3128 5159 λέοντες
3180 5088 3564 5162 παμμεγέθεις
3611 5086 3708 5138 ἑπ-

2134 5202 2410 5274 ἔρχονται.

2820 5287 3034 5340 Ἄλλο.

2206 5387 2393 5451 Οὐδεὶς
2419 5385 2640 5439 δύναται
2676 5380 2897 5452 νικῆσαι
2924 5377 2992 5433 τὰ
3016 5374 3190 5447 πάθη,
3224 5373 3273 5428 εἱ
3304 5370 3380 5444 μὴ
3415 5369 3482 5425 δι’
3505 5359 3710 5439 ἀρετῶν

2136 5476 2412 5555 αἰσθητῶν
2435 5473 2832 5547 θεωρούμενον.
