4042 6474
313 340 425 408 877

926 449 972 499 Σ
972 443 1186 514 χόιλιον
1219 446 1283 509 ιη’
1295 482 1307 493 .

387 543 610 614 Δαίμων
641 540 870 611 δαίμονα
912 537 1012 590 οὐκ
1051 532 1325 595 ἐκϐάλλει,
1368 526 1732 600 παραπέμπει
1773 524 1832 577 δὲ
1874 523 1904 575 ὁ

308 636 417 706 τῆς
460 630 909 705 γαστριμαργίας
957 628 1096 697 πρὸς
1141 624 1232 676 τὸν
1273 622 1375 691 τῆς
1422 619 1700 690 πορνείας·
1736 618 1765 669 ὁ
1805 616 1906 686 τῆς

308 726 623 791 κενοδοξίας
668 722 805 792 πρὸς
850 719 941 772 τὸν
969 720 1069 786 τῆς
1097 712 1493 784 ὑπερηφανίας
1536 713 1565 764 ὁ
1594 711 1693 780 τῆς
1715 708 1906 779 ὀξυχο-

309 820 455 883 λίας,
485 817 620 886 πρὸς
642 815 734 869 τὸν
757 814 854 884 τῆς
884 807 1271 882 μνησικακίας
1299 808 1327 859 ὁ
1344 805 1444 876 τῆς
1469 804 1747 872 λαγνείας,
1772 800 1907 872 πρὸς

306 913 404 967 τὸν
438 912 540 982 τῆς
579 906 946 975 ἀπογνώσεως
969 919 980 934 ο
1015 901 1108 955 καὶ
1152 898 1335 961 ἁπλῶς
1365 899 1412 950 οἱ
1445 894 1575 965 ἑξῆς
1615 895 1752 964 πρὸς
1785 892 1909 954 τοὺς

309 1000 475 1069 ἑξῆς.

932 1281 978 1332 Σ
982 1278 1194 1345 χόλων
1220 1273 1306 1329 ιϐ’.

396 1377 576 1448 Εὖχου
628 1358 885 1443 γενέσθαι
940 1369 1050 1423 τῶν
1114 1369 1335 1436 ὀλίγων.
1378 1362 1647 1420 Σπάνιον
1693 1362 1803 1433 γὰρ
1848 1364 1915 1415 τὸ

308 1468 576 1538 ἀγαθόν.
611 1464 703 1516 Διὸ
739 1462 834 1517 καὶ
878 1460 1051 1529 ὀλίγοι
1094 1460 1234 1512 εἰσὶν
1286 1460 1336 1511 oi
1378 1457 1774 1527 εἰσερχόμενοι.
1824 1451 1917 1524 Μὴ

311 1558 536 1620 πάντας
564 1553 782 1623 λογίζου
810 1552 940 1614 τοὺς
979 1552 1037 1605 ὲν
1074 1552 1142 1621 τῇ
1165 1549 1351 1620 κὲλλῃ,
1387 1547 1660 1612 σώζεσθαι
1683 1545 1921 1615 φαύλους

313 1667 386 1704 τε
422 1649 518 1702 καὶ
537 1644 829 1720 χρηστούςο
865 1645 926 1698 οὐ
957 1642 1067 1714 γὰρ
1092 1641 1266 1705 οὓτως
1298 1640 1434 1712 ἔχει’
1466 1638 1652 1693 πολλοὶ
1681 1639 1780 1709 μὲν
1811 1636 1921 1709 γὰρ

1345 326 1574 387 SCALA
1613 322 1998 382 PARADISI.
2026 347 2094 357 --
2117 322 2424 383 GRADUS
2453 323 2607 384 XIV.

1929 442 1977 498 Δ

3475 329 3581 392 878

2614 430 2863 489 Scholion
2895 434 2984 489 18.

2077 526 2299 582 Daemon
2330 528 2631 582 daemonem
2685 542 2795 583 non
2832 527 3004 598 pellit,
3045 526 3140 582 sed
3184 528 3409 597 spiritus
3446 534 3582 600 gul-.e

2008 619 2332 674 transmittit
2362 619 2612 689 gulosum
2645 620 2713 675 ad
2751 619 3006 690 spiritum
3055 621 3323 676 luxuriae:
3359 624 3586 692 spiritus

2006 725 2161 765 vana:
2180 710 2388 781 gloriae,
2408 711 2595 781 gloriae
2622 711 2881 781 cupidum
2911 713 2978 768 ad
3005 713 3258 783 spiritum
3284 716 3584 781 superbiae;

2010 800 2307 856 iracundia:
2335 800 2560 870 spiritus
2594 802 2919 857 iracundum
2946 802 3014 858 ad
3039 803 3290 873 spiritum
3321 805 3417 874 qui
3444 804 3589 875 inju-

2010 892 2123 949 rias
2164 892 2465 962 praeteritas
2511 892 2768 962 injuriam
2820 909 2985 964 passo
3016 909 3229 966 semper
3271 895 3327 950 in
3381 911 3590 951 memo-

2012 980 2152 1035 riam
2184 991 2436 1048 revocat;
2465 983 2693 1051 spiritus
2715 984 3349 1056 impuritatisimpurum
3378 987 3445 1042 ad
3478 987 3593 1057 spi-

2014 1073 2177 1126 ritum
2209 1072 2606 1144 desperationis
2633 1092 2647 1143 ;
2679 1084 2734 1131 et.
2757 1076 3077 1147 simpliciter
3101 1079 3192 1133 alii
3222 1079 3481 1150 deinceps
3523 1081 3592 1134 ad

2015 1161 2174 1219 alios.

2619 1256 2872 1314 Scholion
2906 1260 2993 1314 19.

2089 1344 2320 1402 Precarc
2352 1347 2519 1404 Deum
2553 1359 2611 1405 ut
2641 1349 2719 1407 sis
2745 1366 2775 1406 e
2819 1366 3049 1406 numero
3079 1366 3395 1421 paucorum.
3434 1352 3600 1424 214

2019 1437 2224 1493 Rarum
2249 1450 2328 1495 est
2365 1438 2505 1512 quod
2550 1442 2743 1497 bonum
2793 1453 2890 1511 est,
2924 1443 3151 1516 proinde
3191 1445 3349 1515 pauci
3398 1444 3600 1499 cmlum

2021 1533 2418 1602 ingrediuntur.
2457 1533 2581 1591 Noli
2615 1545 2812 1606 putare
2839 1552 3033 1592 omnes
3074 1537 3166 1607 qui
3196 1538 3252 1591 in
3295 1537 3451 1592 cellis
3478 1551 3601 1590 mo-

2020 1624 2325 1707 nachorum
2360 1627 2627 1696 residunt,
2652 1628 2826 1685 bonos
2854 1628 3079 1699 perinde
3114 1644 3178 1685 ac
3220 1628 3393 1683 malos
3423 1628 3606 1699 salvos

321 1714 731 1813 προσεργονται
771 1735 852 1808 τῷ
896 1735 1137 1807 ὲναρέτῳ
1172 1733 1291 1805 βίῳο
1325 1731 1496 1801 ὀλίγοι
1524 1732 1581 1785 δὲ
1612 1730 1704 1785 τὸν
1753 1727 1920 1782 αὑτοῦ

2033 1714 2172 1784 ﬁeri;
2204 1732 2312 1787 non
2338 1729 2420 1774 est
2447 1719 2520 1774 ita
2552 1739 2565 1775 :
2613 1721 2771 1775 multi
2808 1720 2954 1776 enim
2983 1720 3251 1777 accedunt
3272 1721 3337 1776 ad
3379 1721 3605 1791 probam

324 1833 747 1902 καταδέχονται.

548 1926 805 1993 Σχόλιον
833 1920 940 1976 τοῦ
976 1921 1245 1992 μεγάλου
1283 1919 1608 1974 Βασίλειον
1636 1917 1704 1973 κ’.

411 2013 647 2075 Πολλοὺς
675 2007 815 2065 εἶδον
846 2009 1046 2064 πάθεσι
1088 2009 1461 2080 κρατηθέντας
1489 2011 1546 2062 ἐν
1580 2008 1738 2079 ὑγεία
1766 2024 1923 2076 γενο-

351 2107 567 2176 μένους·
591 2104 687 2157 ⁴ἐνα
721 2104 777 2157 δὲ
809 2103 876 2156 ὲκ
897 2101 1116 2156 πάντων
1138 2101 1485 2173 λαϐροφάγον
1518 2100 1551 2171 ἢ
1578 2101 1925 2172 γαστρίμαρ-

349 2216 475 2268 γον,
502 2200 600 2252 οὐκ
628 2194 781 2252 είδονο
814 2198 929 2252 ἀλλ’
958 2199 991 2271 ἢ
1023 2199 1439 2270 ἁπορῤαγέντας
1479 2198 1574 2251 τοῦ
1620 2197 1927 2268 ἐγκρατοῦς

347 2282 494 2360 βίου·
520 2290 550 2359 ῆ
575 2287 651 2357 τῷ
683 2288 868 2359 κόσμῳ
901 2286 1422 2358 συνδιαφθαρέντας,
1446 2287 1480 2357 ἢ
1516 2290 1630 2350 τοῖς
1661 2286 1928 2356 ἐγκρατέ-

344 2396 435 2433 σιν
461 2378 973 2450 ἐναποκρύπτεσθαι
1018 2379 1423 2452 πειρωμένους,
1454 2378 1552 2433 καὶ
1586 2376 1663 2448 τῷ
1695 2376 1930 2446 διαϐόλῳ

332 2474 409 2543 τῇ
453 2472 755 2544 ἡδυπαθείᾳ
787 2469 1326 2542 συνασπαζομένους⁸
1371 2470 1604 2541 ψεῦσται
1644 2471 1753 2542 γάρ
1792 2471 1932 2523 εἰσιν

331 2557 508 2618 οὗτοι·
541 2562 859 2635 πολύορκοι,
899 2563 1241 2627 ἀντιστάται,
1267 2561 1650 2631 ἀντιπλῆκται,
1687 2560 1935 2629 ἀνακρά-

334 2672 494 2719 κται,
527 2655 920 2728 ἀρνησιφάγοι,
951 2652 1319 2723 ἀνελεύθεροι,
1346 2652 1698 2723 ἁϐροδίαιτοι,
1730 2650 1936 2722 μεμψί-

342 2767 550 2822 μοιροι,
583 2749 896 2821 ἐρευνηταί,
927 2748 1387 2819 ποτεινοχάρεις·
1413 2746 1597 2818 πάσης
1621 2745 1719 2816 τῆς
1745 2744 1936 2814 ἐναρέ-

339 2855 447 2893 του
491 2838 767 2902 πολιτείας
809 2837 1142 2909 ἀντεργάται
1171 2836 1430 2890 ἑκούσιοι.
1468 2834 1585 2889 Ἵνα
1611 2833 1669 2887 δὲ
1708 2833 1805 2904 τῆς
1835 2850 1938 2903 γα-

338 2931 722 3002 στριμαργίας
751 2929 927 2993 πάθος
963 2929 1299 3005 σκεπάσωσι,
1326 2927 1406 2997 τῷ
1427 2926 1580 2998 ὲσμῷ
1608 2926 1718 2978 τῶν
1747 2924 1937 2979 κακῶν

338 3022 799 3091 περιπίπτουσιν.
849 3019 1061 3083 Οἴτινες
1118 3017 1197 3088 τῷ
1259 3017 1359 3088 μὲν
1414 3014 1654 3087 σχήματί
1700 3015 1837 3067 είσιν
1878 3014 1941 3069 ἐν

338 3114 467 3175 τοῖς
497 3110 856 3182 σωζομένοις,
892 3109 1045 3182 τῷδε
1077 3108 1365 3180 πράγματι
1394 3109 1502 3162 είσι
1529 3104 1940 3177 κατακεκριμέ-

340 3221 460 3260 νοι.

1953 1794 1995 1848 Β
2025 1809 2216 1875 vitam,
2244 1810 2339 1866 sed
2369 1812 2528 1881 pauci
2557 1812 2751 1883 jugum
2778 1810 2895 1880 ejus
2922 1813 3249 1883 suscipiunt.

2488 1905 2684 1961 Basilii
2723 1905 2907 1976 Magni
2936 1905 3009 1962 20
3047 1905 3146 1978 (al.

2098 1997 2296 2054 Multos
2339 2014 2442 2070 ego
2488 1999 2987 2069 animadverti,qui
3042 2013 3167 2054 cum
3212 1998 3359 2054 vitiis
3397 1999 3519 2055 aliis
3558 2010 3613 2054 et

2030 2090 2315 2147 all‘cctibus
2341 2091 2523 2161 pravis
2552 2091 2885 2158 laborarent,
2904 2092 2970 2146 ad
3003 2092 3290 2147 sanitatem
3315 2091 3569 2146 reductos
3594 2110 3609 2144 :

2030 2184 2122 2253 qui
2150 2192 2335 2238 autem
2377 2183 2482 2239 hoc
2505 2184 2696 2239 morbo
2729 2183 3073 2251 tenebantur,
3101 2191 3161 2237 ut
3189 2191 3285 2238 aut
3314 2183 3370 2237 in
3394 2182 3614 2238 occulto

2031 2276 2328 2341 csitarent,
2388 2286 2484 2332 aut
2526 2277 2651 2348 gula
2696 2277 3057 2342 ducerentur,
3102 2276 3455 2332 emendatum
3501 2274 3616 2330 vidi

2034 2368 2340 2435 nemiuem;
2374 2367 2467 2423 sed
2499 2376 2594 2422 aut
2623 2383 2655 2422 a
2699 2368 3097 2423 continentium
3148 2366 3509 2423 contubernio
3556 2380 3618 2422 se

2033 2459 2254 2527 penitus
2292 2459 2631 2527 abruperant
2664 2468 2717 2515 et
2764 2459 2886 2514 vitae
2926 2459 3090 2528 hujus
3126 2458 3312 2514 mundi
3345 2457 3618 2513 illecebris

2037 2562 2159 2604 sese
2199 2547 2555 2614 dediderunt;
2588 2558 2683 2602 aut
2724 2547 2854 2602 dum
2899 2546 3039 2600 inter
3068 2546 3404 2601 abstinentes
3432 2544 3619 2600 occul-

2039 2648 2156 2693 tare
2202 2652 2262 2693 se
2291 2637 2641 2704 studuerunt,
2675 2637 3045 2707 voluptatibus
3093 2636 3291 2691 addicti
3332 2635 3469 2691 duce
3502 2635 3622 2690 dia-

2037 2731 2166 2786 bolo
2196 2729 2465 2800 stipendia
2490 2738 2827 2786 meruerunt.
2852 2728 2987 2785 Nam
3009 2730 3102 2800 qui
3130 2728 3439 2786 istiusmodi
3469 2738 3620 2793 sunt,

2038 2823 2079 2877 ii
2104 2832 2232 2878 sunt
2271 2822 2585 2890 mendaces,
2621 2821 2938 2893 perjuriosi,
2970 2822 3217 2893 litigiosi,
3247 2822 3341 2892 qui
3372 2820 3623 2893 percussi

2039 2916 2435 2986 repercutiunt,
2469 2915 2721 2982 clamosi,
2753 2923 2808 2970 et
2854 2914 2948 2985 qui
2998 2929 3058 2971 se
3092 2914 3271 2970 edisse
3303 2906 3622 2985 pernegent,

2040 3007 2358 3074 illiberales,
2411 3007 2505 3077 qui
2536 3006 2680 3062 victu
2719 3006 2952 3062 delicato
2983 3006 3275 3078 gaudeant,
3318 3004 3622 3077 querulosi,

2041 3099 2276 3155 aliorum
2323 3098 2528 3155 curiosi
2576 3098 2985 3168 exploratores,
3015 3098 3399 3165 tenebriones,
3441 3098 3626 3153 omnis

1963 3180 2007 3237 C
2040 3192 2286 3247 honestat
2339 3191 2463 3246 vita:
2511 3191 2579 3244 de
2631 3190 2898 3245 industria
2951 3190 3196 3257 inimici;
3232 3189 3328 3260 qui
3374 3198 3435 3244 ut
3485 3188 3627 3259 gula:

338 3293 544 3351 vitium
593 3293 892 3364 obtegant,
943 3291 1433 3347 innumerabilibus
1483 3304 1544 3345 se
1588 3288 1712 3345 aliis
1768 3286 1929 3343 noxis
1968 3284 2256 3341 involvunt
2289 3300 2301 3335 :
2338 3281 2432 3351 qui
2474 3296 2598 3337 cum
2634 3281 2817 3351 specie
2845 3296 2941 3336 seu
3009 3281 3196 3337 habitu
3239 3280 3379 3336 inter
3442 3281 3625 3336 salvos

340 3401 476 3443 esse
504 3385 814 3451 videantur,
842 3384 1023 3455 reipsa
1056 3383 1197 3438 inter
1231 3382 1573 3439 damnandos
1612 3378 1938 3437 numerandi
1978 3382 2128 3433 sunt.

954 3481 1001 3532 Σ
1003 3479 1215 3548 χόνιιω·
1245 3484 1351 3531 κα¹.

430 3572 858 3641 Καλλωπισμοῖς
908 3570 1159 3641 ἱματίων,
1200 3569 1298 3624 καὶ
1340 3569 1628 3641 πλησμονῇ
1683 3566 1943 3639 γαστρὸς,

354 3661 667 3729 ὲντεύξεσιν
698 3661 991 3733 βλαϐεραῖς
1013 3662 1139 3725 τοὺς
1170 3662 1440 3731 πονηροὺς
1474 3659 1766 3731 γεννᾶσθαι
1794 3659 1944 3727 λογι-

355 3757 535 3825 σμοὺς
572 3755 632 3810 ἐν
667 3757 735 3825 τῇ
760 3753 908 3825 ψυχῇ
954 3756 1018 3807 ἐκ
1057 3754 1166 3807 τῶν
1194 3754 1473 3825 ἐμπείρων
1504 3755 1600 3806 καὶ
1625 3751 1946 3828 πρακτικῶν

358 3845 638 3916 γερόντων
661 3845 896 3915 ἀκήκοα.

952 3932 1212 4002 Σχόλιον
1237 3932 1341 4002 κβ’.

458 4023 647 4095 Ὠραία
674 4026 709 4094 ή
753 4025 1000 4097 νηστεία,
1040 4025 1074 4095 ἡ
1122 4024 1475 4096 βραχυεραγίᾳ
1518 4024 1804 4094 χαίρουσα,
1852 4023 1949 4079 καὶ

360 4114 699 4184 λιτοφαγίαν
762 4116 995 4187 ἔχουσα,
1069 4117 1164 4170 καὶ
1221 4115 1745 4188 ἀνθρωπαρέσκειαν
1814 4115 1947 4185 φεύ-

356 4224 468 4276 γου
477 4225 569 4262 σα.
1818 4220 1827 4225 ‘

958 4302 1219 4370 Σχόλιον
1247 4307 1354 4368 κγ’.

449 4391 539 4444 Ἐν
576 4390 808 4462 ἀφθονίᾳ
855 4391 1077 4459 ἀγαθῶν
1129 4392 1227 4462 τὴν
1276 4390 1384 4445 τῶν
1430 4388 1733 4461 ἀνθρώπων
1786 4391 1950 4460 φύσιν

351 4481 714 4550 ὑπεστήσατο
742 4480 838 4533 ἀπ’
867 4481 1042 4553 ἀρχῆς
1067 4482 1096 4534 ὁ
1120 4480 1274 4544 Θεόςο
1296 4481 1378 4534 διὸ
1409 4481 1571 4552 ἡτῶν
1597 4480 1951 4538 ἀπολαύσεων

352 4570 580 4641 ἐκκοπὴ
615 4569 695 4634 ὡς
749 4573 901 4643 παρὰ
948 4572 1048 4643 τὴν
1093 4571 1354 4625 σύστασιν
1397 4567 1551 4636 οὖσα,
1587 4570 1694 4627 κᾶν
1727 4572 1948 4645 ὑπάρχῃ

2659 3469 2905 3526 Scholion
2934 3470 3023 3523 21.

2118 3561 2283 3619 Cultu
2309 3562 2567 3628 vestium,
2596 3562 2805 3618 ventris
2834 3562 3096 3633 ingluvie,
3148 3564 3330 3634 pravis
3367 3572 3421 3618 et
3448 3563 3630 3620 noxiis

2049 3655 2374 3712 occursibus
2403 3671 2499 3711 seu
2534 3655 2823 3726 colloquiis
2865 3656 3040 3712 malas
3095 3656 3151 3709 in
3199 3656 3378 3711 anima
3421 3656 3631 3728 COgita-

2050 3746 2230 3801 tiones
2276 3745 2527 3816 generari
2550 3752 2607 3801 et
2634 3745 2895 3801 exsistere
2920 3759 2951 3798 a
2980 3744 3191 3814 peritis,
3212 3752 3270 3800 et
3307 3744 3375 3800 iis
3406 3743 3499 3815 qui
3541 3759 3631 3799 re-

2049 3850 2176 3892 rum
2203 3850 2365 3893 usum
2394 3836 2617 3905 habent,
2653 3837 2876 3893 senibus
2902 3836 3106 3892 audivi.

2482 3938 2493 3943 ”
2651 3927 2909 3985 Scholion
2939 3927 3033 3984 (ΞΩ.
3686 3992 3691 3997 ,
3712 3980 3717 3987 .

2117 4020 2391 4092 Jejunium
2450 4021 2829 4092 tempestivum
2896 4019 3116 4091 Deoque
3176 4028 3388 4090 gratum
3433 4020 3633 4092 gaudet

2050 4113 2199 4170 brevi
2228 4130 2439 4181 mensa,
2470 4124 2524 4170 et
2548 4115 2711 4170 tenui
2735 4115 3005 4184 inopeque
3044 4112 3217 4178 victu,
3263 4123 3319 4169 et
3349 4110 3486 4183 fugit
3515 4112 3633 4183 pla-
3692 4144 3695 4149 η

2050 4221 2174 4263 cere
2203 4207 2535 4263 hominibus.

2655 4298 2909 4355 Scholion
2939 4300 3029 4354 25.

2123 4393 2265 4449 Deus
2292 4394 2362 4449 ab
2397 4392 2552 4449 initio
2587 4392 2867 4449 hominem
2899 4391 2958 4447 in
2989 4390 3140 4446 omni
3176 4390 3443 4446 bonorum
3478 4390 3635 4462 copia

2051 4482 2359 4546 constituit,
2393 4497 2458 4538 ac
2486 4490 2769 4553 propterea
2809 4483 3154 4552 voluptatum
3199 4480 3541 4552 exstirpatio,
3574 4492 3639 4535 ut

2051 4587 2175 4642 quae
2206 4580 2404 4642 praeter
2431 4582 2642 4628 natura:
2668 4573 3114 4631 constitutionem
3140 4572 3230 4639 sit,
3262 4575 3514 4645 quamvis
3543 4574 3639 4630 de-

354 4661 508 4717 κατὰ
546 4662 890 4733 προαίρεσιν,
934 4663 1085 4733 ὅμως
1131 4662 1445 4727 ἐκϐιάζεται
1494 4663 1587 4717 τὸν
1636 4664 1930 4726 συστάσεως

2053 4665 2284 4721 liberato
2314 4666 2501 4722 animo
2531 4665 2646 4734 ﬁat,
2671 4676 2851 4723 tamen
2880 4667 2991 4722 vim
3013 4665 3178 4723 infert
3208 4676 3439 4724 naturae.
3471 4667 3640 4725 Recte

354 4755 547 4823 λόγον·
599 4755 774 4826 ὀρθῶς
806 4752 900 4809 οὖν
937 4759 970 4824 ή
1025 4757 1368 4827 ἑστερημένη
1411 4756 1520 4811 τῶν
1569 4755 1694 4810 καθ’
1733 4755 1926 4831 ἡδονὴν

2056 4756 2225 4827 igitur
2253 4757 2523 4828 jejunium
2572 4759 2851 4829 voluptate
2891 4759 3166 4830 privatum
3224 4759 3483 4816 violentia
3538 4775 3639 4815 na-

356 4847 459 4919 βία
480 4842 620 4902 εἶναι
646 4848 861 4917 φύσεως
891 4848 1131 4917 λέγεται.

966 4940 1227 5008 Σχόλιον
1256 4940 1351 4996 κδ’.

430 5027 499 5081 Ei
527 5028 823 5100 κρατήσεις
851 5030 1109 5100 γαστρὸς,
1133 5031 1377 5101 οἰκήσεις
1403 5029 1493 5083 τὸν
1522 5032 1867 5101 παράδεισον’
1898 5035 1947 5087 εί

354 5120 419 5175 δὲ
457 5121 519 5173 οὐ
556 5121 873 5193 κρατήσεις,
906 5120 1140 5189 γέγονας
1171 5122 1401 5176 θανάτου
1439 5124 1839 5195 παρανάλωμα.

856 5213 1118 5281 Σχόλιον
1143 5211 1340 5266 Ἰσαάκ
1373 5220 1470 5267 κε’.

442 5302 508 5355 '0
544 5302 764 5373 τρέφων
807 5303 937 5373 παρ’
969 5302 1145 5374 ἑαυτῷ
1184 5303 1495 5373 συνήθειαν,
1544 5305 1619 5369 ὡς
1661 5307 1947 5380 ἄνθρωπός

357 5400 517 5452 ἐστιν
544 5396 762 5465 τρέφων
796 5396 929 5467 πῦρ·
962 5395 1021 5449 τὸ
1050 5398 1157 5464 γὰρ
1190 5395 1386 5466 μέτρον
1405 5397 1503 5467 τῆς
1531 5397 1813 5469 δυνάμεως
1839 5401 1948 5456 τῶν

358 5486 486 5551 δύο,
506 5488 565 5540 ὲν
586 5487 687 5561 ὕλῃ
710 5486 1093 5562 συ[νί]σταται.

438 5732 521 5807 (ιι)
557 5733 632 5789 De
656 5736 995 5791 abdicatione
1021 5752 1192 5790 rerum
1228 5752 1279 5807 p.
1318 5734 1452 5806 250.

2056 4856 2196 4903 turte
2226 4847 2445 4903 dicitur.

2659 4937 2915 4994 Scholion
2946 4940 3038 4995 9.4.

2133 5029 2191 5087 Si
2242 5039 2484 5088 ventrem
2530 5048 2628 5089 seu
2667 5033 2851 5105 gulam
2909 5034 3284 5099 restrinxeris,
3321 5033 3636 5104 paradisum

2061 5123 2303 5192 incoles;
2338 5124 2385 5180 si
2418 5124 2711 5191 laxaveris,
2741 5127 2934 5182 mortis
2959 5127 3217 5197 pabulum
3251 5126 3428 5181 lactus
3459 5140 3539 5181 es.

2605 5217 2857 5273 Scholion
2889 5216 3093 5273 Isaaci.

2130 5305 2234 5373 Qui
2278 5308 2477 5363 malam
2522 5311 2971 5367 consuetudinem
3018 5311 3114 5366 alit
3159 5310 3301 5380 apud
3348 5308 3510 5379 215
3554 5324 3635 5372 se.

2059 5400 2284 5469 perinde
2316 5401 2446 5458 facit
2472 5412 2635 5474 atque
2664 5405 2710 5460 is
2736 5405 2830 5475 qui
2861 5403 2957 5459 alit
2979 5403 3191 5474 ignem;
3226 5400 3466 5457 medium
3490 5399 3639 5455 enim

2058 5506 2157 5546 seu
2210 5492 2409 5552 modus
2441 5494 2719 5553 facultatis
2764 5497 3051 5553 amborum
3081 5534 3095 5561 ,
3148 5494 3202 5548 in
3248 5494 3474 5550 materia
3503 5507 3641 5548 con-

2065 5581 2227 5638 sistit.
