4042 6446
405 318 511 383 8'39

1102 429 1287 483 Aliud.

477 516 833 576 Consuetudo
882 520 974 575 ubi
1026 520 1193 576 semel
1236 516 1545 589 quaesierit,
1589 529 1642 574 et
1687 518 1831 574 actio
1872 518 1991 587 ejus

404 612 664 684 impedita
711 612 895 681 fuerit,
951 614 1088 668 alias
1143 611 1520 683 deprehendes
1564 612 1710 665 illam
1762 627 1988 681 aegram.

406 700 509 756 lJbi
540 702 687 773 quod
719 704 883 769 volet,
913 702 1083 758 semel
1108 699 1326 769 feceris,
1350 700 1608 771 deinceps
1631 702 1992 771 potentiorem

407 794 671 849 adversus
702 802 753 848 te
790 793 1089 862 experieris
1120 809 1133 844 :
1167 806 1497 863 quacunque
1529 793 1581 847 in
1631 808 1690 848 re
1731 796 1991 849 memoria

406 882 521 938 haec
557 883 700 954 apud
736 891 787 937 te
821 883 1063 937 haereat:
1107 881 1307 937 melius
1356 882 1502 936 enim
1535 890 1621 938 est
1660 884 1927 939 auxilium
1963 898 1995 939 a

406 976 652 1031 custodia
685 974 770 1030 sui
803 980 1014 1040 natum,
1039 988 1206 1044 quam
1238 988 1304 1029 ex
1335 973 1494 1029 factis
1522 974 1847 1045 proteCtum.

1008 1151 1258 1207 Scholion
1296 1152 1389 1208 ‘26.

473 1243 947 1312 Quemadmodum
999 1260 1153 1301 mare
1190 1245 1571 1316 perturbatum
1619 1244 1727 1300 ciet
1769 1243 1992 1314 ﬂuctus,

403 1338 498 1409 qui
530 1337 809 1407 navigium
852 1345 1124 1407 mergunt,
1162 1346 1235 1392 ita
1271 1336 1668 1407 cogitationum
1699 1346 1995 1408 tempestas

406 1428 812 1500 inquinationes
864 1437 1034 1492 creat,
1089 1436 1144 1482 et
1194 1428 1433 1483 animam
1480 1427 1789 1482 immundat
1833 1436 1997 1499 atque

404 1523 462 1578 in
496 1520 864 1593 ,prol'uudum
938 1520 1089 1574 exitii
1168 1520 1392 1592 pelagus
1461 1518 1718 1589 deprimit
1777 1528 1832 1575 et
1894 1520 1995 1575 ab-

408 1615 614 1670 sorbet.

1016 1702 1265 1758 Scholion
1298 1704 1388 1758 27.

479 1800 755 1867 Qiuestio:
788 1796 927 1865 Quid
954 1807 1040 1853 est
1061 1796 1411 1852 immunditia
1434 1796 1456 1849 ?
1481 1803 1536 1850 et
1565 1795 1695 1866 quid
1723 1802 1807 1851 est
1829 1792 1991 1849 lasci-
2028 1785 2073 1842 Β

407 1895 532 1949 via?
581 1892 891 1963 Responsio
922 1910 935 1947 :
964 1890 1373 1947 [inmunditiam
1427 1890 1513 1946 lex
1562 1888 1821 1954 ostendit,
1872 1903 1996 1959 qua:

398 1987 634 2043 nomine
664 1986 769 2042 hoc
812 1986 986 2041 utitur
1026 1984 1080 2039 in
1112 1984 1181 2040 iis
1210 1984 1304 2054 qui
1343 1983 1502 2038 inviti
1538 1998 1605 2037 ex
1651 1992 1861 2037 naturae
1897 1996 1995 2036 ne-

406 2079 666 2135 cessitate
693 2077 1064 2135 sordidantur.
1103 2075 1407 2131 Lasciviam
1454 2085 1635 2131 autem
1680 2073 1817 2130 mihi
1842 2073 1997 2129 vide-

408 2179 498 2225 tur
535 2170 972 2241 sapientissimus
1009 2168 1326 2224 mortalium
1379 2166 1645 2223 Salomon
1683 2166 1993 2231 declarare,

409 2277 538 2316 cum
575 2261 783 2316 dulcem
812 2270 864 2316 ct
892 2260 1100 2315 doloris
1126 2267 1405 2330 expertem
1459 2258 1781 2324 nominavit,
1830 2258 1903 2313 ita
1932 2266 1994 2313 ut

407 2354 669 2423 ἀσέλγεια
698 2368 792 2408 seu
823 2353 1069 2423 nequitia
1102 2368 1199 2409 seu
1240 2352 1464 2409 lascivia
1510 2351 1580 2405 sit
1620 2349 1835 2406 atfectio
1869 2349 1992 2403 ani-

408 2458 533 2509 mae,
565 2458 688 2514 quae
724 2444 930 2498 nullum
957 2443 1163 2499 doloris
1190 2458 1413 2499 sensum
1436 2440 1650 2505 atl‘erat,
1680 2449 1776 2495 aut
1800 2440 1995 2496 habeat

402 2538 651 2593 dolorem
677 2538 1019 2602 athleticum,
1048 2536 1141 2607 qui
1180 2535 1369 2607 fatiget
1401 2544 1495 2589 aut
1516 2534 1724 2589 cruciet
1757 2549 1770 2583 :
1800 2547 1995 2603 quem-

1670 319 1729 377 S.
1759 318 2077 380 JOANNIS
2108 314 2416 377 CLIMACI

3580 309 3684 371 880

2794 422 2999 475 Ἄλλο.

2180 518 2243 570 Ἦ
2280 514 2537 586 συνήθεια
2587 513 2682 566 ἐὰν
2740 512 2953 585 ζητήσῃ
3001 512 3171 580 ἅπαξ,
3208 512 3306 567 καὶ
3355 510 3570 583 κωλυθῇ
3625 513 3687 566 τὸ

2096 610 2307 679 αἴτημα
2371 608 2565 678 αὐτῆς,
2628 605 2819 659 ἄλλοτε
2880 605 3152 676 εὑρίσκεις
3215 605 3387 676 αὐτὴν
3445 604 3684 675 ἀσθενῆο

2096 701 2189 755 καὶ
2221 699 2315 754 ἐὰν
2354 699 2558 770 ποιήσῃ
2586 697 2649 751 τὸ
2677 696 2894 768 θέλημα
2927 697 3099 767 αὐτῆς
3127 698 3264 768 πρὸς
3293 697 3462 764 ἅπαξ,
3484 697 3546 750 τὸ
3569 697 3677 750 δεύ·

2094 812 2252 866 τερον
2283 793 2445 848 πλέον
2480 790 2650 863 αὐτὴν
2686 791 2945 862 εὑρήσεις
2990 790 3350 861 ἰσχυροτέραν
3385 788 3527 843 κατά
3553 788 3647 842 σοῦ
3672 807 3683 821 ·

2096 889 2228 959 περὶ
2266 885 2468 949 παντὸς
2515 882 3085 956 πράγματοςαῦτηὴ
3135 883 3325 952 μνήμη
3372 882 3689 950 ὲμμεινάτω

2095 978 2249 1050 παρά
2299 976 2414 1030 σοί·
2474 978 2724 1047 κρεῖττον
2785 975 2893 1045 γάρ
2937 976 3087 1027 ἐστιν
3132 975 3166 1043 ἡ
3228 972 3449 1051 βοήθεια
3476 974 3540 1025 ὲκ
3589 971 3690 1043 τῆς
3778 1030 3787 1039 ,

2099 1067 2527 1140 παραφυλακῆς,
2555 1066 2695 1137 ὑπὲρ
2718 1064 2815 1136 τὴν
2835 1064 2894 1131 ἐξ
2917 1064 3092 1137 ἔργων
3127 1061 3403 1133 βοήθειαν.

2684 1156 2945 1224 Σχόλιον
2983 1159 3096 1219 κζ’.

2170 1248 2384 1319 Ὥσπερ
2415 1248 2448 1318 ἠ
2480 1246 2725 1302 θάλασσα
2753 1244 3088 1317 ταραχθεῖσα
3113 1245 3331 1313 κύματα
3352 1243 3679 1314 διανίστησι,

2097 1342 2165 1396 τὰ
2190 1342 2246 1396 δὲ
2275 1342 2338 1396 τδ
2364 1340 2572 1410 σκάφος
2621 1339 2955 1411 βυθίζουσιν,
2988 1336 3163 1400 οὕτως
3204 1340 3237 1409 ή
3267 1337 3376 1392 τῶν
3409 1338 3689 1406 λογισμῶν
3726 1390 3731 1395 ,

2097 1433 2233 1503 ζάλη
2302 1430 2613 1503 μολυσμοὺς
2698 1427 3087 1498 ἐπεγείρουσα,
3151 1428 3253 1500 τὴν
3308 1426 3486 1498 ψυχὴν
3553 1443 3687 1478 κατ-

2099 1525 2393 1579 εδάπτισεο
2450 1521 2665 1594 καὶτῷ
2724 1520 2825 1593 τῆς
2856 1520 3136 1585 ἀπωλείας
3191 1518 3340 1592 βυθῷ
3399 1519 3689 1590 παρέπεμ-

2093 1618 2213 1688 ψεν.

2681 1714 2728 1765 Σ
2730 1711 2946 1780 χόλιον
2979 1709 3083 1774 κζ’.

2184 1804 2504 1876 Ἐρώτησις.
2562 1802 2628 1857 Τί
2684 1804 2834 1856 ἐστιν
2885 1800 3241 1872 ἀκαθαρσία;
3299 1797 3394 1852 καὶ
3432 1797 3486 1863 τί
3542 1799 3688 1851 ἐστιν

2103 1895 2360 1965 ἀσέλγεια
2387 1913 2402 1963 ;
2442 1894 2758 1967 Ἀπόκρισις
2778 1911 2791 1925 ο
2828 1892 2941 1966 Τὴν
2987 1893 3085 1964 μὲν
3113 1890 3454 1962 ἀκαθαρσίαν
3474 1891 3502 1943 6
3528 1889 3687 1958 νόμος

2104 1987 2297 2055 ἔδειξε,
2359 1987 2705 2060 χρησάμενος
2757 1985 2838 2058 τῷ
2867 1986 3090 2058 ὀνόματι
3112 1985 3205 2038 ἐπὶ
3253 1983 3361 2036 τῶν
3417 1980 3684 2043 ἀκουσίως

2105 2082 2170 2134 ἐκ
2194 2081 2435 2150 φυσικῆς
2462 2078 2711 2151 ἀνάγκης
2735 2078 3169 2149 συμϐαινόντων.
3196 2074 3378 2146 Τὴνδὲ
3401 2071 3686 2141 ἀσέλγειαν

2102 2172 2254 2226 δοκεῖ
2289 2190 2381 2244 μοι
2408 2172 2697 2243 ἐμφαίνειν
2724 2172 2753 2225 6
2770 2170 3080 2240 σοφώτατος
3114 2165 3367 2238 Σολομὼν
3394 2182 3409 2196 ο
3440 2165 3571 2236 ἡδὺν
3597 2162 3685 2216 καὶ

2100 2264 2402 2334 ἀνάλγητον
2448 2263 2743 2334 ὀνομάσας,
2775 2262 2851 2327 ὡς
2909 2259 3050 2316 εἶναι
3091 2259 3191 2331 τὴν
3241 2257 3535 2326 ἀσέλγειαν
3575 2255 3685 2309 διά·-

2103 2353 2252 2407 θεσιν
2270 2353 2470 2423 ψυχῆς,
2497 2353 2572 2423 μὴ
2598 2351 2871 2423 φέρουσαν
2897 2349 2932 2420 ἢ
2961 2348 3193 2421 ἔχουσαν
3231 2345 3397 2414 άλγος
3423 2343 3494 2412 (c)
3526 2340 3682 2409 ἀθλη-

2101 2446 2274 2499 τικόν.
2308 2445 2520 2516 Ὥσπερ
2571 2443 2668 2497 καὶ
2722 2440 2963 2513 ἀκρασία
3011 2438 3195 2505 ἐστὶν,
3262 2437 3297 2505 ἡ
3343 2433 3421 2506 μὴ
3492 2431 3681 2502 ἔχουσα

2104 2538 2306 2607 κράτος
2334 2534 2475 2605 μετά
2510 2533 2619 2587 τῶν
2645 2531 2921 2603 ὀχλουσῶν
2947 2529 3169 2601 ἡδονῶν.

406 2631 705 2688 admodum
761 2632 1183 2703 intemperantia
1240 2647 1337 2686 seu
1383 2630 1625 2702 ἀκρασία
1673 2639 1814 2696 est,.
1853 2630 2002 2701 quod
2072 2633 2284 2688 nullum
2338 2632 2536 2687 habeat
2582 2631 2788 2702 κράτος
2850 2643 2947 2685 seu
2988 2627 3095 2682 vim
3139 2640 3248 2697 qua
3319 2617 3678 2693 voluptatibus

404 2723 792 2796 ingruentibus
819 2728 1063 2781 resistat.

410 2878 419 2887 ,
1062 2816 1336 2873 Scholion.

458 2910 636 2978 Quod
668 2925 949 2981 nunquam
986 2919 1169 2980 speret
1206 2924 1266 2964 se
1294 2908 1363 2964 ab
1409 2909 1477 2964 iis
1503 2908 1796 2965 liberatum
1836 2910 1924 2966 iri.

397 3002 739 3059 'Prommium
771 3004 1028 3058 sermonis
1067 3002 1132 3056 de
1173 3002 1483 3070 corporibus
1514 3010 1563 3055 et
1613 3002 1909 3057 hominibus
1941 3002 1997 3056 in

870 3107 1085 3161 corpore
1122 3101 1276 3147 extra
1315 3107 1527 3161 corpus.

484 3182 860 3240 Intelleximus
903 3199 1054 3239 nunc
1101 3199 1130 3238 a
1186 3183 1395 3239 furiosa
1434 3184 1527 3239 illa
1569 3183 1823 3249 domina,
1869 3185 1994 3257 gula

2745 2809 3023 2878 Σχόλιον.

2172 2902 2250 2956 Τὸ
2290 2901 2556 2974 μηδέποτε
2591 2901 2831 2966 ἐλπίζειν
2862 2898 3246 2970 ἀπαλλαγῆναι
3268 2898 3469 2953 αὐτῶν.

2101 2995 2422 3064 Προοίμιον
2463 2994 2570 3048 τοῦ
2605 2994 2738 3062 περὶ
2769 2994 3061 3064 σωμάτων
3089 2991 3189 3045 καὶ
3209 2988 3542 3060 ἀσωμάτων
3585 2987 3678 3042 ἀν·

2655 3086 2901 3155 θρώπων
2923 3084 3001 3138 .16
3007 3100 3132 3153 γου.

2184 3181 2529 3252 Ἦκούσαμεν
2598 3180 2699 3249 τῆς
2751 3177 3008 3249 μαινάδος
3052 3175 3147 3228 νῦν
3188 3172 3474 3243 εἰρηκυίας
3519 3171 3676 3240 αὐτῆς

408 3276 674 3347 inquam,
737 3275 940 3331 fatente
994 3275 1295 3345 improbam
1357 3292 1518 3331 suam
1582 3277 1826 3332 sobolem
1875 3291 1996 3333 esse

2104 3273 2244 3330 εῖναι
2272 3275 2543 3344 ἀπόγονον
2565 3273 2658 3327 τὸν
2677 3271 2826 3341 ’πρὸς
2849 3271 2918 3324 τὰ
2956 3268 3186 3339 σώματα
3216 3267 3478 3337 πόλεμον⁸
3509 3264 3599 3319 καί⁸
3622 3265 3676 3318 οὗ

408 3368 711 3433 luxuriam,
734 3383 841 3437 qua
866 3382 1095 3437 corpora
1123 3368 1407 3422 hominum
1427 3377 1721 3438 oppugnat.
1740 3368 1851 3425 Nec
1864 3384 1998 3425 sane

410 3462 611 3513 mirum
638 3459 808 3513 videri
829 3459 986 3514 debet
1018 3477 1032 3512 :
1059 3458 1221 3515 docet
1249 3458 1395 3514 enim
1435 3459 1539 3516 hoc
1579 3459 1870 3530 primaevus
1908 3462 1999 3517 ille

410 3558 599 3608 noster
623 3552 840 3623 generis
870 3552 1093 3606 humani
1118 3560 1369 3622 prosator
1401 3551 1666 3620 Adamus,
1693 3553 1860 3624 216
1890 3553 1995 3610 nisi

408 3644 557 3707 enim
590 3645 659 3700 ab
698 3644 824 3716 gula
864 3644 1043 3700 victus
1084 3643 1301 3711 fuisset,
1328 3660 1609 3716 nunquam
1650 3647 1998 3717 cognovisset

411 3736 543 3806 quid
573 3753 713 3793 uxor
740 3745 904 3793 esset.
949 3737 1054 3804 Qui
1094 3752 1225 3809 ergo
1254 3739 1495 3808 primum
1524 3738 1620 3795 Dei
1658 3746 1992 3810 praeceptum

409 3831 734 3900 observant,
771 3832 823 3886 in
859 3832 1029 3888 altero
1051 3847 1160 3888 non
1184 3831 1466 3889 oﬂ'endunt
1485 3873 1500 3899 ,
1524 3832 1617 3890 sed
1649 3841 1874 3890 manent
1899 3834 1994 3888 ﬁlii

412 3925 603 3992 Adam,
650 3925 824 3996 ignari
877 3926 1007 3997 quid
1051 3926 1225 3982 Adam
1267 3926 1425 3998 (post
1452 3926 1773 3998 peccatum)
1806 3925 1988 3993 fuerit,

410 4020 576 4089 paulo
606 4019 747 4076 infra
771 4028 1022 4079 naturam
1055 4029 1109 4077 ct
1134 4028 1336 4076 statum
1359 4020 1675 4092 angelorum
1696 4020 1860 4091 positi
1891 4020 1991 4092 (a).

408 4114 586 4183 Atque
612 4113 736 4181 hoc,
794 4122 853 4167 ut
909 4113 986 4168 ait
1031 4112 1121 4168 ille
1145 4113 1235 4169 cui
1275 4112 1543 4184 theologia
1571 4127 1874 4185 cognomen
1896 4114 1993 4168 de-

408 4205 489 4260 dit
516 4205 613 4277 (b),
640 4220 711 4261 ne
756 4205 1068 4261 immortale
1095 4214 1151 4261 et
1174 4213 1441 4267 aetemum
1479 4212 1726 4261 maneret
1763 4206 1992 4263 malum.

961 4419 1018 4475 '"G
1030 4420 1257 4477 HADUS
1312 4419 1431 4477 XV.

414 4511 490 4566 De
524 4514 835 4579 incorrupta
860 4529 892 4566 α
924 4513 1190 4581 corruptis
1223 4512 1541 4568 mortalibus
1587 4529 1680 4583 per
1708 4514 1915 4568 labores
1946 4521 1997 4568 et

553 4585 771 4637 sudores
804 4592 1116 4653 comparata
1143 4585 1391 4639 castitate
1410 4593 1461 4639 et
1482 4585 1851 4654 temperantia.

483 4675 719 4731 Castitas
743 4684 829 4730 est
861 4684 1074 4731 natura:
1099 4690 1210 4731 non
1242 4690 1522 4746 corporea:
1552 4675 1866 4732 vindicatio.
1896 4676 2000 4732 Ca-

412 4767 567 4823 stitas
596 4776 682 4824 est
722 4768 1097 4838 gratissimum
1146 4768 1359 4823 Christi
1399 4768 1759 4835 domicilium,
1795 4777 1851 4823 et
1892 4777 1999 4824 ter-

412 4870 584 4915 restre
634 4871 849 4917 scutum
892 4861 1098 4917 cordis.
1145 4861 1385 4917 Castitas
1426 4869 1509 4915 est
1549 4860 1750 4915 eximia
1790 4870 2002 4915 naturae

413 4968 574 5021 supra
613 4965 863 5007 naturam
898 4953 1113 5024 negatio
1148 4968 1246 5009 seu
1280 4951 1528 5017 victoria,
1560 4967 1795 5021 vereque
1824 4952 1998 5007 admi-

412 5046 642 5102 randum
671 5046 919 5117 corporis
949 5044 1195 5100 mortalis
1223 5059 1348 5099 cum
1386 5042 1790 5098 immortalibus
1834 5058 1996 5114 ange-

413 5141 475 5194 lis
501 5149 776 5195 certamen
818 5149 874 5195 et
915 5137 1214 5193 aemulatio.
1268 5135 1471 5192 Castus
1519 5145 1701 5191 autem
1751 5151 1993 5191 amorem

412 5248 597 5287 amore
629 5233 813 5302 pellit;
857 5239 912 5286 et
945 5231 1125 5301 ignem
1171 5227 1419 5297 corporis
1478 5228 1602 5298 igne
1651 5229 1878 5297 spiritus
1901 5244 1992 5284 cx-

411 5325 657 5397 stinguit.
681 5322 1070 5392 Temperantia
1121 5330 1206 5376 est
1239 5335 1533 5376 commune
1557 5322 1805 5375 omnium
1835 5322 2004 5376 virtu-

413 5427 524 5471 tum
550 5430 887 5487 cognomen;
915 5422 1227 5484 temperans
1256 5426 1352 5467 seu
1375 5412 1664 5466 continens
1684 5422 1768 5466 est
1791 5412 1882 5467 ille
1908 5413 2000 5497 qui

415 5527 487 5563 ne
518 5510 571 5563 in
594 5524 788 5564 somno
808 5507 1027 5578 quidem
1049 5505 1221 5561 ullum
1247 5518 1469 5559 sensum
1490 5503 1737 5572 corporis
1759 5504 2013 5560 sibicon—

495 5623 568 5690 tu)
589 5621 836 5676 Minnisti
856 5638 972 5676 eum
995 5620 1154 5691 paulo
1180 5620 1444 5691 minuant)
1460 5619 1679 5691 angelis.
1704 5616 1857 5691 Psal.
1888 5635 2002 5673 vin.

492 5694 565 5760 (υ)
586 5692 907 5760 Gregorium
927 5689 1333 5744 Nazianzenum
1354 5689 1716 5760 Theologum,
1746 5690 1999 5760 arbitror,

408 5759 815 5828 .iutclligit,aut
868 5762 924 5817 S.
975 5762 1238 5816 Joannem
1272 5759 1684 5829 evangelistam,
1718 5759 1808 5829 qui
1856 5774 2000 5830 saepe

2106 3366 2293 3440 θαῦμα
2314 3384 2327 3398 ⁶
2356 3368 2597 3423 διδάσκει
2616 3362 2899 3437 γάρτοῦτο
2920 3362 3014 3416 καὶ
3041 3363 3069 3415 ὁ
3102 3359 3330 3423 παλαιὸς
3357 3357 3517 3428 ἡμῶν
3543 3358 3675 3411 ἐκεῖ-

2105 3477 2196 3523 νος
2229 3459 2531 3531 προπάτωρ
2576 3459 2775 3528 Ἀδάμ·
2813 3456 2861 3508 εἰ
2896 3455 2971 3526 μὴ
3002 3454 3113 3524 γὰρ
3139 3456 3205 3524 τῇ
3233 3451 3431 3523 γαστρὶ
3455 3448 3675 3520 ἡττήθη.

2104 3551 2206 3605 οὐκ
2238 3550 2305 3605 ἂν
2328 3550 2427 3621 τὴν
2455 3550 2725 3621 ὁμόζυγον
2787 3549 2839 3601 τί
2895 3543 2963 3618 ἦν
2999 3545 3299 3615 ἐγίνωσκεν
3323 3561 3338 3577 ο
3400 3541 3595 3596 οὐκοῦν
3633 3540 3679 3592 οἱ

2104 3641 2217 3714 τὴν,
2253 3639 2478 3714 πρώτην
2525 3639 2742 3711 ἐντολὴν
2770 3638 3088 3711 τηροῦντες,
3133 3638 3200 3708 τῇ
3229 3635 3461 3707 δευτέρᾳ
3507 3649 3676 3703 παρα-

2104 3732 2260 3789 ϐάσει
2295 3735 2357 3787 οὐ
2390 3733 2704 3795 πίπτουσιν,
2734 3730 2871 3785 ἀλλά
2915 3732 3167 3801 μένουσιν
3217 3728 3325 3782 υἱοὶ
3351 3727 3444 3782 τοῦ
3495 3727 3674 3796 Ἀδάμ,

2108 3825 2183 3896 μὴ
2221 3823 2582 3894 γινώσκοντες
2623 3824 2675 3877 τί
2705 3819 2774 3894 ἦν
2822 3822 3031 3894 Ἀδὰμ,
3072 3821 3210 3876 ἀλλὰ
3240 3820 3413 3893 βραχὺ
3446 3837 3499 3873 τι
3529 3819 3681 3889 ἠλατ-

2107 3917 2339 3989 τωμένοι
2388 3916 2654 3987 ἀγγέλων.
2714 3916 2826 3971 Καὶ
2883 3914 3061 3979 τοῦτο,
3108 3913 3197 3967 ἴνα
3273 3913 3349 3982 μὴ
3427 3910 3682 3965 ἀθάνατον

2111 4008 2248 4081 μένῃ
2304 4009 2367 4064 τὸ
2409 4009 2599 4077 κακὸν,
2632 4009 2708 4075 ὥς
2736 4025 2901 4083 φησιν
2929 4009 2958 4061 6
2994 4007 3093 4078 τῆς
3151 4005 3430 4075 θεολογίας
3480 4002 3678 4057 ὲπώνυο

2108 4118 2232 4171 μσς.

2711 4424 2934 4478 ΛΟΓΟΣ
2966 4423 3069 4478 1Ε’.

2108 4515 2250 4584 Περὶ
2304 4517 2619 4586 ἀφθάρτου
2675 4515 2746 4570 ἐν
2788 4516 3075 4586 φθαρτοῖς
3136 4515 3207 4570 ἐκ
3262 4514 3542 4584 καμάτων
3595 4515 3682 4569 καὶ

2342 4584 2602 4654 ἱδρώτων
2628 4588 2875 4654 ἁγνείας
2904 4584 3002 4639 καί
3033 4587 3461 4656 σωφροσύνης.

2192 4678 2408 4749 Ἀγνεία
2425 4679 2574 4733 ἐστὶν
2595 4677 2889 4749 ἀσωμάτου
2908 4677 3123 4748 φύσεως
3142 4678 3440 4742 οἰκείωσις.
3479 4676 3682 4745 Ἀγνείι

2114 4772 2266 4826 ἐστὶν
2303 4771 2519 4841 φύσεως
2549 4770 2690 4840 ὑπὲρ
2752 4767 2914 4838 φύσιν
2949 4768 3232 4841 ὑπερφυὴς
3266 4769 3500 4841 ἄρνησις
3534 4786 3547 4799 ο
3600 4767 3685 4821 καὶ

2110 4860 2420 4932 ἀσωμάτων
2478 4857 2731 4930 σώματος
2762 4857 2958 4930 Θνητοῦ
2987 4859 3082 4913 καὶ
3110 4857 3355 4929 φθαρτοῦ
3391 4854 3683 4930 παράδοξος

2108 4950 2278 5013 ὅντως
2303 4948 2508 5020 ἅμιλλα
2529 4948 2606 5021 (1)
2634 4966 2649 4982 ·
2687 4950 2849 5020 ἁγνός
2883 4951 3032 5004 ἐστιν
3071 4952 3100 5004 ὀ
3148 4949 3313 5023 ἔρωτι
3366 4949 3545 5020 ἔρωτα
3578 4949 3686 5002 δια-

2108 5041 2483 5113 κρουσάμενος
2536 5041 2633 5114 (Ξ),
2687 5040 2918 5114 καὶπῦρ
2975 5042 3108 5114 πυρὶ
3159 5042 3308 5113 ἀΰλῳ
3359 5041 3680 5099 ἀποσϐέσας.

2108 5132 2440 5204 Σωφροσύνη
2469 5133 2618 5187 ἐστὶν
2654 5132 2918 5206 καθολικὴ
2947 5133 3136 5188 πασῶν
3161 5132 3269 5186 τῶν
3305 5133 3512 5197 ἀρετῶν
3543 5134 3682 5183 ἐπω-

2104 5226 2296 5297 νυμία.
2326 5225 2567 5295 Σώφρων
2604 5227 2753 5280 ἐστὶν
2783 5229 2810 5281 6
2846 5229 2903 5280 ὲν
2933 5227 3115 5291 αὐτοῖς
3150 5228 3264 5290 τοῖς
3299 5225 3488 5288 ὕπνοις
3520 5224 3679 5295 μηδε-

2110 5317 2239 5388 μίαν
2258 5317 2474 5388 κὶνησιν
2513 5318 2611 5389 τῆς
2638 5319 2948 5390 προσούσης
2972 5316 3122 5388 αὐτῷ
3154 5317 3546 5379 καταστάσεως
3577 5315 3685 5367 αἱσ-

2109 5407 2339 5478 θόμενος
2361 5423 2375 5437 ⁸
2435 5407 2667 5479 σώφρων
2700 5410 2867 5472 ἐστὶν,
2902 5411 2931 5462 ὁ
2977 5407 3190 5461 τελείαν
3219 5407 3575 5478 ἀναισοησίαν
3598 5402 3687 5455 ἐπὶ

2118 5500 2354 5572 διαφορᾷ
2409 5503 2676 5573 σωμάτων
2710 5500 2797 5554 διὰ
2848 5503 3048 5564 παντὸς
3105 5502 3465 5573 κτησάμενος.
3526 5490 3684 5558 οὗτος

2115 5629 2345 5675 vocatur
2367 5618 2680 5691 T-henlngus
2703 5621 2970 5677 absolute.

2108 5696 2256 5817 ἅλω
2303 5687 2632 5762 Φαϐωρῖνοξ,
2687 5691 2966 5761 ἀσέλγεια,
3019 5687 3263 5753 διάθεσις
3328 5687 3404 5761 μὴ
3448 5687 3685 5759 φέρουσα

2178 5778 2291 5817 γοε.
3118 5792 3121 5795 λ

2178 5778 2291 5831 γος.
3118 5792 3121 5795 λ
