4042 6428
349 429 460 494 881

1386 419 1617 479 SCALA
1642 413 2023 476 PARADISI.
2046 435 2117 447 -
2148 412 2456 472 GRADUS
2489 410 2605 471 XV.

3528 416 3632 478 882

341 535 535 592 κανὼν
564 535 662 588 καὶ
693 535 818 604 ὅρος
856 531 956 601 τῆς
986 528 1197 592 τελείας
1228 529 1323 581 καὶ
1358 527 1638 594 πανάγνου
1675 525 1899 594 ἁγνείας
1925 565 1939 589 ,

2063 520 2228 591 iuncti
2264 529 2540 575 motumve
2571 519 2935 589 persentiscit.
2969 521 3166 577 Castus
3195 522 3394 592 estqui
3432 522 3638 576 nullum

338 630 408 686 τὸ
444 627 713 690 ὡσαύτως
756 625 841 679 ἐπ’
871 623 1139 695 ἐμψύχοις
1177 639 1237 674 τε
1288 620 1382 673 καὶ
1420 618 1671 689 ἀψύχοις,
1702 618 1942 685 λογικοῖς

335 739 404 774 τε
455 721 552 774 καὶ
605 718 821 786 ἀλόγοις
902 715 1230 769 διακεῖσθαι.
1276 711 1487 782 Μηδεὶς
1546 709 1657 763 τῶν
1722 708 1943 777 ἁγνείαν

330 810 737 885 ’ἐξησκηκότων
779 808 959 878 ἐαυτῷ
983 806 1082 879 τὴν
1116 805 1319 875 ταύτης
1377 789 1571 871 κτῆσιν
1625 801 1895 869 λογίσοιτο
1926 815 1938 829 ο

336 905 448 978 τὴν
479 905 590 974 γὰρ
618 902 782 973 φύσιν
813 901 984 971 αὐτὴν
1016 898 1242 968 νικῆσαι
1274 895 1382 950 τῶν
1430 896 1529 949 οὐκ
1579 892 1945 963 ἐνδεχομένων

339 1000 519 1054 ἐστίν·
551 1000 687 1052 ὅπου
718 996 937 1066 φύσεως
969 989 1113 1065 ἧττα
1138 991 1363 1060 γέγονεν
1388 989 1490 1061 (5),
1530 990 1647 1042 ἐκεῖ
1675 986 1767 1041 τοῦ
1799 985 1945 1057 ὑπὲρ

342 1089 517 1158 φύσιν
554 1088 832 1159 παρουσία
858 1085 1221 1154 ἐπέγνωσται.
1240 1082 1427 1153 Χωρὶς
1448 1081 1558 1152 γὰρ
1590 1081 1773 1149 πάσης
1797 1079 1945 1132 ἀντι-

344 1182 571 1252 λογίας,
589 1180 652 1234 τὸ
680 1180 904 1233 ἔλαττον
938 1177 1045 1232 ὑπὸ
1069 1176 1161 1231 τοῦ
1204 1176 1515 1247 κρείττονος
1563 1173 1942 1242 καταργεῖται.

358 1274 540 1346 Ἀρχὴ
569 1275 661 1345 μὲν
702 1271 926 1343 ἁγνείας
957 1268 1400 1339 ἀσυγκατάθετος
1431 1263 1693 1336 λογισμὸς
1720 1263 1817 1334 (4),
1852 1262 1946 1316 καὶ

339 1364 638 1419 ἀνείδωλοι
672 1364 763 1419 διὰ
810 1364 1019 1434 χρόνων
1068 1361 1366 1431 ἐκκρίσεις.
1409 1359 1663 1428 Μεσότης
1694 1356 1943 1425 ἁγνείας,

346 1458 593 1525 φυσικαὶ
624 1458 870 1527 κινήσεις
900 1456 993 1510 ἐπὶ
1032 1455 1231 1527 πλήθει
1271 1452 1600 1526 βρωμάτων,
1640 1452 1735 1504 καὶ
1770 1450 1946 1521 μόνων

347 1549 665 1614 ἀνειδώλως
713 1548 1130 1619 συνιστάμεναι,
1169 1549 1267 1602 καὶ
1299 1545 1538 1619 ῥεύσεως
1590 1542 1947 1614 ἀπηλλαγμέ-

350 1658 468 1695 ναι.
498 1640 666 1703 Τέλος
698 1639 780 1706 δὲ,
823 1638 1092 1710 νέκρωσις
1128 1636 1377 1708 σώματος
1431 1634 1813 1708 προθανόντων
1862 1632 1949 1685 λοο

354 1732 598 1804 γισμῶν.
647 1732 937 1803 Μακάριος
976 1729 1217 1801 ἀληθῶς,
1273 1729 1333 1794 ὃς
1382 1730 1442 1783 ἐν
1485 1729 1649 1781 παντὶ
1708 1725 1943 1796 σώματι,

355 1826 455 1879 καὶ
469 1824 744 1897 χρώματι,
773 1823 869 1878 καὶ
888 1821 1008 1895 ὥρᾳ
1027 1821 1237 1876 τελείαν
1256 1820 1613 1892 ἀναισθησίαν
1636 1821 1904 1890 ἐκτήσατο
1930 1834 1945 1849 '

358 1919 466 1990 οὐχ
486 1919 625 1990 ὁτὴν
656 1918 824 1990 πηλὸν
847 1918 1095 1990 άρρυπον
1116 1915 1379 1986 φυλάξας,
1402 1910 1556 1978 οὗτος
1589 1914 1752 1981 ἁγνός
1785 1928 1800 1943 ⁶
1829 1912 1950 1967 ἀλλ’

366 2013 400 2065 6
425 2012 496 2065 τὰ
547 2011 682 2082 μέλη
713 2010 919 2080 ταύτης
974 2012 1043 2081 τῇ
1095 2008 1239 2081 ψυχῇ
1273 2008 1549 2073 ὑποτάξας
1579 2008 1799 2070 τελείως
1832 2006 1910 2074 (5)
1931 2019 1947 2039 '

383 2101 558 2170 μέγας
605 2102 701 2171 μὲν
731 2104 758 2156 6
785 2102 874 2156 ἐπὶ
922 2102 1037 2172 ἀφῇ
1064 2101 1335 2172 διαμένων
1393 2098 1610 2168 ἀπαθὴς
1667 2097 1953 2167 διαμείνας

381 2192 644 2264 ἄτρωτος,
697 2195 787 2247 καὶ
842 2194 1077 2265 νικήσας
1109 2192 1281 2263 πυρὸς
1313 2193 1442 2245 θέαν
1504 2192 1683 2263 ἐννοίᾳ
1720 2190 1952 2255 κάλλους

376 2283 490 2337 τῶν
523 2283 650 2338 ἄνω.
698 2283 753 2339 Ὀ
790 2284 892 2354 μὲν
921 2285 1055 2356 εὐχῇ
1087 2284 1180 2337 τὸν
1228 2283 1367 2337 κύνα
1415 2283 1826 2353 ἀπωθούμενος,
1876 2279 1954 2350 τῷ

371 2373 671 2445 μαχομένῳ
710 2374 1001 2445 προσέοικε
1034 2374 1209 2428 λέοντι
1239 2390 1252 2403 °
1284 2377 1313 2429 6
1341 2375 1398 2427 δὲ
1426 2375 1746 2445 ἀντιῤῥήςει
1768 2364 1955 2426 τοῦτον

364 2464 692 2534 ἀνατρέπων
730 2463 832 2536 (6),
854 2466 935 2537 τῷ
961 2465 1351 2521 καταδιώκοντι
1385 2466 1465 2520 ἔτι
1508 2466 1599 2519 τὶν
1641 2464 1835 2536 ἐχθρὸν
1860 2464 1956 2518 αὐ-

363 2555 466 2610 τοῦ
495 2572 510 2586 '
537 2559 566 2612 6
599 2557 777 2628 δὲτὴν
805 2557 1000 2614 τούτου
1040 2558 1350 2630 προσϐολὴν
1381 2560 1461 2622 εἰς
1494 2558 1645 2623 ἅπαξ
1672 2557 1958 2628 ἐξουθενή-

367 2665 496 2716 σας,
528 2649 578 2702 εί
598 2649 692 2702 καὶ
718 2651 777 2703 ἐν
801 2651 966 2722 σαρκί
986 2653 1155 2713 ἐστιν,
1173 2649 1310 2705 ἀλλά
1332 2667 1393 2718 γε
1421 2650 1520 2720 τῆς
1548 2649 1708 2720 σοροῦ
1731 2649 1954 2718 ἀνέστη.

368 2740 436 2793 Εἰ
475 2739 633 2793 τοῦτο
670 2739 908 2813 ἀληθοῦς
964 2743 1187 2811 ἁγνείας
1212 2742 1534 2811 τεκμήριον,
1591 2741 1652 2792 τὸ
1704 2740 1957 2810 ἀκίνητον

366 2824 517 2884 εἶναι
547 2831 605 2884 ἐν
632 2834 748 2895 τοῖς
777 2830 900 2885 καθ’
943 2830 1110 2885 ὕπνον
1157 2831 1257 2903 [ll].
1288 2831 1498 2894 ὕπνοις,
1528 2829 1792 2901 mendose]
1829 2848 1961 2899 (ξαν-

359 2923 648 2991 τάσμασιν
679 2943 693 2956 ε
758 2924 919 2980 τοῦτο
964 2926 1184 2987 πάντως
1212 2927 1337 2997 ὅρος
1379 2924 1658 2994 λαγνείας,
1710 2922 1770 2977 τὸ
1802 2922 1960 2995 ῥύσιν

358 3017 669 3088 ὑπομένειν
702 3019 1083 3092 γρηγοροῦντα
1113 3021 1227 3082 τοῖς
1252 3017 1637 3090 ἐνθυμήμασιν
1664 3035 1677 3047 θ
1703 3019 1730 3071 ὁ
1752 3018 1849 3087 μὲν
1901 3015 1961 3081 ἐξ

364 3108 615 3181 ἱδρώτων
645 3114 738 3167 καὶ
771 3111 986 3184 μόχθων
1005 3098 1258 3185 πολεμῶν
1284 3114 1458 3185 τούτῳ
1488 3113 1566 3184 τῷ
1600 3111 1857 3181 ἀντιδίκῳ
1883 3109 1962 3179 τῷ

2050 615 2265 683 penitus
2283 615 2333 667 in
2347 628 2639 682 corporum
2657 614 2918 667 varietate
2935 614 3612 684 (pulchritudinc,inquam
3626 656 3639 681 ,
3674 630 3683 635 ‘

2051 704 2429 767 teneritudine,
2477 703 2633 773 sexu)
2670 703 2966 757 discrimen
3001 705 3111 758 ullo
3160 720 3325 760 sensu
3379 704 3627 774 percipit.

2052 793 2180 849 Haec
2199 801 2326 847 nota
2353 799 2409 847 et
2442 792 2626 861 regula
2659 801 2762 856 est,
2789 792 3193 863 descriptioque
3229 793 3503 862 perfectae,
3536 793 3639 845 ilii-

2050 881 2195 938 batae
2221 890 2277 937 ct
2308 880 2616 950 purissima:
2640 881 2929 946 castitatis,
2957 883 3179 951 perinde
3202 882 3339 936 allici
3371 898 3515 952 erga,
3532 883 3645 936 ani-

2051 980 2196 1026 mata
2222 986 2389 1042 quam
2410 972 2825 1042 inanima,erga
2852 974 3104 1028 homines
3121 989 3285 1043 quam
3310 975 3642 1030 animantes.

2048 1061 2211 1132 217
2269 1058 2439 1116 Nemo
2487 1075 2679 1116 eorum
2723 1061 2815 1131 qui
2876 1061 2931 1115 iu
2999 1063 3252 1132 palaestra
3307 1064 3647 1123 castimonia:

2047 1152 2409 1218 desudarunt,
2465 1151 2583 1207 suis
2631 1166 2751 1206 eam
2794 1166 2854 1207 se
2897 1151 3175 1209 laboribus
3234 1155 3489 1218 adeptum
3537 1151 3645 1208 sibi

2048 1245 2390 1314 persuadeat.
2429 1241 2655 1298 Vincere
2702 1242 2845 1298 enim
2904 1250 3154 1297 naturam
3187 1259 3295 1299 non
3326 1252 3410 1298 est
3438 1253 3648 1299 natura:

2051 1345 2295 1393 nostrae:
2332 1335 2468 1391 victa
2492 1343 2674 1389 autent
2707 1342 2900 1389 natura
2931 1344 3141 1390 certum
3183 1344 3268 1390 est
3309 1336 3501 1391 adesse
3546 1352 3646 1391 au—

2050 1438 2259 1484 ctorem
2292 1436 2520 1482 natura.
2546 1425 2675 1482 Sine
2705 1427 2815 1482 ulla
2845 1427 2988 1480 enim
3012 1427 3380 1483 controversia
3410 1428 3649 1482 deterius

2051 1538 2081 1577 a
2112 1522 2337 1577 meliore
2366 1520 2623 1584 vincitur,
2657 1520 2739 1576 vel
2783 1520 3126 1587 emendatur,
3158 1521 3241 1576 vel
3273 1521 3501 1575 omnino
3550 1522 3651 1574 tol~
3713 1526 3725 1537 ‘

2051 1611 2198 1667 litur.
2232 1610 2495 1666 Indicium
2544 1610 2844 1666 exorientis
2898 1611 3136 1682 primum
3195 1610 3467 1667 castitatis
3523 1619 3652 1664 sunt

2052 1705 2415 1777 cogitationes
2445 1705 2673 1775 impurae
2728 1704 2940 1775 absque
2998 1719 3273 1761 consensu
3331 1703 3651 1766 voluntatis,

2052 1825 2153 1865 nec
2208 1825 2318 1865 non
2375 1808 2631 1881 genitalis
2689 1808 2955 1874 humoris,
3015 1808 3136 1864 sine
3204 1807 3657 1877 phantasmatum

2052 1901 2322 1958 foedorum
2381 1900 2733 1971 imaginibus,
2763 1898 2886 1956 suis
2937 1898 3275 1969 temporibus
3302 1898 3655 1969 purgationes

2051 2005 2106 2051 et
2155 1995 2355 2051 ﬂuxus.
2416 1994 2757 2051 Proﬁcienlis
2817 2008 2949 2051 vero
3001 1991 3272 2049 castitatis
3307 2000 3363 2047 et
3407 1991 3563 2061 quasi
3596 1991 3653 2044 in

2054 2084 2235 2141 medio
2259 2085 2375 2155 jam
2408 2084 2678 2141 versantis
2707 2083 2865 2155 signa
2894 2090 3043 2149 sunt,
3103 2080 3383 2136 naturales
3428 2089 3553 2150 post
3572 2080 3654 2135 ci-

2054 2184 2172 2253 bos,
2198 2181 2471 2251 cepiosius
2493 2191 2765 2252 sumptos,
2835 2179 3240 2237 commotiones
3300 2178 3319 2248 (
3351 2178 3405 2232 in
3436 2176 3659 2245 somno)-

2056 2274 2173 2329 sine
2204 2273 2329 2327 ullis
2357 2271 2688 2342 imaginibus
2737 2271 3062 2326 exsistentes
3099 2280 3155 2325 et
3184 2269 3325 2324 citra
3352 2267 3654 2323 ﬂuxiouem

2056 2368 2283 2437 liquoris
2312 2367 2532 2422 obsceni
2573 2366 2958 2423 consistentes.
3016 2364 3283 2422 Perfecta:
3335 2366 3556 2420 demum
3600 2371 3661 2417 ct

2057 2466 2451 2514 consummatae
2473 2457 2743 2513 castitatis
2771 2466 3094 2528 argumenta
3121 2466 3251 2514 sunt
3278 2456 3439 2527 quasi
3468 2469 3651 2510 emor-

2060 2551 2138 2606 tui
2162 2549 2275 2621 jam
2307 2550 2555 2621 corporis
2587 2565 2784 2608 sensus
2826 2552 2944 2607 sine
2999 2559 3186 2617 sensu,
3228 2545 3671 2618 cogitationibus.

2062 2661 2291 2732 impuris
2317 2660 2427 2733 jam
2493 2670 2622 2716 ante
2677 2662 2899 2731 penitus
2956 2658 3262 2715 exstinctis.
3304 2656 3455 2711 Felix
3485 2654 3575 2709 ille
3601 2663 3658 2709 et

2060 2766 2186 2807 vere
2215 2750 2409 2808 beatus
2435 2751 2529 2822 qui
2570 2751 2722 2811 nullo
2752 2765 2979 2821 prorsus
2998 2748 3234 2818 amplius
3251 2762 3414 2802 sensu
3435 2761 3506 2801 ex
3534 2761 3667 2801 corn

2062 2858 2280 2912 porum,
2311 2842 2647 2898 colorum.et
2697 2841 3001 2896 formarum
3046 2838 3379 2910 elegantium
3428 2844 3679 2905 aspectu.

2064 2934 2323 3004 tangitur.
2382 2932 2505 2988 Non
2561 2933 2657 3005 qui
2709 2934 2883 2988 lutum
2938 2931 3187 3001 corporis
3238 2929 3357 2985 sine
3403 2927 3673 2984 sordibus.

2064 3024 2314 3091 servavit,
2348 3024 2439 3080 ille
2465 3036 2656 3080 castus
2676 3033 2780 3090 est,
2813 3023 2906 3079 sed
2968 3021 3061 3092 qui
3116 3020 3361 3076 membra
3409 3018 3665 3088 corporis

2064 3117 2262 3172 animae
2296 3116 2537 3188 perfecte
2565 3115 2819 3186 subjecit.
2886 3113 3116 3185 Magnus
3160 3112 3250 3166 ille
3301 3118 3404 3177 est,
3461 3110 3553 3179 qui
3586 3123 3658 3163 ex

329 3202 741 3276 ’καταδήσαντι
783 3206 1019 3278 βρυλλίῳ
1053 3207 1133 3279 (α)
1167 3207 1258 3261 τὸν
1289 3206 1483 3278 ἐχθρὸν
1508 3206 1704 3260 ἑαυτοῦ
1747 3206 1922 3259 ἔοικεν
1947 3221 1959 3233 ·

2065 3217 2661 3279 contactu-corporum
2721 3205 2860 3261 nihil
2911 3214 3181 3272 movetur;
3243 3203 3415 3273 major
3469 3202 3563 3272 qui
3590 3217 3659 3256 ex

356 3300 402 3351 ὁ
432 3298 491 3351 δὲ
515 3300 572 3365 ἐξ
600 3300 928 3373 ἐγκρατείας
969 3304 1045 3372 (7)
1096 3303 1191 3356 καὶ
1233 3302 1545 3373 ἀγρυπνίας
1593 3299 1669 3371 τῷ
1700 3299 1854 3355 κλοιά
1885 3298 1958 3369 (li)

362 3387 566 3444 τοῦτον
594 3391 983 3463 περιϐαλόντισ
1007 3394 1036 3446 6
1094 3392 1149 3446 δὲ
1175 3392 1266 3447 διὰ
1306 3391 1829 3462 ταπεινοφροσύνης,
1867 3391 1960 3443 καὶ

369 3481 702 3552 ἁοργησίας,
749 3483 843 3536 καὶ
906 3482 1087 3555 δίψης,
1121 3484 1199 3554 τῷ
1251 3483 1632 3537 ἀποκτείναντι
1674 3482 1765 3535 τὸν
1798 3480 1959 3535 πολέη

378 3591 526 3647 μιον,
562 3576 657 3628 καὶ
685 3577 744 3628 ἐν
775 3573 989 3646 ψάμμῳ
1019 3572 1290 3645 κρύψαντι
1312 3591 1324 3605 ·
1357 3574 1586 3645 ψάμμον
1618 3573 1832 3642 νοήσεις
1861 3572 1961 3642 τὴν

370 3664 709 3719 ταπείνωσιν
741 3682 755 3695 ο
801 3667 861 3719 οὐ
919 3663 1029 3735 γάρ
1082 3664 1273 3736 τρέφει
1330 3664 1519 3720 παθῶν
1572 3663 1797 3735 βοσκὴν,
1843 3663 1960 3718 ἀλλ’

374 3761 493 3813 ἔστι
526 3760 599 3829 γῆ
639 3760 732 3813 καὶ
756 3759 984 3823 σποδὸςο
1015 3759 1202 3830 ἕτερος
1230 3758 1258 3811 6
1284 3759 1346 3824 ἐξ
1374 3757 1624 3826 ἀγώνων,
1654 3756 1750 3810 καὶ
1776 3757 1963 3825 ἕτερος

375 3853 406 3905 6
436 3851 505 3904 ἐκ
558 3850 974 3912 ταπεινώσεως·
1019 3850 1115 3904 καί
1148 3850 1326 3915 ἄλλος,
1373 3853 1400 3904 6
1453 3849 1576 3921 θείᾳ
1623 3847 1963 3917 ἀποκαλύψει

381 3939 479 3993 τὴν
504 3938 760 4010 τύραννον
796 3940 1080 4010 δεδεμένον
1133 3939 1271 4010 ἔχων
1296 3955 1310 3969 ·
1363 3941 1390 3991 6
1425 3938 1522 4009 μὲν
1551 3936 1628 4008 τῷ
1655 3937 1919 4007 ἐωσφόρῳ
1947 3952 1958 3963 ·

379 4033 416 4089 ὁ
450 4030 512 4083 δέ
571 4034 637 4101 τῇ
690 4033 894 4106 μεγάλῃ
950 4032 1170 4103 σελήνῃ,
1224 4034 1252 4085 6
1302 4031 1359 4084 δὲ
1402 4030 1479 4101 τῷ
1533 4028 1772 4101 λαμπρῷ
1830 4034 1966 4107 ἡλίῳ

386 4124 774 4194 προσεοίκασιν
801 4141 815 4155 ’
845 4126 1151 4197 ἀμφότεροι
1169 4124 1224 4177 δὲ
1238 4126 1296 4177 ἐν
1313 4124 1562 4194 οὐρανοῖς
1590 4127 1648 4180 τὸ
1666 4127 1965 4199 πολίτευμα

386 4216 699 4287 κέκτηνται.
720 4218 809 4271 Ἐκ
839 4219 939 4288 μὲν
973 4219 1147 4289 αὐγῆς
1176 4218 1311 4287 φῶς,
1345 4219 1409 4271 ἐκ
1439 4220 1617 4288 φωτὸς
1640 4220 1696 4274 δὲ
1727 4222 1966 4276 ἀνέτειλε

377 4309 540 4379 ἥλιος
565 4325 579 4338 ·
617 4308 694 4372 ὡς
726 4313 821 4363 καὶ
877 4311 971 4364 ἐπὶ
1004 4310 1111 4364 τῶν
1138 4311 1445 4381 εἰρημένων
1488 4313 1605 4365 ἐστι
1635 4314 1827 4383 νοῆσαι
1872 4316 1968 4368 καὶ

378 4403 588 4472 εὑρεῖν.
658 4401 1043 4475 ’Υποκρίνεται
1096 4403 1194 4474 μὲν
1253 4402 1323 4476 (c)
1379 4402 1606 4474 ἀλώπηξ
1647 4404 1815 4460 ὕπνον
1865 4407 1965 4478 (8),

374 4493 596 4563 δαίμων
625 4493 681 4547 δέ
702 4495 795 4548 καὶ
825 4494 1181 4565 σωφροσύνην
1218 4494 1322 4563 (9)·
1357 4494 1470 4548 ἀλλ’
1494 4497 1527 4567 ὴ
1555 4497 1674 4565 μὲν,
1697 4497 1785 4551 ἵνα
1815 4498 1967 4570 ὄρνιν

380 4583 649 4655 ἀπατήσῃ
680 4600 694 4613 ·
729 4586 756 4637 6
786 4584 844 4636 δὲ
890 4584 975 4637 ἵνα
1004 4584 1182 4655 ψυχὴν
1207 4585 1473 4659 ἀπολέσῃ.
1500 4612 1511 4622 ·
1542 4586 1629 4659 Μὴ
1667 4590 1966 4663 πιστεύσῃς

378 4679 459 4747 τῇ
491 4676 652 4748 πηλῷ
666 4678 721 4729 ἐν
748 4679 811 4747 τῇ
838 4678 951 4749 ζωῇ
974 4695 1069 4730 σου
1088 4695 1102 4708 ο
1134 4678 1228 4732 καὶ
1256 4678 1331 4749 μὴ
1360 4677 1645 4752 θαρρήσῃς
1670 4681 1807 4752 αὐτῇ
1842 4682 1970 4753 ἄχρι

376 4766 613 4837 Χριστῷ
660 4766 994 4838 ὑπαντήσεις
1022 4781 1036 4796 °
1074 4768 1150 4838 μὴ
1179 4767 1373 4841 θάρσει
1416 4770 1476 4837 ἐξ
1515 4772 1846 4841 ἐγκρατείας
1890 4773 1966 4841 μὴ

374 4858 657 4911 ’πίπτεινο
702 4857 838 4929 μηδὲ
883 4858 993 4931 γὰρ
1041 4857 1239 4912 ἐσθίων
1270 4876 1354 4923 τις
1380 4858 1442 4924 ἐξ
1463 4859 1696 4930 ούρανοῦ
1748 4860 1972 4932 ἐρρίφη.

394 4951 460 5003 Ἀ
470 4951 715 5020 ποταγήν
737 4967 885 5013 τινες
900 4952 1191 5019 γνωστικοὶ
1207 4951 1389 5016 καλῶς
1426 4952 1696 5024 ὡρίσαντο
1724 4951 1976 5021 λέγοντες

373 5042 598 5112 ταύτην
633 5042 831 5114 ἔχθραν
866 5042 1004 5115 πρὸς
1035 5042 1214 5113 σῶμα,
1253 5043 1346 5096 καὶ
1376 5042 1558 5114 μάχην
1584 5043 1719 5115 πρὸς
1744 5043 1974 5098 κοιλίανῖ

392 5135 496 5201 ’ξεν
531 5134 627 5203 μὲν
658 5137 775 5198 τοῖς
804 5136 1211 5202 εἰσαγωγικοῖς,
1239 5135 1304 5188 ἐκ
1353 5137 1567 5205 τρυφῆς
1594 5135 1666 5189 τὰ
1705 5134 1977 5206 πτώματα

373 5222 596 5276 ἐπίπαν
647 5223 927 5293 πεφύκασι
983 5223 1230 5292 γίνεσθαι
1276 5223 1347 5278 τὰ
1378 5223 1473 5277 τοῦ
1508 5225 1794 5296 σώματος’
1828 5226 1887 5279 ἐν
1918 5224 1975 5278 δὲ

380 5312 604 5383 μέσοις,
638 5314 733 5368 καὶ
764 5312 825 5379 ἐξ
858 5313 1335 5384 ὑψηλοφροσύνης,
1360 5313 1502 5385 πλὴν
1531 5314 1614 5368 ὅτι
1650 5315 1746 5369 καὶ
1780 5317 1837 5368 ἐν
1867 5316 1980 5368 είσ-

377 5408 694 5473 αγωγικοῖς
715 5423 729 5437 ο
760 5408 820 5460 ἐν
857 5408 969 5469 τοῖς
1013 5405 1069 5461 δὲ
1096 5408 1161 5479 τῇ
1192 5404 1491 5477 τελειότητι
1531 5407 1977 5478 προσεγγίζουσι,

381 5498 489 5551 καὶ
515 5500 579 5552 ἐκ
607 5499 702 5552 τοῦ
737 5499 1096 5571 κατακρίνειν
1122 5502 1213 5555 τὸν
1248 5500 1479 5572 πλησίον
1501 5503 1595 5555 καὶ
1620 5502 1796 5572 μόνον.

467 5654 547 5722 (a)
574 5653 648 5708 Ita
681 5654 886 5710 habent
910 5670 1104 5711 omnes
1137 5671 1272 5712 mss.
1302 5656 1507 5712 chartae
1535 5663 1589 5711 et
1619 5656 1972 5722 membranae.

392 5720 486 5797 an
538 5725 959 5797 rescribendum
1002 5725 1281 5797 βρούλλῳ,
1327 5727 1533 5790 vimine,
1580 5726 1786 5797 junco?
1841 5720 1974 5783 Vide

384 5791 616 5872 Eleitrsii
664 5791 1623 5872 LexicouGrinco-barbarum,voce
1668 5796 1893 5872 βρύλλον
1920 5807 1975 5854 et

390 5863 673 5945 βροῦλλον.
709 5863 875 5945 Vetus
902 5867 1169 5936 interpres
1225 5867 1413 5945 habet_
1444 5868 1645 5945 {unde}
1668 5863 1973 5945 'Camaldu-

388 5937 549 5989 ensis
560 5950 818 6007 papyrum
841 5937 1251 6009 interpretatur,
1271 5938 1417 6010 quod
1444 5938 1564 5994 inde
1583 5939 1723 5996 sicut
1743 5955 1771 5995 e
1790 5937 1971 6011 scirpo

2062 3312 2282 3372 aspectu
2339 3315 2630 3371 corporum
2664 3298 3261 3360 invulneratusmanet,
3282 3305 3337 3351 et
3365 3304 3661 3365 aspectum

2065 3393 2296 3451 ﬂammae
2322 3395 2515 3462 vincit,
2551 3394 2918 3450 meditatione
2945 3390 3369 3462 pulchritudinis
3396 3389 3656 3444 ewlestis.

2064 3488 2166 3556 Qui
2196 3487 2455 3559 precibus
2501 3502 2696 3544 canem
2731 3488 2876 3542 hunc
2898 3484 3130 3541 lu'xuria:
3162 3483 3395 3554 repellit,
3425 3480 3664 3557 nondis-

2064 3580 2262 3637 similis
2287 3590 2373 3637 est
2400 3579 2661 3652 pugnanti
2701 3593 2826 3635 cum
2874 3579 3051 3634 leone.
3081 3577 3186 3644 Qui
3216 3591 3346 3632 vero
3384 3571 3653 3629 contradi-

2065 3670 2237 3725 cendo
2303 3670 2513 3726 hostem
2571 3669 2804 3733 evertit,
2871 3668 2918 3722 is
2966 3665 3315 3739 persequenti
3373 3662 3655 3718 inimicum

2066 3777 2226 3819 suum
2253 3778 2350 3833 par
2365 3773 2470 3820 est.
2492 3762 2596 3830 Qui
2614 3772 2793 3818 autent
2819 3762 3079 3833 impetum
3108 3760 3227 3831 ejus
3257 3757 3482 3815 omnino
3509 3763 3661 3813 retu-

2065 3855 2164 3922 dit,
2188 3857 2234 3912 is
2261 3855 2514 3926 quamvis
2554 3856 2608 3910 in
2641 3870 2873 3925 corpore
2920 3854 3101 3909 adhuc
3128 3852 3347 3907 mortali
3380 3860 3657 3907 versetur.

2063 3949 2176 4019 jam
2196 3958 2373 4004 tamen
2390 3963 2421 4004 e
2435 3948 2688 4017 sepulcro
2705 3945 3019 4001 resurrexit.
3034 3944 3201 4014 218
3215 3943 3270 3997 Si
3296 3942 3399 3996 hoc
3420 3952 3505 3997 est
3520 3942 3660 3994 indi-

2068 4040 2215 4095 cium
2244 4036 2389 4095 verat
2415 4038 2706 4117 castitatis,
2736 4036 2902 4093 nullis
2934 4036 3173 4105 amplius
3200 4034 3439 4089 motibus
3490 4033 3658 4088 etiam

2068 4132 2125 4186 in
2157 4117 2363 4187 semuo'
2379 4146 2474 4202 per
2500 4131 2947 4201 phantasmatum
2990 4126 3265 4197 imagines
3296 4124 3657 4189 incitari,tu:n

2070 4225 2201 4280 illud
2229 4233 2489 4280 extrema:
2526 4221 2758 4278 luxuriae
2808 4230 3195 4290 argumentum
3225 4218 3347 4285 erit,
3380 4233 3477 4288 per
3512 4217 3660 4287 cogi~

2072 4317 2303 4373 lationes
2350 4317 2593 4386 impurus
2645 4316 2878 4369 humore
2925 4311 3070 4368 foedo
3120 4311 3430 4383 vigilantem
3465 4312 3661 4381 pollui.

2071 4409 2175 4478 Qui
2207 4411 2352 4466 hunc
2381 4406 2756 4466 adversarium
2805 4420 2967 4462 suum
2998 4405 3117 4460 suis
3172 4403 3455 4459 laboribus
3484 4414 3539 4457 et
3566 4419 3662 4459 su-

2070 4501 2297 4557 doribus
2338 4501 2555 4556 vincere
2577 4506 2828 4561 conatur,
2860 4496 3085 4567 perinde
3112 4495 3242 4550 facit
3272 4505 3438 4565 atque
3497 4494 3543 4550 is
3567 4494 3663 4564 qui

2074 4594 2283 4648 hostem
2329 4606 2488 4646 suum
2527 4590 2696 4659 junco
2755 4597 2848 4643 aut
2904 4587 3109 4642 vimine
3146 4588 3166 4657 (
3198 4585 3416 4641 inﬁrmo
3470 4601 3665 4655 nempe

2073 4680 2315 4750 vinculo)
2352 4681 2500 4751 ligat.
2532 4679 2635 4745 Qui
2684 4693 2811 4734 vero
2850 4678 3179 4735 abstinentia
3204 4688 3259 4733 et
3290 4677 3491 4749 vigiliis
3538 4692 3661 4733 cum
3720 4721 3728 4737 τ

2078 4773 2183 4829 hoc
2217 4782 2410 4838 certat,
2444 4771 2577 4827 facit
2607 4783 2667 4826 ut
2696 4771 2744 4827 is
2798 4771 2892 4843 qui
2942 4785 3130 4825 ranem
3173 4770 3324 4826 mille
3379 4780 3433 4826 et
3473 4778 3664 4826 catena

2077 4863 2318 4914 vinetum
2350 4870 2517 4917 tenet.
2554 4859 2660 4929 Qui
2688 4862 2908 4917 demum
2943 4861 3269 4929 humilitate,
3290 4860 3665 4916 mansuetudi-

2078 4962 2224 5016 ne.et
2251 4951 2339 5007 siti
2363 4968 2484 5009 cum
2506 4954 2664 5009 hoste
2685 4953 3056 5025 congreditur,
3085 4962 3434 5022 comparatur
3470 4966 3665 5006 cumco
3726 5008 3749 5020 ,

2083 5045 2178 5116 qui
2223 5045 2434 5100 hostem
2488 5060 2650 5101 suum
2691 5046 2912 5110 occidit,
2945 5054 3000 5101 et
3044 5046 3286 5102 occisum
3330 5043 3521 5100 sabulo
3564 5058 3663 5098 seu

2081 5149 2245 5190 arena
2273 5135 2480 5190 condit.
2510 5137 2747 5213 Arenam
2804 5136 3045 5207 accipies
3106 5151 3205 5206 pro
3253 5132 3445 5189 humili
3497 5131 3665 5185 animi

2081 5226 2433 5293 demissione,
2469 5241 2594 5296 qua:
2623 5241 2735 5282 non
2781 5227 2878 5282 alit
2909 5226 3166 5281 vitiorum
3203 5223 3399 5278 herbas
3418 5229 3473 5276 et
3491 5221 3664 5290 pabu‘

2081 5319 2218 5386 lum,
2261 5319 2355 5376 sed
2379 5327 2464 5374 est
2494 5327 2637 5374 terra
2660 5320 2866 5376 sterilis
2890 5329 2945 5376 et
2978 5317 3138 5374 cinis.
3194 5315 3290 5370 Est
3332 5313 3426 5384 qui
3487 5310 3665 5367 collu-

2079 5411 2299 5475 ctando,
2339 5409 2540 5480 estqui
2574 5426 2669 5480 per
2700 5410 3083 5474 humilitatem,
3113 5415 3198 5463 est
3246 5407 3338 5476 qui
3378 5404 3561 5460 divina
3595 5405 3662 5457 il-

2081 5505 2400 5561 lustrations
2431 5503 2685 5573 dignatus
2730 5513 3017 5574 tyrannum
3038 5503 3185 5557 hunc
3214 5501 3454 5556 vinctum
3491 5508 3657 5554 tenet.

2074 5665 2127 5713 et
2149 5657 2316 5725 junco
2338 5656 2498 5714 funes
2526 5659 2676 5715 ﬁant.
2715 5657 2904 5713 Funda
2937 5655 3070 5710 nihil
3103 5653 3231 5710 facit
3276 5652 3344 5725 ad
3379 5651 3652 5709 Grmcum.

2148 5724 2225 5799 (ὁ)
2258 5728 2432 5783 Grzeci
2464 5729 2641 5792 κλοιὸς
2669 5730 2878 5784 dicunt.
2908 5741 3014 5799 non
3037 5726 3212 5799 κλοιά,
3240 5724 3333 5780 sed
3366 5739 3498 5779 mss.
3534 5737 3656 5799 om:

2075 5789 2175 5852 nes
2208 5789 2383 5851 ’κλοιὰ
2424 5789 2688 5854 referunt.
2726 5800 2880 5868 Apud
2940 5789 3298 5852 Plutarchum
3361 5804 3540 5851 tamen
3596 5789 3674 5843 tu

2078 5868 2256 5922 κλοιὸν
2286 5870 2575 5937 reperitur.

2148 5939 2218 6010 (ιτ)
2254 5939 2528 5995 Gesnerus
2558 5940 2624 5996 de
2652 5939 2832 6009 vulpe,
2862 5939 3037 5994 littera
3072 5938 3129 5993 ι).
