4042 6458
323 368 331 387 ’
383 413 489 474 833
1013 475 1025 487 ,
1650 415 1710 474 s.
1740 414 1983 475 JOANN

2089 417 2398 481 CLIMACI
3562 432 3671 499 εει

378 523 604 581 Primus
649 524 872 581 cceleste
903 524 1117 581 luciferi
1169 523 1323 580 sidus
1383 523 1569 590 refert,
1622 523 1762 579 alter
1814 524 1987 594 plenae
2029 526 2175 581 lunae
2212 537 2297 585 est
2353 530 2574 598 similis,
2629 537 2826 593 tertius
2884 552 3011 595 cum
3067 541 3190 614 ipso
3224 544 3671 615 splendidissimo

378 620 496 677 sole
526 617 724 674 merito
776 627 1147 697 comparatur.
1183 615 1384 671 Omnes
1430 615 1485 670 hi
1533 623 1718 671 tamen
1765 615 1822 669 in
1864 616 2006 671 coelo
2041 617 2207 673 simul
2237 629 2548 690 versantur;
2595 635 2654 681 ut
2710 628 2854 684 enim
2883 645 2949 687 ex
2995 648 3211 690 aurorae
3252 636 3420 693 radiis
3475 638 3591 707 lux,
3642 651 3678 693 ο

379 717 502 771 luce
543 712 625 768 sol
672 710 937 775 nascitur,
982 708 1056 764 ita
1084 723 1174 764 res
1215 707 1530 763 habetcum
1563 707 1631 763 iis
1667 707 1735 762 de
1801 707 2004 777 quibus
2040 719 2127 765 est
2184 712 2348 768 modo
2397 713 2631 772 dictum.
2688 717 2889 791 Vulpes
2945 722 3188 781 dormire
3246 741 3307 783 se
3354 727 3578 784 simulat
3614 738 3678 786 ιιι

379 822 510 863 aves
535 805 735 876 capiat,
768 804 981 861 daemon
1043 803 1383 874 pudicitiam.
1416 810 1479 859 ut
1520 803 1760 858 animam
1816 801 2028 873 perdat.
2068 801 2365 877 Nunquam
2431 810 2561 867 dum
2619 814 2767 872 vives
2797 818 2989 875 credes
3015 820 3131 877 ιυιο
3159 825 3406 893 corporis
3446 824 3547 891 ωε,
3574 840 3677 882 nec

379 901 517 957 fides
555 898 631 952 illi
665 897 840 953 donec
885 896 1097 954 sistaris
1153 895 1393 963 Christo,
1456 912 1559 952 nec
1604 895 1940 967 persuadeas
2002 896 2101 952 tibi
2158 906 2213 955 te
2256 912 2482 973 propter
2535 906 2927 967 abstinentiam
2988 922 3141 970 mam
3184 932 3297 973 ηοη
3363 932 3671 974 casurum;

377 1008 507 1053 nam
535 988 637 1046 fuit
670 991 764 1061 qui
797 990 932 1045 nihil
959 1005 1200 1062 unquam
1221 990 1480 1062 gustavit,
1505 999 1559 1046 et
1588 998 1771 1046 tamen
1802 1004 1834 1044 e
1880 989 2021 1045 etelo
2088 990 2338 1061 dejectus
2403 1007 2509 1055 est.
2572 1002 2988 1062 Abdicationem
3027 1010 3307 1081 sapientes
3347 1009 3677 1068 deﬁnierunt

378 1092 527 1148 aliud
553 1089 688 1145 nihil
718 1103 841 1143 esse
878 1102 1043 1158 quam
1070 1085 1255 1142 odium
1295 1101 1423 1159 erga
1456 1087 1737 1157 proprium
1771 1099 1994 1154 corpus,
2022 1085 2190 1158 219
2231 1098 2285 1145 et
2323 1103 2640 1164 perpetuam
2675 1114 2916 1171 pugnam
2947 1102 3211 1162 adversus
3252 1107 3435 1175 gulam
3465 1115 3521 1163 et
3546 1122 3678 1163 ven-

378 1192 541 1241 trem.
574 1182 788 1251 Lapsus
831 1183 1079 1252 corporis
1119 1188 1175 1237 et
1221 1182 1406 1239 carnis
1442 1183 1497 1237 in
1528 1182 1798 1253 religiosis
1856 1180 2129 1239 tironibus
2189 1193 2251 1240 ut
2308 1188 2605 1256 plurimum
2670 1196 2852 1251 solent
2895 1197 3015 1254 ﬁeri
3074 1199 3400 1258 deliciarum
3457 1216 3673 1258 causa:

376 1284 434 1341 in
479 1278 547 1333 iis
579 1277 673 1348 qui
726 1276 840 1347 jam
883 1276 1229 1347 profecerunt
1274 1276 1328 1332 in
1384 1277 1666 1350 religione,
1734 1291 1802 1332 ex
1868 1275 2040 1331 animi
2078 1294 2300 1351 quoque
2356 1284 2615 1357 elatione,
2676 1307 2990 1363 quanquam
3027 1306 3081 1352 ει
3134 1299 3363 1355 novitiis
3403 1299 3459 1355 id
3505 1300 3679 1354 solea;

378 1388 481 1430 usu
512 1372 699 1428 venire
732 1389 747 1426 :
781 1372 836 1427 in
868 1372 936 1428 iis
967 1372 1060 1443 qui
1087 1372 1201 1444 jam
1245 1372 1312 1429 ad
1356 1372 1746 1443 perfectionem
1813 1368 2116 1439 adSpirant,
2182 1383 2392 1432 tantum
2421 1393 2487 1435 ex
2528 1397 2596 1437 eo
2634 1384 2781 1455 quod
2833 1387 3046 1446 soleant
3102 1389 3240 1447 alios
3303 1392 3676 1463 temerejudi-

379 1480 508 1524 care
538 1475 594 1522 et
621 1466 905 1521 damnare.

449 1559 630 1617 Fuere
673 1559 769 1631 qui
799 1559 989 1616 beatos
1032 1544 1395 1630 praedicarent
1420 1568 1617 1615 natura
1657 1559 1966 1623 eunuchos,

2146 1554 2306 1622 Τινὲς
2341 1564 2759 1636 μεμακαρίκασι
2786 1567 2915 1633 τοὺς
2948 1569 3108 1640 φύσει
3147 1572 3440 1645 εὐνούχους
3473 1576 3676 1633 ἀποτε-

380 1654 531 1726 quod
558 1670 587 1710 a
619 1653 909 1726 tyrannide
952 1654 1199 1724 corporis
1227 1662 1412 1711 essent
1438 1654 1676 1725 exempti
1707 1673 1720 1710 :
1763 1662 1821 1710 at
1879 1667 1982 1723 ego

380 1748 577 1804 beatos
610 1747 735 1804 illos
773 1747 1104 1814 existimavi,
1155 1748 1249 1818 qui
1276 1762 1335 1804 se
1368 1747 1614 1819 quotidie
1653 1749 1820 1804 castis
1883 1761 1983 1801 co-

383 1838 743 1911 gitationibus
778 1847 1040 1910 tanquam
1095 1839 1276 1896 cultro
1305 1848 1549 1897 castrare
1592 1839 1796 1895 solent.
1857 1835 1983 1892 Vidi

322 1980 343 1993 λ
385 1929 480 2000 qui
512 1939 709 2002 praeter
733 1945 891 1988 suam
955 1931 1290 1988 voluntatem
1349 1932 1641 1999 caderent;
1706 1930 1818 1986 vidi
1887 1929 1984 2000 qui

385 2033 583 2094 sponte
616 2024 818 2080 vellent
873 2024 1045 2095 pollui
1074 2035 1130 2081 et
1182 2039 1291 2081 non
1331 2031 1652 2095 potuerunt,
1682 2021 1857 2078 ethos
1885 2021 1984 2076 mi-

386 2117 736 2175 serabiliores
761 2117 1005 2188 judicavi
1032 2118 1164 2182 illis,
1183 2116 1537 2189 quiquotidie
1568 2116 1793 2183 eadunt,
1808 2129 1983 2186 quan-

387 2210 687 2281 doquidem
716 2211 773 2266 hi
817 2209 978 2269 foedis
1036 2212 1294 2267 sordibus
1340 2209 1502 2282 potiri
1550 2224 1661 2264 non
1702 2215 1978 2280 poterant.

386 2301 715 2359 Miserabilis
748 2311 833 2359 est
886 2303 980 2373 qui
1026 2302 1189 2368 cadit,
1223 2303 1321 2358 sed
1348 2302 1721 2358 miserabilior
1752 2302 1840 2357 ille
1885 2302 1981 2372 qui

385 2395 551 2450 etiam
586 2384 723 2451 alios
748 2395 816 2451 ad
847 2409 1036 2452 casum
1078 2403 1371 2465 provocat:
1425 2394 1517 2451 hic
1542 2394 1690 2451 enim
1744 2393 1980 2449 duorum

384 2488 637 2558 lapsuum
673 2495 728 2543 et
752 2498 1124 2559 peccatorum,
1145 2502 1279 2554 suae,
1298 2488 1547 2560 inquam,
1566 2494 1622 2544 et
1637 2487 1864 2543 alterius
1878 2501 1979 2542 vo-

383 2579 632 2651 luptatis,
681 2580 897 2651 pondus
929 2579 1087 2636 feret.
1130 2579 1257 2634 Noli
1290 2579 1598 2635 rationibus
1656 2586 1712 2634 et
1759 2586 1981 2634 contra-

383 2672 485 2728 riis
516 2672 851 2744 argumentis
898 2672 1154 2744 spiritum
1197 2672 1431 2729 luxuriae
1460 2672 1599 2729 velle
1628 2671 1882 2728 evincere
1926 2680 1981 2727 et

380 2774 739 2836 prosternere
793 2782 808 2819 :
882 2763 1048 2819 habet
1136 2764 1283 2820 enim
1338 2765 1395 2820 in
1440 2771 1697 2835 promptu
1775 2761 1974 2818 rationi

381 2858 542 2913 valde
583 2864 973 2923 consentanea,
1039 2864 1095 2912 et
1138 2873 1240 2913 nos
1272 2872 1369 2927 per
1425 2865 1679 2911 naturam
1730 2864 1973 2911 nostram

384 2961 688 3022 oppugnat.
734 2949 994 3022 Quisquis
1019 2965 1175 3008 suam
1204 2950 1379 3021 ipsius
1420 2964 1639 3004 carnem
1671 2963 1771 3004 sua
1802 2947 1974 3003 solius

384 3055 554 3111 opera
592 3050 647 3096 et
681 3041 881 3096 virtute
912 3041 1032 3096 vult
1055 3039 1333 3096 debellare
1361 3049 1415 3095 et
1458 3038 1699 3105 vincere,
1757 3038 1812 3094 in
1877 3053 1974 3092 va-

382 3147 517 3187 num
547 3128 868 3188 currit.Nisi
895 3131 1041 3187 enim
1077 3129 1342 3186 Dominus
1373 3129 1595 3186 domum
1621 3128 1803 3185 carnis
1824 3142 1979 3187 ever-

382 3225 535 3290 terit,
601 3233 656 3280 et
700 3223 926 3280 domum
1000 3224 1228 3295 spiritus
1274 3222 1580 3287 rediiicarit,
1634 3221 1838 3277 frustra
1894 3230 1980 3277 est

385 3318 483 3389 qui
507 3316 712 3386 vigilat,
749 3323 804 3370 et
829 3316 1156 3373 abstinendo
1210 3315 1359 3370 illam
1393 3314 1693 3371 dissolvere
1725 3324 1975 3370 conatur.

383 3409 642 3480 Propone
684 3406 757 3464 ob
806 3409 996 3466 oculos
1051 3407 1266 3465 Domini
1319 3414 1470 3464 tuam
1542 3416 1751 3463 naturae
1806 3407 1978 3464 imbe-

386 3503 694 3571 cillitatem,
733 3510 1063 3572 tuarumque
1094 3500 1297 3555 virium
1345 3499 1619 3556 defectum
1653 3502 1871 3571 penitus
1891 3516 1982 3556 re-

386 3611 683 3669 cognosce,
726 3606 780 3652 et
804 3595 924 3652 sine
960 3611 1128 3652 sensu
1158 3594 1363 3651 senties
1427 3594 1807 3666 pereipiesque
1858 3610 1982 3667 gra-

386 3691 524 3746 tiam
554 3689 842 3746 castitatis.
878 3688 1044 3759 220
1080 3687 1179 3744 Est
1227 3687 1449 3758 quidem
1484 3688 1537 3743 in
1578 3688 1646 3744 iis
1678 3689 1776 3759 qui
1823 3686 1984 3746 foedis

386 3781 762 3854 voluptatibus
798 3781 1090 3851 capiuntur
1124 3780 1206 3849 (ut
1242 3779 1290 3835 is
1310 3780 1405 3851 qui
1453 3779 1574 3851 ejus
1638 3780 1717 3835 rei
1764 3779 1983 3852 experi-

386 3886 640 3934 mentum
698 3874 927 3943 habuit,
994 3883 1353 3946 posteaquam
1411 3875 1476 3930 ad
1528 3873 1736 3945 frugem
1803 3874 1981 3941 rediit,

388 3970 527 4026 mihi
559 3968 768 4041 retulit)
829 3984 1027 4025 sensus
1059 3968 1283 4039 quidam
1346 3969 1536 4025 vesani
1605 3952 1831 4024 amoris,
1857 3982 1984 4038 erga

390 4078 644 4135 corpora,
693 4071 748 4117 et
788 4059 1339 4132 spiritusimpudens
1370 4068 1425 4116 et
1480 4059 1836 4127 inhumanus,
1892 4062 1984 4130 qui

390 4161 450 4217 in
482 4159 600 4230 ipso
639 4156 821 4212 cordis
854 4170 1020 4211 sensu
1053 4170 1161 4208 non
1196 4154 1314 4209 sine
1353 4153 1660 4211 manifestis
1686 4154 1987 4224 praesentiae

2083 1645 2332 1716 χθέντας,
2364 1652 2441 1716 ὼς
2485 1654 2586 1726 τῆς
2629 1658 2725 1711 τοῦ
2760 1658 3013 1730 σώματος
3057 1663 3373 1735 τυραννίδος
3405 1665 3675 1739 λελυτρω-

2086 1740 2305 1810 μένους.
2356 1745 2498 1814 Ἐγὼ
2524 1748 2581 1801 δὲ
2612 1752 2975 1823 μεμακάρικα
2999 1755 3127 1819 τοὺς
3154 1754 3560 1829 καθημερινοὺς
3586 1760 3674 1812 εύ-

2084 1833 2344 1905 νούχους·
2396 1839 2595 1904 οἵτινες
2640 1841 2886 1915 λογισμῷ
2933 1843 3124 1917 ὥσπερ
3155 1847 3405 1921 μαχαίρᾳ
3448 1851 3675 1917 ἑαυτοὺς

2083 1926 2522 2001 ἀκρωτηριάζειν
2570 1934 2882 2005 πεφύκασιν
2937 1938 3084 2012 (10)·
3130 1939 3355 2012 ἑώρακα
3403 1942 3672 2010 ἀκουσίως

2083 2021 2352 2087 πεσόντας
2380 2024 2484 2097 (a),
2527 2026 2621 2081 καὶ
2655 2027 2876 2101 ἑώρακα
2905 2031 3170 2098 ἑκουσίως
3215 2034 3439 2091 πίπτειν
3490 2035 3670 2106 βουλο-

2086 2113 2280 2184 μένους
2306 2117 2427 2188 μέν,
2458 2117 2534 2191 μὴ
2568 2119 2902 2193 δυναμένους
2938 2124 3015 2193 δὲ,
3044 2127 3140 2180 καὶ
3166 2124 3275 2181 τῶν
3307 2128 3434 2183 καθ’
3459 2129 3670 2201 ἡμέραν

2084 2207 2391 2263 πιπτόντων
2436 2211 2635 2276 αὐτοὺς
2691 2214 2893 2284 μᾶλλον
2948 2217 3275 2283 ἐταλάνισα,
3339 2218 3416 2283 ώς
3457 2219 3554 2273 καὶ
3599 2220 3669 2292 μὴ
3712 2249 3722 2259 -

2079 2301 2415 2372 δυναμένους
2446 2304 2547 2376 τῆς
2579 2305 2847 2372 δυσωδίας
2897 2310 3163 2379 ἐφίεσθαι.
3213 2311 3477 2377 Ἐλεεινὺς
3510 2314 3539 2365 ὁ
3580 2313 3667 2366 πί-

2081 2408 2233 2446 πτων
2259 2394 2371 2465 (Η)
2397 2410 2411 2424 ·
2436 2395 2796 2469 ἐλεεινότερος
2825 2399 2884 2454 δὲ
2912 2402 2940 2455 ὀ
2975 2402 3068 2455 καὶ
3097 2401 3271 2474 ἑτέρῳ
3297 2402 3457 2457 τοῦτο
3484 2400 3668 2474 προξε-

2081 2482 2188 2538 νῶν
2208 2502 2220 2514 ·
2248 2485 2383 2539 διότι
2410 2488 2521 2542 τῶν
2549 2489 2641 2544 δύο
2665 2492 2981 2563 πτωμάτων
3003 2494 3100 2548 καὶ
3129 2495 3228 2567 τῆς
3262 2496 3451 2568 ἑτέρου
3483 2497 3664 2570 ἡδονῆς

2081 2577 2244 2640 αὐτὸς
2258 2578 2320 2631 τὸ
2338 2578 2506 2651 βάρος
2520 2576 2864 2655 ἐπισύρεται.
2886 2584 2978 2654 Μὴ
3004 2583 3125 2639 θέλε
3151 2587 3545 2657 δικαιολογίαις
3563 2589 3580 2654 (
3591 2588 3666 2660 l2)

2082 2669 2176 2721 καὶ
2213 2671 2600 2743 ἀντιρῤήσεσιν
2628 2674 2958 2745 ἀνατρέπειν
2990 2676 3080 2732 τὸν
3116 2679 3216 2749 τῆς
3271 2680 3529 2750 πορνείας
3561 2678 3667 2734 δαί·

2083 2777 2253 2831 μονα·
2284 2761 2417 2816 διότι
2451 2766 2660 2829 ἐκεῖνος
2686 2766 2757 2820 τά
2800 2767 3000 2838 εὔλογα
3029 2771 3294 2842 κέκτηται
3328 2772 3404 2836 ώς
3432 2771 3666 2843 φυσικῶς

2010 2909 2054 2964 Β
2081 2854 2214 2964 ήμξν
2262 2855 2592 2964 μαχόμενος.
2626 2858 2696 2959 :0
2746 2859 2846 2932 τὴν
2900 2861 3096 2916 ἑαυτοῦ
3146 2856 3329 2935 σάρκα
3394 2862 3667 2935 βουληθεὶς

2079 2942 2411 3014 πολεμῆσαι,
2451 2945 2484 3016 ἢ
2531 2946 2757 3019 νικῆσαι
2803 2949 2865 3014 ἐξ
2891 2949 3109 3017 ἑαυτοῦ,
3145 2953 3226 3016 είς
3260 2952 3441 3025 μάτην
3467 2953 3666 3026 τρέχει.

2092 3036 2217 3090 Ἐἀν
2252 3039 2361 3109 γὰρ
2407 3039 2482 3111 μὴ
2532 3040 2739 3112 Κύριος
2794 3043 3078 3117 καταλύσῃ
3117 3039 3269 3100 οἷκον
3320 3044 3545 3116 σαρκὸς,
3581 3045 3669 3101 καὶ
3719 3051 3724 3055 ’

2079 3130 2411 3204 οίκοδομήσῃ
2458 3129 2607 3188 οἷκον
2640 3135 2842 3206 ψυχῆς,
2880 3138 2960 3201 εἰς
2993 3139 3171 3209 μάτην
3199 3139 3545 3210 ήγρύπνησε,
3585 3139 3670 3194 καὶ

2080 3222 2407 3294 ἐνήστευσεν
2458 3228 2487 3280 ὁ
2537 3226 2848 3282 καταλύων.
2915 3228 3142 3284 Ἀνάθου
3195 3230 3386 3304 Κυρίῳ
3433 3233 3535 3303 τὴν
3578 3231 3670 3299 τῆς

2083 3315 2300 3386 φύσεως
2342 3316 2649 3381 ἀσθένειαν,
2703 3321 2965 3389 ἐπιγνοὺς
3019 3322 3099 3386 είς
3152 3321 3298 3377 ἅπαν
3335 3322 3436 3393 τὴν
3473 3323 3670 3377 οἰκείαν

2082 3409 2410 3481 ἀδυναμίαν,
2458 3412 2553 3466 καὶ
2581 3411 2724 3485 λήψῃ
2773 3414 3023 3486 χάρισμα
3057 3417 3418 3489 σωφροσύνης
3449 3420 3670 3472 ἀνεπαι-

2085 3498 2330 3571 σθήτωςο
2362 3500 2510 3555 ἔστιν
2535 3504 2594 3556 ἐν
2622 3505 2736 3567 τοῖς
2766 3504 3121 3576 ήδυπαθέσιν,
3154 3507 3228 3571 ὥς
3263 3507 3354 3578 μοί
3387 3525 3476 3572 τις
3502 3508 3674 3563 αὐτῶν

2084 3592 2144 3645 ἐν
2177 3592 2345 3665 πείρᾳ
2377 3594 2618 3664 γεγονὼς
2669 3599 2810 3669 μετά
2838 3598 2937 3671 τὴν
2969 3599 3196 3671 έκνηψιν
3244 3601 3566 3674 διηγήσατο,
3596 3602 3675 3657 αἶ·

2087 3682 2278 3754 σθησίς
2326 3703 2471 3751 τινος
2517 3689 2787 3760 σωμάτων
2825 3690 3051 3761 ἔρωτος,
3084 3692 3180 3745 καὶ
3215 3691 3434 3762 πνεῦμα
3465 3693 3673 3755 ἀναιδὲς

2085 3778 2182 3830 καὶ
2230 3777 2599 3851 ἀπάνθρωπον
2654 3783 2791 3855 αὐτῇ
2839 3784 2938 3855 τῆς
2988 3784 3217 3856 καρδίας
3266 3785 3519 3858 αἰσθήσει
3567 3785 3673 3857 (15)

2087 3871 2334 3943 ἐναργῶς
2368 3873 2771 3946 ἐγκαθήμενον,
2805 3877 2899 3931 καὶ
2949 3878 3263 3949 σωματικοῦ
3297 3878 3410 3951 (id)
3451 3879 3676 3952 καρδίας

2088 3965 2256 4019 πόνου
2311 3964 2467 4037 δίκην
2521 3969 2584 4021 ἐκ
2637 3969 2809 4040 πυρὸς
2846 3971 3103 4040 καμίνου,
3157 3971 3235 4042 τῷ
3286 3971 3674 4043 πολεμουμένῳ

2087 4058 2375 4113 αἰσθέσθαι
2406 4059 2503 4133 [aL
2534 4062 2910 4137 αἰσθάνεσθαι]
2943 4065 3386 4136 παρασκευάζον,
3416 4065 3551 4119 Θεὸν
3581 4064 3674 4136 μὲν

2093 4149 2167 4223 μὴ
2195 4151 2551 4224 φοϐούμενον,
2587 4155 2810 4228 μνήμην
2843 4156 3118 4221 κολάσεως
3152 4157 3229 4221 ὡς
3262 4156 3416 4210 οὐδὲν
3456 4155 3554 4229 {aL
3583 4156 3672 4210 ού-

391 4252 565 4323 siguis
589 4249 812 4315 residet,
846 4258 1011 4318 atque
1040 4246 1203 4303 elIicit
1258 4255 1315 4301 ut
1337 4246 1406 4301 ab
1462 4246 1689 4301 luxuria
1747 4254 1983 4302 tentatus

2094 4246 2264 4319 δενός]
2300 4247 2692 4320 καταφρονῶν,
2738 4248 2903 4321 εὐχὴν
2949 4249 3407 4324 βδελυσσόμενον,
3458 4251 3553 4303 καὶ
3590 4247 3673 4302 ἐπ’

392 4344 491 4399 tali
526 4350 659 4399 aestu
692 4341 920 4407 laboret,
978 4339 1138 4410 quasi
1168 4354 1234 4394 ex
1258 4338 1517 4394 saeviente
1567 4338 1717 4393 intus
1766 4340 1986 4393 flamma

394 4436 616 4493 fornax.
646 4434 763 4491 Non
810 4434 970 4488 timet
999 4433 1090 4488 ille
1116 4433 1309 4498 Deum,
1341 4447 1562 4487 omnem
1592 4432 1986 4504 suppliciorum

396 4537 725 4586 aeternorum
753 4525 1189 4582 recordationem
1235 4524 1557 4589 contemnit,
1620 4533 1674 4579 et
1718 4530 1778 4577 ut
1832 4521 1989 4577 fabu-

396 4622 509 4678 lam
548 4620 757 4675 irridet.
791 4617 985 4673 Preces
1015 4625 1351 4683 exsecratur,
1382 4616 1709 4671 cadaverum
1743 4624 1991 4670 conteru-

398 4714 645 4785 platione
700 4727 807 4767 non
839 4711 965 4782 plus
1000 4726 1163 4781 quam
1195 4711 1436 4780 lapidum
1464 4719 1686 4780 aspectu
1717 4717 1985 4764 movetur.

306 4834 315 4840 ο
399 4808 471 4863 Et
503 4808 556 4861 in
612 4807 727 4877 ipsa
755 4805 866 4861 fere
907 4804 1100 4862 nefarii
1140 4805 1362 4862 sceleris
1405 4804 1803 4874 pcrpetratione
1834 4819 1992 4859 occu-

399 4907 614 4971 patum,
644 4906 914 4954 amentem
947 4898 1361 4969 quodammodo
1390 4897 1668 4952 hominem
1712 4896 1913 4960 reddit,
1936 4905 1992 4952 et

402 4992 618 5047 ratione
653 4991 832 5062 privat
860 4993 1121 5047 continuo
1165 4989 1449 5045 hominum
1497 4998 1551 5044 et
1573 4989 1872 5044 bestiarum
1898 4987 1993 5044 dc-

405 5082 608 5137 siderio
645 5082 913 5139 furentem
942 5100 955 5136 :
990 5082 1147 5151 cujus
1176 5081 1279 5134 nisi
1308 5080 1605 5134 abbreviati
1631 5087 1817 5136 essent
1852 5079 1986 5143 dies,

403 5189 516 5229 non
548 5175 700 5230 fieret
727 5176 875 5230 salva
932 5173 1112 5228 omnis
1180 5173 1363 5226 anima
1413 5171 1538 5229 luto
1584 5172 1689 5226 hoc
1745 5172 1991 5242 corporis

404 5283 504 5339 per
552 5270 873 5336 sanguinem
903 5276 957 5322 et
1007 5280 1294 5322 emnosum
1327 5265 1519 5319 limum
1600 5266 1839 5320 concreti
1901 5280 1993 5319 ve-

406 5363 554 5417 stita.
582 5362 719 5429 Quia
742 5377 809 5416 ex
838 5375 946 5429 quo
985 5359 1226 5430 quidque
1261 5357 1461 5413 factum
1496 5365 1728 5424 constat,
1762 5357 1814 5413 id
1848 5358 1994 5412 velut

404 5444 619 5506 hatura:
647 5466 760 5506 sua:
806 5450 1138 5506 conveniens
1173 5447 1556 5503 insatiabiliter
1604 5451 1831 5519 appetit,
1864 5465 1993 5504 san-

408 5546 530 5611 guis
545 5545 888 5615 sanguinem,
907 5543 1111 5598 vermis
1127 5556 1388 5607 vermem,
1408 5541 1572 5597 limus
1600 5542 1825 5610 limum;
1850 5564 1991 5605 nun-

482 5650 695 5723 (ai‘Adi
748 5655 807 5708 D.
851 5654 1081 5708 Paulum
1134 5652 1198 5707 ad
1232 5650 1393 5708 Rom.
1444 5668 1494 5707 ο.
1530 5669 1626 5717 vn,
1691 5656 1799 5712 l9:
1853 5660 1977 5716 Non

409 5727 549 5779 enim
588 5726 726 5792 quod
759 5724 872 5778 volo
897 5726 1087 5777 bonum
1119 5726 1213 5776 hoc
1245 5724 1512 5790 facio,sed
1543 5724 1683 5793 quod
1712 5729 1832 5784 nolo
1864 5750 1979 5786 ma-

410 5796 521 5847 lum
550 5795 778 5864 horago.
807 5794 1083 5850 Cliuutcus
1112 5808 1242 5862 ergo
1265 5794 1533 5857 ἀκουσίως
1556 5792 1863 5864 πίπτοντας
1892 5803 1979 5857 iu-

411 5864 601 5934 fcliigit
658 5865 974 5928 παθητικῶς
1028 5872 1346 5939 peccantes,
1406 5881 1515 5921 non
1571 5867 1976 5939 ἐνεργητικὼςν

2091 4343 2228 4414 αὐτῇ
2259 4344 2325 4415 τῇ
2362 4344 2560 4413 πράξει
2611 4343 2798 4416 σχεδὸν
2826 4344 3219 4417 ἐπιτελουμένη
3249 4344 3461 4415 νεκρῶν
3493 4343 3673 4415 λειψά-

2091 4451 2199 4489 νων
2237 4435 2312 4498 ώς
2341 4434 2565 4506 ἀψύχων
2608 4435 2772 4489 λίθων
2800 4434 2898 4507 τὴν
2934 4435 3167 4506 θεωρίαν
3197 4434 3550 4507 λογιζόμενον
3587 4436 3673 4489 ἐκ-

2090 4542 2214 4580 νουν
2242 4526 2386 4592 τινὰ,
2432 4528 2526 4580 καὶ
2558 4526 2891 4597 ἐξεστηκότα
2937 4526 3027 4581 τὸν
3059 4528 3337 4598 πάσχοντα
3369 4512 3672 4599 ἀπεργαζό-

2094 4634 2257 4686 μενον
2281 4634 2295 4647 ·
2325 4617 2551 4688 λογικῆς
2570 4618 2671 4672 καὶ
2699 4618 2896 4686 ἀλόγου
2924 4618 3111 4683 οὐσίας
3144 4620 3201 4672 ἐν
3230 4618 3416 4689 ἐφέσει
3442 4619 3672 4690 διηνεκεῖ

2095 4709 2531 4781 μεμεθυσμένον,
2550 4702 2611 4764 οὗ
2632 4711 2681 4763 εί
2702 4709 2777 4781 μὴ
2798 4710 3209 4783 ἐκολοϐώθησαν
3232 4714 3287 4767 αἱ
3311 4712 3517 4784 ἡμέραι
3544 4710 3671 4783 (15),

2091 4802 2193 4856 οὐκ
2223 4802 2290 4856 ἂν
2332 4801 2547 4873 ἐσώσθη
2600 4803 2751 4855 πᾶσα
2786 4800 2954 4876 ψυχὴ,
2990 4803 3090 4876 τὴν
3124 4805 3294 4876 πηλὸν
3332 4805 3535 4878 ταύτην
3580 4806 3672 4876 τὴν

2092 4893 2285 4965 αἵματι
2317 4893 2410 4946 καὶ
2430 4890 2590 4964 χυμῷ
2624 4893 2856 4964 ῥυπαρῷ
2920 4896 3399 4968 συγκεκραμένην,
3444 4897 3673 4966 ἠμφιεσ-

2096 4985 2254 5057 μένη.
2306 4986 2432 5047 Πῶς
2466 4985 2606 5056 γάρ;
2650 4986 2795 5037 Διότι
2830 4986 2937 5039 πᾶν
2969 4983 3031 5038 τὺ
3078 4985 3322 5054 γεγονὸς.
3354 4987 3453 5057 τῆς
3485 5001 3672 5054 συγγε-

2092 5078 2242 5142 νείας
2262 5078 2362 5147 τῆς
2394 5077 2589 5131 ἑαυτοῦ
2621 5077 2880 5151 ἐμφίεται
2917 5075 3012 5148 [αι.
3049 5076 3328 5151 ὀρέγεται]
3364 5078 3669 5148 ἀπλήστως.

2094 5173 2168 5225 Τὸ
2199 5167 2339 5242 αἷμα
2368 5171 2622 5241 αἵματος,
2648 5170 2742 5225 καὶ
2771 5173 2799 5225 ὁ
2821 5170 3040 5243 σκώληξ
3064 5169 3368 5243 σκώληκος,
3389 5171 3483 5225 καὶ
3508 5173 3540 5243 ή
3570 5187 3670 5240 πη-

2094 5263 2277 5335 λὸς(α)
2298 5262 2472 5333 πηλοῦ
2491 5280 2504 5293 ο
2528 5263 2635 5317 οὐκ
2659 5258 2752 5316 οὖν
2769 5264 2912 5334 καὶή
2941 5260 3078 5333 σὰρξ
3101 5263 3306 5333 σαρκός
3326 5280 3341 5329 ;
3370 5262 3492 5316 Κᾶν
3518 5262 3671 5333 μεθο-

2093 5355 2265 5419 δείαις
2314 5354 2483 5426 αὐτὴν
2523 5356 2622 5429 τὴν
2666 5355 2962 5409 ἀπατεῶνα
3010 5357 3225 5427 ἀπατᾷν
3269 5356 3669 5427 δοκιμάζωμεν,

2094 5451 2145 5502 οἱ
2179 5450 2278 5520 τῆς
2326 5451 2543 5520 φύσεως
2579 5449 2670 5503 καὶ
2704 5450 2798 5520 τῆς
2837 5449 3115 5519 βασιλείας
3164 5448 3382 5520 βιασταὶ
3431 5450 3526 5504 καὶ
3558 5449 3671 5501 ἐπι-

2096 5546 2373 5619 θυμηταιο
2429 5544 2524 5598 τοῦ
2579 5545 2677 5616 μὲν
2733 5546 3134 5618 προειρημένου
3187 5544 3459 5617 πολέμου,
3506 5547 3555 5600 οἱ
3602 5542 3672 5618 μὴ

2089 5664 2233 5719 sicut
2263 5659 2340 5714 illi
2371 5658 2463 5728 qui
2499 5657 2760 5722 ἑκουσίως
2792 5669 3040 5729 peccant.
3490 5704 3495 5708 .

2164 5732 2240 5802 (α)
2285 5732 2349 5783 'll
2386 5729 2557 5798 πηλὸς
2586 5729 2811 5802 dicitur,
2842 5731 2947 5802 elo
2981 5730 3172 5800 πηλός,
3231 5731 3430 5787 lutum.
3474 5729 3672 5802 Clima-

2089 5799 2189 5859 cus
2224 5799 2544 5872 plerumque
2573 5802 2604 5872 ὴ
2631 5799 2798 5866 πηλὸς
2823 5800 2974 5865 dicit,
3007 5799 3056 5852 in
3096 5818 3293 5872 genere
3321 5800 3596 5865 muliebri,
3621 5805 3674 5853 et

2094 5877 2166 5932 ita
2200 5872 2464 5938 rescribe,
2499 5871 2542 5925 si
2576 5871 2848 5927 inveneris
2884 5873 2910 5923 ὁ
2938 5871 3124 5942 πηλός.
