4042 6482
390 378 518 440 835
1469 380 1701 441 SCALA
1730 381 2113 443 PARADISI.
2141 410 2208 422 —
2242 386 2550 453 GRADUS
2584 396 2703 467 XV.
3581 408 3686 472 836

388 484 845 557 παρατιθέντες,
898 487 1179 559 μακάριοι.
1229 487 1530 560 Εύξώμεθα
1579 493 1662 554 είς
1709 491 1856 545 ἆπαν
1902 491 1987 561 τῆς

2107 495 2236 564 quid
2260 514 2388 593 ergo
2421 512 2475 557 et
2500 520 2631 561 caro
2651 523 2870 566 carnem
2885 513 2915 565 ἲ
2931 531 3095 585 quam
3122 525 3301 576 tamen
3324 520 3689 593 deccptricem

392 580 578 635 αὐτοῦ
611 580 872 651 τοιαύτης
924 580 1265 652 λυτρωθῆναι
1307 583 1539 654 πείρας·
1584 585 1633 636 οἱ
1679 584 1788 655 γὰρ
1837 586 1895 639 ὲν
1923 585 1987 656 τᾷ

2103 591 2345 681 nosqui
2398 603 2606 652 natura:
2636 607 2689 654 et
2720 617 2889 672 regno
2955 609 3164 665 cmlesti
3221 614 3327 668 vim
3380 613 3687 681 inferimus,

389 673 799 745 προειρημένῳ
829 671 1328 744 κατολισθήσαντες
1362 674 1541 746 βόθρῳ
1570 675 1678 737 τῶν
1714 677 1899 749 ἐκείνῃ
1928 680 1987 749 τῇ

2101 678 2342 775 illudque
2366 684 2763 759 desideramus,
2787 671 2959 753 certis
3007 703 3218 759 artibus
3281 714 3335 761 ct
3387 707 3489 775 piis
3546 671 3688 761 dolis

390 768 642 840 κλίμακι
697 765 1110 837 ἀνερχομένων,
1164 766 1260 820 καὶ
1312 766 1732 838 κατερχομένων
1778 769 1987 842 μακρὰν

2100 769 2500 832 circumvenire
2537 788 2590 834 et
2622 781 2810 842 fallere

386 862 800 924 ἁποπίπτουσι,
853 860 948 913 καὶ
978 860 1117 930 πρὸς
1164 858 1261 930 τὴν
1289 858 1499 915 ἐκεῖθεν
1529 860 1794 916 ἀνάϐασιν
1838 860 2002 935 ἱδρώ-

383 972 513 1010 των
566 953 778 1007 πολλῶν
810 952 952 1023 μετὰ
998 951 1158 1023 λιμοῦ
1187 952 1400 1005 δέονται
1427 952 1751 1025 ἀκροτάτου.
1782 955 1997 1028 Σκοπή-

392 1063 596 1118 σωμεν
626 1046 827 1117 μήπως
854 1044 949 1099 ἐπὶ
980 1044 1090 1098 τῶν
1119 1044 1325 1116 νοερῶν
1345 1045 1557 1117 ἐχθρῶν
1587 1045 1769 1117 ἡμῶν,
1802 1045 2008 1120 ὥσπερ·

388 1142 463 1194 ἐν
492 1137 740 1210 αἰσθητῷ
768 1136 1015 1207 πολέμῳ,
1047 1137 1106 1189 ὲν
1133 1138 1199 1207 τῇ
1225 1136 1529 1208 παρατάξει
1559 1137 1831 1211 αὐτῶντῇ
1854 1140 1994 1211 πρὸς

386 1234 556 1305 ἡμᾶς
578 1230 790 1284 οἰκείαν
813 1228 938 1282 τινὰ
959 1228 1190 1291 ἕκαστος
1214 1228 1393 1283 αὐτῶν
1413 1229 1512 1302 τὴν
1543 1231 1856 1302 ἐγχείρησιν
1878 1234 1991 1306 (16)

390 1323 775 1395 μετέρχεσθαι
806 1320 1063 1374 τέτακται
1084 1336 1099 1351 ο
1146 1321 1284 1392 ὅπερ
1315 1321 1503 1393 θαῦμα
1551 1324 1992 1395 ὲπεσημηνάμην

384 1420 459 1472 ὲν
487 1418 604 1480 τοῖς
648 1411 1103 1485 πειραζομένοις·
1152 1413 1246 1466 καὶ
1282 1410 1506 1483 ἑώρακα
1539 1415 1807 1483 πτώματα
1850 1434 1995 1471 πτω-

386 1509 593 1580 μάτων
620 1505 1005 1578 χαλεπώτερα·
1031 1505 1125 1559 καὶ
1155 1504 1303 1576 ἔχων
1322 1505 1449 1561 νοῦν
1476 1506 1697 1561 ἀκούειν
1720 1509 1987 1568 ἀκουέτω;

396 1604 655 1663 onmium
722 1602 1058 1658 abstinentia
1117 1600 1370 1703 etiame
1427 1619 1568 1673 opus
1639 1613 1743 1661 est.
1803 1605 2075 1665 Accurate
2132 1627 2353 1684 quoque
2404 1618 2805 1681 observandum
2855 1600 2959 1697 est,
3008 1600 3257 1703 nunquid
3319 1650 3426 1690 non

2102 795 2500 872 circuuwenll‘e
2537 795 2590 834 et
2622 795 2810 842 lallere
2866 805 3152 849 conamur.
3183 795 3285 851 Sed
3328 799 3473 853 cnim
3505 799 3690 855 felices

2101 860 2178 960 illi
2216 865 2310 931 qui
2347 863 2474 960 belli
2521 869 2634 938 jam
2669 874 2798 930 dicti
2831 877 2977 949 (cum
3013 898 3180 939 carne
3204 896 3259 941 ct
3290 887 3529 960 luxuria)
3566 892 3691 945 nul-

2097 950 2211 1047 lum
2258 957 2690 1025 experimentum
2723 966 2943 1035 habent,
3002 973 3383 1047 rogandusquc
3436 995 3467 1035 a
3510 950 3689 1036 Inobis

2096 1041 2240 1101 Deus
2265 1057 2323 1101 ut
2349 1050 2493 1104 atali
2523 1057 2861 1125 experientia
2886 1062 3009 1118 belli
3040 1041 3203 1135 huius
3239 1041 3463 1125 omnino
3485 1072 3685 1127 libere-

2095 1150 2240 1191 mur.
2265 1136 2485 1195 lnillam
2510 1145 2680 1217 enim,
2713 1148 2780 1205 de
2810 1166 2918 1221 qua
2943 1155 3149 1211 dictum
3174 1168 3280 1224 est,
3314 1163 3562 1219 scrobem
3602 1165 3688 1218 lu-

2093 1227 2264 1283 xuria:
2289 1231 2552 1303 prolapsi,
2584 1236 2654 1292 ab
2684 1237 2773 1294 illa
2804 1243 3013 1300 caelesti
3073 1250 3216 1303 scala
3272 1252 3685 1308 ascendentium

2093 1325 2147 1371 et
2178 1318 2623 1381 descendentium
2658 1332 2977 1401 angelorum
3011 1341 3201 1406 procul
3240 1343 3570 1411 reciderunt,
3598 1352 3685 1399 at-

2099 1431 2204 1486 que
2238 1419 2396 1490 221
2441 1431 2500 1478 ut
2531 1429 2777 1486 eamdem
2812 1442 3006 1491 rursus
3056 1438 3242 1493 multis
3290 1442 3578 1497 sudoribus
3630 1453 3686 1498 ct

2099 1515 2378 1576 laboribus
2441 1525 2883 1589 condescendere
2935 1537 3169 1606 possint,
3229 1554 3441 1596 summa
3498 1559 3682 1598 rerum

3483 1637 3691 1706 singuli

388 1705 643 1762 hostium
694 1707 1010 1756 nostrorum
1071 1697 1460 1766 spiritualium,
1520 1700 1978 1769 quemadmodum
2034 1703 2089 1760 in
2150 1722 2281 1764 vero
2332 1711 2476 1768 bello
2537 1718 2801 1777 adversus
2843 1739 2943 1781 nos
2995 1726 3049 1781 in
3084 1697 3522 1797 acieqcollocati,
3556 1697 3684 1801 me-

390 1800 582 1871 prium
613 1806 667 1852 et
697 1795 977 1865 singulare
1010 1808 1227 1892 manus
1282 1792 1836 1892 exsequendi,dum
1893 1810 1995 1892 nos
2051 1802 2464 1874 aggrediuntur,
2521 1816 2851 1884 acceperint.
2886 1792 3379 1892 Quodquenﬁmm
3425 1792 3682 1889 esp-'3'“-

389 1895 667 1952 madverti
701 1892 757 1948 in
810 1892 881 1948 iis
929 1888 1026 1963 qui
1075 1898 1380 1958 tentantur,
1425 1890 1565 1947 alios
1616 1891 1740 1948 aliis
1767 1891 2011 1963 lapsibus
2061 1910 2183 1953 esse
2231 1904 2562 1975 graviores;
2615 1910 2707 1981 qui
2768 1912 2931 1969 habet
2991 1888 3227 1972 mentem
3286 1888 3540 1972 audiendi
3580 1932 3693 1972 au,

400 1992 544 2048 diat.

482 2087 732 2142 Εἴθισται
762 2085 837 2156 τῷ
882 2084 1101 2154 δαίμονι
1143 2085 1242 2139 καὶ
1287 2086 1522 2155 μάλιστα
1553 2087 1610 2140 ἐν
1644 2089 1756 2151 τοῖς
1792 2088 1987 2156 ἀγωνι-

2159 2081 2751 2162 Consuevitimprobus
2780 2093 3015 2166 daemon,
3044 2114 3153 2153 non
3171 2115 3297 2157 raro
3322 2117 3537 2159 onmem
3565 2108 3692 2163 vim

412 2179 682 2250 ζομένοις,
728 2177 936 2232 καὶτὸν
983 2177 1195 2249 μονήρη
1238 2176 1353 2248 βίον
1389 2178 1810 2250 μετερχομένοις
1855 2178 1990 2232 πολ-

407 2272 569 2337 λάκις
622 2270 799 2325 πᾶσαν
844 2268 1014 2325 αὐτοῦ
1063 2268 1163 2341 τὴν
1209 2269 1409 2342 ὁρμὴν,
1464 2269 1559 2325 καὶ
1606 2271 1706 2342 τὴν
1752 2270 1989 2343 σπουδὴν

404 2362 501 2417 καὶ
532 2360 799 2432 μηχανὴν,
830 2360 928 2414 καὶ
958 2361 1321 2431 πανουργίαν,
1367 2358 1464 2413 καὶ
1499 2358 1760 2425 ἐπίνοιαν,
1790 2362 1847 2416 ὲν
1874 2362 1988 2424 τοῖς

394 2453 557 2523 παρὰ
600 2452 761 2522 φύσιν
797 2452 912 2525 (l7)
949 2452 1109 2525 μόνον
1162 2450 1436 2524 [pinati],
1484 2452 1581 2506 καὶ
1619 2451 1723 2507 οὐκ
1771 2454 1828 2506 ὲν
1876 2455 1991 2517 τοῖς

393 2547 545 2602 κατὰ
567 2545 729 2614 φύσιν
751 2546 951 2610 αὐτοὺς
979 2544 1419 2617 παρασκευάζειν
1449 2544 1801 2616 πολεμεῖσθαι
1822 2560 1838 2578 ⁸
1865 2545 1988 2599 ὅθεν

393 2639 497 2694 καὶ
530 2638 793 2703 πολλάκις
825 2637 905 2710 τῷ
941 2638 1094 2708 θήλει
1138 2636 1537 2706 συνδιάγοντες,
1579 2636 1715 2708 πρὸς
1746 2636 1879 2691 αὐτὸ
1907 2639 1988 2702 είς

396 2730 717 2803 ἐπιθυμίαν,
757 2729 794 2800 ἡ
840 2728 1051 2783 ἔννοιαν
1098 2729 1238 2793 ὅλως
1289 2727 1365 2801 μὴ
1412 2727 1831 2798 πολεμούμενοι,
1862 2729 1991 2780 ἑαυ-

393 2825 530 2889 τοὺς
578 2821 1063 2895 μεμακαρίκασιν,
1114 2821 1484 2891 ἀγνοήσαντες
1533 2820 1581 2872 οἱ
1638 2819 1866 2883 τάλανες
1905 2820 1987 2872 ὅτι

388 2915 536 2970 ὅπου
588 2912 791 2986 μείζων
838 2914 867 2967 6
906 2911 1149 2983 ὄλεθρος,
1206 2912 1324 2965 ἐκεῖ
1370 2910 1463 2965 τοῦ
1498 2910 1783 2974 ἐλάττονος
1826 2910 1987 2982 χρεία

387 3005 464 3062 οὔ
488 3004 853 3077 καθέστηκεν.
886 2998 1053 3074 Οἶμαι
1082 3004 1229 3057 δυοῖν
1254 3004 1461 3057 τούτων
1495 3003 1685 3056 αἰτιῶν
1730 3004 1779 3056 οἱ
1811 3003 1984 3072 φόνιοι

388 3100 549 3173 ἡμᾶς
584 3099 712 3161 τοὺς
742 3096 962 3159 ἀθλίους
993 3098 1042 3149 οἱ
1080 3095 1366 3152 πανάθλιον,
1401 3097 1460 3151 ἐν
1488 3098 1602 3160 τοῖς
1644 3097 1794 3166 παρὰ
1826 3095 1987 3166 φύσιν

385 3189 677 3262 ἐκπορθεῖν
701 3189 1046 3260 πεφύκασιν,
1103 3189 1180 3252 ὡς
1224 3189 1324 3260 τῆς
1361 3188 1494 3261 ὕλης
1546 3188 1641 3243 τοῦ
1693 3187 1987 3260 πτώματος

384 3281 677 3354 ’πανταχοῦ
721 3281 881 3353 ἡμῶν
925 3281 1335 3352 εὐπορούντων·
1387 3282 1483 3334 καὶ⁹
1509 3280 1585 3344 ὡς
1619 3281 1842 3351 μείζονα
1887 3280 1985 3351 τὴν

384 3374 670 3446 τιμωρίαν
724 3372 1101 3444 κεκτημένων.
1161 3369 1283 3426 Οἷδε
1341 3372 1402 3427 τὺ
1471 3373 1761 3444 εἰρημένον
1815 3374 1843 3425 ὁ
1885 3374 1986 3444 τῆς

2094 2191 2271 2247 suam,
2296 2194 2538 2251 operam,
2566 2186 2831 2254 studium,
2903 2197 3051 2247 artes
3074 2206 3286 2261 omnes,
3350 2210 3681 2269 omnemque

2092 2269 2518 2343 improbitatem,
2548 2279 2813 2335 malitiam
2843 2291 2896 2337 et
2935 2284 3164 2340 consilia
3194 2301 3261 2341 eo
3285 2287 3582 2354 destinare,
3617 2300 3681 2347 ut

2093 2371 2302 2420 ascetas
2332 2367 2678 2435 potissimum
2733 2379 2788 2426 et
2818 2373 3182 2431 anachoretas
3218 2376 3285 2432 iis
3341 2377 3397 2432 in
3457 2378 3680 2451 ﬂagitiis

2092 2466 2384 2527 oppugnet,
2417 2474 2541 2529 qua:
2588 2472 2719 2517 sunt
2773 2477 2972 2533 praeter
3002 2474 3057 2521 et
3089 2483 3196 2522 non
3241 2470 3542 2525 secundum
3579 2487 3680 2527 na-

2093 2553 2271 2601 turam
2301 2566 2315 2602 :
2361 2550 2507 2604 unde
2541 2549 2746 2608 factum
2777 2553 3107 2626 frequenter,
3142 2567 3204 2613 ut
3238 2558 3378 2614 inter
3438 2559 3680 2617 feminas

2092 2651 2376 2698 versantes
2405 2643 2555 2699 nulla
2582 2645 2911 2716 cogitatione
2943 2657 3039 2703 aut
3085 2650 3359 2706 desiderio
3410 2651 3672 2721 peccandi

2092 2733 2366 2791 sollicitati
2394 2751 2517 2793 sese
2546 2737 2739 2794 beatos
2776 2740 3166 2809 existimarint,
3195 2743 3326 2799 dum
3377 2744 3563 2800 miseri
3618 2723 3705 2800 et".

2091 2825 2337 2883 infelices
2366 2844 2471 2884 non
2502 2830 2905 2898 intellexerunt,
2933 2834 3080 2902 quod
3116 2835 3208 2890 ubi
3254 2835 3433 2905 majus
3490 2836 3674 2890 immi-

2089 2928 2184 2974 net
2210 2920 2362 2976 exitii
2401 2923 2728 2992 periculum,
2775 2924 2848 2979 ibi
2875 2941 2982 2993 non
3023 2927 3094 2982 sit
3136 2940 3276 2996 opus
3314 2928 3527 2983 minore
3552 2940 3685 2985 ten-»

2092 3013 2314 3068 talione.
2348 3012 2494 3070 Duas
2525 3017 2719 3086 opinor
2738 3017 2807 3072 ob
2835 3032 3032 3074 causas
3063 3018 3355 3073 miserrimi
3384 3020 3463 3074 illi
3495 3020 3674 3076 homi-

2090 3105 2224 3161 cidae
2264 3120 2365 3161 nos
2395 3106 2627 3162 miseros
2641 3106 2709 3161 ad
2739 3106 2941 3179 ﬂagitia
2982 3124 3107 3179 quae
3139 3117 3348 3164 naturae
3372 3110 3679 3166 adversan-

2089 3207 2196 3267 tur,
2246 3206 2307 3254 ut
2339 3215 2440 3256 nos
2482 3199 2732 3257 funditus
2789 3210 3055 3269 evertant,
3116 3203 3410 3259 sollicitare
3473 3204 3670 3270 solent,

2091 3301 2203 3348 tum
2244 3294 2389 3364 quod
2418 3295 2679 3364 peccandi
2707 3296 2932 3351 materia
2954 3297 3219 3353 adversus
3250 3307 3501 3353 naturam
3527 3313 3674 3354 sem-

2092 3398 2189 3455 per
2237 3393 2292 3439 et
2328 3385 2529 3453 ubique
2556 3385 2609 3440 in
2640 3397 2898 3457 promptu
2945 3389 3036 3454 sit,
3073 3399 3184 3443 tum
3242 3398 3301 3443 ut
3372 3388 3677 3458 majoribus

387 3465 649 3535 ὀνάγροις
703 3464 896 3536 πρώην
950 3465 1050 3537 μὲν
1100 3466 1452 3537 ἐπιτρέπωνι
1501 3465 1729 3536 ἔσχατον
1771 3465 1841 3518 δὲς
1878 3465 1982 3519 ὑπὸ

2091 3475 2368 3545 suppliciis
2401 3476 2622 3531 obnoxii
2653 3477 3251 3549 reddantur.Expertus
3278 3489 3360 3535 est
3396 3481 3499 3535 hoc
3525 3480 3673 3550 quod

391 3557 509 3611 τῶν
525 3556 733 3628 ἀγρίων
757 3556 1008 3627 ὀνάγρων
1032 3557 1283 3620 ἐλεεινῶς
1319 3558 1643 3625 ἐπιτραπεὶς
1665 3558 1760 3611 καὶ
1780 3557 1985 3627 ἐμπαι-

388 3650 567 3720 χθεὶς,
616 3650 713 3703 καὶ
764 3647 1004 3722 οὐρανίῳ
1049 3647 1383 3718 τρεφόμενος
1427 3647 1599 3719 ἄρτῳ,
1650 3646 1879 3719 ὕστερον
1927 3647 1984 3701 δὲ

388 3743 490 3797 τοῦ
522 3742 691 3796 καλοῦ
727 3742 1036 3814 στερηθεὶς,
1066 3742 1161 3796 καὶ
1201 3741 1262 3795 τὸ
1289 3742 1353 3813 δὴ
1397 3741 1861 3813 θαυμαστότερον,
1901 3743 1985 3797 ὅτι

393 3835 499 3890 καὶ
532 3835 671 3906 μετά
701 3834 1220 3905 μετάνοιαν·Στύλος
1253 3835 1352 3905 μὲν
1399 3835 1569 3905 μέγας
1616 3834 1832 3903 ἔπεσεν,
1863 3836 1986 3890 ὀδυ-

400 3933 641 4005 νώμενος
683 3930 896 4005 πικρῶς
941 3932 972 3984 6
1003 3931 1324 4002 καθηγητὴς
1363 3930 1519 4002 ἡμῶν
1549 3930 1750 4003 ἔφησεν
1791 3931 1985 3987 Ἀντώ-

405 4041 521 4088 νιος
542 4040 558 4054 ⁸
600 4025 690 4078 τδν
716 4026 771 4078 δὲ
797 4024 1003 4096 τρόπον
1053 4024 1153 4095 τῆς
1182 4024 1444 4087 πτώσεως
1479 4026 1507 4078 6
1534 4024 1695 4094 σοφὸς
1738 4024 1986 4094 ἀπέκρυ-

401 4118 512 4187 ψεν
532 4133 546 4147 ·
597 4116 845 4180 ἐγίνωσκε
895 4118 1007 4188 γὰρ
1041 4110 1184 4170 εἶναι
1220 4117 1476 4188 πορνείαν
1507 4116 1857 4187 σωματικῶς,
1889 4116 1985 4170 καὶ

402 4208 565 4273 ἐκτὸς
608 4209 790 4279 ἐτέρου
837 4208 1093 4279 σώματος
1115 4222 1132 4238 ⁸
1182 4208 1297 4262 ἔστι
1346 4226 1431 4273 τις
1469 4208 1701 4272 θάνατος
1747 4210 1806 4263 ὲν
1852 4210 1985 4278 ἡμῖν

396 4305 495 4357 καὶ
527 4302 771 4357 ἀπώλεια
802 4302 1098 4375 πτώματος
1140 4303 1199 4355 ὲν
1234 4303 1389 4372 ἡμῖν,
1422 4302 1517 4355 καί⁸
1560 4303 1681 4373 μεθ’
1713 4302 1871 4373 ἡμῶν
1896 4302 1987 4356 ἀεὶ

389 4396 971 4467 συμπεριφερόμενος,
1016 4394 1075 4447 ἐν
1113 4393 1328 4463 νεότητι
1380 4393 1652 4465 μάλισταο
1703 4392 1763 4447 δν
1808 4394 1985 4463 ἔγωγε

389 4491 591 4560 γραφῇ
629 4473 969 4557 παραδούναι
1015 4485 1079 4540 οὐ
1109 4485 1453 4557 τετόλμηκαο
1492 4486 1691 4557 ἐπέσχε
1734 4485 1845 4558 γάρ
1881 4504 1984 4558 μου

388 4581 500 4653 τὴν
529 4583 685 4651 χεῖρα
712 4582 741 4634 ὁ
779 4577 1019 4651 εἰρηκώς
1039 4593 1055 4609 ·
1084 4579 1161 4631 Τὰ
1186 4576 1297 4649 γὰρ
1324 4576 1528 4648 κρυφῇ
1558 4580 1841 4649 γινόμενα
1866 4582 1989 4636 ὑπό

392 4689 602 4736 τινων,
634 4672 899 4741 αίσχρόν
928 4671 1063 4724 ἐστι
1094 4668 1193 4722 καὶ
1227 4668 1446 4739 λέγειν,
1485 4670 1580 4723 καὶ
1602 4670 1861 4741 γράφειν,
1892 4674 1986 4726 καὶ

392 4763 644 4819 ἀκούειν.
698 4764 811 4834 Τὴν
851 4763 951 4834 μὲν
1001 4761 1143 4833 ἐμὴν
1193 4760 1400 4832 ταύτην
1433 4762 1543 4833 (18)
1575 4765 1670 4816 καὶ
1713 4765 1813 4818 οὐκ
1842 4765 1984 4837 ἐμὴν

392 4853 603 4926 ἐχθρὰν
632 4854 795 4925 φίλην
827 4854 1029 4923 σάρκα,
1072 4850 1285 4914 Παῦλος
1317 4852 1415 4923 μὲν
1447 4852 1677 4908 θάνατον
1704 4856 1986 4927 προσηγὸ-

394 4963 597 5019 ρευσεο
639 4945 734 5012 Τίς
750 4963 827 5016 με
853 4944 984 5014 γὰρ,
1018 4945 1171 5015 φησὶ,
1196 4945 1448 5012 ῥύσεται
1480 4945 1549 4998 ἐκ
1583 4945 1690 5001 τοῦ
1709 4946 1986 5017 σώματος

388 5040 511 5096 τοῦ
551 5039 814 5095 θανάτου
846 5039 1102 5102 τούτου;
1151 5037 1380 5107 Ἕτερος
1405 5036 1461 5090 δὲ
1486 5036 1737 5106 θεολόγος
1763 5040 1988 5111 ἐμπαθῆ

391 5134 497 5186 καὶ
543 5130 736 5203 δούλην
786 5131 882 5185 καὶ
934 5130 1295 5201 νυκτερινήν
1335 5128 1478 5194 τίνος
1519 5129 1597 5195 δὲ,
1632 5129 1774 5194 τίνος
1822 5132 1983 5202 χάριν

389 5222 678 5287 τοιαύταις
724 5222 864 5293 πρὸς
896 5220 1067 5292 αὐτὴν
1095 5221 1488 5293 προσηγορίαις
1521 5222 1841 5292 ἐχρήσαντο,
1881 5242 1983 5295 μα-

393 5317 518 5369 θεῖν
550 5314 768 5385 ὲδίψων.
821 5314 886 5367 Et
932 5311 1180 5377 θάνατος,
1225 5312 1300 5375 ὡς
1344 5311 1721 5384 προλέλεκται,
1770 5314 1925 5387 σὰρξ,
1955 5317 1984 5371 6

392 5406 606 5478 ταύτην
646 5408 877 5479 νικήσας
936 5407 1151 5471 πάντως
1203 5407 1304 5460 οὐκ
1351 5406 1722 5478 ἀποθνήσκει·
1775 5410 1868 5463 καὶ
1900 5410 1985 5475 τίς

397 5502 552 5553 ἐστιν
579 5498 689 5571 ἄρα
732 5501 762 5553 6
789 5497 1074 5570 ἄνθρωπος
1104 5500 1333 5563 ἐκεῖνος,
1364 5498 1422 5563 ὃς
1467 5498 1714 5568 ζήσεται,
1749 5501 1843 5555 καὶ
1887 5503 1985 5557 οὐκ

394 5594 594 5666 δψεται
625 5592 859 5647 θάνατον
895 5591 1174 5663 μολυσμοῦ
1227 5590 1430 5658 σαρκὸς
1462 5591 1664 5659 αὑτοῦ;
1716 5594 1985 5665 Ζητητέον

474 5732 526 5763 ⁸ο
549 5726 748 5798 Ephcs.
784 5744 831 5792 ι’,
865 5729 950 5784 12.
1034 5728 1079 5761 ³⁵
1111 5727 1271 5782 Ιὶοιη.
1312 5742 1404 5793 vn,
1432 5726 1522 5782 2i.

477 5849 556 5921 (a)
588 5851 813 5923 Grcgor.
854 5850 1248 5907 Nazianzenus.

2008 4810 2060 4869 D

2087 3576 2172 3622 est
2218 3566 2446 3630 dictum,
2486 3568 2577 3623 ille
2605 3568 2699 3639 qui
2726 3570 2880 3640 prius
2910 3572 3135 3642 onagris
3167 3582 3528 3627 consueverat
3572 3573 3675 3626 im-

2089 3657 2342 3727 peritare,
2370 3658 2464 3715 sed
2492 3668 2775 3730 postremo
2809 3676 2840 3716 a
2867 3660 2996 3717 feris
3027 3663 3183 3735 (orci)
3232 3664 3453 3735 onagris
3510 3665 3676 3719 misc-

2086 3750 2319 3806 randum
2349 3751 2406 3805 in
2433 3751 2659 3806 modum
2714 3753 3124 3810 circumventus
3187 3761 3242 3809 et
3295 3754 3516 3809 delusus
3565 3763 3674 3817 est,

2087 3843 2295 3899 caelesti
2329 3854 2487 3899 antea
2520 3857 2658 3913 pane
2688 3854 2896 3914 pastus,
2933 3855 3121 3916 postea
3168 3846 3318 3900 omni
3373 3846 3516 3899 bono
3558 3845 3674 3915 pri—

2086 3944 2265 3992 vatus.
2295 3936 2456 4006 222
2486 3937 2749 4007 Quodque
2777 3937 2952 4007 magis
2988 3937 3296 3991 mirandum
3328 3945 3431 4001 est,
3466 3946 3676 4004 postea-

2086 4043 2251 4098 quam
2300 4028 2348 4083 is
2376 4028 2445 4083 de
2491 4028 2792 4083 commisso
2842 4026 3048 4098 ﬂagitio
3105 4027 3482 4097 paenitentiam
3541 4027 3670 4097 egit,

2084 4119 2355 4174 Antonius
2389 4128 2568 4175 tamen
2603 4120 2882 4175 institutor
2910 4129 3098 4175 noster
3145 4120 3339 4175 acerbe
3372 4135 3560 4175 casum
3609 4122 3677 4174 il-

2087 4212 2194 4265 lius
2223 4211 2536 4281 deplorans,
2586 4211 2800 4281 Ingens,
2853 4209 3054 4278 inquit,
3099 4210 3355 4263 columna
3411 4209 3669 4264 concidit.

2088 4303 2309 4359 Modum
2347 4313 2529 4358 tamen
2563 4312 2617 4359 et
2657 4302 2893 4359 formam
2922 4303 3131 4375 peccati
3159 4302 3437 4356 commissi
3473 4302 3557 4356 vir
3579 4316 3673 4357 sa-

2086 4396 2243 4466 piens
2269 4410 2376 4450 non
2405 4395 2676 4466 expressit
2705 4413 2719 4450 :
2750 4404 2979 4451 noverat
3004 4394 3150 4449 enim
3199 4392 3463 4464 ﬂagitium
3514 4392 3674 4447 luxu-

2086 4486 2184 4540 riae
2212 4500 2321 4540 non
2357 4499 2480 4540 cum
2509 4486 2708 4551 alieno,
2761 4486 2855 4540 sed
2884 4499 2986 4541 suo
3020 4484 3193 4553 ipsius
3233 4497 3467 4552 corpore
3524 4498 3677 4538 com-

2086 4577 2339 4634 missum.
2367 4576 2465 4634 Est
2486 4577 2736 4648 quzedam
2767 4577 2986 4633 morsin
3004 4576 3163 4632 nobis
3192 4583 3247 4630 et
3275 4576 3451 4630 ruinae
3479 4576 3675 4630 exitia-

2087 4670 2157 4727 lis
2208 4685 2400 4736 causa,
2433 4686 2598 4742 quam
2626 4670 2892 4726 habemus
2942 4671 2997 4725 in
3036 4669 3214 4735 nobis,
3284 4678 3338 4724 ct
3389 4669 3676 4726 nobiscum

2087 4767 2140 4822 in
2170 4781 2402 4837 corpore
2449 4780 2662 4837 semper
2688 4763 3151 4829 circumferimus,
3179 4763 3481 4835 praesertim
3510 4763 3564 4816 in
3585 4763 3677 4832 ju-

2089 4862 2326 4916 ventutis
2351 4860 2572 4924 ardore,
2612 4873 2777 4930 quam
2809 4873 2912 4929 ego
2952 4857 3006 4911 in
3045 4858 3256 4913 litteras
3284 4857 3503 4910 mittere
3561 4870 3673 4908 non

2088 4949 2283 5013 audeo,
2334 4949 2480 5018 quod
2510 4947 2557 5002 is
2588 4946 2930 5003 mihimanus
2952 4947 3199 5019 injecerit
3228 4946 3320 5016 qui
3352 4945 3519 5001 dixit:
3543 4943 3677 5009 Qua:

2089 5041 2145 5093 in
2183 5049 2380 5093 secreto
2412 5056 2444 5092 a
2483 5037 2800 5109 quibusdam
2853 5040 3010 5107 ﬁunt,
3072 5047 3221 5106 turpe
3256 5047 3332 5090 est
3391 5035 3562 5087 dicere
3602 5033 3673 5096 “,

2091 5132 2354 5199 scribere,
2394 5141 2447 5187 et
2517 5131 2729 5186 audire.
2765 5128 2918 5185 Hanc
2970 5144 3192 5186 carnem
3242 5141 3440 5191 meam,
3491 5124 3674 5179 inimi-

2091 5238 2210 5279 cam
2256 5234 2309 5279 et
2335 5223 2592 5288 amicam,
2626 5221 2821 5277 beatus
2850 5219 3052 5274 Paulus
3084 5227 3309 5273 mortem
3343 5215 3672 5286 appellavit:

2093 5316 2243 5383 Quis,
2273 5317 2469 5387 inquit,
2508 5315 2752 5369 liberabit
2782 5330 2862 5368 me
2889 5330 2921 5368 α
2944 5328 3159 5383 corpore
3190 5310 3375 5364 mortis
3400 5308 3555 5376 hujus
3584 5308 3631 5340 ⁸⁸
3652 5307 3701 5362 9·

2093 5408 2247 5464 Alius
2283 5422 2448 5478 porro
2507 5406 2793 5475 theologus
2820 5405 2897 5476 (a)
2926 5404 3171 5459 eamdem
3213 5401 3465 5455 vitiosam
3494 5407 3548 5455 ct
3579 5417 3676 5494 an:

2094 5500 2274 5556 cillam
2337 5509 2658 5556 nocturnam
2716 5505 2892 5552 vocat.
2946 5494 3049 5549 Sed
3095 5507 3315 5548 causam
3374 5506 3492 5561 ego.
3543 5506 3673 5545 cau-

2095 5609 2234 5662 sam,
2277 5592 2522 5664 inquam,
2569 5604 2893 5663 magnopere
2935 5584 3220 5655 cupiebam
3253 5576 3555 5656 [sitiebant]
3587 5583 3699 5637 «ιιι-
