4042 6496
388 375 488 441 837
1317 406 1327 419 ε
1649 376 1708 434 S.
1742 375 2064 436 JOANNIS
2086 379 2391 439 CLIMACI
3548 382 3653 447 833

386 508 560 557 scere,
602 507 700 547 cur
732 489 817 546 his
844 503 963 546 eam
1006 487 1323 545 nominibus
1347 486 1658 542 vocitarint.
1698 486 1756 541 Si
1815 502 1967 552 caro,

2080 491 2308 544 δυσωπῶ
2359 491 2491 561 (19),
2540 491 2623 554 τίς
2659 491 2859 561 μείζων
2884 509 2895 521 ·
2930 494 2958 545 6
2988 492 3162 547 θανὼν
3195 491 3290 545 καί¹
3327 491 3586 556 ἀναστὰς,
3618 495 3653 564 ἢ

382 581 462 635 uti
496 580 703 635 dictum
733 588 839 643 est,
890 593 1038 633 mors
1087 586 1190 641 est,
1231 589 1362 645 ergo
1398 575 1492 645 qui
1552 590 1774 630 carnem
1823 576 1967 631 hanc

2080 585 2098 634 5
2134 580 2255 651 μηδ’
2288 581 2424 644 ὅλως
2461 579 2639 634 θανών
2663 595 2677 611 ’
2715 582 2808 633 καὶ
2846 582 2874 632 6
2924 583 3021 651 μὲν
3054 583 3146 635 τὸν
3190 582 3442 652 δεύτερον
3472 599 3656 651 μακαα-

383 672 534 737 vicit,
564 685 788 741 prorsus
840 684 947 724 non
980 667 1265 723 morietur.
1296 665 1401 719 Sed
1432 665 1498 720 da
1531 666 1667 720 mihi
1694 666 1844 721 illum
1870 668 1969 721 ho-

386 763 611 826 minem,
651 761 742 831 qui
769 761 912 813 vivet
934 768 987 812 et
1032 765 1266 811 mortem
1301 755 1450 810 nulla
1486 757 1807 827 inquinatus
1835 758 1958 812 labe

384 854 566 908 carnis
597 869 709 909 suae
740 868 846 906 non
877 850 1118 905 videbit?
1183 842 1393 920 Oper-ie
1424 851 1676 920 'pretium
1729 851 1832 906 erit
1884 852 1971 906 hic

384 961 630 1015 quaerere
670 954 788 1000 uter
815 944 985 1013 major
1016 943 1106 1009 sit,
1143 942 1260 998 isne
1291 943 1385 1012 qui
1418 954 1668 999 mortuus
1695 943 1763 997 ad
1801 945 1970 999 vitam

385 1039 564 1103 rediit,
605 1053 673 1092 an
709 1038 755 1092 is
785 1037 876 1107 qui
911 1052 1193 1106 nunquam
1223 1046 1307 1093 est
1346 1048 1614 1092 mortuus.
1678 1036 1779 1101 Qui
1843 1038 1971 1092 bea-

384 1138 496 1182 tum
545 1127 857 1197 praedicavit
890 1127 1215 1192 secundum,
1252 1127 1513 1198 deceptus
1557 1138 1661 1183 est.
1717 1130 1972 1184 Christus

381 1221 523 1275 enim
561 1229 807 1277 mortuus
837 1221 1162 1276 resurrexit.
1197 1221 1302 1287 Qui
1363 1237 1495 1276 vero
1549 1221 1786 1291 primum
1845 1223 1973 1277 bea-

385 1319 494 1365 tum
552 1320 727 1381 putat,
762 1311 967 1365 nullam
1008 1313 1151 1382 apud
1186 1314 1483 1367 morientes
1512 1315 1594 1367 vel
1626 1314 1808 1383 potius
1842 1328 1971 1383 pec-

381 1408 568 1453 cantes
599 1400 1038 1469 desperatiouem
1075 1402 1266 1459 salutis
1299 1418 1421 1457 esse
1469 1403 1788 1469 exustimat;
1842 1420 1975 1475 sug-

382 1489 711 1560 gerit223
750 1491 896 1545 enim
958 1492 1137 1546 malus
1194 1502 1248 1547 et
1296 1492 1529 1549 infestus
1581 1495 1741 1549 nobis
1795 1496 1972 1552 hostis

383 1591 569 1637 noster
612 1593 665 1638 et
692 1583 924 1640 luxuriae
952 1599 1162 1649 auctor,
1239 1587 1408 1644 Deum
1460 1604 1580 1646 esse
1624 1589 1968 1655 clementem,

290 1718 303 1737 ,
378 1673 474 1743 qui
505 1672 718 1728 facilem
747 1674 876 1731 huic
907 1676 1040 1731 vitio
1074 1687 1283 1732 natura:
1335 1687 1442 1732 tam
1506 1688 1706 1750 agnato
1756 1680 1968 1734 veniam

380 1766 581 1834 tribuat
606 1806 620 1820 .
648 1765 1007 1823 Attendamus
1036 1768 1103 1822 ad
1132 1768 1409 1837 improbas
1448 1770 1760 1823 daemonum
1796 1779 1967 1835 artes,

2075 673 2249 745 ρίσας,
2271 672 2527 743 ἔψευσται
2559 671 2736 728 θανὼν
2780 672 2890 742 γὰρ
2923 676 2950 726 6
3005 674 3258 744 Χριστὸς,
3283 673 3518 742 ἀνέστηο
3549 675 3577 726 6
3597 672 3656 725 δὲ

2070 764 2161 818 τὸν
2181 765 2413 836 πρῶτον,
2438 765 2705 836 μηδεμίαν
2727 764 2877 835 παρά
2896 768 3006 826 τοῖς
3034 765 3355 835 θνήσκουσι,
3379 765 3578 834 μᾶλλον
3599 766 3659 819 δὲ

2072 857 2329 911 πίπτουσι
2348 859 2446 929 τὴν
2472 858 2783 926 ἀπόγνωσιν
2814 853 2952 912 εἶναι
2978 857 3248 910 δυσωπεῖ-
3275 856 3662 926 φιλάνθρωπον

2073 949 2182 1017 γὰρ
2221 948 2311 1002 τὸν
2335 948 2469 1001 Θεὸν
2495 950 2522 1001 ό
2546 948 2914 1019 ἀπάνθρωπος
2956 947 3153 1018 ἐχθρὸς
3183 950 3211 1001 6
3250 950 3352 1017 τῆς
3399 948 3661 1019 πορνείας

2074 1039 2391 1110 προστάτης
2420 1039 2569 1108 λέγει
2596 1056 2610 1071 ο
2639 1044 2735 1093 καὶ
2776 1040 2975 1111 πολλὴν
3013 1037 3346 1109 συγγνώμην
3378 1039 3457 1109 τῷ
3497 1039 3660 1093 πάθει

2072 1132 2249 1202 τούτῳ
2314 1132 2392 1196 ὡς
2448 1132 2665 1202 φυσικῷ
2727 1132 3078 1203 παρέχοντα·
3124 1132 3552 1201 ὲπιτηρὴσωμεν
3603 1130 3663 1183 δὲ

2072 1225 2258 1288 δόλους
2295 1223 2585 1295 δαιμόνων,
2615 1224 2711 1278 καὶ
2736 1224 2877 1295 μετά
2906 1222 3004 1293 τὴν
3051 1223 3252 1294 πρᾶξιν
3284 1222 3663 1293 δικαιοκρίτην

2075 1316 2263 1379 αὐτὸν,
2291 1316 2387 1369 καὶ
2427 1314 2822 1386 ἀσυγχώρητον
2880 1314 3189 1384 εὑρήσομεν
3232 1313 3432 1377 αὐτοὺς
3459 1314 3661 1383 ὀνομά-

2074 1409 2263 1473 ζοντας
2287 1425 2300 1439 ·
2336 1410 2452 1463 ἐκεῖ
2481 1408 2581 1478 μὲν
2618 1408 2726 1480 γὰρ
2776 1407 2867 1461 ἵνα
2909 1408 3004 1460 ἐπὶ
3035 1408 3137 1477 τὴν
3184 1407 3464 1478 ἁμαρτίαν
3522 1424 3662 1476 προ-

2072 1501 2400 1572 τρέψωνται,
2452 1499 2629 1564 οὑτως
2684 1501 3022 1570 ἐχρήσαντο’
3062 1497 3160 1573 νῦν
3206 1498 3265 1550 δὲ
3314 1496 3521 1562 λοιπὸν,
3571 1499 3661 1552 ἴνα

2073 1593 2167 1646 ἐπὶ
2192 1593 2290 1663 τὴν
2326 1592 2634 1661 ἀπόγνωσιν
2677 1594 2823 1663 ἡμᾶς
2869 1591 3338 1645 καταποντίσωσι.
3394 1591 3510 1659 Τῆς
3562 1591 3663 1660 μὲν

2074 1683 2250 1754 λύπης
2285 1684 2382 1737 καὶ
2410 1682 2777 1752 ἀπογνώσεως
2831 1681 3257 1751 συνισταμένης,
3306 1682 3540 1744 ἑαυτοὺς
3565 1684 3661 1734 ἐπὶ

2076 1775 2152 1846 τῷ
2176 1775 2479 1845 πταίσματι
2527 1775 2795 1828 ἐκδιδόναι
2839 1774 3002 1828 πάλιν
3033 1775 3096 1826 οὑ
3124 1772 3453 1843 πεφύκαμεν
3480 1789 3492 1801 ·
3529 1772 3665 1826 ταύ-

378 1867 433 1913 et
483 1859 828 1928 experiemur
870 1868 995 1930 post
1047 1862 1400 1916 commissum
1455 1871 1736 1931 peccatum
1799 1861 1968 1918 Deum

2080 1884 2176 1937 της
2216 1865 2273 1919 δὲ
2315 1865 2806 1935 κατασϐεσθείσης,
2857 1865 3023 1919 πάλιν
3061 1868 3090 1919 ό
3132 1866 3234 1935 τῆς
3254 1865 3665 1938 φιλανθρωπίας

378 1951 538 2008 nobis
564 1951 632 2006 ab
660 1951 764 2007 illis
793 1966 1066 2018 severum,
1094 1953 1304 2023 justum
1337 1963 1389 2008 et
1419 1954 1812 2009 inexorabilem
1876 1955 1967 2024 ju-

376 2044 550 2099 dicem
584 2045 711 2115 ﬁngi
741 2053 795 2100 et
852 2047 1105 2118 proponi.
1169 2047 1310 2103 Ante
1365 2055 1734 2118 perpetratum
1793 2048 1970 2103 scelus

378 2137 536 2193 nobis
570 2136 783 2193 facilem
815 2148 868 2193 et
887 2138 1207 2195 clementem
1237 2140 1527 2206 aﬂirmant,
1562 2148 1622 2195 ut
1657 2155 1758 2197 nos
1806 2141 1874 2195 ad
1900 2141 1969 2195 il-

378 2231 793 2302 lndimpcllant,
839 2232 1104 2303 impulsos
1138 2242 1199 2288 ut
1227 2234 1293 2288 ad
1358 2234 1794 2306 desperationem
1848 2234 1969 2289 adi-

377 2333 527 2395 gant,
610 2331 663 2379 et
732 2326 1051 2382 submersos
1106 2326 1455 2383 absorbeant.
1521 2327 1807 2382 Premente
1870 2342 1972 2382 nos

378 2417 528 2486 gravi
559 2417 778 2472 tristitia
811 2427 864 2472 et
884 2418 1269 2490 desperatione
1297 2435 1402 2475 non
1436 2419 1593 2475 facile
1620 2435 1844 2475 rursum
1871 2434 1972 2475 nos

379 2508 900 2575 peeeandipericnlo
960 2519 1015 2564 et
1070 2508 1244 2564 ruinze
1293 2525 1566 2579 exponere
1619 2511 1858 2566 solemus
1903 2528 1917 2564 :

2078 1960 2225 2029 ἡμᾶς
2279 1958 2541 2028 τύραννος
2585 1957 2906 2028 διαδέχεται.
2968 1958 3214 2011 Καθόσον
3253 1957 3528 2029 ἄφθαρτος
3574 1959 3667 2012 καὶ

2074 2046 2364 2116 ἀσώματος
2386 2047 2413 2098 ὁ
2438 2045 2664 2116 Κύριος,
2712 2047 2856 2099 κατὰ
2883 2046 3138 2100 τοσοῦτον
3164 2049 3230 2118 τῇ
3254 2048 3452 2120 ἁγνείᾳ
3484 2050 3578 2103 καὶ
3596 2050 3662 2118 τῇ

2078 2139 2359 2210 ἀφθαρσίᾳ
2407 2137 2503 2192 τοῦ
2556 2138 2810 2209 σώματος
2851 2138 3009 2210 ἡμῶν
3055 2139 3438 2211 εὐφραίνεται,
3488 2141 3666 2193 οὐδενὶ

2077 2230 2250 2293 οὕτως
2280 2230 2453 2302 ἑτέρῳ
2476 2229 2550 2294 ὡς
2577 2232 2642 2301 τῇ
2670 2229 2905 2300 δυσωδίᾳ
2929 2229 3027 2299 τῆς
3049 2229 3307 2299 πορνείας
3336 2231 3481 2294 τινές
3502 2246 3666 2298 φασιν

2079 2322 2386 2395 ἐπιχαίρειν
2418 2322 2544 2386 τοὺς
2563 2322 2826 2393 δαίμονας
2849 2339 2862 2352 ·
2886 2322 2988 2376 οὑκ
3017 2316 3111 2375 οὖν
3129 2321 3255 2375 οὑδὲ
3277 2321 3441 2385 πάθει
3471 2322 3662 2394 ἑτέρῳ,

2079 2415 2155 2478 ώς
2188 2414 2267 2485 τῷ
2296 2413 2389 2466 τοῦ
2432 2411 2687 2484 σώματος
2715 2413 3002 2485 μολυσμῷ.

1964 2507 2059 2563 ubi
2087 2505 2304 2561 tristitia
2334 2520 2460 2560 cum
2489 2506 2871 2575 desperatione
2904 2507 3147 2563 abstersa
3177 2517 3282 2574 est,
3318 2524 3539 2564 rursum
3573 2523 3663 2565 no-

381 2603 466 2658 bis
508 2613 772 2675 tyrannus
812 2606 1157 2661 clementiam
1192 2606 1275 2676 (ut
1305 2606 1503 2661 iterum
1550 2607 1605 2661 in
1660 2607 1877 2663 ruinam
1928 2600 2247 2676 praecipitet)
2296 2604 2349 2657 in
2411 2603 2731 2658 memoriam
2781 2613 3024 2658 revocat.
3058 2603 3179 2670 Quo
3222 2605 3412 2675 purior
3444 2614 3528 2659 est
3556 2604 3662 2659 Do.

382 2699 589 2762 minus,
622 2707 675 2753 et
702 2698 771 2753 ab
797 2698 962 2752 omni“
1007 2682 1256 2767 corporis
1315 2698 1640 2769 contagione
1698 2697 1975 2762 remetior,
2021 2696 2123 2753 hoc
2167 2695 2339 2766 magis
2393 2695 2644 2750 castitate
2671 2704 2724 2750 et
2754 2696 3002 2765 corpOris
3032 2698 3201 2751 nostri
3254 2696 3526 2751 munditia
3572 2712 3661 2753 ca-

384 2791 531 2861 pitur
559 2800 611 2845 et
642 2797 921 2845 recreatur
951 2807 964 2843 :
996 2789 1073 2843 uti
1106 2798 1297 2844 contra
1326 2789 1526 2858 impuri
1557 2789 1671 2844 orci
1721 2798 1965 2843 monstra
1999 2789 2147 2842 nulla
2208 2802 2266 2840 re
2294 2786 2488 2855 magis,
2520 2795 2579 2838 ut
2607 2786 2828 2854 quidam
2877 2790 3052 2854 aiunt,
3104 2801 3270 2856 quam
3316 2786 3492 2842 fetore
3543 2789 3662 2844 libi-

382 2886 547 2951 dinis,
581 2899 682 2939 nec
716 2883 827 2937 ullo
879 2884 1054 2955 magis
1100 2900 1265 2954 quam
1292 2885 1542 2956 corporis
1599 2884 1978 2954 inquinatione
2007 2884 2368 2941 delectantur.

456 2979 695 3036 Castitas
721 2994 821 3034 nos
852 2978 963 3035 Deo
993 2978 1315 3046 familiares,
1348 2988 1403 3034 et
1428 2988 1695 3050 quantum
1729 2979 1970 3033 humana

382 3081 582 3128 natura
614 3073 841 3141 patitur,
899 3071 1106 3127 similes
1148 3070 1331 3127 eflicit.
1387 3070 1733 3127 Procreatrix
1786 3070 1975 3126 dulce-

384 3165 530 3220 diuis
555 3173 640 3219 est
671 3172 816 3217 terra
874 3161 1099 3234 irrigata
1159 3176 1284 3217 rore
1318 3180 1330 3216 :
1366 3161 1635 3217 castitatis
1668 3176 1865 3231 parens
1891 3169 1979 3216 est

385 3251 641 3322 religiosa
672 3251 829 3322 quies
858 3266 983 3305 cum
1013 3250 1326 3306 obcdieutia
1367 3251 1681 3322 conjuncta.
1713 3251 1975 3322 Corporis

386 3350 574 3396 motus
603 3356 669 3395 ex
702 3340 1020 3395 solitudinis
1048 3340 1230 3410 quiete
1269 3341 1563 3410 compositi
1610 3349 1666 3396 et
1705 3341 1900 3407 sedati,
1932 3340 1978 3395 si

386 3448 532 3503 σερε
563 3432 617 3486 in
652 3432 930 3502 publicum
972 3441 1029 3487 et
1075 3432 1340 3488 mundum
1374 3432 1690 3502 prodealur,
1740 3447 1849 3488 non
1893 3433 1981 3488 in-

392 3525 652 3580 concussi
685 3533 1030 3595 permanent.
1074 3521 1285 3580 Sensus
1317 3540 1448 3581 vero
1480 3525 1731 3596 corporis
1767 3524 1982 3597 [carnis

391 3615 613 3690 motus]
645 3633 742 3687 per
770 3616 1137 3672 obedientiam
1171 3618 1476 3674 exstinctus
1504 3634 1790 3689 nunquam
1831 3619 1981 3674 revi-

388 3709 572 3772 viscit,
603 3709 696 3763 sed
730 3708 991 3763 immotus
1020 3708 1224 3778 ubique
1260 3719 1346 3766 est
1375 3719 1431 3766 et
1460 3711 1740 3781 probatus.
1776 3712 1981 3769 Obser-

392 3791 516 3858 vavi
545 3817 668 3856 cum
689 3817 720 3857 e
752 3802 1007 3872 superbia
1042 3802 1326 3866 humilitas
1359 3804 1588 3870 exstitit,
1624 3804 1791 3878 224
1816 3814 1871 3862 et
1889 3820 1981 3863 re-

392 3893 469 3948 dii
502 3894 556 3948 in
590 3892 913 3948 memoriam
946 3893 1067 3963 ejus
1091 3893 1187 3963 qui
1210 3893 1350 3948 dixit
1382 3910 1396 3947 :
1435 3893 1567 3960 Quis
1597 3896 1740 3949 novit
1768 3910 1981 3950 sensum

392 3983 671 4057 {mentem}
706 3984 919 4039 Domini
939 3984 1025 4037 ”?
1056 3982 1231 4039 Fovea
1260 3992 1313 4039 et
1350 3991 1548 4049 tumor,
1576 3983 1755 4040 fastus
1785 3999 1851 4039 ac
1885 4001 1982 4039 su-

387 4077 578 4149 perbia
608 4077 894 4147 impellunt
927 4076 996 4134 ad
1027 4078 1239 4147 lapsum
1275 4077 1482 4147 peccati
1521 4095 1533 4131 :
1567 4077 1754 4147 lapsus
1793 4090 1980 4133 autem

388 4170 444 4223 in
500 4171 830 4225 voluntariis
881 4169 981 4242 [iis
1020 4168 1111 4239 qui
1150 4178 1344 4240 sponte
1399 4167 1657 4239 peccant]
1716 4183 1860 4239 sape
1896 4177 1982 4224 est

388 4277 558 4317 causa
597 4263 944 4317 humilitatis.
991 4260 1097 4329 Qui
1134 4270 1288 4317 satur
1318 4269 1510 4317 ventre
1552 4260 1692 4316 bene
1733 4260 1980 4331 saginato

386 4353 505 4407 vult
540 4352 793 4422 spiritum
822 4352 1056 4408 luxuria:
1089 4352 1327 4416 vincere,
1370 4362 1599 4422 prorsus
1645 4351 1796 4421 facit,
1832 4353 1978 4422 quod

386 4445 436 4500 is
485 4444 581 4514 qui
629 4442 941 4499 incendium
997 4453 1231 4500 conatur
1281 4444 1404 4500 oleo
1456 4444 1828 4515 exstinguere.
1873 4442 1979 4509 Qui

389 4535 505 4591 sola
545 4533 875 4591 abstinentia
911 4535 1111 4590 bellum
1144 4536 1249 4591 hoc
1295 4551 1626 4606 componere
1665 4536 1769 4593 sibi
1814 4550 1978 4606 posse

2163 2978 2382 3047 Ἀγνεία
2412 2976 2548 3030 Θεοῦ
2585 2978 2859 3041 οἰκείωσις
2897 2978 2991 3032 καὶ
3022 2979 3284 3045 ὁμοίωσις
3313 2981 3459 3036 κατὰ
3482 2983 3545 3036 τὸ
3575 2983 3659 3036 δυο

2082 3069 2240 3125 νατὸν
2285 3067 2611 3138 ἀνθρώποις.
2678 3068 2880 3139 Μήτηρ
2931 3067 3028 3137 μὲν
3066 3067 3427 3138 γλυκύτητος,
3466 3072 3536 3141 γῆ
3573 3072 3661 3125 καὶ

2081 3159 2271 3230 δρόσος
2292 3176 2305 3188 ο
2339 3158 2523 3228 μήτηρ
2553 3156 2609 3209 δὲ
2640 3157 2864 3225 ἁγνείας
2900 3157 3103 3228 ἡσυχία
3146 3160 3243 3211 σὺν
3265 3160 3484 3232 ὑπακοῇ
3514 3163 3620 3234 (20)
3640 3179 3655 3196 ο

2082 3249 2117 3318 ή
2155 3248 2252 3318 μὲν
2284 3247 2343 3311 ἐξ
2371 3245 2601 3317 ἡσυχίας
2647 3245 3059 3317 κατορθουμένη
3107 3246 3201 3300 τοῦ
3236 3248 3492 3319 σώματος
3519 3252 3659 3306 ἁπτά-

2085 3340 2228 3404 θεια,
2270 3338 2460 3409 κόσμῳ
2496 3337 2757 3402 πολλάκις
2789 3337 3173 3408 πλησιάζουσα
3226 3340 3328 3394 οὑκ
3367 3342 3663 3409 ἀσάλευτος

2081 3433 2350 3503 διέμεινεν
2371 3446 2386 3462 ⁸
2421 3433 2455 3503 ή
2488 3431 2546 3484 δὲ
2578 3431 2637 3497 ἐξ
2688 3431 2936 3500 ὑπακοῆς
2983 3433 3412 3506 προσγινομένη,
3460 3452 3662 3491 παντα-

2083 3525 2179 3596 χοῦ
2209 3524 2431 3595 δόκιμος
2453 3524 2549 3578 καὶ
2571 3524 2907 3595 ἀκράδαντος
2934 3538 2949 3554 ⁸
2981 3519 3121 3578 εἶδον
3140 3525 3520 3598 ὑπερηφανίαν
3550 3529 3661 3598 (21)

2082 3616 2593 3688 ταπεινοφροσύνης
2622 3615 2904 3688 πρόξενον,
2951 3618 3049 3671 καὶ
3085 3617 3178 3672 τοῦ
3214 3618 3466 3690 λέγοντος
3496 3624 3663 3694 ἐμνη-

2085 3710 2356 3782 μόνευσα⁶
2399 3710 2494 3776 Τίς
2527 3708 2684 3779 ἔγνω
2721 3706 2875 3763 γοῦν
2901 3710 3160 3777 Κυρίους
3202 3710 3405 3776 λάκκος
3446 3714 3540 3768 καὶ
3568 3716 3664 3768 κύο

2083 3818 2202 3871 ημα
2231 3800 2424 3870 τύφου,
2449 3800 2651 3871 πτῶμα
2671 3814 2684 3829 ο
2717 3797 2918 3869 πτῶμα
2944 3797 3002 3851 δὲ
3029 3798 3289 3865 πολλάκις
3313 3801 3371 3854 ὲν
3403 3805 3519 3866 τοῖς
3540 3802 3663 3874 βου-

2083 3890 2334 3962 λομένοις
2400 3889 2907 3963 ταπεινοφροσύνης
2965 3888 3243 3955 ὑπόθεσις.
3293 3891 3353 3946 Ὁ
3394 3896 3537 3966 μετὰ
3565 3910 3663 3964 γα-

2084 3984 2456 4054 στριμαργίας
2496 3984 2592 4037 καὶ
2630 3983 2794 4055 κόρου
2848 3983 2940 4037 τὸν
3000 3986 3102 4055 τῆς
3134 3984 3397 4055 πορνείας
3440 3986 3659 4057 νικῆσαι

2084 4073 2405 4144 βουλόμενος
2451 4075 2702 4146 δαίμονα,
2752 4076 2938 4148 ὅμοιός
2993 4080 3110 4133 ἐστι
3153 4077 3233 4149 τῷ
3301 4078 3444 4150 μετὰ
3485 4078 3664 4133 ελαίου

2084 4167 2394 4221 σϐεννύοντι
2467 4170 2821 4242 ὲμπρησμόν.
2875 4172 2936 4225 '0
2988 4173 3127 4244 μετά
3192 4172 3522 4244 ἐγκρατείας
3574 4172 3666 4226 καὶ

2088 4261 2259 4332 μόνης
2294 4261 2535 4332 πόλεμον
2579 4263 2885 4335 δοκιμάσας
2923 4266 3037 4336 (22)
3079 4265 3454 4331 καταπαῦσαι,
3485 4266 3666 4337 ὅμοιός

2081 4348 2200 4402 ἐστι
2236 4347 2316 4418 τῷ
2350 4350 2449 4420 μιᾷ
2473 4349 2619 4420 χειρὶ
2663 4351 2969 4423 νηχομένῳ,
3003 4352 3096 4406 καὶ
3130 4352 3400 4421 πελάγους
3442 4352 3665 4426 λυτροῦ-

2084 4438 2211 4492 σθαι
2241 4438 2656 4507 φιλονεικοῦντι.
2694 4440 2963 4507 Σύζευξον
3020 4444 3320 4515 ἐγκρατείᾳ
3340 4445 3665 4498 ταπείνωσιν

2085 4528 2196 4598 (25)
2221 4547 2234 4560 °
2272 4529 2427 4593 ἐκτὸς
2455 4530 2565 4601 γὰρ
2589 4533 2688 4602 τῆς
2715 4532 2977 4604 δευτέρας
3014 4537 3046 4605 ἡ
3093 4535 3338 4607 προτέρα
3381 4535 3663 4607 ἀνωφελὴς

389 4628 632 4691 videtur,
668 4627 917 4682 imitatur
956 4627 1111 4683 illum
1145 4628 1238 4699 qui
1272 4643 1378 4683 una
1412 4644 1579 4683 manu
1605 4644 1636 4684 e
1664 4628 1839 4700 pelagi
1869 4626 1973 4683 ﬂu-

2081 4621 2416 4693 εὑρίσκεται.
2441 4624 2632 4686 Ὅστις
2678 4625 2868 4678 ἑαυτὸν
2915 4626 3020 4679 ὑπό
3062 4644 3206 4691 τινος
3237 4628 3443 4691 πάθους
3484 4630 3667 4682 πλεον-

388 4719 571 4775 ctibus
626 4719 866 4774 natando
922 4728 1155 4775 conatur
1210 4717 1461 4774 eluctari.
1516 4717 1799 4789 Conjunge
1850 4734 1975 4773 cum

304 4796 311 4799 ﬂ
388 4811 721 4867 abstinentia
775 4812 1178 4878 humilitatem;
1229 4811 1349 4887 sine
1381 4811 1553 4867 altera
1602 4810 1748 4866 enim
1798 4811 1978 4881 prima

389 4906 529 4962 nihil
578 4905 795 4978 proﬁcit
847 4915 944 4962 aut
989 4915 1189 4978 potest.
1248 4905 1353 4972 Qui
1408 4920 1469 4960 se
1502 4904 1638 4959 vitio
1680 4904 1843 4959 alicui
1877 4904 1976 4960 ob-

388 4999 618 5054 noxium
676 4998 1095 5062 animadvertit,
1141 5005 1266 5052 ante
1313 4996 1495 5050 onmia
1547 4996 1810 5052 adversus
1847 4995 1977 5052 illud

388 5107 562 5147 unum
599 5107 658 5147 se
686 5091 958 5155 obarmet,
994 5088 1300 5159 praesertim
1352 5088 1399 5142 si
1430 5086 1608 5143 hostis
1639 5086 1979 5144 domesticus

389 5187 444 5234 et
477 5179 731 5234 internus
761 5178 852 5245 sit,
888 5194 1050 5249 quem
1083 5177 1189 5232 nisi
1222 5172 1747 5247 prostraverimusf
1773 5176 1980 5233 frustra

390 5273 446 5327 iu
475 5272 601 5329 aliis
624 5272 961 5329 debellandis
992 5270 1385 5327 laborabimus.
1411 5269 1564 5326 Caeso
1592 5279 1774 5326 autem
1811 5270 1980 5343 {Egy-

391 5365 511 5434 ptio
536 5364 765 5419 omnino
799 5362 969 5419 Deum
1006 5364 1058 5417 in
1088 5361 1230 5435 rubo
1261 5362 1587 5419 humilitatis
1621 5362 1975 5419 intuebimur.

394 5456 553 5514 Sensi
597 5473 699 5529 ego
758 5458 888 5512 olim
945 5465 1186 5513 tentatus
1232 5457 1420 5526 lupum
1476 5457 1660 5522 hunc,
1718 5456 1976 5528 gaudium

395 5561 592 5621 praeter
646 5555 954 5620 rationem,
1005 5563 1059 5609 et
1095 5552 1399 5624 lacrymas,
1445 5562 1500 5607 et
1544 5551 1976 5607 consolationem

398 5656 496 5713 per
533 5645 760 5703 insidias
793 5648 925 5702 mihi
967 5648 1324 5718 ingerentem,
1362 5654 1416 5701 et
1451 5644 1680 5715 simplex
1726 5658 1824 5717 ego
1865 5642 1979 5699 fru-

478 5813 521 5843 ³⁶⁵
554 5816 717 5877 (Cor.
759 5839 816 5889 ιι,
850 5823 919 5876 ‘26

2084 4710 2412 4782 εκτούμενον
2471 4711 2745 4778 θεάσεται,
2811 4715 2934 4769 κατ’
3001 4716 3169 4771 αὐτοῦ
3210 4718 3306 4772 καὶ
3350 4718 3516 4789 μόνου
3562 4718 3665 4788 πρὸ

2087 4803 2307 4857 πάντων
2335 4802 2635 4859 ὁπλισάτω.
2667 4804 2881 4873 ἑαυτὸν,
2919 4808 3010 4861 καὶ
3036 4808 3270 4879 μάλιστα
3295 4809 3387 4864 τοῦ
3404 4811 3665 4880 ἐμφυλίου

2088 4893 2306 4967 ἐχθροῦ.
2332 4894 2538 4949 Τούτου
2572 4895 2685 4968 γὰρ
2705 4897 2781 4968 μὴ
2819 4899 3261 4970 καθαιρεθέντος,
3292 4902 3448 4955 οὐδὲν
3481 4904 3548 4956 ὲκ
3569 4902 3664 4971 τῆς

2088 4988 2199 5042 τῶν
2235 4989 2437 5043 λοιπῶν
2495 4989 2652 5061 νίκης
2701 4990 3080 5062 ὠφελούμεθα.
3131 4994 3237 5048 Τὸν
3279 4993 3336 5047 δὲ
3372 4994 3666 5063 Αἰγύπτιον

2087 5082 2300 5148 τοῦτον,
2342 5083 2438 5136 καὶ
2473 5084 2634 5153 ἡμεῖς
2681 5083 3022 5149 πατάξαντες
3057 5085 3275 5149 πάντως
3311 5088 3369 5139 ὲν
3419 5089 3487 5158 τῇ
3522 5086 3664 5157 βάτῳ

2086 5175 2184 5245 τῆς
2208 5173 2591 5237 ταπεινώσεως
2628 5174 2720 5227 τὸν
2763 5174 2896 5230 Θεδν
2939 5176 3206 5248 ὀψόμεθα.
3247 5176 3528 5249 ᾘσθόμην
3557 5174 3665 5246 ὲγὼ

2088 5264 2483 5337 πειραζόμενος
2525 5267 2616 5320 τὸν
2651 5267 2813 5321 λύκον
2861 5269 3073 5336 τοῦτον,
3109 5270 3285 5341 χαρὰν
3324 5271 3543 5341 ἄλογον,
3576 5273 3665 5324 καὶ

2084 5358 2319 5431 δάκρυα,
2366 5360 2460 5414 καὶ
2513 5359 2857 5430 παράκλησιν
2909 5363 2975 5433 τῇ
3023 5360 3170 5433 ψυχῇ
3214 5362 3515 5433 ἀπατηλῶς
3551 5380 3666 5416 ποι-

2084 5452 2267 5515 οὖντα,
2301 5451 2395 5504 καὶ
2435 5450 2652 5505 ἐδόκουν
2697 5450 2975 5524 νηπιώδης
3016 5453 3231 5522 καρπὸν
3256 5453 3351 5507 καὶ
3376 5454 3438 5506 ού
3463 5452 3665 5524 φθορὰν

2086 5544 2355 5615 κατέχειν.
2396 5543 2460 5597 Εἰ
2484 5546 2634 5598 πᾶσα
2667 5544 2915 5616 ἁμαρτία
2948 5546 3014 5617 ἢν
3046 5546 3113 5600 ἂν
3140 5548 3343 5618 ποιήσῃ
3383 5545 3665 5617 ἄνθρωπος

2085 5637 2242 5702 ἐκτὸς
2277 5636 2369 5691 τοῦ
2401 5637 2648 5709 σώματός
2677 5639 2848 5705 ἐστιν,
2885 5640 2912 5692 ὁ
2942 5638 2996 5693 δὲ
3030 5639 3310 5711 πορνεύων
3348 5641 3430 5706 είς
3450 5639 3513 5695 τὸ
3539 5637 3663 5694 ἴδιον
