4042 6426
292 359 417 427 889

1333 357 1566 421 SCALA
1596 359 1982 423 PARADISI.
2014 348 2427 427 :GRADUS
2459 366 2577 430 xv.

3482 374 3589 435 890

299 471 471 544 σῶμα
511 469 837 543 ἁμαρτάνει,
894 469 1112 533 πάντως
1147 469 1234 524 διὰ
1274 470 1452 539 τοῦτο,
1505 474 1693 546 ἐπειδὴ
1725 474 1896 546 αὐτὴν

2012 485 2148 532 etum
2193 493 2282 533 me
2320 494 2429 535 non
2483 479 2850 550 corruptelam
2899 478 3210 550 percepisse
3259 480 3583 545 arbitrabar.

295 566 410 638 τὴν
438 565 542 635 τῆς
577 562 778 636 σαρκὸς
808 561 996 615 ούσίαν
1028 561 1279 632 μολύνειν
1307 567 1375 637 τῇ
1406 568 1503 635 ῥοῇ
1529 566 1858 640 πεφύκαμεν
1880 587 1892 599 ·

296 659 450 725 ὅπερ
499 657 588 709 ἐπ’
642 654 814 725 ἄλλης
855 654 1136 725 ἁμαρτίας
1179 654 1428 725 γίνεσθαι
1465 659 1757 715 ἀδύνατον·
1797 661 1897 734 ζη-

296 751 384 805 τῶ
418 749 478 803 δὲ
506 746 773 818 ἐγὼοπῶς
817 748 910 800 ἐπὶ
957 746 1140 819 πάσης
1191 750 1466 822 ἁμαρτίας
1491 753 1900 825 σφαλλομένους

294 842 435 905 τοὺς
467 838 794 911 ἀνθρώπους
828 838 967 911 (24),
1002 839 1097 893 καὶ
1128 841 1308 911 μόνον,
1347 845 1786 918 σεσυνηϐίκαμεν
1808 847 1898 901 λέ-

293 953 428 1007 γειν
452 951 468 965 ⁸
504 935 641 987 ἐπὰν
669 932 725 986 δέ
772 949 895 985 τινα
943 934 1353 1001 πεπορνευκὸτα
1397 936 1740 1008 ἀκούσωμεν,
1775 939 1900 993 ὀδυ-

295 1030 496 1102 νηρῶς
520 1028 752 1098 λέγομεν
779 1025 802 1102 [
823 1026 1076 1100 βοῶμεν]
1104 1044 1120 1058 ⁶
1162 1028 1222 1082 Ὀ
1252 1029 1402 1083 δεῖνα
1430 1031 1742 1090 πέπτωκεν.
1765 1035 1901 1089 Φεύ-

298 1140 401 1193 γει
434 1124 729 1193 ἄγκιστρον
760 1120 916 1192 ίχθὺς
937 1120 1127 1187 ὀξέως,
1165 1121 1260 1174 καὶ
1296 1122 1584 1195 φιλήδονος
1616 1126 1763 1199 ψυχὴ
1785 1127 1898 1199 (25)

297 1212 719 1285 ἀποστρέφεται
769 1212 1023 1284 ἡσυχίαν.
1062 1212 1233 1267 Ὅταν
1265 1214 1404 1286 πρὸς
1441 1215 1708 1288 ἀλλήλους
1746 1218 1900 1283 τινὰς

293 1310 329 1362 ὁ
353 1306 608 1370 διάϐολος
633 1305 836 1377 δεσμὸν
878 1304 1103 1377 αἰσχρὸν
1150 1304 1311 1378 δῆσαι
1363 1307 1633 1378 βούλεται,
1674 1310 1744 1365 τά
1771 1310 1900 1366 ἐκά-

293 1418 448 1470 τερα
485 1398 627 1471 μέρη
676 1398 1006 1473 δοκιμάσας,
1048 1398 1259 1455 ἐκεῖθεν
1299 1399 1394 1454 τοῦ
1436 1402 1608 1475 πυρὸς
1649 1402 1897 1476 ἄρχεται.

297 1490 583 1551 Πολλάκις
619 1488 669 1542 οί
696 1488 827 1559 περὶ
855 1486 916 1540 τὸ
946 1485 1230 1558 φιλήδονον
1264 1487 1546 1558 ῥέποντες,
1593 1489 1903 1561 συμπαθεῖς

301 1582 413 1638 καλ.
472 1581 790 1653 ἐλεήμονες,
845 1579 940 1633 καὶ
979 1580 1339 1651 συνδάκρυες,
1384 1582 1478 1635 καὶ
1498 1581 1730 1647 κόλακες
1750 1578 1900 1637 ,εἶναι

301 1672 627 1743 πεφύκασιν
650 1689 666 1705 ·
693 1673 743 1727 οἱ
780 1671 839 1725 δὲ
878 1670 1103 1741 ἁγνείας
1139 1670 1562 1744 ἐπιμελούμενοι
1606 1673 1704 1743 οὐχ
1726 1672 1901 1737 οὕτως

299 1765 383 1827 τὰ
445 1765 625 1820 τοιάδε
678 1763 943 1835 κέκτηται
1002 1762 1398 1838 [κέκτηνται].
1455 1765 1764 1830 Γνωστικός
1831 1783 1899 1839 με

2000 569 2138 624 Cum
2192 586 2355 627 omne
2399 581 2684 641 peccatum
2737 573 2887 643 quod
2931 586 3160 642 peccare
3206 571 3345 627 solet
3386 575 3585 645 homo,

1999 671 2152 718 extra
2193 678 2394 734 corpus
2420 664 2512 728 sit,
2557 665 2709 721 solus
2745 676 2928 721 autem
2976 666 3295 721 luxuriosus
3335 668 3389 721 in
3425 683 3583 722 suum

2000 769 2201 823 corpus
2236 765 2425 824 peccet
2452 757 2522 820 ⁸⁷,
2563 756 2728 826 idque
2758 757 2886 812 inde
2916 758 3141 813 omnino
3175 758 3407 825 accidat,
3440 759 3585 828 quod

2000 860 2099 916 per
2122 846 2345 901 obsceni
2365 846 2615 902 humoris
2639 848 2935 904 ﬂuxionem
2958 850 3217 920 carojpsa
3241 851 3584 920 inquinetur,

2002 938 2147 1007 quod
2193 938 2317 994 aliis
2351 938 2405 993 in
2438 940 2682 1009 peccatis
2712 941 2830 996 tieri
2864 957 2971 997 non
3002 951 3217 1011 petest;
3271 958 3460 1013 quaaro
3487 957 3589 1013 ego

2003 1029 2135 1098 quid
2181 1030 2253 1085 sit
2300 1030 2661 1101 quamobrem
2695 1032 2747 1085 in
2789 1033 3046 1090 omnibus
3081 1035 3203 1089 aliis
3238 1036 3473 1105 peccatis
3504 1035 3589 1089 di-

2003 1136 2129 1177 cere
2170 1122 2451 1178 soleamus
2498 1124 2753 1180 homines
2800 1126 3056 1195 deceptos
3105 1143 3250 1191 esse,
3286 1143 3410 1183 cum
3462 1143 3590 1182 vero

2004 1213 2242 1283 aliquem
2274 1222 2466 1270 contra
2494 1216 2801 1271 castitatem
2832 1232 3090 1285 peccasse
3114 1219 3446 1283 audivimus,
3473 1229 3586 1272 tum

2002 1319 2135 1360 vero
2166 1321 2273 1361 non
2309 1306 2429 1362 sine
2455 1308 2661 1377 gemitu
2690 1317 2745 1364 et
2770 1308 2959 1365 dolore
2984 1310 3355 1365 exclamamus
3383 1328 3397 1365 :
3428 1310 3590 1381 225

1962 1394 2100 1471 .llle
2151 1398 2369 1455 cecidit.
2424 1398 2602 1456 Piscis
2649 1401 2883 1457 solerter
2939 1403 3177 1458 declinat
3227 1404 3482 1468 hamum,
3538 1412 3593 1481 et

2005 1487 2189 1544 anima
2253 1490 2629 1561 voluptatibus
2692 1492 2874 1548 dedita
2941 1492 3257 1563 religiosam
3327 1493 3586 1562 quietem.

2003 1578 2234 1646 Quando
2261 1581 2513 1639 diabolus
2544 1584 2685 1640 duos
2719 1584 2936 1655 aliquos
2973 1585 3114 1639 inter
3147 1598 3208 1640 se
3254 1584 3396 1651 turpi
3440 1598 3593 1638 amo-

2003 1671 2083 1728 ris
2114 1672 2334 1729 vinculo
2379 1675 2497 1731 vult
2533 1675 2817 1746 colligare,
2863 1676 3143 1745 explorata
3178 1674 3465 1744 utriusque
3498 1690 3593 1728 na-

2005 1766 2151 1823 tura,
2185 1760 2310 1816 inde
2341 1762 2615 1832 subjicere
2650 1762 2801 1819 faces
2831 1763 3045 1835 incipit.
3079 1763 3271 1819 Solent
3296 1764 3336 1818 ii
3366 1763 3460 1833 qui
3497 1778 3593 1818 vo.

303 1858 454 1931 ἀνὴρ
510 1855 741 1928 φοϐερὸν
813 1828 943 1928 (ξϐ)
990 1828 1318 1929 ἐπηρώτησε
1354 1828 1699 1931 τπρόϐλημα,
1740 1828 1897 1925 Ποία,

2012 1850 2312 1922 luptatibus
2328 1828 2647 1923 capiuntur,
2665 1869 2794 1925 erga
2816 1828 3167 1912 alios—aﬂectu
3189 1856 3337 1918 du'ei,
3360 1828 3591 1912 aliorum

310 1952 525 2023 φήσας,
553 1948 815 2021 ἁμαρτία,
853 1949 1018 2019 φόνου
1056 1949 1151 2003 καὶ
1173 1951 1457 2021 ἀρνήσεως
1508 1951 1697 2023 χωρὶς,
1732 1951 1903 2024 βαρυ-

314 2041 461 2110 τέρα
488 2038 702 2093 πάντων
728 2035 1033 2107 καθέστηκε
1059 2055 1074 2104 ;
1118 2035 1337 2107 Κάμοῢ,
1366 2036 1430 2090 τὸ
1468 2040 1547 2101 εἰς
1570 2038 1782 2108 αἵρεσιν
1803 2054 1902 2090 πε-

324 2134 445 2185 σεῖν
479 2129 915 2202 είρηκότοτΚαὶ
973 2128 1117 2193 πῶς,
1171 2129 1353 2199 φησὶν,
1402 2131 1715 2201 αἱρετικοὺς
1777 2130 1902 2185 Ἐκ-

321 2223 530 2292 κλησία
555 2223 653 2293 μὲν
677 2220 930 2293 καθολικὴ
968 2220 1234 2293 δεχομένη
1285 2220 1382 2275 σὺν
1435 2221 1513 2293 τῷ
1554 2223 1763 2294 γνησίῳ
1800 2223 1901 2293 τῆς

312 2315 529 2378 οἰκείας
548 2312 807 2384 αίρέσεως
832 2310 1280 2384 άναθεματισμῷ
1305 2312 1405 2383 τῆς
1441 2313 1552 2366 τῶν
1584 2314 1901 2387 μυστηρίων

305 2409 517 2473 αὐτοὺς
544 2408 690 2475 ἀξιοῖ
717 2407 1079 2478 μεταλήψεως
1103 2422 1117 2438 ·
1149 2404 1242 2460 τὸν
1260 2406 1317 2459 δὲ
1342 2406 1752 2477 πεπορνευκὸτα
1778 2408 1899 2474 ἑξο-

306 2501 739 2576 μολογούμενον,
788 2500 883 2554 καὶ
920 2499 1018 2570 τῆς
1049 2498 1324 2569 ἁμαρτίας
1370 2498 1679 2568 παυόμενον
1726 2500 1901 2552 εἰσδε-

303 2595 522 2668 χομένη
554 2593 649 2648 ἐπὶ
673 2592 903 2663 χρόνους
927 2590 1092 2644 αὐτὸν
1118 2590 1228 2643 τῶν
1266 2590 1554 2661 άχράντων
1584 2591 1902 2661 μυστηρίων

307 2686 597 2758 ἀφορίζειν
621 2684 778 2756 παρὰ
816 2683 930 2737 τῶν
972 2681 1344 2735 ἀποστολικῶν
1394 2682 1763 2753 ὑποτρέπεται
1803 2701 1903 2736 και·

310 2779 519 2845 νόνων;
554 2777 751 2849 Κάμοῦ
796 2779 866 2849 τῇ
916 2775 1124 2847 ἀπορίᾳ
1166 2774 1634 2843 καταπλαγέντος,
1667 2775 1729 2828 τὸ
1767 2774 1901 2829 ἄπο-

305 2887 417 2942 ρον
452 2869 763 2940 μεμένηκεν
814 2867 1022 2940 ἄπορον
1069 2866 1164 2921 καὶ
1218 2865 1520 2921 ἀδιάλυτον.
1562 2867 1902 2938 Ἐρευνήσω-

303 2977 420 3031 μεν
460 2960 556 3013 καὶ
594 2959 986 3031 μετρήσωμεν,
1029 2959 1122 3013 καὶ
1158 2958 1495 3029 τηρήσωμεν
1538 2958 1668 3013 ποία
1713 2960 1812 3029 μὲν
1842 2960 1901 3013 ἐν

302 3056 383 3127 τῇ
410 3053 701 3126 ψαλμῳδία
727 3054 794 3108 ἐκ
828 3051 926 3107 τοῦ
956 3052 1059 3124 τῆς
1101 3053 1360 3123 πορνείας
1394 3054 1652 3123 δαίμονος
1698 3055 1902 3125 ήδύτης

2010 1945 2154 2000 mala
2191 1946 2475 2014 miserari,
2524 1947 2908 2003 misericordia
2968 1949 3138 2018 tangi,
3179 1949 3590 2020 eollacrymari,

2010 2039 2134 2095 aliis
2165 2039 2437 2108 blandiri;
2495 2041 2697 2111 quibus
2736 2055 2867 2096 vero
2914 2042 3242 2097 castimonia
3288 2044 3440 2098 cordi
3487 2051 3591 2106 est,

2010 2132 2176 2187 nullis
2212 2131 2528 2202 hujusmodi
2575 2132 2830 2210 sensibus
2864 2132 3195 2188 aﬂiciuntur.
3251 2133 3377 2189 Fuit
3428 2150 3459 2189 e
3506 2151 3593 2190 sa-

2010 2224 2283 2295 pientibus
2311 2234 2364 2279 et
2406 2224 2667 2292 eruditis,
2720 2224 2817 2296 qui
2862 2226 2996 2280 mihi
3042 2226 3184 2281 hanc
3221 2227 3513 2297 ancipitem
3541 2235 3597 2283 et

2010 2333 2144 2373 sane
2166 2331 2385 2386 gravem
2411 2332 2473 2373 ac
2494 2316 2767 2373 diﬂicilem
2798 2319 3155 2388 quaestionem
3180 2320 3382 2389 posuit.
3413 2317 3591 2385 Quod,

2010 2409 2208 2480 inquit,
2241 2426 2415 2480 genus
2463 2409 2697 2479 peccati,
2746 2419 2974 2481 excepta
3008 2412 3154 2466 caede
3207 2420 3261 2467 et
3307 2412 3595 2482 negatione

2010 2501 2128 2565 Dei,
2159 2508 2245 2557 est
2275 2500 2505 2571 reliquis
2533 2501 2794 2556 omnibus
2823 2502 3081 2571 gravius?
3106 2501 3315 2572 Meque,
3345 2516 3470 2555 eum
3500 2502 3594 2569 qui

2010 2593 2065 2648 in
2090 2591 2322 2647 lueresin
2352 2594 2642 2663 prolapsus
2683 2601 2850 2658 esset,
2882 2594 3270 2663 respondente,
3305 2592 3595 2659 Quomodo

2008 2699 2161 2755 ergo,
2203 2684 2418 2754 inquit,
2460 2683 2706 2741 Ecclesia
2753 2685 3027 2740 catholica
3058 2685 3347 2740 luereticos
3377 2694 3596 2754 postea-

2007 2794 2177 2851 quam
2229 2779 2462 2837 hmresin
2521 2796 2623 2837 sua
2690 2781 2934 2851 ipsorum
2993 2783 3208 2838 sincera
3258 2782 3600 2837 confessione

2008 2873 2358 2939 damnarunt,
2390 2873 2575 2928 statim
2610 2873 2679 2928 ad
2712 2873 3101 2945 mysteriorum
3131 2874 3443 2929 divinorum
3476 2868 3602 2943 par-

2008 2964 2385 3035 ticipationem
2438 2965 2723 3021 admittit:
2758 2967 2911 3021 illum
2964 2979 3145 3021 autem
3199 2968 3291 3037 qui
3340 2983 3398 3023 se
3430 2966 3602 3021 fornio

2010 3059 2198 3112 catum
2231 3056 2546 3122 conﬁtetur,
2592 3065 2649 3112 et
2680 3072 2710 3111 a
2740 3066 2965 3128 peccato
3004 3058 3257 3123 desistit,
3311 3068 3598 3128 postquam

304 3148 454 3219 ἡμῖν
489 3146 882 3216 προσγίνεται*
925 3144 1055 3199 ποία
1081 3145 1136 3198 δὲ
1169 3146 1234 3198 ἐκ
1269 3144 1379 3199 τῶν
1417 3145 1591 3215 λόγων
1612 3147 1706 3201 τοῦ
1730 3149 1899 3201 Πνεύ-

2012 3151 2222 3206 veniam
2273 3150 2589 3220 impertivit,
2635 3149 2703 3205 ad
2768 3158 2984 3219 tempus
3046 3160 3102 3205 et
3165 3167 3341 3206 annos
3394 3152 3462 3205 ab
3502 3167 3595 3205 sa-

306 3255 491 3311 ματος
519 3238 612 3293 καὶ
637 3238 738 3310 τῆς
778 3239 838 3292 ὲν
867 3238 1053 3302 αὐτοῖς
1080 3237 1437 3310 ὑπαρχούσης
1458 3238 1682 3310 χάριτος
1703 3240 1798 3294 καὶ
1814 3241 1906 3295 δυ-

300 3332 558 3402 νάμεως.

2014 3241 2323 3299 crosanctis
2381 3249 2437 3296 et
2501 3241 2873 3297 immaculatis
2914 3241 3278 3299 Eucharistim
3309 3244 3600 3315 mysteriis,

2014 3334 2096 3391 uti
2131 3333 2505 3404 apostolorum
2557 3335 2772 3389 decreta
2832 3335 3226 3404 praescribunt,
3280 3336 3464 3390 arcet?
3505 3334 3603 3390 llic

305 3438 411 3480 me
435 3424 506 3479 ad
532 3424 933 3481 dubitationem
955 3425 1098 3480 hanc
1150 3425 1392 3482 haerente
1448 3435 1503 3482 et
1559 3428 1818 3499 attonito,
1867 3431 2102 3502 quaestio
2169 3445 2393 3502 quoque
2429 3430 2484 3484 in
2533 3430 2714 3486 medio
2757 3430 2942 3498 haesit,
2979 3447 3080 3485 nec
3115 3432 3294 3487 soluta
3322 3440 3424 3486 est.
3474 3431 3605 3486 Per-

309 3526 635 3574 scrutemur
660 3526 715 3573 et
739 3518 1114 3582 dimetiantur,
1136 3529 1192 3572 et
1219 3518 1582 3577 observemus
1646 3536 1772 3591 quae
1819 3522 1981 3580 nobis
2019 3523 2164 3580 inter
2195 3523 2559 3594 psalmodiam
2593 3522 2662 3578 ab
2704 3523 2937 3577 luxurim
2968 3523 3161 3593 spiritu
3196 3524 3482 3578 delectatio
3523 3524 3606 3578 in-

312 3619 571 3683 geratur;
607 3625 730 3681 quae
776 3611 907 3665 item
960 3626 1025 3665 ex
1074 3608 1313 3681 Spiritus
1355 3612 1533 3669 sancti
1585 3615 1826 3671 oraculis
1851 3657 1867 3682 ,
1923 3632 2155 3689 quaeque
2191 3617 2245 3671 in
2278 3616 2391 3673 illis
2419 3624 2505 3672 est
2533 3617 2617 3672 vis
2651 3616 2840 3686 gratiae
2868 3627 2922 3671 et
2957 3617 3195 3671 virtutis.

390 3705 485 3777 Μὴ
505 3704 676 3777 λάθῃς
703 3704 955 3769 σεαυτὸν,
981 3697 1026 3757 ὦ
1055 3704 1164 3759 νέε.
1205 3700 1363 3759 Εἶδον
1383 3706 1491 3778 γὰρ
1528 3709 1592 3762 ἐκ
1620 3708 1801 3780 ψυχῆς
1830 3727 1912 3762 τι-

314 3815 421 3861 νας
469 3798 587 3861 τοῖς
629 3795 844 3849 ἑαυτῶν
898 3795 1223 3867 προσφιλέσι
1268 3798 1770 3869 προσευχομένους,
1818 3800 1911 3854 καί

324 3891 399 3942 ὲκ
434 3887 689 3960 πορνείας
729 3885 1065 3957 κινούμενοι,
1118 3887 1338 3940 ἐδόκουν
1381 3888 1604 3959 μνήμην
1646 3889 1740 3943 καὶ
1787 3888 1911 3942 θεσ-

329 3982 440 4054 μὸν
465 3981 680 4052 ἀγάπης
705 3978 963 4035 ἐκτελεῖν.
1007 3980 1164 4033 Ἔστι
1186 3978 1254 4033 δι’
1277 3980 1424 4050 ἁφῆς
1447 3980 1777 4051 σωματικῶς
1795 3981 1911 4054 (27)

327 4070 698 4145 μολύνεσθαιο
745 4071 896 4125 οὐδὲν
940 4070 1052 4142 γὰρ
1101 4069 1403 4142 βαρύτερον
1446 4071 1653 4142 ταύτης
1697 4072 1799 4142 τῆς
1834 4074 1913 4125 αί⁸

329 4164 591 4235 σθήσεως
618 4178 633 4194 ⁸
668 4162 914 4235 μέμνησο
939 4162 1033 4216 τοῦ
1068 4162 1481 4232 συμπλέξαντος
1514 4163 1632 4235 (‘28)
1669 4167 1736 4236 τῇ
1767 4164 1913 4235 χειρὶ

320 4257 391 4311 τὸ
430 4256 736 4328 θέριστρον,
768 4255 864 4311 καὶ
887 4255 1069 4327 νάρκα
1107 4257 1271 4327 χεῖρα
1304 4255 1398 4309 ἐπὶ
1428 4256 1693 4325 φυσικῶν,
1731 4256 1825 4308 καὶ
1849 4255 1910 4308 ού

315 4347 612 4417 φυσικῶν,
650 4348 853 4403 οἰκείου
883 4364 945 4400 τε
979 4347 1075 4400 καὶ
1114 4347 1398 4418 ἀλλοτρίου
1438 4346 1711 4416 σώματος.
1742 4344 1910 4419 Οἶμαι

320 4440 404 4511 μὴ
438 4439 695 4509 λέγεσθαί
734 4457 860 4495 τινα
914 4440 979 4492 τὸ
1028 4440 1293 4511 παράπαν
1351 4441 1505 4509 ἆγιον
1548 4440 1910 4512 φερωνύμως,

315 4535 371 4585 εί
411 4532 487 4604 μὴ
528 4532 794 4605 πρότερον
817 4531 917 4603 τὴν
949 4530 1052 4600 γῆν
1083 4532 1288 4601 ταύτην
1326 4533 1408 4596 εἰς
1442 4531 1715 4601 ἁγιασμὸν
1744 4548 1913 4601 μετα-

320 4628 556 4699 ποιήσῃ,
608 4627 768 4697 εἴπερ
825 4628 923 4681 καὶ
966 4626 1146 4680 ἔνεστι
1199 4625 1657 4699 μεταμορφῶσαι.
1717 4627 1805 4681 Ἐν
1846 4628 1912 4698 τῇ

321 4721 589 4791 στρωμνῇ
628 4720 1017 4785 ἁναπεσόντες,
1058 4719 1180 4773 τότε
1231 4720 1493 4791 νήφωμεν
1522 4737 1535 4750 ·
1574 4719 1712 4773 διότι
1742 4717 1915 4782 ὀνοῦς

313 4813 451 4865 τότε
491 4813 661 4882 χωρὶς
686 4811 784 4864 τοῦ
830 4810 1086 4882 σώματος
1122 4811 1456 4881 συμπαλαίει
1499 4814 1614 4874 τοῖς
1655 4810 1909 4880 δαίμων

316 4903 431 4957 κᾶν
447 4904 647 4975 εὑρεθῇ
662 4902 969 4975 φιλήδονος,
991 4903 1256 4975 προδότης
1278 4903 1447 4974 ἡδέως
1463 4903 1692 4970 γίνεται.
1707 4901 1829 4974 Μνή
1840 4920 1914 4973 μη

319 4994 566 5049 θανάτου
589 4996 810 5057 πάντως
833 4994 1260 5068 αυγκοιμηθήτω
1282 5012 1387 5059 σοι,
1412 4995 1515 5048 καὶ
1530 4999 1919 5068 συναναστήτω
1949 4976 1991 5032 D

321 5106 415 5143 cor.
441 5128 457 5153 ,
499 5088 595 5141 καὶ
647 5088 1042 5158 μονολόγιστος-
1077 5088 1251 5160 Ἰησοῦ
1292 5088 1462 5160 εὐχήο
1507 5090 1660 5144 οὐδὲν
1701 5091 1809 5161 γὰρ
1842 5090 1918 5154 ὡς

318 5180 507 5234 ταῦτα
540 5180 599 5234 ἐν
626 5179 705 5251 τῷ
750 5179 905 5251 ὕπνῳ
948 5179 1207 5251 εὑρήσεις
1254 5180 1602 5252 βοηθήματα.
1655 5182 1812 5245 Τινὲς
1855 5184 1920 5235 ὲκ

326 5272 643 5346 βρωμάτων
672 5272 851 5342 μόνων
875 5272 1001 5335 τοὺς
1042 5272 1314 5342 πολέμους
1350 5274 1449 5326 καὶ
1487 5273 1587 5336 τὰς
1643 5274 1921 5344 ἐκκρίσεις

324 5360 477 5419 εἶναι
502 5364 891 5435 δοκιμάζουσιν
917 5379 930 5392 ο
959 5361 1072 5431 ἐγὼ
1106 5363 1161 5417 δὲ
1197 5364 1443 5435 ἐσχάτως
1487 5363 1797 5429 νοσοῦντας,
1828 5365 1920 5419 καὶ

322 5459 412 5520 είς
436 5456 610 5527 ἄκρον
626 5455 1012 5523 νηστεύοντας,
1024 5455 1250 5519 ταύταις
1272 5457 1507 5527 ἰσχυρῶς
1522 5456 1917 5528 μολυνομένους

323 5548 624 5618 τεθέαμαι.
654 5546 950 5620 Ἦρὼτησὰ
977 5547 1109 5602 ποτέ
1140 5564 1263 5601 τινα
1289 5548 1420 5619 περὶ
1451 5548 1657 5602 τούτων
1690 5550 1798 5603 τῶν
1835 5550 1921 5603 δο-

330 5640 667 5712 κιμωτάτων
688 5622 1043 5711 διακριτικῶν
1065 5640 1318 5712 μοναχῶν
1342 5659 1352 5672 ο
1380 5642 1473 5695 καὶ
1494 5641 1730 5709 ἐδίδαξεν
1753 5644 1778 5697 ὁ
1811 5658 1917 5712 μα-

409 5814 455 5846 ⁵⁷
488 5819 662 5878 lCor.
699 5833 774 5892 Vl,
806 5824 891 5880 18.

2087 3710 2132 3765 Ο
2180 3709 2426 3780 juvenis,
2479 3711 2713 3779 teipsum
2751 3710 3043 3780 diligenter
3069 3709 3310 3778 explora.
3342 3709 3604 3763 Animad-
3637 3719 3646 3737 ε

2015 3804 2153 3859 verti
2202 3820 2305 3875 ego
2339 3805 2636 3860 nonnullos
2679 3803 2811 3859 dum
2856 3819 2923 3858 ex
2959 3803 3145 3857 animo
3192 3818 3290 3871 pro
3328 3802 3511 3856 charis
3550 3810 3605 3856 ct

2013 3896 2211 3952 amicis
2245 3895 2415 3952 Deum
2454 3896 2619 3966 226
2663 3896 3111 3965 deprecarentur,
3157 3893 3373 3962 impuro
3406 3892 3601 3961 spiritu

2015 3987 2228 4044 aﬂlatos
2283 3996 2339 4044 et
2386 3994 2696 4044 commotos
2757 3987 3104 4043 existimasse
3160 4002 3220 4040 se
3278 3985 3599 4040 memoriam

2012 4081 2155 4153 grati
2187 4080 2354 4135 animi
2402 4095 2532 4149 erga
2583 4095 2715 4135 suos
2758 4077 3075 4134 exercuisse
3107 4084 3162 4131 et
3200 4074 3437 4130 oﬂicium
3474 4075 3604 4129 cha-

2014 4172 2195 4228 ritatis
2223 4170 2572 4241 praestitisse.
2620 4170 2716 4225 Est
2763 4183 2891 4225 cum
2932 4183 2997 4223 ex
3044 4166 3163 4222 solo
3211 4180 3410 4220 manus
3458 4174 3603 4220 tactu

2019 4280 2223 4335 corpus
2279 4263 2633 4333 inquinatur;
2683 4262 2826 4335 nihil
2874 4261 3018 4317 enim
3067 4260 3175 4315 isto
3216 4272 3377 4315 sensu
3428 4266 3605 4314 tactus

2015 4326 2404 4425 periculosius.
2442 4350 2561 4408 Non
2599 4326 2816 4407 excidat
2857 4350 2953 4407 tibi
3001 4350 3092 4404 ille
3119 4350 3211 4420 qui
3255 4347 3607 4420 (gestaturus

2015 4463 2218 4516 aegram
2253 4445 2522 4515 matrem)
2556 4460 2777 4501 manum
2813 4460 2969 4500 suam
3000 4453 3151 4500 veste
3181 4443 3428 4505 involvit,
3465 4452 3517 4497 et
3547 4449 3602 4497 tu

2016 4540 2259 4596 vicissim
2291 4554 2321 4593 a
2354 4548 2499 4596 tactu
2548 4537 2881 4594 naturalium
2926 4546 3113 4593 etnon
3161 4536 3532 4599 naturalium,
3576 4551 3603 4589 a

2017 4647 2248 4703 corpore
2279 4624 2387 4687 tam
2426 4633 2650 4703 proprio
2684 4645 2850 4701 quam
2896 4630 3080 4685 alieno
3114 4644 3337 4682 manum
3372 4628 3609 4698 reprime

2017 4735 2070 4780 et
2100 4740 2310 4780 coerce.
2343 4722 2516 4781 Nemo
2543 4739 2788 4794 prorsus,
2820 4732 2884 4777 ut
2916 4722 3178 4787 arbitror,
3204 4721 3331 4790 jure
3372 4736 3611 4790 vereque

2019 4817 2347 4888 cognomine
2377 4816 2551 4872 sancti
2578 4814 2717 4871 allici
2748 4822 2946 4885 potest,
2973 4814 3066 4883 qui
3097 4827 3205 4867 non
3238 4811 3393 4880 prius
3417 4812 3608 4865 limum

2019 4909 2167 4964 hunc
2199 4917 2357 4965 terrae
2393 4908 2616 4979 (corpus
2643 4906 2888 4976 inquam)
2926 4906 2994 4961 ab
3022 4905 3175 4961 omni
3204 4905 3328 4960 labe
3352 4920 3610 4975 repurga-

2027 5009 2163 5066 tum,
2178 5014 2376 5070 purum
2404 5007 2767 5068 sanctumque
2788 4996 3108 5063 reddiderit,
3125 5005 3181 5051 et
3204 4993 3609 5065 quodammodo

2025 5092 2452 5159 trauslormarit,
2476 5092 2521 5147 si
2552 5087 2734 5145 tamen
2760 5090 2933 5144 ullum
2963 5087 3343 5150 transformari
3373 5087 3448 5156 (in
3473 5099 3609 5154 prae-

2025 5185 2166 5241 senti
2193 5183 2324 5256 vita)
2357 5190 2555 5253 potest.
2585 5181 2724 5236 Cum
2760 5181 3051 5237 dormituri
3081 5181 3136 5236 in
3166 5179 3366 5234 lectulo
3395 5193 3610 5232 recum-

2027 5277 2234 5342 bimus,
2278 5284 2392 5330 tum
2423 5289 2551 5330 vero
2584 5282 2744 5329 caute
2789 5274 3060 5345 agendum
3107 5280 3163 5327 et
3201 5270 3605 5341 advigilandum

2027 5377 2113 5424 est
2140 5385 2154 5423 :
2189 5382 2316 5422 nam
2349 5365 2400 5421 id
2432 5367 2697 5435 temporis
2734 5381 2893 5426 mens
2933 5365 3054 5420 sine
3081 5377 3311 5433 corpore
3339 5361 3452 5416 sola
3481 5376 3606 5415 cum

2030 5456 2376 5514 daemonibus
2421 5456 2684 5523 decertat,
2738 5464 2792 5511 et
2837 5455 2882 5512 si
2929 5454 3147 5508 animus
3199 5453 3255 5507 in
3304 5451 3609 5520 voluptates

2032 5549 2342 5621 proclinat,
2401 5545 2560 5603 facile
2609 5563 2706 5619 per
2756 5546 3116 5618 proditionem
3170 5558 3293 5603 cum
3356 5543 3609 5599 hostibus

2033 5641 2304 5711 conjurat.
2342 5637 2533 5696 Mortis
2567 5640 2829 5698 memoria
2856 5654 2977 5694 cum
3009 5636 3311 5692 dormituro
3352 5634 3605 5701 dormiat,
