4042 6436
577 364 674 430 891

1844 380 1903 440 s.
1926 380 2247 443 JOANNIS
2280 383 2590 446 CLIMACI
3593 372 3604 380 ’
3703 402 3787 465 899.

575 489 631 536 et
665 495 793 538 cum
839 493 1156 543 surrecturo
1194 497 1403 559 surgat,
1439 496 1494 544 et
1535 502 1632 561 per
1661 504 1852 562 preces
1881 508 2009 549 cum
2041 495 2161 551 solo

2267 498 2455 570 κάριος
2500 498 2647 569 μάλα
2683 493 2890 567 σαφῶς.
2930 493 3112 561 Ἐστι,
3135 494 3301 567 φησὶν
3338 499 3366 552 ό
3412 500 3633 574 ἀοίδιμος
3686 516 3783 566 καθ’

573 570 702 629 Jesu
734 574 1069 646 colloquium
1101 578 1197 636 ﬁat
1230 600 1243 637 :
1278 580 1417 636 nihil
1456 581 1604 638 enim
1644 583 1730 640 bis
1762 584 1818 640 iu
1846 599 2041 642 somno
2077 602 2164 643 reo

577 666 776 721 mediis
803 683 959 737 aeque
997 668 1191 726 efﬁcax
1237 672 1463 729 senties.
1514 672 1658 729 Sunt
1707 677 1801 747 qui
1850 678 2166 735 existimant

576 756 754 813 luctas
783 773 910 813 cum
936 760 1155 817 luxuria
1180 770 1234 818 ct
1250 763 1476 820 obsceni
1502 765 1733 839 liquoris
1759 769 2076 826 missionem
2097 786 2165 826 ex

576 850 692 906 sola
714 852 961 907 ciborum
988 853 1145 923 copia
1177 857 1464 915 exsistere.
1491 857 1658 929 Atqui
1689 859 1800 916 vidi
1827 876 1929 933 ego
1954 863 2164 920 morbis

575 947 901 1017 gravissime
936 957 990 1004 et
1014 961 1260 1007 extreme
1297 952 1615 1011 laborantes
1650 956 1949 1027 ultimaque
1984 957 2166 1013 inedia

575 1053 637 1095 se
663 1040 997 1097 emaciantes
1041 1040 1202 1099 foedis
1235 1043 1388 1100 hisce
1420 1045 1668 1103 humoris
1695 1048 2165 1119 inquinationibus

576 1134 926 1190 vehementer
982 1135 1237 1193 infestari
1287 1147 1343 1194 et
1388 1140 1578 1209 pollui.
1632 1140 1990 1199 Percontatus
2042 1158 2164 1198 sum

573 1222 706 1279 olim
743 1238 812 1278 ex
859 1240 972 1280 uno
1008 1228 1246 1297 quodam
1286 1228 1791 1286 laudatissimorum
1835 1240 1888 1286 et
1927 1232 2167 1303 pruden-

576 1314 918 1371 tissimorum
967 1320 1387 1386 monachorum,
1441 1329 1496 1377 et
1548 1323 1736 1378 docuit
1779 1340 1866 1378 me
1907 1325 1998 1379 ille
2045 1341 2168 1394 per-

574 1405 772 1463 beatus
823 1407 972 1462 clare
1023 1424 1252 1478 prorsus
1307 1420 1363 1466 et
1413 1411 1640 1468 diserte.
1687 1413 1783 1470 Est
1834 1415 2046 1485 (inquit
2078 1416 2192 1470 ille.

576 1509 792 1563 semper
845 1496 1191 1569 laudandus)
1246 1515 1371 1555 cum
1431 1502 1483 1554 in
1539 1517 1738 1557 somno
1786 1518 1853 1557 ex
1907 1503 2163 1558 ciborum

575 1587 740 1658 227
774 1589 1026 1645 satietate
1054 1602 1108 1645 ct
1140 1591 1324 1661 quiete
1359 1592 1479 1647 lluit
1510 1595 1770 1664 genitalis
1802 1595 2001 1649 humor
2036 1614 2049 1650 :
2084 1603 2169 1651 est

576 1696 703 1737 cum
741 1697 807 1737 ex
845 1683 1099 1753 superbia
1145 1688 1429 1754 provenit,
1476 1687 1698 1757 quando
1733 1687 1896 1757 longo
1927 1698 2169 1757 tempore

576 1773 750 1829 lluxio
778 1777 1062 1840 constitit,
1108 1777 1251 1833 unde
1290 1778 1545 1834 inllamur
1583 1789 1638 1835 et
1671 1780 1832 1836 nobis
1864 1780 2161 1851 placemus.

574 1865 884 1936 Aliquando
928 1884 1058 1924 vero
1105 1870 1423 1939 polluimur,
1474 1883 1600 1927 cum
1650 1871 1879 1928 alterius
1928 1870 2071 1926 facta
2112 1881 2166 1927 et

576 1957 744 2014 vitam
777 1968 983 2017 temere
1011 1961 1328 2032 judicamus
1359 1971 1414 2019 et
1439 1963 1766 2020 damnamus
1787 2003 1801 2028 ,
1850 1980 1913 2018 ex
1963 1963 2164 2034 quibus

573 2052 794 2109 duabus
822 2056 1224 2125 posterioribus
1250 2057 1435 2114 causis
1468 2057 1585 2113 ﬁeri
1617 2067 1815 2129 potest,
1836 2067 1896 2113 ut
1925 2066 1979 2113 et
2003 2058 2164 2129 aegris

575 2142 632 2199 id
663 2146 876 2202 accidat
902 2164 916 2201 :
947 2148 1058 2204 imo
1086 2148 1422 2222 quandoque
1452 2165 1519 2207 ex
1551 2152 1831 2216 omnibus,
1859 2158 1920 2206 ut
1945 2150 2161 2221 opinor,

532 2304 537 2308 _
572 2238 776 2294 tribus.
811 2238 914 2306 Qui
946 2251 1127 2296 autem
1164 2241 1234 2297 ab
1264 2242 1524 2297 omnibus
1556 2243 1640 2297 his
1672 2244 1856 2299 causis
1879 2258 2075 2313 purum
2105 2256 2164 2297 se

573 2328 919 2402 liberumque
955 2334 1141 2400 sentit,
1183 2334 1230 2391 is
1267 2335 1340 2391 ob
1367 2334 1508 2391 hanc
1532 2336 1780 2405 corporis
1811 2335 2160 2405 tranquillam

572 2420 898 2476 munditiam
945 2423 1139 2480 beatus
1168 2435 1270 2493 est,
1298 2435 1355 2479 et
1382 2441 1446 2481 ex
1477 2426 1788 2482 daemonum
1826 2426 2028 2481 invidia
2062 2427 2164 2481 hoc

573 2520 789 2567 tantum
832 2514 1059 2583 patitur,
1109 2516 1215 2571 hoc
1271 2514 1386 2571 Deo
1424 2516 1490 2571 ad
1524 2527 1738 2587 tempus
1781 2517 1858 2571 illi
1915 2518 2162 2574 accidere

570 2607 941 2676 permittente,
980 2620 1041 2664 ut
1066 2624 1133 2664 ex
1174 2610 1275 2664 hac
1305 2610 1626 2681 inculpabili
1666 2608 1957 2666 alllictione
2001 2611 2160 2667 altis-

571 2697 770 2752 simam
810 2699 914 2753 sibi
943 2713 1227 2772 comparet
1265 2703 1649 2759 humilitatem.
1695 2701 1868 2757 Nemo
1896 2714 2162 2758 nocturna

571 2791 787 2846 somnia
834 2803 889 2846 et
940 2792 1325 2862 phantasmata
1370 2812 1467 2867 per
1509 2796 1653 2851 diem
1708 2805 1897 2866 postea
1949 2797 2162 2851 studeat

571 2882 855 2939 revolvere
885 2903 898 2939 :
934 2885 1121 2942 hostes
1148 2887 1297 2943 enim
1328 2887 1501 2943 nostri
1537 2888 1703 2943 etiam
1742 2903 1811 2943 eo
1841 2888 2156 2955 collineant,

569 2981 632 3028 ut
656 2989 757 3029 nos
798 2990 865 3030 ex
909 2976 1201 3034 insomniis
1237 2979 1523 3050 vigilantes
1563 2979 1828 3049 polluant.
1872 2980 1978 3035 Sed
2009 2981 2159 3035 enim

568 3063 860 3122 audiamus
891 3077 945 3123 et
984 3068 1146 3123 aliam
1186 3070 1628 3127 adversariorum
1674 3083 1991 3128 nostrorum
2041 3086 2159 3127 ma-

2268 589 2468 654 ῦπνους
2538 588 2789 662 ἔκκρισις
2828 589 2893 642 ὲκ
2937 586 3180 659 πλήθους
3229 587 3525 661 βρωμάτων
3572 598 3655 650 καὶ
3688 601 3790 657 ἀνέ.

2268 698 2407 745 σεως
2431 695 2442 711 '
2499 680 2664 753 ἑτέρα
2718 680 2779 746 ἐξ
2814 679 3237 751 ὑπερηφανίας,
3284 681 3410 735 ὅταν
3455 685 3510 736 ὲν
3545 688 3605 758 τῇ
3633 695 3791 766 χρονίᾳ

2264 774 2424 847 ήμῶν
2472 772 2773 845 ωφώμεθα
2810 772 3115 845 ἀῤῥευστίᾳ
3166 771 3309 844 (α)·
3352 775 3444 829 καὶ
3472 775 3608 831 ἔστιν
3641 783 3697 837 ὲκ
3717 785 3792 840 τοῦ

2264 868 2357 921 τὸν
2396 866 2625 938 πλησίον
2660 865 3012 936 κατακρίνειν
3033 881 3047 895 ο
3076 865 3171 920 καὶ
3207 865 3264 920 al
3292 865 3390 937 μὲν
3431 867 3539 935 δύο,
3565 874 3703 941 φησὶ,
3722 875 3794 931 δύ.

2265 977 2454 1015 νανται
2505 959 2597 1013 καὶ
2638 960 2756 1024 τοῖς
2804 958 3094 1013 ἀσθενοῦσι
3154 959 3593 1030 ἐπισυμϐαίνειν·
3626 969 3799 1037 νομίζω

2264 1052 2322 1106 δὲ
2359 1051 2456 1106 καὶ
2494 1052 2551 1106 αί
2578 1052 2751 1124 τρεῖς.
2787 1051 2850 1105 El
2875 1050 2932 1105 δέ
2959 1069 3044 1114 τις
3081 1050 3273 1104 ἑαυτὸν
3304 1050 3490 1105 πασῶν
3518 1053 3621 1108 τῶν
3645 1074 3801 1129 προειη

2269 1145 2524 1218 ρημένων
2568 1144 2761 1200 αἰτιῶν
2811 1143 3187 1217 καθαρεύοντα
3241 1143 3603 1217 ψηλαφήσειε,
3651 1153 3799 1219 μακά.

2269 1256 2385 1310 ριος
2429 1237 2532 1308 τῆς
2572 1237 2830 1308 τοιαύτης
2890 1235 3163 1300 ἀπαθείας
3230 1236 3490 1308 ἐργάτης,
3530 1239 3591 1292 ὲκ
3640 1241 3798 1309 φθόνου

2266 1330 2560 1401 δαιμόνων,
2591 1330 2688 1385 καὶ
2722 1329 2884 1400 μόνον
2914 1328 2977 1382 τὸ
2999 1328 3217 1398 συμϐὰν
3257 1327 3544 1393 πεπονθὼς
3569 1329 3713 1385 τοῦτο
3729 1334 3801 1388 τοῦ

2266 1422 2403 1476 Θεοῦ
2432 1425 2491 1476 ὲν
2534 1421 2687 1491 αὐτῷ
2730 1422 3188 1494 συγχωρήσαντος
3228 1419 3484 1489 γενέσθαι
3526 1423 3588 1475 ὲκ
3619 1424 3799 1493 χρόνον,

2269 1511 2358 1565 ἵνα
2383 1510 2449 1564 δι’
2478 1511 2873 1583 ἁναμαρτήτου
2899 1511 3189 1581 συμφορᾶς
3213 1509 3559 1583 ὑψηλοτάτην
3577 1514 3804 1585 κτήσηται

2267 1601 2366 1673 τὴν
2397 1603 2751 1656 ταπείνωσιν.
2786 1601 2996 1672 Μηδεὶς
3017 1601 3086 1656 τὰ
3110 1602 3233 1655 καθ’
3256 1600 3463 1666 ὕπνους
3494 1604 3805 1676 φαντάσματι

2268 1693 2406 1765 πρὸς
2461 1693 2655 1748 ἑαυτὸν
2719 1690 2840 1764 μεθ’
2895 1693 3109 1763 ἡμέραν
3163 1691 3479 1760 λογίζεσθαι
3535 1691 3803 1764 θελήσειεν·

2272 1785 2473 1850 σκοπὸς
2515 1786 2624 1858 γὰρ
2678 1787 2774 1840 καὶ
2836 1779 2993 1849 οὗτος
3048 1786 3162 1848 τοῖς
3217 1784 3496 1855 δαίμοσιν,
3534 1784 3617 1838 ἵνα
3644 1785 3695 1853 ἐξ
3718 1788 3807 1840 ὲν.)-

2274 1879 2444 1933 πνίων
2483 1878 2893 1950 χρηγοροῦντας
2935 1879 3086 1949 ἡμᾶς
3138 1876 3466 1948 μολύνωσιν.
3508 1877 3809 1950 ’Δκούσωμεν

2272 1969 2369 2023 καὶ
2417 1967 2586 2038 ἄλλην
2627 1966 2738 2020 τῶν
2785 1966 2998 2037 ἐχθρῶν
3035 1965 3194 2037 ἡμῶν
3239 1963 3600 2036 πανουργίαν.
3638 1965 3808 2037 ’Ὥσπερ

2269 2060 2339 2114 τὰ
2380 2059 2442 2113 τὸ
2469 2048 2652 2129 ’σῶμα
2704 2056 3017 2127 βλάπτοντα
3062 2056 3334 2128 βρώματα
3382 2055 3521 2126 μετὰ
3566 2055 3808 2126 χρόνον,ἢ

2268 2152 2484 2222 ἡμέραν
2507 2149 2605 2218 τὴν
2637 2149 2793 2203 νόσον
2817 2150 2950 2219 ἡμῖν
2977 2150 3152 2201 ποιεῖν
3182 2145 3523 2216 πεφύκασιν,
3564 2145 3696 2200 οὕτω
3718 2144 3811 2200 m1-

2270 2246 2429 2308 λάκις
2455 2244 2551 2298 καὶ
2576 2243 2801 2296 ἐπὶτῶν
2828 2242 2925 2313 τὴν
2952 2240 3131 2311 ψυχὴν
3161 2240 3509 2310 μολυνόντων
3539 2239 3712 2294 αἰτίων
3738 2238 3814 2293 ὲώο
3845 2302 3850 2311 1

2271 2353 2420 2410 ρακα
2446 2334 2772 2407 τρυφῶντας
2801 2332 2940 2404 (9.9),
2968 2331 3064 2385 καὶ
3108 2331 3435 2401 παραυτίκα
3483 2329 3560 2411 μῂ
3588 2329 3816 2399 πολεμου·

2273 2428 2472 2499 μένους
2494 2444 2506 2456 ·
2539 2428 2636 2481 καὶ
2665 2424 2889 2491 ἑώρακα
2921 2422 3139 2493 γυναιξὶ
3174 2421 3567 2485 συνεσθίοντας
3597 2419 3720 2491 (50),
3742 2419 3815 2473 καὶ

2271 2518 2791 2589 συνδιατρίϐοντας·
2834 2517 2931 2571 καὶ
3000 2515 3277 2587 μηδεμίαν
3345 2512 3594 2585 πονηρὰν
3651 2512 3817 2567 ἔννοιαν

2268 2611 2400 2682 παρ’
2437 2607 2578 2673 αὐτὰ
2610 2607 3035 2679 λογιζομένουςο
3073 2607 3172 2660 καὶ
3220 2605 3418 2677 μέντοι
3481 2604 3815 2677 θαρρήσαντες

2268 2703 2319 2757 οἱ
2345 2699 2717 2771 ἀπατώμενοι,
2748 2700 2877 2753 ὅταν
2917 2698 3105 2764 ἔδοξαν
3142 2700 3379 2771 εἰρήνην
3425 2700 3519 2753 καὶ
3563 2695 3815 2766 ἀσφάλειαν

2268 2795 2436 2866 ἔχειν,
2476 2797 2534 2847 ὲν
2584 2795 2654 2864 τῇ
2700 2792 2911 2851 ἑαυτῶν
2961 2792 3127 2865 κέλ).ῃ
3178 2791 3459 2861 αἰφνίδιον
3496 2790 3689 2844 ἔπαθον
3727 2787 3816 2841 6).:-

2268 2888 2418 2959 θρον.
2448 2885 2545 2949 Τίς
2570 2885 2627 2939 δὲ
2663 2887 2692 2939 ό
2727 2884 2974 2956 ὄλεθρος,
3018 2885 3047 2939 ό
3087 2884 3233 2938 κατά
3286 2884 3464 2953 μόνας
3515 2883 3690 2954 μόνοις
3717 2881 3818 2951 ήμῖδ

2269 2978 2600 3049 σωματικῶς
2657 2976 2753 3031 καὶ
2792 2976 3042 3047 ψυχικῶς
3090 2977 3409 3046 γινόμενος,
3455 2977 3485 3028 ὁ
3518 2977 3614 3047 μὲν
3661 2988 3816 3043 πειρα-

2268 3072 2417 3136 σθεὶς
2434 3071 2743 3125 ἐπίσταταιο
2768 3070 2866 3124 ὁδὲ
2888 3069 2963 3141 μὴ
2985 3071 3341 3141 πειρασθεὶς,
3355 3070 3566 3140 γνῶναι
3588 3067 3648 3123 οὐ
3665 3067 3816 3120 δεῖται.

568 3154 741 3210 litiam
775 3176 789 3213 :
818 3160 1280 3229 quemadmodum
1313 3171 1465 3218 certa
1488 3163 1737 3219 ciborum
1767 3179 1967 3236 genera
1998 3164 2158 3221 nobis

2267 3164 2359 3233 Τῷ
2392 3162 2571 3235 καιρῷ
2594 3163 2790 3233 ἐκείνῳ
2820 3161 2986 3215 καλὸν
3022 3163 3155 3234 ἡμῖν
3188 3161 3460 3235 βοήθημα
3491 3162 3701 3224 σάκκος,
3712 3175 3819 3258 σπο-

568 3248 793 3304 morbos
819 3250 902 3305 vel
924 3263 1049 3321 post
1082 3268 1289 3308 annum
1309 3256 1393 3311 vel
1420 3256 1584 3311 etiam
1615 3263 1742 3326 post
1764 3258 1909 3312 diem
1939 3264 2161 3323 creant;

568 3339 651 3395 sic
666 3339 828 3395 etiam
846 3342 1133 3400 observavi
1147 3359 1256 3401 non
1269 3362 1397 3402 raro
1412 3363 1506 3405 eos
1518 3348 1613 3419 qui
1628 3348 1841 3405 deliciis
1859 3351 2161 3422 indulgent,

569 3439 627 3486 et
650 3445 847 3487 causas
877 3434 1230 3504 inquinandze
1245 3453 1340 3508 per
1357 3438 1602 3511 impuras
1625 3442 1874 3511 corporis
1895 3442 2164 3500 ﬂuxiones

568 3524 769 3579 animae
784 3527 1046 3596 praebent,
1072 3544 1181 3585 non
1206 3546 1420 3603 semper
1439 3534 1647 3603 statim,
1667 3535 1760 3590 sed
1780 3535 1980 3606 saepius
1999 3536 2162 3608 longo

569 3622 691 3683 post
716 3622 964 3685 tempore
985 3618 1054 3673 ad
1083 3620 1267 3676 scelus
1294 3621 1602 3677 sollicitari.
1639 3621 1758 3678 Vidi
1788 3625 1883 3694 qui
1918 3640 2043 3680 cum
2077 3626 2158 3680 fe-

567 3705 734 3761 minis
762 3706 1106 3766 familiariter
1134 3712 1203 3767 ad
1234 3729 1481 3769 mensam
1513 3717 1921 3783 accumberent,
1960 3729 2013 3774 et
2039 3734 2161 3774 ver-

568 3808 839 3862 sarentur.
859 3809 971 3856 tum
985 3804 1204 3874 quidem
1236 3806 1290 3859 in
1306 3809 1593 3877 pnesentia
1614 3810 1777 3867 nullis
1794 3811 2057 3882 improbis
2076 3827 2162 3868 co-

566 3892 924 3960 gitationibus
947 3906 1217 3966 tentatus;
1238 3899 1333 3969 qui
1357 3900 1463 3956 sibi
1489 3902 1719 3957 nimium
1734 3904 1924 3960 conﬁsi
1945 3906 2160 3960 tandem

567 3976 622 4031 in
651 3978 860 4049 lapsum
888 3981 1099 4053 decepti
1123 3985 1553 4053 procubuerunt,
1575 3987 1816 4058 quando,
1836 3991 2080 4061 inquam,
2098 4006 2159 4048 se

564 4069 676 4125 alta
700 4086 834 4141 pace
871 4080 927 4128 et
956 4076 1251 4131 securitate
1277 4075 1384 4132 l‘rui
1412 4079 1819 4149 existimabant,
1853 4093 2076 4154 repente
2099 4084 2153 4138 in

2267 3257 2377 3323 δὸς,
2442 3256 2632 3320 στάσις
2683 3254 3014 3324 παννύχιος·
3072 3253 3352 3326 ἐπιθυμία
3404 3256 3606 3327 ἄρτου·
3643 3251 3823 3323 γλῶσσα

2267 3347 2601 3420 φλεγομένη,
2628 3348 2725 3402 καὶ
2783 3347 3020 3419 μετρίως
3063 3346 3465 3419 δροσιζομένη,
3504 3345 3674 3418 σορῶν
3700 3344 3820 3412 οἴκηο

2267 3457 2388 3507 σις,
2425 3440 2523 3495 καὶ
2572 3440 2681 3513 πρὸ
2737 3439 2959 3494 πάντων
3016 3438 3361 3504 ταπείνωσις
3391 3439 3623 3510 καρδίας
3646 3480 3659 3503 ν
3690 3436 3770 3489 καὶ
3790 3435 3825 3486 εί

2262 3534 2514 3600 δυνατὸν,
2560 3531 2765 3604 πατὴρ,
2808 3531 2840 3602 ἦ
2881 3531 3114 3600 ἁδελφὸς
3144 3532 3450 3595 σπουδαῖος
3488 3571 3504 3596 ,
3532 3527 3747 3600 γηραιὸς
3766 3523 3826 3594 τῷ

2268 3626 2576 3699 φρονήματι
2601 3626 2682 3687 εἰς
2716 3623 2989 3695 βοήθειαν.
3032 3622 3321 3692 Θαυμάζω
3356 3622 3473 3693 γὰρ
3500 3624 3549 3675 εἰ
3582 3619 3730 3691 μόνος
3762 3630 3827 3675 τις

2267 3715 2333 3766 ἐκ
2358 3711 2630 3779 πελάγους
2654 3709 2789 3763 ναῦν
2822 3709 3091 3763 διασῶσαι
3118 3710 3374 3764 δύναται.
3401 3710 3479 3763 Τὸ
3512 3709 3643 3765 αὐτὸ
3666 3702 3830 3773 πτῶμα

2269 3803 2532 3866 πολλάκις
2600 3800 3105 3855 ἑκατονταπλάσισν
3142 3800 3237 3853 τοῦ
3283 3801 3489 3877 ἐτέρου
3535 3795 3831 3870 πραχθέντος

2269 3900 2443 3970 κρίμα
2469 3896 2735 3966 κέκτηται
2759 3892 2893 3964 (32),
2940 3894 3006 3947 ὲκ
3051 3893 3283 3964 τρόπου,
3332 3896 3402 3947 ὲκ
3427 3894 3625 3987 τόπου,
3652 3892 3711 3942 ὲκ
3728 3900 3829 3987 προ·

2266 3989 2466 4059 κοπῆς,
2490 3988 2586 4042 καὶ
2619 3985 2678 4050 ἐξ
2707 3985 2881 4040 ἄλλων
2910 3984 3141 4039 πολλῶν.
3178 3983 3509 4056 Παράδοξόν
3537 3982 3628 4055 μοί
3653 3995 3732 4041 τις
3754 3982 3828 4028 και

2269 4083 2571 4157 ἀκρότατον
2602 4079 2827 4149 ἁγνείας
2854 4078 2982 4149 ὅρον
3005 4078 3363 4149 ὑφηγήσατο.

565 4179 668 4220 suo
712 4166 879 4237 228
917 4168 1168 4226 cubiculo
1207 4173 1263 4227 in
1297 4173 1526 4229 exitium
1568 4176 1891 4248 praecipitati
1930 4187 2078 4235 sunt.
2106 4177 2265 4247 Quod
2301 4188 2484 4234 autem
2516 4176 2649 4231 illud
2684 4176 2755 4231 sit
2781 4175 3032 4240 exitium,
3078 4174 3225 4245 quod
3253 4175 3425 4230 nobis
3466 4184 3712 4229 seorsum
3733 4161 3835 4222 solis

564 4255 911 4327 degentibus,
947 4276 1056 4331 qua
1117 4267 1405 4334 corporis,
1458 4282 1567 4338 qua
1618 4270 1818 4327 anima:
1887 4273 2063 4328 soleat
2105 4273 2392 4337 accidere,
2448 4271 2603 4326 novit
2637 4270 2684 4324 is
2716 4268 2811 4339 qui
2845 4277 3086 4323 tentatus
3122 4267 3174 4321 id
3213 4265 3371 4323 facto
3442 4270 3568 4339 ipso
3614 4268 3833 4333 expertus

563 4358 672 4404 εει·
702 4348 811 4416 QIIi
859 4360 1118 4422 expertus
1187 4371 1297 4411 non
1350 4368 1470 4427 cst,
1515 4363 1755 4431 experiri
1800 4379 1870 4419 ne
1912 4366 2119 4436 cupiat.
2170 4364 2229 4421 ln
2284 4365 2395 4420 illis
2449 4362 2811 4419 tentationum
2865 4360 3122 4415 ﬂuctibus
3169 4360 3631 4429 periclitantibus
3673 4364 3835 4424 magno

566 4437 816 4495 subsidio
869 4451 1048 4505 erunt,
1082 4446 1313 4501 molesta
1357 4449 1522 4505 cilicii
1568 4452 1776 4519 tunica,
1844 4456 2019 4519 cinis,
2083 4456 2249 4514 totius
2289 4456 2467 4513 noctis
2516 4470 2642 4511 cum
2694 4463 2957 4524 perpetuo
3008 4451 3189 4507 standi
3240 4451 3441 4507 labore
3489 4446 3830 4523 pervigilium.

568 4529 743 4586 fames
794 4542 1077 4603 praeterea,
1107 4554 1203 4593 seu
1243 4543 1398 4610 panis
1439 4544 1771 4602 desiderium
1797 4589 1811 4615 ,
1845 4560 1898 4605 et
1933 4552 2131 4609 ardens
2158 4553 2310 4623 e,siti
2359 4553 2580 4623 lingua,
2641 4550 2861 4605 modico
2919 4548 3132 4619 liquore
3176 4547 3386 4614 tincta;
3440 4548 3500 4602 in
3546 4545 3838 4601 cadaverum

492 4634 497 4635 '
568 4626 828 4697 bypogeis
852 4638 907 4683 et
937 4632 1165 4689 assariis
1206 4635 1490 4707 habitatio,
1526 4648 1583 4696 et
1624 4658 1737 4712 prae
1766 4648 1982 4703 eunetis
2017 4649 2142 4704 aliis
2178 4650 2287 4705 alta
2323 4647 2508 4704 cordis
2567 4630 2962 4712 humilitasfet
3013 4644 3058 4700 si
3095 4642 3251 4715 c0pia
3311 4644 3412 4710 sit,
3448 4643 3736 4713 religiosus
3760 4635 3838 4690 ali-

568 4721 691 4790 quis
720 4732 890 4792 pater,
945 4737 1035 4782 aut
1081 4729 1289 4798 probus
1338 4734 1525 4803 frater,
1571 4738 1667 4808 qui
1713 4756 1819 4796 non
1855 4751 1966 4798 tam
1998 4745 2161 4800 annis
2194 4760 2360 4816 quam
2390 4744 2661 4814 sapientia
2717 4757 2908 4799 senem
2967 4740 3189 4806 referat,
3226 4749 3285 4795 et
3328 4740 3617 4796 laboranti
3644 4747 3840 4793 succur-

568 4827 674 4871 rat.
706 4817 843 4875 Nam
879 4831 941 4877 ut
987 4825 1141 4881 solus
1194 4836 1289 4883 tuo
1344 4832 1506 4887 unius
1567 4834 1757 4892 labore
1797 4853 1993 4895 navem
2040 4855 2071 4896 e
2102 4836 2395 4911 naufragio
2450 4854 2658 4905 serves,
2712 4837 2964 4893 miraculi
3014 4836 3136 4891 loco
3184 4836 3315 4892 erit.
3377 4836 3533 4891 Idem
3588 4839 3841 4906 peccatum

569 4927 713 4980 διιδΡθ
743 4916 1005 4987 θοηιυριο
1032 4922 1252 4987 gravius
1283 4933 1526 4981 meretur
1581 4928 1850 5000 judicium
1896 4942 1953 4988 et
2008 4935 2341 5004 supplicium
2377 4931 2446 4987 ab
2477 4932 2587 4986 alio
2622 4939 2787 5002 atque
2846 4931 2955 4986 alio
3012 4929 3231 4986 diversa
3287 4932 3526 4985 ratione
3559 4935 3843 5000 patratum:

567 5014 730 5074 auget
775 5008 922 5063 enim
972 5012 1057 5067 vel
1102 5015 1301 5071 minuit
1331 5020 1540 5076 crimen
1573 5027 1942 5093 consuetudo,
1974 5028 2151 5097 locus,
2206 5027 2507 5100 prolectus,
2560 5035 2615 5082 et
2637 5026 2741 5080 alia
2773 5027 2920 5082 haud
2946 5041 3144 5098 pauca.
3176 5025 3397 5081 Rarum
3431 5025 3571 5080 mihi
3604 5031 3658 5079 et
3698 5014 3847 5074 inusi-

569 5110 740 5154 tatum
774 5104 996 5173 quidam
1032 5121 1462 5182 supremumque
1495 5117 1770 5176 castitatis
1798 5122 2027 5191 gradum
2062 5121 2358 5193 descripsit
2389 5132 2445 5176 et
2474 5121 2776 5176 enarravit.

640 5193 895 5261 Quidam,
931 5196 1132 5266 inquit,
1165 5214 1289 5255 cum
1328 5203 1618 5271 pulchrum
1655 5224 1856 5281 corpus
1885 5222 2035 5269 esset
2067 5215 2153 5269 in-

2327 5210 2537 5275 Κάλλος
2582 5212 2726 5283 γὰρ,
2774 5212 2958 5285 φησιν,
3025 5213 3115 5277 τὶς
3181 5210 3548 5282 θεασάμενος
3602 5207 3733 5278 (55),
3774 5202 3847 5255 τὸν

567 5285 764 5348 tuitus,
808 5297 1089 5343 auctorem
1122 5290 1271 5347 illius
1316 5294 1487 5350 Deum
1546 5313 1614 5354 ex
1673 5305 1964 5360 occasione
2011 5306 2156 5363 illius

2267 5303 2496 5374 Ποιητὴν
2540 5304 2885 5373 μεγάλωςοὲε
2925 5305 3137 5359 ἐκείνου
3171 5301 3410 5368 ὲδόξασε
3436 5320 3451 5333 ο
3489 5301 3588 5357 καὶ
3633 5297 3737 5352 ἀπὺ
3768 5292 3848 5365 μό·

569 5377 856 5446 maguilice
885 5379 1221 5447 praedicavit,
1273 5392 1328 5437 et
1365 5399 1433 5439 ex
1480 5388 1596 5442 sola
1642 5390 1788 5447 illius
1823 5396 2159 5465 contempla-

2267 5410 2358 5464 νης
2383 5394 2484 5463 τῆς
2535 5393 2666 5458 θέας
2711 5395 2792 5457 είς
2838 5395 3061 5465 ἀγάπην
3115 5392 3252 5447 θεοῦ
3319 5394 3423 5447 καὶ
3473 5390 3724 5463 δακρύων
3764 5399 3847 5450 πη·

568 5467 723 5541 ιὶοηο,
747 5468 800 5521 in
836 5468 928 5523 Dei
957 5485 1201 5526 amorem
1234 5474 1441 5531 eﬁ‘usus
1466 5494 1714 5550 magnam
1750 5484 1855 5537 vim
1888 5485 2157 5557 lacryma-

568 5574 688 5613 rum
743 5560 986 5630 proludit
1038 5561 1249 5633 [fontes
1300 5567 1671 5641 lacrymarum
1725 5574 1997 5650 laxavit]:
2039 5588 2157 5634 stu-

569 5651 916 5721 pendumque
945 5662 1065 5709 crat
1096 5654 1279 5713 videre
1307 5660 1359 5715 id
1390 5662 1536 5731 quod
1569 5665 1800 5722 alterum
1835 5669 1888 5723 in
1925 5671 2151 5726 exitium

2262 5486 2367 5557 γὴν
2392 5486 2728 5558 κατεφέρετο
2754 5501 2768 5518 ο
2815 5488 2912 5540 καὶ
2945 5484 3013 5558 ἦν
3057 5486 3269 5557 θάμϐος
3329 5485 3553 5540 ἰδέσθαι
3597 5482 3686 5535 τὸν
3740 5473 3847 5530 ὲτὲ-

2265 5596 2362 5651 ρου
2416 5578 2631 5649 βόθρον,
2660 5578 2806 5650 ἄλλῳ
2857 5579 3121 5649 στέφανον
3145 5578 3463 5649 γενόμενον
3492 5578 3638 5645 ὑπὲρ
3680 5570 3843 5642 φύσιν.

2264 5673 2576 5728 Είπᾶιντοτε
2600 5675 2627 5727 ὀ
2656 5672 2898 5737 τοιοῦτος
2944 5673 3001 5728 ἐν
3037 5674 3149 5737 τοῖς
3186 5670 3471 5736 τοιούτοις
3508 5667 3756 5738 αἴσθησιν
3775 5657 3848 5715 καὶ

642 5808 719 5878 (η)
759 5810 1012 5879 ’Λρευσία
1031 5817 1321 5887 autiquiss.
1351 5820 1583 5877 membr.
1620 5829 1672 5881 ct
1701 5823 1898 5883 melius
1946 5843 1977 5883 a
2013 5802 2162 5898 ρἐσι

2270 5832 2488 5905 ρευσία.
