4042 6420
256 421 383 490 893

1283 418 1515 478 suam
1564 416 1947 479 PARADISI.
1993 440 2065 455 —-
2103 418 2414 481 GRADUS
2439 402 2560 481 xv.

3446 413 3557 479 894

263 533 548 608 ἑργασίαν
585 529 873 601 κέκτηται,
898 529 1099 599 ἀνέστη
1126 525 1407 601 ἄφθαρτος
1430 532 1536 602 πρὸ
1555 534 1656 600 τῆς
1672 531 1862 600 κοινῆς

1973 538 2020 586 et
2051 531 2266 586 ruinam
2321 529 2589 594 trahebat,
2624 528 2731 585 hoc
2774 526 2934 585 alteri
2964 540 3129 598 supra
3184 530 3395 578 natura:
3439 524 3552 578 vim

260 625 631 688 ἀναστάσεως
664 624 802 693 (54).
835 621 925 692 Τῷ
958 620 1109 691 αὐτῷ
1137 623 1343 689 κανόνι,
1379 622 1474 678 καὶ
1502 622 1594 675 ἐπὶ
1628 622 1737 676 τῶν
1770 636 1866 694 με·

261 718 525 788 λῳδικῶν
557 715 653 770 καὶ
676 715 939 787 ᾀσμάτων
974 713 1310 784 χρησόμεθα.
1341 715 1405 767 Οί
1452 714 1550 785 μὲν
1583 714 1693 784 γὰρ
1723 713 1867 783 φιλό-

262 809 409 877 θεοι,
441 811 521 873 είς
551 808 849 878 ἱλαρότητα
891 807 985 859 καὶ
1028 804 1177 859 θείαν
1208 806 1451 877 ἀγάπην,
1486 806 1583 860 καὶ
1633 806 1862 877 δάκρυα,

258 902 368 955 καὶ
398 903 467 956 ὲκ
496 900 607 954 τῶν
639 899 859 965 ἔξωθεν,
890 898 986 953 καὶ
1017 899 1082 952 ἐκ
1124 898 1235 952 τῶν
1281 898 1669 968 πνευματικῶν
1710 896 1865 967 ᾠδῶν

258 993 547 1048 κινεῖσθαι
590 991 904 1060 πεφύκασιν
932 1008 946 1022 ·
983 991 1034 1043 oi
1078 990 1138 1045 δὲ
1180 990 1468 1060 φιλήδονοι,
1500 989 1561 1043 τὸ
1603 990 1861 1045 ἐναντίον.

260 1083 459 1147 Τινὲς,
491 1080 677 1145 καθὼς
703 1082 800 1135 καὶ
829 1080 1137 1148 φθάσαντες
1160 1080 1408 1151 εἴπομεν,
1433 1081 1492 1133 ἐν
1521 1082 1633 1143 τοῖς
1659 1082 1867 1150 ἡσυχα-

263 1177 488 1237 στικοῖς
516 1174 728 1236 τόποις,
752 1172 935 1238 πολλῷ
970 1172 1133 1226 πλέον
1162 1171 1521 1243 πολεμεῖσθαι
1551 1172 1863 1242 πεφύκασι*

258 1267 373 1320 καὶ
405 1266 468 1319 οὐ
501 1265 708 1336 θαῦμα,
746 1263 1107 1335 φιλοχωροῦσι
1139 1264 1248 1336 γὰρ
1280 1265 1395 1317 ἐκεῖ
1423 1262 1603 1334 πολλῷ
1630 1263 1792 1317 πλέον
1815 1264 1865 1317 οἱ

257 1358 533 1431 δαίμονες
568 1357 674 1412 ὑπὸ
698 1357 796 1411 τοῦ
822 1357 1030 1428 Κυρίου
1059 1358 1119 1409 ἐν
1152 1359 1274 1421 ταῖς
1299 1357 1551 1428 ἐρήμοις,
1592 1356 1687 1410 καὶ
1715 1357 1773 1409 ἐν
1795 1358 1862 1429 τῇ

258 1449 503 1517 ἁϐύσσῳ
543 1448 915 1520 ὲξορισθέντες
959 1448 1097 1517 πρὸς
1140 1448 1417 1519 σωτηρίαν
1467 1447 1648 1519 ἡμῶν.
1701 1447 1866 1501 Πολε-

263 1539 476 1610 μοῦσιν
502 1542 787 1611 ἡσυχαστῇ
826 1540 940 1609 (55)
971 1539 1225 1611 χαλεπῶς
1249 1542 1298 1593 οἱ
1336 1540 1431 1611 τῆς
1465 1539 1721 1611 πορνείας
1745 1538 1864 1593 δαί-

264 1649 442 1704 μονες
468 1647 481 1660 ·
523 1631 612 1684 ἵνα
660 1630 737 1695 ὡς
788 1631 957 1700 μηδὲν
993 1630 1371 1701 ὠφελούμενον
1418 1633 1483 1684 ὲκ
1523 1631 1621 1701 τῆς
1652 1630 1864 1701 ἐρήμου

262 1726 419 1796 πρὸς
448 1724 536 1778 τὸν
582 1724 788 1794 κόσμον
828 1722 1128 1790 διώξωσινο
1192 1723 1567 1795 ἀναχωροῦσιν
1612 1722 1672 1788 ἐξ
1710 1721 1866 1794 ἡμῶν

263 1818 333 1870 ὲν
365 1815 445 1887 τῷ
483 1817 672 1886 κόσμῳ
698 1814 997 1883 διαγόντων
1021 1854 1037 1879 ,
1081 1815 1169 1868 ἵνα
1215 1814 1292 1878 ὡς
1347 1815 1423 1884 μὴ
1465 1812 1864 1883 πολεμούμενοι

1974 620 2030 674 in
2056 619 2341 689 praemium
2388 619 2612 674 caeleste
2656 618 2909 675 cessisse.
2968 615 3026 671 Si
3072 616 3363 687 quisquam
3400 612 3554 684 ejus-

1972 711 2121 766 modi
2148 720 2251 776 est,
2288 710 2380 780 qui
2414 711 2470 764 in
2519 711 2613 765 tali
2660 720 2806 766 statu
2844 710 3005 765 talem
3044 722 3267 766 sensum
3303 714 3358 762 et
3393 720 3555 761 usum

1972 805 2027 859 in
2069 804 2185 860 suis
2224 803 2493 874 religiosis
2538 803 2735 859 studiis
2766 802 2994 874 adeptus
3025 810 3129 865 est,
3189 801 3235 854 is
3271 814 3396 852 vere
3429 807 3557 852 ante

1972 907 2321 950 communem
2389 893 2656 947 omnium‘
2698 891 3160 947 resurrectionem
3224 888 3337 959 jam
3409 901 3555 942 nunc

1974 986 2140 1057 229
2174 988 2526 1053 incorruptus
2562 984 2885 1041 resurrexit;
2938 982 3062 1037 Pari
3095 979 3262 1036 modo
3299 979 3463 1034 etiam
3498 978 3555 1032 in

1972 1078 2230 1134 melodiis
2261 1087 2315 1134 et
2349 1077 2578 1132 canticis
2609 1085 2843 1132 utemur.
2885 1073 3022 1129 Nam
3070 1074 3164 1145 qui
3209 1088 3335 1129 vere
3382 1071 3552 1125 Deum

1972 1171 2226 1241 diligunt,
2269 1186 2333 1225 ex
2365 1169 2787 1240 quibuscunque
2830 1183 2927 1223 seu
2975 1166 3147 1223 sacris
3177 1180 3273 1221 seu
3310 1161 3553 1233 profanis

1973 1262 2323 1319 cantionibus
2368 1260 2435 1315 ad
2468 1259 2801 1315 hilaritatem
2831 1267 2886 1313 et
2916 1258 3159 1313 divinum
3205 1270 3445 1311 amorem
3474 1254 3555 1307 la-

1973 1367 2300 1425 erymasque
2329 1351 2643 1408 excitantur
2690 1358 2744 1404 et
2789 1356 3223 1403 commoventur.
3274 1344 3377 1410 Qui
3422 1357 3553 1398 vero

1930 1444 2344 1514 ‘voluptatibus
2388 1442 2719 1511 capiuntur,
2779 1439 2966 1494 omnia
3019 1437 3123 1491 alia
3175 1436 3547 1505 experiuntur.

1973 1537 2228 1604 Quidam,
2276 1536 2352 1590 uti
2387 1551 2551 1606 supra
2595 1534 2860 1594 diximus.
2891 1532 2985 1599 qui
3028 1531 3080 1584 in
3125 1528 3255 1584 solis
3282 1526 3446 1590 locis,
3493 1534 3553 1579 ut

1975 1626 2339 1691 anachoretae,
2387 1623 2612 1693 degunt,
2662 1622 2837 1676 multo
2878 1621 3099 1691 gravius
3129 1615 3435 1687 impugnari
3466 1629 3554 1669 so-

1972 1718 2086 1773 lent
2117 1736 2130 1771 :
2163 1732 2266 1772 nec
2292 1716 2343 1771 id
2367 1731 2499 1771 sane
2521 1714 2719 1769 mirum
2736 1711 2910 1767 videri
2939 1711 3131 1765 debet:
3160 1708 3332 1762 multo
3357 1705 3555 1776 quippe

1973 1808 2149 1879 magis
2185 1808 2465 1863 daemones
2494 1805 2849 1863 solitudinem
2894 1801 3184 1865 infestant,
3235 1815 3267 1854 a
3320 1797 3553 1851 Domino

265 1911 392 1973 τοῖς
415 1880 702 1979 ’κοσμικοίς
724 1880 1231 1977 συναπομείνωμεν.
1257 1880 1435 1960 Ὅπου
1461 1880 1867 1975 πολεμούμεθα,

1975 1917 2041 1957 ex
2095 1901 2377 1955 hominum
2437 1898 2763 1968 corporibus
2820 1902 2876 1950 et
2929 1893 3152 1949 sedibus
3204 1880 3271 1946 ad
3320 1891 3552 1946 salutem

274 2001 402 2054 ἐκεῖ
436 2000 650 2064 πάντως
673 1998 750 2070 τῷ
772 1998 954 2069 ἑχθρῶ
980 1997 1234 2068 χαλεπῷς
1251 1996 1618 2067 πολεμοῦμεν.
1642 1997 1732 2066 Μὴ
1768 2013 1868 2048 πο·

1970 2002 2215 2050 nostram
2249 1993 2568 2064 proscripti,
2614 1999 2670 2046 et
2711 1991 2764 2044 in
2801 2002 3048 2044 eremum
3081 1994 3176 2041 aut
3218 1985 3424 2039 inferos
3453 1983 3551 2037 de-

278 2092 625 2163 λεμούμενος
645 2092 750 2161 γὰρ
775 2090 832 2158 ἐξ
864 2090 1042 2162 ήμῶν,
1097 2091 1250 2160 φίλος
1296 2088 1510 2160 ἐχθρῶν
1556 2089 1650 2141 καὶ
1707 2087 1869 2150 αὐτὸς

1973 2088 2128 2142 trusi.
2165 2086 2418 2141 Graviter
2451 2090 2771 2155 oppugnant
2835 2076 3194 2135 anachoretas
3249 2076 3586 2147 prresertim'

283 2184 629 2256 εὑρίσκεται.
656 2182 973 2254 Σκεπόμεθα
1011 2186 1078 2255 τῇ
1128 2181 1273 2254 χειρὶ
1308 2180 1404 2235 τοῦ
1450 2181 1655 2251 Κυρίου
1686 2182 1743 2233 ὲν
1789 2178 1869 2249 τῷ

1973 2178 2199 2234 luxuriae
2246 2178 2499 2247 spiritus,
2553 2183 2614 2229 ut
2645 2173 2889 2228 infelices
2933 2170 3172 2243 religiosi
3207 2170 3417 2224 nullum
3450 2166 3552 2223 sibi

186 2311 200 2323 .
280 2276 483 2346 κόσμῳ
522 2274 658 2329 κατά
697 2292 814 2327 τινα
862 2274 1058 2346 χρείαν
1108 2273 1408 2342 διάγοντες,
1442 2272 1573 2333 ἴσως
1611 2269 1671 2334 ἐξ
1702 2268 1869 2338 εὐχῆς

1973 2270 2205 2325 fructum
2245 2286 2312 2324 ex
2362 2269 2542 2339 quieta
2572 2267 2681 2322 vita
2712 2266 2991 2336 percipere
3026 2264 3333 2326 videantur,
3400 2262 3553 2315 iude-

273 2369 378 2421 τοῦ
412 2369 616 2437 πατρὸς
640 2367 924 2431 πολλάκις,
964 2367 1055 2420 ἵνα
1090 2365 1164 2436 μὴ
1196 2365 1292 2419 καὶ
1316 2367 1344 2417 ὀ
1383 2364 1592 2435 Κύριος
1621 2362 1865 2432 βλασφη-

269 2461 429 2533 μηθῇ
466 2461 533 2514 δι’
563 2462 731 2531 ἡμᾶς’
766 2461 883 2514 ἐστι
916 2461 975 2514 δὲ
1028 2459 1116 2511 ὅτε
1153 2458 1248 2511 καὶ
1278 2456 1339 2521 ἐξ
1374 2454 1729 2524 ἀναλγησίας,
1769 2453 1865 2507 καὶ

264 2558 371 2612 τοῦ
408 2560 469 2611 ἐν
497 2557 664 2630 πολλῇ
695 2558 882 2629 πείρᾳ,
914 2557 1009 2610 καὶ
1035 2555 1206 2626 κόρῳ,
1257 2554 1365 2607 τῶν
1412 2551 1724 2621 θεωμένων,
1769 2551 1866 2603 καὶ

267 2647 631 2719 λαλουμένων
662 2647 1045 2718 προϋπάρχειν
1066 2662 1078 2675 ⁸
1104 2646 1137 2715 ἢ
1168 2645 1261 2698 καὶ
1296 2643 1407 2698 τῶν
1435 2641 1705 2712 δαιμόνων
1736 2641 1869 2693 ὐπο-

271 2739 601 2810 χωρούντων
630 2739 914 2803 ἑκουσίως,
934 2739 1029 2792 καὶ
1054 2736 1577 2807 καταλιμπανόντων
1627 2735 1757 2803 ἡμῖν
1778 2732 1871 2785 τὸν

269 2834 381 2902 τῆς
398 2834 626 2905 οἰήσεως
647 2833 878 2901 δαίμονα
896 2831 985 2885 τὸν
1006 2831 1167 2885 τόπον
1185 2830 1403 2883 πάντων
1426 2825 1641 2895 ἀναπλη
1651 2823 1867 2893 ροῦντα.

266 2924 580 2979 Ἀκούσατε
594 2924 689 2978 τοῦ
708 2923 1026 2986 ἀπατεῶνος
1041 2920 1230 2975 τούτου
1253 2916 1500 2990 μηχανὴν
1518 2916 1609 2969 καὶ
1630 2931 1870 2984 πανουρι-

262 3021 427 3089 τίαν,
491 3020 694 3084 πάντες
740 3021 791 3074 οἱ
837 3018 1062 3088 ἁγνείαν
1099 3016 1352 3083 ὲξασκεῖν
1399 3010 1851 3084 προαιρούμενοι,

269 3112 379 3165 καὶ
404 3110 734 3180 φυλάξασθε.

1971 2380 2078 2431 quc
2113 2378 2331 2419 rursum
2368 2362 2433 2417 ad
2463 2361 2751 2417 hominum
2780 2358 2970 2414 turbas
2996 2367 3049 2411 et
3076 2355 3339 2410 mundum
3370 2353 3554 2424 expel-

1970 2459 2176 2514 lantur.
2222 2456 2354 2510 Dein
2385 2454 2650 2509 recedunt
2679 2468 2710 2507 a
2734 2452 2895 2507 nobis
2921 2451 3049 2505 dum
3086 2449 3139 2503 in
3168 2448 3368 2504 saaculo
3399 2447 3554 2517 degi-

1975 2564 2122 2613 mus,
2151 2556 2213 2602 ut
2241 2563 2271 2602 a
2303 2546 2603 2601 tentatione
2633 2544 2791 2598 liberi
2836 2542 2977 2614 apud
3009 2540 3301 2596 saeculares
3334 2554 3556 2593 manea-

1974 2656 2119 2695 mus.
2140 2637 2369 2705 Quando
2392 2637 2460 2691 ab
2478 2636 2634 2691 hoste
2655 2648 3053 2704 oppugnantur,
3081 2632 3304 2687 omnino
3359 2631 3557 2684 acriter

1976 2739 2031 2786 et
2058 2730 2407 2785 vehementer
2432 2742 2558 2782 cum
2608 2726 2701 2781 illo
2733 2723 3100 2795 conﬂigimus.
3136 2721 3458 2791 Quicunque
3491 2737 3552 2775 ex

1977 2825 2141 2879 nobis
2196 2838 2306 2877 non
2360 2830 2727 2891 oppugnatur,
2785 2819 2899 2888 jam
2958 2816 3382 2887 deprehenditur
3431 2830 3557 2869 cum

1977 2916 2135 2971 hoste
2164 2915 2311 2969 velut
2343 2914 2522 2968 amico
2567 2911 2882 2982 conjurare.
2931 2908 3161 2975 Quando
3205 2910 3347 2963 inter
3389 2922 3561 2962 saecu-

1976 3009 2121 3063 lares
2148 3005 2382 3074 alicujus
2411 3002 2615 3073 negotii
2653 3001 2979 3057 conficiendi
3029 3015 3195 3055 causa
3239 2999 3392 3054 missi
3441 3013 3561 3051 ver-

1981 3110 2191 3160 samur,
2232 3102 2346 3148 tum
2384 3090 2598 3145 Domini
2639 3106 2802 3144 manu
2838 3102 2891 3144 et
2926 3091 3101 3161 gratia
3131 3088 3385 3159 tegimur,
3418 3099 3562 3154 saepe

274 3208 456 3264 etiam
528 3207 769 3263 fortasse
803 3209 1058 3276 precibus
1099 3201 1345 3273 religiosi
1385 3199 1564 3256 Patris
1606 3195 1816 3263 nostri,
1853 3210 1921 3249 ne
1961 3190 2226 3247 Dominus
2258 3188 2670 3258 blasphemetur
2708 3194 2930 3256 propter
2990 3200 3109 3239 nos.
3159 3181 3255 3237 Est
3294 3197 3416 3235 cum
3452 3195 3559 3233 non

265 3316 566 3363 tentamur
592 3306 735 3360 inter
769 3275 981 3367 turbas,
1015 3305 1163 3374 quod
1188 3302 1325 3373 jam,
1358 3298 1517 3370 quasi
1560 3294 1870 3359 insensiles,
1907 3291 2112 3347 callum
2159 3284 2575 3348 obduxerimus,
2604 3290 2699 3337 aut
2752 3297 2817 3335 ex
2880 3280 3041 3349 longo
3071 3294 3174 3332 usu
3217 3285 3270 3330 et
3312 3275 3562 3331 satietate

265 3414 463 3455 rerum
501 3399 587 3453 vel
622 3406 989 3469 spectatarum
1030 3367 1115 3451 vel
1158 3367 1470 3449 auditarum
1504 3391 1581 3446 nil
1618 3402 1905 3444 movemur
1948 3382 2209 3454 amplius,
2249 3387 2345 3434 aut
2390 3379 2538 3448 quod
2589 3374 2969 3431 recedentibus
3020 3371 3183 3441 230
3231 3370 3353 3423 aliis
3407 3367 3563 3422 malis

269 3496 457 3565 geniis
486 3495 799 3565 relinquant
829 3494 989 3549 nobis
1026 3508 1195 3547 unum
1230 3490 1483 3546 elationis
1532 3497 1586 3543 et
1614 3484 1887 3555 superbia:
1921 3480 2198 3552 spiritum,
2228 3476 2323 3547 qui
2364 3475 2599 3529 aliorum
2667 3471 2917 3527 omnium
2953 3478 3136 3540 partes
3179 3466 3415 3537 expleat.
3448 3464 3563 3517 Au-

269 3590 394 3644 dite
438 3595 709 3659 quotquot
759 3586 892 3642 cstis
941 3585 1144 3655 quibus
1193 3581 1522 3638 castimonia
1568 3579 1718 3635 cordi
1766 3585 1870 3639 est,
1913 3585 2193 3644 quamque
2241 3580 2498 3624 exercere
2545 3574 2601 3620 et
2646 3564 2788 3620 tueri
2841 3561 3171 3619 conamini:

3232 3560 3436 3623 audite,
3477 3557 3561 3611 in-

271 3698 468 3757 quam,
508 3679 835 3735 veteratoris
877 3678 1043 3748 hujus
1084 3675 1388 3748 improbam
1421 3680 1595 3729 artem
1623 3677 1678 3727 et
1706 3667 2006 3730 malitiam;
2056 3662 2153 3717 sed
2196 3669 2252 3716 et
2296 3667 2506 3715 cavete.

349 3741 666 3845 Διηγήσατό
703 3771 794 3842 μοί
821 3788 905 3834 τις
939 3741 1049 3823 ¹τῶν
1087 3741 1358 3837 ὲν-πείρᾳ
1395 3765 1490 3819 τοῦ
1523 3763 1674 3818 δόλου
1713 3776 1869 3830 γεγο-

2052 3751 2321 3822 Exposuit
2354 3748 2488 3803 mihi
2527 3745 2751 3817 quidam
2798 3760 2865 3799 ex
2903 3743 2970 3800 iis
3000 3742 3094 3813 qui
3127 3741 3562 3812 experimentum

276 3869 478 3932 νότων,
505 3867 579 3930 ὡς
619 3864 944 3928 πλειστάκις
976 3864 1005 3917 ὁ
1037 3860 1146 3915 τῶν
1188 3859 1457 3930 σωμάτων
1491 3857 1700 3927 δαίμων
1741 3855 1874 3907 ὐπο-

283 3959 503 4013 στέλλει
553 3958 742 4012 ἑαυτὸν
796 3957 874 4020 είς
924 3954 1096 4018 τέλος,
1135 3951 1421 4006 εὐλάϐειαν
1462 3948 1773 4019 ἀκροτάτην
1796 3943 1873 4013 τῷ

279 4051 520 4127 μοναχῷ
547 4049 1046 4122 ὐποτιθέμενος,καὶ
1073 4045 1326 4117 δακρύων
1357 4043 1488 4105 ἴσως
1516 4039 1699 4111 πηγὴν
1730 4037 1875 4091 κατά

277 4144 383 4196 τὸν
409 4141 605 4213 καιρὸν
635 4140 789 4211 ἡνίκα
816 4137 1037 4209 γυναιῷ⁸
1076 4135 1442 4205 συγκάθηται,
1483 4132 1517 4203 ἢ
1559 4128 1872 4196 διαλέγεται

276 4235 418 4307 περὶ
452 4235 673 4305 μνήμης
699 4251 758 4286 τε
794 4231 1050 4293 θανάτου,
1091 4228 1185 4282 καὶ
1224 4226 1489 4296 κρίσεως,
1525 4223 1618 4276 καὶ
1656 4236 1872 4291 σωφροο

273 4327 475 4398 σύνης,
506 4323 672 4379 αὐτὸν
714 4322 921 4386 ταύτας
969 4319 1245 4374 νουθετεῖν
1282 4313 1623 4378 ὑποϐάλλων,
1667 4312 1756 4366 ἵνα
1787 4310 1875 4365 διὰ

269 4418 375 4473 τοῦ
402 4418 588 4487 λόγου,
626 4417 725 4471 καὶ
757 4415 858 4486 τῆς
900 4411 1235 4467 ὲπιπλάστου
1275 4406 1560 4468 εὐλαϐείας
1604 4401 1876 4476 προσδρά-

275 4527 463 4585 μωσιν
489 4510 565 4573 ὡς
588 4507 811 4578 ποιμένι
834 4506 915 4577 τῷ
945 4504 1096 4575 λύκῳ
1126 4504 1181 4555 αἱ
1208 4500 1411 4563 ἄθλιαι,
1439 4496 1533 4552 καὶ
1564 4493 1873 4565 συνηθείας,

272 4605 381 4660 καὶ
412 4601 732 4675 παρρησίας
774 4598 964 4653 λοιπὸν
1007 4595 1333 4666 γενομένης,
1366 4591 1486 4645 τότε
1528 4589 1588 4642 τὸ
1621 4586 1820 4659 πτῶμα

275 4694 583 4757 πανάθλιος
631 4692 1023 4764 ὐποστήσεται.
1075 4686 1374 4755 Φεύγοντες
1434 4680 1728 4752 φεύγωμεν
1778 4674 1875 4729 τοῦ

279 4789 361 4862 μὴ
392 4788 613 4859 βλέπειν
654 4785 804 4855 (56),
856 4781 993 4853 μηδὲ
1038 4777 1259 4835 ἀκούειν
1291 4773 1507 4847 καρποῦ
1547 4765 1607 4826 οὐ
1645 4770 1718 4841 μὴ
1749 4768 1877 4862 γεύζ

276 4858 671 4936 σασθαιλοιπὸν
692 4872 1125 4945 συνεταξὰμεθα.
1161 4868 1438 4940 Θαυμάζω
1465 4865 1573 4936 γὰρ
1604 4862 1731 4936 [ὅτι]
1781 4858 1875 4915 τοῦ

278 4971 453 5027 Δαυῖδ
491 4970 588 5024 τοῦ
637 4969 920 5041 προφήτου
946 4963 1337 5036 ἰσχυροτέρους
1388 4957 1617 5019 ἑαυτοὺς
1665 4951 1877 5020 λογιζό-

274 5063 449 5137 μεθα,
503 5064 643 5135 ὅπερ
686 5061 992 5132 ἀμήχανον.
1030 5055 1219 5118 υύτως
1266 5050 1468 5122 ὑψηλὸν
1502 5048 1595 5101 καὶ
1639 5046 1781 5118 μέγα
1818 5042 1877 5096 τὸ

269 5158 380 5227 τῆς
403 5155 629 5224 ἁγνείας
659 5151 960 5223 ἐγκώμιον,
994 5149 1069 5213 ὡς
1100 5144 1368 5218 τολμῆσαί
1396 5160 1547 5205 τινας
1569 5141 1676 5194 τῶν
1699 5138 1875 5193 Πατέ-

276 5267 396 5322 ρων
437 5247 708 5302 ἀπάθειαν
769 5244 939 5316 αὐτὴν
986 5237 1449 5315 προσαγορεῦσαι.
1492 5234 1652 5298 Τινές
1708 5250 1872 5303 φασιν

272 5343 570 5413 ἀμήχανον
598 5339 788 5394 λοιπὸν
818 5335 959 5409 μετὰ
996 5334 1187 5404 γεῦσιν
1220 5330 1519 5403 ἁμαρτίας,
1561 5326 1726 5395 ἁγνὸν
1754 5326 1869 5413 ὀνο-

279 5411 581 5504 μάζεσθαι.
633 5425 777 5496 Ἐγὼ
809 5426 866 5479 δὲ
905 5424 1102 5485 αὐτοὺς
1128 5419 1452 5488 ἀνατρέπων
1478 5414 1715 5484 ἔφασκον
1738 5429 1750 5441 ο
1778 5411 1870 5464 δυ-

272 5500 447 5578 νατὸν
482 5521 578 5575 καὶ
606 5520 789 5592 ῥᾴδιον
820 5516 900 5589 τῷ
929 5500 1241 5588 βουλομένῳ
1271 5506 1584 5580 ἁγριὲλαιον
1626 5507 1706 5568 εἰς
1749 5503 1874 5557 καλ-

271 5612 523 5669 λιέλαιον
573 5610 1043 5682 μετεγκεντρίσαι.
1090 5606 1154 5659 Εἰ
1199 5603 1299 5674 μὲν
1344 5597 1600 5670 παρθένῳ
1641 5596 1720 5668 τῷ
1766 5594 1874 5649 σώ-

279 5723 424 5778 ματι
461 5705 573 5776 (57)
624 5707 678 5757 αἱ
723 5704 870 5767 κλεῖς
898 5701 1007 5755 τῶν
1044 5699 1156 5754 ἄνω
1212 5690 1649 5757 ἐπιστεύθησαν,
1692 5689 1876 5743 δίκαια

279 5800 418 5862 ἴσως
449 5798 500 5851 οἱ
543 5795 933 5869 προλεχθέντες
981 5789 1389 5861 ἐδογμάτιζονν
1428 5784 1729 5854 αἰσχυνέτω
1775 5781 1876 5836 αὐ·-

1978 3841 2189 3896 fraudis
2227 3839 2392 3908 hujus
2435 3837 2675 3905 aecepit,
2716 3834 2862 3903 quod
2910 3833 3143 3887 luxuriae
3189 3831 3415 3901 spiritus
3456 3831 3566 3886 fre-

1975 3931 2341 4003 quentissime
2378 3945 2437 3984 se
2481 3943 2578 3998 per
2619 3925 2850 3980 insidias
2891 3924 2956 3978 ad
3002 3923 3164 3977 finem
3206 3922 3387 3992 operis
3419 3922 3566 3992 quod

1976 4021 2297 4087 destinavit,
2329 4020 2623 4081 subducat,
2653 4017 2986 4086 interimque
3008 4016 3275 4071 monacho
3294 4030 3564 4069 summam

1976 4114 2259 4186 religionis
2290 4112 2545 4182 pietatem
2580 4118 2856 4180 suggerat,
2895 4109 3238 4177 subindcque
3286 4109 3339 4172 iu
3377 4108 3568 4179 lacry-

1975 4224 2097 4263 mas
2121 4208 2199 4262 ire
2218 4213 2396 4276 cogat,
2447 4219 2514 4259 eo
2541 4212 2786 4271 tempore
2836 4216 2948 4272 quo
2992 4216 3117 4257 cum
3160 4198 3379 4254 feminis
3429 4201 3568 4255 resi-

1980 4302 2091 4364 det,
2121 4307 2183 4355 ut
2220 4315 2345 4354 cum
2382 4298 2451 4353 iis
2503 4295 2573 4352 de
2606 4293 3046 4350 consideratione
3088 4291 3300 4357 mertis,
3350 4291 3567 4361 judicii,

1981 4392 2357 4464 temperantiae
2387 4396 2605 4453 tractet,
2643 4401 2850 4456 easque
2880 4384 2949 4439 ad
2976 4400 3071 4440 eas
3109 4385 3341 4439 virtutes
3376 4392 3430 4438 et
3456 4400 3569 4437 me-

1978 4487 2273 4543 ditationes
2305 4482 2573 4553 impellat,
2608 4489 2668 4534 ut
2695 4479 2772 4534 ita
2814 4494 2909 4548 per
2938 4477 3271 4547 colloquium
3306 4485 3361 4531 et
3402 4476 3567 4531 simu-

1977 4580 2143 4635 latam
2187 4574 2445 4646 pietatem
2499 4573 2715 4627 miserze
2763 4571 3007 4640 decepta:
3064 4569 3131 4623 ad
3174 4568 3327 4621 illum
3383 4568 3570 4636 lupum

1979 4678 2242 4741 tanquam
2285 4680 2479 4721 verum
2532 4671 2810 4735 pastorem
2864 4669 3178 4727 accurrant,
3234 4660 3324 4729 qui
3368 4660 3571 4715 sensim

1980 4762 2115 4817 inita
2152 4776 2277 4817 cum
2308 4759 2421 4814 illis
2447 4756 2845 4822 familiaritate,
2867 4745 2946 4808 ἐι
2974 4753 3168 4827 agendi
3204 4752 3571 4823 loquendique

1980 4854 2232 4910 libertate
2259 4851 2385 4906 inde
2411 4859 2559 4914 nata,
2590 4847 3007 4903 infelicissimus
3032 4846 3251 4900 demum
3279 4846 3334 4899 in
3356 4846 3571 4900 ruinam

1981 4960 2225 5017 praeceps
2253 4953 2468 5015 agatur.
2508 4941 2648 4996 Tota
2685 4949 2867 4995 mente
2915 4938 3231 5010 fugiamus,
3276 4954 3453 5009 neque
3494 4939 3571 4992 vi-

1982 5038 2135 5102 dere,
2166 5050 2343 5105 neque
2391 5034 2583 5089 audire
2628 5032 2918 5102 cupiamus
2953 5031 3193 5087 fructum
3232 5031 3446 5085 arboris
3491 5032 3573 5084 iu-

1909 5102 1953 5157 θ
1983 5126 2179 5193 felicis,
2208 5140 2368 5196 quem
2394 5124 2449 5178 in
2496 5138 2718 5178 omnem
2754 5124 2922 5177 vitam
2959 5136 3245 5192 nunquam
3272 5136 3371 5176 nos
3398 5129 3567 5190 gusta-

1981 5229 2140 5276 turos
2168 5218 2402 5289 professi
2424 5232 2639 5272 sumus.
2659 5215 2909 5271 Demiror
2925 5216 3071 5270 enim
3098 5215 3220 5269 illos
3243 5231 3257 5279 ;
3282 5227 3341 5268 se
3368 5212 3572 5267 Davide

1974 5310 2240 5381 propheta
2297 5306 2551 5361 fortiores
2605 5305 2921 5361 existimant
2961 5303 3141 5376 [quod
3207 5317 3308 5356 nos
3370 5301 3571 5357 Davide

1980 5402 2237 5459 fortiores
2276 5397 2712 5471 existimemus],
2761 5398 2904 5469 quod
2934 5397 3047 5452 heri
3074 5412 3179 5451 non
3216 5403 3410 5464 potest.
3436 5393 3570 5450 Tam

1981 5493 2428 5558 altum,sublime
2460 5498 2516 5545 et
2557 5491 2740 5546 nobile
2767 5501 2823 5547 et
2854 5490 3193 5546 encomicum
3230 5498 3284 5543 et
3318 5488 3436 5543 laus
3476 5504 3571 5543 ea-

1984 5589 2190 5644 stitatis
2217 5594 2323 5650 est,
2382 5593 2442 5639 ut
2473 5580 2585 5638 sint
2620 5599 2684 5639 ex
2735 5583 2991 5639 Patribus
3020 5583 3110 5653 qui
3148 5583 3294 5637 illam
3340 5583 3572 5637 audeant

1983 5685 2199 5741 beatam
2234 5698 2300 5739 ac
2331 5681 2481 5737 omni
2522 5680 2656 5735 vitio
2701 5686 2979 5735 carentem
3012 5678 3178 5733 animi
3211 5679 3572 5750 corporisque

1985 5783 2438 5855 tranquillitatem
2478 5777 2776 5850 appellare.
2830 5777 2972 5835 Sunt
3018 5777 3113 5850 qui
3155 5778 3339 5836 dicant
3392 5778 3569 5836 nemi-
