4042 6490
512 420 623 483 895

1775 410 1834 467 S.
1857 409 2178 472 JOANNIS
2205 415 2515 478 CLIMACI

3661 431 3756 495 896

515 530 641 572 rem
712 521 840 586 post
902 516 1180 587 gustatum
1239 515 1531 585 voluptatis
1596 525 1877 584 peccatum
1933 533 2093 589 posse

2214 524 2323 589 ποὺς
2357 526 2386 578 ὁ
2416 524 2685 597 πενθερὰν
2722 528 3086 597 κτησάμενος,
3126 529 3220 583 καὶ
3261 528 3423 598 ἁγνὸς
3468 535 3752 606 γενόμενος,

513 621 729 667 castum
761 611 1043 683 appellari.
1092 610 1303 677 Quibus
1344 625 1444 680 ego
1477 611 1823 681 reprehensis
1866 623 1920 668 et
1972 628 2096 669 cor-

517 704 705 771 rectis,
761 706 949 761 censui
1002 704 1158 759 facile
1209 712 1263 758 et
1313 711 1624 773 promptum
1686 719 1811 759 esse
1866 703 1996 769 Deo.
2047 706 2096 760 si

515 797 665 862 velit,
697 796 994 853 oleastrum
1025 797 1080 849 in
1110 795 1303 850 bonam
1327 795 1526 849 olivam
1557 796 1816 852 insert-re.
1853 797 2012 868 231
2036 796 2094 852 Si

492 892 695 948 claves
752 892 901 962 regni
951 891 1191 947 cmlestis
1246 900 1429 945 essent
1479 891 1554 945 illi
1626 893 1954 947 concreditae
1994 893 2090 961 qui

516 1000 714 1054 corpus
770 985 1119 1055 virgineum,
1172 999 1452 1054 nunquam
1507 985 1846 1056 resignatum
1883 1027 1897 1051 ,
1963 999 2091 1054 pos-

517 1078 767 1141 sedisset,
805 1087 952 1133 recte
986 1079 1059 1132 illi
1101 1079 1293 1133 Patres
1328 1077 1565 1134 fortasse
1587 1080 1947 1135 censuissent.
1988 1078 2092 1133 Sed

515 1170 793 1240 redarguit
830 1186 956 1225 cum
1002 1171 1212 1241 pudore
1269 1171 1315 1226 is
1367 1171 1460 1240 qui
1511 1186 1730 1226 socrum
1788 1170 1998 1234 habuit,
2045 1176 2100 1224 et

517 1271 700 1318 castus
726 1263 951 1320 eli‘ectus
972 1266 1154 1320 claves
1177 1266 1325 1334 regni
1349 1267 1591 1321 cmlestis
1620 1268 1937 1337 reportavit.
1967 1264 2101 1319 Ver-

521 1364 742 1409 tumnus
790 1365 875 1411 est
909 1356 998 1412 ille
1037 1372 1263 1426 serpens
1299 1358 1528 1413 luxuria:
1577 1374 1799 1427 prtcses,
1858 1367 1914 1414 ct
1949 1357 2094 1413 mille

2200 615 2294 669 καὶ
2342 617 2441 680 τὰς
2486 617 2637 682 κλεῖς
2679 620 2780 688 τῆς
2825 618 3103 689 βασιλείας
3144 622 3555 694 ἐπιφερόμενος.
3608 615 3757 685 Πολύ-

2199 724 2405 778 μορφος
2433 710 2461 760 ὁ
2498 708 2606 762 τῶν
2636 711 2903 781 σωμάτων
2932 711 3056 780 δφις
3087 712 3230 783 (38)°
3248 716 3364 777 τοῖς
3393 713 3488 783 μὲν
3518 718 3746 790 ἀπείροις

2195 801 2498 871 ἐνσπείρων
2528 801 2589 854 τὸ
2617 804 2675 855 ὲν
2708 804 2895 874 πείρᾳ,
2921 805 3016 857 καὶ
3048 804 3323 873 γενέσθαι,
3354 808 3448 859 καὶ
3472 811 3772 876 παύσασθαι,

2192 895 2305 955 τοῖς
2325 893 2688 964 δὲὲμπείροις
2714 896 2780 948 ἐκ
2804 895 2904 965 τῆς
2934 896 3158 966 μνήμης
3192 896 3327 966 πρὸς
3354 897 3451 968 τὴν
3479 903 3660 971 πεῖραν
3672 901 3756 958 αὖ-

2199 984 2283 1047 θις
2306 985 2717 1054 προτρέπεταιὸ
2742 985 2970 1049 δείλαιος
2994 986 3235 1059 [δόλιος].
3253 990 3447 1043 Πολλοὶ
3460 990 3566 1043 τῶν
3586 995 3757 1063 προτέ-

2204 1092 2314 1147 ρων
2333 1078 2398 1128 ὲκ
2426 1077 2525 1146 τῆς
2546 1077 2639 1130 τοῦ
2660 1078 2831 1132 κακοῦ
2859 1079 3133 1147 ἀγνωσίας
3162 1080 3493 1151 ἀπολέμητοι
3518 1084 3759 1155 ὑπάρχου-

2206 1186 2284 1224 σι.
2315 1169 2435 1223 Τῶν
2469 1170 2524 1223 δὲ
2545 1171 2812 1241 δευτέρων
2834 1172 2908 1236 ὡς
2929 1175 2987 1226 ὲν
3018 1173 3109 1226 πεί
3116 1190 3185 1243 pq.
3213 1173 3306 1226 τοῦ
3326 1187 3350 1214 ι
3385 1173 3583 1244 μύσους
3595 1179 3756 1232 τούτου

2210 1261 2519 1329 γεγονότες,
2545 1262 2804 1333 ὀχλήσεις
2825 1263 3035 1330 λοιπὸν,
3059 1265 3152 1317 καὶ
3175 1264 3444 1336 πολέμους
3473 1267 3755 1335 ὑφίστανται

2215 1350 2352 1422 πλὴν
2383 1354 2477 1405 καὶ
2501 1353 2810 1407 τούναντίον
2839 1355 3098 1420 πολλάκις
3135 1357 3302 1411 ἐστίν.

522 1434 730 1501 ¹ὀιίηιιε
770 1446 946 1502 induit
978 1466 992 1501 :
1030 1449 1408 1505 innocentibus
1440 1450 1586 1504 enim
1625 1459 1679 1504 et
1717 1465 1899 1504 rerum
1941 1458 2291 1503 venerearum
2319 1443 2637 1512 expertibus
2667 1447 2923 1502 omnibus
2964 1447 3142 1503 modis
3175 1450 3409 1504 suadere
3442 1459 3679 1518 conatur,
3712 1466 3758 1510 ut

522 1536 729 1592 tantum
764 1540 1070 1609 voluptates
1109 1552 1346 1609 gustent,
1382 1543 1753 1612 experiantur,
1784 1552 1838 1596 et
1878 1550 2063 1612 postea
2104 1536 2388 1593 desistant.
2460 1535 2668 1606 Lapsos
2719 1548 2901 1594 autem
2949 1557 3015 1595 ex
3069 1543 3335 1599 memoria
3398 1545 3757 1612 praeteritorum

522 1626 745 1696 instigat
790 1627 973 1683 denuo
1040 1630 1323 1700 improbus
1373 1643 1432 1687 ut
1474 1641 1717 1701 repetant
1759 1629 2363 1701 culpam.-iterumque
2414 1629 2561 1697 quod
2610 1632 2814 1700 experti
2862 1642 3021 1697 sunt,
3081 1635 3457 1703 experiantur.
3532 1635 3673 1691 Multi
3708 1655 3757 1696 ex

523 1719 797 1789 prioribus
856 1738 952 1777 seu
1012 1723 1391 1781 innocentibus
1414 1735 1630 1796 propter
1659 1726 1823 1796 hujus
1851 1725 1977 1780 mali
2006 1722 2368 1794 ignorantiam
2402 1739 2509 1780 non
2538 1733 2837 1781 tentantur.
2879 1727 3019 1783 Laesi
3075 1739 3256 1785 autem
3293 1739 3359 1783 ut
3391 1731 3573 1800 ﬂagitii
3630 1733 3759 1804 hujus

523 1813 941 1868 oblectationem
969 1816 1197 1885 experti,
1229 1816 1487 1887 deinceps
1516 1816 1865 1873 difﬁcultates
1905 1825 1961 1871 et
2015 1826 2223 1884 pugnas
2280 1814 2593 1871 sustinent:
2623 1832 2939 1888 quanquam
2979 1818 3033 1873 in
3068 1821 3154 1875 his
3183 1821 3521 1875 contrarium
3578 1840 3760 1897 quoque

524 1919 635 1960 non
678 1904 990 1976 frequenter
1019 1922 1121 1963 usu
1149 1908 1333 1964 venire
1370 1910 1568 1965 soleat.

595 1998 823 2064 Quando
872 2015 903 2055 e
960 2015 1155 2057 somno
1216 2013 1404 2058 sancte
1458 2003 1860 2072 tranquilleque
1918 1999 2182 2059 exsur-B

526 2091 728 2159 gimus,
778 2092 830 2147 id
860 2092 1102 2148 ccelitum
1135 2102 1446 2148 sanctorum
1491 2094 1754 2149 benelicio
1811 2094 1948 2149 clam
1988 2092 2102 2147 licri

533 2180 859 2251 cogitemus,
907 2183 1209 2251 praesertim
1249 2183 1471 2252 quando
1505 2184 1841 2253 precabuudi
1895 2184 2106 2241 sobrie-

529 2285 637 2339 que
668 2285 770 2324 nos
797 2270 864 2325 ad
894 2285 1144 2325 somnum
1175 2273 1608 2342 composuimus.
1652 2273 1990 2343 Quandoque
2011 2290 2105 2327 ve-

526 2376 590 2415 ro
624 2377 814 2430 parum
841 2362 997 2427 bene,
1025 2363 1119 2418 sed
1150 2363 1332 2420 tristes
1359 2366 1652 2434 maestique
1670 2379 1914 2421 esomno
1936 2365 2106 2433 evigi-

527 2453 707 2509 lamus
749 2453 817 2507 ab
856 2453 1119 2524 improbis
1176 2456 1403 2511 somniis
1452 2465 1506 2511 et
1559 2456 1959 2527 phantasmatis
2010 2460 2107 2512 sc'n

526 2543 662 2597 visis
695 2544 875 2597 vexati
902 2554 953 2597 et
988 2545 1289 2613 perturbati
1328 2564 1341 2600 :
1387 2544 1506 2599 Vidi
1532 2548 1755 2615 impium
1789 2548 2101 2618 superemi-

532 2640 727 2689 totum.
759 2642 807 2685 et
851 2631 1130 2700 clevatum,
1173 2645 1219 2687 el
1247 2635 1635 2703 perturbatum,
1684 2647 1733 2692 et
1770 2640 2025 2708 furentem
2053 2640 2108 2694 in

531 2730 614 2768 me
647 2727 899 2785 tanquam
932 2716 1112 2769 cedros
1156 2716 1349 2772 Libani
1378 2720 1506 2785 ",et
1538 2723 1763 2778 transivi
1810 2740 1907 2793 per
1936 2725 2109 2780 absti—

531 2806 799 2868 nentiam,
833 2815 885 2861 et
916 2821 1043 2861 cccc
1078 2823 1183 2861 non
1216 2819 1332 2864 erat
1380 2819 1439 2866 ut
1498 2813 1650 2882 prius
1698 2814 1852 2869 furor
1880 2816 2020 2886 ejus,
2058 2829 2111 2873 et

532 2895 762 2965 qttmsivi
791 2894 942 2948 illum
974 2894 1026 2947 in
1069 2894 1376 2953 humilitate
1414 2901 1807 2970 cogitationum
1840 2920 2108 2972 mearum,

531 3003 587 3051 ct
607 3012 713 3049 non
745 3005 827 3050 est
856 2995 1108 3051 inventus
1141 2995 1196 3050 in
1222 3012 1311 3052 me
1356 2998 1510 3055 locus
1541 2998 1662 3069 ejus
1695 3009 1791 3055 aut
1820 3003 2111 3073 vestigium

533 3087 674 3156 ejus.
718 3086 879 3157 232
927 3085 1191 3158 Quisquis
1215 3104 1418 3160 corpus
1448 3107 1610 3146 suum
1643 3108 1739 3149 seu
1774 3110 1992 3150 carnem
2029 3099 2111 3150 vi-

532 3180 627 3245 cit,
660 3180 785 3234 vicit
817 3189 1068 3234 naturam
1096 3181 1270 3249 ipsam
1329 3199 1343 3248 ;
1378 3183 1473 3252 qui
1516 3193 1766 3240 naturam
1819 3188 1966 3254 vicit,
1997 3189 2110 3259 jam

534 3287 700 3341 supra
765 3279 1014 3325 naturam
1067 3281 1169 3327 est.
1217 3271 1322 3339 Qui
1354 3274 1618 3342 ejusmodi
1669 3286 1775 3342 est,
1811 3278 1923 3348 jam
1952 3281 2114 3348 paulo

536 3359 719 3412 minor
772 3367 857 3412 est
883 3358 1110 3430 angelis,
1143 3361 1318 3415 ausim
1352 3378 1519 3432 prope
1548 3364 1727 3420 dicere
1780 3368 1917 3422 nihil
1951 3370 2111 3424 talem

536 3451 757 3506 diﬂ'erre
783 3451 851 3505 ab
887 3452 1113 3522 angelis.
1155 3451 1347 3509 Mirum
1375 3446 1547 3511 videri
1599 3474 1707 3513 non
1734 3459 1913 3526 debet,
1944 3462 1990 3517 si
2015 3480 2110 3516 na-

536 3551 674 3598 turae
706 3558 932 3613 corpore
964 3554 1212 3600 carentes
1243 3545 1385 3603 inter
1416 3562 1475 3602 se
1499 3559 1740 3620 pugnant
1774 3551 1853 3623 (ut
1889 3553 2115 3624 angelus

536 3654 661 3695 cum
693 3635 958 3707 diabolo),
1005 3637 1099 3693 sed
1134 3637 1329 3709 ingens
1368 3640 1693 3697 miraculum
1737 3653 1840 3708 est,
1880 3660 2027 3713 vere,
2058 3646 2113 3701 in

535 3748 720 3803 quam,
751 3729 1067 3784 miraculum
1089 3732 1233 3799 quod
1256 3729 1420 3787 homo
1446 3746 1676 3804 corpore
1699 3751 1921 3805 pressus
1945 3737 2117 3792 etini-

538 3824 678 3877 mica
710 3829 872 3891 atque
898 3819 1160 3876 insidiosa
1187 3836 1352 3877 carne
1382 3822 1540 3879 hoste
1562 3825 1779 3891 animae,
1818 3827 2002 3883 hostes
2029 3838 2114 3883 ta-

539 3929 666 3968 men
715 3913 787 3966 ab
830 3910 980 3966 onmi
1013 3912 1259 3982 corporis
1298 3913 1544 3969 molestia
1589 3916 1787 3973 liberos
1818 3918 2116 3989 (daemonas

538 4004 786 4074 inquam)
818 4003 998 4058 vincat
1026 4011 1081 4058 et
1108 4004 1161 4057 in
1188 4003 1369 4073 fugam
1405 4014 1598 4061 vertat.
1640 4007 1910 4074 Quantam
1939 4011 2117 4067 bonus

508 4097 682 4153 .Deus
731 4095 947 4167 generis
1002 4094 1226 4149 humani
1252 4111 1440 4151 curam
1471 4108 1642 4170 gerat,
1695 4101 1859 4157 etiam
1910 4104 1967 4158 in
2013 4105 2118 4160 hoc

536 4189 795 4253 ostendit,
839 4185 1060 4258 quando
1108 4184 1326 4242 feminae
1360 4187 1750 4257 impudentiam
1788 4195 2116 4251 verecundia

537 4292 800 4353 tanquam
843 4280 998 4336 freno
1029 4280 1215 4352 aliquo
1237 4283 1479 4336 coercuit
1503 4290 1558 4336 et
1587 4284 1867 4353 repressit.
1899 4284 2034 4341 Nam
2070 4290 2117 4343 si

537 4373 630 4428 illa
655 4372 720 4427 ad
751 4372 1059 4427 masculum
1086 4372 1231 4426 ultro
1263 4379 1597 4440 accurreret,
1641 4389 1750 4428 non
1781 4374 1936 4430 ﬁeret
1968 4377 2117 4433 salva

537 4465 717 4521 omnis
738 4479 886 4519 caro.
908 4463 1068 4518 Aliud
1091 4463 1158 4518 ab
1179 4463 1452 4534 religiosis
1473 4473 1528 4520 et
1553 4480 1731 4521 rerum
1752 4467 2117 4538 spiritualium

540 4546 904 4629 prudentibus
925 4555 1187 4611 Patribus
1218 4557 1449 4612 traditur
1473 4572 1595 4613 esse
1621 4559 1835 4629 primus
1860 4560 2118 4632 impetus,

538 4648 685 4705 aliud
711 4647 1021 4719 conjunctio
1051 4648 1419 4719 (cogitationis
1465 4664 1591 4704 cum
1642 4650 1854 4721 objecta
1905 4654 2119 4726 impura

541 4743 781 4813 specie);
830 4741 975 4797 aliud
1027 4755 1364 4808 consensus;
1405 4740 1552 4797 aliud
1600 4744 1924 4816 captivitas;
1970 4748 2116 4804 aliud

507 4814 759 4906 'pugua,
817 4833 964 4889 aliud
1019 4832 1165 4901 quod
1203 4832 1408 4889 dicitur
1467 4814 1693 4891 mlh-bus
1731 4835 1963 4911 [passio]
2018 4854 2115 4894 seu

540 4926 707 4982 animi
736 4924 969 4981 affectio.
999 4923 1246 4979 Primum
1284 4925 1544 4995 impetum
1578 4925 1721 4981 beati
1749 4928 1938 4985 Patres
1965 4930 2119 4986 aiunt

539 5033 661 5076 esse
687 5017 899 5073 nudum
932 5024 989 5072 et
1016 5016 1246 5087 simplex
1276 5018 1527 5083 verbum,
1560 5028 1656 5073 aut
1687 5018 1976 5090 imaginem
2022 5038 2119 5077 cu-

542 5111 763 5182 jusiihet
792 5107 872 5164 rei
902 5122 1095 5164 recens
1127 5110 1418 5164 mentiseu
1445 5109 1597 5165 cordi
1639 5110 1906 5180 objectam
1940 5129 1952 5166 :
1985 5127 2115 5168 con-

541 5202 876 5273 iunctionem
904 5201 1130 5273 objecta:
1164 5199 1354 5257 forma:
1379 5210 1434 5257 et
1464 5203 1683 5268 mentis,
1712 5204 1932 5274 quando
1962 5221 2117 5262 mens

543 5292 742 5364 eripuit
772 5291 1040 5363 objectam
1082 5291 1338 5361 speciem,
1372 5301 1428 5347 et
1468 5308 1592 5348 cum
1623 5293 1714 5348 illa
1766 5294 2116 5365 colloquitur,

542 5402 637 5441 seu
663 5400 791 5440 cum
825 5382 967 5438 malo
993 5381 1208 5449 al‘fcctu,
1237 5399 1332 5439 seu
1361 5384 1479 5439 sine
1501 5383 1694 5440 all‘ectu
1741 5405 1753 5440 :
1787 5401 2116 5444 consensum

543 5478 742 5531 docent
780 5489 928 5542 esse,
968 5474 1187 5545 quando
1228 5475 1410 5529 anima
1452 5491 1576 5530 cum
1619 5475 1976 5535 delectatione
2021 5497 2120 5535 an-

546 5565 666 5622 nuit
701 5565 926 5637 objecta!
964 5564 1157 5621 forma:
1202 5583 1215 5620 :
1260 5566 1628 5636 captivitatem
1671 5584 1802 5624 vero
1851 5586 1974 5625 cum
2022 5587 2119 5628 cor

613 5676 661 5709 ⁸⁸
692 5676 837 5731 Psal.
870 5692 1059 5743 xxxvi,
1085 5678 1176 5731 5b.

2284 1996 2413 2050 Ὅτε
2446 1996 2511 2049 ἐκ
2543 1996 2653 2051 τῶν
2688 1996 2874 2051 ὕπνων
2898 1998 3096 2066 ἀγαθοὶ
3131 1997 3245 2070 (39)
3294 2001 3398 2054 καὶ
3430 2002 3679 2073 είρηνικοί
3700 2024 3760 2060 τι-

2204 2104 2293 2151 νες
2317 2087 2798 2157 ἁνιστάμεθα,ὐπὸ
2828 2088 2997 2156 ἁγίων
3028 2089 3274 2157 ἀγγέλων
3318 2089 3480 2144 τοῦτο
3503 2091 3762 2163 λεληθότως

2206 2181 2573 2251 ὑπομένομεν,
2614 2181 2705 2233 καὶ
2751 2180 2988 2250 μάλιστα
3037 2183 3168 2235 ὅταν
3217 2180 3366 2253 μετὰ
3402 2184 3595 2252 πολλῆς
3628 2187 3761 2257 εὐχῆς

2206 2272 2303 2324 καὶ
2326 2271 2539 2341 νήψεως
2564 2271 2921 2342 κοιμηθέντες
2948 2273 3305 2343 τυγχάνωμεν
3322 2288 3335 2300 ·
3354 2272 3471 2325 ἔστι
3497 2274 3552 2327 δὲ
3576 2274 3653 2327 ὅτε
3670 2276 3762 2348 [καὶ

2207 2362 2355 2417 ἔστιν
2386 2364 2498 2426 ὅτε,
2548 2363 2889 2436 σκυθρωποὶ]
2927 2364 3020 2418 καὶ
3057 2366 3160 2417 οὐκ
3205 2364 3414 2434 ἁγαθοὶ
3469 2365 3574 2419 τῶν
3612 2366 3760 2420 ὕπνων

2207 2455 2566 2525 ἀνιστάμεοα,
2600 2454 2705 2508 ὑπὸ
2747 2456 3001 2526 πονηρῶν
3039 2456 3319 2510 ἐνυπνίων
3367 2457 3518 2512 τοῦτο
3550 2458 3635 2530 [aL
3672 2459 3765 2513 ἐστι

2207 2547 2251 2600 δ’
2294 2548 2383 2600 ὅτε
2422 2547 2523 2600 οὐκ
2576 2546 2792 2615 ἀγαθοὶ,
2831 2547 2970 2602 ἀλλὰ
3012 2549 3201 2618 πικροί
3243 2566 3401 2610 τινες
3455 2549 3561 2602 τῶν
3610 2550 3759 2603 ὕπνων

2208 2637 2545 2708 ἀνιστάμεοα
2596 2638 2701 2697 ὑπὸ
2751 2638 3003 2710 πονηρῶν
3038 2640 3338 2704 ἐνυπνίων,
3378 2641 3472 2694 καὶ
3514 2641 3760 2712 θεαμάτων

2208 2727 2391 2800 τοῦτο]
2430 2728 2696 2791 παθόντες
2739 2728 2833 2800 [aL
2880 2730 3229 2802 πάσχοντες].
3262 2728 3459 2786 Εἶδον
3479 2733 3581 2786 τὸν
3604 2731 3760 2799 ἀσεϐῆ

2210 2820 2738 2888 ὑπερυψούμενον,
2765 2819 2863 2874 καὶ
2892 2820 3317 2890 ἐπαιρόμενον,
3368 2822 3466 2877 καὶ
3506 2824 3756 2892 ταρασσό-

2204 2926 2413 2978 μενον,
2449 2909 2547 2962 καί
2572 2912 2941 2978 μαινόμενον
2973 2909 3043 2963 ἐν
3087 2910 3238 2979 ἐμοὶ,
3296 2913 3378 2978 ὡς
3413 2913 3517 2979 τὰς
3553 2913 3756 2981 κέδρους

2211 3001 2318 3055 τοῦ
2343 3000 2626 3065 Λιϐάνου,
2658 3002 2754 3055 καὶ
2788 3000 3065 3072 παρῆλθον
3095 3001 3161 3054 δι’
3191 3003 3536 3073 ἐγκρατείας·
3565 3004 3647 3057 καὶ
3674 3003 3756 3055 ἰδοὺ

2212 3090 2311 3143 οὐκ
2335 3084 2403 3159 ἦν
2434 3089 2509 3151 ὡς
2534 3086 2596 3141 τὸ
2624 3089 2756 3156 πρὶν
2776 3090 2804 3143 ὁ
2826 3088 2996 3159 θυμὸς
3024 3087 3190 3142 αὐτοῦ
3224 3106 3255 3124 ·›
3278 3091 3375 3143 καὶ
3421 3091 3649 3162 ἐζήτησα
3684 3090 3759 3143 αὐ-

2212 3182 2304 3236 τὸν
2346 3182 2691 3246 ταπεινώσας
2718 3199 2821 3251 μου
2860 3183 2951 3235 τὸν
2978 3181 3263 3252 λογισμὸν,
3321 3183 3415 3236 καὶ
3456 3185 3550 3252 οὐχ
3598 3182 3757 3253 εὑρέθη

2214 3274 2273 3328 ὲν
2299 3274 2424 3344 ἐμοὶ
2451 3276 2479 3327 ὁ
2504 3275 2670 3337 τόπος
2700 3272 2888 3335 αὐτοῦ,
2916 3273 2949 3345 ἢ
2983 3272 3042 3326 τὸ
3077 3274 3223 3344 ἴχνος
3256 3275 3450 3330 αὐτοῦ.
3479 3275 3652 3337 Ὅστις
3675 3273 3758 3325 σῶ-

2223 3382 2301 3437 μα
2335 3365 2586 3435 ἐνίκησεν
2633 3366 2765 3436 (40),
2816 3357 2971 3429 οὗτος
3012 3365 3172 3434 φύσιν
3220 3367 3507 3438 ἐνίκησενο
3545 3367 3573 3418 ὁ
3609 3365 3659 3418 δὲ
3683 3363 3760 3433 τὴν

2221 3457 2381 3527 φύσιν
2438 3465 2691 3528 νικήσας,
2737 3458 2954 3520 πάντως
2996 3458 3137 3525 ὑπὲρ
3188 3456 3357 3526 φύσιν
3400 3455 3756 3527 ἐγένετο-ὁδε

2220 3542 2374 3610 οὗτος
2406 3547 2696 3615 γενόμενος
2733 3545 3012 3616 ἠλαττώθη
3049 3544 3223 3617 βραχύ
3277 3565 3332 3601 τι
3372 3548 3500 3618 παρ’
3528 3544 3758 3613 ἀγγέλοις,

2223 3636 2310 3692 ἵνα
2361 3636 2434 3707 μὴ
2490 3636 2651 3700 εῖπω,
2691 3636 2862 3691 οὐδέν.
2913 3638 2987 3690 οὐ
3023 3636 3208 3708 θαῦμα
3232 3637 3315 3710 τῷ
3349 3637 3601 3708 astipuch
3635 3634 3760 3689 astat

2226 3726 2537 3798 μάχεσθαι’
2571 3724 2755 3796 θαῦμα
2784 3726 2865 3791 δὲ,
2894 3725 3065 3789 ὅντως
3109 3726 3321 3797 θαῦμα,
3352 3727 3413 3780 τὸ
3451 3726 3624 3780 ἕνυλον
3651 3724 3761 3776 κατᾶ

2221 3814 2318 3883 τῆς
2351 3813 2552 3886 ἐχθρᾶς
2571 3812 2777 3884 ταύτης
2814 3813 2911 3866 καὶ
2948 3812 3238 3866 ἐπιϐούλου
3274 3811 3411 3884 ὕλης
3442 3816 3564 3875 τοὺς
3602 3810 3762 3867 άΰλονς

2223 3904 2453 3975 ἐχθροὺς
2483 3903 2871 3974 τροπὼσασθαι
2931 3902 3064 3974 (41).
3121 3902 3336 3973 Πολλὴν
3390 3904 3516 3975 περὶ
3569 3902 3696 3972 ἡμᾶς
3743 3899 3765 3948 ὀ

2223 3996 2428 4066 ἀγαθὸς
2448 3997 2651 4068 Κύριος
2700 3995 3021 4067 ποιούμενος
3050 3995 3144 4047 καὶ
3172 3995 3231 4048 ἐν
3261 3996 3441 4067 τούτῳ
3480 3993 3576 4062 τὴν
3609 3991 3763 4060 ἐπιμέ-

2222 4089 2394 4154 λειαν,
2425 4089 2525 4158 τὴν
2566 4087 2661 4141 τοῦ
2705 4087 2893 4158 θήλεος
2935 4086 3351 4157 ἀναισχυντίαν,
3385 4084 3566 4155 ὥσπερ
3598 4078 3765 4153 χαλινῷ

2223 4204 2331 4240 τινι
2357 4188 2421 4257 τῇ
2452 4185 2594 4239 αἰδοῖ
2637 4183 3018 4255 ἐπεστόμισεν.
3057 4183 3120 4236 Εἰ
3164 4180 3277 4253 γὰρ
3327 4183 3503 4235 ἐκεῖνο
3549 4177 3672 4250 πρὸς
3718 4173 3763 4225 τὸ

2168 4342 2176 4350 ,
2224 4278 2394 4350 ἄρρεν
2420 4276 2736 4346 ηὐτομόλει,
2770 4276 2870 4328 οὐκ
2904 4276 2971 4329 ἂν
3014 4274 3193 4345 ὲσὼθη
3236 4275 3390 4328 πᾶσα
3438 4272 3590 4343 σάρξ.
3634 4265 3765 4321 ’Λλλο

2225 4369 2519 4443 προσϐολὴ,
2543 4370 2637 4423 καὶ
2664 4368 2793 4423 ἄλλο
2829 4366 3190 4438 συνδυασμὸς,
3247 4366 3346 4421 καὶ
3376 4365 3502 4421 ἄλλο
3531 4358 3763 4432 συγκατὰο

2226 4464 2396 4530 θεσις,
2427 4465 2522 4517 καὶ
2558 4463 2687 4518 ἄλλο
2734 4460 3101 4532 αἰχμαλωσία,
3145 4459 3242 4512 καὶ
3277 4457 3466 4530 ἕτερον
3512 4455 3663 4523 πάλη,
3691 4448 3764 4503 καὶ

2226 4555 2354 4610 ἄλλο
2380 4554 2442 4609 τὸ
2470 4553 2761 4625 λεγόμενον
2804 4550 2976 4612 πάθος
3011 4549 3104 4603 ἐπὶ
3143 4550 3242 4619 τῆς
3273 4549 3473 4620 ψυχῆς,
3511 4544 3652 4616 παρὰ
3676 4540 3763 4598 τοῖς

2225 4648 2336 4701 τῶν
2369 4646 2622 4719 πατέρων
2650 4644 3003 4715 διακριτικοῖς
3024 4637 3163 4695 εἶναι
3201 4641 3469 4712 ὁρίζεται.
3494 4629 3764 4709 ῐιροσεολὴν

2228 4739 2325 4810 μὲν
2364 4737 2472 4809 γὰρ
2510 4739 2560 4791 οἱ
2588 4738 2848 4808 μακάριοι
2878 4731 3019 4789 εἶναι
3050 4732 3328 4805 ὁρίζονται
3357 4731 3513 4800 λόγον
3549 4724 3701 4797 ψιλὸν,
3737 4720 3765 4789 ἢ

2223 4832 2409 4885 εἰκόνα
2432 4829 2528 4884 τοῦ
2560 4821 2813 4901 τυχόντος
2849 4826 3125 4898 νεοφανῶς
3150 4827 3206 4879 ὲν
3235 4827 3303 4895 τῇ
3341 4822 3536 4896 καρδίᾳ
3568 4820 3768 4888 ἐμφερο-

2228 4921 2395 4993 μένην
2437 4935 2453 4952 ⁶
2487 4918 2827 4987 συνδυασμὸν
2859 4917 2940 4986 δὲ,
2986 4918 3048 4972 τὸ
3080 4915 3413 4985 συλλαλῆσαι
3457 4909 3534 4979 τῷ
3576 4902 3765 4976 φανέντι

2229 5012 2367 5087 μετὰ
2398 5012 2625 5080 πάθους,
2666 5011 2699 5083 ἦ
2735 5011 2961 5074 ἀπαθῶς
2993 5026 3007 5042 ο
3054 5007 3456 5078 συγκατάθεσιν
3504 5001 3561 5056 δὲ
3613 4994 3766 5051 νεῦσιν

2225 5107 2472 5179 ὲνήδονον
2500 5108 2599 5178 τῆς
2623 5105 2799 5177 ψυχῆς
2819 5106 2958 5177 πρὸς
2983 5097 3043 5158 τὸ
3061 5103 3225 5172 ὁφθὲν
3247 5099 3534 5171 γινομένην
3557 5114 3568 5125 ·
3594 5093 3764 5162 αἰχμα-

2224 5200 2427 5255 λωσίαν
2447 5199 2557 5271 (45)
2589 5199 2646 5252 δὲ
2680 5198 2861 5269 βιαίαν
2883 5198 2978 5252 καὶ
3008 5195 3260 5251 ἀκούσιον
3290 5195 3389 5265 τῆς
3416 5188 3630 5259 καρδίας
3648 5182 3764 5271 dﬁcit

2225 5289 2431 5361 γωγὴν,
2522 5265 2777 5359 ἐπίμονον
2807 5288 2901 5341 καὶ
2928 5290 3028 5357 τῆς
3059 5285 3290 5357 ἀρίστης
3343 5279 3497 5352 ἡμῶν
3526 5265 3762 5361 καταστάὲ

2228 5398 2364 5444 σεως
2397 5380 2759 5451 ἀφανιστικὴν
2796 5378 3083 5433 συνουσίαν
3137 5375 3271 5444 πρὸς
3311 5372 3373 5424 τὸ
3402 5367 3575 5440 τυχόν.
3606 5357 3761 5456 Πάλην

2226 5474 2285 5527 δὲ
2312 5475 2583 5545 ὁρίζονται
2621 5446 2761 5526 εἶναι
2796 5470 3043 5540 ἰσοσθενῆ
3087 5468 3221 5540 πρὸς
3258 5465 3349 5519 τὸν
3377 5460 3663 5535 μαχόμενον
3688 5446 3762 5499 δν-

2225 5584 2410 5636 ναμιν,
2435 5565 2701 5629 ἑκουσίως
2731 5564 2764 5637 ἢ
2798 5564 3061 5629 νικῶσαν,
3097 5562 3130 5634 ἦ
3160 5561 3262 5633 τὴν
3282 5555 3460 5630 ἧτταν
3496 5546 3760 5617 ὑπομένθυ³

2152 4692 2200 4750 D

615 5767 691 5837 (α)
720 5770 923 5833 Micon;
954 5770 1141 5849 τούτου
1177 5771 1474 5844 Martem-3x
1498 5772 1734 5842 ἥδονται,
1759 5786 1823 5828 ex
1844 5770 1969 5827 odio
1985 5771 2127 5841 quod
2154 5776 2208 5834 in
2256 5778 2371 5849 ipsa
2413 5776 2749 5849 experientia
2806 5783 3196 5846 concepcrunt,
3261 5771 3508 5836 dctnccps
3558 5752 3765 5818 volupw'

547 5837 694 5894 tibus
722 5854 828 5895 non
859 5840 1170 5911 capiuntur.
