4042 6428
244 346 354 411 997
1301 336 1529 394 SCAIA
1566 325 1950 392 I‘ARADISI.
1970 350 2043 363 ι--
2074 322 2382 384 GRADUS
2411 323 2531 383 XV.
3414 324 3528 385 893

252 482 372 519 σαν·
415 460 591 525 πάθος
637 461 696 513 δὲ
726 458 931 529 κυρίως
970 449 1113 509 εἶναι
1151 453 1403 520 λέγουσιν
1435 448 1497 501 τὸ
1525 448 1702 518 χρόνῳ
1739 462 1845 515 μα-

1979 439 2219 493 ·ἰοιρηιοι·
2241 447 2294 492 et
2321 437 2548 490 invitum
2580 434 2736 505 quasi
2769 449 2862 504 per
2892 434 2997 488 vim
3025 434 3291 504 abripitur
3322 433 3394 491 ab
3444 434 3530 488 in-

248 555 366 627 κρῷ
401 555 463 606 ἐν
483 556 550 623 τῇ
575 523 725 622 illum
751 523 1013 621 ἐμπαθῶς
1047 542 1386 615 ἐμφωλεῦον,
1423 541 1516 593 καὶ
1545 539 1735 607 ὥσπερ
1759 538 1840 599 εἰς

1979 539 2087 582 ecta
2140 527 2323 596 specie
2382 533 2477 580 aut
2522 532 2903 595 perseverante
2964 523 3347 593 conjunctione
3404 537 3530 576 cum

249 644 360 707 ἕξιν
412 642 588 710 αὐτὴν
638 639 822 692 λοιπὸν
858 640 917 689 ἐν
959 638 1025 706 τῇ
1062 634 1201 705 πρὸς
1234 631 1367 685 αὐτὸ
1406 628 1667 700 συνηθείᾳ
1704 629 1840 694 ἀγα·

1982 635 2012 673 e
2061 617 2297 687 objecta,
2349 631 2471 685 qua:
2518 615 2785 685 optimum
2840 614 3037 668 animre
3083 622 3288 668 nostrae
3331 621 3533 667 statum

250 703 366 806 γδν,
419 703 914 801 καὶ-αὐθαιρέτως
971 703 1157 781 λοιπδν
1202 727 1261 778 ἐν
1304 721 1453 793 αύτῷ
1491 721 1587 775 καὶ
1624 720 1841 782 οἰκείως

1979 708 2203 762 unditus
2239 705 2434 760 evertit
2482 711 2537 758 ct
2589 705 2906 782 exstinguit.
2943 703 3104 774 233
3157 703 3401 774 Pugnam
3437 719 3532 758 seu

248 824 687 896 αὐτομολοῦσαν.

1979 814 2154 861 uetam
2187 803 2475 867 deﬁniunt,
2501 818 2624 857 cum
2657 803 2773 873 pari
2800 802 2999 856 virtute
3028 802 3290 856 adversus
3320 803 3534 856 hostem

248 893 550 990 pugnatur,
576 923 633 969 et
677 913 915 968 luctator
951 909 1036 965 vel
1063 916 1258 979 sponte
1281 904 1470 970 vincit,
1503 905 1587 959 vel
1620 911 1817 973 sponte
1860 899 2118 955 vincitur.
2151 895 2403 951 Morbum
2435 910 2529 950 seu
2564 895 2873 965 passionem
2901 894 3099 949 anima‘
3129 893 3318 948 dicunt
3343 894 3535 947 vitium

246 985 403 1083 quod
460 1010 625 1078 longo
666 1013 913 1075 tempore
971 999 1384 1073 quodammodo
1429 995 1730 1051 niditicavit
1768 996 1823 1049 in
1869 991 2074 1055 anima,
2125 1004 2190 1044 ac
2219 986 2479 1056 deinceps
2529 986 2689 1083 quasi
2731 985 2783 1040 in
2814 985 3060 1040 habitum
3098 994 3152 1039 et
3187 1001 3345 1039 usum
3387 986 3534 1038 illam

248 1076 499 1167 deduxit,
532 1076 610 1154 uti
643 1097 864 1153 demum
888 1109 986 1150 sua
1008 1102 1203 1164 sponte
1237 1098 1293 1146 et
1318 1089 1463 1145 ultro
1493 1086 1833 1143 familiariter
1857 1084 1925 1139 ad
1981 1082 2173 1137 vitium
2214 1079 2345 1134 illud
2375 1077 2521 1148 quod
2569 1076 2626 1130 in
2671 1077 2790 1146 ipso
2817 1078 2999 1131 sedem
3030 1076 3234 1147 posuit,
3262 1086 3533 1131 accurral.

316 1198 547 1251 Τούτων
578 1193 799 1248 πάντων
838 1190 901 1244 τδ
941 1188 1041 1261 μὲν
1075 1187 1295 1260 πρῶτον
1337 1184 1747 1257 ἀναμάρτητον,
1784 1180 1847 1235 ἰδ

245 1293 303 1347 δὲ
341 1288 599 1357 δεύτερον
627 1285 689 1338 οὺ
718 1283 959 1347 πάντως,
1015 1280 1077 1334 τὸ
1114 1280 1175 1334 δὲ
1212 1280 1397 1351 τρίτον
1431 1277 1569 1349 πρὸς
1610 1276 1712 1347 τὴν
1752 1273 1847 1330 τοῦ

247 1376 666 1450 ἀγωνιζομένου
693 1374 1054 1428 κατάστασιν
1084 1373 1118 1443 ἠ
1142 1371 1199 1426 δὲ
1233 1372 1377 1440 πάλη
1411 1371 1447 1440 ἢ
1476 1367 1781 1437 στεφάνων,
1813 1364 1846 1435 ἢ

247 1470 539 1544 τιμωριῶν
567 1469 764 1530 αἴτιος.
800 1467 867 1519 Ἦ
892 1465 1002 1537 γάρ
1032 1462 1382 1534 αἱχμαλωσία
1405 1462 1608 1533 ἑτέρως
1636 1461 1695 1513 ὲν
1730 1464 1851 1512 και-

253 1564 338 1635 ρῷ
365 1560 695 1632 προσευχῆς,
729 1556 825 1611 καὶ
858 1555 1063 1626 ἑτέρως
1096 1555 1156 1607 ὲν
1192 1552 1365 1623 ἑτέρῳ
1399 1550 1598 1622 καιρῷ,
1629 1549 1724 1603 καὶ
1753 1548 1851 1602 ἄλ-

250 1655 368 1716 λως
399 1652 496 1704 ἐπὶ
527 1650 736 1721 μέσοις,
765 1648 861 1702 καὶ
889 1646 1066 1706 ἄλλως
1092 1644 1189 1698 ἐπὶ
1216 1648 1471 1717 πονηροῖς
1497 1641 1851 1713 ἐνθυμήμασι

2025 1177 2104 1232 Ex
2131 1175 2219 1231 bis
2247 1174 2507 1230 omnibus
2548 1172 2805 1244 gradibus
2835 1172 3043 1241 primus
3068 1172 3411 1241 cOgitationis
3441 1186 3537 1226 seu

1952 1266 2269 1324 tentationis
2309 1265 2548 1320 assultus
2598 1272 2653 1316 et
2684 1261 2918 1330 impetus
2945 1268 3168 1329 peccato
3192 1269 3343 1315 caret
3369 1279 3383 1326 ;
3406 1260 3541 1314 alter

1952 1372 2086 1414 vero
2120 1371 2234 1411 non
2265 1354 2494 1410 omnino
2532 1360 2691 1405 vacat
2724 1351 2918 1419 culpa;
2952 1349 3145 1404 tertius
3174 1366 3269 1404 sru
3304 1365 3534 1405 consen-

1957 1465 2054 1507 sus
2090 1463 2193 1520 pro
2224 1448 2441 1503 ratione
2487 1453 2542 1500 et
2569 1456 2713 1500 statu
2743 1443 3005 1497 luctantis
3055 1457 3113 1497 se
3158 1442 3321 1496 habet
3352 1459 3365 1494 :
3398 1443 3541 1495 lucta

1958 1550 2140 1595 autem
2181 1548 2277 1593 aut
2306 1550 2565 1592 coronam
2599 1535 2757 1606 parit,
2788 1542 2884 1588 aut
2916 1532 3267 1603 supplicium.
3304 1531 3544 1601 Captivi-

1960 1643 2049 1689 tas
2090 1632 2250 1686 aliter
2291 1638 2536 1700 tempore
2574 1627 2867 1690 orationis,
2909 1625 3068 1680 aliter
3117 1624 3224 1680 alio
3278 1634 3541 1694 tempore,

256 1702 540 1813 ξέῖνέτᾷιῖ
580 1702 653 1794 τὺῗ
808 1737 982 1799 πάθος
1023 1702 1414 1807 ἀναμφιϐόλως
1450 1702 1528 1788 *ἐν
1573 1702 1761 1796 στάσιν,
1814 1733 1848 1805 ἢ

1979 1725 2121 1781 tliter
2150 1724 2205 1777 in
2241 1720 2467 1778 incertis
2499 1720 2698 1775 mediis
2743 1734 2840 1775 seu
2881 1718 3321 1772 indiﬂerentibus
3342 1760 3356 1783 ,
3389 1717 3547 1772 aliter

259 1834 545 1904 ἀντιζύγῳ
602 1831 861 1903 μετανοίᾳ
894 1830 1032 1901 (45),
1090 1828 1125 1900 ἢ
1176 1831 1241 1900 τῇ
1290 1827 1560 1900 μελλούσῃ
1625 1827 1849 1882 κολάσει

260 1928 570 1981 ὑπόκειται·
599 1928 627 1979 ὁ
654 1926 835 1977 τοίνυν
871 1923 932 1976 τὸ
959 1923 1176 1993 πρῶτον
1216 1921 1444 1986 ἀπαθῶς
1478 1920 1847 1992 λογιζόμενος,

267 2020 457 2072 πάντα
479 2020 545 2071 τὰ
566 2017 765 2087 ἔσχατα
786 2016 877 2085 ὑφ’
904 2014 1334 2085 ἐνπεριέκοψεν.
1366 2016 1523 2068 Ἔστι
1557 2013 1709 2086 παρά
1738 2016 1853 2080 τοῖς

275 2112 693 2183 ἀκριϐεστάτοις
734 2109 838 2163 τῶν
867 2108 1192 2178 γνωστικῶν
1224 2108 1516 2178 Πατέρων,
1564 2107 1655 2160 καὶ
1688 2107 1855 2176 ἑτέρα

275 2220 365 2267 τις
393 2201 600 2255 τούτων
638 2200 932 2271 λεπτοτέρα
973 2198 1174 2262 ἔννοια,
1209 2199 1349 2269 ὅπερ
1385 2197 1463 2269 (α)
1508 2198 1853 2268 παραρριπι-

274 2296 418 2365 σμὸν
439 2293 514 2364 (b)
537 2292 651 2355 νοός
677 2309 820 2355 τινες
853 2290 1223 2362 ὀνομάζεσθαι
1251 2290 1524 2359 λέγουσιν,
1548 2290 1698 2350 ὅστις
1727 2288 1855 2359 χρό-

266 2402 364 2436 νου
398 2383 592 2454 χωρὶς,
620 2381 716 2437 καὶ⁸
736 2381 896 2451 λόγου
931 2382 1026 2435 καὶ
1053 2381 1263 2445 εἰκόνος
1293 2380 1563 2451 ὀξυτέρως
1593 2379 1653 2434 τὸ
1686 2378 1858 2442 πάθος

263 2472 345 2543 τῷ
399 2471 665 2541 πάσχοντι
719 2471 1007 2542 σημαίνειν
1050 2471 1285 2539 πέφυκε.
1321 2470 1528 2524 Θᾶττον
1565 2471 1717 2523 οὐδὲν
1763 2470 1858 2523 τοῦ

266 2561 412 2635 {az-.1]
459 2561 571 2615 τῶν
622 2563 915 2631 σωμάτων,
963 2561 1222 2635 ὀξύτερον
1284 2561 1317 2633 ἢ
1370 2564 1741 2632 ἀφανέστερον
1803 2563 1859 2614 ὲν

269 2653 582 2725 πνεύμασιν
610 2647 754 2707 εἶναι
791 2653 1022 2723 πέφυκε,
1073 2655 1262 2729 μνήμῃ
1292 2654 1419 2725 ψιλῇ
1468 2647 1563 2708 καῖ
1604 2655 1863 2709 άσυνδιά-

273 2764 407 2818 στῳ,
440 2747 655 2817 ἀχρόνῳ
682 2762 746 2798 τε
781 2746 877 2799 καὶ
907 2747 1172 2819 ἁφράστῳ
1222 2748 1324 2820 [(ιί.
1364 2747 1673 2821 deﬁcimur],
1715 2748 1866 2820 παρά

266 2854 387 2890 τισι
414 2836 471 2890 δὲ
501 2835 595 2890 καὶ
631 2833 901 2907 ἀγνώστῳ
927 2838 1027 2908 τὴν
1065 2837 1261 2890 ἑαυτοῦ
1303 2840 1362 2890 ὲν
1395 2839 1459 2907 τῇ
1484 2840 1630 2908 ψυχῇ
1658 2855 1865 2909 παρου-

267 2926 398 2979 σίαν
433 2926 717 2988 ποιοῦντος
754 2923 1069 2995 [ὲμφαῖνον,
1108 2925 1183 2979 al.
1220 2927 1452 2998 ποιοῦν].
1493 2927 1561 2980 Εἴ
1576 2943 1661 2991 τις
1688 2928 1866 2981 τοίνυν

265 3021 375 3089 τὴν
402 3017 666 3088 τοιαύτην
701 3016 870 3069 αὐτοῦ
895 3016 1201 3087 λεπτότητα
1236 3016 1325 3070 διά
1357 3017 1589 3081 πένθους
1623 3018 1868 3073 καταλα-

266 3113 395 3165 ϐεῖν
442 3110 706 3181 ηδινήοη,
730 3105 893 3175 οὗτος
930 3111 1081 3181 ἡμᾶς
1127 3110 1337 3174 διδάξαι
1383 3110 1631 3175 δύναται,
1660 3112 1777 3175 πῶς
1807 3111 1869 3165 τέ

268 3208 395 3258 ἐστι
424 3205 520 3259 καὶ
544 3203 811 3273 ὀφθαλμῷ
843 3203 1009 3274 μόνῳ,
1036 3202 1165 3274 ψιλῇ
1188 3219 1245 3256 τε
1272 3202 1370 3275 θέᾳ
1398 3204 1493 3258 καὶ
1517 3204 1628 3275 ἀφῇ
1664 3204 1867 3275 χειρὸς,

268 3297 374 3350 καὶ
406 3295 604 3365 μέλους
632 3294 904 3365 ἀκροάσει
934 3294 1091 3357 ἐκτὸς
1120 3295 1301 3364 πάσης
1333 3294 1561 3359 ἐννοίας,
1596 3297 1691 3348 καὶ
1724 3295 1873 3364 λογι-

270 3387 422 3459 σμοῦ
456 3386 741 3459 πορνεύων
766 3386 947 3457 ψυχὴν
970 3386 1258 3457 ἐμπαθῶς.
1293 3387 1451 3450 Τινὲς
1484 3402 1651 3455 φασιν
1676 3388 1741 3439 ὲκ
1764 3388 1873 3441 τῶν

272 3479 562 3549 λογισμῶν
576 3479 674 3551 τῆς
701 3478 928 3547 καρδίας
952 3478 1015 3532 τὸ
1041 3478 1202 3549 σῶμα
1224 3481 1306 3542 είς
1329 3479 1475 3550 πάθη
1498 3479 1775 3550 ἔρχεσθαιο
1795 3497 1876 3532 τι⁹

274 3569 374 3633 νὲς
402 3568 460 3622 δὲ
493 3567 654 3623 πάλιν
680 3568 744 3621 τὸ
767 3568 1026 3637 ἔμπαλιν,
1059 3568 1126 3620 ὲκ
1148 3566 1256 3619 τῶν
1279 3567 1372 3621 τοῦ
1404 3568 1656 3636 σώματος
1685 3568 1877 3640 αἰσθή-

278 3677 426 3715 σεων
451 3661 579 3723 τοὺς
613 3660 889 3731 πονηροὺς
917 3659 1315 3713 ἀποτίκτεσθαι
1352 3659 1671 3729 λογισμούς·
1705 3659 1799 3712 καὶ
1827 3661 1877 3712 oi

284 3755 385 3822 μὲν
412 3750 673 3824 πρότεροί
704 3767 892 3819 φασιν,
923 3751 1021 3804 ἐὰν
1053 3749 1128 3821 μὴ
1171 3747 1202 3801 ὁ
1234 3749 1360 3812 νοῦς
1405 3748 1698 3821 προδράμῃ
1741 3748 1876 3820 (44),

283 3845 386 3896 οὐκ
411 3844 477 3897 ἂν
509 3844 572 3896 τὸ
600 3842 765 3913 σῶμα
797 3842 1283 3913 ὲπακολουθήσειν’
1328 3843 1377 3895 οἱ
1419 3842 1475 3895 δὲ
1503 3841 1746 3913 δεύτεροι
1781 3841 1880 3913 τὴν

292 3935 387 3987 τοῦ
417 3934 734 4005 σωματικοῦ
767 3933 974 3993 πάθους
1005 3934 1344 4004 κακουργίαν
1387 3936 1468 3997 εἰς
1509 3934 1720 3986 οἰκείαν
1755 3950 1882 3986 συν-

290 4028 527 4098 ηγορίαν
600 4027 824 4099 φέρουσι
882 4027 1154 4096 λέγοντες·
1212 4025 1482 4091 Πολλάκις
1549 4027 1608 4093 ἐξ
1660 4028 1883 4097 ἡδίστης

290 4118 479 4186 ὂψεως
502 4116 537 4187 ἢ
562 4118 734 4188 χειρὸς
762 4118 927 4189 ἀφῆς,
959 4117 993 4188 ἢ
1025 4117 1258 4181 εὐώδους
1286 4117 1630 4191 ὀσφρήσεως,
1656 4118 1690 4190 ἢ
1715 4119 1884 4187 ἀκοῆς

300 4210 610 4280 ἠδυφωνίας
663 4211 711 4263 oi
769 4209 1019 4281 λογισμοὶ
1074 4211 1133 4263 ὲν
1181 4212 1249 4281 τῇ
1301 4209 1504 4282 καρδίᾳ
1542 4210 1642 4280 τὴν
1682 4209 1885 4263 εἴσοδον

287 4302 683 4374 λαμϐάνουσιν.
716 4302 853 4374 Περὶ
876 4302 1084 4356 τούτων
1115 4304 1144 4356 ὁ
1173 4302 1473 4373 δυνάμενος
1493 4303 1553 4357 ἐν
1589 4302 1778 4373 Κυρίῳ
1805 4301 1887 4355 δι-

1962 1817 2017 1873 in
2073 1815 2341 1885 improbis
2380 1811 2804 1884 cogitationibus
2845 1810 3123 1881 judicatur
3164 1827 3178 1863 :
3211 1810 3405 1864 vitiosa
3443 1824 3544 1864 au-

1960 1918 2067 1965 tem
2137 1908 2307 1963 animi
2359 1906 2573 1963 aﬂ‘ectio
2629 1905 2748 1960 sine
2807 1904 2915 1957 ulla
2977 1903 3386 1969 controversia,
3440 1904 3546 1959 nisi

1958 2002 2078 2072 pari
2140 2001 2469 2071 ptenitentia
2526 1999 2763 2061 eluitur,
2800 1997 3068 2068 supplicio
3113 1997 3380 2069 expianda
3440 2006 3543 2054 est.

1961 2091 2065 2159 Qui
2109 2092 2344 2163 primum
2372 2091 2634 2161 impetum
2669 2089 2983 2144 tentationis
3005 2086 3239 2155 fortiter,
3274 2090 3420 2144 nulla
3452 2090 3548 2144 ad-

1961 2186 2130 2240 missa
2154 2184 2401 2255 improba
2429 2182 2780 2253 cogitatione,
2803 2182 3085 2243 sustinuit,
3116 2180 3550 2236 simulomnibus

1963 2276 2321 2347 sequentibus
2366 2276 2668 2331 assultibus
2713 2274 2852 2328 viam
2906 2273 3181 2343 praeclusit
3204 2281 3257 2328 et
3284 2270 3546 2343 praecidit.

1965 2370 2163 2424 Adhuc
2195 2369 2300 2422 alia
2339 2368 2588 2438 quasdam
2638 2366 2723 2420 his
2778 2366 2933 2435 longe
2968 2363 3220 2419 subtilior
3247 2365 3314 2417 ah
3339 2363 3552 2419 studio-

1968 2460 2209 2516 sissimis
2235 2460 2525 2516 doctorum
2554 2459 2780 2513 Patrum
2813 2455 3071 2527 cogitatio
3106 2456 3549 2525 deprehenditur,

1973 2571 2139 2626 quam
2174 2555 2399 2626 quidam
2430 2554 2854 2609 insinuationem
2891 2567 2984 2607 seu
3022 2551 3426 2621 subreptionem
3457 2565 3556 2620 ap-

1970 2649 2158 2720 pellari
2192 2647 2487 2712 allirmant,
2525 2660 2646 2715 quae
2676 2660 2735 2700 se
2766 2644 2818 2699 in
2844 2644 3034 2698 tentati
3074 2642 3318 2698 animum
3352 2642 3405 2696 in
3438 2657 3556 2697 mo-

1973 2750 2177 2807 mento,
2208 2740 2328 2794 sine
2357 2737 2505 2793 verbi
2532 2737 2775 2801 notione,
2809 2736 2925 2791 sine
2962 2735 3172 2805 objecta
3200 2734 3437 2805 imagine
3468 2734 3555 2788 in-

1974 2836 2195 2891 sinuare
2223 2831 2380 2887 solet.
2404 2829 2550 2885 Nihil
2578 2831 2632 2884 in
2661 2844 2889 2899 corpore
2918 2828 3175 2894 celerius,
3210 2828 3341 2882 nihil
3366 2829 3421 2882 in
3446 2828 3558 2898 spi-

1976 2928 2171 2983 ritibus
2206 2924 2511 2996 promptius
2549 2931 2644 2978 aut
2675 2923 2931 2978 subtilius
2963 2922 3076 2976 fieri
3108 2922 3413 2977 consuevit.
3445 2920 3558 2976 Me-

1978 3022 2152 3077 moria
2184 3020 2329 3074 nuda
2356 3020 2475 3074 sine
2496 3017 2859 3073 collocutione
2887 3024 2983 3071 aut
3006 3015 3410 3087 conjunctione,
3442 3015 3561 3071 sine

1975 3130 2162 3179 mora,
2210 3128 2274 3167 ex
2317 3112 2655 3182 improviso,
2703 3108 2775 3163 ita
2820 3117 2881 3162 ut
2946 3110 3087 3176 apud
3126 3108 3421 3164 nonnullos
3459 3123 3561 3163 nec

1972 3214 2302 3280 agnoscatur
2322 3204 2567 3274 quidem,
2591 3218 2746 3257 suam
2774 3201 3118 3272 praesentiam
3151 3201 3349 3256 animae
3377 3211 3562 3257 osten-

1973 3299 2078 3354 dit.
2115 3296 2280 3370 234
2335 3297 2391 3351 Si
2423 3295 2547 3365 quis
2587 3295 2732 3348 hanc
2789 3293 2950 3347 talem
3007 3293 3156 3349 illius
3205 3293 3562 3349 subtilitatem

1973 3404 2073 3457 per
2109 3388 2389 3457 planctum
2426 3398 2623 3455 capere
2655 3390 2835 3453 potest
2862 3392 2915 3437 et
2969 3382 3290 3452 intelligere,
3331 3382 3420 3437 ille
3463 3396 3564 3436 nos

1976 3480 2174 3549 poterit
2203 3481 2418 3543 docere,
2461 3477 2760 3545 quomodo,
2800 3475 3047 3544 inquam,
3082 3475 3175 3530 fiat
3198 3486 3255 3529 ut
3297 3490 3393 3545 per
3427 3474 3565 3530 sim-

1979 3571 2173 3642 plicem
2203 3569 2491 3625 oculorum
2526 3567 2803 3632 obtutum,
2832 3567 3119 3637 solumque
3147 3577 3448 3637 aspectum,
3474 3575 3565 3620 aut

1980 3670 2300 3716 contactum
2342 3677 2566 3724 manus,
2598 3669 2693 3715 aut
2732 3659 3018 3715 cantilena:
3045 3660 3406 3725 auditionem,
3449 3661 3568 3715 sine

1981 3754 2090 3807 ulla
2126 3752 2459 3822 cogitatione
2487 3761 2581 3806 aut
2611 3750 3031 3805 ratiocinatione
3054 3751 3233 3805 anima
3268 3751 3566 3805 libidinose

1984 3843 2310 3913 inquinetur
2366 3851 2419 3896 et
2457 3850 2867 3913 corrumpatur.
2926 3841 3064 3895 Sunt
3094 3841 3187 3910 qui
3225 3850 3468 3904 censent,
3500 3857 3568 3895 ex

1983 3937 2413 4008 cogitationibus
2434 3950 2464 3989 a
2493 3934 2659 3989 corde
2686 3934 2948 4005 profectis
2978 3950 3177 4003 corpus
3207 3934 3262 3989 in
3294 3934 3568 3987 luxuriam

1986 4030 2190 4099 impelli
2219 4039 2275 4084 et
2329 4028 2497 4082 inlici.
2554 4027 2659 4081 Alii
2714 4037 2901 4083 contra
2956 4042 3053 4097 per
3081 4042 3276 4083 sensus
3322 4027 3571 4095 corporis

1989 4122 2146 4175 aiunt
2169 4120 2433 4176 exsistere
2467 4118 2746 4188 improbas
2774 4117 3155 4188 cogitationes.
3191 4116 3271 4171 llli
3302 4115 3573 4173 allirmant

1988 4214 2094 4269 nisi
2126 4229 2284 4269 mens
2328 4220 2654 4283 praecurrat,
2698 4226 2898 4281 corpus
2943 4225 3051 4265 non
3105 4209 3282 4280 sequi.
3341 4208 3407 4265 lli
3442 4225 3574 4269 vero

1989 4302 2174 4358 vitiosi
2228 4301 2479 4374 corporis
2532 4300 2938 4372 improbitatem
2980 4316 3077 4370 pro
3128 4316 3229 4356 suo
3268 4302 3574 4373 patrocinio

285 4394 462 4460 δείξει.
504 4393 654 4446 Πάνυ
697 4393 806 4464 γάρ
841 4393 912 4447 τά
947 4390 1175 4446 τοιαῦτα
1215 4395 1330 4456 τοῖς
1372 4392 1461 4446 διά
1492 4391 1751 4462 γνώσεως
1790 4391 1872 4463 τὴγ

1993 4394 2292 4464 adducunt,
2354 4393 2657 4463 dicuntque
2705 4408 3082 4462 saepenumero
3132 4393 3486 4464 cogitationes
3518 4394 3572 4449 in

286 4483 607 4557 πρακτικὴν
668 4485 1094 4555 μετερχομένοις
1145 4485 1419 4551 ἀναγκαῖα
1470 4484 1566 4537 καὶ
1607 4484 1881 4555 ὠφέλιμα.

284 4580 420 4642 Τοῖς
450 4578 561 4647 γὰρ
585 4579 645 4630 ἐν
666 4576 934 4646 ἁπλότητι
963 4576 1193 4647 καρδίας
1222 4576 1484 4648 ἐργάταις
1506 4576 1711 4631 τούτων
1731 4575 1887 4646 λόγος

279 4672 493 4735 οὐδείς·
520 4672 583 4723 οὐ
619 4670 729 4742 γάρ
759 4670 980 4723 πάντων
1008 4671 1044 4741 η
1073 4669 1298 4738 γνῶσις,
1321 4668 1443 4723 οὐδὲ
1476 4667 1695 4723 πάντων
1723 4670 1757 4741 ὴ
1789 4687 1892 4740 μα-

280 4766 466 4836 καρία
494 4762 758 4833 ἁπλότης,
785 4764 816 4816 ὁ
843 4762 1024 4830 θώραξ
1066 4762 1203 4831 πρὸς
1230 4764 1362 4827 τοὺς
1394 4762 1504 4816 τῶν
1529 4762 1782 4834 πονηρῶν
1809 4763 1895 4818 δό-

279 4856 442 4915 λους·
471 4853 592 4908 ἔνια
622 4853 720 4925 μιν
745 4853 855 4907 τῶν
886 4852 1075 4906 παθῶν
1099 4854 1161 4905 ἐκ
1192 4852 1300 4907 τῶν
1328 4854 1481 4917 ἐντὸς
1516 4854 1611 4908 ἐπὶ
1638 4854 1704 4908 τὸ
1731 4855 1892 4925 σῶμα

277 4946 666 5019 προέρχονται
715 4943 829 5016 (45)
850 4960 864 4975 ’
893 4944 1016 4998 τινὰ
1058 4943 1117 4998 δὲ
1152 4944 1313 4999 πάλιν
1350 4944 1411 4998 τὸ
1439 4944 1675 5016 ἔμπαλιν
1718 4948 1812 5000 καὶ
1833 4949 1893 5000 ὲν

270 5043 414 5102 τοῖς
447 5038 550 5113 μξν
572 5039 631 5091 ὲν
655 5039 847 5108 κόσμῳ
867 5037 928 5090 τὸ
948 5036 1222 5107 δεύτερον·
1247 5038 1307 5090 ἐν
1328 5035 1385 5089 δὲ
1407 5038 1517 5101 τοῖς
1549 5038 1755 5108 μονήρη
1779 5037 1893 5109 βίον

280 5129 557 5203 μετιοῦσι
614 5130 675 5183 τὸ
715 5130 977 5201 πρότερον
1026 5128 1119 5181 διὰ
1156 5128 1258 5198 τὴν
1289 5127 1400 5181 τῶν
1441 5127 1584 5182 ὑλῶν
1633 5129 1889 5202 ἀπορίαν.

293 5221 460 5289 Ἐγὼ
503 5222 565 5276 δὲ
609 5222 741 5293 περὶ
779 5221 972 5275 τούτου
1008 5222 1185 5273 ἐκεῖνο
1226 5219 1389 5286 λέγω·
1435 5222 1702 5293 Ζητήσεις
1743 5224 1894 5295 παρά

279 5315 499 5376 κακοῖς
539 5312 775 5379 σύνεσιν,
802 5313 900 5366 καὶ
925 5311 1026 5381 οὐχ
1054 5310 1326 5382 εὑρήσεις.
1357 5310 1525 5363 Ὅταν
1546 5311 1718 5365 πολλά
1757 5312 1892 5384 πρὸς

400 5492 461 5568 ᾳ)
499 5495 738 5568 ’ᾚνπεμ
769 5498 825 5567 ἦ,
856 5497 1045 5568 ὅνπερ,
1081 5496 1185 5552 nisi
1217 5496 1599 5568 subintelligas
1619 5495 1816 5568 πάθος.

403 5565 458 5630 b)
514 5565 1008 5639 Παραρῥιμισμὸς“
1042 5583 1072 5622 a
1130 5565 1565 5639 napapglmtﬁui,
1621 5565 1887 5639 subrepta.

289 5640 495 5705 Inepte
550 5635 805 5691 emendat
853 5635 1042 5691 contra
1102 5635 1348 5689 omnium
1421 5635 1672 5689 codicum
1732 5636 1890 5688 [idem

288 5707 581 5771 lsseltius,
612 5708 970 5776 πριαπισμδν,
1003 5716 1056 5760 et
1095 5706 1358 5773 σατυρίαν
1390 5719 1689 5773 exponens,
1745 5720 1895 5756 rnor-

295 5783 468 5844 bum,
498 5778 745 5849 inquam,
782 5778 1023 5847 corporis
1060 5777 1254 5833 veretri
1279 5776 1595 5847 tentiginem
1632 5789 1898 5847 :prorsns

1991 4501 2089 4542 cor
2145 4495 2453 4556 penetrare,
2506 4484 2595 4540 vel
2631 4498 2697 4538 ex
2734 4483 3124 4555 elegantissimi
3178 4493 3231 4539 et
3277 4485 3574 4556 gratissimi

1994 4577 2243 4648 corporis
2274 4584 2521 4646 aspectu,
2547 4572 2633 4629 vel
2666 4588 2733 4629 ex
2777 4588 2973 4629 manus
3009 4584 3176 4639 tactu,
3208 4575 3293 4629 vel
3325 4591 3390 4630 ex
3438 4575 3574 4631 odo-

1996 4684 2119 4725 rum
2169 4667 2488 4739 fragrantia,
2532 4680 2698 4736 quam
2754 4680 2915 4722 nares
2951 4666 3234 4732 hauriunt,
3268 4668 3349 4722 vel
3404 4668 3579 4724 dulcis

2000 4762 2123 4819 soni
2156 4761 2348 4816 auditu
2406 4770 2563 4817 natas
2611 4767 2892 4832 ortasque.
2930 4759 3193 4830 Quisquis
3225 4767 3424 4831 potest,
3455 4775 3578 4827 nos,

2004 4854 2255 4921 obsecro,
2298 4854 2353 4908 in
2382 4853 2618 4925 Domino
2649 4854 2861 4911 doceat.
2898 4851 3040 4908 Sunt
3070 4852 3214 4908 enim
3256 4854 3362 4909 hoc
3410 4868 3581 4926 genus

2000 4946 2378 5003 institutiones
2418 4947 2487 5002 iis
2540 4945 2967 5018 pcrnecessariae
3016 4954 3072 5001 et
3116 4945 3314 5010 utiles,
3359 4946 3451 5016 qui
3486 4960 3584 5015 per

1999 5040 2385 5111 cogitationem
2421 5040 2487 5095 ad
2523 5040 2794 5096 actionem
2827 5039 3194 5094 exercendam
3225 5036 3587 5110 progrediun-

2000 5142 2109 5187 tur.
2158 5131 2293 5186 Nam
2353 5132 2422 5187 iis
2471 5132 2563 5201 qui
2612 5131 2664 5185 in
2718 5130 3070 5200 simplicitate
3119 5129 3303 5185 cordis
3345 5127 3430 5184 sui
3478 5124 3586 5182 Deo

2001 5233 2319 5294 operantur.
2348 5225 2494 5279 nulla
2521 5239 2702 5279 rerum
2735 5223 3115 5295 hujuscemodi
3144 5223 3282 5277 ratio
3315 5219 3584 5275 habenda.

2000 5314 2111 5370 Nec
2164 5317 2311 5371 enim
2359 5315 2605 5371 omnium
2651 5324 2734 5370 est
2768 5316 3020 5380 scientia,
3070 5329 3171 5370 nec
3215 5313 3459 5370 omnium
3505 5318 3590 5367 est

2004 5499 2101 5553 abs
2131 5513 2214 5563 re,
2272 5513 2396 5554 cum
2449 5506 2646 5555 auctor
2700 5496 2909 5551 ἔννοιαν
2936 5493 3290 5566 λεπτοτέραν,
3327 5493 3587 5566 γᾷχρονον,

2003 5572 2291 5651 61%“:va
2303 5571 2399 5651 καὶ
2427 5570 2720 5650 ἄγνωστον.
2764 5567 3042 5651 appellet,”
3070 5565 3361 5651 quahniiltil
3410 5570 3590 5651 potest

2004 5636 2127 5693 esse
2144 5640 2428 5764 1su|btilius,
2461 5636 2584 5697 cum
2641 5636 2937 5710 priapismo
2968 5636 3106 5692 nihil
3156 5636 3226 5691 sit
3254 5638 3498 5694 crassius
3526 5642 3582 5689 et

2012 5723 2137 5764 ncta
2160 5726 2195 5763 ιι
2224 5726 2327 5765 tus.
