4042 6420
262 303 375 368 901

1304 310 1536 371 SCALA
1554 305 1933 369 PARADISI.
1962 328 2031 341 ·-
2059 307 2369 370 GRADUS
2403 310 2524 370 XV.

3446 318 3556 386 902

261 416 428 472 Tunc
446 417 715 477 Altissimi
759 422 964 479 senties
1000 422 1288 490 auxilium,
1313 436 1369 482 et
1391 423 1812 495 inaspectabiles
1868 421 2055 478 hostes
2082 425 2288 480 ccclesti
2324 440 2490 480 manu
2525 428 2872 496 persequeris
2898 435 2952 484 et
2982 429 3230 500 repelles.
3255 431 3359 499 Qui
3394 433 3467 489 ita
3499 436 3555 491 in

257 511 460 599 hostes
489 528 739 586 pugnare
771 518 1077 583 consuevit,
1106 518 1337 574 celerem
1373 519 1440 574 de
1488 519 1740 574 hostibus
1770 514 2054 570 victoriam
2084 518 2199 573 sola
2229 519 2391 574 etiam
2431 526 2612 575 mente
2650 522 2943 591 pugnando
2976 535 3363 596 consequetur.
3394 526 3556 599 237

260 583 342 656 lta
388 604 537 659 enim
578 604 720 661 Deus
750 621 884 662 suos
915 607 1215 664 luctatores
1258 609 1492 666 invictos
1540 619 1825 681 praestare,
1872 613 1927 661 et
1973 610 2182 678 praemii
2216 611 2337 666 loco
2376 613 2575 667 merito
2601 615 2938 669 remunerari
2964 616 3120 671 solet.

346 692 443 746 Ἐν
516 697 862 767 συναθροίσει
918 717 1022 753 που
1095 700 1364 771 εὑρεθεὶς,
1427 701 1866 773 ἐπεσημηνὰμην

2042 702 2102 757 ln
2133 702 2371 773 quodam
2404 715 2548 760 cmtu
2578 704 2956 777 religiosorum
2990 708 3230 765 virorum
3266 710 3559 768 observavi
3640 725 3647 730 '

258 786 564 841 σπουδαῖον
592 787 823 857 ἀδελφὸν
857 790 964 843 ὑπὸ
993 791 1249 864 πονηρῶν
1280 791 1559 864 λογισμῶν
1600 790 1864 863 ὀχληθέν-

254 893 331 930 τα
358 895 377 910 ο
426 879 521 934 καὶ
549 880 719 934 τόπου
751 882 1009 953 ἁρμοδίω
1045 884 1121 955 μὴ
1154 885 1470 953 εὑρεθέντος
1504 884 1584 947 εἰς
1618 882 1866 952 ἀπόκρυ-

202 966 211 969 ”
254 988 369 1040 φον
401 973 732 1044 προσευχῆς,
772 976 852 1038 είς
873 962 971 1047 τὴν
997 977 1096 1045 τῆς
1118 976 1354 1047 γαστρὸς
1380 976 1572 1045 χρείαν
1602 978 1869 1045 εἰσπεπη-

251 1060 454 1132 δηκὼς
486 1064 561 1127 ὡς
594 1065 688 1119 ὑπ’
718 1065 888 1135 αὐτῆς
920 1069 1250 1137 νενυγμένος
1276 1107 1289 1133 ,
1321 1069 1524 1138 εὐτόνῳ
1562 1068 1695 1139 eam
1727 1065 1867 1120 κατὰ

250 1154 382 1207 τῶν
426 1155 701 1225 πολεμίων
742 1157 1055 1228 ἐχρήσατο·
1105 1158 1239 1230 ἐμοῦ
1279 1159 1337 1212 δὲ
1389 1159 1484 1212 ἐπὶ
1528 1161 1595 1230 τῇ
1635 1158 1730 1211 τοῦ
1777 1157 1867 1211 τό-

252 1260 377 1297 που
414 1244 490 1315 (α)
544 1246 906 1318 ἅνοικειότητι
959 1247 1120 1301 αὐτὸν
1174 1248 1654 1319 ἐπιμεμψαμένου,
1694 1246 1868 1318 ’Υπὲρ

250 1336 621 1407 ἀκαθάρτων,
652 1338 819 1407 φησὶν
844 1377 860 1402 ,
890 1338 1167 1410 λογισμῶν
1204 1339 1442 1407 διώξεως
1487 1341 1544 1393 ὲν
1574 1338 1868 1411 ἀκαθάρτῳ

250 1428 423 1498 τόπῳ
484 1429 884 1502 προσηυξάμην
946 1430 1345 1503 καθαρισθῆναι
1407 1431 1602 1502 ῥύπου.
1660 1432 1868 1494 Πάντες

256 1522 376 1593 μὲν
403 1523 450 1575 oi
477 1522 733 1593 δαίμονες
766 1523 991 1578 σκοτοῦν
1014 1524 1105 1578 τὸν
1157 1524 1281 1577 νοῦν
1309 1523 1694 1594 δοκιμάζουσιν
1721 1540 1733 1553 ·
1762 1521 1867 1577 εἷθ’

250 1615 446 1678 οὕτως
473 1654 488 1679 ,
531 1614 602 1667 τὰ
645 1615 833 1679 αὐτοῖς
879 1615 1010 1685 φίλα
1050 1615 1463 1670 ὑποϐάλλουσιν.
1514 1616 1578 1669 Ei
1635 1615 1710 1687 μὴ
1758 1614 1868 1684 γὰρ

257 1708 483 1771 ἐκεῖνος
523 1706 830 1778 καμμύσει,
870 1708 933 1761 ού
983 1707 1348 1779 συληθήσεται
1375 1708 1421 1776 ςὸ
1464 1707 1756 1778 θησαυρός.
1809 1707 1868 1761 '0

256 1799 327 1853 δὲ
358 1799 458 1869 τῆς
484 1799 738 1871 πορνείας
771 1798 954 1870 πολλῷ
986 1799 1146 1854 πλέον
1182 1801 1424 1855 πάντων.
1473 1792 1643 1863 Οὗτος
1667 1798 1869 1853 πολλά-

260 1908 362 1954 κις
391 1891 484 1944 τὸν
531 1892 777 1962 ἡγεμόνα
817 1889 941 1945 νοῦν
979 1890 1270 1963 συλλήσας,
1306 1892 1401 1945 καὶ
1442 1891 1535 1945 ἐπὶ
1565 1890 1868 1963 ἀνθρώπων

269 1985 459 2037 ποιεῖν
490 1984 872 2055 προτρέπεται,
904 1983 999 2037 καὶ
1036 1983 1469 2054 παρασκευάζει,
1513 1982 1658 2053 άπερ
1682 1982 1731 2035 οἱ
1772 1981 1863 2064 ὲξτ

274 2072 579 2145 εστηκότες
615 2072 764 2143 μόνοι
798 2071 1141 2144 ἐργάζονται.
1178 2072 1342 2126 Ὅθεν
1374 2072 1513 2143 μετὰ
1555 2072 1744 2142 καιρὸν
1771 2059 1867 2124 τοῦ
1902 2059 1944 2119 Β

279 2164 410 2227 νοὸς
432 2164 751 2235 ἐκνήφοντος
769 2164 826 2217 οὐ
854 2165 1016 2235 μόνον
1038 2166 1164 2228 τοὺς
1195 2164 1586 2235 θεασαμένους,
1615 2164 1750 2220 ἀλλὰ
1773 2166 1867 2219 καὶ

278 2258 518 2320 ἑαυτοὺς
540 2257 633 2310 ἐπὶ
663 2260 776 2321 ταῖς
804 2256 1016 2311 ἑαυτῶν
1041 2258 1301 2328 άσέμνοις
1333 2258 1586 2330 πράξεσι,
1620 2260 1713 2313 καὶ
1745 2261 1869 2330 ὀμι-

271 2349 424 2413 λίαις
452 2348 483 2419 ἦ
514 2350 782 2420 σχήμασιν
807 2348 1198 2420 αἰσχυνόμεθα,
1221 2350 1317 2403 καὶ⁵
1340 2350 1439 2420 τὴν
1457 2348 1683 2421 πρώτην
1706 2351 1867 2421 ήμῶν

267 2442 540 2514 ⁸πώρωσιν
581 2442 1028 2513 ὲκθαμϐούμεθα.
1082 2442 1274 2496 Τοίνυν
1320 2442 1467 2506 τινὲς
1503 2442 1765 2507 πολλάκις
1806 2445 1871 2497 ἐκ

266 2537 375 2606 τῆς
396 2534 654 2604 τοιαύτης
682 2534 1008 2606 διακρίσεως
1032 2534 1124 2589 τοῦ
1151 2533 1323 2589 κακοῦ
1347 2535 1675 2589 ἐπαύσαντο.
1707 2536 1873 2588 Ἀπο-

218 2646 225 2655 ‘
275 2630 514 2703 στρέφου
547 2629 660 2701 (50)
705 2629 798 2683 τὸν
856 2630 1116 2701 πολέμιον
1177 2630 1267 2684 τὸν
1331 2631 1471 2701 μετὰ
1522 2632 1621 2701 τὴν
1670 2629 1872 2703 πρᾶξιν

278 2723 683 2795 προσεύχεσθαί
718 2740 777 2776 σε
800 2762 815 2788 ,
849 2722 881 2794 ἢ
918 2722 1226 2791 θεοσεϐεἴν,
1269 2723 1303 2794 ἢ
1339 2725 1638 2795 ἀγρυπνεῖν
1670 2723 1870 2777 ἀνακό-

270 2834 488 2873 πτοντα
510 2832 523 2846 ·
564 2815 925 2888 μνημονεύων
954 2816 1044 2871 τοῦ
1077 2814 1325 2880 εἰπόντος
1351 2832 1365 2846 ⁸
1395 2816 1497 2869 Διὰ
1526 2814 1588 2869 τὸ
1616 2816 1742 2879 τοὺς
1780 2814 1874 2868 κό-

268 2925 417 2974 πους
454 2926 546 2979 μοι
588 2908 852 2980 παρέχειν
881 2907 979 2980 τὴν
1007 2906 1112 2961 ὑπὸ
1158 2907 1266 2962 τῶν
1306 2906 1634 2979 προλήψεων
1672 2924 1872 2978 τυρανο

266 3004 549 3074 νουμένην
568 3001 769 3071 ψυχὴν,
798 3000 1013 3071 ποιήσω
1041 2997 1139 3071 τὴν
1181 2998 1470 3071 ἐκδίκησιν
1484 2999 1656 3070 αὐτῆς
1679 3001 1744 3053 ἐκ
1764 2999 1871 3052 τῶν

267 3093 497 3166 ἐχθρῶν
530 3093 720 3164 αὐτῆς.
753 3092 851 3156 Τίς
891 3092 1051 3163 σῶμα
1081 3091 1332 3164 ἐνίκησεν
1360 3110 1374 3157 ;
1410 3092 1598 3153 Ὅστις
1639 3090 1872 3163 καρδίαν

269 3187 625 3257 συνέτριψεν.
663 3184 759 3248 Τίς
790 3183 846 3237 δὲ
879 3184 1108 3256 καρδίαν
1159 3182 1511 3255 συνέτριψεν;
1550 3185 1645 3245 Ὃς
1679 3182 1872 3237 ἑαυτὸν

264 3281 577 3352 ἠρνήσατο.
604 3276 727 3342 Πῶς
751 3277 858 3347 γὰρ
884 3278 945 3330 οὐ
971 3277 1282 3349 συνετρίϐη,
1304 3277 1361 3341 ὃς
1385 3276 1654 3349 θελήματι
1683 3276 1874 3347 τέθνη-

268 3389 417 3436 κεν;
452 3372 643 3424 Ἔστιν
682 3370 938 3441 ἐμπαθὴς
969 3369 1250 3440 ὲμπαθοῦς
1292 3367 1723 3440 ἐμπαθέστερος,
1778 3368 1872 3421 καὶ

270 3463 455 3534 αὐτὴν
498 3462 597 3531 τὴν
628 3458 737 3513 τῶν
779 3458 973 3513 ἑαυτοῦ
1013 3458 1307 3530 μολυσμῶν
1345 3458 1701 3531 ἐξαγόρευσιν
1738 3460 1876 3530 μετὰ

268 3552 618 3628 ἡδυπαθείας
646 3550 908 3622 ἐνηδόνως
940 3550 1281 3621 ποιούμενος.
1310 3552 1373 3604 0i
1412 3553 1471 3603 ἐν
1503 3551 1703 3623 καρδίᾳ
1738 3551 1876 3605 ἀχά-

273 3649 476 3718 θαρτοι
505 3645 600 3699 καὶ
629 3644 848 3715 αἰσχροὶ
874 3643 1022 3712 λόγοι
1044 3644 1109 3696 ἐκ
1134 3640 1228 3695 τοῦ
1261 3642 1579 3706 ἁπατεῶνος
1611 3643 1711 3712 τῆς
1735 3660 1875 3717 καρ-

273 3742 402 3804 δίας
431 3739 527 3792 τοῦ
551 3737 653 3808 τῆς
685 3734 942 3809 πορνείας
964 3734 1218 3807 δαίμονος
1251 3737 1528 3805 πεφύκασι
1550 3735 1834 3790 τίκτεσθαι
1856 3750 1871 3765 ·

277 3832 379 3896 οῦς
416 3834 562 3886 ἰᾶται
596 3829 894 3902 ἐγκράτεια
935 3829 1029 3882 καὶ
1068 3828 1127 3882 τὸ
1160 3828 1381 3893 τούτους
1423 3831 1504 3893 είς
1557 3828 1708 3884 οὐδὲν
1738 3828 1876 3892 ὅλως

284 3922 602 3992 λογίζεσθαι
630 3939 644 3952 ο
677 3922 814 3993 ποίῳ
847 3920 904 3978 δὲ
938 3921 1049 3991 ἐγὼ
1087 3922 1207 3993 ἤθει
1252 3921 1346 3975 καὶ
1395 3922 1584 3994 τρόπῳ
1615 3921 1707 3975 τὸν
1741 3921 1876 3991 ἐμὸν

283 4012 486 4071 τοῦτον
511 4015 657 4083 φίλον
681 4009 851 4086 δήσας
881 4014 1023 4069 κατὰ
1052 4014 1150 4085 τὴν
1180 4013 1504 4069 ἀκολουθίαν
1527 4014 1635 4069 τῶν
1672 4013 1875 4068 λοιπῶν

279 4106 527 4168 δικάσω,
562 4106 659 4159 οὐκ
685 4107 982 4177 ἐπίσταμαι
1007 4122 1021 4138 ⁸
1050 4107 1181 4177 πρὶν
1202 4106 1312 4177 γὰρ
1341 4107 1511 4177 δήσω,
1536 4106 1723 4161 λύεται
1745 4123 1758 4138 ο
1782 4107 1876 4160 καὶ

284 4198 429 4270 πρὶν
476 4197 700 4265 δικάσω,
755 4199 1184 4269 διαλλάσσομαι’
1232 4197 1327 4251 καὶ
1377 4199 1508 4270 πρὶν
1551 4201 1872 4270 τιμωρήσω,

277 4286 780 4358 κατακάμπτομαι.
814 4287 941 4351 Πῶς
984 4286 1203 4358 μισήσω
1234 4285 1291 4339 ὃν
1327 4284 1489 4356 φύσει
1515 4287 1736 4357 ἀγαπᾷν
1777 4286 1877 4339 πέ-

276 4396 470 4451 φυκα;
519 4379 642 4444 Πῶς
685 4380 1039 4452 ἐλευθερωθῶ
1079 4372 1124 4448 ᾧ
1165 4380 1245 4443 εἰς
1283 4378 1485 4444 αἰῶνας
1522 4378 1874 4450 συνδέδεμαι;

275 4472 411 4534 Πῶς
441 4470 778 4543 καταργήσω
817 4471 877 4526 τὸ
915 4469 1011 4525 κοιλ⁹
1042 4472 1138 4524 σὺν
1171 4469 1297 4541 ἐμοὶ
1323 4468 1715 4539 ἀνιστάμενονς
1752 4468 1878 4531 Πῶς

273 4564 444 4630 δείξω
470 4563 750 4635 ἄφθαρτον
785 4564 848 4618 τὸ
882 4562 1130 4640 φθαρτὴν
1176 4563 1401 4634 εἰληφὸς
1439 4562 1640 4632 φύσιν;
1686 4560 1752 4613 Τί
1788 4559 1876 4613 εὖ-

276 4654 446 4724 λογον
470 4654 611 4709 εἴπω
634 4656 711 4727 τῷ
735 4654 804 4709 τὰ
829 4653 1029 4725 εὔλογα
1048 4656 1373 4728 κεκτημένῳ
1398 4654 1486 4708 διὰ
1502 4654 1600 4724 τῆς
1625 4651 1872 4724 (pridem;

1976 794 2268 865 quemdam
2327 805 2593 853 attentum
2636 799 2703 855 ad
2734 801 2965 856 salutem
2999 816 3154 857 suam
3187 801 3434 869 fratrem,
3463 806 3559 876 qui

1976 885 2192 954 spurcis
2251 886 2677 957 cogitationibus
2732 890 2798 945 a‘b
2855 891 3013 947 hoste
3067 892 3378 960 infestatus,
3433 910 3559 951 cum

1976 983 2246 1032 secretum
2278 986 2333 1032 et
2369 988 2556 1048 aptum
2589 979 2655 1035 ad
2683 984 3019 1050 precandum
3057 983 3235 1039 locum
3266 1001 3376 1040 non
3412 987 3563 1043 inve-

1976 1068 2134 1133 niret,
2183 1070 2338 1139 quasi
2392 1072 2461 1126 ab
2519 1073 2642 1127 alvo
2700 1073 2766 1127 ad
2821 1076 3083 1145 requisita
3117 1085 3326 1133 natura:
3363 1079 3562 1137 citatus

1974 1163 2307 1231 properavit,
2365 1171 2420 1217 et
2478 1164 2611 1218 inibi
2670 1166 3058 1223 intentissimis
3120 1171 3378 1239 precibus
3436 1188 3561 1227 cum

1978 1253 2134 1308 hoste
2180 1254 2464 1310 conﬂixit:
2499 1271 2660 1327 quem
2700 1272 2801 1327 ego
2833 1273 2957 1312 cum
2981 1260 3052 1314 ob
3081 1260 3257 1316 locum
3313 1265 3563 1331 precibus

1977 1343 2451 1403 inconvenieutem
2511 1348 2929 1420 objurgassem:
2981 1348 3116 1420 Ego,
3181 1352 3378 1423 inquit,
3438 1370 3564 1410 cum

1976 1437 2273 1495 immundae.
2299 1456 2387 1496 me
2411 1441 2772 1512 cogitationes
2796 1440 3139 1508 infestarent,
3174 1444 3226 1497 in
3277 1444 3399 1499 loco
3460 1450 3566 1499 im-

1975 1528 2181 1584 mundo
2221 1545 2411 1602 preces
2438 1532 2550 1586 fudi
2582 1539 2641 1586 ut
2685 1532 2755 1587 ab
2810 1533 3171 1590 immunditiis
3221 1551 3562 1606 repurgarer.

1979 1615 2185 1673 Omnes
2242 1621 2418 1676 nostri
2468 1620 2653 1677 hostes
2701 1620 2978 1678 daemones
3012 1624 3178 1678 menti
3205 1625 3457 1679 tenebras
3488 1624 3567 1680 ol-

1976 1707 2206 1765 fundere
2259 1712 2455 1774 solent,
2519 1722 2631 1768 tum
2680 1714 2843 1769 nobis
2882 1730 2980 1771 sua
3008 1716 3210 1786 philtra
3248 1717 3564 1787 propinant.

1975 1800 2091 1858 Nisi
2114 1803 2261 1858 enim
2289 1805 2579 1877 religiosus
2609 1808 2764 1877 prius
2793 1810 2989 1865 mentis
3039 1810 3227 1864 oculos
3284 1810 3563 1874 clauserit,

1979 1893 2243 1951 thesauro
2278 1897 2499 1967 spoliari
2533 1914 2641 1953 non
2664 1902 2882 1971 poterit.
2917 1903 3022 1956 Sed
3054 1902 3159 1958 hoc
3193 1918 3301 1973 pra:
3354 1904 3567 1960 cunctis

1979 1986 2211 2042 luxuriae
2235 1989 2446 2044 daemon
2484 1989 2662 2047 facere
2684 1994 2989 2049 consuevit.
3045 1994 3145 2049 llic
3174 1996 3319 2050 enim
3354 2006 3566 2052 rectore

1972 2088 2026 2135 ct
2079 2081 2219 2135 duce
2272 2081 2513 2139 hominis
2563 2085 2748 2140 animo
2808 2093 2967 2141 nocte
3021 2088 3255 2157 quadam
3298 2089 3563 2146 caecitatis

1972 2175 2205 2229 confuso
2240 2173 2305 2228 ad
2334 2191 2397 2230 ea
2425 2175 2565 2231 facta
2591 2185 2645 2232 et
2671 2177 2914 2234 facinora
2943 2179 3106 2233 etiam
3162 2195 3346 2235 coram
3385 2181 3565 2235 homi-

1972 2266 2136 2322 nibus
2206 2265 2452 2322 facienda
2510 2268 2679 2338 adigit
2740 2271 3079 2342 religiosum,
3116 2288 3237 2343 quae
3278 2289 3435 2329 nemo
3459 2274 3567 2328 nisi

1973 2370 2161 2411 amens
2215 2356 2395 2413 facere
2458 2359 2614 2413 solet.
2652 2357 2803 2415 Unde
2853 2361 2911 2413 ﬁt
2939 2361 3015 2415 uti
3046 2371 3169 2430 post
3192 2361 3454 2430 temporis
3479 2362 3567 2415 in-

1972 2448 2281 2514 tervallum,
2312 2458 2510 2513 mente,
2546 2449 2796 2504 discussa
2828 2450 3070 2519 crapula,
3115 2449 3181 2505 ad
3222 2466 3282 2505 se
3321 2465 3562 2514 reversa,

1974 2555 2084 2594 non
2154 2540 2331 2594 solum
2386 2549 2722 2610 spectatores
2784 2543 3060 2597 actionum
3092 2552 3430 2605 nostrarum,
3470 2544 3566 2597 sed

1975 2647 2078 2687 nos
2114 2632 2263 2702 ipsos
2300 2632 2372 2687 ob
2410 2632 2719 2688 indccentia
2752 2633 2913 2700 facta,
2953 2648 3235 2688 sermones
3272 2642 3327 2688 et
3375 2641 3565 2704 gestus

1973 2724 2388 2791 erubescamus,
2461 2736 2821 2796 nostramque
2874 2727 3076 2781 mentis
3136 2728 3372 2796 priorem
3412 2728 3569 2781 caeci—

1976 2820 2160 2868 tatem-
2193 2829 2524 2885 magnopere
2567 2817 3045 2886 obstupescamus.
3108 2816 3267 2872 Unde
3307 2831 3415 2872 non
3445 2832 3569 2871 raro

1975 2904 2178 2961 factum
2229 2915 2316 2961 est
2381 2921 2438 2962 ut
2501 2907 2655 2962 multi
2718 2923 2784 2962 ex
2817 2908 2983 2978 hujus
3017 2909 3092 2963 rei
3126 2908 3565 2965 consideratione

1975 3013 2158 3054 mores
2194 2999 2557 3056 emendarint.
2587 2999 2888 3056 Exsecrare
2927 3001 3136 3057 hostem
3166 3002 3340 3067 illum,
3374 3003 3467 3073 qui
3508 3010 3561 3057 te

1974 3099 2100 3161 post
2150 3099 2515 3162 perpetratum
2537 3101 2819 3162 peccatum
2853 3093 3102 3161 prohibet
3139 3094 3396 3164 precibus
3435 3108 3566 3163 ope-

1975 3197 2092 3237 ram
2149 3182 2301 3249 dare,
2350 3191 2446 3238 aut
2497 3183 2603 3256 piis
2653 3183 2851 3240 studiis
2902 3199 3135 3251 vacare,
3179 3195 3275 3240 aut
3317 3186 3565 3255 vigilare,

1976 3271 2143 3344 238
2194 3288 2405 3328 memor
2434 3274 2582 3329 illius
2610 3274 2704 3344 qui
2733 3274 2871 3330 dixit
2902 3293 2916 3330 :
2962 3274 3041 3329 Eo
3076 3278 3217 3346 quod
3262 3277 3390 3330 mihi
3455 3292 3570 3329 mo-

1902 3400 1945 3459 C
1978 3366 2109 3420 [θεία
2145 3374 2279 3420 esset
2309 3366 2354 3398 ⁶⁰
2395 3367 2580 3420 anima
2617 3382 2756 3433 mea,
2808 3377 3158 3438 peccatorum
3200 3384 3447 3423 meorum
3473 3383 3572 3423 an-

1980 3458 2298 3528 ticipationc
2324 3460 2473 3514 velut
2501 3459 2785 3529 tyrannide
2808 3461 3044 3530 quadam
3088 3475 3368 3531 oppressa,
3404 3461 3571 3516 ultio-

1980 3562 2102 3603 nem
2159 3546 2356 3602 l‘aeiam
2414 3563 2481 3603 ex
2528 3548 2770 3604 inimicis
2819 3549 2960 3618 ejus.
2998 3548 3134 3616 Quis
3166 3566 3367 3620 corpus
3406 3565 3569 3607 suum

1979 3654 2074 3695 seu
2129 3655 2347 3695 carnem
2407 3640 2540 3696 vicit
2566 3640 2589 3694 ?
2616 3639 2903 3698 Contritus
2933 3645 3116 3698 corde.
3145 3642 3281 3710 Quis
3319 3652 3402 3698 est
3431 3657 3570 3697 con-

1978 3733 2140 3787 tritus
2197 3733 2406 3788 corde?
2460 3732 2564 3799 Qui
2630 3722 2875 3804 seipsum
2937 3735 3250 3806 abnegavit.
3280 3735 3570 3802 Quomodo
3628 3772 3653 3787 .

1976 3824 2122 3878 enim
2190 3838 2300 3877 non
2350 3824 2621 3879 contritus
2643 3825 2826 3892 corde,
2861 3825 2955 3896 qui
2987 3825 3250 3880 voluntati
3277 3840 3390 3880 suae
3422 3838 3569 3879 mor-

1980 3925 2108 3969 tuus
2160 3913 2296 3968 est?
2329 3912 2426 3968 Est
2471 3930 2539 3970 ex
2601 3914 2810 3970 vitiosis
2867 3915 3006 3970 alius
3043 3915 3148 3969 alio
3178 3914 3444 3976 vitiosior,
3471 3914 3566 3983 qui

1977 4005 2414 4075 intemperantia:
2438 4007 2630 4062 sordes
2665 4022 2789 4061 cum
2822 4007 3102 4077 voluptate
3146 4015 3563 4061 commemorat.

1977 4095 2212 4165 lmpurae
2266 4096 2468 4151 mentis
2522 4097 2882 4166 cogitationes
2932 4105 2986 4151 et
3046 4097 3296 4152 obsceutr
3329 4095 3567 4150 solenta

1976 4188 2159 4244 cordis
2202 4199 2526 4259 corruptore
2587 4190 2834 4246 daemone
2888 4190 3117 4261 luxuriae
3142 4187 3391 4254 excitari,
3426 4201 3567 4258 quas

1976 4282 2359 4352 temperantia,
2411 4292 2467 4337 et
2511 4270 2700 4337 earum
2729 4280 3006 4352 neglectus
3031 4290 3088 4336 et
3112 4278 3445 4349 contemptio
3473 4294 3566 4335 sa-

1977 4386 2110 4439 nare
2159 4372 2468 4427 consuevit.
2530 4371 2649 4439 Qua
2673 4383 2856 4428 autem
2880 4373 3112 4438 ratione,
3155 4386 3372 4443 quoque
3400 4371 3565 4426 modo

1976 4463 2125 4518 hunc
2145 4464 2382 4520 amicum
2422 4465 2866 4536 meum(corpus
2910 4465 3135 4535 inquam
3173 4463 3192 4535 )
3227 4479 3377 4519 more
3404 4472 3567 4520 caete-

1976 4570 2163 4611 rorum
2195 4556 2453 4612 vitiorum
2482 4558 2721 4613 vinctum
2744 4557 3009 4629 judiccm,
3053 4573 3163 4612 non
3210 4557 3393 4612 video.
3451 4557 3566 4611 An-

1978 4654 2200 4716 tequam
2254 4647 2400 4702 enim
2460 4648 2622 4719 ligem
2680 4649 2856 4715 illum,
2910 4649 3182 4710 solvitur;
3244 4647 3565 4717 priusquam

283 4746 395 4803 ’Δν
426 4748 578 4819 δήσω
607 4749 834 4820 νηστείᾳ
879 4747 1093 4814 τοῦτον,
1138 4747 1472 4818 κατακρίνας
1505 4745 1598 4799 τὸν
1627 4744 1874 4817 πλησίον,

1983 4737 2244 4808 iudicem,
2316 4756 2442 4796 cum
2499 4742 2594 4796 illo
2651 4741 2706 4797 in
2768 4743 2997 4813 gratiam
3028 4743 3211 4798 redeo.
3261 4743 3567 4812 Antequam

277 4839 437 4909 αὐτῷ
486 4839 649 4894 πάλιν
691 4840 1080 4913 παραδίδομαι.
1145 4839 1243 4893 Ἂν
1288 4838 1349 4892 τὸ
1407 4838 1614 4909 κρίνειν
1664 4836 1882 4899 παύσας

276 4934 481 4988 τοῦτον
523 4936 771 5005 νικήσω,
820 4932 1057 5004 ὑψωθεὶς
1103 4935 1171 5004 τῇ
1226 4930 1427 5003 καρδίᾳ
1453 4928 1791 5002 κατηνέχθην
1823 4929 1882 4983 ἐν

275 5025 616 5097 τούτῳ.Καὶ
643 5026 755 5095 γάρ
782 5027 877 5079 καὶ
907 5024 1169 5096 σύνεργός
1210 5024 1327 5076 ἐστι
1349 5021 1446 5076 καὶ
1470 5020 1753 5091 πολέμιος,
1783 5018 1880 5071 καὶ

278 5115 484 5189 βοηθὸς
509 5116 604 5170 καὶ
625 5116 918 5182 ἀντίδικος,
951 5116 1047 5169 καὶ
1065 5114 1414 5185 ἁντιλήπτωρ
1435 5112 1529 5165 καὶ
1559 5108 1842 5170 ἐπίϐουλος
1860 5124 1874 5138 ο

278 5209 730 5280 θεραπευόμενος
762 5207 1014 5277 πολεμεῖ,
1047 5206 1142 5260 καὶ
1172 5205 1479 5276 τηκόμενος
1513 5203 1714 5266 ἀτονεῖ,
1747 5201 1879 5254 ἀνα-

281 5301 604 5371 παυόμενος
635 5302 893 5368 ᾲτακτεῖ,
925 5298 1022 5353 καλ⁸
1067 5298 1386 5368 σαινόμενος
1449 5296 1511 5350 οὐ
1570 5296 1726 5366 φέρει
1757 5312 1772 5327 ο
1810 5292 1879 5348 ἂν

278 5394 542 5465 λυπήσω,
572 5394 710 5459 ὅλως
743 5392 1075 5449 κινδυνεύσω
1095 5410 1108 5423 ·
1153 5393 1221 5447 ἂν
1266 5390 1475 5462 πλήξω,
1511 5390 1614 5443 οὐκ
1655 5388 1763 5459 ἔχω
1790 5385 1879 5440 διὰ

279 5486 437 5550 τίνος
457 5484 558 5550 τὰς
583 5485 784 5558 ἀρετὰς
817 5487 1091 5557 κτήσομαι
1111 5500 1125 5516 ο
1159 5484 1251 5538 τὸν
1291 5481 1455 5537 αὑτὸν
1484 5481 1577 5535 καὶ
1605 5478 1875 5549 ἀποστρέ-

361 5604 410 5633 ⁶⁰
447 5600 596 5658 Psal.
627 5619 741 5668 xu,
774 5604 829 5658 6.

367 5692 449 5762 (η)
469 5693 566 5747 Adi
588 5658 874 5764 epistolam
906 5693 1049 5749 Petri
1076 5689 1322 5747 Damiaui
1349 5687 1498 5764 card.
1522 5688 1589 5764 ad
1615 5688 1876 5764 dguctem
1908 5658 1926 5664 Ἲ-

286 5759 598 5834 Augustam
624 5759 755 5836 "qua:
791 5775 1011 5837 rogarat
1037 5779 1104 5819 an
1135 5764 1317 5818 liceret
1350 5762 1403 5815 iu
1459 5759 1591 5815 sella
1622 5759 1873 5849 familiari

1976 4831 2223 4903 puniam,
2279 4832 2489 4889 ﬂector.
2551 4834 2840 4901 Quomodo
2896 4835 3105 4891 oderim
3159 4850 3321 4905 quem
3372 4843 3567 4888 natura

1978 4924 2188 4996 diligo?
2233 4926 2521 4993 Quomodo
2564 4929 2635 4984 ab
2674 4930 2768 4984 illo
2816 4929 3113 4995 liberabor,
3172 4943 3297 4985 cum
3345 4940 3456 4998 quo
3511 4926 3566 4980 in

1979 5029 2172 5073 omnes
2219 5019 2556 5077 mternitates
2590 5023 2904 5094 ocelligatus
2959 5022 3127 5079 sum?
3153 5020 3442 5089 Quomodo
3473 5033 3567 5073 ex-

1984 5107 2282 5179 ειῑηευειιη,
2327 5127 2451 5166 cum
2480 5129 2590 5184 quo
2612 5125 3023 5172 resurrecturus
3067 5116 3234 5171 sum?
3282 5110 3567 5179 Quomodo

1985 5197 2366 5272 incorruptum
2423 5208 2717 5275 praestabo,
2764 5218 3081 5281 corruptam
3112 5216 3365 5262 naturam
3402 5202 3567 5260 sorti-

1986 5300 2076 5346 tus
2099 5291 2133 5374 ?'
2173 5292 2385 5358 Quibus
2425 5299 2732 5356 rationibus
2756 5310 2948 5357 contra
2977 5299 3129 5354 illum
3174 5312 3354 5368 agam,
3393 5297 3486 5366 qui
3513 5301 3569 5350 et

1987 5398 2115 5440 suas
2157 5396 2366 5444 naturae
2410 5393 2651 5450 rationes
2705 5394 2839 5449 mihi
2894 5392 3155 5465 opponit?
3187 5390 3347 5447 Hunc
3394 5389 3440 5445 si
3471 5400 3570 5458 per

1980 5476 2252 5547 jejunium
2284 5482 2494 5541 vincire
2520 5501 2708 5553 coner,
2739 5498 2853 5544 tum
2887 5503 2996 5544 non
3025 5486 3366 5558 jejunantcm
3423 5482 3571 5540 dam-

1954 5642 2225 5761 ‘prccari.
2256 5690 2411 5761 Apud
2448 5690 2647 5747 Baron.
2680 5702 2811 5747 toni.
2846 5691 2937 5758 XI,
2964 5705 3107 5745 anno
3142 5685 3568 5760 1062,pag.524

1982 5763 2111 5817 edit.
2151 5762 2413 5832 Antuerp.
2458 5780 2549 5819 an.
2593 5764 2750 5818 1608.
