4042 6484
472 323 583 390 9ὐ3

1739 320 1802 378 s.
1830 304 2155 382 JoANNIs
2183 318 2493 380 CLIMACI

3645 318 3769 387 904

469 438 654 496 nando
680 448 897 492 rursum
932 436 1006 490 Illi
1030 424 1234 489 trador.
1267 432 1371 487 ilbi
1407 432 1476 486 ab
1495 430 1797 501 judicando
1827 432 2063 487 alterum

2184 452 2341 505 ρομαι
2382 436 2481 489 καὶ
2522 435 2988 507 περιπτύσσομαι.
3031 435 3095 489 Τί
3141 436 3201 490 τὸ
3245 436 3374 506 περὶ
3406 435 3508 506 ἐμὲ
3541 440 3768 505 μυστή-

465 531 751 593 desiitero,
784 527 960 582 elatus
995 526 1048 579 in
1083 524 1391 594 superbiam
1441 522 1648 586 cordis,
1696 523 1750 578 in
1805 524 2060 579 eumdem

468 624 681 679 hostem
715 620 957 676 delabor.
986 617 1131 672 Idem
1161 615 1307 671 enim
1335 625 1389 670 et
1411 615 1584 671 hostis
1613 625 1775 671 estet
1821 615 2059 686 adjutor,

468 716 765 772 auxiliator
828 724 884 766 et
931 708 1300 774 adversarius,
1342 708 1639 778 opitulator
1664 717 1720 763 et
1751 708 2059 764 insidiator.

471 808 608 863 Cum
659 806 797 861 bene
848 810 1073 858 curatur
1131 799 1297 870 239
1354 808 1409 855 et
1439 798 1678 868 fovetur,
1702 800 1983 857 insoleseit
2008 809 2064 856 et

470 898 730 961 insultat;
782 900 1094 948 maceratus
1149 890 1374 952 deﬁcit;
1430 902 1715 948 recreatus
1793 893 2061 958 lascivit;

468 990 692 1044 verbera
724 994 980 1050 recusat;
1023 982 1248 1039 trisﬁtia
1299 984 1528 1040 aﬂ'ectus
1567 999 1655 1040 me
1707 984 1761 1038 in
1803 985 2060 1040 ultimum

478 1079 782 1150 periculum
825 1064 1072 1145 conjicit.
1127 1074 1184 1130 Si
1209 1075 1482 1146 frangam,
1519 1090 1618 1146 per
1641 1090 1802 1146 quem
1840 1076 2067 1132 virtutes

471 1186 757 1229 exerceam
781 1185 889 1225 non
920 1169 1098 1223 habeo
1124 1186 1139 1220 :
1164 1169 1417 1224 eumdem
1432 1183 1656 1224 aversor
1670 1177 1723 1223 et
1746 1169 2066 1239 amplector.

469 1264 626 1332 Quod
691 1263 797 1317 hoc
844 1262 897 1316 in
946 1275 1034 1315 me
1066 1270 1282 1315 natura:
1324 1260 1653 1315 miraculum
1683 1260 1707 1313 ?
1732 1276 1855 1331 qua:
1875 1261 2069 1317 anima:

471 1369 525 1410 et
557 1354 806 1424 corporis
834 1352 1203 1407 concretionis
1239 1352 1426 1406 ratio?
1451 1352 1727 1422 quomodo
1757 1352 1893 1407 mihi
1944 1354 2064 1424 ipse

2168 544 2319 598 ριον;
2354 528 2441 591 Τίς
2467 528 2498 580 ὁ
2522 527 2681 595 λόγος
2708 528 2809 598 τῆς
2857 528 2998 597 ἐμῆς
3033 528 3432 599 συγκράσεως;
3470 528 3595 591 Πῶς
3630 529 3771 582 ἐαυ-

2165 615 2245 686 τῷ
2276 617 2470 688 ἐχθρὸς
2502 621 2597 672 καὶ
2621 619 2775 687 φίλος
2804 619 3123 689 καθέστηκα
3149 638 3164 685 ;
3204 620 3346 685 Λέγε
3379 637 3472 690 μοι
3497 619 3587 686 σὺ,
3629 620 3775 689 λέγε

2170 726 2281 779 μοι,
2303 704 2349 764 ὦ
2374 713 2408 781 ὴ
2430 712 2537 782 ἐμὴ
2570 711 2822 780 σύζυγος,
2849 706 2897 765 ὦ
2925 714 2959 782 ή
3001 713 3109 783 ἐμὴ
3154 712 3314 780 φύσις
3337 728 3354 745 ⁸
3385 713 3449 765 οὐ
3476 712 3586 782 γάρ
3624 711 3773 782 παρ’

2165 800 2326 856 ἄλλου
2352 801 2548 872 μαθεῖν
2578 803 2709 874 περὶ
2734 803 2830 857 σοῦ
2862 804 3125 875 δεήσομαι
3161 819 3176 835 ·
3207 805 3327 868 πῶς
3360 804 3428 857 ἐκ
3460 802 3552 856 σοῦ
3588 803 3778 873 μείνω

2166 890 2442 962 ἄτρωτος
2473 893 2595 957 πῶς
2623 893 2840 963 δυνηθῶ
2869 894 2963 948 τὸν
2997 895 3227 965 φυσικὸν
3270 897 3536 965 ἐκφυγεῖν
3575 895 3782 948 κίνδυ-

2168 1001 2286 1051 νον,
2320 986 2510 1059 ἐπειδὴ
2540 985 2730 1041 λοιπὸν
2757 986 3065 1059 ἐχθραίνειν
3101 988 3241 1057 πρός
3284 1005 3344 1041 σε
3379 984 3602 1059 Χριστῷ
3635 1003 3783 1041 συν-

2167 1077 2479 1149 τέταγμαι;
2530 1078 2658 1142 Πῶς
2692 1096 2787 1132 σου
2822 1080 2924 1150 τὴν
2960 1080 3254 1150 τυραννίδα
3287 1082 3517 1149 νικήσω,
3569 1076 3782 1148 ἐπειδὴ

2170 1166 2399 1239 βιαστής
2436 1185 2531 1222 σου
2573 1169 2829 1239 γενέσθαι
2873 1170 3222 1241 προῄρηται;
3268 1170 3336 1222 Ἦ
3380 1167 3437 1222 δὲ
3475 1168 3614 1239 πρὸς
3662 1170 3782 1235 τὴν

2169 1259 2370 1331 ἑαυτῆς
2398 1260 2578 1331 ψυχὴν
2613 1261 3017 1333 ἀποκρινομένη
3048 1261 3234 1330 ἔλεγεν
3257 1276 3272 1291 ·
3311 1260 3388 1314 Οὐ
3417 1262 3492 1330 μή
3528 1275 3611 1313 σοι
3638 1261 3779 1329 μέν.

2167 1367 2252 1404 τοι
2277 1351 2494 1429 φράσω,
2531 1351 2561 1404 ὃ
2600 1351 2695 1404 καὶ
2735 1352 2802 1403 σὺ
2831 1353 2933 1405 οὐκ
2964 1352 3278 1416 ἐπίστασαι,
3315 1351 3432 1404 ἀλλ’
3462 1350 3492 1403 ὅ
3538 1350 3656 1420 ἅμα
3697 1351 3780 1419 τῇ

474 1446 651 1501 hostis
682 1454 736 1500 et
780 1444 993 1499 amicus
1023 1459 1144 1498 sum
1174 1442 1198 1496 ‘I
1247 1442 1345 1497 Dic
1377 1452 1433 1498 tu
1468 1443 1625 1510 mihi,
1661 1443 1774 1510 dic,
1811 1444 2066 1510 obsecro,

2184 1441 2372 1510 γνώσει
2420 1442 2745 1513 κατέχομεν.
2784 1441 2927 1513 Ἐγὼ
2975 1445 3034 1496 ἐν
3079 1444 3205 1513 ἐμοὶ
3235 1444 3517 1512 ἀγάπησιν
3546 1442 3783 1511 πατέρα.
3830 1464 3841 1471 ί

472 1538 585 1603 dic,
643 1550 773 1590 caro
818 1534 1059 1603 conjunx
1102 1548 1245 1596 mea,
1282 1541 1479 1588 natura
1508 1548 1652 1599 mea,
1688 1548 1795 1589 nec
1824 1534 1970 1590 enim
2003 1537 2072 1590 ab

2184 1535 2281 1607 ἔχω
2314 1535 2452 1607 (ὕΙ),
2482 1536 2586 1605 τῆς
2615 1535 2716 1607 μὲν
2745 1534 2945 1601 ἔξωθεν
2969 1535 3270 1607 πυρώσεως
3291 1536 3390 1606 τὴν
3418 1535 3562 1606 ἐμὴν
3596 1534 3781 1600 θερα-

474 1629 607 1691 alio,
642 1626 748 1681 nisi
778 1626 877 1680 abs
903 1635 978 1690 te,
1009 1624 1073 1680 de
1098 1632 1172 1686 te,
1211 1623 1372 1694 cupio
1407 1624 1614 1679 doceri.
1646 1623 1746 1681 Dic
1793 1625 2071 1695 quomodo

2184 1629 2336 1680 πείαν
2362 1628 2461 1681 καὶ
2485 1626 2792 1692 καθολικῶς
2821 1627 3028 1695 ἄνεσιν,
3057 1628 3157 1700 τῆς
3175 1628 3233 1681 δὲ
3262 1626 3470 1681 ἔσωθεν
3493 1626 3782 1697 κινήσεως

476 1722 575 1776 abs
618 1731 668 1775 te
706 1716 1079 1773 invulneratus
1139 1716 1415 1771 manebo?
1454 1730 1566 1786 quo
1620 1723 1782 1787 pacto
1844 1725 2058 1773 natura;

2184 1720 2240 1773 ix
2274 1717 2658 1790 προλαϐούσης
2690 1720 2931 1785 ἀνέσεως
2955 1760 2971 1786 ,
3012 1721 3107 1773 καὶ
3143 1719 3452 1789 γεγονότων
3482 1717 3774 1788 πράξεων.

476 1811 791 1883 periculum
815 1808 1069 1880 etfugiam
1096 1808 1119 1862 ?
1149 1807 1370 1877 quando
1397 1807 1513 1878 jam
1541 1822 1667 1863 cum
1698 1807 1920 1865 Christo
1967 1809 2069 1865 ad-

2184 1809 2325 1879 Ἐγὼ
2352 1809 2696 1864 συλλαϐοῦσα
2746 1810 2919 1863 τίκτω
2965 1809 3234 1880 πτώματα
3275 1825 3290 1839 ο
3333 1810 3520 1863 ἐκεῖνα
3557 1806 3618 1860 δὲ
3671 1824 3778 1861 τε·

477 1920 673 1961 versus
730 1915 783 1958 te
830 1902 1033 1958 bellum
1085 1900 1325 1970 suscepi.
1382 1900 1673 1967 Quomodo
1721 1902 2065 1971 tyrannidem

2184 1903 2375 1973 [θέντα
2426 1901 2591 1955 πάλιν
2630 1901 2860 1956 θάνατον
2909 1900 2977 1955 δι’
3024 1899 3391 1969 ἀπογνώσεως
3440 1899 3730 1951 τίκτουσιν
3758 1909 3774 1923 ⁸

478 2005 629 2052 tuam
685 1995 922 2059 vincam,
974 1993 1194 2063 quando
1217 1991 1332 2061 jam
1364 1990 1646 2047 decretum
1674 2001 1760 2047 est
1787 1991 1945 2058 mihi,
1979 2007 2068 2048 me

2184 1992 2239 2045 iv
2266 1990 2410 2063 γνῷς
2440 1991 2539 2063 τὴν
2562 1992 2705 2064 ἐμὴν
2730 1993 2826 2047 καὶ
2857 1992 2956 2065 σὴν
2979 1993 3184 2063 ἐναργῆ
3208 1992 3304 2045 καὶ
3344 1990 3568 2060 βαθεῖαν
3601 1987 3772 2042 ἀσθέ-

478 2105 696 2146 summa
751 2088 804 2143 vi
866 2087 920 2143 in
981 2095 1034 2140 te
1090 2099 1324 2140 usurum
1353 2084 1377 2138 ἲ
1403 2082 1540 2138 Tum
1566 2099 1695 2139 caro
1724 2086 1921 2139 animae
1954 2099 2067 2140 suae

479 2179 857 2248 respondens:
891 2175 1031 2242 Non,
1067 2176 1268 2246 inquit,
1299 2191 1364 2230 ea
1401 2174 1609 2231 eﬂ'abor
1654 2190 1778 2243 quas
1803 2175 1906 2232 tibi
1938 2184 2068 2232 sunt

480 2270 784 2342 incognita,
820 2269 913 2324 sed
940 2282 1174 2338 quorum
1201 2265 1369 2323 simul
1391 2265 1554 2323 ambo
1581 2265 1949 2336 cognitionem
1969 2264 2069 2320 ha-

479 2364 694 2419 bemus.
751 2361 865 2431 Ego
925 2360 982 2414 in
1044 2374 1132 2415 me
1171 2365 1452 2429 parentem
1482 2355 2066 2429 ,diiectionem(mei)

2171 2099 2346 2146 νειαν,
2379 2083 2577 2154 quue;
2609 2101 2711 2155 μου
2736 2086 2836 2150 τάς
2872 2087 3060 2156 χεῖρας
3080 2101 3095 2116 ’
3130 2086 3199 2139 ἂν
3232 2084 3328 2138 τὸν
3364 2082 3561 2155 λαιμὸν
3607 2081 3776 2153 βασαι

2172 2172 2353 2245 νίσῃς,
2369 2173 2570 2244 ἓδησάς
2594 2191 2686 2247 μοι
2714 2178 2840 2240 τοὺς
2861 2176 3030 2241 πόδας
3054 2176 3150 2230 τοῦ
3175 2176 3250 2247 μὴ
3272 2176 3466 2248 πόρῤω
3488 2173 3735 2244 βαδίζειν
3756 2188 3772 2202 ·

2175 2263 2244 2319 ἂν
2282 2263 2526 2339 ζευχθῇς
2560 2267 2772 2339 ὑπακοῇ
2795 2309 2811 2333 ,
2874 2268 3011 2338 ἐμοῦ
3054 2267 3399 2339 ἀπεζεύχθης
3429 2284 3445 2300 ·
3485 2266 3553 2321 ἂν
3592 2269 3777 2337 κτήσῃ

1436 2372 1452 2439 i
1482 2359 1845 2417 ,diiectionem
1873 2359 2066 2429 (mei)
2174 2359 2526 2428 ταπείνωσιν,
2556 2359 2693 2433 ἐμοῦ
2736 2361 2835 2433 τὴν
2865 2362 3110 2434 κεφαλὴν
3135 2360 3445 2432 ἀπέκοψας.

477 2455 754 2521 contineo,
810 2462 865 2510 et
913 2452 1201 2509 exterioris
1253 2452 1475 2523 quidem
1540 2451 1787 2507 incendii
1846 2466 2071 2508 causam
2148 2454 2377 2510 nimiam
2430 2458 2537 2513 mei
2588 2472 2779 2513 curam
2819 2467 2876 2513 et
2934 2458 3280 2513 immodicam
3321 2457 3581 2518 (virtutis
3608 2469 3773 2512 exer-

477 2546 702 2617 cendae)
761 2544 1166 2602 cessationem:
1220 2543 1500 2600 interioris
1526 2558 1658 2598 vero
1698 2543 1934 2600 ﬂamma:
1969 2545 2190 2601 occasio
2250 2546 2469 2603 exsistit
2498 2562 2565 2604 ex
2629 2548 2721 2605 illa
2760 2536 2979 2621 pietatis
3040 2551 3154 2622 jam
3215 2552 3376 2605 dicta:
3420 2548 3771 2613 remissione,

475 2646 532 2694 et
577 2641 854 2696 actionum
914 2636 1310 2708 praeteritarum
1376 2634 1606 2690 ratione.
1638 2634 1753 2706 Ego
1780 2651 1905 2691 cum
1970 2651 2292 2709 concepere,
2332 2640 2490 2711 pario
2518 2650 2742 2712 peccata
2800 2654 2855 2698 et
2918 2643 3131 2699 ruinas.
3194 2641 3427 2698 Peccala
3462 2656 3596 2697 vero
3636 2654 3774 2698 con-

477 2741 750 2789 summata
776 2738 1040 2802 generarat
1063 2738 1298 2783 mortem
1343 2725 1763 2797 desperationis.
1807 2727 1908 2783 Ubi
1960 2742 2139 2784 meam
2179 2738 2446 2802 tuamque
2476 2743 2679 2788 certam
2714 2741 2768 2792 et
2806 2750 3073 2791 summam
3106 2735 3534 2791 imbecillitatem
3563 2750 3774 2807 cogno-

477 2826 642 2891 veris,
668 2822 925 2881 manibus
979 2821 1119 2877 meis
1142 2819 1391 2876 manicas
1443 2818 1720 2890 iniecisti;
1779 2820 1874 2875 ubi
1924 2822 2108 2892 gulam
2147 2824 2377 2881 torseris
2439 2834 2495 2880 et
2553 2825 2879 2895 refrenaris,
2939 2829 3162 2902 illigasti
3212 2829 3379 2902 pedes
3402 2845 3555 2886 meos
3616 2843 3776 2885 com-

478 2920 730 2992 pedibus,
791 2926 851 2973 ut
899 2915 1131 2971 ulterius
1181 2913 1435 2985 progredi
1473 2928 1581 2969 non
1642 2914 1875 2984 possint.
1920 2913 2024 2972 Ubi
2089 2927 2143 2973 te
2179 2933 2307 2974 cum
2365 2920 2678 2978 obedientia
2730 2923 3102 2995 conjunxeris,
3129 2926 3200 2982 ab
3227 2939 3313 2980 me
3337 2924 3633 2995 alijunctus
3657 2931 3768 2980 est.

482 3015 584 3071 Ubi
617 3029 796 3069 veram
824 3011 1187 3067 humilitatem
1216 3008 1550 3079 possederis,
1595 3010 1894 3080 amputasti
1938 3012 2074 3068 mihi
2116 3014 2386 3070 cervicem
2414 3031 2615 3074 meam.

547 3107 713 3181 240
738 3104 999 3175 Quintum
1024 3102 1299 3159 decimum
1346 3100 1567 3156 virtutis
1622 3102 1908 3171 prtemium
1938 3120 1953 3158 :
1978 3103 2072 3175 qui

2251 3106 2750 3165 Πεντεκαιδέκατον
2802 3110 3058 3177 ἔπαθλον,
3118 3113 3148 3165 ὁ
3197 3113 3256 3166 ἐν
3311 3112 3477 3184 σαρκὶ
3518 3111 3618 3178 ὢν,
3671 3113 3773 3166 καὶ

478 3204 533 3257 in
600 3215 765 3256 carne
825 3199 1030 3269 degens
1086 3192 1315 3265 accepit,
1373 3199 1628 3249 mortuus
1671 3194 1992 3261 resurrexit,
2022 3206 2072 3252 et

2184 3198 2345 3253 τοῦτο
2370 3199 2611 3272 εἰληφὼς
2643 3202 2906 3271 ἀπέθανε,
2957 3205 3051 3258 καὶ
3088 3204 3288 3275 ἀνέστη
3315 3220 3331 3235 ο
3372 3204 3467 3258 καὶ
3499 3204 3601 3276 τῆς
3640 3204 3767 3277 με).-

478 3296 679 3352 futuia:
731 3287 1162 3346 immortalitatis
1224 3293 1445 3356 gustum
1521 3285 1638 3356 jam
1719 3299 1867 3341 nunc
1947 3287 2072 3345 inde

2185 3291 2384 3363 λούσης
2432 3293 2744 3368 ἀφθαρσίας
2790 3296 2852 3351 τὸ
2891 3297 3179 3369 προοίμιον
3221 3298 3323 3370 ἤδη
3373 3298 3468 3352 ἀπ’
3516 3297 3772 3353 ἐντεῦθεν

476 3383 754 3455 praecepit.

2184 3384 2500 3458 ἐγνώρισεν.

493 3494 3741 3523 “om

799 3575 1092 3632 SCHOLIA
1112 3574 1205 3629 AD
1232 3571 1525 3630 GRADUM
1557 3569 1672 3626 XV.

1046 3667 1122 3723 De
1178 3667 1450 3723 castitate.

1086 3758 1338 3815 Scholion
1370 3758 1424 3814 1.

550 3856 837 3911 Certamen
862 3861 1072 3909 certare
1097 3852 1215 3908 sive
1236 3850 1584 3917 contendere,
1644 3858 1699 3905 et
1732 3863 1936 3922 corpus
1986 3866 2078 3908 ex-

480 3960 701 4017 aequare
733 3945 881 4017 (illis
917 3944 1201 4016 spiritibus
1231 3942 1403 4000 beatis
1438 3944 1455 4011 )
1486 3943 1582 4013 qui
1614 3956 1842 4009 corpore
1864 3952 2073 4010 carent,

483 4040 588 4094 hoc
614 4054 755 4094 verae
781 4048 867 4094 est
891 4037 1184 4103 castitatis,
1226 4045 1282 4091 et
1316 4050 1439 4106 quae
1460 4049 1570 4091 non
1634 4031 1795 4103 fallit,
1848 4034 2080 4105 integri-

484 4131 610 4187 tutis
637 4146 735 4187 seu
769 4129 1224 4202 incorruptionis.

710 4214 725 4219 ⁵
1033 4236 1041 4251 ‘
1113 4219 1365 4277 Scholion
1393 4218 1451 4272 2.

552 4317 896 4374 Desidertum
939 4330 1124 4371 rerum
1159 4313 1475 4377 meliorum,
1507 4311 1655 4383 quod
1687 4312 1742 4366 in
1803 4318 2073 4382 potestate

2565 3582 2864 3638 ΣΧΟΛΙΟΝ
2899 3585 3006 3638 ΕΙΣ
3034 3585 3262 3639 ΛΟΓΟΝ
3294 3584 3395 3640 IE'.

2769 3676 2907 3746 Περὶ
2933 3677 3200 3746 ἁγνείας.

2803 3769 3065 3839 Σχόλιον
3096 3766 3167 3826 α’.

2257 3860 2515 3932 Ἅμιλλα.
2561 3862 2634 3916 Τὸ
2674 3863 3041 3934 ἁμιλλᾶσθαι,
3075 3867 3243 3937 ἤγουν
3295 3868 3628 3936 φιλονικεῖν,
3672 3867 3773 3924 καὶ

2184 3952 2495 4020 ἐξισοῦσθαι
2535 3955 2596 4008 τὸ
2627 3956 2787 4026 σῶμα
2821 3959 2918 4012 καὶ
2947 3958 3012 4011 τὸ
3046 3957 3342 4030 ἀσώματον
3368 3961 3506 4031 ὅπερ
3532 3958 3771 4030 ἀληθοῦς

2185 4044 2410 4114 ἁγνείας
2440 4046 2578 4113 ἐστὶ,
2620 4047 2714 4102 καὶ
2736 4047 3003 4120 ἀψευδοῦς
3031 4050 3320 4122 ἁφθορίας.

2478 4310 2483 4313 _
2802 4226 3062 4296 Σχόλιον
3097 4224 3162 4297 β’.

2264 4317 2432 4389 Ἀεὶὴ
2488 4317 2599 4372 τῶν
2641 4317 2971 4391 κρειττόνων
3016 4318 3286 4391 ἐπιθυμία
3321 4319 3382 4374 ἐν
3419 4318 3637 4391 ἐξουσίᾳ
3671 4322 3771 4374 καὶ

480 4420 538 4466 et
589 4409 852 4465 facultate
897 4421 999 4463 sua
1028 4404 1302 4462 desideria
1327 4404 1668 4475 voluptatum
1711 4403 1897 4489 habet,
1935 4418 2072 4460 sem-

2184 4403 2412 4476 δυνάμει
2438 4403 2639 4476 ἔχουσα
2667 4404 2777 4459 τῶν
2803 4405 3260 4477 ἐπιθυμουμένων
3299 4408 3401 4480 τὴν
3440 4406 3767 4475 ἀπόλαυσιν,

482 4515 581 4571 per
652 4500 800 4571 cogit
878 4496 1153 4554 deteriora
1236 4503 1588 4551 contemnere
1641 4502 1698 4551 et
1726 4486 2075 4564 adversari,

482 4590 947 4664 quemadmodum
971 4589 1215 4647 omnium
1248 4597 1563 4646 sanctorum
1589 4590 1835 4661 exempla
1855 4590 2071 4647 docent.

1085 4681 1339 4739 Scholion
1363 4682 1421 4737 5.

555 4774 767 4833 Vicisse
819 4776 955 4832 dicit
985 4780 1235 4850 corporis
1279 4792 1376 4836 seu
1417 4778 1602 4834 carnis
1634 4775 1910 4841 incendia,
1956 4789 2077 4830 mo-
2130 4782 2147 4795 “

482 4875 683 4939 tusque
706 4868 826 4939 ejus
851 4869 1178 4937 impotentes
1208 4872 1516 4943 subegisse,
1571 4876 1626 4924 et
1701 4867 1888 4923 animo
1938 4866 2071 4922 sub-

481 4960 703 5032 iecisse.
758 4958 897 5016 Nam
925 4962 1023 5033 qui
1096 4963 1166 5019 ab
1216 4963 1304 5021 his
1339 4963 1602 5025 vincitur,
1652 4974 1760 5015 non
1794 4958 1945 5024 vicit,
1977 4957 2072 5016 sed

484 5052 664 5110 victus
683 5062 784 5110 est.

1055 5144 1309 5201 Scholion
1342 5148 1395 5201 4.

556 5236 738 5297 Motus
791 5237 1074 5295 naturales
1131 5238 1400 5306 corporis,
1452 5237 1546 5305 qui
1599 5237 1652 5290 in
1720 5244 1918 5291 somno
1952 5231 2074 5288 sine

486 5332 785 5403 intaginum
816 5330 1011 5386 formis
1041 5328 1335 5395 exsistunt,
1365 5329 1603 5383 animam
1640 5334 1917 5396 utcunque
1939 5324 2077 5378 bene

486 5422 691 5479 habere
714 5423 933 5479 docent.
967 5418 1152 5474 Firma
1197 5425 1378 5474 autem
1441 5418 1888 5488 phantasmatum
1940 5414 2076 5467 ima-

484 5515 716 5585 ginatio,
757 5513 973 5583 signum
1024 5519 1107 5567 est
1149 5509 1489 5581 mgritudinis
1516 5509 1733 5563 animm.
1778 5505 1848 5560 Et
1897 5503 2075 5559 incer-

488 5613 668 5659 torum
723 5603 944 5674 quidem
1002 5616 1293 5671 corporum
1360 5599 1549 5655 for-mre
1614 5599 1810 5654 veteris
1846 5595 2075 5651 aﬂeclus

489 5693 663 5759 mali;
707 5705 980 5749 certorum
1021 5700 1201 5748 autem
1238 5692 1472 5746 recentis
1502 5691 1671 5761 plaga:
1723 5700 1778 5745 et
1830 5686 2073 5745 vulneris

495 5796 874 5855 argumentum
899 5796 949 5841 et
975 5788 1282 5857 symbolum
1307 5784 1488 5843 crede.

2183 4502 2566 4570 καταφρονεῖν,
2598 4498 3039 4571 ἀποστρέφεσθαι
3070 4498 3372 4570 ἀναγκάζει
3396 4499 3465 4556 τὰ
3487 4500 3764 4568 ἐλάττονα,

2182 4591 2258 4655 ὡς
2293 4590 2500 4657 ἔδειξαν
2536 4592 2738 4657 πάντες
2767 4592 2817 4646 οἱ
2848 4592 3016 4662 ἅγιοι.

2793 4681 3053 4751 Σχόλιον
3082 4686 3153 4751 γ’.

2252 4769 2329 4824 Τὸ
2358 4771 2581 4843 νικῆσαι
2607 4771 2757 4842 λέγει
2788 4773 2889 4837 τάς
2921 4774 3246 4846 σωματικὰς
3270 4777 3642 4850 ἐκπυρώσεις,
3669 4779 3770 4832 καὶ

2181 4862 2281 4935 τῆς
2304 4863 2508 4935 σαρκὸς
2530 4863 2910 4930 καθυποτάξαι
2942 4868 3292 4940 σκιρτήματα
3313 4885 3328 4899 ·
3364 4869 3468 4923 ὑπὸ
3498 4869 3606 4942 γὰρ
3636 4869 3768 4923 τού-

2179 4973 2288 5010 των
2317 4954 2616 5029 νικώμενος
2646 4959 2747 5013 οὐκ
2770 4958 3042 5030 ἐνίκησεν,
3074 4959 3191 5013 ἀλλ’
3228 4961 3481 5035 ἐνικήθη.

2776 5141 3039 5207 Σχολιον
3068 5137 3127 5193 δ’.
3610 5192 3619 5199 .

2252 5229 2316 5283 Αἱ
2348 5229 2627 5284 ἀνείὸωλοι
2658 5231 2715 5283 ἐν
2743 5229 2932 5293 ὕπνοις
2955 5230 3052 5284 τοῦ
3081 5229 3339 5303 σώματος
3356 5234 3582 5303 φυσικαὶ
3618 5236 3778 5305 κινῆ-

2186 5338 2324 5388 σεις,
2368 5321 2635 5389 ὑγιαίνειν
2666 5323 2853 5387 ποσῶς
2896 5323 3199 5395 μηνύσουσι
3240 5326 3338 5397 τὴν
3377 5325 3570 5397 ψυχὴν,
3600 5327 3775 5396 πῆξις

2182 5414 2241 5467 δέ
2274 5413 2507 5470 εἰδώλων
2532 5415 2843 5487 ἀρρωστίας
2864 5415 3172 5488 γνώρισμα,
3199 5417 3294 5471 καὶ
3323 5417 3391 5472 τὰ
3414 5417 3512 5489 μὲν
3534 5417 3773 5487 ἀόριστα

2184 5508 2454 5578 πρόσωπα
2486 5507 2580 5561 τοῦ
2613 5505 2844 5562 παλαιοῦ
2873 5509 3081 5572 πάθους
3110 5526 3122 5539 ·
3148 5509 3219 5563 τά
3260 5509 3317 5565 δὲ
3354 5509 3633 5584 ὡρισμένα
3659 5509 3771 5582 τῆς

2180 5600 2495 5671 παραυτίκα
2535 5600 2749 5672 πληγῆς
2781 5599 3025 5673 σύμϐολα
3056 5600 3264 5672 νόμιζε.
