4042 6424
1351 307 1580 368 SCALA
1611 305 1993 367 PARADISI.
2017 291 2086 340 ~'—
2118 307 2428 368 GRADUS
2452 308 2573 370 xv.

939 422 1218 491 ,Σχόλιον
1251 426 1312 475 ε’.
1945 429 1994 486 Α

403 515 736 572 Ὑποτὰσσει
763 513 823 568 δὲ
846 512 914 566 τὰ
942 513 1083 584 μέλη
1110 513 1212 580 τῆς
1242 511 1450 583 σαρκὸς
1492 511 1572 583 τῷ
1611 509 1908 581 πνεύματι,

313 613 342 665 ὁ
373 609 522 665 κατὰ
549 606 713 677 φύσιν
750 604 1036 677 χρώμενος
1065 606 1188 667 ταῖς
1232 603 1543 676 αἰσθήσεσι,
1571 603 1669 658 καὶ
1696 601 1789 656 ὑπ’
1818 601 1910 655 οὗ·

310 703 471 766 δενὸς
507 699 714 754 τούτων
754 697 961 769 βλάϐην
1013 695 1325 767 ὑπομένων,
1377 697 1441 750 τδ
1482 696 1782 750 ἐποπτικὸν
1817 693 1914 750 τοῦ

309 795 460 850 Θεοῦ
497 791 964 866 προϐλεπόμενος,
985 791 1081 845 καὶ
1114 790 1184 844 τὰ
1208 790 1421 844 ἐκεῖθεν
1457 791 1712 861 ἄφραστοι
1743 791 1912 861 κάλλη

309 886 780 959 ὲνοπτριξὸμενος
814 883 1068 939 πάντοτε.

325 316 432 380 905
1351 316 1580 368 SCALA
1612 316 1993 367 ΡΑιιΑυιδι.
2017 330 2086 340 ~—
2118 316 2428 368 GHADUS
2454 316 2573 370 xv.
3489 316 3594 382 906

2589 421 2840 477 Scholion
2879 423 2931 480 5.

2088 511 2323 582 Suhjicit
2349 520 2531 568 autem
2563 513 2812 570 membra
2845 514 3029 570 carnis
3057 516 3295 586 spiritui,
3328 520 3425 590 qui
3473 536 3597 578 sen-

2015 602 2169 658 sibus
2224 619 2292 660 ex
2349 606 2671 676 praescripto
2710 613 2921 662 natura:
2968 607 3162 674 utitur,
3183 623 3286 666 nec
3319 612 3489 668 ullum
3529 615 3600 669 ab

2015 696 2125 754 illis
2153 698 2560 754 incommodum
2583 701 2836 766 sustinet,
2871 716 3194 773 semperque
3233 706 3288 760 in
3326 704 3420 761 Dei
3461 723 3598 764 ocu-

2015 788 2098 845 los
2127 790 2388 856 intentus,
2418 790 2602 845 animo
2629 791 2746 861 ejus
2778 792 3211 862 pulchritudines
3273 798 3421 853 nulla
3477 816 3598 856 ver-

2015 880 2211 936 borum
2243 879 2295 934 vi
2322 879 2674 950 explicandas
2697 897 2913 953 semper
2961 885 3205 941 intuetur
3253 896 3308 942 et
3351 899 3596 946 contem-

2015 957 2220 1040 platur.

928 1063 976 1114 Σ
983 1059 1199 1131 χόλιον
1229 1065 1304 1125 ς’.

404 1154 750 1227 Ἀντίρῤησις
795 1151 1014 1221 λέγεται
1069 1152 1103 1223 ἡ
1158 1148 1460 1219 ἀντιλογία.
1512 1147 1664 1220 Πλὴν
1713 1149 1762 1202 εξ
1836 1149 1913 1221 μὴ

308 1248 588 1318 πρότερον
629 1242 982 1317 ταπεινώσῃς
1022 1244 1250 1298 σεαυτὸν
1289 1242 1381 1298 διὰ
1423 1240 1740 1316 προσευχῆς
1764 1283 1780 1309 ,
1828 1243 1911 1307 εἰς

316 1334 494 1388 τοῦτο
518 1332 693 1386 ἐλθεῖν
721 1331 782 1384 οὕ
812 1329 1056 1385 δύνασαι.
1621 1335 1626 1339 ’

2411 1136 2422 1142 ἰ
2648 1064 2901 1124 Scholion
2923 1069 2979 1125 6.

2106 1153 2399 1211 Oblocutio
2477 1155 2678 1211 dicitur
2742 1159 3119 1215 contradictio.
3197 1161 3397 1218 Verum
3488 1164 3596 1219 nisi

2013 1241 2168 1313 prius
2211 1253 2264 1301 te
2303 1259 2402 1314 per
2449 1261 2644 1316 preces
2696 1246 3091 1318 bumiliaveris,
3119 1251 3186 1307 ad
3221 1253 3325 1309 hoc
3351 1254 3598 1324 aspirare

2015 1345 2124 1386 non
2157 1341 2313 1403 pones

923 1424 1190 1490 Σχόλιον
1241 1417 1307 1487 ζ’.

401 1512 730 1586 Ἐγκράτειά
754 1512 871 1565 ἐστι
898 1510 1118 1583 χαλινὸς
1147 1509 1332 1581 ἄγχων
1359 1509 1460 1581 τὴν
1499 1510 1593 1564 ἐπὶ
1619 1507 1908 1580 βρώματα,

2523 1426 2680 1499 24],
2727 1427 2976 1484 Scholion
3026 1430 3079 1484 7.

2084 1511 2469 1585 Temperantia
2493 1533 2586 1574 seu
2614 1520 2943 1575 abstinentia
2965 1531 3047 1576 est
3064 1521 3301 1586 frenum,
3319 1526 3464 1594 quod
3494 1526 3597 1581 im-

309 1607 353 1677 ἢ
395 1607 688 1678 χρήματα,
741 1603 1050 1674 ἢπόματα,
1089 1602 1122 1675 ἣ
1176 1601 1334 1667 δόξαν
1365 1600 1460 1656 τοῦ
1510 1597 1902 1672 ἐπιθυμητικοῦ

2016 1610 2196 1672 petum
2240 1614 2451 1687 natura}
2511 1609 2568 1663 in
2590 1609 2766 1677 cibis,
2820 1612 3090 1682 pecuniis,
3145 1615 3378 1684 poculis,
3427 1616 3596 1687 glo'ia

310 1699 522 1772 ὁρμήν.

973 1789 1255 1858 Σχόλιον.

400 1881 737 1953 Ἐγκράτεια
771 1878 1006 1952 αἰσθητή
1058 1881 1209 1934 ἐστιν
1252 1877 1497 1944 ἔκκλισις
1534 1878 1644 1933 ἀπὸ
1688 1877 1908 1934 πάντων

319 1973 435 2028 τῶν
465 1975 554 2029 διὰ
580 1974 780 2046 σαρκὸς
807 1971 1222 2044 ἐνεργουμένων
1259 1970 1587 2043 παραλόγων
1628 1971 1904 2043 πράξεων.

337 2064 669 2134 Ἐγκράτεια
693 2063 749 2117 δὲ
775 2064 942 2134 νοητή
984 2063 1134 2116 ἐστιν
1159 2062 1408 2127 ἔκκλισις
1436 2060 1530 2116 νοῦ
1560 2061 1670 2117 ἀπὸ
1709 2062 1907 2133 ἡδονῆς

326 2156 619 2226 νοημάτων
660 2154 918 2226 ὲμπαθῶν
939 2170 955 2187 ·
989 2155 1050 2207 οὐ
1083 2147 1568 2226 κατορθωθήσεται
1596 2154 1653 2208 δὲ
1694 2154 1729 2227 ἡ
1774 2171 1907 2224 προ-

323 2245 483 2317 τέρα,
521 2246 594 2317 μὴ
619 2246 718 2316 τῆς
746 2245 978 2317 μελέτης
1009 2247 1102 2300 καὶ
1143 2246 1244 2316 τῆς
1283 2246 1570 2319 τηρήσεως
1599 2247 1700 2318 τῆς
1725 2245 1906 2301 δευτέ-

317 2353 427 2408 ρας
454 2336 756 2408 ἀχωρξστου
800 2336 1043 2409 δεῇ-ψυχῇ
1079 2335 1478 2423 ὑπαρχούσης..
1828 2373 1833 2378 -

552 2510 736 2564 Ἄλλο
774 2509 885 2564 τοῦ
907 2507 1178 2580 μεγάλου
1214 2508 1539 2564 Βασίλειον
1573 2509 1674 2580 (a).

398 2598 460 2652 '0
489 2599 841 2670 ὑποπιασμὸς
887 2598 984 2651 τοῦ
1016 2597 1288 2668 σώματος,
1339 2597 1435 2651 καὶ
1480 2599 1514 2668 ἡ
1562 2597 1907 2667 δουλαγωγία

314 2689 411 2743 ὑπ’
457 2689 670 2750 οὐδενὸς
704 2688 864 2744 ἄλλου
893 2673 1169 2754 τοσοῦτον,
1201 2687 1394 2757 ὥσπερ
1440 2688 1540 2758 τῆς
1573 2687 1906 2758 ἐγκρατείας

313 2779 698 2851 κατορθοῦται.
733 2779 807 2833 Τὸ
841 2780 951 2849 γὰρ
982 2779 1183 2851 βράζον
1211 2782 1314 2850 τῆς
1344 2781 1619 2850 νεότητος,
1646 2781 1740 2833 καὶ
1770 2779 1907 2850 πρὸς

308 2874 414 2937 τὰς
449 2876 627 2946 ὀρμᾶς
671 2872 1063 2936 δυσκάθεκτον,
1094 2866 1206 2925 οἷον
1235 2869 1440 2943 χαλινῷ
1471 2888 1577 2924 τινι
1604 2874 1670 2944 τῇ
1700 2871 1906 2943 ἐγκρα-

303 2962 438 3034 τείᾳ
456 2967 816 3034 καταργεῖται
835 2978 850 2992 ⁸
887 2962 959 3015 οὺ
981 2961 1089 3032 γὰρ
1119 2961 1414 3032 συμφέρει
1439 2959 1655 3030 ἄφρονι
1686 2959 1902 3031 τρυφὴ,

306 3055 464 3108 κατὰ
489 3055 581 3109 τὸν
607 3054 953 3126 Σολομῶντα.
983 3055 1049 3108 Τί
1078 3055 1136 3108 δὲ
1172 3053 1377 3126 σαρκὸς
1411 3053 1757 3126 εὐπαθούσης
1775 3094 1790 3110 .
1811 3094 1826 3110 .
1849 3092 1864 3110 .
1883 3091 1901 3110 .

2011 1693 2327 1762 appetendis
2347 1684 2580 1753 coercet.

2663 1790 2934 1846 Scholion.

2077 1873 2430 1934 Continentia
2473 1882 2725 1953 corporis
2772 1893 2859 1939 est
2907 1885 3202 1944 declinatio
3231 1889 3302 1944 ab
3337 1889 3597 1947 omnibus

2006 1965 2314 2025 actionibus
2350 1985 2474 2041 qua:
2507 1981 2702 2043 praeter
2755 1976 3025 2032 rationem
3055 1993 3154 2049 per
3202 1995 3402 2050 corpus
3433 1981 3594 2037 fiunt.

2005 2055 2350 2114 Continentia
2385 2062 2613 2131 spiritus
2643 2065 2758 2122 sive
2793 2067 2962 2124 animi
2991 2077 3078 2125 est
3111 2069 3402 2127 declinatio
3443 2087 3596 2128 men-

2007 2147 2076 2202 tis
2109 2147 2179 2202 ab
2211 2151 2362 2206 omni
2420 2153 2782 2214 delectatione
2827 2160 3223 2231 cogitationum
3279 2162 3590 2218 noxiarum.

2005 2238 2164 2294 Prior
2215 2243 2402 2310 perlici
2440 2259 2539 2301 seu
2594 2250 2839 2305 exerceri
2877 2267 2986 2306 non
3019 2263 3215 2324 potest,
3267 2253 3374 2308 nisi
3421 2256 3592 2310 aftera

2006 2343 2105 2398 per
2151 2331 2560 2390 meditationem
2598 2346 2652 2392 et
2697 2340 3004 2396 custodiam
3057 2342 3132 2400 sit
3163 2343 3219 2400 in
3249 2342 3456 2411 anima,
3489 2358 3592 2400 nec

2006 2435 2248 2492 unquam
2273 2424 2348 2481 ab
2375 2425 2466 2481 illa
2494 2437 2794 2498 separetur.

2460 2518 2624 2574 Aliud
2677 2521 2871 2577 Basilii
2908 2523 3112 2597 Magni.

2076 2604 2378 2678 Castigatio
2399 2614 2647 2682 corporis
2667 2622 2722 2668 et
2748 2615 2804 2670 in
2829 2617 3142 2674 servitutem
3173 2621 3416 2680 redactio
3440 2621 3587 2678 nulla

2005 2695 2111 2751 alia
2138 2712 2197 2753 re
2222 2707 2505 2771 tantopere
2533 2703 2782 2772 efﬁcitur,
2811 2723 2975 2778 quam
2996 2711 3344 2768 abstinentia.
3387 2713 3591 2770 Fervor

2005 2787 2152 2842 enim
2183 2789 2273 2846 ille
2301 2792 2394 2861 qui
2437 2793 2490 2850 in
2521 2794 2816 2866 juvenibus
2844 2799 3025 2870 vigere
3056 2803 3218 2868 solet,
3264 2814 3319 2860 et
3353 2806 3591 2861 diliicilis

2005 2876 2098 2969 ille
2143 2879 2212 2934 ad
2267 2885 2603 2940 coercendas
2640 2887 2897 2945 libidines
2941 2889 3198 2969 impetus,
3259 2893 3591 2951 abstinentia

2008 2967 2393 3046 [continentia]
2443 2982 2708 3047 tanquam
2759 2977 2918 3036 freno
2960 2967 3197 3052 quodam
3254 2984 3588 3041 cohibetur:

2010 3077 2116 3114 non
2143 3063 2291 3117 enim
2340 3065 2496 3120 utich
2531 3077 2656 3123 sunt
2705 3069 2894 3138 stulto,
2938 3081 2999 3128 ut
3032 3072 3290 3131 Salomon
3323 3077 3422 3140 ait,
3455 3077 3592 3133 deli-

307 3146 530 3216 ἀποχην
574 3146 682 3199 τῶν
724 3120 1050 3218 βρωμάτων.
1104 3120 1278 3199 Τοῦτο
1315 3144 1426 3217 γὰρ
1476 3145 1628 3217 βιαία
1673 3120 1758 3210 τίς
1784 3147 1902 3201 ἐστι

2016 3152 2103 3208 cia:
2132 3153 2198 3208 ⁸⁸.
2226 3152 2363 3220 Quid
2424 3166 2606 3213 autem
2651 3174 2818 3216 carne
2838 3177 2962 3232 quae
2991 3163 3230 3220 molliter
3277 3180 3589 3235 accuratur,

304 3238 560 3302 διάλυσις
591 3238 693 3310 τῆς
742 3236 922 3311 ζωῆςο
965 3237 1105 3293 ἀλλὰ
1147 3237 1248 3310 τὴν
1299 3239 1394 3292 ἐπὶ
1436 3236 1757 3310 καθαιρέσει
1803 3240 1899 3294 τοῦ

305 3331 669 3402 φρονήματος
724 3333 826 3403 τῆς
883 3329 1081 3402 σαρκὸς
1136 3329 1273 3401 πρὸς
1319 3329 1419 3400 τὴν
1471 3329 1572 3400 τῆς
1620 3329 1904 3396 εὐσεϐείας

309 3421 519 3475 σκοπὸν
538 3421 1005 3493 ὲπιτηδευομένην
1030 3411 1245 3492 ἀποχὴν
1272 3420 1382 3474 τῶν
1398 3420 1591 3492 ἡδέων,
1617 3422 1713 3474 καὶ
1738 3423 1906 3489 ἀπαξ-

309 3513 506 3578 απλῶς
529 3508 605 3568 ὧν
643 3516 702 3568 αί
754 3515 1084 3578 ἀπολαύσεις
1113 3513 1452 3584 ἐπιθυμηταὶ
1487 3516 1600 3577 τοῖς
1625 3513 1766 3568 κατὰ
1797 3515 1904 3569 πά·

311 3605 412 3670 θος
435 3607 592 3672 ζῶσι,
625 3606 832 3661 τούτων
859 3608 894 3676 ἡ
923 3605 1226 3678 ἐγκράτεια,
1269 3605 1542 3672 ἀναγκαία
1568 3606 1682 3670 τοῖς
1717 3605 1906 3677 ῥυθμι-

312 3696 570 3768 ζομένοις
602 3698 740 3769 πρὸς
780 3698 877 3768 τὴν
906 3697 1209 3753 εὐσέϐειαν.

2007 3243 2084 3316 (b)
2110 3244 2186 3312 (et
2204 3246 2510 3316 iuventutis
2530 3262 2666 3308 aestu
2694 3260 2902 3311 temere
2930 3256 3039 3312 huc
3058 3257 3298 3330 illucque
3328 3261 3591 3332 agitatur,

2007 3334 2136 3406 ﬁngi
2167 3340 2389 3398 stultius
2429 3344 2665 3416 potest?)
2695 3345 3126 3418 {Continentiam
3183 3361 3367 3407 autem
3409 3354 3596 3424 appel-

2009 3427 2208 3495 lamus,
2269 3446 2380 3488 non
2439 3435 2486 3490 si
2540 3437 2665 3507 quis
2701 3438 2836 3511 se]a
2890 3440 3016 3497 cibo
3039 3443 3262 3512 penitus
3295 3443 3591 3512 abstineat,

2008 3522 2232 3591 quando
2263 3524 2366 3581 hoc
2397 3526 2634 3584 violenta
2674 3533 2921 3601 quaedam
2973 3535 3096 3590 vitae
3139 3535 3433 3592 dissolutio
3455 3545 3541 3591 est
3577 3554 3599 3596 :

2010 3611 2243 3667 sedeam
2273 3629 2439 3685 quam
2470 3617 2724 3677 tollendae
2751 3625 3004 3694 corporis
3019 3627 3384 3684 contumacia:
3403 3641 3593 3694 causa,

2008 3702 2229 3772 pietatis
2251 3722 2402 3780 ergo,
2437 3709 2507 3766 de
2525 3711 2795 3771 industria
2822 3718 3106 3788 sequimur
3132 3734 3316 3775 rerum
3353 3719 3600 3790 volupta-

314 3799 424 3844 tem
448 3788 786 3844 titillantium
810 3788 1222 3844 abstinentiam.
1247 3787 1445 3859 Atque,
1469 3797 1532 3844 ut
1573 3788 1742 3844 semel
1762 3788 1966 3856 ﬁniam,
1998 3807 2233 3864 quarum
2266 3815 2452 3856 rerum
2485 3803 2792 3875 voluptates
2811 3809 2882 3864 ab
2905 3787 2992 3874 iis,
3027 3809 3121 3880 qui
3152 3824 3219 3866 ex
3253 3787 3596 3864 libidine—vi-

320 3890 433 3935 tam
461 3883 683 3952 degunt,
711 3885 889 3953 expeti
945 3882 1120 3938 solita:
1153 3891 1302 3948 sunt,
1335 3881 1405 3938 ab
1427 3882 1496 3939 iis
1527 3881 1689 3939 nobis
1720 3881 1813 3952 qui
1866 3882 1936 3939 ad
1985 3901 2168 3946 veram
2217 3894 2438 3964 pietatis
2490 3899 2770 3956 culturam
2829 3905 3237 3971 contendimus,
3270 3913 3358 3962 est
3387 3912 3593 3971 tempe-

325 3971 576 4028 randum.

922 4093 969 4145 Σ
975 4090 1194 4160 χόλιον
1235 4096 1310 4161 η’.

397 4180 460 4233 οι
491 4179 594 4248 μὲν
619 4180 723 4233 τῶν
751 4180 1056 4252 ἀνθρώπων
1099 4181 1186 4235 διὰ
1213 4180 1377 4252 φόϐον
1415 4179 1761 4252 ἀνθρώπινον
1792 4181 1904 4236 τῶν

317 4270 511 4325 παθῶν
535 4271 830 4344 ἀπέχονται
852 4287 870 4305 ⁸
903 4275 955 4326 oi
984 4272 1042 4326 δὲ
1065 4273 1153 4327 διὰ
1183 4271 1490 4339 κενοδοξίας
1512 4289 1528 4304 ο
1561 4273 1712 4327 ἄλλοι
1743 4273 1801 4327 δὲ
1835 4273 1906 4327 δι’

311 4364 653 4437 ιγκρᾶτειαν
675 4381 690 4393 ·
734 4364 914 4436 ἕτεροι
944 4365 1001 4418 δὲ
1025 4364 1113 4419 διὰ
1144 4364 1303 4419 θείων
1330 4365 1616 4437 κριματων
1641 4365 1752 4418 τῶν
1795 4380 1904 4417 πα-

311 4457 430 4519 θῶν
461 4457 896 4529 ἐλευθεροῦνται.

925 4549 1186 4618 Σχόλιον
1227 4548 1292 4604 θ’.

390 4639 600 4708 Ἥγουν
630 4639 724 4693 τοῦ
755 4639 1013 4711 ῥηθέντος
1035 4641 1432 4712 ὑποδείγματος
1473 4640 1554 4712 (τὺ
1583 4639 1694 4714 γὰρ
1725 4640 1786 4694 ἓν
1811 4641 1904 4695 τοῦ

1941 4095 1990 4154 D

2655 4099 2905 4157 Scholion
2943 4103 2997 4158 8.

2079 4185 2187 4240 Alii
2219 4185 2507 4244 hominum
2557 4192 2702 4261 quod
2728 4202 2976 4250 metuant
3021 4195 3270 4254 homines
3321 4200 3598 4262 abstinent
3626 4267 3643 4283 ,

2008 4290 2039 4330 a
2093 4278 2277 4346 pravis
2331 4279 2756 4351 cupiditatibus;
2815 4284 2907 4339 alii
2939 4301 3005 4341 ex
3057 4302 3196 4342 vana
3237 4290 3432 4362 gloria,
3499 4298 3595 4354 alii

2009 4376 2232 4439 propter
2259 4373 2681 4443 continentiam,
2712 4378 2806 4432 alii
2833 4378 2903 4434 ab
2935 4378 3127 4435 iisdem
3185 4381 3258 4439 ob
3281 4383 3593 4444 divinorum

2003 4456 2335 4527 iudiciorum
2370 4472 2575 4520 metum
2603 4466 2921 4523 liberantur.

2625 4557 2878 4614 Scholion
2916 4561 2971 4616 9.

2077 4637 2205 4697 Sive
2243 4656 2308 4698 ex
2358 4645 2500 4700 dicto
2549 4646 2663 4717 jam
2715 4651 2986 4721 exemplo,
3044 4651 3277 4709 alterum
3318 4657 3462 4713 enim
3511 4671 3596 4718 est

305 4730 508 4803 ἑτέρου
560 4731 881 4785 καθίσταται
915 4732 1218 4804 πρόξενον),
1251 4734 1344 4788 καὶ
1374 4735 1439 4788 ὲκ
1476 4735 1577 4804 μὲν
1612 4733 1841 4803 ἀγώνων
1872 4736 1902 4805 ἡ

2016 4746 2170 4788 causa
2206 4735 2454 4804 alterius;
2508 4755 2634 4794 nam
2683 4757 2748 4797 ex
2782 4744 2943 4800 Iut-tis
2979 4753 3031 4800 et
3061 4749 3456 4808 certaminibus
3491 4753 3596 4809 hu-

301 4822 666 4888 ταπείνωσις,
694 4824 759 4877 ὲκ
799 4823 858 4876 δὲ
903 4824 1112 4896 ταύτης
1149 4827 1184 4896 ἡ
1218 4825 1337 4879 θεία
1381 4826 1646 4897 ἔλλαμψις
1693 4825 1774 4899 τῷ
1810 4828 1906 4881 ἀν-

301 4917 338 4970 0
347 4913 525 4985 ρώπῳ
554 4913 934 4983 προσγίνεται,
959 4915 1081 4985 ἥτις
1119 4918 1484 4987 περιποιεῖται
1508 4915 1658 4988 αὐτῷ
1681 4915 1781 4989 τὴν
1806 4915 1906 4986 τῆς

302 5004 543 5074 ἁγνείας
573 5005 872 5076 ἀκρότητα.

541 5102 543 5104 ’
922 5101 970 5153 Σ
971 5099 1188 5168 χόλων
1237 5105 1291 5157 ι’.

361 5207 364 5210 ’
388 5188 502 5252 Τὰς
529 5189 628 5260 τῆς
672 5191 876 5262 σαρκὸς
896 5191 1125 5263 ὀρέξεις,
1152 5193 1248 5246 καὶ
1287 5192 1385 5263 τὴν
1419 5193 1780 5261 ὲγκατάθεσιν
1802 5195 1902 5249 αὒ-

287 5281 435 5354 τὴν,
462 5281 583 5351 ἥτις
615 5282 758 5354 ἁρχὴ
788 5283 886 5353 τῆς
917 5282 1166 5354 πράξεώς
1193 5286 1361 5338 ἐστιν.

385 5459 430 5493 ⁶¹
462 5459 624 5514 Prov.
659 5476 772 5524 ιικ,
804 5460 892 5516 10.

384 5615 818 5694 (ᾕρει-πίεραι.
883 5618 1053 5689 fusius
1115 5620 1278 5691 disp.,
1333 5621 1755 5694 interrogatione
1816 5640 1902 5692 xv,

295 5698 359 5753 r.
389 5675 516 5743 '505
548 5697 602 5742 et

565 5807 844 5869 ΡΑτῐιοι..
895 5804 1012 5868 Gn.
1069 5807 1473 5869 LXXXVIII.

2005 4825 2211 4881 milites
2265 4827 2462 4897 oritur,
2515 4845 2581 4886 ex
2626 4833 2729 4888 hac
2758 4836 3000 4893 cmlestis
3030 4837 3322 4897 illustratio
3381 4846 3592 4900 accedit

2010 4914 2215 4988 [divina
2263 4917 2628 4980 illusu-atione
2671 4940 2826 4982 mens
2857 4927 3248 5006 perfunditur],
3289 4949 3411 5005 quae
3435 4935 3587 4991 illum

2009 5005 2076 5072 ad
2101 5022 2376 5065 summum
2403 5013 2670 5070 castitatis
2695 5015 2971 5089 fastigium
2993 5022 3258 5090 perducit.

2611 5105 2865 5162 Scholion
2903 5109 2990 5166 10.

2079 5190 2273 5248 Carnis
2301 5196 2659 5266 appetitiones
2678 5207 2730 5254 et
2754 5199 2924 5272 ipsam
2949 5203 3196 5259 intimam
3223 5205 3586 5276 aﬂ‘ectionem,

2011 5298 2134 5354 quas
2158 5284 2395 5342 actionis
2420 5288 2598 5359 prima
2628 5305 2796 5349 causa
2825 5294 3061 5362 exsistit,
3096 5296 3372 5369 intelligit.

2090 5622 2168 5705 (ολ
2200 5622 2425 5705 Inclusa
2444 5627 2756 5705 parenthesi
2825 5639 2952 5685 sunt
3013 5631 3066 5705 in
3125 5630 3311 5705 Gr:ch
3343 5634 3572 5705 alirasa;

2015 5707 2124 5749 non
2156 5695 2320 5752 habui
2358 5695 2503 5752 aliud
2535 5697 2782 5754 Graecum
2815 5701 3093 5770 exemplar
3131 5703 3196 5757 ad
3237 5720 3480 5763 manum.

3193 5818 3266 5880 29
