4042 6436
1019 398 1180 472 242
1220 396 1470 452 Scholion
1512 397 1598 451 ll.

588 490 1010 549 Procuratorem
1069 492 1158 549 hic
1185 506 1282 546 seu
1329 487 1609 560 pararium
1655 488 1889 558 appellat
1923 488 2098 544 homi-

521 601 641 642 nem
678 584 1020 656 pestilentem
1084 595 1141 640 et
1177 584 1455 647 lenonem,
1511 595 1749 652 quorum
1794 579 1931 637 alter
1967 580 2104 637 alios

520 675 721 743 verbis,
739 676 878 731 alter
898 674 1056 731 factis
1073 675 1127 729 in
1141 674 1286 731 exitii
1310 673 1629 729 barathrum
1654 672 1899 742 impellit.
1918 670 2106 728 Potest

519 778 576 824 et
600 768 711 825 alio
745 767 1019 824 intellectu
1058 766 1312 836 pararios
1342 780 1443 821 seu
1473 763 1791 821 conciliator
1834 773 1887 817 et
1914 771 2106 818 auctor

520 861 626 918 dici
656 862 848 928 ruinae,
878 859 969 930 qui
1004 874 1199 928 nempe
1234 858 1352 914 sine
1403 857 1518 912 ullo
1564 856 1773 926 judicio
1825 866 1879 912 et
1907 855 2106 927 proba-

521 952 669 1006 tione
726 950 1025 1007 miuisteria
1072 949 1194 1005 aliis
1240 948 1491 1018 imponit.
1586 946 1889 1002 Videndum
1955 947 2104 1002 enim

519 1042 667 1112 quali
695 1042 818 1113 quis
842 1042 896 1096 in
928 1040 1109 1098 oflicio
1134 1050 1390 1113 ponatur,
1415 1049 1468 1097 et
1499 1055 1569 1094 an
1597 1040 1862 1109 probatus
1895 1049 1950 1094 et
1973 1053 2105 1109 pro~

518 1134 622 1188 bus
644 1132 733 1196 sit,
759 1147 828 1187 ne
856 1148 920 1186 ex
972 1131 1275 1188 ministerio
1304 1131 1363 1186 in
1414 1144 1601 1187 casum
1636 1131 2022 1202 praecipitetur,
2052 1137 2107 1183 et

517 1224 740 1279 omnino
772 1223 1004 1279 excidat.

1097 1297 1341 1355 Scholion
1378 1299 1539 1356 Isaia:
1577 1302 1663 1359 12.

586 1406 849 1473 Quaestio.
875 1405 1015 1473 Quid
1045 1416 1129 1461 est
1165 1406 1418 1462 luxuria?
1448 1405 1615 1476 Resp.
1656 1404 2102 1475 lutcmperantia.

516 1499 719 1567 Quaest.
751 1499 892 1566 Quid
938 1505 1026 1555 est
1054 1500 1511 1570 intemperantia?
1542 1498 1707 1570 Resp.
1763 1498 1960 1555 Cultus
1980 1511 2107 1553 cor-

515 1594 688 1663 poris,
720 1591 1025 1657 distractio,
1054 1594 1294 1664 pigritia,
1340 1592 1558 1651 ridiculi
1595 1605 1904 1657 sermones,
1926 1591 2107 1660 impu-

516 1687 706 1742 denter
728 1687 1056 1754 auscultare;
1091 1687 1381 1743 infidelitas
1433 1702 1529 1742 seu
1577 1701 1686 1742 non
1717 1685 1940 1742 credere
1967 1683 2106 1740 divi-

1768 288 1829 347 s.
1868 284 2194 359 JOANNIS
2242 282 2554 346 CLIMACI
3660 290 3748 357 οοε

2800 390 3061 460 316.140!-
3112 388 3199 445 ια’.

2275 483 2541 556 Πρόξενον
2558 481 2795 537 ἐνταῦθα
2809 481 2901 535 τὸν
2933 480 3093 555 λιμὸν
3109 479 3204 553 [an
3239 479 3449 556 λοιμὸν]
3465 486 3551 549 καὶ
3564 487 3647 542 τὸν
3663 509 3753 562 μα-

2207 575 2455 647 στρωπὺν
2476 573 2733 645 ὀνομάζει
2755 589 2768 603 ·
2793 573 2822 625 6
2840 572 2939 643 μὲν
2957 569 3066 642 γὰρ
3090 570 3294 640 λόγοις.
3309 571 3338 623 δ
3362 570 3417 626 δὲ
3444 572 3611 645 ἔργοις
3636 582 3753 651 πρὸς

2208 662 2303 716 τὸν
2338 662 2530 734 βόθρον
2558 658 3039 716 ὲνωθοῦσιν.”Εστι
3072 659 3129 713 δὲ
3158 662 3255 714 καὶ
3284 662 3425 715 κατά
3452 662 3570 717 ἄλλο
3590 670 3755 739 πρόξε.

2206 769 2295 806 νον
2346 754 2555 818 είπεῖν,
2618 751 2788 823 ἦγουν
2844 749 2937 804 τὸν
2993 750 3324 821 ἀδιακρίτως
3373 749 3466 816 τὰς
3515 753 3755 824 διακονίας

2205 844 2648 917 προστάσσοντα,
2705 842 2800 898 καὶ
2842 842 3262 913 ἀδοκιμάστως’
3317 839 3618 915 δοκιμάζειν
3665 850 3757 924 γὰρ

2204 936 2312 1009 χρὴ
2348 939 2407 992 ἐν
2445 936 2577 1008 ποίᾳ
2603 935 2852 1008 διακονίᾳ
2884 934 3185 989 πεποίωταί
3231 952 3319 999 τις
3350 937 3455 990 καὶν
3478 938 3680 1011 δόκιμος
3706 938 3755 1015 ἦ,

2205 1031 2292 1084 ἱνα
2326 1029 2400 1101 μὴ
2433 1029 2641 1093 πτῶσις
2685 1029 2764 1101 τῷ
2809 1026 3151 1107 διακονοῦντι
3182 1028 3247 1081 ἐκ
3281 1027 3376 1082 τοῦ
3400 1028 3758 1104 διακονήματος

2205 1120 2453 1192 γένηται,
2493 1120 2589 1175 καὶ
2623 1120 2920 1184 ἔκπτωσις.

2652 1295 2914 1362 Σχόλιον
2969 1294 3221 1351 Ἡσαΐου
3265 1296 3365 1361 ιβ’.

2289 1383 2609 1457 Ἐρώτησις.
2644 1387 2709 1439 Τί
2739 1388 2860 1469 ἐστι
2901 1388 3168 1461 πορνεία;
3208 1388 3544 1459 Ἀπόκρισις.
3595 1392 3762 1465 Ἄκρα-

2209 1475 2321 1532 σία.
2363 1476 2556 1548 Ἐρώτ.
2585 1478 2695 1532 Kal
2719 1478 2772 1532 τί
2806 1480 2956 1533 ἐστιν
2983 1479 3260 1552 ἀκρασίας
3295 1480 3485 1536 ’Δπόκ.
3512 1482 3762 1556 Κόσμησις

2204 1565 2301 1620 τοῦ
2350 1565 2627 1638 σώματος,
2678 1568 3103 1639 περισπασμὸς,
3155 1569 3413 1640 ὀκνηρία,
3448 1568 3764 1639 γελωτοποιοὶ

2206 1659 2376 1728 λόγοι.
2426 1659 2487 1712 τδ
2529 1660 2820 1731 προσέχειν
2860 1659 3114 1725 ἀναιδῶς,
3145 1662 3378 1715 ἀπιστία
3406 1661 3515 1715 τῶν
3556 1664 3763 1733 ἐπαγγε-

517 1778 604 1833 ιιίε
667 1779 989 1849 promissis;
1039 1750 1293 1848 ampliter
1337 1777 1611 1843 incedere,
1671 1777 1797 1848 quia
1847 1790 2101 1848 pompam

2204 1750 2336 1803 λιῶν
2363 1750 2460 1804 τοῦ
2491 1750 2650 1816 Θεοῦ,
2688 1751 2746 1804 τὸ
2798 1750 3294 1822 φιλοπλατύνεσθαι
3316 1766 3331 1781 ⁸
3364 1752 3499 1806 διότι
3531 1753 3694 1820 θέλεις
3717 1757 3765 1811 τὸ

515 1885 695 1939 amas,
727 1882 782 1928 et
808 1870 1239 1928 misericordiam
1284 1872 1487 1939 odisti;
1514 1872 1645 1943 quia
1674 1870 1854 1927 ambis
1880 1870 2101 1925 inanem

516 1964 767 2036 gloriam,
801 1978 903 2022 nec
948 1963 1117 2020 ullum
1142 1965 1387 2022 aestimas
1438 1980 1552 2036 pra:
1581 1974 1656 2033 te,
1702 1963 2107 2022 conscientiam

515 2057 765 2129 negligis,
804 2071 906 2114 nec
953 2057 1020 2114 ad
1053 2056 1322 2129 judicium
1354 2057 1447 2114 Dei
1469 2058 1714 2114 animum
1754 2056 2016 2113 advenis.

1001 2238 1257 2297 Scholion
1298 2236 1472 2293 Marci
1514 2238 1597 2291 l3.

581 2336 673 2392 Est
705 2336 918 2391 malitia
951 2350 1048 2391 seu
1082 2335 1282 2389 vitium
1328 2348 1437 2403 quo
1492 2347 1589 2387 cor
1632 2345 1862 2401 prorsus
1892 2340 2106 2387 tenetur

510 2438 737 2501 propter
769 2429 1091 2485 diuturnum
1122 2427 1327 2482 mentis
1370 2426 1639 2493 habitum,
1670 2439 1767 2481 seu
1817 2439 2104 2495 pmoccua

512 2524 786 2594 pationcm
826 2531 921 2578 :et
948 2528 1033 2577 est
1066 2520 1270 2577 Inalitia
1314 2534 1410 2576 seu
1445 2519 1637 2573 vitium
1691 2518 1838 2587 quod
1866 2525 2103 2573 mentem

512 2632 608 2688 per
643 2614 997 2687 quotidianas
1045 2614 1294 2670 actiones
1325 2621 1381 2667 et
1410 2612 1626 2683 negotia
1657 2610 1959 2682 impugnat.

1218 2702 1402 2759 Aliud.

532 2834 537 2841 -
580 2802 661 2857 Ad
691 2801 838 2872 quod
893 2812 1342 2869 unumquemque
1394 2806 1451 2852 et
1504 2807 1666 2869 captu
1714 2797 2018 2857 faciliorem
2050 2812 2105 2858 et

508 2893 929 2965 propensiorem
965 2891 1140 2946 hostis
1183 2889 1601 2956 animadvertit,
1656 2892 1723 2946 ad
1776 2893 1830 2948 id
1876 2895 2104 2965 laqueos

507 2986 816 3056 componit,
865 2983 1034 3039 veluti
1073 2984 1141 3039 ad
1175 2983 1651 3049 consuetudinem.
1718 2994 1810 3041 aut
1861 2995 2101 3052 mtatem,

2208 1843 2472 1915 καύχημα
2512 1843 2608 1899 τοῦ
2650 1844 2879 1915 κόσμου,
2915 1847 3009 1901 καὶ
3040 1846 3261 1918 ἀγαπᾷν
3304 1845 3407 1917 τὴν
3432 1846 3766 1920 ἀνελεημοσύ-

2206 1952 2305 2008 νην
2331 1953 2345 1967 ο
2377 1935 2516 1990 διότι
2554 1936 2777 2007 ἀγαπᾷν
2811 1937 2910 2007 τὴν
2940 1937 3268 2005 κενοδοξίαν,
3302 1937 3370 1992 τὸ
3409 1938 3489 2010 μὴ
3528 1941 3768 2013 μετρῆσαι

2205 2045 2350 2096 τινα,
2374 2027 2475 2098 τὴν
2504 2026 2909 2100 ἀσυνειδησίαν,
2938 2030 3119 2085 καὶτὸ
3150 2030 3227 2104 μὴ
3260 2032 3556 2103 προσέχειν
3583 2031 3653 2102 τῷ
3671 2032 3769 2104 κρί-

2209 2139 2343 2192 ματι
2383 2119 2478 2175 τοῦ
2514 2120 2670 2176 Θεοῦ.

2673 2241 2935 2310 Σχόλιον
2975 2239 3221 2308 Μάρκου
3252 2247 3350 2310 ιγ’.

2282 2331 2438 2384 Ἔστι
2463 2331 2633 2386 κακία
2656 2332 2972 2404 καρδιακῶς
3002 2332 3309 2403 κατέχουσα
3349 2334 3439 2388 διὰ
3458 2333 3559 2406 τὴν
3584 2336 3772 2406 χρονίαν

2208 2424 2482 2495 πρόληψιν
2503 2439 2515 2453 ·
2568 2425 2664 2479 καὶ
2696 2425 2813 2477 ἔστι
2864 2425 3036 2479 κακία
3083 2426 3329 2495 λογικῶς
3375 2428 3676 2499 πολεμοῦσα
3702 2428 3770 2483 διὰ

2206 2515 2315 2570 τῶν
2349 2517 2473 2570 καθ’
2502 2518 2728 2589 ἡμερῶν
2756 2518 3120 2591 πραγμάτων.

2891 2690 3109 2753 Ἀλλο.

2281 2784 2424 2857 Πρὸς
2453 2784 2483 2838 δ
2509 2785 2741 2841 ἕκαστον
2766 2787 3231 2862 ὲπιρρεπέστερον
3270 2792 3366 2845 καὶ
3402 2792 3768 2865 εύαλωτότερον

2209 2876 2293 2951 Et]
2336 2878 2366 2929 ό
2405 2877 2622 2949 ἐχθρὸς,
2657 2879 2795 2950 πρὸς
2839 2880 3005 2934 τοῦτο
3031 2882 3256 2946 καὶτὰς
3302 2884 3541 2953 παγίδας
3566 2884 3767 2956 ἵστησιν,

2207 2966 2319 3025 οἷον
2353 2972 2492 3042 πρὸς
2519 2972 2620 3043 τὴν
2667 2972 2981 3044 συνήθειαν,
3011 2976 3044 3047 ἢ
3076 2976 3176 3046 τὴν
3213 2977 3464 3047 ἠλικίαν,
3499 2980 3532 3051 ἢ
3561 2980 3649 3033 τὸν
3667 2978 3770 3049 τρό-

507 3087 603 3133 aut
642 3089 849 3141 mores,
883 3081 981 3129 aut
1006 3073 1187 3127 locum
1210 3111 1227 3136 ,
1256 3069 1376 3125 Non
1425 3072 1573 3126 enim
1612 3072 1978 3140 importunas,
2005 3074 2100 3129 sed

2209 3081 2329 3128 πον,
2358 3065 2391 3136 ἦ
2421 3066 2514 3119 τὸν
2540 3066 2727 3122 τόπον.
2758 3068 2835 3121 Οὐ
2856 3068 2966 3140 γὰρ
2996 3068 3329 3136 ἀνοικείους,
3361 3072 3479 3127 ἀλλ’
3513 3072 3770 3145 ἁρμοδίως

507 3174 844 3236 opportunas
871 3170 923 3217 et
966 3160 1034 3215 ad
1088 3159 1495 3231 exsequendum
1552 3158 1742 3216 faciles
1788 3161 2101 3239 admittenti

2205 3158 2285 3230 τῷ
2323 3158 2599 3233 δεχομένῳ
2628 3162 2728 3216 καὶ
2773 3162 3134 3234 εὐπορίστους
3162 3164 3295 3228 τοὺς
3327 3165 3626 3237 λογισμοὺς
3659 3165 3768 3218 ὕπο-

509 3254 731 3325 subjicit
756 3251 1134 3322 cogitationes,
1183 3261 1244 3306 ut
1261 3249 1513 3305 familiari
1544 3259 1601 3306 et
1628 3262 1874 3322 prompta
1908 3255 1985 3309 rei
2021 3255 2104 3309 fa-

506 3347 710 3403 cultate
737 3343 1041 3415 prwcipitet
1063 3342 1120 3397 in
1149 3342 1256 3397 hoc
1303 3341 1470 3412 (quod
1508 3342 1645 3413 ruit)
1670 3342 1827 3401 illum
1858 3346 1954 3416 qui
2000 3361 2103 3417 op-

506 3445 804 3509 pugnatur.

524 3554 531 3563 σ
1102 3526 1358 3585 Scholion
1406 3526 1494 3581 14.

590 3628 774 3684 Efﬁcit
809 3623 1101 3697 impudens
1146 3621 1405 3692 Spiritus,
1458 3621 1643 3691 utqui
1682 3621 1967 3679 aﬂectibos
1999 3624 2102 3679 im-

510 3721 661 3794 puris
687 3719 913 3777 obnoxii
947 3725 1096 3785 sunt,
1118 3725 1174 3771 et
1192 3729 1382 3779 sensu,
1412 3722 1469 3769 et
1488 3722 1675 3769 mente
1702 3728 1799 3785 per
1838 3730 2084 3772 amorem

507 3829 803 3887 corporum
832 3812 1081 3869 sentiant
1126 3808 1345 3865 labores
1373 3805 1578 3871 cordis,
1615 3814 1780 3876 atque
1812 3807 1858 3862 si
1883 3822 1914 3863 a
1936 3808 2100 3864 ﬂam-

509 3923 596 3964 ma
624 3906 866 3963 ardentis
914 3902 1157 3961 fornacis
1213 3900 1396 3972 ignem
1447 3897 1651 3953 amoris
1680 3899 2096 3971 conﬂagrarent.

1124 4083 1375 4140 Scholion
1409 4083 1494 4139 l5.

576 4178 1004 4251 Rcstringuutur
1032 4176 1455 4251 [reprimuntur]
1477 4178 1624 4235 enim
1653 4178 1889 4250 improbi
1928 4181 2088 4252 spiri.

508 4284 609 4341 tus
623 4280 873 4338 conatus,
906 4280 963 4328 et
984 4271 1174 4342 ingens
1211 4270 1340 4327 belli
1377 4270 1614 4341 impetus
1668 4271 1997 4343 retunditur,
2030 4288 2101 4330 ae

507 4364 594 4420 vis
640 4363 891 4434 improba
945 4376 1179 4432 nequam
1252 4361 1482 4431 spiritus
1537 4363 2095 4434 temperatur:un

2203 3252 2440 3323 τίθησιν,
2479 3254 2568 3308 ῐνα
2594 3254 2673 3326 τῷ
2704 3255 2913 3328 οἰκείῳ,
2940 3256 3034 3311 καὶ
3071 3258 3390 3332 εύπορίστῳ
3418 3258 3516 3313 τοῦ
3548 3258 3771 3330 πράγμα-

2203 3363 2316 3413 τος,
2352 3346 2685 3420 ύποσκελίσῃ
2720 3349 2801 3412 είς
2833 3348 2992 3403 τοῦτο
3024 3349 3117 3404 τὸν
3152 3350 3587 3423 πελεμούμενον.

2792 3524 3059 3593 Σχόλιον
3112 3523 3193 3577 ιδ’.

2282 3614 2695 3687 Παρασκευάξει
2750 3614 2815 3667 τὸ
2873 3614 3092 3679 ἀναιδὲς
3161 3616 3390 3687 πνεῦμα
3451 3612 3773 3671 αίσοάνεσθαι

2201 3713 2330 3776 τοὺς
2373 3708 2709 3778 ἀγαπῶντας
2757 3705 2829 3760 τὰ
2878 3706 3047 3777 παθη,
3094 3707 3405 3780 αἰσθητῶς,
3452 3708 3546 3762 καὶ
3595 3706 3773 3777 vostri);

2203 3804 2309 3860 ὑπὸ
2336 3801 2432 3857 τοῦ
2479 3802 2680 3872 ἔρωτος
2723 3800 2834 3853 τῶν
2883 3800 3155 3869 σωμάτων
3190 3800 3383 3855 πόνων
3416 3800 3522 3871 τῆς
3552 3799 3772 3872 καρδίας,

2200 3898 2357 3969 δίκην
2393 3893 2714 3966 καμινιαίας
2761 3891 2981 3962 φλογὸς,
3011 3891 3106 3946 καὶ
3153 3892 3266 3946 ὑπὸ
3311 3895 3489 3965 πυρός
3534 3908 3672 3955 τινος
3695 3887 3774 3942 τοῦ

2201 3992 2406 4065 ἔρωτος
2442 3983 2907 4057 καταφλέγεσθαι.
3182 4000 3187 4005 δ

2800 4079 2847 4132 Σ
2849 4076 3062 4145 χόλων
3101 4076 3182 4132 ιε’.

2270 4174 2385 4231 Καὶ
2415 4172 2525 4244 γὰρ
2552 4169 2902 4226 κυλινδοῦνται
2935 4168 3031 4223 τοῦ
3080 4171 3332 4242 πονηροῦ
3383 4171 3691 4243 πνεύματος
3726 4167 3772 4220 αί

2199 4265 2494 4337 ἐνέργειαι,
2528 4262 2624 4319 καὶ
2672 4263 2706 4331 ἡ
2761 4259 2969 4331 σφόδρα
3000 4258 3096 4314 τοῦ
3130 4260 3382 4333 πολέμου
3429 4262 3689 4323 ἐπίθεσις,
3717 4262 3773 4328 τῇ

2199 4356 2494 4428 πανούργῳ
2527 4353 2753 4422 δυνάμει
2782 4351 2880 4406 τοῦ
2915 4351 3225 4424 πνεύματος
3245 4371 3262 4386 ο
3303 4355 3431 4409 ἐπεὶ
3464 4358 3517 4409 εἰ
3545 4353 3620 4426 μὴ
3640 4350 3776 4407 τοῦτο

509 4454 621 4511 nisi
651 4453 823 4519 ﬂeret,
870 4468 1154 4522 nunquam
1206 4452 1395 4509 liceret
1430 4452 1707 4524 respirare
1756 4465 2092 4526 Oppugnato,

2203 4442 2287 4520 ἣν,
2337 4447 2439 4501 ούκ
2481 4444 2548 4499 ἂν
2592 4439 2663 4515 ἦν
2714 4442 3011 4497 ἀνανεῦσαι
3066 4444 3158 4498 τὸν
3205 4445 3644 4517 πολεμούμενον,
3696 4437 3776 4496 καὶ

511 4560 616 4603 nec
640 4545 710 4600 ad
748 4544 911 4599 ullam
939 4543 1246 4599 libertatem
1266 4543 1557 4615 respirare.

1007 4633 1170 4708 243
1210 4635 1459 4696 Scholion
1508 4640 1597 4697 16.

580 4728 786 4799 Quales
832 4743 936 4785 nos
960 4727 1238 4787 daemones
1268 4732 1707 4802 deprehendunt,
1741 4735 1878 4791 tales
1901 4745 1958 4791 et
1986 4735 2093 4806 ipsi

514 4837 573 4879 se
597 4835 725 4893 erga
749 4828 1113 4891 uos-gerunt;
1140 4830 1196 4876 et
1225 4824 1415 4892 quales
1447 4823 1501 4878 in
1528 4822 1691 4879 nobis
1719 4824 2090 4896 cogitationes

514 4908 814 4982 reperiunt,
850 4907 983 4965 tales
1009 4907 1113 4987 ipsi
1151 4909 1310 4965 nobis
1344 4909 1610 4981 imagines
1638 4920 1693 4965 et
1729 4910 1938 4967 formas
1963 4911 2096 4967 sub-

505 5002 722 5072 jiciunt.

1105 5089 1354 5146 Scholion
1392 5093 1478 5148 17.

581 5184 783 5240 Contra
809 5192 1062 5237 naturam
1096 5190 1229 5236 sunt
1282 5191 1630 5252 pncpostera:
1654 5184 1887 5239 marium
1919 5195 1973 5239 et
1998 5184 2095 5240 be-

511 5276 740 5331 stiarum
790 5273 1046 5329 libidines
1076 5292 1088 5328 :
1124 5273 1215 5330 hic
1237 5284 1420 5330 autem
1463 5286 1654 5332 auctor
1704 5278 1869 5333 etiam
1920 5278 2098 5335 molli-

513 5367 643 5424 tiem
672 5368 778 5423 illis
806 5366 1076 5438 adiungit,
1123 5367 1339 5439 quando
1380 5377 1538 5422 vocat
1574 5367 1987 5425 fornicationem
2018 5370 2098 5424 vi-

509 5460 645 5513 tium
673 5460 819 5530 quod
860 5476 968 5515 non
1004 5459 1063 5513 fit
1118 5474 1241 5512 cum
1298 5459 1478 5514 alieno
1507 5473 1736 5529 corpore
1774 5458 1941 5533 [quod
1978 5475 2097 5528 ,non

514 5549 575 5605 tit
629 5561 781 5608 extra
835 5568 1036 5623 corpus
1067 5550 1397 5622 proprium].
1429 5550 1565 5607 Nam
1599 5552 1777 5608 omnis
1820 5554 2097 5625 turpitudo

515 5650 700 5696 mente
742 5643 1042 5713 perficitur,
1090 5650 1145 5697 et
1181 5641 1502 5698 ellluxiones
1541 5643 1886 5715 contingunt,
1922 5655 1977 5701 et
2008 5647 2099 5701 lir-

514 5733 679 5787 miter
706 5731 762 5787 in
807 5733 912 5791 hoc
951 5735 1182 5803 haerent,
1225 5750 1290 5790 co
1333 5732 1478 5805 quod
1534 5731 1794 5806 ﬂagitium
1835 5737 1938 5793 hoc
1984 5753 2095 5793 non

2204 4538 2518 4609 ιλευθερίας
2546 4538 2750 4609 τυχεῖν.

2796 4627 3059 4697 Σχόλιον
3096 4634 3188 4693 ις’.

2273 4725 2338 4781 οι
2359 4722 2617 4793 δαίμονες
2639 4719 2857 4784 ὁποίους
2886 4720 2950 4775 ἂν
2981 4719 3217 4792 εὕρωσιν
3240 4722 3422 4793 ἡμᾶς,
3445 4718 3675 4776 τοιοῦτοι
3698 4713 3777 4770 καὶ

2202 4818 2360 4874 αὐτοὶ
2398 4815 2676 4884 γίνονται-ο
2717 4812 2811 4866 καὶ
2864 4810 3002 4884 πρὸς
3039 4811 3108 4877 ἃς
3155 4813 3524 4885 εὑρίσκουσιν
3568 4814 3625 4866 ὲν
3667 4808 3779 4879 ἡμῖν

2203 4907 2434 4971 ἑννοίας,
2482 4904 2620 4976 πρὸς
2652 4903 2855 4968 ταύτας
2890 4905 2984 4959 καὶ
3024 4905 3179 4959 αὐτοὶ
3202 4906 3527 4974 φαντασίας
3567 4904 3779 4972 ἀφομοι-

2080 5055 2095 5069 ,
2200 5004 2342 5058 οῦσι.

2802 5093 3064 5162 Σχόλιον
3096 5091 3182 5157 ιζ’.

2271 5186 2355 5242 Τὰ
2404 5184 2558 5255 παρά
2590 5185 2753 5254 φύσιν
2800 5183 3223 5257 ἀρρενοφθορίαι
3280 5183 3383 5238 καὶ
3434 5177 3775 5251 ζωοφθορίαι·

2197 5273 2355 5343 οὗτος
2393 5279 2450 5332 δὲ
2480 5278 2576 5332 xal
2603 5277 2701 5348 τὴν
2733 5277 3005 5349 μαλακίαν
3031 5276 3246 5339 τούτοις
3293 5273 3605 5342 συνέλεξεν,
3632 5266 3782 5323 είπὼν

2202 5371 2460 5444 πορνείαν
2503 5370 2563 5424 τὸ
2590 5370 2760 5433 πάθος
2807 5368 2961 5432 sxto;
2993 5367 3180 5441 ἐτέρου
3216 5366 3518 5439 σώματος*
3563 5364 3655 5418 καὶ
3686 5359 3780 5429 γὰρ

2204 5468 2352 5519 πᾶσα
2403 5462 2698 5534 αίσχρότης
2747 5461 2891 5516 κατά
2937 5459 3061 5514 νοῦν
3114 5460 3409 5526 τελεῖται,
3462 5457 3558 5513 καὶ
3612 5448 3779 5523 ἐκροαὶ

2201 5555 2588 5627 συμϐαίνουσι,
2615 5553 2710 5607 καὶ
2758 5552 3237 5614 δυσαποσπάστως
3289 5552 3436 5624 πρὸς
3470 5549 3625 5604 τοῦτο
3649 5545 3779 5615 ἐχου-

2200 5663 2306 5711 σιν,
2338 5644 2415 5710 ὡς
2450 5644 2591 5716 μήτε
2615 5640 2910 5715 δρώμενον,
2944 5644 3081 5715 μήτε
3108 5641 3242 5697 τινὰ
3288 5641 3543 5713 ἔλεγχον,
3572 5634 3782 5711 ily-6W);

2198 5736 2297 5810 τὴν
2334 5734 2663 5806 συνείδησιν,
2687 5732 2718 5787 δ
2760 5734 2855 5790 καὶ
2885 5732 3113 5791 θάνατον
3141 5733 3614 5807 προσηγόρευσεν
3634 5746 3647 5760 ο
3686 5722 3784 5778 εστι
