4042 6436
431 297 547 359 909

1463 300 1695 360 SCALA
1725 302 2105 362 PARADISI.
2130 328 2199 338 -
2222 303 2534 365 GRADUS
2567 304 2689 365 XV.

3596 258 3701 362 9:0

432 413 550 481 γάρ
596 425 681 472 τις
727 408 956 474 θάνατος
994 409 1054 462 ὲν
1085 409 1238 481 ἡμῖν,
1273 410 1367 464 καὶ
1404 411 1527 482 μεθ’
1557 412 1714 483 ἡμῶν
1757 414 1843 467 ἀεὶ
1877 431 2013 486 συμ-

2137 415 2386 482 rideatur,
2414 432 2516 472 nec
2545 415 2997 487 reprehendatur,
3037 415 3131 470 sed
3183 423 3393 470 tantum
3417 415 3702 472 conscien-

435 499 899 574 περιφερόμενος.

1045 766 1304 835 Σχόλιον
1338 773 1429 837 ιη’.

527 850 666 922 Ἐμὴ
715 850 816 921 μὲν
848 851 924 916 ὡς
955 851 1230 924 σύμφυσις
1257 856 1323 925 τῇ
1352 854 1520 925 ψυχῇ,
1560 854 1656 908 καὶ
1689 856 2023 929 στεργομένη

434 943 576 1013 παρ’
609 942 810 1012 αὖτῆςο
840 942 940 996 οὐκ
968 943 1075 1014 ἐμὴ
1105 944 1182 1009 δὲ,
1215 945 1293 1009 ὡς
1324 945 1724 1017 στρατευομένη
1755 946 1908 1018 παρά
1926 948 2028 1018 τῆς

429 1031 644 1102 ψυχῆς.
675 1033 771 1085 καὶ
802 1033 1054 1106 ὁρωμένη
1086 1034 1291 1105 ταύτης
1323 1036 1582 1106 πολέμιος
1601 1053 1616 1068 ο
1653 1036 1684 1090 ὃ
1723 1037 1817 1091 καὶ
1856 1037 2028 1090 δεινό-

431 1124 608 1177 τατόν
653 1124 834 1178 ἐστιν·
891 1126 922 1177 6
962 1125 1062 1194 μὲν
1089 1120 1183 1180 οὖν
1220 1126 1558 1192 ’Δπόστολος,
1601 1126 1692 1181 διὰ
1729 1126 1798 1181 τὰ
1837 1128 1903 1181 ἐκ
1929 1127 2030 1197 τῆς

431 1215 683 1286 γαστρὸς
734 1215 1122 1286 συμϐαίνονται
1168 1217 1356 1272 σκῶλα
1382 1221 1450 1289 τῇ
1488 1217 1663 1296 ψυχῇ,
1693 1218 1924 1273 θάνατον
1969 1217 2030 1272 τδ

437 1307 606 1377 σῶμα
663 1307 1122 1379 προσηγόρευσεν.
1185 1309 1246 1362 '0
1293 1309 1352 1362 δὲ
1408 1308 1659 1374 θεολόγος
1705 1309 2027 1382 Γρηγόριος,

437 1399 672 1468 ἐμπαθῆ
722 1402 816 1452 καὶ
859 1401 1178 1471 νυκτερινὴν
1226 1400 1324 1472 τὴν
1387 1401 1704 1472 σωματικὴν
1772 1402 2026 1472 γέννησιν

436 1488 766 1560 ὠνόμασενο
799 1489 876 1553 ὡς
921 1491 1116 1562 ἡδονῆς
1165 1493 1263 1546 καὶ
1297 1491 1607 1562 ἐλευθέρας,
1637 1493 1732 1546 καὶ
1761 1493 2028 1564 ἡμερινῆς

436 1577 648 1648 ἥττονα
678 1579 776 1634 καὶ
806 1579 1098 1635 ἀντίθετον.

743 1801 750 1810 '
835 1786 1016 1842 Ἄλλο
1045 1788 1154 1842 τοῦ
1191 1789 1642 1860 Χρυσοστόμου.

519 1875 612 1944 Μὴ
658 1874 850 1946 νόμιζε
901 1877 1001 1948 τῆς
1047 1878 1249 1949 σαρκὸς
1294 1879 1466 1949 αὐτῆς
1512 1883 1864 1952 κατηγορεῖν
1909 1880 2030 1935 οὐδὲ

443 1964 561 2035 γὰρ
607 1961 744 2030 εἶπε,
776 1963 952 2036 σῶμα
989 1967 1312 2037 ἁμαρτίας-⁸
1351 1967 1490 2024 ἀλλὰ
1521 1967 1696 2039 σῶμα
1743 1969 2026 2036 θανάτου,

456 2057 665 2125 Ἤγουν
696 2059 752 2110 τὸ
773 2058 1033 2130 χειρωθὲν
1060 2061 1166 2114 ὑπὸ
1195 2051 1286 2115 τοῦ
1307 2061 1560 2128 θανάτου,
1581 2063 1642 2117 οὐ
1672 2063 1733 2117 τὸ
1760 2064 2028 2135 γεννῆσαν

455 2145 710 2199 θάνατον·
741 2148 872 2218 ὅπερ
917 2149 1041 2201 οὐδὲ
1071 2151 1170 2220 τῆς
1202 2152 1466 2222 πονηρίας
1496 2155 1596 2223 τῆς
1638 2153 1862 2224 σαρκὸς,
1893 2153 2030 2207 ἀλλά

458 2241 558 2304 τῆς
614 2238 867 2308 ἐπηρείας
924 2241 1024 2310 τῆς
1075 2242 1313 2312 σαρκὸς,
1367 2238 1435 2317 ἦς
1482 2243 1785 2314 ὑπέμεινε,
1831 2244 2032 2315 δεῖγμά

447 2328 618 2379 ἐστιν.
653 2326 860 2398 Ὠσπερ
888 2326 956 2381 ἂν
981 2329 1035 2382 εί
1057 2345 1142 2392 τις
1183 2331 1642 2402 αἰχμαλωτισθεὶς
1682 2335 1787 2388 ὑπὸ
1824 2334 2030 2406 βαρϐά-

442 2435 582 2488 ρων,
623 2419 724 2472 οὐκ
752 2421 940 2493 ἐπειδὴ
989 2422 1269 2494 βάρϐαρός
1300 2425 1472 2489 ἐστὶν,
1519 2425 1658 2480 ἀλλά
1702 2427 1889 2498 ἐπειδὴ
1937 2428 2030 2481 ὑπ’

439 2509 672 2562 ἐκείνων
704 2511 1030 2580 κατέχεται*
1059 2511 1201 2566 οὕτω
1248 2511 1344 2566 καὶ⁹
1391 2512 1452 2566 τὺ
1495 2515 1656 2585 σῶμα
1683 2515 1914 2570 θανάτου
1941 2517 2032 2571 λέ-

437 2617 602 2667 γεται
653 2601 844 2671 ἐπειδὴ
894 2603 1229 2674 κατεσχέσθη
1283 2606 1411 2676 παρ’
1459 2605 1650 2670 αὐτοῦ,
1695 2608 1797 2660 οὐκ
1845 2607 2032 2680 ἐπειδὴ

443 2690 810 2762 προεξένησεν
844 2693 1028 2748 αὐτόν.
1059 2695 1262 2766 Διόπερ
1289 2696 1411 2749 οὐδὲ
1453 2698 1616 2763 αὐτὸς
1643 2698 1738 2752 τοῦ
1779 2687 2058 2770 σώματος-

443 2784 714 2852 ρυσθῆναι
743 2785 1020 2854 βούλεται,
1061 2787 1198 2841 ἀλλὰ
1225 2787 1317 2842 τοῦ
1352 2787 1548 2861 θνητοῦ
1581 2789 1854 2862 σώματος.

1051 2883 1097 2934 Σ
1099 2881 1310 2948 χόλων
1348 2879 1433 2934 ιϐ’.

535 2968 591 3021 Ὀ
623 2968 799 3022 θανὼν
843 2971 960 3035 ταῖς
1009 2971 1327 3040 ἁμαρτίαις,
1362 2971 1460 3027 καὶ
1495 2971 1585 3025 διὰ
1612 2974 1710 3044 τῆς
1742 2973 2034 3043 μετανοίας

2125 506 2256 560 tiam
2280 507 2477 562 haheat
2501 516 2717 572 testem,
2745 507 2891 576 quod
2925 514 2981 561 et
3004 514 3236 560 mortem
3267 505 3560 575 appellavit
3584 522 3599 560 :
3619 518 3701 563 est

2122 597 2268 651 enim
2309 599 2558 666 quaedam
2587 614 2738 654 mors
2785 600 2840 652 in
2864 597 3044 664 nobis,
3073 611 3238 668 quam
3274 610 3488 668 semper
3517 597 3700 652 nobis-

2123 703 2249 743 cum
2281 689 2741 746 circumferimus.

2717 782 2968 838 Scholion
3015 781 3103 837 l8.

2197 867 2326 925 Haec
2351 869 2530 944 (caro)
2559 871 2778 928 inimica
2814 888 2933 928 mea
2974 881 3232 943 tanquam
3269 881 3464 928 natura
3508 871 3707 928 anima:

2126 979 2380 1033 censors,
2410 975 2466 1022 et
2497 983 2620 1037 quae
2651 966 2894 1039 diligitur
2913 967 2983 1023 ab
3020 967 3110 1022 illa
3155 965 3413 1039 [fovenda
3446 981 3540 1022 seu
3585 982 3708 1037 quae

2129 1053 2342 1110 fovetur
2363 1057 2434 1112 ab
2465 1055 2602 1128 illa].
2638 1055 2756 1113 Non
2787 1073 2926 1123 mea,
2957 1065 3145 1128 utpote
3179 1067 3366 1113 contra
3405 1073 3571 1128 quam
3605 1073 3701 1128 pu-

2130 1153 2260 1216 gnat
2289 1147 2472 1202 anima
2498 1147 2650 1202 velut
2688 1147 2901 1203 hostem
2951 1163 3110 1203 suum
3147 1167 3162 1202 :
3195 1148 3248 1203 id
3284 1147 3429 1218 quod
3449 1146 3705 1218 gravissi-

2131 1252 2281 1292 mam
2303 1247 2406 1294 est.
2452 1239 2748 1310 Apostolus
2773 1254 2906 1310 ergo
2938 1247 3160 1310 propter
3203 1239 3459 1294 scandala
3481 1254 3605 1309 qua:
3639 1253 3707 1293 ex

2131 1336 2320 1381 ventre
2350 1328 2682 1396 proveniunt
2725 1328 2943 1393 animae,
2971 1342 3172 1397 corpus
3200 1336 3430 1381 mortem
3466 1325 3707 1397 appella-

2131 1414 2208 1469 vit
2228 1418 2297 1468 θ’.
2338 1416 2635 1488 Gregorius
2691 1428 2871 1473 autem
2910 1418 3218 1488 Thcologus
3249 1419 3498 1473 vitiosam
3519 1427 3574 1473 et
3602 1421 3706 1472 no-'

2131 1515 2382 1562 cturnam
2458 1510 2706 1579 corporis
2775 1509 3186 1580 generationem
3240 1510 3472 1573 vocavit,
3529 1510 3709 1565 noctis

2134 1593 2328 1667 nempe
2371 1607 2427 1654 et
2479 1600 2774 1670 voluptatis
2823 1615 2986 1671 opus,
3043 1601 3240 1670 spiritu
3270 1611 3324 1656 et
3353 1601 3605 1656 libertate
3654 1611 3709 1657 et

2135 1689 2256 1746 luce
2288 1690 2528 1746 deterius
2555 1699 2612 1746 et
2641 1691 2944 1747 inimicum.

2625 1782 2789 1836 Aliud
2833 1781 3218 1852 Cltrysostonti.

2203 1867 2324 1924 Noli
2369 1880 2560 1941 putare
2607 1887 2828 1927 carnem
2883 1873 3056 1942 ipsam
3105 1871 3373 1926 accusari.
3421 1869 3539 1925 Non
3571 1869 3711 1925 dixit

2131 1963 2426 2028 Apostolus
2486 1981 2678 2035 corpus
2723 1965 2946 2035 peccati,
2992 1963 3088 2019 sed
3109 1979 3301 2034 corpus
3336 1964 3543 2018 mortis.
3580 1962 3709 2018 Sive.

2133 2054 2420 2110 subactum
2456 2071 2487 2110 a
2527 2066 2724 2121 morte,
2759 2072 2869 2111 non
2923 2057 3071 2126 quod
3123 2055 3401 2126 generavit
3455 2063 3708 2115 mortem.

2131 2145 2276 2214 quod
2310 2161 2419 2199 non
2456 2154 2540 2200 est
2581 2145 2820 2211 malitiae,
2857 2147 2953 2202 sed
3004 2145 3278 2199 violentia:
3317 2145 3518 2210 carnis,
3541 2159 3707 2216 quam

2133 2234 2414 2299 sustinuit,
2441 2233 2675 2305 signum.
2716 2233 2844 2290 Utsi
2870 2235 2994 2304 quis
3019 2249 3050 2288 a
3078 2233 3326 2290 barbaris
3354 2243 3564 2304 captus,
3599 2249 3708 2288 non

2133 2326 2278 2395 quod
2323 2326 2438 2394 ipse
2471 2326 2736 2380 barbarus
2783 2325 2876 2389 sit,
2909 2327 3006 2380 sed
3035 2326 3180 2395 quod
3212 2326 3284 2379 ab
3307 2325 3440 2396 ipsis
3467 2317 3714 2380 detineaé

2137 2430 2244 2474 tur.
2277 2417 2350 2473 Ita
2383 2434 2582 2489 corpus
2604 2420 2797 2474 mortis
2823 2419 3042 2484 dicitur,
3075 2433 3141 2473 eo
3173 2420 3320 2489 quod
3350 2434 3379 2473 a
3407 2425 3583 2472 morte
3612 2433 3710 2474 ca-

2137 2519 2284 2579 ptum
2313 2510 2388 2565 sit
2435 2525 2529 2565 sen
2577 2509 2880 2574 detentum,
2923 2525 3033 2565 non
3071 2510 3218 2580 quod
3253 2523 3452 2579 corpus
3481 2517 3710 2563 mortem

2135 2603 2444 2672 procurarit
2490 2614 2584 2657 aut
2640 2603 2862 2657 crearit.
2907 2601 3145 2657 Proinde
3194 2601 3308 2671 ipse
3336 2616 3446 2656 non
3503 2601 3710 2670 cupita

2136 2706 2366 2762 corpore
2397 2693 2640 2762 liberari,
2681 2694 2777 2750 sed
2805 2710 2837 2748 a
2873 2693 3089 2748 mortali
3117 2707 3370 2764 corpore.

2735 2898 2986 2955 Scholion
3026 2896 3112 2953 l9.

2202 2984 2308 3050 Qui
2336 2999 2434 3055 per
2465 2994 2687 3056 peccata
2728 2997 2980 3041 mortuus
3006 2995 3114 3051 est,
3141 2994 3195 3040 et
3213 3000 3309 3054 per
3332 2983 3711 3055 penitentiam

444 3059 748 3129 ἀνανήψας,
781 3061 814 3130 ἢ
855 3064 922 3131 τῇ
968 3061 1190 3132 δοκήσει
1215 3064 1295 3134 μὴ
1327 3062 1524 3118 θανών.
1578 3063 1642 3117 Ei
1673 3063 1783 3136 γάρ
1827 3065 1922 3118 καὶ
1964 3064 2031 3118 τὰ

2137 3077 2386 3148 resipuit,
2419 3087 2513 3132 aut
2543 3077 2637 3148 qui
2663 3077 2811 3133 visus
2842 3086 2926 3134 est
2953 3093 3062 3132 non
3098 3077 3269 3135 fuisse
3299 3086 3571 3133 mortuus.
3599 3075 3711 3132 Etsi

446 3151 733 3222 παχύτερα
780 3152 1014 3222 ἐξέφυγε
1059 3153 1243 3225 πάθη,
1293 3154 1429 3210 ἀλλά
1475 3158 1590 3220 τοῖς
1630 3155 1850 3219 λεπτοῖς
1887 3172 2034 3209 τισιν

441 3242 799 3313 ἐκοινώνησε,
830 3245 1259 3317 Παραπτὼματα
1287 3246 1416 3317 γὰρ,
1463 3247 1618 3318 φησι,
1655 3247 1740 3312 τίς
1774 3247 2030 3319 συνήσει;

443 3338 517 3390 Εἰ
561 3335 670 3405 γὰρ
716 3338 745 3390 6
785 3338 1039 3408 Χριστὸς,
1079 3340 1264 3412 φησιν,
1314 3342 1374 3394 ὲν
1424 3333 1469 3410 ᾧ
1513 3339 1634 3395 οὐδὲ
1677 3340 1827 3405 δόλος
1865 3342 1926 3396 ιν
1957 3339 2035 3412 τῷ

448 3428 685 3497 στόματι
739 3427 1035 3501 ἐξευρέθη,
1083 3430 1322 3486 ἀπέθανε
1372 3431 1467 3486 καὶ
1519 3431 1756 3504 ἀνέστη,
1801 3431 1886 3496 τίς
1927 3433 2035 3505 ἄρα

448 3517 604 3568 ἐστὶν
628 3519 656 3570 6
682 3517 774 3570 τὸν
806 3519 872 3571 ἐκ
891 3520 990 3590 τῆς
1019 3521 1295 3592 ἁμαρτίας
1326 3521 1558 3577 θάνατον
1577 3522 2031 3594 διαφευξόμενος;

447 3607 646 3670 Οὐδεὶς
675 3609 705 3659 6
741 3607 988 3679 μηδόλως
1032 3611 1315 3685 ἁμαρτών.
1350 3613 1704 3684 Μακαριστδς
1730 3609 1824 3667 οὖν
1869 3615 1898 3667 6
1945 3613 2036 3668 διὰ

452 3699 752 3768 μετανοίας
782 3701 1254 3772 ἀνακαλούμενος*
1298 3705 1332 3775 ἡ
1369 3704 1429 3759 δὲ
1462 3703 1716 3770 σύνταξις
1767 3703 1864 3758 τοῦ
1897 3719 2037 3775 παρο

450 3793 729 3862 επομένου
759 3791 940 3862 λόγου,
974 3793 1053 3864 τῷ
1088 3795 1307 3866 ῥηθέντι
1337 3796 1484 3851 ἐστὶν
1514 3796 1676 3870 αὕτη.
1707 3797 1765 3850 Ὀ
1799 3794 2038 3868 μακαρί-

457 3884 592 3947 ζων,
623 3884 775 3954 φησὶ,
812 3884 904 3938 τὸν
935 3888 1297 3956 μετανοοῦντα
1315 3905 1329 3920 ο
1365 3885 1520 3954 οὗτος
1549 3889 1658 3962 γὰρ
1683 3891 1713 3943 6
1737 3891 2034 3964 πρότερος·

463 3975 624 4028 τοῦτο
679 3980 936 4049 παραινεῖ
981 3978 1078 4033 καὶ
1131 3979 1370 4035 διδάσκει
1394 3997 1410 4014 ο
1465 3983 1712 4053 μηδόλως
1757 3981 1894 4037 εἶναι
1939 3983 2039 4052 τὴν

466 4067 770 4134 ἀπόγνωσιν
809 4072 867 4123 ὲν
903 4073 1016 4135 τοῖς
1049 4071 1358 4128 πίπτουσιν.
1412 4075 1640 4143 Ἤγουν,
1674 4075 1734 4130 οὐ
1765 4077 1871 4147 χρὴ
1903 4076 2040 4129 ἀπο-

465 4157 754 4224 γινώσκειν
795 4161 924 4226 τοὺς
971 4163 1288 4228 πίπτοντας.
1329 4165 1421 4232 Τὸ,
1456 4165 1754 4234 avoc-iaci,
1816 4166 1873 4220 δὲ
1919 4167 2041 4222 ἀντὶ

459 4249 561 4303 τοῦ
591 4254 882 4320 παραινεῖ,
915 4255 1157 4310 νουθετεῖ
1203 4255 1364 4311 πάλιν
1390 4257 1468 4330 (a)
1545 4295 1561 4312 .
1650 4295 1666 4312 .
1745 4297 1760 4312 .
1839 4295 1853 4311 .
1927 4294 1944 4311 .
2024 4297 2039 4312 .

453 4339 716 4410 βασιλεύς
761 4360 848 4407 τις
903 4344 1158 4414 Ἐφεσίαν
1193 4345 1372 4417 ίερίαν
1406 4347 1661 4420 [ἱέρειαν]
1694 4347 1818 4404 ἰδὼν
1867 4349 2040 4419 ὑπερ-

2133 3170 2276 3224 enim
2325 3169 2592 3225 crassiora
2633 3185 2727 3225 seu
2768 3169 3016 3239 graviora
3068 3169 3197 3224 vitia
3240 3166 3461 3239 eﬂ‘ngit,
3502 3169 3714 3223 levibus

2135 3267 2316 3316 tamen
2363 3260 2701 3316 adhaerescit.
2735 3259 2938 3315 Delicta
2985 3259 3130 3315 enim
3188 3261 3393 3330 (inquit
3429 3259 3597 3314 David
3645 3259 3713 3328 ⁸⁸)

2135 3352 2258 3422 quis
2287 3353 2586 3423 intelliget?
2605 3351 2662 3406 Si
2685 3351 2830 3407 enim
2855 3351 3110 3408 Christus
3131 3353 3183 3407 in
3205 3351 3363 3422 cujus
3388 3365 3482 3406 ore
3503 3364 3609 3404 non
3632 3357 3718 3405 est

2134 3441 2300 3515 244
2333 3444 2584 3500 inventus
2615 3443 2775 3498 dolus
2802 3442 2869 3508 “,
2912 3453 3160 3498 mortuus
3207 3450 3291 3497 est
3309 3452 3362 3496 et
3392 3438 3714 3504 resurrexit,

2135 3536 2258 3608 quis
2312 3544 2396 3591 est
2451 3535 2546 3604 qni
2602 3535 2810 3605 peccati
2841 3544 3070 3590 mortem
3115 3533 3356 3603 effugiet,
3398 3546 3522 3585 cum
3555 3545 3716 3586 nemo

2136 3642 2361 3698 prorsus
2387 3643 2495 3682 non
2533 3627 2759 3697 peccet?
2785 3625 2985 3682 Beatus
3014 3641 3144 3698 ergo
3183 3626 3272 3680 ille
3312 3621 3712 3695 praedicandns,

2135 3720 2230 3791 qui
2280 3733 2376 3788 per
2418 3719 2790 3789 penitentiam
2852 3725 3160 3773 revocatur.
3215 3713 3505 3784 Sequentis
3531 3720 3714 3767 autem

2137 3809 2409 3864 sermonis
2437 3824 2531 3864 seu
2565 3809 2714 3864 verhi
2734 3823 2862 3864 cum
2893 3804 3219 3878 praecedenti
3259 3803 3406 3856 dicto
3430 3801 3510 3857 sic
3537 3800 3717 3854 coha-

2138 3908 2241 3956 ret.
2281 3899 2385 3966 Qui
2405 3901 2645 3967 beatum,
2678 3900 2872 3970 inquit,
2905 3897 3162 3970 praedicat
3183 3895 3534 3965 pmnitentem
3574 3910 3588 3946 :
3628 3891 3718 3944 hic

2138 3991 2280 4045 enim
2314 4000 2400 4051 est
2423 3991 2593 4061 prior,
2621 3991 2724 4045 hoc
2749 3999 2931 4044 monet
2961 3997 3015 4042 et
3035 3988 3212 4051 docet,
3245 3983 3396 4038 nullo
3427 3982 3589 4037 modo
3615 3980 3717 4036 de-

2139 4080 2466 4150 sperandum
2495 4081 2560 4136 iis
2589 4081 2682 4150 qui
2710 4078 3041 4134 ceciderunt.
3079 4077 3204 4132 Sive
3234 4118 3250 4132 .
3289 4116 3306 4131 .
3343 4112 3358 4128 .
3399 4115 3412 4130 .
3440 4116 3456 4129 .
3491 4113 3507 4128 .
3535 4113 3549 4127 .
3581 4110 3598 4126 .
3643 4109 3662 4126 .
3693 4108 3711 4126 .

2142 4187 2251 4227 non
2298 4181 2511 4242 oportet
2572 4171 2861 4240 desperare
2915 4170 3006 4239 qui
3035 4168 3257 4224 cadunt.
3290 4165 3424 4221 lllud
3452 4166 3715 4229 δυσωπεῖ,

2142 4272 2316 4334 rogat,
2377 4262 2530 4333 ponit.
2588 4275 2689 4333 pro
2732 4263 3010 4332 παραινεῖ,
3045 4259 3101 4316 id
3142 4271 3247 4326 est,
3289 4259 3555 4323 hortatur,
3600 4271 3717 4309 mo-

2142 4362 3718 4410 net..............................

449 4390 600 4500 3m}
614 4390 788 4502 Lit-1'
800 4390 2035 4506 ;..;;;J,"i.;';:;'e;:133:."{ea};,

2647 4390 2922 4514 quispiam
2945 4390 3243 4512 .Epliesiam
3273 4390 3610 4495 sacerdotem
3635 4390 3720 4493 in-

451 4520 799 4591 φοϐούμενος
828 4523 906 4596 μὴ
955 4523 1103 4596 παρά
1151 4525 1376 4596 γνώμην
1425 4526 1689 4599 ἐκϐιασθῇ
1731 4527 1936 4599 πρᾶξαί
1988 4545 2040 4581 τι

451 4613 571 4666 τῶν
600 4615 697 4684 οὐχ
729 4617 912 4672 ὁσίων.
957 4619 1066 4672 Καὶ
1098 4618 1281 4692 Κῦρος
1321 4619 1378 4673 δὲ
1427 4622 1456 4674 6
1488 4621 1705 4692 Πέρσης
1753 4621 1876 4675 οὐδὲ
1911 4621 2040 4676 ἰδεῖν

453 4705 560 4775 τὴν
589 4707 857 4762 Πάνθειαν
880 4710 1170 4781 ἐτόλμησε,
1197 4712 1506 4783 θαυμαστόν
1537 4731 1610 4776 τι,
1643 4715 1736 4766 καὶ
1759 4715 2040 4784 ἀμήχανον

454 4795 658 4861 κάλλος
676 4797 821 4868 ἔχειν
847 4802 1325 4874 μαρτυρουμένην.
1347 4804 1408 4856 Εἰ
1437 4804 1617 4858 τοίνυν
1646 4804 1835 4858 καὶτὰ
1860 4805 2039 4876 πράγ-

454 4907 635 4960 ματα,
675 4893 769 4945 καὶ
821 4895 870 4946 οἱ
921 4894 1118 4961 ἔξωθεν
1169 4895 1248 4966 τῷ
1295 4896 1492 4967 Παύλῳ
1543 4896 1884 4970 μαρτυροῦσι
1944 4895 2038 4949 λέ·

455 4998 635 5048 γοντιο
678 4983 1012 5050 ’Υπωπιάζω
1043 5004 1146 5054 μου
1175 4987 1237 5040 τὸ
1286 4987 1465 5057 σῶμα,
1497 4989 1592 5042 καὶ⁵
1621 4988 1948 5057 δουλαγωγῶ
1983 4987 2037 5060 (ἡ

455 5075 576 5144 γὶρ
621 5076 850 5146 συνεχὴς
869 5075 967 5130 θέα
991 5077 1110 5141 ὁδός
1137 5080 1284 5133 ἐστιν
1309 5080 1404 5133 ἐπὶ
1437 5078 1536 5152 τὴν
1571 5080 1770 5152 πρᾶξιν
1799 5081 2038 5149 ἄγουσα·

454 5170 512 5221 εί
559 5167 616 5220 δὲ
657 5170 750 5222 καὶ
779 5171 860 5232 είς
896 5169 1054 5242 ἔργον
1087 5171 1162 5244 μὴ
1193 5173 1442 5248 ἐκϐαίνῃ,
1492 5173 1713 5244 μολύνει
1763 5173 1855 5227 τὸν
1898 5175 2044 5242 λογι-

458 5259 737 5331 σμὸν,καὶ
765 5261 952 5332 μοιχὸν
973 5263 1260 5333 ἀποφαίνει
1296 5266 1385 5321 τὸν
1418 5267 1657 5338 ἁλόντα),
1689 5266 1771 5331 τίς
1791 5269 2044 5324 τοσοῦτόν

453 5356 581 5407 ἐστι
612 5352 902 5425 τολμηρὸς,
932 5355 1007 5419 ὠς
1037 5359 1147 5421 τοῖς
1175 5358 1475 5430 ἀλλοτρίοις
1507 5358 1745 5431 συνεχῶς
1774 5343 2041 5433 ἑστιώμε-

2147 4537 2390 4593 credibili
2423 4534 2829 4607 pulchritudine
2858 4533 3213 4605 ret‘ulgentem
3259 4531 3511 4596 intuitus,
3534 4531 3718 4586 statim

2148 4629 2363 4701 Epheso
2395 4627 2651 4692 excessit,
2682 4641 2749 4681 ne
2776 4624 2905 4696 quid
2937 4625 3086 4696 impii
3123 4625 3242 4696 (seu
3262 4623 3436 4693 stupri
3469 4635 3522 4677 et
3549 4621 3721 4678 sacri-

2147 4722 2293 4792 legii)
2341 4728 2536 4791 praeter
2588 4719 2923 4775 voluntatem
2974 4727 3288 4788 perpetrare
3319 4724 3624 4784 cogeretur.
3656 4711 3722 4767 Et

2145 4815 2320 4886 Cyrus
2356 4812 2647 4870 Persarum
2702 4826 2795 4866 rex
2842 4808 3160 4864 Panthciam
3195 4824 3293 4864 nec
3333 4809 3401 4863 ad
3439 4816 3720 4877 aspectum

2147 4906 2369 4982 quidem
2407 4904 2696 4959 admittere
2716 4918 2886 4958 ausus
2925 4911 3029 4970 est,
3059 4917 3223 4973 quam
3276 4901 3410 4957 satis
3435 4899 3723 4956 constabat

2147 5014 2269 5053 esse
2299 4997 2704 5068 pulchritudine
2737 4995 3057 5050 admiranda
3087 4991 3518 5064 inexpugnabili.
3561 4989 3716 5056 Quod

2149 5090 2195 5144 si
2256 5105 2387 5160 ergo
2427 5095 2481 5143 et
2515 5103 2602 5143 res
2652 5087 2802 5158 ipsae,
2836 5094 2893 5140 et
2940 5085 3137 5156 pagani
3183 5098 3421 5154 quoque,
3454 5089 3509 5136 et
3547 5082 3718 5136 exteri

2148 5179 2477 5235 continuant
2522 5175 2676 5254 Pauli
2733 5177 2940 5232 dictum
2987 5174 3352 5231 afﬁrmantis:
3385 5171 3496 5242 Ego
3519 5172 3722 5239 castigo

2150 5290 2336 5343 corpus
2367 5289 2560 5338 meum,
2599 5283 2647 5327 et
2682 5271 2737 5325 in
2767 5272 3068 5326 servitutem
3120 5269 3298 5340 redigo
3347 5268 3390 5299 “
3446 5265 3725 5338 (assiduus

2146 5366 2291 5421 enim
2320 5373 2572 5435 aspectus
2597 5363 2683 5417 via
2713 5373 2797 5418 est
2815 5379 2937 5434 quae
2954 5361 3102 5418 ducit
3130 5361 3198 5416 ad
3222 5361 3391 5430 ipsam
3417 5357 3718 5414 actionem:

536 5553 584 5585 εί
606 5551 766 5610 Rom.
799 5571 896 5624 vn,
935 5555 1026 5612 26.
1103 5557 1316 5616 "Psal.
1346 5574 1502 5624 xvm,
1539 5561 1625 5616 l3.
1702 5561 1749 5593 ⁸³
1777 5561 1964 5618 li’etr.
1998 5577 2035 5617 ll

2137 5565 2191 5619 2.
2269 5565 2314 5596 ⁸⁸
2350 5563 2368 5618 l
2397 5562 2528 5621 Cor.
2561 5564 2742 5628 "(,27.

538 5708 617 5795 (ag)
656 5709 861 5766 Desunt
915 5725 1087 5781 pauca
1119 5713 1302 5778 verba,
1347 5727 1396 5768 e.
1441 5729 1491 5784 g.
1531 5721 1589 5769 ut
1627 5713 1822 5770 iterum
1861 5716 2236 5787 paenitentiam
2266 5729 2426 5790 agant
2462 5721 2550 5791 qui
2595 5728 2910 5790 peccorunt.
