4042 6440
477 382 582 449 915
1530 441 1543 456 .
1732 362 2135 460 SJOANNIS
2172 402 2480 463 CLIMACI
3602 419 3693 485 916

478 493 523 546 si
554 499 736 545 utnon
770 502 992 563 propter
1035 497 1465 554 necessariarum
1521 515 1701 556 rerum
1762 518 1949 568 usum,
2000 515 2049 561 et

2159 510 2469 581 οἰκονομίαν
2511 510 2765 580 πτωχῶν,
2811 511 2962 564 κάτω
3004 512 3260 575 νεύοντας
3296 512 3443 587 [χρὴ]
3475 519 3693 594 διαλέγε.

476 596 666 635 curam
727 598 1024 652 pauperum
1073 586 1125 639 id
1151 586 1265 641 fieri
1304 589 1455 644 nullo
1482 591 1647 647 modo
1679 596 1877 663 possit,
1895 596 2049 665 deje-

2156 601 2301 655 σθαι.
2332 602 2458 664 Τοῖς
2488 600 2596 673 γὰρ
2627 600 2891 665 πλείοσιν,
2922 601 2955 672 ἢ
2991 603 3128 656 πᾶσι
3167 603 3373 673 σχεδὸν,
3410 586 3518 672 τοῖς
3556 586 3696 687 ire“.

478 674 581 727 ctis
612 673 666 726 in
694 680 893 727 terram
930 675 1104 732 oculis
1139 678 1489 750 demissaque
1545 684 1703 738 vultu
1755 701 1881 739 cum
1948 687 2049 742 illis

2156 695 2327 748 θεῖσιν
2358 694 2590 751 κάλλους
2620 694 2921 761 γυναικῶν,
2951 693 3041 749 διὰ
3064 695 3172 749 τῶν
3200 695 3427 767 θυρίδων
3453 673 3642 776 ἀνέπτη
3662 673 3698 760 ’ὁ

479 764 895 835 colloquendum
922 776 1023 821 est.
1052 768 1132 823 Ad
1161 769 1344 839 plures
1374 781 1469 826 aut
1505 774 1619 830 fere
1659 791 1873 841 omnes,
1932 793 2049 833 mn-

2157 786 2409 850 θάνατος,
2438 786 2498 849 ὃς
2519 787 2614 841 καὶ
2637 785 2733 839 τοῦ
2768 787 3007 856 μεγάλου
3034 764 3317 857 προφήτου
3346 790 3439 842 καὶ
3458 764 3699 862 βασιλέως

481 857 674 911 lierum
734 857 1140 927 pulchritudine
1210 859 1382 918 victos
1431 879 1585 921 mors
1635 882 1732 938 per
1790 868 2049 926 fenestras

2155 878 2479 949 ἐκράτησεν,
2512 878 2601 931 ὅτε
2648 876 2786 949 πρὸς
2827 876 2889 930 τὸ
2917 876 3141 947 λουτρὸν
3175 878 3351 933 ἐκεῖνο
3382 857 3696 959 τδήθανατηξ

478 952 847 1021 (oculorum)
881 952 1101 1009 intravit
1131 955 1436 1034 [involavit]
1468 979 1483 1015 :
1525 977 1647 1031 qua:
1690 971 1743 1018 et
1796 979 2049 1033 magnum

2155 966 2321 1039 φόρον
2351 965 2678 1036 άπέσλεψενᾲ

477 1044 792 1111 prophetam
843 1054 899 1099 et
959 1060 1142 1117 regem
1191 1050 1426 1122 subegit,
1471 1054 1692 1123 quando
1738 1055 1805 1110 ad
1840 1056 2057 1112 exitiale

477 1133 609 1189 illud
643 1134 900 1191 balneum
930 1140 1189 1209 respexit.

1076 1228 1329 1287 Scholion
1363 1235 1454 1289 51.

2747 1254 3002 1321 Σχόλιον
3036 1252 3138 1304 λα’.

2228 1340 2353 1393 Ὀτι
2400 1340 2493 1392 καὶ
2541 1340 2691 1411 σοροὶ
2723 1340 2861 1411 πρὸς
2902 1342 2963 1394 τδ
3010 1343 3202 1411 φυγεῖν
3242 1344 3544 1413 πειρασμὸν
3581 1362 3708 1415 συμ-

2156 1428 2463 1485 ϐάλλονται.
2496 1431 2569 1483 Τδ
2589 1431 2645 1483 δὲ
2669 1431 2790 1485 ὅλον
2816 1434 2851 1501 ἡ
2878 1431 3208 1496 ταπείνωσις
3233 1449 3248 1463 ’
3272 1434 3524 1499 ταπεινὸς
3554 1435 3653 1506 γὰρ
3678 1440 3709 1508 ἡ

2158 1519 2315 1589 σορὸς
2342 1520 2473 1574 ίδιον
2505 1519 2702 1592 [ἰδίων]
2725 1538 2739 1551 ·
2774 1522 2913 1593 πρὸς
2957 1517 3041 1587 οἷς
3077 1524 3172 1577 καὶ
3210 1523 3301 1577 τὸν
3344 1529 3709 1597 συνευχόμενον

2156 1610 2303 1681 ἔχειν
2325 1610 2452 1684 χρὴ,
2478 1612 2600 1683 ἢτοι
2624 1613 2950 1682 συναδελφόν
2984 1631 3106 1669 τινα
3135 1614 3201 1667 ἑκ
3241 1615 3352 1668 τῶν
3396 1616 3708 1685 ἀγωνιστῶν.

544 1316 684 1384 Quia
711 1319 877 1373 etiam
902 1328 1244 1377 mortuorum
1273 1326 1581 1381 conditoria
1603 1327 1669 1381 ad
1691 1328 2053 1400 effugiendam

479 1408 832 1464 tentationem
870 1411 1084 1480 juvant.
1123 1413 1239 1471 Hoc
1265 1426 1447 1472 autem
1514 1426 1687 1473 totum
1744 1430 1829 1475 est
1875 1421 2056 1477 humi-

479 1498 622 1554 Iitas.
652 1497 887 1557 Humilis
918 1503 1062 1558 enim
1087 1513 1169 1559 est
1209 1506 1385 1575 ipsum
1417 1508 1635 1578 proprie
1688 1511 2054 1567 conditorium

475 1600 530 1645 ct
561 1590 773 1648 loculus
798 1610 812 1647 :
836 1592 903 1647 ad
934 1610 1057 1664 quae
1077 1598 1431 1655 asciscendus
1468 1586 1558 1655 est
1605 1603 1769 1656 etiam
1834 1603 2053 1673 aliquis,

476 1681 568 1749 qui
624 1691 801 1739 tecum
853 1697 1230 1756 comprecctur
1281 1705 1348 1745 ex
1409 1690 1671 1750 fratribus
1709 1692 2057 1766 fortibusque

472 1771 676 1829 Christi
705 1773 947 1831 athletis.

914 1918 919 1921 .
1048 1865 1298 1922 Scholion
1324 1870 1415 1925 32.
2084 1846 2125 1902 Β

540 1951 687 2011 Idem
727 1964 1010 2026 peccatum
1065 1972 1098 2011 a
1151 1959 1365 2016 duobus
1423 1970 1815 2031 perpetratum,
1877 1965 2051 2022 altero

473 2045 692 2115 quidem
734 2049 958 2104 honeste
986 2048 1223 2105 educato
1263 2060 1318 2106 et
1341 2064 1529 2110 sancte
1556 2064 1612 2110 et
1641 2058 1832 2127 procul
1865 2073 1897 2113 a
1925 2073 2052 2128 pec-

473 2139 715 2193 cautium
739 2139 859 2195 loco
884 2141 1133 2213 degente,
1166 2152 1288 2213 post
1311 2145 1615 2214 profectum
1651 2149 1706 2203 in
1751 2150 1861 2205 vita
1920 2151 2050 2206 reli-

472 2231 726 2297 giosa,et
760 2247 920 2287 usum
962 2234 1458 2306 cogitationemque
1515 2239 1817 2310 disciplina;
1861 2256 2053 2297 mona-

472 2324 640 2378 sticae.
691 2323 829 2379 Nam
865 2326 959 2396 qui
986 2327 1145 2386 bonis
1168 2331 1415 2387 moribus
1443 2332 1728 2389 institutus
1754 2343 1856 2398 est,
1906 2345 1959 2390 et
1985 2336 2054 2392 ab

470 2416 725 2472 omnibus
748 2427 1095 2487 peccatorum
1118 2422 1253 2478 locis
1285 2432 1526 2480 remotus
1554 2426 1711 2493 vixit,
1742 2436 1796 2481 et
1840 2427 2054 2497 religio-
2150 2426 2431 2497 κισμένος,
2464 2425 2559 2478 καὶ
2591 2423 2767 2493 πάλης
2798 2422 3104 2492 ἀσκητικῆς
3134 2420 3567 2493 πεπειραμένοςν
3600 2436 3634 2519 τξ

468 2508 547 2564 sis
582 2512 1065 2569 exercitationibus
1108 2524 1163 2568 et
1200 2514 1362 2571 luetis
1399 2515 1673 2581 eruditus,
1703 2526 1759 2573 et
1791 2529 2049 2588 expertus

2151 2520 2268 2590 νείᾳ
2297 2518 2644 2589 περιπαρεὶς,
2679 2512 2977 2585 βαρύτερον
3018 2514 3277 2583 κέκτηται
3320 2515 3520 2583 κρῖμα,
3550 2509 3638 2562 τοῦ
3666 2512 3714 2562 ὲν

467 2599 522 2653 in
559 2599 835 2658 luxuriam
874 2618 1115 2674 praeceps
1148 2615 1303 2661 actus
1336 2616 1441 2673 est,
1495 2608 1670 2663 multo
1701 2609 1923 2680 gravius
1956 2610 2049 2678 ju-

2151 2610 2376 2681 ἀμελείᾳ
2424 2609 2519 2662 καὶ
2560 2606 2765 2678 ἀτοπίᾳ
2805 2605 2899 2659 καὶ
2936 2605 3166 2675 ἀπειρίᾳ
3221 2602 3580 2673 ὲντραφέντος
3635 2599 3715 2653 καὶ

464 2691 673 2746 dicium
705 2694 991 2761 sustinuit,
1017 2711 1185 2764 quam
1215 2697 1262 2751 is
1290 2698 1385 2767 qui
1444 2698 1799 2771 negligenter,
1864 2702 2047 2771 inepte

2151 2702 2554 2774 ὀλισθήσαντος.
2582 2700 2657 2752 Τὸ
2686 2699 2742 2752 δὲ
2784 2697 2844 2762 ἐξ
2873 2696 3048 2752 ἄλλων
3085 2694 3323 2761 πολλῶν,
3372 2698 3431 2749 ὲν
3475 2694 3598 2766 ίερῷ
3633 2693 3718 2761 δη·

464 2784 781 2855 ruditerque
807 2786 1077 2842 educatus
1112 2794 1217 2854 est,
1252 2800 1306 2843 et
1334 2788 1388 2843 in
1422 2800 1703 2859 peccatum
1733 2792 2045 2863 prolapsus.

2151 2795 2327 2848 λονότι
2356 2795 2528 2864 τόπῳ,
2575 2793 2659 2845 ὅτι
2694 2790 2806 2860 βία,
2843 2790 2926 2843 ὅτι
2967 2787 3187 2860 καθαρὰ
3226 2789 3407 2860 ψυχὴ,
3449 2789 3530 2842 δτι
3578 2787 3717 2856 μονά-

467 2875 558 2929 Illa
593 2884 774 2933 autem
828 2880 994 2935 verba
1041 2880 1271 2937 Climaci
1317 2897 1385 2937 ex
1437 2883 1628 2939 multis
1679 2885 1803 2942 aliis
1884 2885 2047 2941 intel-

2154 2904 2333 2955 στρια,
2367 2878 2449 2940 ὅτι
2480 2883 2769 2953 ὕπανδρος,
2803 2881 2886 2934 ὃτι
2915 2880 3205 2951 σωματικὴ
3238 2880 3271 2949 ἢ
3304 2879 3613 2949 συγγένεια,
3642 2873 3721 2928 καὶ

464 2968 591 3040 lige,
635 2971 873 3027 insacro
898 2987 1094 3045 nempe
1122 2974 1265 3040 loco,
1340 2974 1488 3044 quod
1549 2976 1655 3043 vis,
1708 2977 1856 3047 quod
1910 2993 2048 3048 pura

2154 2980 2219 3032 ὲκ
2243 2976 2339 3032 τοῦ
2370 2976 2622 3045 γενέσθαι
2646 2973 2892 3045 πονηρᾶς
2919 2971 3139 3042 διδαχῆς
3166 2970 3421 3070 “Imm”
3649 3058 3660 3070 _

464 3060 669 3127 anima,
694 3063 840 3132 quod
870 3064 1131 3135 religioso
1170 3064 1396 3131 femina,
1460 3067 1605 3136 quod
1662 3069 1766 3124 sub
1815 3070 1917 3125 viri
1974 3079 2261 3140 potestate,
2302 3068 2448 3138 quod
2508 3068 2595 3122 vel
2650 3064 2960 3135 sanguinis,
3006 3063 3093 3118 vel
3144 3063 3455 3134 spiritualis
3522 3060 3721 3142 prqpin-

462 3152 668 3224 quitas,
698 3161 751 3209 et
779 3154 925 3225 quod
956 3156 1079 3226 quis
1100 3156 1358 3225 improbae
1391 3157 1655 3213 doctrina:
1695 3157 1713 3228 (
1753 3158 1819 3212 ad
1847 3167 2062 3227 peccata
2099 3174 2293 3227 nempe
2327 3157 2546 3229 ignota)
2573 3164 2767 3211 auctor
2800 3153 2984 3207 fuerit.

1094 3249 1347 3307 Scholion
1384 3252 1475 3307 53.

2746 3252 3007 3319 Σχόλιον
3037 3248 3139 3315 λγν.

532 3340 677 3397 Puto
706 3341 883 3413 ipsum
913 3340 1169 3398 Nonnum
1205 3344 1295 3399 hic
1326 3344 1576 3415 intelligi,
1641 3346 1736 3415 qui
1794 3356 2039 3402 sanctam

2216 3342 2405 3417 Οἶμαι,
2429 3344 2594 3399 αὐτὸν
2622 3344 2822 3398 Νόννον
2848 3342 2919 3413 (c)
2957 3341 3126 3409 λέγει,
3159 3339 3253 3393 τὸν
3310 3339 3415 3410 τὴν
3447 3336 3605 3433 ἁγίαν
3634 3334 3723 3433 σε-

460 3434 733 3505 Pelagiam
768 3450 927 3492 sacro
956 3435 1300 3505 baptismatis
1330 3435 1479 3491 fonte
1503 3438 1695 3495 abluit.
1735 3436 1834 3494 Hic
1866 3440 2035 3504 enim,

2151 3440 2342 3508 λαγίαν
2377 3438 2734 3510 βαπτίσαντα.
2782 3430 2958 3501 Οὗτος
3003 3438 3115 3509 γὰρ
3155 3436 3303 3506 πρὸς
3339 3428 3723 3499 συνεζευγμένα

460 3525 724 3583 adversus
746 3535 1050 3582 catenatam
1080 3528 1213 3583 vitio
1237 3544 1356 3584 rum
1382 3529 1597 3584 turbam
1654 3529 1814 3586 factis
1845 3540 1900 3587 et
1949 3546 2045 3587 co-

2151 3532 2295 3604 πάθη
2349 3534 2462 3595 τοῖς
2507 3531 2819 3602 πράγμασι,
2871 3531 2967 3584 καὶ
3010 3530 3280 3601 νοήμασιν
3334 3522 3722 3592 ἐκπολεμήσαςς

459 3619 813 3690 gitat-ionihus
865 3636 962 3677 seu
1023 3630 1203 3677 mente
1263 3631 1318 3677 et
1371 3637 1602 3694 corpore
1667 3623 2041 3693 deprmliatus,

2151 3628 2247 3697 τῆς
2264 3624 2531 3687 ἀπαθείας
2551 3622 2839 3677 ἐνεδύσατο
2864 3622 2964 3693 τὴν
2987 3621 3179 3691 στολήν
3202 3635 3215 3649 ⁸
3248 3616 3609 3690 ἐμπεσούσης
3631 3609 3726 3680 γὰρ

459 3712 657 3768 stolam
690 3714 1100 3783 tranquillitatis
1125 3715 1193 3769 ab
1218 3715 1365 3771 omni
1413 3716 1891 3786 perturbationum
1956 3716 2041 3771 in-

2151 3716 2248 3787 τῆς
2281 3715 2414 3787 ὕλης
2436 3716 2538 3768 οὐκ
2576 3713 2807 3784 ὲλέγχθη
2842 3713 3097 3784 ἐμπαθὴς
3127 3714 3244 3783 (καὶ
3280 3712 3400 3783 γάρ
3429 3706 3722 3778 ἀπήλλακτο

459 3805 779 3876 quinatione
809 3822 1001 3877 puram
1043 3807 1242 3863 induit.
1281 3806 1417 3862 Nam
1449 3810 1738 3864 occasione
1778 3809 2039 3879 peccandi

2151 3808 2370 3879 ταύτης)
2397 3824 2409 3838 ·
2440 3807 2510 3863 τὰ
2547 3806 2605 3860 δὲ
2638 3807 2752 3859 ἄνω
2795 3805 2969 3877 κάλλη
2993 3807 3208 3870 πάντως
3240 3801 3625 3873 ὲνωπτρὶξετο.
3664 3792 3720 3847 υί

459 3898 645 3952 oblata
669 3898 1093 3969 imperturbatus
1150 3900 1422 3971 apparuit,
1454 3902 1599 3972 quod
1632 3902 1799 3975 248
1820 3918 2038 3958 omnem

2151 3901 2202 3955 δὲ
2233 3899 2504 3970 φιλήδονοι
2533 3898 2593 3951 τὸ
2624 3895 2886 3951 ἐναντίον.
3440 3983 3452 3990 -
3612 3979 3624 3990 .

458 3985 712 4042 affectum
745 3989 814 4042 ad
864 3989 1122 4057 peccandi
1186 3992 1472 4045 materiam
1523 3992 1788 4061 exuisset,
1838 4002 1893 4048 et
1946 3992 2255 4048 cmlcstium
2310 3988 2742 4060 pulchritudines
2802 3985 3292 4056 contemplaretur.
3350 3977 3723 4052 Voluptatibus

457 4096 639 4140 autem
667 4084 837 4139 dediti
857 4086 1042 4141 omnia
1064 4094 1256 4140 contra
1297 4095 1486 4158 agunt.
3216 4104 3239 4113 *

1100 4179 1353 4235 Scholion
1384 4182 1475 4236 54.

2721 4177 2769 4228 Σ
2769 4176 2984 4243 χόλιον
3032 4171 3130 4226 λδθ.

529 4271 681 4328 Deus
705 4272 982 4343 proposita
1040 4271 1221 4326 futura
1272 4288 1564 4342 corporum
1619 4274 2042 4341 resurrectione,

2227 4271 2285 4324 '0
2336 4269 2470 4333 Θεὸς
2494 4307 2511 4334 ,
2559 4265 2934 4340 προκειμένης
2978 4266 3078 4333 τῆς
3133 4260 3444 4333 μελλούσης
3469 4302 3484 4326 ,
3504 4350 3517 4366 ⁹
3544 4257 3722 4366 ἑτέρῗν

456 4365 619 4419 aliam
649 4364 871 4419 interim
898 4364 988 4418 hic
1022 4378 1056 4416 a~
1091 4364 1252 4418 nobis
1302 4365 1470 4435 exigit
1498 4384 1511 4419 :
1543 4380 1765 4430 novum,
1797 4368 2043 4436 inquam,

2151 4363 2275 4433 ἡμῖν
2300 4361 2599 4415 ἀνάστασιν
2627 4359 2850 4413 ἀπαιτεῖ
2874 4372 2889 4387 ·
2932 4357 3034 4426 τὴν
3065 4354 3261 4425 καινὴν
3300 4350 3606 4413 πολιτείαν,
3633 4346 3725 4414 τὴν

457 4457 584 4511 vitae
623 4469 795 4526 genus
826 4454 879 4507 in
907 4455 1161 4524 praesenti
1194 4454 1303 4508 vita
1342 4468 1409 4509 ex
1467 4470 1684 4511 morum
1739 4459 2047 4512 mutatione

2151 4453 2286 4506 κατὰ
2310 4452 2405 4507 τὸν
2429 4453 2675 4524 παρόντα
2707 4449 2822 4520 βίον
2859 4449 2924 4502 ὲκ
2956 4448 3055 4518 τῆς
3088 4446 3196 4500 τῶν
3229 4447 3460 4517 τρόπων
3505 4438 3722 4552 μεταϐο-

460 4548 687 4603 factum.
758 4545 991 4612 Quando
1052 4547 1199 4602 enim
1258 4548 1506 4618 impurus
1574 4549 1635 4603 lit
1684 4558 2036 4620 temperans;

2151 4542 2248 4614 λῆς
2283 4545 2593 4615 γινομένην.
2618 4544 2791 4597 Ὅταν
2808 4542 2915 4615 γὰρ
2945 4543 2975 4594 ὁ
2999 4541 3194 4608 πόρνος
3216 4539 3451 4609 γένηται
3479 4539 3722 4623 σώφρων)

458 4654 680 4707 avarus,
753 4640 1115 4707 misericors;
1171 4655 1332 4710 asper
1375 4649 1431 4697 et
1486 4641 1809 4708 iracundus,
1871 4643 2043 4711 mitis,

2151 4640 2243 4692 καὶ
2273 4640 2301 4692 6
2332 4638 2660 4708 πλεονέκτης
2686 4636 2958 4707 ἐλεήμων,
2984 4634 3078 4687 καὶ
3096 4636 3124 4686 ὁ
3144 4632 3356 4703 τραχὺς
3381 4631 3612 4701 ἥμερος,
3641 4619 3725 4675 καὶ

461 4743 576 4786 tum
602 4730 694 4785 hic
724 4730 1053 4786 risurrectio
1085 4729 1225 4787 facta
1258 4739 1363 4798 est,
1422 4747 1548 4802 qua:
1606 4742 1691 4787 est
1755 4732 1935 4802 imago
1987 4741 2044 4788 et

2151 4729 2380 4784 ἐνταῦθα
2400 4727 2699 4791 ἀνάστασις
2722 4727 2966 4796 γέγονεν,
3002 4725 3218 4795 ἐκείνης
3256 4719 3401 4776 οὖσα
3427 4719 3719 4819 προοίμιον.

454 4821 625 4891 janua
659 4821 878 4877 future.
938 4822 1005 4878 Et
1045 4825 1323 4896 quomodo
1386 4825 1720 4881 resurrectio
1746 4825 1770 4879 ?
1796 4824 2038 4893 Peccati,

2151 4822 2263 4877 Kal.
2286 4822 2404 4885 πῶς
2436 4820 2773 4884 ἀνάστασιςς
2816 4820 2929 4889 Τῆς
2960 4818 3060 4889 μὲν
3111 4815 3395 4887 ἁμαρτίας
3440 4808 3724 4881 νεκρωθεὶ-

459 4914 684 4983 inquam
712 4915 1079 4984 mortificatio,
1109 4929 1162 4975 et
1187 4917 1417 4988 iustitia
1478 4916 1827 4984 resurrectio,
1867 4917 2038 4974 veteri

2151 4933 2243 4987 σης
2268 4912 2605 4988 [νέκρωσιςῖ,
2638 4914 2738 4984 τῆς
2765 4912 2823 4966 δὲ
2865 4909 3217 4981 δικαιοσύνης
3256 4909 3564 4967 ἀνάστασις
3588 4916 3601 4931 ο
3638 4897 3723 4953 καὶ

2740 1874 3002 1943 Σχόλιον
3055 1874 3155 1947 λβ’.

2226 1969 2300 2023 Τὸ
2328 1968 2461 2023 αὐτὸ
2492 1967 2693 2037 πτῶμα
2722 1966 2827 2021 ὑπὸ
2857 1966 2952 2020 δύο
2990 1965 3152 2019 τινῶν
3197 1963 3605 2037 πεπραγμένον,
3630 1962 3711 2015 τοῦ

2159 2061 2258 2131 μὲν
2292 2059 2470 2124 καλῶς
2498 2058 2924 2128 ἅνατραφέντος,
2973 2055 3072 2110 καὶ
3100 2056 3388 2125 θεοφιλῶς⁹
3424 2054 3517 2107 καὶ
3546 2053 3714 2123 πόρρω

2157 2151 2541 2222 ἀπῳκισμένου
2584 2148 2679 2203 τοῦ
2726 2148 2833 2202 τῶν
2875 2149 3185 2218 πτωμάτων
3221 2146 3417 2209 τόπου,
3470 2143 3603 2214 μετὰ
3635 2143 3717 2196 καὶ

2156 2243 2443 2315 προκοπὴν
2492 2242 2689 2312 πεῖραν
2738 2240 3040 2310 μοναχικῆς
3086 2240 3512 2300 καταστάσεως’
3543 2237 3572 2288 ὁ
3622 2236 3716 2305 γάρ

2151 2336 2408 2406 χρηστοῖς
2434 2333 2643 2404 ῆθεσιν,
2670 2331 2767 2385 καὶ
2793 2330 2984 2401 πόῤῥω
3006 2330 3323 2401 πτωμάτων
3354 2329 3535 2383 τόπων
3559 2344 3716 2396 κατῳ-

2150 2426 2431 2497 κισμένος,
2464 2425 2559 2478 καὶ
2591 2423 2767 2493 πάλης
2798 2422 3104 2492 ἁσκητικῆς
3134 2420 3567 2493 πεπειραμένος,
3600 2434 3714 2489 n09-

346 5050 348 5053 τ
457 5008 705 5078 quidem,
736 5017 791 5065 et
828 5007 1097 5081 flagitiosa
1138 5011 1247 5066 vita
1288 5010 1514 5076 abolita,
1553 5010 1853 5068 novissima
1909 5026 2040 5067 vero

2151 4998 2241 5078 ιῆς
2269 5009 2368 5080 μὲν
2397 5008 2635 5070 παλαιᾶς
2674 5006 2819 5077 ζωῆς
2865 5003 3282 5074 ἀφανισθείσης,
3312 5002 3419 5072 τῆς
3449 4999 3510 5053 δὲ
3549 5007 3722 5049 καινο-

2140 5103 2308 5172 τάτης
2332 5102 2429 5154 καὶ
2455 5099 2754 5170 άγγελικῆς
2781 5098 3225 5169 πολιτευομένης.

2739 5194 2785 5246 Σ
2787 5194 2999 5262 χόλων
3024 5191 3117 5245 λε’.

2212 5288 2274 5339 Oi.
2300 5284 2528 5355 πονηροὶ
2571 5284 2823 5353 λογισμοὶ
2852 5284 2950 5355 τὴν
2981 5282 3239 5337 σύστασιν
3269 5278 3338 5333 ἐκ
3370 5296 3432 5333 τε
3468 5276 3566 5347 τῆς
3596 5284 3719 5343 προ·

2142 5377 2406 5449 αιρέσεως
2428 5377 2661 5447 ἔχουσιν,
2688 5377 2753 5430 ἐκ
2789 5393 2849 5428 τε
2877 5377 2977 5447 τῆς
3011 5373 3120 5428 τῶν
3164 5371 3448 5443 δαιμόνων
3492 5376 3735 5433 κακουρτ,

2144 5471 2289 5539 γίας.
2322 5470 2383 5522 Oi
2406 5468 2463 5522 δὲ
2492 5468 2690 5537 ἀγαθοὶ
2725 5469 2788 5522 ἔκ
2817 5485 2875 5523 τε
2905 5468 3005 5538 τῆς
3033 5466 3273 5536 φύσεως,
3300 5462 3463 5517 καλοὶ
3500 5456 3607 5527 γὰρ
3632 5465 3718 5519 τε·

2142 5564 2397 5635 γόναμεν,
2422 5563 2486 5617 ἐκ
2510 5580 2567 5617 τε
2588 5563 2690 5632 τῆς
2716 5561 3108 5633 προαιρέσεως,
3137 5559 3226 5614 διὰ
3260 5556 3326 5611 τὸ
3358 5549 3717 5617 αὐτεξούσιον.

457 5112 509 5158 et
542 5105 788 5176 angelica
819 5105 1090 5161 instituta.

957 5193 1208 5251 Scholion
1244 5194 1427 5251 Isaaci
1452 5198 1540 5252 '55.

527 5286 897 5358 Cogitationes
923 5286 1081 5341 malae
1138 5300 1265 5341 cum
1326 5301 1394 5341 ex
1445 5286 1681 5357 propria:
1740 5287 2040 5342 voluntatis

455 5384 756 5454 proposito,
779 5392 894 5438 tum
927 5396 997 5437 ex
1022 5380 1329 5435 daemonum
1354 5368 1710 5449 improbitate
1744 5379 2037 5433 exsistunt.

454 5475 621 5533 bona:
637 5491 766 5531 vero
792 5490 916 5530 cum
944 5489 1010 5529 ex
1042 5480 1238 5529 natura
1266 5472 1286 5543 (
1316 5472 1441 5527 boni
1473 5472 1619 5527 enim
1651 5472 1764 5526 nati
1783 5470 2033 5541 sumus);

456 5578 571 5621 tum
602 5569 771 5624 animi
797 5569 1065 5627 electione
1093 5581 1187 5624 seu
1228 5565 1531 5638 praposito,
1595 5575 1817 5637 propter
1870 5565 2033 5620 liber-

529 5765 597 5836 (t)
637 5764 765 5820 Vitr
791 5767 895 5826 PP.
928 5768 991 5826 de
1025 5769 1082 5825 S.
1116 5769 1309 5827 Nonne
1332 5772 1387 5826 in
1428 5769 1554 5826 Vita
1587 5768 1640 5827 S.
1675 5769 1903 5841 Pelugiae
1925 5768 1961 5825 l.
1988 5784 2028 5835 ι,
2061 5785 2113 5841 p.
2139 5768 2263 5835 576,
2293 5766 2435 5838 apud
2480 5764 2844 5822 Rosweidum.
