4042 6426
304 399 418 464 9ιῖ

1313 393 1544 456 SCALA
1566 391 1931 454 PAMDISI
1965 376 2032 427 ΪῙ
2075 388 2386 451 GRADUS
2420 389 2542 450 XV.

3476 379 3574 444 918

302 514 376 566 Ex
419 527 480 563 τε
526 508 628 578 τῆς
669 505 967 575 ἀγγελικῆς
1024 505 1346 576 προτροπῆς
1372 521 1389 537 ο
1438 505 1579 559 ὥστε
1629 507 1758 569 τοὺς
1795 505 1896 575 μὲν

2012 512 2162 557 tatem
2196 500 2408 555 arbitrii
2439 516 2452 552 :
2505 507 2619 552 tum
2647 497 2810 551 etiam
2842 511 2907 552 ex
2944 496 3188 566 angelico
3220 495 3480 560 instinctu
3525 505 3579 548 et

302 601 585 673 πονηροὺς
631 599 696 652 ικ
731 596 824 651 δύο
859 597 959 666 τὴν
995 597 1256 650 σύστασιν
1285 597 1428 667 ἔχειν
1460 637 1474 660 ,
1510 598 1639 661 τοὺς
1669 597 1725 649 δὲ
1757 598 1894 665 ἀγα-

301 695 440 757 Θοὺς
479 693 542 744 ὲκ
583 689 769 760 τριῶν.
816 688 1192 760 Μνημονεύειν
1244 685 1338 742 οὖν
1385 688 1490 758 χρὴ
1533 689 1675 741 κατὰ
1711 689 1899 740 τοῦτον

301 786 405 839 τὸν
430 781 621 853 καιρὸν
645 779 740 834 τοῦ
781 780 1060 851 εἰρηκότος
1089 779 1338 848 θεολόγου
1370 797 1383 809 ο
1437 779 1782 845 Ἀντίστητε
1819 778 1901 844 τῷ

304 876 592 935 διαϐόλου,
626 871 730 925 καί
755 871 1039 940 φεύξεται
1091 872 1192 940 ἀέρ’
1226 870 1394 940 ὑμῶν
1427 870 1526 940 (a).
1575 870 1686 924 Καὶ
1714 871 1900 924 λοιπὸν

304 958 397 1012 δεῖ
415 960 472 1010 ὲν
503 953 714 1025 ἀγωνίᾳ
738 957 1116 1025 ἐγκαρτερεῖν.
1152 954 1225 1006 Τὸ
1253 953 1313 1006 δὲ
1343 953 1605 1022 ἔμπαλιν,
1639 954 1699 1006 τὸ
1726 955 1786 1006 ὲν
1819 951 1900 1022 τῷ

307 1047 508 1117 κόσμῳ
535 1041 954 1114 διαπολεμητον,
1005 1041 1156 1103 δόλος
1190 1041 1308 1094 ἐστὶ
1341 1041 1432 1096 τοῦ
1463 1041 1686 1112 ἐχθροῦ,
1721 1041 1816 1096 καὶ
1836 1043 1899 1094 οὐ

309 1134 722 1209 φιλανθρωπία.

903 1293 1162 1384 Σάόλιον
1193 1313 1302 1378 λς’.

386 1408 683 1476 Φεύγωμεν
721 1407 886 1462 ἕνεκα
928 1406 1024 1459 τοῦ
1083 1406 1158 1476 μὴ
1211 1405 1432 1475 βλέπειν
1490 1405 1626 1477 μηδὲ
1685 1403 1905 1459 ἀκούειν

306 1499 556 1571 καρποῦ,
579 1493 640 1552 οῦ
671 1498 747 1570 μὴ
771 1497 1072 1566 γεύσασθαι
1097 1497 1284 1552 λοιπὸν
1315 1495 1747 1566 συνεταξάμεθα.
1777 1495 1904 1548 Λεί-

309 1606 412 1644 πει
434 1590 493 1644 δὲ
521 1589 604 1652 τὸ,
633 1588 837 1655 ἕνεκα,
865 1589 1226 1658 αίτιολογικὺς
1253 1588 1570 1658 συνδεσμός.
1607 1587 1905 1657 Φεύγωμεν

311 1683 453 1753 γὰρ,
484 1683 670 1751 φησὶν,
715 1680 882 1736 ἕνεκα
913 1683 1091 1736 τοῦδε.
1144 1680 1317 1734 Βλέπε
1366 1679 1604 1734 ἐνταῦθα
1649 1680 1682 1750 ή
1714 1681 1779 1732 ὲκ
1810 1677 1904 1731 τοῦ

311 1781 489 1835 τόπου
515 1781 847 1851 μετάστασις
874 1778 998 1851 [τῆς
1030 1778 1440 1850 μεταστάσεως]
1474 1777 1575 1847 τὴν
1601 1775 1868 1845 ὠφέλειαν
1888 1792 1902 1807 ο

309 1845 633 1940 διδάξαντος
651 1873 762 1944 γὰρ
791 1845 895 1925 τοῦ
916 1845 1184 1940 παναγίου
1217 1845 1540 1941 Πνεύματος
1564 1871 1694 1934 τοὺς
1735 1868 1904 1923 πατέ-
1937 1845 1979 1901 Β

321 1981 451 2034 ρας,
471 1966 552 2018 ἇτι
575 1964 796 2023 δύναται
819 1964 945 2028 τοὺς
969 1964 1204 2034 τρόπους
1251 1964 1316 2016 ἐκ
1349 1964 1460 2017 τῶν
1489 1963 1668 2016 τόπων
1717 1964 1745 2015 6
1797 1979 1907 2016 πα-

322 2060 498 2116 λαίων
533 2062 795 2131 ἀμείϐειν,
829 2053 978 2114 οὗτοι
1019 2061 1184 2131 βοῶσι
1213 2078 1230 2094 ο
1273 2061 1508 2129 Φεύγετε
1548 2063 1674 2125 τοὺς
1711 2062 1910 2124 τόπους

329 2150 446 2204 τῶν
477 2153 791 2221 πτωμάτων,
821 2151 898 2216 ὡς
926 2152 1019 2205 καὶ
1040 2151 1274 2204 ἐνταῦθα
1300 2169 1312 2182 ·
1351 2153 1653 2220 Φεύγοντες
1697 2151 1910 2220 φεύγω-

333 2260 463 2313 μεν,
503 2245 593 2296 τοῦ
625 2243 784 2298 Δαυτδ
815 2244 1196 2314 μνημονεύσας
1241 2243 1342 2314 τῆς
1374 2245 1519 2297 κατὰ
1562 2246 1662 2316 τὴν
1692 2245 1910 2315 Βηρσα-

325 2335 425 2388 Gai
460 2336 692 2406 ίστορίας
711 2335 811 2408 τὴν
834 2336 1052 2406 ἀπάτην
1079 2337 1361 2407 ἐνέφηνεν.

1003 2428 1218 2483 Ἀλλο.

396 2514 541 2578 Νοῦς
566 2516 642 2587 μὴ
671 2517 980 2570 ἐπιστατῶν
1020 2521 1082 2589 τῇ
1127 2518 1402 2588 αἰσθήσει,
1442 2519 1510 2572 δι’
1553 2518 1726 2588 αὐτῆς
1752 2535 1906 2588 περι-

317 2603 519 2659 πίπτει
543 2611 734 2670 κακοῖς
759 2609 887 2678 ’ὐφ’
909 2609 1098 2680 ἡδονῆς
1118 2609 1228 2681 γὰρ
1256 2610 1364 2664 τῶν
1396 2609 1669 2680 αἰσθητῶν
1691 2611 1908 2679 ἀπατη-

319 2697 506 2763 Θεῖσα,
534 2697 711 2752 τίκτει
743 2699 892 2770 αὐτῷ
937 2701 1270 2771 φαυλότητα.

857 2905 902 2955 Σ
903 2902 1115 2971 χόλιον
1161 2901 1390 2956 Ἰσαάκ.

409 2989 476 3048 Ὃ
510 2991 585 3064 μὴ
619 2993 910 3066 μακρύνων
937 2993 1126 3046 ἑαυτὸν
1154 2992 1262 3045 τῶν
1308 2990 1500 3046 αἰτιῶν
1538 2991 1648 3044 τῶν
1693 2989 1906 3058 παθῶν,

322 3084 593 3148 ἑκουσίως
622 3083 890 3149 ἀκουσίως
930 3084 1034 3136 ὑπὸ
1067 3085 1163 3146 τεῆς
1197 3083 1472 3154 ἁμαρτίας
1524 3081 1853 3136 καθέλκεται
1892 3099 1906 3114 ο

322 3173 504 3226 ταῦτα
541 3175 596 3226 δέ
623 3177 728 3228 εἰσι
755 3175 824 3227 τὰ
857 3174 1005 3229 αἴτια
1047 3174 1145 3243 τῆς
1173 3173 1469 3244 ἁμαρτίας
1496 3174 1524 3225 ὁ
1567 3169 1706 3237 οἶνος
1731 3173 1824 3228 καὶ
1852 3173 1908 3225 αἱ

319 3267 609 3335 γυναῖκες,
642 3267 671 3319 6
699 3265 959 3333 πλοῦτος,
983 3265 1076 3318 καὶ
1103 3267 1135 3335 ἡ
1163 3263 1344 3328 εὐεξία
1367 3263 1462 3316 τοῦ
1492 3261 1743 3334 σώματος
1762 3305 1777 3330 ,
1811 3265 1910 3336 οὐχ

318 3356 412 3409 ὅτι
434 3354 682 3424 φυσικῶς
703 3355 949 3426 ἁμαρτία
977 3355 1084 3408 είσὶ
1122 3355 1317 3418 ταῦτα,
1348 3354 1463 3408 ἀλλ’
1485 3355 1566 3407 ὅτι
1595 3354 1628 3424 ἡ
1653 3354 1815 3421 φύσις
1850 3354 1909 3421 ἐξ

321 3447 513 3500 αὐτῶν
540 3446 782 3509 εὐκόλως
801 3445 960 3518 κλίνῃ
995 3447 1130 3516 πρὸς
1159 3447 1227 3501 τὰ
1273 3445 1419 3518 πάθη
1452 3445 1555 3515 τῆς
1595 3447 1870 3516 ἁμαρτίας
1897 3462 1910 3476 ·

325 3536 428 3589 καὶ
455 3535 544 3590 διὰ
582 3535 742 3590 τοῦτο
766 3536 969 3605 ὀφείλει
1006 3538 1036 3592 6
1080 3537 1366 3610 ἄνθρωπος
1393 3529 1914 3609 παραφυλάττεσθαι

323 3625 664 3689 σπουδαίως.

932 3823 979 3876 Σ
980 3820 1192 3888 χόλιον
1219 3821 1317 3886 λζ’.

421 3909 687 3964 Ἐνταῦθα
733 3911 836 3964 οὐκ
877 3911 1229 3964 ἀνταπέδωκε
1269 3910 1360 3965 τὸν
1407 3911 1475 3964 δὲ
1507 3913 1916 3983 συμπλεκτικὺν

341 4000 640 4070 σύνδεσμον
670 4001 908 4070 σχήματι
947 4000 1025 4072 τῷ
1055 4000 1197 4055 κατὰ
1235 4001 1503 4056 ἀπόλυτον
1535 4003 1825 4074 μερισμὸν,
1871 4004 1920 4056 εί

339 4093 445 4146 καὶ
503 4091 928 4162 ὲπιτηδευμένως
972 4087 1123 4162 οἶμαι
1150 4132 1164 4158 ,
1212 4093 1293 4146 ὅτι
1335 4093 1413 4164 τῷ
1453 4093 1644 4166 Πέτρῳ
1673 4093 1780 4166 [ἐν]
1821 4094 1921 4166 βίῳ

343 4183 806 4256 προσομιλήσαντι
854 4187 908 4237 αἱ
968 4185 1116 4247 κλεῖς
1171 4185 1269 4256 τῆς
1317 4185 1596 4256 βασιλείας
1639 4187 1922 4260 ἀπενεμή-

340 4272 540 4347 θησαν.
1648 4275 1652 4279 ’

949 4393 1208 4462 Σχόνῑιον
1237 4392 1341 4464 λη’.

412 4484 533 4538 Πᾶν
567 4485 746 4555 νόημα
792 4483 1113 4556 πράγματος
1148 4482 1431 4556 αίσθητοῦ,
1479 4484 1537 4537 ὲν
1563 4475 1608 4553 ᾧ
1631 4483 1866 4556 χρονίζει
1893 4484 1922 4536 6
1975 4557 1982 4560 η

2000 591 2258 658 impulsu,
2301 590 2377 643 ita
2408 595 2466 643 ut
2493 588 2646 643 mala:
2679 587 3037 658 cogitationes
3083 601 3151 642 ex
3189 587 3400 641 duobus
3443 585 3581 640 dun-

2000 691 2146 736 taxat
2205 680 2449 735 fontibus
2514 681 2783 742 oriantur,
2845 681 3002 734 bonae
3063 693 3192 735 vero
3252 693 3318 733 ex
3380 677 3577 731 tribus.

2001 771 2321 827 Meminisse
2349 786 2479 840 ergo
2513 771 2564 824 in
2591 771 2845 841 praesenti
2887 773 3010 824 vitm
3069 779 3212 826 statu
3263 777 3474 838 oportet
3517 768 3580 820 il-

2000 862 2110 917 lius
2155 862 2302 931 quod
2371 861 2654 930 theologus
2721 861 2901 915 dixit:
2977 859 3222 914 Resistile
3271 859 3504 924 diabolo,
3533 868 3581 911 et

2002 955 2168 1025 fugiet
2217 971 2249 1008 a
2296 953 2460 1008 vobis.
2508 953 2775 1008 Caeterum
2806 953 3200 1023 persistendum
3242 961 3323 1007 est
3358 952 3410 1005 in
3435 952 3580 1005 lucta

2003 1062 2099 1102 seu
2131 1046 2450 1102 certamine.
2478 1043 2704 1108 Contra,
2733 1060 2856 1099 cum
2888 1045 2941 1098 in
2977 1045 3180 1099 mundo
3208 1044 3446 1099 versanti
3482 1058 3581 1112 op-

2002 1147 2276 1210 pugnatus
2342 1137 2510 1203 cedit,
2573 1137 2727 1192 fraus
2778 1146 2867 1192 est
2933 1137 3128 1204 hostis,
3157 1153 3266 1191 non
3295 1136 3582 1192 clementia

2003 1233 2086 1286 vel
2117 1232 2453 1286 humanitas.

2571 1322 2821 1379 Scholion
2848 1323 2938 1379 36.

2077 1415 2393 1488 Fugiamus,
2439 1433 2506 1472 ne
2539 1417 2821 1472 videamus
2875 1430 3050 1486 neque
3115 1415 3402 1470 audiamus
3467 1413 3583 1468 t'ru-

2007 1517 2178 1574 ctum,
2217 1510 2285 1565 de
2306 1525 2414 1580 quo
2437 1523 2538 1564 nos
2578 1523 2685 1564 non
2717 1518 3030 1578 gnstaturos
3060 1506 3421 1562 decrevimus.
3481 1505 3582 1559 Dc-

2007 1601 2282 1656 sidcratur
2341 1609 2522 1656 autem
2589 1616 2691 1656 vox
2747 1600 2914 1653 ἕνεκα
2959 1598 3272 1668 eonjnnctio
3325 1597 3582 1652 causalis.

2009 1693 2147 1749 Dicit
2177 1696 2318 1749 enim
2352 1714 2364 1750 :
2414 1693 2710 1765 Fugiamus
2739 1703 2956 1763 propter
2991 1693 3116 1747 hoc.
3149 1691 3280 1746 Vide
3307 1692 3394 1746 hic
3421 1707 3584 1760 quam

2008 1787 2110 1842 loci
2141 1774 2370 1841 mutatio
2401 1785 2589 1840 aﬂerat
2613 1785 2920 1840 utilitatem.
2965 1784 3102 1839 Cum
3160 1783 3302 1837 enim
3353 1783 3585 1836 sanctis-

2011 1878 2183 1932 simus
2229 1877 2466 1948 Spiritus
2516 1877 2700 1932 Patres
2749 1875 3046 1936 docuisset,
3098 1874 3243 1943 quod
3293 1873 3468 1928 hostis
3521 1888 3584 1927 ex

2010 1971 2253 2026 locorum
2311 1970 2612 2025 mutatione
2663 1979 2848 2040 posset
2905 1983 3082 2023 mores
3135 1968 3448 2031 immutare,
3477 1965 3589 2020 cla-

2012 2072 2160 2115 munt
2191 2062 2244 2115 hi
2278 2079 2290 2114 :
2343 2060 2533 2129 Fugite
2565 2061 2683 2115 loca
2713 2058 2928 2114 casibus
2954 2063 3300 2128 peccatorum
3329 2055 3589 2120 obnoxia,

2014 2162 2146 2207 utet
2175 2153 2306 2206 hic:
2356 2149 2646 2220 Fugientes
2698 2149 2994 2219 fugiamus.
3046 2147 3320 2202 Climacus
3370 2144 3588 2199 Davidis

2011 2261 2077 2300 ex
2104 2253 2320 2314 aspectu
2360 2242 2638 2298 Bersabete
2676 2240 2885 2311 decepti
2945 2239 3228 2294 historiam
3283 2251 3589 2292 memorans

2012 2337 2276 2407 designat.

2700 2422 2881 2475 Aliud.

2085 2515 2234 2571 Mens
2288 2530 2408 2584 quze
2436 2514 2686 2568 sensibus
2716 2513 2978 2582 indulget,
3022 2525 3117 2582 per
3155 2509 3278 2566 illos
3330 2506 3494 2581 249
3533 2508 3589 2562 in

2014 2619 2234 2682 peccata
2258 2607 2476 2674 incidit;
2513 2607 2880 2679 voluptatibus
2925 2605 3069 2660 enim
3123 2613 3176 2659 et
3234 2602 3591 2657 delectatione

2012 2718 2194 2758 rerum
2216 2717 2336 2772 quae
2372 2699 2474 2756 sub
2502 2715 2698 2755 sensus
2726 2697 2930 2752 cadunt
2953 2697 3149 2763 delusi,
3184 2695 3426 2750 animum
3493 2692 3590 2748 de-

2012 2795 2228 2850 bilitant
2260 2803 2314 2848 et
2344 2792 2621 2862 frangunt.

2579 2903 2746 2962 Aliud
2777 2902 2978 2958 Isaaci.

2080 3001 2184 3068 Qui
2214 3015 2319 3054 non
2346 2993 2534 3070 procu‘.
2563 3013 2622 3054 se
2647 3005 2890 3052 removet
2911 3005 2964 3051 et
2994 2995 3195 3050 recedit
3230 3008 3262 3049 a
3313 2991 3494 3048 causis
3540 2999 3593 3045 et

2012 3086 2388 3142 occasionibus
2426 3085 2704 3150 vitiorum,
2737 3084 2924 3138 volens
2956 3084 3146 3138 nolens
3199 3083 3252 3136 in
3310 3089 3589 3151 peccatum

2013 3179 2267 3234 trahitur.
2320 3177 2513 3233 Causae
2573 3185 2754 3232 autem
2811 3175 3017 3246 peccati
3079 3190 3174 3230 seu
3243 3175 3592 3246 incitamenta

2014 3282 2142 3328 sunt
2169 3273 2380 3339 vinum,
2414 3273 2690 3333 mulieres,
2719 3285 2874 3339 opes,
2901 3269 3076 3324 bonus
3115 3269 3335 3323 habitus
3394 3281 3593 3334 corpo-

2015 3365 2130 3419 ris:
2205 3380 2312 3418 non
2364 3363 2512 3434 quod
2553 3363 2669 3416 haec
2697 3371 2892 3417 natura
2920 3377 3018 3416 sua
3052 3367 3274 3431 peccata
3325 3359 3434 3413 sint
3459 3359 3476 3426 (
3502 3365 3597 3411 aut

2017 3456 2374 3525 peccatum),
2437 3455 2534 3510 sed
2600 3454 2748 3525 quod
2799 3461 2994 3508 natura
3051 3467 3146 3522 per
3204 3451 3318 3506 haec
3352 3448 3595 3504 facilead

2017 3545 2220 3613 peccati
2273 3544 2494 3599 morbos
2572 3551 2627 3602 et
2678 3543 2808 3599 vitia
2868 3541 3159 3597 inclinatur
3227 3549 3284 3597 et
3338 3537 3594 3593 trahitur.

2016 3635 2253 3691 Proinde
2321 3635 2528 3690 homini
2613 3635 2901 3705 diligenter
2965 3633 3034 3686 ab
3121 3632 3208 3686 bis
3294 3629 3594 3685 cavendum

2017 3733 2122 3780 05L

2618 3833 2871 3890 Scholion
2909 3833 2998 3888 57.

2091 3924 2190 3980 llic
2245 3940 2354 3979 non
2420 3923 2649 3979 reddidit
2719 3922 3159 3992 coniunctionem
3237 3920 3595 3990 copulativam

2022 4017 2143 4090 (δὲ,
2175 4031 2327 4083 vero,
2370 4015 2811 4084 autem)ligura!
2857 4027 2952 4081 per
2998 4011 3300 4067 absolutam
3349 4011 3597 4080 partitio-

2021 4125 2173 4173 nem,
2207 4109 2308 4164 etsi
2357 4122 2457 4162 nec
2497 4107 2678 4161 studio
2731 4105 2968 4160 arbitror
3003 4121 3017 4157 :
3051 4103 3180 4174 quia
3236 4101 3419 4169 Petro,
3463 4103 3593 4159 dum

2019 4202 2244 4268 viveret,
2287 4197 2616 4268 colloquenti
2642 4197 2851 4253 traditas
2912 4205 3041 4250 sunt
3082 4194 3263 4250 claves
3290 4196 3441 4266 regni
3483 4211 3597 4252 etn-

2020 4293 2172 4349 lcstis
2197 4292 2264 4348 “.

2658 4400 2907 4457 Scholion
2943 4403 3035 4458 58.

2093 4495 2283 4550 Omnis
2343 4495 2601 4566 cogitatio
2673 4495 2749 4550 rei
2805 4492 2933 4565 quae
2960 4496 3064 4551 sub
3095 4511 3318 4552 sensum
3345 4495 3509 4562 cadit,
3540 4493 3598 4550 in

331 4571 489 4636 νοῦς,
523 4573 739 4636 πάντως
759 4572 923 4641 δηλοῖ,
960 4574 1041 4626 ὅτι
1074 4571 1244 4637 πάθος
1273 4573 1387 4644 ἔχει
1423 4572 1559 4644 πρὸς
1605 4573 1736 4626 αὐτό
1756 4589 1769 4602 ·
1803 4575 1913 4625 Οὺλ

2029 4601 2136 4656 qua
2159 4601 2315 4642 mens
2344 4585 2434 4641 diu
2471 4597 2733 4650 moratur,
2765 4588 2990 4644 omnino
3018 4588 3276 4653 ostendit,
3317 4587 3464 4658 quod
3511 4602 3601 4641 er-

334 4663 619 4732 ὲκλείψοι
641 4661 756 4718 οὖν
787 4664 856 4728 ἐξ
885 4663 1055 4718 οἴκου
1081 4663 1270 4719 αὐτοῦ
1297 4664 1628 4733 τονορῤύης
1673 4663 1771 4717 καὶ
1823 4667 1925 4717 λε-

2024 4695 2092 4749 ga
2147 4679 2296 4734 illam
2327 4677 2590 4733 afﬁciatur
2618 4695 2632 4732 :
2691 4678 2814 4734 Non
2879 4681 3092 4750 deﬁciat
3126 4695 3249 4751 ergo
3271 4697 3303 4734 a
3323 4679 3478 4735 domo
3509 4688 3599 4732 tua

340 4752 520 4842 πρὸς,
547 4753 781 4822 κρατῶν
807 4753 1146 4822 σκυτάλην,
1174 4753 1270 4808 καί
1312 4753 1546 4807 πίπτων
1568 4753 1638 4807 ἐν
1660 4754 1913 4824 ῥομφαίᾳ

2021 4773 2228 4841 ﬂuxum
2265 4773 2539 4842 sanguinis
2563 4773 2854 4837 sustinens,
2887 4781 2934 4827 et
2999 4773 3258 4841 leprosus,
3325 4781 3376 4828 et
3425 4781 3600 4827 tenens

338 4841 555 4898 αὐτοῦ.

935 4974 1196 5043 Σχόλιον
1225 4974 1323 5030 λθ’.

417 5061 777 5134 Σημειωτέον,
807 5063 906 5129 τὰς
928 5066 1050 5119 καθ’
1082 5065 1251 5120 ῦπνον
1283 5066 1602 5138 διακρίσεις,
1631 5069 1830 5139 μᾶλλον
1865 5069 1922 5122 δὲ

338 5155 438 5210 διὰ
459 5155 524 5209 τὸ
553 5156 629 5228 μὴ
649 5157 911 5220 ὡσαύτως
940 5157 1082 5227 ἔχειν
1107 5159 1195 5212 ἀεὶ
1217 5160 1382 5212 παντὶ
1421 5161 1684 5228 φευκτέον
1730 5179 1743 5192 ·
1779 5161 1920 5214 πάνυ

343 5246 460 5317 γὰρ
477 5246 675 5316 ὀλίγων
697 5249 754 5301 at
775 5248 1094 5320 διακρίσεις.

423 5515 470 5549 ⁸⁸
497 5515 685 5572 Matth.
720 5533 831 5584 xw,
862 5520 946 5574 16.
1025 5521 1066 5551 ⁶⁷
1105 5519 1144 5573 ll
1198 5518 1332 5589 Reg.
1379 5533 1465 5580 ιιι,
1506 5518 1594 5572 29.

2023 4864 2300 4930 scuticam,
2323 4873 2370 4918 et
2396 4862 2588 4918 cadens
2617 4866 2671 4917 in
2689 4863 2869 4933 gladio
2904 4866 2972 4920 ⁶⁷.

2631 4976 2876 5032 Scholion
2914 4979 3002 5032 59.

2098 5067 2289 5140 Magna
2319 5069 2607 5155 prudentia
2645 5071 2948 5125 adhibenda
2983 5081 3066 5127 est
3116 5073 3169 5126 in
3241 5073 3308 5126 iis
3363 5087 3484 5140 quae
3546 5070 3599 5123 in

2029 5174 2224 5216 somno
2255 5177 2358 5216 usu
2410 5162 2657 5230 veniunt,
2708 5163 2841 5232 quin
2887 5165 3069 5234 potius
3100 5165 3228 5235 quia
3283 5166 3600 5219 inconstans

2031 5260 2335 5308 esteorum
2363 5255 2523 5320 ratio,
2558 5255 2783 5310 omnino
2821 5257 3139 5329 negligenda
3188 5263 3336 5320 sunt;
3401 5267 3599 5324 pauco-

2033 5358 2158 5398 rum
2182 5346 2328 5400 enim
2354 5359 2545 5401 eorum
2576 5347 2912 5416 dijudicatio.

427 5699 714 5782 (aﬂacob.
749 5712 921 5776 apost.
959 5707 1116 5775 epist.
1150 5722 1198 5762 c.
1244 5718 1292 5759 IV
1315 5719 1386 5768 ,v.
1427 5703 1476 5758 7.
1510 5702 1798 5775 Dionysius
1852 5718 2044 5763 omnes
2071 5712 2346 5780 apostolos
2383 5712 2663 5782 theologos
2690 5719 2865 5776 vocat,
2892 5719 2942 5767 et
2970 5711 3026 5764 S.
3064 5709 3288 5765 Petrum
3345 5705 3599 5764 verticem

343 5774 750 5841 theologorum.
