4042 6438
549 339 654 406 919

1163 459 1410 516 Scholion
1434 464 1525 519 40.

616 548 721 617 Qui
749 551 1022 608 metiones
1073 555 1320 622 corporis
1382 556 1662 614 molliores
1713 571 1767 616 et
1825 561 2120 621 delectabi-

549 641 628 698 les
661 643 882 714 repulit,
917 658 1018 699 nec
1063 645 1235 709 carni,
1277 660 1375 702 nec
1405 649 1655 718 sanguini
1682 655 1944 724 pepercit.

1141 733 1395 792 Scholion
1427 738 1520 795 41.

651 823 1042 882 lnsidiatrieem
1107 828 1419 893 materiam,
1483 846 1703 888 carnem
1772 838 2010 907 appellat
2065 847 2122 896 et

545 915 888 984 sanguinem,
944 917 1188 971 materiae
1248 934 1347 973 seu
1406 923 1653 991 corporis
1709 935 1960 996 expertes
2009 931 2118 987 dae-

547 1019 759 1060 monas.
788 1003 1028 1061 Materiae
1053 1007 1265 1063 alIixam
1299 1020 1354 1065 et
1394 1012 1647 1069 innexam
1685 1017 1923 1075 animam
1990 1037 2117 1078 cor-

539 1094 1055 1170 poriconjunctam.
1096 1098 1329 1156 Mentem
1357 1104 1522 1158 etiam
1551 1105 1671 1162 sine
1714 1111 1946 1166 materia.
1989 1128 2114 1169 cum

543 1185 878 1242 tlamonibus
909 1187 1230 1246 luctantem.
1266 1191 1576 1250 Mirandum
1615 1212 1746 1269 ergo
1775 1201 1852 1256 ait
1887 1219 2117 1274 quomo-

540 1274 611 1328 do
639 1284 835 1331 natura
866 1279 1113 1348 corporis
1169 1284 1524 1341 concretione
1564 1287 1820 1358 impedita
1845 1308 1971 1349 cum
2002 1293 2114 1350 dae-

539 1365 795 1422 monibus
829 1367 1169 1440 incorporeis
1200 1384 1406 1444 pugnet
1435 1385 1499 1432 et.
1527 1377 1729 1434 vincat.

1105 1457 1357 1517 Scholion
1389 1463 1478 1518 42.

607 1545 903 1618 Captivitas
929 1550 1176 1620 sequitur
1211 1555 1654 1626 coniunctionem
1720 1575 1818 1617 seu
1859 1577 2114 1636 congres-

539 1652 660 1691 sum
713 1646 767 1693 et
827 1639 1156 1710 colloquium
1194 1645 1432 1712 (animae
1475 1647 1640 1718 250
1686 1665 1811 1706 cum
1842 1651 2113 1711 incidente

539 1729 888 1801 cogitatione)
930 1745 1052 1801 quae
1079 1741 1134 1788 et
1169 1734 1479 1792 diuturnior
1507 1748 1560 1793 et
1585 1741 1956 1801 vehementior
1995 1759 2106 1816 est;

1811 359 1872 418 S.
1895 360 2216 424 JOANNIS
2239 367 2546 432 CLIMAGI

2151 480 2202 538 Δ
2828 489 2876 539 Σ
2876 488 3086 556 χόλων
3123 495 3200 559 μ’.

3664 395 3751 458 920

2308 569 2365 623 '0
2395 572 2464 627 τὰ
2491 574 2618 628 καθ’
2647 576 2841 648 ήδονήν
2877 580 3121 650 κινήσεις
3162 582 3643 661 ἀποκρουσάμινος,
3677 600 3755 652 καὶ

2225 661 2425 732 σαρκὸς
2451 665 2546 717 καὶ
2577 665 2808 735 αἵματος
2844 668 3162 740 ἀφειδήσας.

2804 761 3068 830 Σχόλιον
3092 770 3205 835 μα’.

2303 845 2616 902 Ἑπίδουλον
2641 847 2774 921 ὓλην
2801 853 2901 921 τήν
2925 854 3105 925 σάρκα
3130 851 3270 926 φησὶ
3289 855 3383 910 καὶ
3409 853 3560 930 αἷμα,
3581 863 3753 934 ἀύλους

2217 936 2344 1001 τοὺς
2369 937 2628 1009 δαίμονας
2657 957 2672 972 ’
2715 943 2901 999 ἔνυλον
2928 945 3027 1016 τὴν
3069 945 3462 1020 ,συζευχθεὲσαν
3495 952 3656 1030 ψυχὴν

2219 1027 2434 1097 σώματι
2463 1045 2478 1059 ο
2505 1029 2668 1085 ἀῦλον
2697 1032 2862 1087 πάλιν
2888 1034 2983 1088 τὸν
3015 1035 3160 1102 νοῦν,
3189 1037 3283 1091 τὸν
3318 1040 3460 1109 μετὰ
3487 1044 3588 1098 τῶν
3611 1027 3752 1104 avsa;

2220 1118 2404 1187 μάτων
2448 1121 2754 1191 μαχόμενον
2777 1141 2792 1156 ο
2849 1124 3036 1197 θαῦμα
3087 1122 3185 1182 οὖν
3225 1147 3357 1199 φησι
3399 1131 3514 1196 πῶς
3553 1136 3586 1206 ή
3634 1141 3755 1196 κατά

2218 1206 2403 1278 σχέσιν
2426 1208 2611 1274 ἔνυλος
2633 1214 2744 1276 τοῖς
2766 1213 2951 1279 ἀΰλοις
2980 1214 3350 1286 συμπλέκεται
3383 1219 3475 1273 καὶ
3511 1225 3648 1294 νικᾷ.

2795 1477 3058 1546 Σχόλιον
3087 1479 3201 1549 μβ’.

2293 1565 2362 1619 Ἦ
2391 1566 2498 1636 μὲν
2521 1566 2867 1638 αίχμαλωσία
2908 1569 2986 1639 τῷ
3015 1570 3341 1644 συνδυασμῷ
3368 1573 3644 1632 ἀκολουθεῖ
3679 1581 3755 1634 καὶ

2211 1653 2402 1725 χρόνον
2443 1657 2538 1710 καὶ
2584 1657 2785 1730 τρόπον
2830 1659 3206 1729 σφοδροτέρως
3245 1663 3616 1734 ἐπιτηροῦσαο
3647 1671 3673 1722 ὁ
3706 1671 3754 1724 8i

2213 1747 2661 1818 Μραρριπισμὸς
2687 1751 2763 1818 τῇ
2787 1754 3131 1822 συναρπαγῇ,
3158 1753 3426 1826 ἐξαπίνης
3451 1756 3557 1827 γὰρ
3585 1760 3754 1829 ἐπιτη-

536 1819 816 1875 ventilatio
841 1819 950 1891 jam
985 1823 1171 1880 calens
1198 1827 1446 1896 sequitur
1474 1843 1817 1889 communem
1851 1851 1948 1891 seu
1977 1852 2099 1893 con-

2209 1809 2441 1902 δεύσεως
2470 1809 2658 1908 χωρὶς,
2692 1809 2786 1893 καὶ
2811 1809 3025 1912 χρόνου,
3151 1809 3218 1901 td-
3246 1809 3438 1908 πολλά,
3463 1809 3571 1902 ’κάκ

530 1909 780 1977 junctum
819 1921 1066 1982 raptum;
1105 1924 1324 1984 repente
1355 1918 1499 1973 enim
1533 1921 1652 1978 sine
1712 1923 1916 1992 studio,
1969 1936 2109 1984 tem-

535 2016 778 2073 poreque
835 2013 894 2057 ut
921 2004 1247 2074 plurimum,
1271 2017 1325 2064 et
1352 2009 1708 2080 dispositione
1733 2017 1900 2084 pestis
1945 2017 2110 2074 simul

534 2094 774 2166 abreptis
801 2095 961 2152 nobis
993 2099 1245 2155 tenuibus
1275 2110 1329 2155 et
1359 2103 1649 2160 subtilibus
1685 2106 2109 2178 cogitationibus

532 2193 587 2240 et
616 2188 871 2244 sensibus
901 2189 1116 2261 obrepit
1141 2200 1194 2246 et
1234 2209 1355 2248 sese
1385 2193 1648 2254 insinuat.

1058 2282 1306 2340 Scholion
1343 2285 1526 2342 Isaaci
1553 2289 1644 2345 45.

601 2368 737 2427 Vide
787 2371 920 2442 quid
971 2373 1118 2431 dicat
1164 2375 1436 2434 Cliinacus
1458 2380 1526 2434 de
1562 2380 1773 2438 vitiosis
1802 2383 2106 2440 aﬂ‘ectioni-

524 2462 630 2520 bus
660 2464 777 2520 sive
795 2465 1166 2536 passionibus,
1195 2471 1343 2539 quod
1390 2472 1709 2541 paenitentia
1756 2477 2105 2532 convenienti

525 2554 638 2610 sint
668 2555 936 2622 eluendae,
965 2567 1060 2614 aut
1085 2557 1271 2615 luturo
1291 2562 1499 2632 judicio
1537 2574 1902 2621 reserventur.
1951 2564 2106 2623 Unde

523 2659 654 2714 ergo
676 2645 801 2700 novi
835 2647 1180 2718 legislatores
1209 2652 1330 2709 sine
1396 2653 1560 2724 digna
1610 2655 1934 2726 poenitentia
1996 2657 2105 2714 illis

525 2737 852 2811 indulgent?

978 2835 1144 2890 Aliud
1171 2836 1364 2892 Basilii
1399 2837 1604 2910 Magni.

593 2923 852 2992 Quaestio.
907 2925 1013 2994 Qui
1069 2937 1197 2983 sunt
1235 2929 1447 2987 fructus
1508 2931 1657 3002 digni
1715 2935 2101 3005 paenitentiae?

523 3019 689 3091 Resp.
741 3019 917 3093 Opera
937 3022 1167 3092 iustitia:
1188 3034 1412 3095 peccato
1435 3027 1736 3096 contraria,
1761 3044 1884 3100 qua:
1920 3029 2098 3100 poeni-

521 3112 653 3167 tenti
683 3121 813 3168 sunt
837 3112 1106 3180 facienda,
1138 3124 1200 3171 ut
1232 3116 1376 3186 quod
1403 3118 1669 3186 scriptum
1707 3128 1811 3187 est,
1845 3119 2090 3192 impleat,
2121 3152 2164 3210 α

518 3207 574 3259 in
603 3205 746 3260 omni
774 3223 925 3276 opere
958 3206 1089 3263 bona
1131 3209 1511 3280 fructiﬁcantes
1538 3211 1604 3267 ⁸³.

1085 3383 1336 3439 Scholion
1367 3384 1460 3440 44.

616 3473 749 3541 Qua:
811 3489 877 3530 ex
929 3475 1178 3545 corporis
1235 3476 1490 3534 sensibus
1557 3479 1829 3547 oriuntur,
1893 3493 2094 3541 nocent

518 3560 772 3632 corpori;
802 3569 860 3617 et
877 3577 1001 3633 qua:
1020 3578 1086 3618 ex
1121 3563 1318 3621 animae
1340 3565 1709 3636 facultatibus,
1731 3572 1946 3628 animae.

1204 3655 1387 3712 Aliud.

585 3740 780 3796 Malam
814 3743 1202 3815 cogitationem
1236 3747 1491 3817 praecedit
1519 3751 1658 3806 mala
1691 3751 1902 3810 aﬂ’ectio
1929 3770 1945 3822 ;
2006 3754 2090 3810 af-

516 3833 766 3891 fectionis
820 3845 1001 3891 autem
1054 3853 1222 3894 causa
1268 3848 1353 3894 est
1402 3854 1619 3911 sensus,
1659 3843 1861 3901 abusus
1906 3855 2088 3902 autem

515 3923 678 3996 hujus
697 3932 781 3980 est
839 3941 1016 3983 mens.

1019 4017 1183 4073 Aliud
1212 4017 1273 4075 Β.
1315 4018 1559 4076 Maximi.

579 4109 665 4165 Ab
727 4109 982 4166 sensibus
1037 4111 1292 4167 oriuntur
1339 4112 1469 4166 mali
1546 4111 1794 4180 aﬂectus,
1827 4116 1925 4183 qui
1949 4132 2088 4188 pra-

509 4210 664 4257 sente
695 4201 960 4256 charitate
1011 4210 1067 4256 et
1117 4202 1473 4272 temperantia
1533 4218 1643 4259 non
1686 4207 2083 4276 movebuntur;

509 4291 734 4345 absente
762 4300 944 4346 autem
971 4290 1356 4347 movebuntur.
1381 4291 1636 4349 Pluribus
1675 4305 1880 4360 autem,
1928 4313 2085 4353 exce-

511 4390 603 4451 pta
661 4382 1121 4454 concupiscentia,
1189 4383 1415 4453 indiget,
1456 4385 1711 4441 remediis
1735 4387 1838 4452 ira,
1872 4397 1927 4442 et
1957 4405 2082 4457 pro-

2212 1941 2350 1989 σεως
2379 1928 2554 1995 ἐκτὸς,
2581 1929 2610 1981 ὁ
2638 1929 2858 2000 ὄλεθρος
2906 1935 3310 2003 παρυφίσταται
3338 1935 3523 2006 ψιλαῖς
3551 1941 3758 2006 ἐννοίαις

2209 2012 2303 2066 καὶ
2330 2014 2614 2086 αἰσθήσεσι
2655 2019 3150 2092 συναρπαζομένων
3181 2024 3369 2095 ήμῶν.

2790 2296 2838 2349 Σ
2837 2295 3051 2364 χόλων
3083 2312 3160 2365 μγ
3177 2335 3192 2350 .

2275 2383 2420 2456 Ὅρα
2443 2383 2497 2437 τί
2521 2400 2654 2456 φησι
2684 2385 2814 2457 περὶ
2839 2385 3163 2457 ὲμπαθείας,
3184 2387 3269 2441 ὄτι
3294 2388 3573 2462 αντιζύγῳ
3601 2409 3745 2461 μετα-

2201 2471 2340 2544 νοίᾳ,
2385 2474 2418 2545 ἢ
2469 2476 2548 2546 τῇ,
2588 2474 2857 2548 μελλούσῃ
2886 2477 3068 2549 κρίσει
3107 2477 3423 2534 ὑπόκειται.
3471 2481 3634 2538 Πόθεν
3675 2480 3752 2538 οὖν

2202 2563 2330 2618 ἄνευ
2358 2565 2457 2636 τῆς
2486 2565 2871 2639 προσηκούσης
2917 2571 3206 2640 μετανοίας
3251 2573 3307 2625 οἱ
3353 2572 3475 2626 νέοι
3493 2575 3758 2646 νομοθέται

2200 2653 2300 2718 τάς
2323 2657 2662 2726 συμπαθείας
2689 2656 2972 2713 ποιοῦνται
2999 2675 3016 2725 ;

2490 2836 2678 2891 Ἄλλο
2709 2837 2818 2892 τοῦ
2847 2839 3115 2908 μεγάλου
3140 2841 3498 2896 Βασιλείου.

2282 2923 2605 2995 Ἐρώτησις.
2635 2927 2794 2990 Τίνες
2823 2927 2960 2982 είσὶν
2979 2929 3029 2982 oi
3058 2928 3198 2995 ἄξιοι
3229 2931 3444 2996 καρποὶ
3477 2928 3576 2999 τῆς
3609 2944 3750 2998 μετα-

2199 3015 2380 3081 νοίας;
2437 3014 2770 3088 Ἀπόκρισις.
2805 3017 2886 3070 Τά
2920 3018 3273 3088 ἀντικείμενα
3307 3022 3382 3091 τῇ
3420 3018 3655 3090 ἁμαρτίᾳ
3679 3017 3754 3088 ἔρο

2198 3121 2272 3174 γα
2321 3104 2687 3176 δικαιοσύνης,
2728 3107 2873 3179 ἅπερ
2919 3108 2948 3161 ὁ
2994 3107 3269 3178 μετανοῶν
3337 3109 3544 3178 ὄφείλει
3587 3111 3752 3172 ποιεῖν,

2196 3195 2419 3268 πληρῶν
2432 3195 2493 3250 τὸ
2511 3197 2914 3268 γεγραμμένον,
2945 3197 3014 3251 ἐν
3042 3198 3228 3252 παντί
3240 3201 3406 3272 ἔργῳ
3430 3198 3621 3272 ἀγαθῷ
3638 3213 3755 3269 καρ-

2191 3286 2618 3357 ποφοροῦντες.
2930 3283 2935 3289 ’

2784 3383 2830 3434 Σ
2832 3381 3045 3450 χόλιον
3074 3380 3176 3449 μθ.

2261 3472 2346 3528 Τὰ
2387 3474 2452 3528 ἐκ
2479 3473 2588 3528 τῶν
2617 3473 2749 3545 περὶ
2781 3474 2844 3526 τὸ
2873 3475 3051 3546 σῶμα,
3084 3476 3145 3528 τὸ
3182 3476 3356 3547 σῶμα
3392 3477 3637 3549 βλάπτει,
3683 3471 3764 3527 καὶ

2190 3564 2259 3619 τά
2284 3566 2349 3620 ἐκ
2380 3565 2486 3620 τῶν
2515 3566 2645 3638 περὶ
2670 3566 2770 3636 τὴν
2789 3565 2986 3638 ψυχὴν,
3016 3569 3114 3639 τὴν
3142 3569 3357 3640 ψυχήν.

2859 3660 3072 3713 Ἄλλο.

2263 3749 2456 3820 Κακῆς
2482 3749 2695 3814 ἑννοίας
2729 3754 3053 3822 προηγεῖται
3093 3753 3266 3817 πάθος
3296 3771 3317 3786 ο
3346 3756 3443 3809 τοῦ
3473 3755 3534 3809 δὲ
3571 3753 3754 3814 πάθους

2190 3845 2341 3900 αἰτία
2369 3846 2762 3919 καθέστηκενή
2802 3848 3057 3920 αῐσθησις
3081 3865 3096 3880 ο
3147 3849 3252 3922 τῆς
3291 3853 3352 3907 δὲ
3395 3853 3572 3925 κακῆς
3607 3849 3756 3920 αὐτῆς

2189 3938 2437 4011 χρήσεως
2469 3940 2714 4009 δηλονότι
2741 3943 2770 3995 ὁ
2803 3941 2947 4005 νοῦς.

2545 4030 2736 4086 Ἀλλο
2770 4033 2878 4088 τοῦ
2909 4034 3081 4104 ἁγίου
3113 4033 3417 4105 Μαξίμου.

2271 4121 2406 4175 Ὑπὺ
2430 4121 2538 4175 τῶν
2568 4121 2872 4194 αῐσθήσεων
2905 4125 3115 4195 πέφυκε
3141 4126 3416 4181 κινεῖσθαι
3468 4125 3540 4180 τά
3577 4123 3717 4194 πάθη
3738 4133 3752 4150 ⁶

2187 4213 2282 4268 καὶ
2331 4213 2611 4285 παρούσης
2642 4211 2740 4284 μὲν
2771 4215 2987 4287 ἀγάπης
3019 4218 3114 4270 καὶ
3146 4219 3483 4287 ἐγκρατείας
3526 4217 3587 4270 ού
3621 4232 3756 4284 κινη-

2185 4305 2410 4377 θήσεται
2435 4321 2448 4335 ·
2479 4306 2723 4377 ἀπούσης
2751 4305 2807 4358 δὲ
2827 4308 3199 4379 κινηθήσεται.
3232 4309 3514 4364 Πλειόνων
3537 4308 3594 4361 δὲ
3625 4301 3758 4371 παρὰ

2183 4395 2281 4468 τὴν
2296 4395 2588 4466 ἐπιθυμίαν
2611 4396 2639 4447 ὁ
2662 4394 2830 4466 θυμὸς
2854 4395 3023 4450 δεῖται
3041 4397 3378 4468 φαρμάκων,
3405 4397 3503 4451 καὶ
3519 4395 3605 4450 διὰ
3620 4391 3760 4446 τοῦτο

510 4481 692 4540 pterea
741 4474 974 4529 charitas
1002 4484 1252 4530 ’vocatur
1301 4493 1513 4548 magna,
1565 4480 1707 4550 quod
1750 4480 1822 4536 sit
1866 4481 2079 4538 frenum

2196 4489 2410 4558 μεγάλη
2465 4487 2685 4556 λέγεται
2734 4487 2775 4554 ἠ
2827 4486 3028 4556 ἀγάπη
3051 4505 3069 4521 ο
3122 4489 3203 4542 ὅτι
3257 4489 3486 4560 χαλινός
3532 4491 3646 4541 ἐστι
3677 4479 3758 4535 τοῦ

510 4567 626 4631 irae,
653 4579 816 4635 quam
842 4575 1066 4622 sanctus
1084 4567 1173 4623 ille
1206 4567 1384 4626 Moses
1404 4572 1698 4641 appellavit
1738 4573 1792 4627 in
1843 4575 2086 4646 physicis

510 4667 608 4709 seu
629 4654 967 4711 naturalibus
1000 4671 1096 4725 per
1121 4659 1580 4728 comparationem
1631 4669 1687 4716 et
1717 4662 1945 4733 ﬁguram
1988 4680 2086 4735 op-

509 4743 885 4814 pugnatricem
913 4756 1226 4816 serpentum
1253 4749 1320 4803 ".

1107 4859 1267 4916 Aliud
1299 4862 1502 4919 Isaaci.

576 4951 761 5007 Animi
821 4967 919 5008 seu
965 4954 1359 5026 cogitationum
1413 4966 1595 5013 motus
1653 4959 1707 5014 in
1767 4959 1985 5015 homine
2014 4975 2078 5015 ex

503 5049 741 5113 quatuor
787 5055 1078 5098 causarum
1126 5043 1369 5101 fontibus
1415 5046 1685 5102 oriuntur.
1748 5046 1989 5104 Primum
2013 5064 2079 5107 ex

504 5133 742 5189 naturali
805 5136 989 5191 carnis
1043 5135 1376 5202 voluntate;
1423 5137 1619 5194 deinde
1665 5154 1734 5196 ex
1792 5141 2080 5212 phantasia

501 5241 597 5282 seu
627 5225 1015 5297 imaginatione
1039 5241 1295 5284 sensuum
1318 5245 1348 5285 e
1369 5231 1554 5286 saeculi
1585 5231 1749 5288 rebus
1771 5249 1908 5303 quas
1939 5235 2086 5292 videt

501 5317 585 5372 vel
650 5317 822 5384 audit,
871 5327 1034 5385 nata;
1104 5320 1266 5374 tertio
1306 5335 1372 5375 ex
1423 5321 1492 5379 iis
1536 5338 1659 5394 quae
1687 5335 2083 5395 praecesserunt

503 5408 818 5467 inveteratis
878 5413 1387 5478 consuetudinibus,
1439 5423 1494 5469 et
1544 5416 1741 5472 animae
1812 5417 2079 5479 effusione

500 5513 638 5567 quas
670 5501 832 5558 habet
863 5503 918 5559 in
947 5513 1168 5568 mente;
1211 5514 1486 5575 postremo
1512 5522 1577 5563 ex
1611 5509 1928 5580 fdaamonum
1971 5511 2070 5566 im-

505 5592 748 5659 pulsibus
795 5601 850 5649 et
871 5595 1328 5667 suggestionibus.

575 5767 619 5801 "
662 5769 874 5829 Coloss.
915 5791 952 5840 ι,
993 5775 1080 5832 10.
1157 5778 1200 5812 ⁸⁸
1243 5773 1419 5836 Ιιθιῖι.
1450 5798 1525 5848 xt,
1551 5779 1640 5834 ‘22.

2188 4580 2383 4651 θυμοῦ,
2411 4578 2619 4650 ταύτην
2645 4579 2739 4633 καὶ
2760 4578 2968 4648 Μωσῆς
2994 4579 3197 4643 ἐκεῖνος
3215 4582 3244 4634 ὀ
3271 4580 3437 4649 ἅγιος
3466 4582 3527 4634 ἐν
3547 4579 3657 4640 τοῖς
3676 4590 3762 4642 φυ·

2187 4675 2358 4734 σικοίς
2393 4669 2738 4741 συμϐολικῶς
2764 4668 3063 4739 ὀφιομάχον
3101 4669 3417 4741 ὠνόμασεν.

2658 4864 2847 4923 Ἀλλο
2877 4867 2984 4924 τοῦ
3022 4867 3250 4925 Ἰσαάκ.

2263 4959 2329 5014 Ἢ
2376 4959 2590 5029 κίνησις
2629 4959 2737 5014 τῶν
2783 4960 3061 5032 λογισμῶν
3105 4961 3165 5014 ὲν
3207 4957 3288 5030 τῷ
3340 4958 3621 5031 ἀνθρώπῳ
3665 4951 3763 5009 ἀπὸ

2183 5050 2460 5123 τεσσάρων
2488 5049 2938 5120 αἰτιῶνγὶνεται.
2968 5050 3192 5123 Πρῶτον
3222 5051 3326 5120 μὲν
3354 5052 3423 5104 ἐκ
3465 5050 3758 5120 θελήματος

2181 5146 2279 5214 τῆς
2311 5142 2512 5214 σαρκὸς
2538 5141 2634 5196 τοῦ
2661 5141 2892 5212 φυσικοῦ
2915 5160 2930 5174 ο
2966 5142 3218 5215 δεύτερον
3243 5141 3305 5194 δὲ
3339 5143 3408 5196 ὲκ
3441 5141 3544 5211 τῆς
3572 5152 3764 5208 φαντα-

2180 5235 2302 5299 σίας
2345 5234 2458 5289 τῶν
2504 5233 2812 5306 αἰσθήσεων
2852 5234 2961 5288 τῶν
3001 5232 3096 5287 τοῦ
3145 5233 3362 5303 κόσμου
3399 5229 3758 5302 πραγμάτων.

2186 5321 2262 5382 ὧν
2287 5327 2590 5399 παρακούει
2612 5327 2706 5381 καὶ
2733 5326 2950 5398 βλέπει·
2971 5326 3155 5398 τρίτον
3177 5327 3242 5380 ἐκ
3270 5324 3390 5379 τῶν
3422 5321 3772 5400 διιτρολήιιιεωπιι.⁴

2185 5418 2283 5474 καὶ
2343 5421 2409 5472 ὲκ
2461 5419 2562 5489 τῆς
2616 5418 2888 5483 ἐκλύσεως
2932 5418 3032 5490 τῆς
3089 5417 3293 5489 ψυχῆς,
3335 5410 3416 5470 ὧν
3470 5417 3586 5486 ἔχει
3630 5405 3761 5465 κατὰ

2181 5511 2308 5566 νοῦν
2340 5529 2354 5543 ο
2411 5511 2669 5582 τέταρτον
2724 5513 2790 5565 ὲκ
2845 5511 2953 5568 τῶν
2993 5506 3312 5582 προσϐολῶν
3346 5509 3462 5564 τῶν
3502 5502 3761 5578 δαιμόνων

2178 5603 2574 5676 πολεμούντων.
