4042 6436
260 413 371 482 921
1295 411 1526 470 SCALA
1548 410 1932 471 PARADISI.
1961 434 2030 444 -
2057 411 2367 472 GRADUS
2389 411 2512 472 XV.

860 519 1119 587 Σχόλιον
1161 522 1268 602 pst.
1889 523 1938 578 Α

341 617 488 671 Ὅσα
516 613 611 683 ἀφ’
637 611 835 665 ἑαυτοῦ
869 608 1147 679 λογίζεται
1178 610 1207 662 ὁ
1239 598 1366 674 νοῦς
1404 611 1550 681 πάθη
1584 610 1807 677 λέγεται
1835 649 1851 674 ,

2028 607 2380 679 Quaecunque
2404 623 2563 663 mens
2591 623 2684 677 per
2709 623 2769 662 se
2806 605 3049 677 concipit
3071 601 3229 673 251
3265 609 3319 656 et
3339 598 3546 669 coquit,

255 708 367 763 ὅσα
405 703 790 774 ἐνοχλούμενος
820 701 925 754 ὑπὸ
966 699 1059 753 τοῦ
1089 700 1364 770 σώματος,
1407 702 1588 756 ταῦτα
1611 701 1686 764 ὡς
1719 700 1856 769 πρὸς

1999 699 2243 754 assiones
2290 713 2388 753 seu
2434 697 2751 753 aii‘ectiones
2794 697 3092 752 dicuntur:
3148 706 3271 762 qua:
3311 699 3548 744 autem:

261 799 360 854 τὸν
385 797 512 850 νοῦν
540 792 765 864 ἐμπαθῆ
789 809 805 822 ο
831 791 902 846 τὰ
921 791 980 844 δὲ
1010 792 1147 862 πρὸς
1178 792 1439 848 σύστασιν
1475 793 1571 846 τοῦ
1602 791 1856 864 σώματος

1994 804 2192 859 orpore
2220 789 2443 858 patitur,
2469 789 2811 858 appellantur
2863 797 3048 841 motus
3115 794 3373 852 tanquam
3419 792 3548 849 erga

256 888 620 960 λογιζόμενα,
646 885 837 939 κακίαι
865 881 960 936 τοῦ
990 881 1088 937 νοῦ
1109 884 1204 938 καὶ
1241 885 1350 938 εἰσ).
1384 886 1480 939 καὶ
1507 884 1784 953 λέγονται.

1996 883 2204 938 nimum
2227 880 2423 936 aii'ecti.
2452 879 2584 946 Quae
2613 889 2794 933 autem
2821 878 2874 932 in
2921 877 3149 948 gratiam
3177 871 3446 941 corporis,
3496 877 3552 923 et

1962 973 2214 1028 allectum
2266 987 2297 1026 a
2358 980 2542 1025 mente
2610 979 3035 1040 pertractautur,
3099 965 3231 1021 vitia
3269 960 3472 1018 mentis
3495 967 3554 1014 et

1965 1073 2093 1118 sunt
2120 1071 2174 1116 ct
2204 1061 2482 1116 dicuntur.

3423 401 3532 466 922

2529 516 2780 572 Scholion
2807 516 2898 572 45.

915 1157 963 1208 Σ
966 1157 1195 1222 χόλων.

2618 1149 2894 1206 Scholion.

358 1252 841 1326 Ἂνακρινάτωσαν
867 1248 963 1302 καὶ
999 1245 1512 1318 ψηλαφησάτωσαν.

2037 1241 2347 1312 Dijudicent
2376 1249 2430 1295 ct
2462 1251 2898 1310 perscrutentur.

950 1340 1179 1406 {Al/lo.
2655 1330 2841 1384 Aliud.

345 1439 429 1494 Τδ
456 1435 741 1509 κοπρῶδες
770 1432 945 1496 πάθος
973 1431 1132 1485 καλεῖ
1164 1430 1392 1502 κόπρον.

2037 1428 2311 1496 Impuram
2363 1422 2704 1478 affectionem
2761 1430 2976 1477 stercus
3041 1423 3136 1470 aut
3193 1413 3384 1468 limum
3444 1425 3542 1480 ap-

1957 1514 2164 1588 pellat.

871 1609 1134 1679 Σχόλιον
1171 1614 1291 1680 pg’.

2572 1601 2820 1659 Scholion
2860 1599 2946 1653 46.

349 1705 651 1775 Φιλόδωρος
669 1703 747 1755 ὣν
768 1701 796 1754 ὁ
822 1699 953 1762 Θεὸς
975 1698 1208 1770 παρέχει
1242 1699 1356 1761 τοῖς
1392 1695 1566 1760 ἀξίοις
1596 1693 1665 1746 τὰ
1699 1691 1871 1762 πρόσ-

2041 1696 2316 1766 Benignus
2365 1695 2507 1749 Deus
2549 1694 2615 1748 iis
2649 1692 2742 1762 qui
2775 1688 2922 1758 digni
2966 1695 3093 1740 sunt
3133 1682 3358 1738 exhibet
3400 1693 3555 1734 com-

274 1813 452 1868 φορα,
484 1794 518 1867 ἢ
641 1791 822 1863 οἰκείᾳ
847 1789 1147 1860 ἁγαθότητι
1177 1785 1519 1859 χρῶμενος,ἢ
1549 1786 1615 1856 τῇ
1637 1782 1746 1836 τῶν
1778 1783 1870 1835 αί-

1994 1790 2138 1844 noda
2172 1789 2306 1856 ipsis
2329 1785 2704 1841 convenientia
2735 1791 2829 1836 aut
2857 1795 2956 1834 sua
2987 1777 3232 1831 bonitate
3266 1772 3554 1842 impulsus,

274 1863 566 1960 τουμένων
589 1863 1026 1954 Ἶὶπικλινόμενος
1063 1881 1272 1952 δεήσει,
1322 1878 1469 1934 κατὰ.
1494 1876 1556 1930 τὸ
1595 1874 1693 1928 τοῦ
1733 1874 1871 1927 ἀπο-

1994 1890 2070 1936 ιιιι
2113 1880 2414 1950 petentium
2445 1878 2587 1932 votis
2621 1873 2852 1929 inﬂexus
2877 1911 2892 1934 ,
2938 1879 2996 1924 ut
3048 1869 3241 1923 Petrus
3279 1863 3559 1934 apostolus

285 1983 491 2038 στόλου
519 1980 726 2051 Πέτρου
762 1979 1011 2048 αἴνιγμα.

1994 1969 2134 2040 luasi
2172 1983 2265 2038 per
2295 1967 2524 2036 anigma
2553 1965 2731 2018 docet.

874 2068 1140 2138 Σχόλιον
1183 2062 1292 2133 μζκ

2579 2051 2830 2107 Scholion
2871 2048 2962 2102 4.7.

374 2163 609 2226 Δικαίως
657 2161 814 2232 εὐχὴν
846 2136 1064 2226 νοερὰν,
1107 2154 1229 2224 ἣτις
1260 2149 1560 2222 πράττεται
1595 2146 1689 2200 καὶ
1732 2144 1876 2198 δικο-

2044 2149 2239 2206 Merito
2275 2147 2640 2219 precationem
2685 2158 2809 2212 qua:
2851 2147 3034 2194 mente
3064 2136 3141 2200 lit,
3171 2146 3401 2204 quaeque
3432 2144 3560 2200 per-

294 2257 456 2310 νοῦσι
491 2253 830 2326 σωματικῶς.
861 2249 974 2304 Καὶ
991 2246 1101 2316 γὰρ
1126 2246 1257 2299 ὅταν
1278 2243 1413 2315 πρὸς
1438 2243 1536 2302 τὰς
1561 2236 1877 2310 σωματικὰς

287 2348 575 2410 διακονίας
617 2347 666 2399 ot
709 2342 964 2414 δαίμονες
1011 2338 1198 2392 ῐδωσιν
1248 2330 1726 2404 ὲνασχολούμενον,
1757 2327 1878 2381 ἐπεὶ

288 2436 627 2508 σωματικῶς
652 2434 914 2499 εὖξασθαι
939 2429 1080 2486 κατὰ
1120 2427 1233 2481 τῶν
1265 2425 1478 2496 ἐχθρῶν
1529 2425 1628 2493 οὐχ
1662 2417 1771 2484 οἷός
1818 2420 1878 2472 τέ

290 2532 473 2592 ἔστιν,
513 2526 852 2580 ἑπιτίθενται
881 2521 1029 2592 αὐτῷ
1057 2519 1148 2574 διὰ
1183 2515 1294 2570 τῶν
1332 2515 1630 2584 αἰσχίστων
1661 2510 1880 2566 ἐννοιῶν

290 2620 529 2690 βαρέως,
551 2617 647 2671 καὶ
669 2619 750 2680 είς
778 2608 948 2686 ἧτταν
981 2607 1350 2682 προσκαλοῢσι
1373 2625 1389 2639 ·
1418 2604 1596 2676 χρεὼν
1617 2598 1711 2656 οὖν
1739 2601 1862 2655 τότε

290 2710 394 2766 τοῦ
416 2709 642 2779 διακονή
653 2723 826 2779 ματος
856 2701 1203 2777 προτιμῆσαι
1234 2698 1336 2770 τὴν
1360 2697 1504 2752 κατὰ
1546 2693 1668 2757 ἔθος
1693 2707 1884 2769 σωμαο

290 2803 457 2874 τικὴν
477 2799 813 2872 προσευχὴν,
853 2797 956 2868 τῆς
990 2793 1189 2866 νοερᾶς
1224 2789 1472 2863 δηλονότι
1509 2798 1885 2854 καταφρονου-

295 2895 496 2967 μένης.

892 2999 1149 3068 Σχόλιον
1183 2991 1294 3066 μη’.

374 3095 477 3152 Διὰ
503 3094 658 3150 τοῦτο
685 3093 786 3166 τὴν
808 3090 1004 3162 νοερὰν
1045 3087 1289 3141 διδάσκει
1334 3077 1641 3155 προσευχὴν
1679 3075 1774 3132 καὶ
1800 3074 1888 3128 ὲν-

294 3188 569 3246 διὰθετον.

881 3265 1141 3336 Σχόλιον
1186 3261 1293 3332 μθν.

372 3363 690 3437 Προσεύχου
717 3358 984 3432 πρότερον
1011 3354 1140 3424 περὶ
1161 3350 1254 3406 τοῦ
1287 3347 1630 3419 καθαρθῆναι
1655 3341 1845 3398 παθῶν
1869 3354 1886 3372 ο

295 3460 405 3516 καὶ
429 3432 682 3528 δεύτερον
719 3451 850 3518 περὶ
880 3445 974 3501 τοῦ
1007 3444 1270 3516 ῥυσθῆναι
1301 3440 1410 3495 ἀπὸ
1455 3438 1557 3508 τῆς
1586 3432 1885 3505 ἀγνωσίας·

298 3549 402 3601 καὶ
451 3520 630 3619 τρίτον
674 3540 784 3596 ἀπὸ
834 3534 1036 3600 παντὸς
1072 3528 1384 3607 πειρασμοῦ
1429 3526 1528 3582 καὶ
1559 3520 1887 3594 ὲγκαταλείυ

295 3638 477 3708 ψεως·

968 3717 1250 3787 Σχόλιον.

380 3819 457 3872 Τὸ
479 3816 591 3888 γὰρ
620 3813 724 3883 τῆς
752 3810 845 3864 τοῦ
880 3808 1015 3862 Θεοῦ
1051 3802 1306 3876 βοηθείας
1351 3795 1715 3868 πειρασθῆναι
1744 3788 1893 3863 [πει-

315 3882 572 3985 ραθῆναιὶ
599 3907 770 3978 ἡμᾶς,
802 3900 1096 3971 ἁντίδωρον
1113 3896 1214 3967 τῆς
1236 3893 1412 3965 ψυχῆς
1441 3889 1598 3962 ἡμῶν
1618 3882 1894 3944 καταστά-

283 4043 290 4048 .
316 4017 491 4064 σεως.

541 4107 788 4177 Σχόλιον
814 4103 922 4158 τοῦ
951 4101 1122 4167 ἁγίου
1152 4094 1585 4166 Χρυσοστὸμου
1617 4097 1682 4146 ν’.

409 4200 605 4255 Ἷστὲον
620 4199 698 4252 ὅτι
731 4197 794 4251 οὐ
829 4195 1076 4265 ζητεῖται
1109 4189 1272 4247 τόπος
1291 4185 1390 4256 τῆς
1413 4181 1738 4254 προσευχῆς,
1760 4177 1898 4233 ἀλλὰ

307 4293 539 4366 τρόπος.
585 4291 643 4342 ὐ
684 4287 956 4358 Ἱερεμίας
987 4287 1044 4337 ὲν
1092 4279 1334 4352 βορϐόρῳ
1371 4272 1469 4347 ἦν,
1503 4274 1599 4328 καὶ
1637 4272 1728 4325 τὸν
1765 4269 1900 4324 Θεὸν

309 4355 686 4436 ἐπεσπάσατο.
726 4355 786 4427 ’ὁ
816 4355 1017 4442 Δανιὴλ
1067 4371 1124 4422 ὲν
1163 4367 1356 4434 λάκκῳ
1387 4363 1639 4426 λεόντων,
1668 4358 1762 4412 καὶ
1809 4355 1902 4410 τὸν

312 4469 454 4521 Θεὸν
507 4461 901 4534 ὲξευμενίσατο
929 4475 944 4490 ·
972 4457 1023 4510 οἱ
1068 4457 1219 4529 τρεῖς
1263 4449 1449 4513 παῖδες
1493 4449 1552 4500 ὲν
1575 4448 1643 4516 τῇ
1685 4442 1901 4516 καμίνῳ

1978 2247 2155 2317 agitur
2175 2244 2342 2300 etiam.
2370 2242 2438 2296 ab
2468 2240 2535 2294 iis
2563 2238 2655 2308 qui
2689 2233 2936 2303 corporis
2967 2228 3160 2284 olliciis
3188 2231 3560 2295 occupantur.

1977 2316 2190 2394 Etenim
2216 2335 2437 2407 quando
2465 2334 2738 2387 daemones
2771 2325 2952 2380 vident
2977 2321 3289 2391 religiosum
3315 2316 3561 2372 externis

1979 2429 2225 2500 corporis
2260 2424 2583 2482 ministeriis
2612 2422 2933 2477 distractum
2968 2430 3076 2469 non
3113 2427 3274 2481 posse
3303 2409 3564 2480 precibus

1979 2521 2262 2578 vocalibus
2292 2533 2512 2590 operam
2539 2517 2691 2580 dare,
2720 2511 2984 2567 invadunt
3012 2508 3189 2576 ipsum
3214 2501 3563 2573 gravissime,

1980 2625 2036 2671 et
2089 2611 2435 2682 turpissimas
2465 2606 2821 2677 cogitationes
2853 2601 3140 2671 objiciunt,
3171 2595 3370 2664 quibus
3409 2591 3560 2644 illum

1982 2705 2052 2760 ad
2105 2705 2320 2759 ruinam
2369 2699 2669 2770 impellant.
2715 2694 2854 2749 Tum
2901 2705 3029 2745 vero
3091 2699 3334 2742 necesse;
3369 2689 3455 2737 est
3506 2689 3566 2733 ut

1982 2799 2292 2872 posthabita
2321 2793 2677 2850 meditatione
2707 2789 2904 2843 mentis
2928 2785 3032 2840 sub
3060 2795 3226 2852 opere
3258 2777 3327 2832 ad
3351 2772 3568 2830 vocales

1985 2901 2040 2947 et
2070 2899 2361 2947 consuetas
2387 2899 2576 2958 preces
2608 2888 2876 2936 recurrat.

2591 2971 2839 3027 Scholion
2876 2965 2967 3022 48.

2064 3071 2229 3129 Docet
2295 3069 2567 3124 intentam
2625 3078 2745 3133 quae
2809 3066 2990 3113 mente
3054 3052 3234 3124 agitur
3294 3047 3575 3120 precatio—-

1913 3201 1957 3258 c
1991 3180 2140 3223 nem.

2590 3243 2839 3300 Scholion
2878 3241 2968 3294 49.

2062 3346 2306 3401 Primum
2332 3353 2556 3413 precare
2581 3345 2640 3391 ut
2668 3337 2736 3390 ab
2762 3332 2910 3386 omni
2944 3326 3265 3399 passionum
3290 3318 3573 3390 impuritia

1991 3435 2337 3510 repurgeris;
2385 3430 2583 3487 deinde
2637 3435 2698 3480 ut
2756 3424 2824 3478 ab
2882 3417 3238 3490 ignorantia;
3299 3419 3577 3484 postremo

1991 3503 2070 3589 ab
2088 3503 2235 3586 omni
2264 3524 2560 3583 tentatione
2595 3532 2648 3576 et
2669 3520 2886 3574 interno
2914 3510 3135 3568 defectu
3179 3503 3454 3562 libereris.

2649 3695 2920 3754 Scholion.

2067 3801 2319 3858 Divinum
2343 3797 2488 3854 enim
2523 3791 2787 3849 auxilium
2813 3783 3046 3856 experiri
3087 3789 3172 3836 est
3216 3772 3584 3834 remuneratio
3663 3763 3680 3774 ’

1995 3887 2194 3953 animae
2212 3890 2422 3949 nostrae
2453 3888 2510 3943 in
2538 3887 2684 3942 bono
2719 3889 2866 3938 statu
2905 3873 3200 3932 versantis.

2353 4075 2606 4133 Scholion
2643 4073 2705 4128 S.
2738 4065 3102 4140 Chrysostomi
3137 4064 3227 4120 50.

2073 4169 2367 4228 Sciendum
2396 4167 2541 4238 quod
2570 4180 2679 4220 non
2707 4168 2984 4232 quaeratur
3014 4155 3119 4210 loci
3150 4163 3406 4224 aspectus
3431 4192 3448 4218 ,
3483 4149 3579 4207 sed

2001 4263 2200 4320 mentis
2222 4259 2449 4316 affectus
2483 4256 2584 4327 la).
2630 4253 2900 4309 Jeremias
2923 4251 2979 4304 in
3007 4261 3166 4304 emno
3198 4253 3254 4300 et
3287 4245 3403 4299 luto
3428 4250 3583 4308 erat,

2001 4362 2056 4410 et
2080 4353 2252 4407 Deum
2298 4347 2550 4420 precibus
2574 4344 2763 4409 ﬂexit;
2805 4339 2994 4395 Daniel
3026 4339 3080 4391 in
3113 4337 3232 4390 lacn
3263 4333 3432 4389 Deum
3477 4331 3582 4387 sibi

2005 4441 2353 4505 conciliavit;
2399 4447 2511 4492 tres
2549 4433 2703 4504 pueri
2741 4433 2796 4486 in
2846 4429 3067 4485 camino
3098 4427 3269 4481 Deum
3323 4425 3586 4494 propitia-

285 4595 288 4598 μ
311 4513 484 4628 ῆξξιίι.
509 4513 622 4608 li
637 4513 886 4606 23.93.
909 4513 1298 4614 eamth
1326 4541 1355 4592 ὁ
1372 4537 1493 4591 Ἰὼϐ
1517 4539 1574 4590 ὲν
1590 4513 1656 4606 τῇ
1675 4513 1891 4604 κοπρίᾳ,

2008 4541 2170 4598 ι·ιιιιι;
2220 4527 2322 4584 Job
2367 4526 2423 4580 in
2469 4521 2816 4592 sterquilinio
2857 4518 3027 4573 Deum
3068 4515 3240 4582 vidit;
3275 4513 3489 4584 Moyses
3533 4513 3588 4566 in

2130 4626 2138 4628 -
2288 4621 2300 4628 .
2351 4619 2382 4628 η
2427 4619 2439 4628 .
2502 4615 2537 4628 Α
2708 4612 2747 4628 Λ
2799 4611 2847 4628 -ι
2910 4609 2922 4628 Ι
2983 4603 3587 4628 ,,,-.1___--m0l_._-

325 4624 428 4701 καὶ
458 4644 547 4698 τὸν
571 4642 703 4697 Θεὸν
727 4640 971 4712 ἑώρακεν
996 4653 1010 4667 ·
1045 4637 1074 4688 ὁ
1103 4632 1343 4701 Μωῦσῆς
1381 4628 1472 4682 ἐπὶ
1498 4629 1593 4696 τῆς
1613 4624 1906 4692 θαλάσσης,

329 4738 431 4792 καὶ
464 4736 648 4803 ἔλεγεν
669 4731 818 4802 αὐτῷ
841 4733 869 4784 ὁ
901 4729 1033 4792 Θεός
1052 4742 1066 4755 ·
1091 4725 1156 4779 Τί
1184 4723 1311 4795 βοᾷς
1350 4720 1486 4791 πρός
1517 4732 1618 4789 ita;
1650 4719 1678 4770 ὁ
1703 4714 1908 4788 λῃστὴς

320 4830 389 4882 ἐν
428 4825 509 4898 τῷ
537 4802 780 4893 σταυρῷ,
815 4820 912 4874 καὶ
933 4817 1028 4871 τὸν
1067 4812 1397 4886 παράδεισον
1429 4807 1659 4880 ἦνοιξεν.
1696 4802 1908 4859 Οὐκοῦν

316 4920 422 4976 καὶ
449 4897 517 4974 σὺ
540 4919 673 4972 ὅπου
703 4914 772 4969 ἂν
803 4911 892 4987 ᾗς,
929 4909 1097 4981 εὔχου
1136 4909 1194 4963 ὲν
1231 4903 1463 4974 καθαρῷ
1491 4899 1776 4964 συνειδότι,
1813 4897 1909 4950 καὶ

316 5016 350 5068 ὁ
388 5011 526 5074 Θεὸς
564 5006 774 5064 ἀκούει.
802 5005 977 5060 Αὐτοῦ
1004 5003 1112 5074 γὰρ
1129 5002 1165 5072 ἡ
1188 5001 1282 5072 γῆ,
1317 4999 1411 5052 καὶ
1435 4996 1498 5050 τὸ
1519 4994 1790 5066 πλήρωμα
1815 4990 1911 5045 αὐ-

287 5107 446 5176 τῆς.

1015 5211 1226 5264 "ALIO.

398 5301 517 5373 Οὐχ
537 5305 567 5358 ὁ
590 5302 754 5363 τόπος
785 5299 884 5371 τὴν
917 5297 1120 5368 ἀρετὴν
1136 5334 1151 5361 ,
1175 5292 1292 5348 ἀλλ’
1327 5293 1362 5363 ἡ
1388 5288 1560 5361 ἀρετὴ
1586 5285 1802 5356 πέφυκε
1818 5282 1910 5336 τὸν

312 5394 493 5448 τάπον
519 5411 576 5448 σε
585 5393 826 5465 μνύνειν.

396 5575 448 5611 ¹¹⁰
474 5574 647 5632 Exod.
677 5591 789 5644 xiv,
823 5575 910 5630 15.
990 5572 1030 5603 ⁷³
1070 5571 1212 5626 Psal.
1261 5584 1422 5634 xxiii,
1451 5569 1498 5623 ι.

2006 4626 2142 4683 mari
2169 4664 2184 4690 ,
2215 4621 2304 4678 cui
2332 4619 2468 4675 dixit
2499 4615 2643 4670 Deus
2668 4630 2682 4666 :
2703 4611 2847 4678 Quid
2874 4609 3075 4664 clamas
3108 4607 3176 4662 ad
3208 4624 3286 4660 me
3311 4605 3397 4658 7°?
3424 4603 3591 4659 Latro

2005 4720 2060 4774 in
2109 4728 2274 4771 cruce
2323 4708 2636 4781 paradisum
2698 4703 2931 4774 aperuit.
2990 4700 3131 4772 Ergo
3189 4698 3350 4768 252
3410 4706 3467 4751 et
3533 4705 3590 4750 tu

2006 4809 2320 4876 ubicunque
2375 4802 2586 4868 fueris,
2652 4798 2706 4852 in
2757 4811 2892 4867 pura
2944 4794 3281 4850 conscientia
3331 4805 3592 4862 precare,

2007 4911 2061 4958 et
2092 4901 2236 4956 Deus
2263 4898 2435 4954 audit.
2486 4895 2664 4966 ipsius
2700 4893 2846 4949 enim
2891 4897 2976 4946 est
3022 4900 3166 4946 terra
3212 4896 3267 4944 et
3314 4885 3594 4957 plenitudo

2015 4995 2137 5065 ejus
2171 4995 2241 5047 τι.

2709 5181 2894 5235 Aliud.

2087 5279 2205 5335 Non
2241 5278 2390 5333 locus
2417 5275 2606 5331 virtuti
2650 5314 2666 5340 ,
2711 5273 2807 5329 sed
2834 5273 3008 5328 virtus
3039 5272 3160 5326 loco
3193 5270 3330 5326 solet
3363 5281 3591 5322 venera-

2020 5373 2225 5427 tionem
2257 5367 2570 5425 conciliare.

317 5784 322 5790 .
400 5734 482 5803 la)
516 5732 652 5791 Vide
680 5733 904 5806 Agnetis
941 5732 1134 5804 imper.
1165 5727 1520 5801 quaestionem
1543 5723 1683 5795 apud
1737 5721 2094 5788 Damianum;
2134 5718 2190 5774 S.
2239 5715 2393 5772 Pauli
2438 5711 2755 5784 Epistolam,
2809 5707 2861 5760 in
2915 5701 3055 5759 omni
3085 5699 3202 5754 loco
3232 5681 3396 5769 puros
3428 5694 3600 5750 lcvure

324 5820 520 5863 manus
