4042 6464
540 431 644 496 92Ί
1804 431 1866 493 S.
1888 426 2211 496 JOANNIS
2246 430 2553 495 CLIMACI
2579 444 2592 461 ’
3715 419 3829 486 923

538 542 857 614 impellunt:
926 542 1220 612 voluptatis
1274 556 1448 631 amor,
1508 557 1604 597 seu
1661 543 1770 597 vita
1827 547 2131 616 luxuriosa,

2251 542 2544 617 φιληδονία,
2585 537 2883 606 κενοδοξία,
2912 539 3008 592 καὶ
3053 539 3281 593 ἀπιστια
3307 553 3324 569 ο
3359 534 3727 610 χαλεπωτέρα
3761 533 3825 590 δὲ

541 634 723 690 inanis
756 633 941 704 Elorize
976 636 1242 700 studium,
1275 643 1330 689 et
1394 635 1685 691 infidelitas
1736 637 2122 707 [incredulitas

2251 634 2342 688 ςῶν
2375 632 2489 696 δύο,
2523 633 2556 703 ἡ
2589 631 2838 685 ἀπιστία.

538 725 622 780 vel
653 723 994 798 diﬁidentia],
1036 741 1158 797 quae
1188 736 1461 797 postrema
1510 734 1593 784 est
1634 729 1878 785 omnium
1916 732 2131 805 gravis-
2672 729 2678 735 ’

541 832 707 873 snna.

1107 887 1270 943 Aliud
1301 890 1562 959 ejusdem.

2738 872 2931 927 ’Άλλο
2979 870 3086 926 τοῦ
3130 869 3344 927 αὑτοῦ.

612 981 860 1048 Quatuor
908 991 1033 1037 sunt
1066 982 1353 1037 hominum
1385 999 1584 1056 genera
1621 985 1883 1055 pecunias
1937 984 2134 1041 sitien-

2304 963 2586 1036 Τέσσαρές
2624 965 2767 1018 εἰσιν
2819 965 2871 1018 οί
2918 963 3365 1036 περιποιούμενοι
3425 964 3734 1072 χρήματα;
3777 963 3831 1017 οι

543 1077 678 1130 tium
707 1094 720 1130 :
753 1076 987 1145 primum
1020 1075 1122 1129 tria
1152 1074 1240 1129 illa
1268 1054 1583 1146 jam—modo
1618 1054 1907 1148 explicata,
1931 1076 2132 1148 quibus

2251 1055 2625 1127 προειρημένοι
2644 1059 2815 1127 τρεῖς,
2838 1057 2935 1110 καὶ
2952 1057 2982 1110 ό
3006 1056 3369 1127 οίκονομικός·
3396 1056 3560 1126 μόνος
3590 1054 3650 1108 δὲ
3674 1054 3829 1120 οὗτος

543 1168 753 1224 accedit
787 1176 1045 1238 quartum
1083 1168 1253 1238 patris
1303 1169 1548 1235 familiae,
1589 1146 1704 1240 qui
1723 1171 1875 1226 solus
1903 1146 2053 1225 rccte
2078 1179 2135 1225 et

2251 1148 2480 1219 ἱηλονότι
2504 1146 2684 1220 ὀρθῶς
2718 1149 3109 1237 περιποιεῖται,
3147 1147 3237 1202 ἴνα
3264 1146 3483 1218 ἑκάστῳ
3503 1146 3608 1218 τὴν
3634 1146 3828 1218 κρείαν

543 1261 736 1316 ordine
761 1236 854 1314 dat
877 1236 1099 1330 operam
1142 1262 1390 1330 pecuniis
1425 1236 1797 1333 acquirendis,
1833 1271 1892 1317 ut
1951 1263 2138 1317 omni-

2251 1237 2519 1310 παρέχων,
2558 1237 2635 1310 μὴ
2659 1236 2900 1292 διαλίποι
2927 1238 3077 1292 ποτέ.

544 1354 648 1407 bus
704 1352 1013 1409 necessaria
1061 1352 1345 1423 largiatur,
1403 1369 1471 1409 ne
1500 1355 1797 1425 aliquando
1851 1354 1984 1425 quid
2036 1358 2137 1411 deo

547 1445 714 1501 “om
960 1515 1122 1569 Aliud
1156 1513 1384 1570 Joannis
1422 1508 1720 1586 Carpathii.

619 1605 710 1662 Est
743 1605 834 1676 qui
863 1605 985 1675 plus
1031 1606 1290 1675 possidet.
1333 1622 1499 1677 quam
1553 1609 1764 1678 privata
1834 1608 2138 1664 necessitas

2577 1530 2761 1584 Ἄλλο
2811 1529 3093 1585 Ἰωάννου
3116 1530 3481 1599 Καρπαθιου.

2314 1617 2502 1672 Ἔστιν
2532 1618 2681 1682 ὅστις
2732 1619 2917 1672 πλεῖον
2951 1620 3053 1690 τῆς
3092 1620 3228 1684 ιδίας
3272 1620 3463 1691 χρείας
3509 1619 3833 1691 κέκτηται,

547 1698 735 1769 exigit,
771 1706 828 1752 ut
852 1698 976 1752 aliis
1006 1712 1331 1753 succurrere
1355 1700 1548 1769 possit,
1577 1716 1687 1756 non
1720 1702 1793 1757 ob
1818 1700 2131 1772 possidendi

2251 1709 2339 1781 ιῆς
2361 1710 2566 1783 ἑτέρων
2599 1710 2896 1784 θεραπείας
2924 1714 3133 1780 ἕνεκεν,
3179 1716 3294 1771 ἀλλ’
3338 1718 3441 1788 ούχ
3480 1717 3651 1789 ἡδονῇ
3706 1719 3831 1788 κτή-

548 1789 827 1846 libidinem
881 1786 1013 1860 [non
1078 1789 1222 1858 quod
1278 1790 1351 1845 sit
1402 1806 1559 1846 amor
1612 1791 1827 1864 opum].
1876 1792 2141 1859 Quamvis

2243 1819 2415 1868 σεως·
2454 1806 2504 1858 εί
2534 1804 2642 1876 γὰρ
2669 1807 2765 1860 καὶ
2801 1806 2949 1861 δοκεῖ
2996 1807 3099 1878 τῆς
3168 1807 3367 1862 ἑαυτοῦ
3422 1808 3619 1880 χρείας
3668 1808 3829 1863 πλέον

547 1884 696 1937 enim
732 1883 977 1937 videatur
1028 1883 1148 1952 plus
1178 1883 1459 1952 possidere
1508 1900 1672 1956 quam
1703 1901 1839 1941 usus
1878 1886 2137 1957 proprius

2251 1894 2578 1960 κεκτῆσθαι,
2635 1896 2749 1950 ἀλλ’
2779 1899 2839 1952 ού
2894 1898 3077 1953 πλεῖον
3117 1898 3415 1971 κέκτηται,
3462 1901 3590 1953 ἐπεὶ
3642 1900 3830 1973 χρείαν

547 1974 749 2045 exigat,
778 1989 884 2028 non
911 1974 1034 2044 plus
1087 1983 1267 2030 tamen
1315 1977 1737 2051 possidet,quia
1759 1977 2026 2032 auxilium
2059 1978 2141 2033 alo

549 2067 719 2121 terius
745 2080 840 2120 seu
876 2066 1258 2146 liberalitatem
1292 2069 1345 2123 in
1379 2069 1535 2137 alios,
1566 2069 1950 2140 interpretatur
1980 2084 2136 2125 suam

554 2159 964 2216 necessitatem.

1138 2229 1197 2285 S.
1227 2229 1458 2285 Maximi
1487 2231 1541 2286 4.

619 2324 692 2380 Ut
721 2339 870 2379 mors
921 2333 976 2378 ct
1007 2325 1116 2378 vita
1157 2324 1325 2380 simul
1373 2325 1427 2379 in
1456 2326 1647 2380 eodem
1694 2325 1943 2397 subjecto
1964 2325 2132 2396 recipi

546 2431 656 2471 non
689 2426 937 2486 possunt,
975 2417 1050 2471 ita
1082 2418 1324 2472 cliaritas
1363 2417 1528 2473 simul
1560 2433 1684 2473 cum
1732 2419 1978 2488 pecuniis
2000 2434 2133 2473 con-

545 2508 740 2564 sistere
781 2509 932 2563 nullo
964 2510 1126 2564 modo
1159 2519 1356 2580 pntest.
1408 2509 1664 2565 Charitas
1694 2510 1845 2565 enim
1874 2525 1984 2565 non
2036 2525 2131 2567 so-

547 2601 661 2656 lum
693 2601 833 2656 tollit
857 2616 1102 2658 amorem
1144 2602 1411 2673 pecuniae,
1447 2603 1541 2658 sed
1592 2603 1757 2659 etiam
1805 2612 2131 2674 prasentem

545 2694 768 2777 exponit
800 2694 991 2749 vitam.

938 2945 1105 3018 256
1134 2944 1418 3002 GRADUS
1456 2944 1617 3000 XVII.
1637 2946 1716 3016 (a)

794 3041 868 3096 De
901 3050 1212 3111 paupertate
1236 3040 1306 3094 ad
1332 3041 1519 3094 οωιαιη
1550 3051 1890 3110 properante.

618 3133 892 3205 Beligiosa
909 3142 1201 3203 paupertas
1228 3141 1314 3188 est
1338 3148 1598 3188 curarum
1633 3133 1932 3201 abdicatio,
1963 3133 2135 3190 libera

549 3228 756 3284 acuris
801 3226 949 3292 vitae,
1009 3225 1208 3280 viatrix
1251 3224 1528 3295 expedita,
1581 3225 1893 3282 observatio
1932 3242 2138 3297 prlece-

550 3331 792 3394 ptorum,
816 3320 886 3374 ab
905 3319 1056 3374 omni
1087 3318 1338 3373 molestia
1369 3319 1576 3374 aliena.
1610 3317 1823 3390 Pauper
1850 3319 2139 3391 religiosus

549 3422 639 3469 est
669 3411 933 3469 dominus
962 3411 1178 3476 mundi,
1211 3410 1307 3481 qui
1349 3425 1541 3466 omnes
1617 3426 1783 3468 curas
1840 3412 2034 3484 rejecit
2083 3414 2139 3469 in

552 3506 750 3570 Deum.
781 3506 985 3576 quique
1007 3519 1103 3575 per
1128 3503 1289 3558 [idem
1311 3518 1508 3559 omnes
1536 3519 1670 3561 suos
1725 3503 1888 3561 edicit
1927 3520 2139 3562 servos.

552 3596 660 3653 Ubi
692 3612 750 3652 re
779 3596 959 3667 aliqua
985 3595 1180 3666 egebit,
1239 3595 1518 3664 querelam
1562 3610 1673 3650 non
1719 3597 1951 3666 deponet
2001 3596 2144 3668 apud

553 3690 853 3745 hominem.
902 3688 1035 3755 Quae
1083 3702 1210 3743 vero
1242 3685 1322 3743 illi
1391 3687 1728 3756 praebentur,
1795 3699 2054 3760 tanquam
2114 3705 2147 3745 e

553 3798 721 3838 manu
756 3782 968 3838 Domini
1004 3782 1248 3853 recipiet.
1281 3781 1506 3853 Pauper
1534 3783 1829 3855 religiosus
1889 3785 2145 3840 alumnus

552 3883 638 3931 est
676 3875 1094 3946 tranquillitatis
1122 3874 1314 3943 animi,
1349 3876 1419 3931 ab
1448 3876 1599 3932 etnni
1628 3875 1828 3932 aﬂ‘ectu
1861 3876 2021 3945 liber,
2048 3876 2145 3948 qui

552 3978 664 4019 non
692 3965 866 4035 magis
920 3971 1077 4020 curat
1103 3963 1416 4033 praesentia,
1451 3979 1617 4033 quam
1647 3965 1914 4030 absentia,
1948 3975 2045 4020 aut
2079 3980 2145 4021 ea

552 4069 678 4124 quae
705 4053 930 4109 omnino
960 4068 1067 4109 non
1101 4063 1250 4117 sunt,
1304 4052 1655 4132 solitudinem
1686 4053 1969 4122 ingressus
2021 4069 2144 4109 om—

552 4148 644 4202 nia
677 4146 1032 4202 arbitrabitur
1066 4156 1126 4200 ut
1163 4155 1412 4201 stercora
1444 4146 1533 4199 7‘:
1589 4148 1737 4216 quod
1785 4147 1833 4201 si
1887 4148 2143 4215 quapiam

552 4251 614 4292 re
645 4236 894 4309 indigens
919 4237 1121 4304 doleat,
1153 4236 1397 4292 nondum
1425 4248 1510 4292 est
1538 4251 1764 4307 pauper.
1815 4235 1912 4292 Vir
1939 4250 2146 4308 pauper

553 4344 720 4399 puras
771 4328 883 4383 Deo
927 4344 1116 4399 preces
1164 4329 1384 4384 sternit.
1441 4329 1657 4385 Avarus
1708 4329 2004 4385 simulacra
2060 4344 2147 4385 re-

552 4435 677 4474 rum
710 4419 765 4473 in
800 4421 1048 4474 oratione
1079 4420 1277 4490 qumrit
1319 4421 1424 4491 (ό).
1466 4419 1572 4486 Qui
1623 4419 1726 4475 sub
1751 4420 1977 4476 alterius
2037 4421 2145 4475 im~

2238 1984 2456 2053 ἡγεῖται
2489 1983 2629 2038 ίδίαν
2648 1983 2749 2055 τὴν
2782 1984 2987 2058 ἑτέρων
3012 1987 3327 2060 θεραπείαν.

2491 2247 2755 2317 Σχόλιον
2798 2245 2906 2301 τοῦ
2957 2248 3132 2318 ἁγίου
3165 2246 3443 2317 Μαξίμου
3481 2244 3556 2309 δῖ

2324 2340 2413 2404 ’ος
2433 2338 2580 2411 ζωὴν
2607 2341 2703 2394 καὶ
2736 2339 2968 2394 θάνατον
2987 2341 3112 2408 ἀμα
3134 2339 3410 2411 συμϐῆναι
3440 2341 3501 2393 ὲν
3521 2338 3711 2409 ταυτῷ
3732 2338 3837 2393 τῶν

2237 2428 2339 2483 οὐκ
2369 2428 2734 2499 ἐνδεχομένων
2752 2429 2902 2481 ἐστὶν
2922 2468 2937 2494 ,
2976 2426 3153 2492 οὕτως
3179 2428 3404 2499 ἀγάπην
3434 2428 3687 2500 χρήμασι
3716 2443 3834 2480 συν-

2240 2514 2479 2586 υπάρξαι
2537 2514 2647 2570 τῶν
2701 2515 2980 2571 ἀδυνάτων
3029 2515 3198 2570 ἐστίν.
3240 2514 3588 2586 ’Δναιρετικὴ
3623 2515 3738 2586 γὰρ
3777 2515 3831 2566 ού

2244 2607 2405 2678 μόνον
2438 2609 2738 2679 χρημάτων
2784 2609 2817 2678 ἠ
2870 2608 3083 2685 ἀγάπη,
3137 2607 3276 2663 ἀλλά
3326 2610 3421 2663 καὶ
3466 2607 3642 2679 αὐτῆς
3683 2607 3835 2679 ἡμῶν
3873 2672 3887 2687 ο

2251 2699 2351 2769 τῆς
2374 2699 2711 2773 προσκαίρου
2740 2698 2908 2773 ζωῆς.

2845 2954 3065 3011 ΛΟΓΟΣ
3117 2957 3196 3010 ῙΖ’
3207 2994 3223 3009 .

2369 3047 2511 3115 Περι
2538 3046 2969 3116 ἁκτημοσύνης
3007 3044 3145 3119 [τῆς
3173 3047 3675 3122 eripui-06mm}.

2326 3137 2707 3210 ’Δκτημοσύνη
2751 3138 2871 3191 ἐστὶ
2908 3138 3208 3209 φροντίδων
3239 3138 3503 3205 ἀπόθεσις
3547 3140 3629 3212 (ί)
3648 3181 3664 3207 ,
3702 3142 3836 3213 ἀμι-

2248 3228 2437 3302 ριμνία
2467 3230 2605 3301 βίου,
2626 3230 2907 3304 όδοιπόρος
2932 3230 3345 3301 ἀνεμπόδιστος,
3377 3233 3561 3298 πίστις
3586 3234 3835 3298 ἐντολῶν,

2244 3318 2422 3388 λύπης
2458 3318 2739 3401 ἀλλότριος
2765 3335 2778 3350 ’
2816 3321 3082 3392 ἀκτήμων
3124 3321 3359 3392 μοναχδς
3408 3320 3686 3396 δεσπότης
3747 3325 3839 3380 διό⁸

2247 3423 2408 3478 σμου,
2430 3405 2511 3479 τῷ
2531 3406 2651 3479 Θεῷ
2664 3408 2768 3479 τὴν
2792 3407 3051 3479 φροντίδα
3071 3408 3366 3477 πιστεύων,
3384 3410 3483 3464 καὶ
3495 3410 3586 3465 διά
3601 3413 3840 3478 πίστεως

2246 3500 2456 3564 πάντας
2479 3500 2700 3565 δούλους
2735 3500 3103 3573 κεκτημένος·
3132 3501 3232 3557 οὐκ
3264 3503 3381 3575 ἐρεῖ
3401 3502 3681 3576 ἀνθρώπῳ
3714 3507 3843 3577 περὶ

2245 3588 2451 3664 χρείας-⁸
2472 3591 2636 3647 αὐτοῦ
2662 3611 2675 3624 ·
2722 3595 2791 3647 τά
2827 3593 2886 3648 δὲ
2916 3593 3191 3665 ἐρχόμενα
3219 3592 3299 3658 ’ὡς
3325 3595 3391 3648 ἐκ
3419 3596 3603 3667 χειρὸς
3628 3597 3841 3668 Κυρίου

2244 3683 2477 3750 δέξεται.
2526 3684 2817 3755 Ἀκτήμων
2850 3686 3111 3758 ἐργάτης,
3140 3685 3553 3758 ἀπροσπαθείας
3585 3686 3706 3750 υἱὸς
3728 3729 3746 3751 ,
3778 3689 3844 3742 τὰ

2247 3776 2524 3848 προσόντα
2556 3776 2708 3849 αύτῷ
2743 3778 2819 3843 ὡς
2856 3778 2932 3851 μὴ
2954 3777 3085 3851 ὄντα
3129 3778 3502 3851 λογιζόμενος,
3545 3780 3843 3853 ἀναχωρή-

2249 3885 2388 3933 σεως
2408 3868 2826 3941 καταλαϐούσης
2852 3870 3102 3943 ἡγήσατο
3133 3870 3312 3925 πάντα
3346 3870 3594 3926 σκύϐαλα
3668 3873 3739 3927 Εί
3788 3874 3841 3926 δὲ

2242 3959 2495 4016 λυπεῖται
2518 3958 2576 4014 ἐν
2614 3977 2740 4027 τινι,
2776 3959 2930 4016 οὔπω
2956 3963 3219 4036 ἀκτήμων
3251 3963 3500 4033 γέγονεν.
3545 3963 3842 4036 Ἀκτήμων

2246 4053 2387 4125 ἀνὴρ
2418 4053 2477 4105 ὲν
2503 4056 2780 4125 προσευχῇ
2804 4053 3049 4127 καθαρὸς
3065 4093 3079 4119 ,
3100 4055 3128 4107 ὁ
3154 4054 3210 4108 δὲ
3234 4055 3591 4128 φιλοκτήμων
3624 4056 3843 4121 εἰκόνας

2246 4144 2383 4217 ὕλης
2405 4145 2800 4217 προσεύχεται·
2831 4147 2881 4200 οἱ
2926 4148 2984 4200 ὲν
3019 4149 3268 4219 ὑποταγῇ
3300 4148 3698 4220 διατρίϐοντες,
3752 4168 3841 4220 φι-

2245 4236 2550 4310 λαργυρίας
2586 4237 2860 4309 ἀλλότριοι
2890 4253 2906 4269 ο
2952 4239 3086 4293 ὅπου
3134 4240 3246 4311 γὰρ
3279 4241 3375 4293 καὶ
3420 4240 3482 4293 τὸ
3526 4240 3690 4311 σῶμα
3724 4241 3841 4308 ἑξέ-

2244 4327 2446 4395 δωκαν,
2475 4328 2529 4382 τί
2556 4327 2742 4382 λοιπὸν
2776 4327 3040 4400 κέκτηται
3070 4329 3236 4395 ῐδιον;
3274 4330 3375 4384 Ἓν
3397 4333 3447 4385 οἱ
3477 4332 3713 4386 τοιοῦτοι
3738 4333 3845 4385 ἄδι·

2246 4421 2460 4476 κεῖσθαι
2498 4419 2830 4491 πεφύκασιν,
2858 4422 2938 4484 εἰς
2975 4420 3274 4490 μετάϐασιν
3298 4422 3546 4493 εὐχερεῖς
3573 4425 3668 4477 καὶ
3700 4422 3843 4476 ἐτοι-

556 4511 708 4581 perio
740 4511 947 4575 vivunt,
981 4511 1050 4566 ab
1116 4514 1267 4566 omni
1320 4515 1566 4582 pecuniae
1623 4512 1925 4582 cupiditate
1978 4513 2141 4568 alieni

2251 4530 2341 4583 μοι
2397 4513 2758 4582 ὑπάρχοντες.
2814 4507 2969 4566 Εἶδον
3002 4510 3136 4583 ὓλην
3174 4513 3454 4585 ὑπομονὴν
3490 4516 3755 4586 μοναχοῖς
3789 4516 3844 4567 ὲν

555 4611 723 4670 sunt;
754 4618 880 4658 cum
903 4604 1050 4658 enim
1078 4606 1241 4659 etiam
1269 4618 1473 4675 corpus
1518 4620 1681 4659 suum
1715 4605 2139 4676 emanciparint,

2251 4606 2395 4676 τόπῳ
2425 4607 2791 4677 γεννήσασαν.
2849 4605 3105 4660 Ἐκείνων
3151 4605 3213 4660 δὲ
3261 4603 3378 4675 ἐγὼ
3424 4608 3555 4671 τοὺς
3601 4607 3693 4661 διὰ
3732 4606 3847 4660 Κύο

555 4696 686 4765 quid
720 4697 978 4766 deinceps
1023 4698 1303 4769 proprium
1370 4698 1725 4769 possideant?
1780 4696 1904 4753 Uno
1963 4708 2141 4754 tamen

2252 4714 2368 4767 ριον
2426 4694 2822 4767 πελαζομὲνοις
2885 4696 3050 4751 πλέον
3112 4699 3451 4769 ὲμακάρισα.
3525 4700 3583 4754 '0
3634 4701 3845 4769 γευσά-

555 4787 903 4845 incommodo
934 4790 1201 4855 laborant,
1235 4791 1380 4860 quod
1419 4792 1604 4848 faciles
1647 4804 1702 4847 et
1727 4806 1944 4862 semper
1967 4794 2141 4864 parati

2251 4803 2411 4856 μενος
2451 4786 2562 4840 τῶν
2594 4787 2730 4852 ἀνω,
2773 4787 3018 4861 εὐχερῶς
3071 4792 3409 4861 καταφρονεί
3467 4790 3579 4844 τῶν
3640 4791 3845 4845 κάτωλ

555 4881 668 4936 sint
693 4881 760 4935 ad
788 4883 1206 4953 permutandum
1245 4884 1450 4940 locum.
1500 4882 1622 4940 Vidi
1655 4886 1857 4954 quibus
1884 4901 1973 4942 res
1990 4894 2141 4957 parta

2251 4882 2364 4938 όδὲ
2410 4884 2638 4939 ἐκείνων
2690 4884 2981 4954 ἄγευστος,
3037 4887 3132 4939 ἐπὶ
3195 4887 3475 4957 κτήμασιν
3517 4887 3845 4956 ἀγάλλεται.

536 4982 619 5028 ·υι
652 4974 850 5031 inloco
877 4985 1290 5046 perseverarent
1328 4976 1647 5048 adiumento
1712 4977 1838 5042 fuit,
1890 4980 1986 5034 sed
2036 4978 2146 5035 illis

554 5067 825 5124 beatiores
855 5068 1093 5138 iudicavi
1134 5077 1357 5139 propter
1382 5066 1676 5124 Dominum
1709 5070 1765 5124 in
1799 5070 1922 5125 loco
1957 5084 2147 5140 perse-

554 5169 828 5216 verantes.
856 5160 960 5227 Qui
990 5160 1235 5216 caelestia
1270 5161 1605 5231 degustarit,
1660 5159 1852 5217 faciles
1896 5169 2145 5216 contem-

556 5252 638 5306 nit
666 5260 899 5307 terrena.
928 5251 1029 5319 Qui
1060 5265 1190 5307 vero
1226 5266 1412 5308 rerum
1436 5250 1740 5308 cmlestium
1781 5263 2000 5324 gustum
2025 5252 2147 5307 nul-

558 5342 669 5397 lum
697 5351 782 5400 est
802 5354 1082 5414 expertus,
1123 5344 1322 5415 opibus
1352 5345 1609 5401 humanis
1640 5345 1957 5403 delectatur.
1983 5345 2145 5418 257

561 5426 770 5503 Pauper
801 5431 920 5488 sine
962 5431 1173 5501 judicio
1209 5432 1264 5488 in
1290 5431 1400 5488 duo
1448 5432 1593 5488 mala
1637 5432 1831 5490 incidit
1864 5451 2146 5506 :piaescn-

629 5604 679 5640 ⁷⁸
715 5605 952 5679 Philipp.
984 5624 1070 5676 ιιι,
1088 5609 1139 5663 8.

631 5721 712 5797 _(a)
770 5723 1076 5797 Camaldul.
1120 5743 1249 5797 non
1299 5727 1584 5797 distinguit
1640 5727 1787 5783 hunc
1830 5725 2057 5797 gradum
2107 5744 2137 5782 a

564 5789 765 5915 priore,
828 5796 923 5851 sed
964 5796 1299 5853 membranae
1349 5808 1403 5854 et
1440 5789 1641 5856 cluat-tte
1708 5789 1898 5853 onmés
1954 5813 2136 5854 secer-

588 5875 676 5913 tUll
706 5900 720 5914 .

588 5875 720 5914 ιυιῖῑ.

2249 4976 2478 5047 Ἀλογος
2526 4978 2791 5049 ἀκτήμων
2844 4978 2938 5033 δύο
2989 4977 3256 5035 ἀδικεῖται
3293 4997 3308 5011 ⁸
3379 4981 3492 5036 τῶν
3552 4981 3849 5052 παρόντων

2248 5069 2607 5140 ἀπεχόμενος,
2629 5071 2723 5122 καὶ
2744 5069 2853 5123 τῶν
2886 5070 3193 5139 μελλόντων
3221 5070 3605 5142 στερούμενος.
3633 5070 3733 5143 Μὴ
3755 5066 3849 5125 οὖν

2251 5158 2532 5231 φανῶμεν,
2568 5153 2613 5213 ὦ
2647 5162 2895 5231 μοναχοὶ,
2920 5161 3032 5215 τῶν
3063 5163 3327 5215 πετεινῶν
3355 5163 3707 5235 ἀπιστότεροι
3742 5162 3846 5233 (2).

2252 5252 2327 5306 Ού
2357 5250 2469 5323 γὰρ
2504 5250 2866 5323 μεριμνῶσιν,
2897 5253 3018 5306 οὐδὲ
3046 5254 3373 5323 συνάγουσιν
3398 5270 3414 5287 ο
3467 5255 3639 5326 μέγας
3669 5253 3791 5324 γάρ
3823 5257 3850 5307 ό

2252 5341 2646 5415 ἀποκτώμενος
2669 5343 2912 5409 εὐσεὸῶς
2932 5347 3045 5419 -χρή
3054 5363 3206 5416 ματα
3228 5362 3247 5377 '
3277 5346 3434 5417 ἅγιος
3455 5347 3513 5401 δὲ
3540 5350 3570 5401 ό
3590 5346 3849 5401 ἀποπετώ-

2257 5452 2418 5506 μενος
2440 5434 2502 5489 τὸ
2520 5434 2721 5489 ἑαυτοῦ
2746 5435 2980 5507 θέλημα.
3020 5438 3079 5490 '0
3117 5438 3219 5509 μὲν
3247 5437 3787 5492 ἑκατονταπλασίονα
3812 5438 3845 5508 ἢ

2331 5731 2408 5797 (ιι)
2432 5728 2487 5782 ld
2526 5738 2627 5797 est,
2661 5728 2815 5803 idola.
2856 5730 3098 5803 materiae
3154 5730 3368 5803 adorat,
3398 5733 3517 5787 sive
3569 5729 3837 5799 imagines

2251 5816 2434 5855 rerum
2462 5800 2849 5871 corporearunt
2888 5800 2993 5855 sibi
3022 5800 3373 5871 imaginatur.
3690 5832 3699 5849 δ

2321 5876 2398 5943 (α)
2421 5870 2744 5941 Stulte,quid
2763 5881 2840 5924 est
2855 5870 3281 5943 sonmus,gelidaz
3305 5871 3407 5928 nisi
3426 5874 3607 5927 mortis
3625 5872 3838 5941 imago?
