4042 6424
178 269 280 331 929

1182 273 1414 334 SCALA
1434 273 1817 335 PARADISI.
1867 299 1933 310 -·
1970 274 2280 336 GRADUS
2308 274 2493 336 XVII-

3363 271 3469 337 930

174 375 266 427 διὰ
292 375 618 444 χρημάτων,
644 375 676 447 ἢ
699 375 788 430 διὰ
812 377 1174 449 χαρισμάτων
1197 378 1429 450 λήψεται
1450 397 1463 410 ·
1497 381 1525 433 ὸ
1546 381 1602 434 δὲ
1629 382 1775 450 ζωὴν

1892 383 2030 438 libus
2062 398 2168 436 non
2203 382 2428 443 fruitur.
2461 383 2660 439 futuris
2685 382 2845 437 bonis
2873 382 3137 452 privatur.
3165 383 3468 441 Caveamus

173 465 401 518 αἰώνιον
433 466 837 540 κληρονομήσει
864 485 874 497 ·
919 469 1017 522 οὐκ
1047 469 1283 538 ἐκλείψει
1313 470 1535 541 κύματα
1570 471 1769 526 Θάλασ-

174 573 324 622 σαν,
372 557 495 610 οὐδὲ
562 557 902 629 φιλάργυρον
961 560 1100 630 ὀργὴ
1147 563 1240 614 καὶ
1286 561 1454 634 λύπη.
1505 564 1562 616 '0
1609 581 1777 617 κατα-

174 651 461 720 φρονήσας
492 648 643 720 ὕλης,
689 649 973 723 ὲλυτρώθη
1022 653 1388 721 δικαιολογίας
1429 656 1524 708 καὶ
1559 656 1776 710 ἀντιλο-

175 743 310 810 γίας
335 757 349 770 ⁸
402 745 431 796 ὁ
465 743 522 796 δὲ
552 743 905 814 φιλοκτήμων
951 745 1092 816 ὑπὲρ
1144 746 1368 816 ῥαφίδος
1405 746 1510 810 ἕως
1545 747 1776 802 θανάτου

177 833 491 888 πυκτεύει·
565 835 750 900 πίστις
804 836 1032 908 ἀκλινὴς
1085 837 1376 908 περικόψει
1442 839 1772 910 φροντίδας·

176 925 424 979 Θανάτου
455 925 511 979 δὲ
542 928 734 998 μνήμη
759 921 1087 997 ἁπαρνεῖται
1119 930 1214 982 καὶ
1244 929 1424 1000 σῶμα.
1463 931 1578 985 Οὐκ
1619 927 1686 1004 ἦν
1720 935 1777 986 ὲν

171 1017 266 1087 τῷ
306 1016 430 1070 ’1ὼό
459 1017 825 1088 φιλαργυρίας
860 1018 1004 1090 [χνος
1031 1037 1045 1052 ⁸
1083 1019 1164 1073 διὸ
1193 1023 1288 1074 καὶ
1315 1021 1622 1092 στερηθεὶς,
1650 1023 1778 1076 ἀθό-

175 1109 355 1180 ρυϐος
384 1109 585 1180 ἔμεινε.
632 1111 789 1175 Ῥίζα
821 1112 1038 1166 πάντων
1067 1112 1178 1166 τῶν
1208 1113 1396 1168 κακῶν
1423 1115 1540 1168 ἐστι
1567 1116 1664 1170 καὶ
1694 1115 1780 1168 λέ-

173 1218 346 1268 γεται
399 1204 434 1274 ἡ
485 1201 820 1273 φιλαργυρία
845 1219 860 1234 ο
923 1207 1078 1270 μῖσος
1121 1205 1251 1276 γὰρ,
1287 1205 1384 1260 καὶ
1418 1206 1648 1270 κλοπὰς,
1685 1207 1780 1261 καὶ

174 1293 443 1363 φθόνους,
474 1295 571 1347 καὶ
603 1295 941 1365 χωρισμοὺς,
973 1296 1068 1350 καὶ
1093 1295 1314 1368 ἔχθρας,
1349 1299 1445 1353 καὶ
1477 1299 1663 1362 ζάλας,
1688 1301 1781 1354 καὶ

176 1387 585 1456 μνησικακίας.
635 1387 734 1440 καὶ
783 1387 1196 1458 ἀσπλαγχνίας,
1249 1389 1346 1443 καὶ
1397 1391 1592 1458 φόνους
1639 1393 1780 1462 αὕτη

173 1480 436 1548 ἐποίησε,
471 1478 569 1531 Διά
603 1476 805 1550 μικροῦ
834 1464 1015 1550 πυρός’
1036 1497 1183 1545 τινες
1221 1481 1424 1554 πολλὴν
1449 1482 1583 1553 ὕλην
1615 1486 1778 1539 κατέ-

173 1586 422 1635 καυσαν,
455 1571 550 1621 καὶ
579 1569 669 1622 διὰ
705 1572 908 1640 μικρᾶς
936 1571 1138 1642 ἀρετῆς
1168 1573 1264 1626 ὅλα
1293 1574 1362 1628 τὰ
1388 1576 1652 1646 παρόντα,
1685 1577 1780 1630 καὶ

174 1661 255 1714 τὰ
284 1661 554 1731 εἰρημένα
579 1659 779 1728 ἔφυγον
811 1661 956 1732 πάθη
984 1678 997 1690 ·
1041 1660 1179 1733 αὕτη
1212 1665 1460 1719 καλεῖται
1487 1667 1776 1735 ἀπροσπά-

1877 475 2212 538 omonachi,
2249 491 2315 529 ne
2337 475 2558 531 alitibus
2616 475 2913 531 deteriores
2981 475 3282 544 videamur,
3349 493 3470 548 quae

1878 567 1968 637 (de
2025 567 2283 636 crastino)
2339 582 2447 622 non
2506 567 2757 622 sollicitae
2820 576 2969 628 sunt.
3013 583 3187 638 neque
3239 583 3469 640 congre-

1877 666 2026 728 gant.
2059 656 2288 727 Magnus
2319 666 2401 712 est
2432 657 2527 727 qui
2556 672 2616 712 se
2642 658 2891 727 pecuniis
2921 660 3037 713 suis
3067 659 3319 727 religiose
3369 661 3466 712 ab-

1877 749 2063 805 dicat:
2125 749 2217 803 sed
2251 748 2340 801 ille
2369 757 2594 802 sanctus
2646 760 2730 804 est
2763 751 2856 819 qui
2885 750 2954 804 de
2993 766 3107 805 suae
3165 752 3470 808 voluntatis

1870 840 1996 911 jure
2035 850 2232 911 sponte
2271 840 2503 896 decedit.
2541 839 2635 895 Ille
2668 842 2887 911 quidem
2951 843 3264 913 centuplum
3319 844 3471 898 acci-

1877 933 2009 1002 piet,
2041 934 2156 988 sive
2186 947 2282 1002 per
2309 933 2590 1002 pecunias,
2629 933 2742 987 sive
2773 949 2868 1002 per
2912 934 3155 990 coelestia
3207 936 3348 991 dona
3417 946 3472 991 et

1878 1023 2116 1094 gratias;
2155 1022 2246 1076 hic
2278 1037 2406 1077 vero
2443 1022 2607 1075 vitam
2644 1031 2903 1076 aeternam
2942 1024 3258 1093 possidebit.
3317 1024 3470 1080 Nun-

1878 1131 2043 1186 quam
2082 1115 2279 1170 ﬂuctus
2313 1115 2611 1169 destituent
2647 1130 2817 1176 mare,
2857 1106 3032 1184 neque
3071 1133 3312 1185 unquam
3339 1133 3469 1172 ava-

1880 1222 1976 1262 rus
2008 1207 2214 1261 carebit
2245 1205 2494 1260 molestia
2534 1215 2588 1258 et
2613 1206 2712 1258 ira.
2748 1205 2852 1270 Qui
2916 1221 3048 1276 opes
3115 1209 3466 1278 contempsit,

1879 1300 1948 1354 ab
1976 1299 2234 1355 omnibus
2265 1299 2453 1353 litibus
2482 1307 2538 1354 et
2567 1298 2962 1354 controversiis
3006 1315 3127 1354 sese
3173 1302 3467 1370 expedivit.

1879 1393 2009 1447 Auri
2038 1393 2368 1463 mancipium
2397 1408 2561 1462 super
2584 1408 2684 1447 acu
2717 1393 2784 1446 ad
2817 1407 3004 1447 necem
3039 1409 3214 1463 usque
3278 1396 3473 1449 decere

1874 1484 2034 1538 tabit.
2084 1483 2413 1539 Inconcussa
2445 1484 2577 1538 ﬁdes
2619 1483 2760 1538 tollit
2788 1498 2980 1539 omnes
3043 1499 3228 1540 curas.
3283 1484 3472 1540 Mortis

1877 1570 2160 1624 meditatio
2203 1570 2384 1638 ipsum
2439 1569 2673 1639 abnegat
2713 1584 2934 1638 corpus.
3001 1569 3219 1623 Nullum
3259 1569 3313 1623 in
3380 1586 3476 1639 pa.

1882 1662 2047 1716 tiente
2078 1660 2181 1714 Job
2211 1661 2500 1730 vestigium
2555 1659 2660 1714 fuit
2712 1661 2998 1726 avaritiae,
3069 1659 3214 1715 unde
3271 1659 3472 1716 factum

179 1752 332 1806 Θεια.
384 1752 602 1822 Ταύτην
633 1753 688 1805 δὲ
722 1752 879 1806 ἔτεκε
931 1757 1094 1826 πεῖρα
1138 1757 1233 1810 καὶ
1285 1756 1476 1826 γεῦσις
1520 1761 1777 1828 γνώσεως

1892 1761 1963 1808 est
2026 1759 2084 1806 ut
2134 1751 2389 1806 omnibus
2457 1752 2614 1806 bonis
2682 1750 2926 1807 funditus
2992 1768 3238 1817 eversus,
3294 1761 3474 1807 tamen

178 1842 351 1909 Θεοῦ,
387 1844 485 1896 καί
530 1844 754 1914 φροντὶς
795 1845 1093 1915 ἀπολογίας
1123 1847 1326 1914 ἐξόδου.
1363 1851 1477 1903 Οὐκ
1515 1851 1780 1922 ἠγνόηται

183 1937 294 2008 μὲν
319 1935 402 2007 τῷ
428 1935 566 2006 μετὰ
590 1938 866 2008 προσοχῆς
891 1939 1222 2008 ἀνεγνωκότι
1251 1940 1433 2014 πάσης
1453 1941 1556 2013 τῆς
1581 1960 1780 2016 μητρο-

191 2029 374 2083 κάκου
400 2030 602 2099 ὀλόγος
623 2031 719 2102 (5).
747 2031 887 2101 Φησὶ
917 2031 1026 2102 γὰρ
1061 2032 1120 2085 ἐν
1151 2035 1218 2104 τῇ
1248 2035 1460 2105 πονηρᾷ
1491 2035 1661 2106 αὐτῆς
1685 2037 1781 2090 καὶ

197 2121 474 2192 ἒπαράτῳ
494 2122 818 2193 τεκνογονίᾳ,
839 2121 1090 2194 δεύτερον
1120 2125 1291 2197 αὐτῆς
1320 2122 1459 2179 εἶναι
1493 2127 1778 2196 ἀπόγονον,

197 2213 294 2265 τὸν
323 2211 676 2282 ἀναισθησίας
703 2212 847 2268 λίθον
875 2230 889 2244 ·
937 2212 1216 2268 κεκώλυκε
1248 2216 1304 2269 δέ
1339 2235 1407 2286 με
1447 2217 1544 2290 τὴν
1576 2219 1783 2275 οἰκείαν

193 2304 352 2374 αὐτῷ
381 2303 534 2368 τάξιν
577 2305 872 2377 ἀπονεῖμαι
900 2309 929 2359 ὁ
962 2307 1338 2379 πολυκέφαλος
1371 2311 1472 2382 τῆς
1499 2313 1783 2367 εἰδωλολα-

187 2394 352 2466 τρίας
397 2395 543 2465 ὄφις.
601 2395 805 2468 Τρίτην
839 2397 956 2462 πῶς
985 2399 1085 2452 οὐκ
1115 2395 1234 2454 οῖδα
1283 2399 1460 2472 λαχὼν
1494 2405 1645 2474 παρά
1673 2407 1784 2468 τοῖς

185 2488 556 2560 διακριτικοῖς
590 2489 700 2541 τῶν
745 2490 1000 2562 πατέρων
1043 2492 1102 2545 ὲν
1132 2494 1198 2563 τῇ
1229 2492 1340 2546 τῶν
1373 2494 1517 2547 ὀκτὼ
1550 2495 1740 2550 ἁλύσει
1766 2513 1779 2526 ’

188 2582 248 2635 ὃν
293 2581 634 2652 συμμέτρως
687 2583 1138 2654 ἀποπεράναντες
1193 2584 1373 2654 λέγειν
1417 2585 1602 2640 λοιπὸν
1654 2589 1785 2658 περὶ

191 2672 556 2744 ἀναισθησίας
598 2672 902 2744 βουλόμεθα
922 2713 936 2736 ,
976 2674 1052 2738 ὼς
1085 2675 1274 2745 τρίτης
1308 2675 1658 2748 ὑπαρχούσης
1685 2679 1786 2751 τῆς

190 2765 249 2816 ἐν
279 2765 496 2833 γενέσει
523 2764 803 2836 δευτέρας,
855 2763 974 2834 μεθ’
1005 2766 1073 2836 ἢν
1104 2765 1288 2820 λοιπὸν
1321 2767 1415 2820 καὶ
1455 2769 1582 2840 περ)⁵
1616 2767 1784 2823 ὕπνου

186 2857 285 2910 καὶ
317 2855 628 2927 ἀγρυπνίας
649 2871 663 2885 ’
697 2856 758 2908 οὐ
793 2855 899 2927 μὴν
927 2855 984 2910 δὲ
1011 2854 1147 2910 άλλά
1176 2857 1270 2909 καὶ
1297 2857 1426 2926 περὶ
1451 2857 1550 2928 τῆς
1578 2857 1788 2928 νηπιώ-

181 2948 313 3020 δους
343 2950 442 3001 καὶ
472 2947 737 3018 ἀνάνδρου
769 2947 991 3015 δειλίας,
1022 2947 1232 3019 βραχέα
1256 2946 1600 3020 διαλάϐωμεν
1629 2965 1644 2980 ⁸
1673 2951 1786 3002 εἰσ-

183 3038 494 3108 αγωγικῶν
525 3037 633 3110 γὰρ
665 3037 733 3091 τὰ
765 3037 989 3094 τοιαῦτα
1021 3040 1326 3110 νοσήματα.

1879 1859 1987 1899 non
2061 1843 2490 1914 perturbaretur.
2550 1843 2792 1898 Avaritia
2853 1851 2937 1897 est
2990 1851 3044 1898 et
3110 1843 3309 1897 dicitur
3354 1858 3477 1897 om-

1881 1935 2032 1991 nium
2078 1934 2342 1988 malorum
2387 1933 2563 1995 radix,
2621 1948 2744 2003 qua!
2789 1933 2935 1998 odia,
2987 1933 3152 1996 furta,
3190 1933 3473 1999 invidiam,

1884 2026 2141 2090 divortia,
2173 2024 2510 2090 inimicitias,
2546 2024 3017 2094 perturbationum
3062 2025 3350 2094 procellas,
3389 2025 3476 2079 in-

1882 2119 2152 2190 juriarum
2199 2116 2517 2181 memorias,
2557 2116 3037 2179 inhumanitatem,
3068 2125 3121 2171 et
3151 2116 3324 2172 caedes
3375 2117 3475 2171 de-

1889 2212 2056 2282 nique
2091 2225 2278 2266 creare
2325 2209 2484 2264 solet.
2530 2209 2634 2263 Per
2695 2210 2952 2279 exiguum
2995 2210 3291 2279 igniculum
3359 2225 3477 2263 ma-

1887 2318 1992 2376 gna
2014 2318 2155 2373 saepe
2182 2301 2318 2356 silva
2350 2307 2546 2356 exusta
2559 2309 2664 2364 est,
2689 2310 2736 2356 et
2757 2317 2854 2371 per
2873 2303 3122 2370 exiguam
3140 2315 3477 2371 parvamque

1887 2395 2146 2451 virtutem
2184 2393 2336 2448 multi
2373 2394 2554 2448 omnia
2585 2394 2870 2462 prresentia
2905 2408 3028 2463 qua:
3069 2393 3331 2457 diximus,
3389 2392 3479 2446 vi-

1888 2487 1963 2541 tia
1998 2485 2320 2556 effugerunt.
2357 2482 2485 2540 Ilaec
2520 2494 2814 2554 paupertas
2859 2493 3008 2540 recte
3034 2484 3336 2554 appellatur
3363 2497 3478 2537 om-

1891 2579 2039 2632 nium
2066 2578 2334 2632 malarum
2367 2577 2729 2647 cupiditatum
2769 2577 3022 2647 privatio,
3065 2591 3229 2644 quam
3269 2575 3479 2646 peperit

1892 2671 2091 2727 divinae
2123 2670 2450 2742 cognitionis
2506 2677 2702 2738 gustus
2752 2677 2805 2722 et
2843 2683 2997 2733 usus,
3026 2677 3190 2737 atque
3248 2667 3480 2722 rationis

1892 2763 1946 2817 in
1980 2771 2156 2818 morte
2193 2762 2480 2818 reddendae
2523 2760 2856 2815 sollicitudo.
2901 2758 3023 2814 Non
3081 2759 3342 2830 ignoratis
3384 2758 3480 2827 qui

1893 2871 2016 2912 cum
2052 2854 2346 2909 attentione
2375 2853 2502 2922 legit
2529 2859 2786 2920 quartum
2827 2850 3103 2905 decimum
3159 2856 3324 2919 caput
3381 2863 3480 2902 seu

1893 2945 2120 3016 gradum
2156 2943 2224 2998 de
2251 2944 2377 3016 gula
2410 2941 2655 2996 omnium
2717 2940 2987 2995 malorum
3050 2948 3293 3010 parente,
3359 2951 3484 3007 quae

1809 3038 1853 3094 C
1888 3037 1940 3092 in
1971 3036 2217 3106 improba
2271 3044 2325 3089 et
2371 3043 2657 3089 exsecrata
2703 3047 2802 3087 sua
2853 3031 3114 3101 progenie
3171 3027 3480 3093 allirmavit,

177 3132 365 3204 258
397 3133 692 3188 secundam
738 3147 893 3188 suam
940 3133 1146 3203 prolem
1187 3147 1311 3188 esse
1368 3127 1594 3186 Saxeum
1649 3133 1816 3187 animi
1866 3139 2170 3201 stuporem,
2219 3129 2306 3183 cui
2376 3125 2672 3196 quominus
2706 3138 2866 3178 suum
2906 3122 3086 3176 locum
3142 3120 3349 3183 darem,
3396 3118 3482 3171 in-

186 3225 452 3282 tercessit
493 3225 786 3295 multiceps
821 3225 987 3280 draco
1024 3235 1076 3280 et
1106 3225 1378 3279 idolorum
1445 3222 1640 3278 cultrix
1694 3225 1922 3279 avaritia
1978 3240 1991 3274 :

2042 3219 2262 3276 tertium
2321 3217 2503 3274 locum
2556 3229 2666 3285 qua
2723 3213 2933 3268 ratione
2985 3211 3127 3283 apud
3192 3210 3486 3283 prudentes

185 3324 388 3380 Patres
428 3327 482 3378 in
541 3324 630 3378 illa
664 3334 789 3378 octo
823 3324 1083 3378 vitiorum
1123 3323 1265 3378 serie
1288 3333 1342 3377 et
1379 3328 1570 3376 catena
1627 3321 1928 3391 occuparit,
1984 3316 2190 3372 nescio.
2228 3314 2333 3369 Sed
2389 3313 2670 3369 avaritiam
2725 3324 2850 3365 cum
2903 3308 3253 3364 mediocriter
3308 3304 3486 3374 expli-

188 3416 534 3482 caverimus,
576 3414 838 3483 deinceps
885 3415 952 3468 de
1014 3415 1108 3468 illo
1153 3415 1321 3469 animi
1373 3427 1600 3488 stupore
1660 3412 1840 3466 dicere
1879 3407 2193 3471 statuimus,
2243 3413 2302 3459 ut
2338 3403 2431 3474 qui
2477 3402 2670 3458 tertius
2717 3400 2771 3456 in
2806 3400 3016 3465 ordine,
3058 3398 3149 3452 sed
3192 3394 3490 3467 propagine

189 3508 484 3565 secundus
528 3515 631 3562 est.
659 3504 789 3560 Post
831 3521 992 3575 quem
1022 3507 1087 3560 de
1137 3523 1335 3562 somno
1388 3516 1445 3562 et
1499 3505 1701 3576 vigilia,
1743 3513 1955 3556 necnon
1991 3496 2058 3551 de
2098 3495 2292 3568 puerili
2331 3503 2384 3549 et
2415 3493 2682 3564 degenere
2745 3493 2939 3547 timore
2997 3489 3234 3544 breviter
3281 3495 3487 3542 tracta-

188 3603 405 3668 bimus,
443 3617 566 3672 que:
595 3609 724 3657 sunt
748 3601 877 3654 vitia
933 3612 987 3656 et
1053 3602 1229 3656 morbi
1286 3603 1606 3673 plerumque
1646 3600 1913 3655 tironum.

251 3749 257 3752 _
281 3696 785 3752 Ἐπτακαιδέκατον
814 3690 977 3751 ἆθλον
1006 3698 1034 3750 ὁ
1065 3698 1428 3768 κτησάμενος,
1459 3699 1598 3768 πρὸς
1624 3695 1791 3768 οὐρα-

197 3794 290 3846 νὸν
323 3792 507 3855 ἀΰλως
534 3789 828 3860 ὁδοιπορεῖ.

599 4056 844 4111 ΣΧΟΛῙΑ
873 4053 984 4108 ΕΙΣ
1015 4050 1244 4108 ΛΟΓΟΝ
1273 4051 1365 4109 IZ'.

688 4193 828 4263 Περὶ
857 4192 1310 4263 ἁκτημοσύνης.

736 4331 742 4336 ·
818 4306 1076 4374 Σχόλιον
1104 4311 1174 4359 α’.

284 4398 673 4472 ’Ᾱκτημοσύνη
723 4399 841 4452 ἐστὶ
881 4397 1047 4469 νοητὴ
1072 4438 1087 4464 ,
1136 4398 1170 4469 ἡ
1213 4397 1492 4462 παντελῶς
1533 4397 1794 4465 ἀπάθεια,

191 4494 324 4549 καθ’
355 4494 426 4564 ἣν
455 4491 744 4562 γενόμενος
775 4489 805 4541 ό
834 4487 959 4551 νοῦς
987 4489 1262 4560 ἀναχωρεῖ
1291 4488 1399 4542 τῶν
1433 4488 1688 4544 ἐνταῦθα.

563 4692 758 4748 ’Ἄλλο
786 4689 895 4744 τοῦ
933 4688 1106 4758 ἁγίου
1137 4685 1436 4758 Μαξίμου.

270 4787 584 4859 Ἀκτήμων
618 4783 766 4839 ἐστὶν
806 4784 834 4836 ό
863 4779 1283 4852 ἀποταξάμενος
1316 4782 1452 4834 πᾶσι
1481 4781 1594 4843 τοῖς
1625 4779 1800 4851 ὑπάρ-

175 4897 395 4954 χουσιν
427 4875 599 4948 αὐτῷ,
634 4876 731 4930 καὶ
763 4873 932 4946 μηδὲν
967 4872 1030 4926 τὸ
1063 4870 1283 4926 σύνολον
1312 4871 1404 4925 ἐπὶ
1433 4872 1532 4943 τῆς
1565 4870 1674 4942 γῆς
1705 4887 1798 4924 κε-

173 4968 501 5041 κτημένος,
549 4965 691 5036 πλὴν
719 4962 816 5015 τοῦ
849 4961 1124 5034 σῶματος,
1158 4961 1253 5014 καὶ
1287 4961 1388 5032 τὴν
1416 4961 1553 5033 πρὸς
1585 4960 1717 5013 αὐτὸ
1743 4959 1800 5012 δὲ

171 5062 395 5132 σχέσιν
421 5054 742 5128 διαρρήξας,
772 5053 853 5126 τῷ
878 5053 1000 5126 Θεῷ
1025 5053 1119 5108 καὶ
1138 5055 1250 5118 τοῖς
1276 5051 1525 5106 εὐσεϐέσι
1548 5052 1647 5122 τὴν
1670 5052 1798 5106 ἐαυ-

166 5152 273 5208 τοῦ
317 5151 767 5205 κατεπίστευσεν
800 5147 1137 5218 οἰκονομίαν.

826 5239 936 5296 Τοῦ
969 5240 1178 5296 αὐτοῦ.

250 5327 331 5392 ’0
384 5333 486 5405 μὲν
526 5337 639 5399 τοῖς
687 5333 1012 5405 πράγμασιν
1061 5332 1475 5403 ἀποταξάμενος
1502 5372 1518 5399 ,
1569 5324 1681 5384 οἷον
1726 5330 1794 5402 τῇ

164 5429 446 5501 γυναικὶ,
484 5430 581 5483 καὶ
623 5431 736 5492 τοῖς
767 5427 1036 5498 χρήμασι,
1069 5427 1163 5481 καὶ
1205 5427 1316 5489 τοῖς
1350 5423 1511 5495 ἑξῆς,
1558 5423 1652 5478 τὸν
1690 5422 1796 5491 ἔξω

164 5525 493 5594 ἄνθρωπον
525 5520 752 5591 ἐποίησε
792 5519 1026 5591 μοναχὸν
1052 5563 1067 5587 ,
1119 5517 1274 5574 οὔπω
1305 5517 1360 5571 δὲ
1393 5517 1487 5572 καὶ
1521 5517 1612 5570 τὸν
1645 5517 1753 5570 ἔσω
1778 5533 1792 5548 ο

166 5616 197 5666 ὁ
233 5615 300 5668 δὲ
334 5611 464 5675 τοῖς
491 5609 698 5665 τούτων
724 5609 1000 5682 ὲμπαθέσι
1031 5611 1290 5681 νοήμασι,
1321 5609 1413 5664 τὸν
1448 5609 1558 5662 ἔσω
1586 5608 1800 5680 ἄνθρω-

171 5721 314 5772 πον,
353 5701 418 5765 ὃς
447 5700 596 5756 ἐστιν
625 5699 654 5756 ό
682 5699 808 5766 νοῦς
829 5717 844 5733 ·
894 5695 989 5754 καὶ
1010 5700 1099 5755 τὸν
1129 5699 1232 5772 μὲν
1264 5698 1367 5765 ἔξω
1393 5697 1680 5772 ἄνθρωπον
1710 5697 1800 5752 εὖ-

1972 3686 2279 3758 Septimum
2313 3656 2600 3739 .decimum
2655 3679 2975 3737 certaminis
3019 3679 3304 3750 prmmium
3356 3679 3487 3732 ade-

1897 3789 2026 3852 ptus
2054 3779 2121 3833 ad
2149 3778 2348 3834 ccelum
2372 3775 2776 3848 quodammodo
2840 3774 2959 3828 sine
2983 3788 3040 3827 re
3107 3781 3318 3828 terrena
3367 3786 3489 3841 pro-

1899 3874 2186 3930 ﬁciscitur.

2250 4038 2546 4098 SCHOLIA
2568 4039 2658 4093 AD
2682 4037 2970 4093 GRADUM
2996 4036 3162 4091 XVII.

2327 4177 2403 4233 De
2436 4184 2756 4248 paupertate
2812 4173 3058 4244 spiritus.

2522 4289 2772 4345 Scholion
2806 4290 2858 4346 I.

1973 4383 2274 4455 Paupertas
2323 4392 2408 4438 est
2453 4382 2684 4437 omnino
2717 4382 2956 4451 perfecta
2997 4379 3165 4436 animi
3215 4379 3491 4450 tranquil-

1904 4477 2051 4543 Litas,
2091 4490 2260 4546 quam
2308 4480 2596 4530 assecutus
2660 4474 2880 4528 animus
2947 4487 3180 4542 prorsus
3241 4487 3273 4527 a
3327 4473 3492 4530 rebus

1831 4589 1876 4646 ι)
1905 4569 2265 4644 praesentibus
2319 4567 2548 4624 recedit.

2365 4679 2528 4734 Aliud
2558 4680 2732 4735 sanc:i
2778 4677 3030 4734 Maximi.

1976 4775 2072 4830 Ille
2099 4773 2232 4828 nihil
2257 4773 2502 4844 possidet
2529 4781 2584 4827 et
2633 4787 2759 4827 vere
2783 4787 2990 4842 pauper
3019 4784 3123 4838 est,
3163 4772 3254 4841 qui
3283 4785 3342 4827 se
3373 4785 3497 4825 om-

1901 4867 2068 4923 nibus
2099 4866 2216 4922 suis
2253 4865 2414 4921 bonis
2445 4864 2741 4930 abdicavit,
2775 4874 2830 4920 et
2875 4865 3009 4920 nihil
3047 4880 3273 4936 prorsus
3298 4864 3351 4918 in
3383 4872 3497 4919 ter-

1901 4975 1962 5014 ra
1995 4959 2274 5031 possidet,
2301 4965 2502 5028 praeter
2540 4972 2740 5028 corpus
2784 4975 2797 5012 :
2842 4957 3048 5028 quique
3088 4971 3305 5011 omnem
3343 4956 3409 5010 ad
3443 4956 3498 5008 id

1907 5051 2250 5107 affectionem
2291 5049 2528 5120 abrupit,
2580 5047 2802 5121 Deoque
2825 5059 2879 5105 et
2926 5049 3195 5120 religiosis
3253 5047 3500 5119 patribus

1909 5157 2101 5199 curam
2136 5142 2262 5197 vitae
2287 5142 2586 5197 commisit.

2477 5234 2638 5288 Aliud
2673 5234 2930 5303 ejusdem.

1975 5328 2078 5397 Qui
2118 5329 2282 5383 rebus
2331 5327 2589 5382 humanis
2624 5341 2683 5382 se
2705 5327 2999 5391 abdicavit,
3064 5324 3223 5378 uxori
3279 5339 3496 5395 nempe,

1905 5422 2123 5492 opibus,
2154 5420 2343 5475 ethoc
2407 5434 2583 5490 genus
2637 5418 2780 5486 aliis,
2829 5418 3155 5474 exteriorem
3220 5415 3496 5471 hominem

1905 5511 2693 5577 fecitmonachum,nondum
2742 5521 2926 5567 autem
2993 5509 3328 5564 interiorem.
3393 5509 3498 5576 Qui

1906 5613 2086 5659 autem
2120 5603 2375 5660 all‘ectum
2423 5605 2587 5658 etiam
2618 5603 2787 5658 animi
2820 5611 2873 5659 et
2923 5601 3316 5672 cogitationum
3371 5616 3497 5673 erga

1906 5691 2127 5751 easdem
2166 5709 2253 5751 res
2288 5692 2461 5762 exuit,
2511 5693 2598 5750 ille
2629 5692 2792 5751 etiam
2849 5691 3164 5749 interiorem
3221 5690 3502 5750 hominem
