4042 6420
600 275 701 340 931

1872 274 1926 334 S.
1961 273 2285 336 JOANNIS
2309 273 2618 336 CLIMACI

3783 273 3897 336 932

602 383 832 439 mutavit
857 382 912 437 in
943 380 1298 441 monachum.
1335 377 1428 449 qui
1458 386 1544 433 est
1572 375 1810 435 animus.
1840 376 1906 433 Et
1927 393 2036 448 qua
2091 393 2187 435 ex-

2295 383 2464 446 κόλως
2503 399 2590 447 τις
2636 381 2781 435 ποιεῖ
2831 379 3086 450 μοναχὸν,
3141 379 3304 450 μόνον
3350 381 3446 436 th
3493 380 3698 456 θελήσῃ
3723 421 3739 446 ,
3789 385 3895 439 οὐκ

603 479 804 532 teriora
835 473 996 530 facile
1027 475 1152 544 quis
1179 471 1508 526 monachum
1566 469 1780 536 induat,
1827 470 1995 524 modo
2039 470 2189 536 velit,

601 568 767 640 259
800 567 893 622 sed
921 565 1234 620 interiorem
1259 561 1533 615 hominem
1570 561 1624 614 in
1651 560 1982 615 monachum
2019 571 2194 617 trans-

603 659 864 724 formare,
905 657 1008 711 hoc
1036 670 1196 725 opus,
1233 652 1322 706 hic
1351 652 1505 706 labor
1535 659 1639 706 est.

1234 741 1481 796 Scholion
1510 743 1566 796 ‘2.

675 839 853 893 Altius
884 835 1145 905 intellige,
1175 847 1227 888 et
1255 833 1506 888 volucres
1545 832 1670 887 cali
1711 832 2068 903 interpretare
2094 847 2192 890 eos

601 932 694 1002 qui
725 927 1170 998 contemplationi
1203 925 1426 989 addicti,
1468 926 1744 996 rebusque
1787 927 2047 981 omnibus
2078 926 2185 980 ltu-

603 1021 780 1075 manis
817 1027 871 1075 et
908 1018 1263 1074 saecularibus
1292 1017 1468 1073 turbis
1518 1017 1734 1087 penitus
1760 1017 2017 1085 abdicati,
2067 1028 2190 1073 tan-

600 1119 714 1166 tum
747 1109 947 1164 divinis
970 1119 1024 1163 et
1045 1107 1370 1163 caelestibus
1413 1107 1598 1161 animo
1630 1119 1760 1162 sunt
1788 1106 2000 1162 intenti.

1239 1263 1494 1320 Scholion
1530 1265 1584 1322 5.

672 1356 802 1412 Sive
835 1356 995 1428 gulae,
1037 1353 1198 1426 cujus
1247 1355 1322 1410 ibi
1369 1356 1595 1410 alteram
1631 1355 1867 1425 .prolcm
1909 1353 2198 1426 appellavit

600 1449 864 1508 duritiem
895 1448 1100 1515 cordis,
1130 1447 1218 1503 hic
1263 1447 1511 1503 eamdem
1547 1455 1704 1502 vocat
1749 1457 2029 1516 stuporem
2069 1462 2198 1502 sen-

600 1559 762 1599 suum
805 1557 900 1598 seu
945 1541 1166 1602 mentis,
1203 1555 1316 1610 quo
1353 1540 1626 1610 signiﬁcat
1673 1539 1816 1594 idem
1855 1553 1978 1594 esse
2025 1538 2194 1594 animi

602 1646 884 1704 stuporem
912 1645 966 1688 et
993 1633 1250 1688 duritiem
1284 1631 1489 1686 cordis.

1134 1801 1420 1860 GIiADUS
1456 1799 1646 1857 XVIII.

600 1901 680 1956 De
727 1899 1017 1956 insensibili
1061 1897 1249 1950 mentis
1299 1905 1510 1962 stupore
1557 1911 1648 1948 seu
1686 1893 1884 1946 duritie
1927 1902 1976 1947 et
2028 1899 2193 1946 morte

947 1969 1142 2022 anima:
1167 1975 1288 2020 ante
1320 1975 1540 2018 mortem
1565 1963 1825 2032 corporis.

679 2065 884 2134 Stupor
910 2075 1174 2116 sensuum
1229 2067 1337 2113 tam
1369 2057 1423 2111 in
1453 2071 1682 2126 corpore
1703 2070 1865 2126 quam
1894 2051 2084 2124 spiritu
2109 2059 2194 2107 est

603 2165 860 2212 mortuus
889 2169 1108 2217 sensus,
1142 2151 1234 2222 qui
1265 2165 1331 2204 ex
1377 2149 1639 2204 diuturno
1675 2149 1887 2212 morbo,
1923 2155 1978 2200 et
2020 2144 2192 2214 negli-

602 2246 784 2318 gentia
821 2245 873 2297 in
913 2253 1188 2311 stuporem
1223 2253 1486 2294 sensuum
1533 2236 1751 2291 desinit.
1794 2233 2091 2289 lndolentia
2111 2241 2196 2288 est

606 2339 936 2411 negligentia
971 2353 1094 2406 qum
1130 2336 1185 2390 in
1213 2349 1370 2389 usum
1411 2341 1463 2388 et
1521 2331 1766 2386 habitum
1808 2328 1976 2392 venit,
2005 2335 2194 2398 torpor

599 2434 820 2503 quidam
865 2431 1082 2494 mentis,
1135 2425 1579 2498 praesumptionis
1629 2432 1853 2494 partus,
1901 2417 2195 2476 alacritatis

601 2526 841 2594 pedicat,
893 2521 1141 2594 generosi
1205 2517 1375 2572 animi
1436 2517 1700 2586 laqueus,
1757 2509 2196 2582 compunctionis

600 2615 938 2687 ignorantia,
960 2613 1130 2683 janna
1175 2607 1598 2678 desperationis,
1630 2604 1923 2660 oblivionis
1954 2617 2192 2672 parens;

599 2722 765 2779 quam
790 2705 881 2761 ubi
910 2701 1201 2774 pepererit,
1242 2701 1357 2770 ipsa
1388 2707 1513 2753 nata
1544 2698 1602 2751 ﬁt
1631 2705 1806 2752 mater
1836 2711 1949 2751 suae
1979 2693 2190 2759 matris,

600 2813 725 2866 qua;
763 2799 1015 2852 timorem
1060 2790 1274 2846 Domini
1329 2787 1548 2860 penitus
1581 2785 1843 2842 excludit.
1891 2783 2196 2854 Religiosus

600 2891 854 2960 stupidus
879 2897 935 2944 ct
962 2888 1252 2953 exsettsus,
1291 2893 1346 2939 et
1367 2881 1570 2937 stultus
1593 2879 1958 2951 philosophus
1978 2877 2072 2949 qui
2097 2876 2197 2932 do-

600 2980 774 3037 cendo
814 2979 1055 3048 seipsum
1095 2975 1466 3038 condemnat;
1508 2979 1692 3026 orator
1739 2969 1832 3041 qui
1868 2977 2058 3023 contra
2105 2981 2195 3024 se-

2300 473 2482 544 ὀλίγος
2509 473 2566 527 δὲ
2593 470 2766 542 ἀγὼν,
2797 471 2890 525 τὸν
2918 471 3029 526 ἔσω
3059 470 3349 544 ἄνθρωπον
3378 475 3604 547 ποιῆσαι
3630 476 3896 547 μοναχόν,

2921 733 3183 805 Σχόλιον
3209 733 3275 806 β’.
3916 781 3925 790 .

2368 826 2582 898 Νόησον
2631 825 2994 898 ὑψηλότερον,
3045 825 3270 882 πετεινά
3323 826 3556 901 ούρανοῦ
3611 829 3748 894 τοὺς
3795 831 3928 903 τήν

2297 917 2639 990 θεωρητικήν
2700 919 2987 990 μετιόντας
3053 917 3406 987 φιλοσοφίαν,
3462 923 3560 975 κα)¹
3631 921 3738 993 τῆς
3797 925 3896 993 μὲν

2297 1008 2572 1079 κοσμικῆς
2597 1009 2833 1079 σχέσεως
2861 1009 2956 1062 καὶ
2977 1007 3186 1079 τύρϐης
3215 1009 3667 1081 ἀπεξενωμένους
3688 1014 3895 1068 παντάο

2298 1117 2458 1165 πασι,
2507 1099 2645 1170 πρὸς
2696 1100 2835 1170 μόνα
2880 1101 2939 1155 δὲ
2982 1101 3102 1154 θεῖα
3150 1100 3246 1154 καὶ
3283 1103 3586 1174 ἐπουράνια
3628 1105 3730 1160 τὸν
3773 1106 3893 1162 νοῦν

2297 1192 2770 1258 ὲπανατείνοντας.

2915 1265 3177 1335 Σχόλιον
3204 1271 3276 1336 γ’.

2375 1353 2580 1421 Ἥγουν
2608 1353 2706 1424 τῆς
2728 1355 3196 1426 γαστριμαργίας,
3235 1351 3304 1426 ἧς
3327 1355 3600 1424 ἀπόγονον
3631 1356 3757 1411 ἐκεῖ
3779 1358 3889 1412 δεύ-

2297 1460 2455 1514 τερον
2499 1444 2774 1514 ὀνομάσας
2821 1447 2921 1517 τὴν
2969 1445 3317 1518 σκληρότητα
3362 1449 3463 1518 τῆς
3496 1449 3759 1521 καρδίας,
3802 1451 3888 1506 νῦν

2296 1535 2661 1606 ἀναισθησίαν
2709 1537 2858 1606 λέγει
2901 1539 3105 1611 ταύτην
3146 1541 3223 1603 ὡς
3257 1540 3357 1611 τῆς
3397 1541 3769 1611 ἀναισθησίας
3804 1547 3887 1598 καὶ

2225 1629 2267 1685 Β
2296 1633 2394 1700 τῆς
2429 1630 2799 1703 σκληρότητος
2826 1631 2888 1684 τὸ
2912 1633 3045 1686 αὐτὸ
3081 1632 3477 1704 σημαινούσης.

2914 1805 3134 1858 ΛΟΓΟΣ
3172 1806 3278 1860 IH'.

2295 1895 2436 1965 Περὶ
2469 1895 2874 1967 ἀναισθησίας
2906 1895 3098 1965 ἤγουν
3129 1895 3479 1967 νεκρώσεως
3515 1897 3760 1967 ψυχῆς,
3796 1899 3877 1953 καί

2489 1965 2748 2023 θανάτου
2787 1967 2932 2031 νοὸς
2961 1966 3074 2035 πρὸ
3107 1966 3367 2021 θανάτου
3397 1965 3722 2036 σώμξωτῦςξ

2379 2057 2735 2129 Ἀναισθησία
2766 2059 2860 2112 καὶ
2894 2058 2986 2110 ἐπὶ
3032 2057 3299 2130 σωμάτων
3331 2058 3408 2130 (Ι)
3455 2060 3552 2113 καὶ¹
3588 2061 3689 2114 ἐπὶ
3731 2079 3876 2114 πνευ-

2298 2149 2486 2221 μάτων
2521 2150 2668 2204 ὲστὶν
2706 2149 3088 2222 νενεκρωμένη
3132 2148 3407 2219 αἴσθησις,
3451 2151 3517 2205 ὲκ
3547 2149 3782 2220 χρονίας
3808 2151 3878 2203 νά.

2297 2258 2432 2308 σου,
2488 2240 2585 2296 καὶ
2631 2241 2896 2313 ἀμελείας
2948 2241 3030 2305 είς
3089 2241 3453 2312 ἀναισθησίαν
3506 2241 3878 2313 καταλήξασι.

2308 2333 2642 2404 Ἀναλγησία
2675 2333 2794 2386 ἐστὶ
2826 2331 3180 2403 πεποιωμένη
3227 2331 3480 2404 ἀμέλεια,
3512 2332 3785 2404 ναρκῶσα
3815 2332 3880 2384 ἔν-

2295 2441 2454 2479 νοια·
2510 2423 2833 2494 προλήψεως
2865 2421 3138 2493 γέννημα,
3180 2422 3490 2494 προθυμίας
3537 2421 3749 2490 παγὶς,
3798 2423 3879 2475 ἀν-

2294 2517 2478 2587 δρείας
2530 2516 2723 2588 βρόχος
2749 2530 2763 2544 ·
2828 2513 3174 2580 κατανύξεως
3217 2514 3449 2582 ἀγνοια’
3517 2513 3882 2582 ἀπογνώσεως

2296 2607 2459 2680 θύραν
2503 2608 2673 2679 λήθης
2705 2607 2887 2678 μήτηρ
2919 2605 3020 2678 (2),
3062 2605 3158 2660 καὶ
3192 2607 3331 2677 μετά
3363 2606 3520 2660 τόκον
3561 2604 3781 2676 μητρὸς
3815 2607 3880 2656 oi-

2302 2699 2461 2762 κείας
2509 2699 2725 2770 μήτηρ,
2781 2697 3054 2768 διάκρισις
3100 2697 3268 2766 φόϐου
3307 2711 3322 2726 ⁶
3381 2696 3696 2767 ἀνάλγητός
3749 2697 3881 2748 ἐστιν

2295 2790 2485 2862 ἄφρων
2503 2789 2792 2860 φιλόσοφος
2813 2789 3276 2860 αὐτοκατάκριτος
3299 2789 3572 2861 ἐξηγητής
3597 2807 3611 2820 ·
3638 2789 3881 2843 αὑτεναν-

2295 2882 2407 2946 τίος
2432 2882 2712 2952 φιλολόγος
2738 2882 2835 2952 (5),
2853 2880 3050 2952 τυφλὸς
3075 2880 3394 2944 διδάσκαλος
3413 2880 3507 2934 τοῦ
3532 2881 3767 2952 βλέπειν
3783 2882 3876 2953 (4)·

2297 2975 2426 3046 περὶ
2447 2975 2546 3045 τῆς
2565 2972 2658 3028 τοῦ
2681 2973 2994 3045 τραύματος
3017 2973 3229 3042 ὑγιείας
3251 2971 3587 3042 διαλέγεται,
3615 2975 3717 3028 καὶ
3735 2973 3882 3028 τοῦτο

600 3066 780 3138 ipsum
826 3082 1048 3122 causam
1081 3065 1425 3135 agit;ca:cus
1446 3060 1659 3116 videndi
1681 3058 2192 3128 medicus;doctor,

2299 3067 2610 3139 ὲπικνήοων
2659 3065 2718 3120 ού
2771 3065 3027 3130 παύεται,
3069 3065 3213 3120 κατά
3253 3065 3348 3119 τοῦ
3382 3065 3598 3128 πάθους
3652 3068 3880 3138 φθέγγε-

598 3162 693 3231 qui
730 3161 796 3214 de
837 3161 1064 3214 vulnere
1097 3156 1342 3212 curando
1380 3155 1640 3225 disputat,
1693 3161 1748 3208 et
1776 3153 1976 3206 vulnus
2006 3151 2188 3220 ipsum

601 3251 822 3307 interim
872 3249 1183 3306 refricando
1225 3247 1543 3302 exulcerare
1578 3261 1686 3299 non
1740 3251 1940 3298 cessat.
1988 3242 2190 3298 Contra

605 3342 859 3397 morbum
897 3339 1138 3406 disserit,
1173 3348 1228 3393 et
1267 3341 1385 3409 ipse
1439 3337 1508 3391 ab
1550 3335 1732 3390 noxiis
1774 3335 1911 3390 cibis
1951 3348 2059 3387 non
2092 3333 2192 3387 ab-

602 3432 771 3486 stinet
805 3449 820 3486 :
851 3439 1043 3485 contra
1081 3429 1246 3500 260
1291 3443 1350 3484 se
1391 3427 1746 3498 deprecatur,
1800 3433 1856 3478 et
1897 3422 2080 3479 statim
2125 3422 2193 3477 ad

602 3537 824 3594 pravam
874 3520 1070 3591 agendi
1122 3518 1573 3575 consuetudinem
1619 3517 1953 3571 revertitur:
1991 3515 2043 3568 in
2084 3529 2190 3584 qua

603 3615 734 3670 dum
761 3621 1033 3680 versatur,
1061 3620 1256 3666 contra
1291 3611 1535 3681 scipsum
1578 3607 1913 3678 indignatur,
1950 3613 2004 3660 et
2029 3619 2194 3674 super

604 3707 722 3764 suis
759 3705 942 3760 verbis
984 3705 1172 3759 inlclix
1213 3719 1321 3758 non
1374 3700 1669 3758 erubescit.
1718 3698 1858 3754 Male
1892 3697 2051 3765 facio,
2077 3698 2193 3753 cla-

603 3810 742 3869 mat,
782 3800 835 3853 in
868 3797 1081 3855 facinus
1116 3806 1298 3852 tamen
1331 3795 1565 3866 graviter
1593 3791 1882 3847 incumbit.
1915 3789 2024 3847 Ore
2056 3805 2195 3844 con-

603 3903 688 3948 tra
719 3906 778 3947 se
810 3898 1088 3962 precatur,
1145 3903 1381 3958 corpore
1413 3903 1512 3956 pro
1550 3900 1610 3940 se
1636 3885 1872 3939 laborat.
1920 3883 1995 3938 De
2017 3891 2194 3938 morte

604 3981 1046 4053 philosophatur,
1097 3987 1153 4035 et
1205 3979 1321 4049 ipse
1355 3987 1416 4033 ut
1453 3976 1781 4032 immortalis
1819 3985 1902 4030 est
1945 3975 2189 4030 eﬂ‘ertus.

607 4077 682 4131 De
715 4075 1041 4145 migratione
1073 4073 1196 4127 vita:
1226 4070 1555 4142 ingemiscit,
1599 4078 1653 4124 et
1683 4069 1797 4138 ipse
1842 4068 1989 4123 velut
2034 4076 2194 4122 aeter-

605 4182 709 4222 nus
749 4167 968 4221 futurus
1005 4165 1289 4221 dormitat.
1341 4163 1416 4217 De
1468 4161 1799 4217 abstinentia
1831 4160 2106 4226 dissertat,
2139 4166 2194 4213 et

604 4259 745 4330 gula:
776 4259 1045 4330 genioque
1081 4255 1383 4312 liberaliter
1431 4253 1692 4323 indulget.
1743 4251 1975 4306 Lectitat
1999 4251 2067 4304 de
2093 4266 2193 4304 ex-

604 4358 781 4404 tremo
803 4348 1034 4418 judicio,
1071 4355 1126 4400 et
1160 4345 1448 4401 subridere
1499 4343 1728 4412 incipit;
1769 4342 1837 4397 de
1882 4355 2018 4394 vana
2060 4339 2190 4394 item

2290 3177 2386 3213 ται
2409 3158 2486 3230 (5)
2517 3173 2530 3187 ·
2568 3159 2663 3211 καὶ
2689 3158 2757 3212 τὰ
2788 3157 3093 3229 βλάπτοντα
3123 3157 3316 3211 ἐσθίων
3349 3157 3410 3210 οὗ
3450 3157 3692 3213 παύεται
3719 3175 3737 3190 ·
3773 3161 3882 3215 κατ’

2293 3249 2460 3329 αύλτοῦ
2495 3249 2881 3322 προσεύχεται,
2914 3248 3008 3304 καὶ
3032 3249 3236 3313 εὐθέως
3267 3249 3360 3304 ἐπὶ
3392 3249 3491 3321 τὴν
3516 3249 3694 3304 αὐτοῦ
3727 3253 3883 3323 ἐργα-

2296 3346 2418 3400 σίαν
2446 3343 2742 3416 πορεύεται
2767 3360 2782 3376 ο
2832 3342 2928 3398 ἐπὶ
2966 3345 3032 3416 τῇ
3060 3341 3254 3397 τούτου
3285 3342 3522 3416 ἐργασίᾳ
3553 3344 3687 3398 κατ’
3723 3344 3881 3398 αὑτοῦ

2293 3438 2572 3510 ὀργίζεται
2596 3453 2612 3468 ο
2658 3438 2751 3491 καὶ
2778 3437 2903 3500 τοὺς
2932 3436 3128 3491 ἑαυτοῦ
3157 3436 3351 3506 λόγους
3375 3438 3476 3490 οὐκ
3505 3435 3832 3507 αἰσχύνεται
3862 3442 3886 3490 ό

2293 3531 2480 3595 τάλας.
2527 3529 2732 3594 Κακῶς
2766 3529 3011 3602 πράττω,
3045 3529 3163 3601 βοᾷ,
3200 3529 3295 3582 καὶ
3334 3527 3636 3600 προθύμως
3672 3530 3884 3584 ἐπίκει-

2292 3639 2382 3676 ται
2407 3638 2421 3652 ο
2452 3621 2513 3674 τὸ
2544 3621 2718 3692 στόμα
2743 3618 2865 3674 κατ’
2895 3619 3062 3674 αὑτοῦ
3093 3618 3476 3690 προσεύχεται,
3503 3618 3600 3673 καὶ
3633 3619 3700 3672 τὸ
3733 3620 3886 3689 σῶμα

2295 3711 2436 3783 ὑπὲρ
2464 3710 2626 3766 αὑτοῦ
2658 3709 3005 3780 ἀγωνίζεται.
3029 3709 3166 3780 Περὶ
3195 3709 3426 3762 θανάτου
3459 3709 3775 3781 φιλοσοφεῖ,
3799 3714 3887 3764 καὶ

2293 3801 2370 3864 ὼς
2401 3799 2666 3862 ἀθάνατος
2696 3799 2984 3852 διάκειται.
3014 3797 3150 3868 Περὶ
3178 3797 3460 3868 χωρισμοῦ
3493 3797 3778 3862 στενάζει,
3803 3801 3886 3853 καὶ

2291 3891 2368 3956 ὡς
2401 3891 2619 3955 αἰώνιος
2662 3891 2936 3955 νυστάζει.
2991 3889 3129 3960 Περὶ
3179 3889 3508 3962 ἐγκρατείας
3545 3889 3886 3960 διαλέγεται.

2293 3983 2387 4037 καὶ
2419 3983 2548 4054 περὶ
2584 3982 3031 4054 γαστριμαργίας
3071 3980 3422 4050 ἀγωνίζεται.
3462 3982 3603 4053 Περὶ
3645 3985 3888 4056 κρίσεως

2291 4074 2677 4144 ἀναγινώσκει,
2725 4074 2821 4128 καὶ
2851 4073 3064 4144 μειδιᾷν
3108 4073 3334 4144 ἄρχεται
3382 4073 3512 4146 περὶ
3548 4075 3888 4143 κενοδοξίας,

2291 4165 2386 4218 καὶ
2412 4166 2469 4217 ὲν
2498 4165 2632 4234 αὐτῇ
2658 4166 2725 4235 τῇ
2749 4162 3058 4233 ἀναγνώσει
3083 4163 3355 4231 κενοδοεεῐ
3376 4181 3390 4195 ·
3421 4163 3549 4236 περὶ
3572 4165 3888 4235 ἀγρυπνίας

2292 4239 2626 4324 ὲκστηθίζει,
2678 4254 2773 4309 καὶ
2829 4253 2906 4326 τῷ
2951 4254 3106 4328 ὕπνῳ
3146 4255 3350 4321 εὐθέως
3395 4255 3590 4310 ἑαυτὸν
3636 4258 3887 4312 κατασα-

2294 4347 2474 4413 πτίζει
2498 4363 2510 4377 ·
2547 4345 2643 4419 τὴν
2675 4347 2986 4418 προσευχὴν
3016 4349 3376 4419 ἐγκωμιάζει,
3406 4349 3500 4403 καὶ
3528 4347 3604 4413 ὡς
3633 4350 3754 4405 ἀπὸ
3788 4351 3888 4422 μά-

605 4439 801 4509 gloria,
831 4447 887 4492 et
921 4439 1023 4494 sub
1052 4439 1168 4507 ipsa
1191 4437 1426 4492 lectione
1459 4435 1686 4506 gloriam
1723 4448 1918 4487 vanam
1943 4446 2183 4502 aucupa-

2295 4457 2474 4510 στιγος
2503 4440 2707 4511 ταύτης
2741 4440 2934 4510 φεύγει
2960 4458 2975 4471 ο
3016 4441 3115 4511 τήν
3153 4443 3401 4512 ὑπακοὴν
3435 4441 3766 4514 μακαρίζει,
3798 4446 3888 4498 καὶ

607 4540 717 4586 tur.
754 4529 979 4601 Vigilias
1004 4539 1234 4594 eructat,
1263 4539 1316 4584 et
1347 4530 1460 4598 ipse
1489 4527 1671 4583 statim
1696 4526 1806 4581 alto
1829 4540 2026 4596 sopore
2049 4541 2192 4580 mer-

606 4628 770 4697 gitur.
802 4626 999 4682 Preces
1022 4627 1274 4682 laudibus
1295 4626 1561 4688 celebrat,
1591 4640 1621 4678 a
1649 4622 1850 4694 quibus
1875 4630 2054 4677 tamen
2079 4631 2194 4676 tan-

606 4735 771 4790 quam
805 4735 833 4774 a
864 4717 1034 4788 ﬂagro
1054 4716 1251 4787 refugit
1275 4727 1327 4771 et
1355 4717 1631 4770 abhorret.
1664 4711 2039 4768 Obedientiam
2066 4712 2194 4768 b'ca-

607 4825 718 4868 tam
757 4813 1034 4882 praedicat,
1077 4827 1242 4882 quam
1281 4811 1489 4880 primus
1517 4810 1633 4880 ipse
1662 4807 1828 4862 violat
1849 4806 1957 4880 [cui
1983 4808 2194 4879 primus

607 4907 726 4977 ipse
780 4900 1086 4976 repugnat}.
1125 4901 1345 4956 Extollit
1386 4901 1506 4956 illos
1539 4900 1631 4969 qui
1670 4901 1874 4957 nullius
1909 4901 1986 4955 rei
2035 4898 2192 4968 cupi-

607 5000 779 5055 ditate
809 5005 1081 5060 tenentur,
1123 5003 1176 5049 et
1219 4993 1336 5064 ipse
1376 5007 1477 5064 pro
1513 4992 1783 5048 vilissimo
1828 4991 1989 5062 panni
2021 4989 2192 5045 ﬂocco

608 5107 716 5146 non
741 5089 1015 5145 erubescit
1041 5087 1198 5142 irasci
1218 5097 1272 5140 et
1294 5086 1482 5140 rixari.
1505 5083 1824 5156 Indignatur
1844 5101 1967 5139 cum
1999 5083 2190 5138 irasci—

609 5191 719 5249 tur,
755 5191 809 5236 et
861 5181 1006 5250 quod
1063 5178 1375 5247 indignatus
1431 5177 1522 5243 sit,
1565 5176 1760 5230 iterum
1819 5173 2094 5240 irascitur,
2139 5183 2193 5228 et

606 5290 732 5328 cum
783 5273 1077 5326 identidem
1113 5271 1366 5324 vincatur
1399 5277 1453 5322 et
1477 5275 1618 5330 ruat,
1647 5268 1953 5336 iterumque
1999 5266 2187 5320 vinca-

609 5377 698 5421 tur
744 5373 800 5420 et
842 5374 986 5429 ruat,
1039 5363 1254 5416 ruinam
1314 5371 1492 5414 tamen
1543 5361 1793 5430 stupidus
1845 5375 1952 5414 non
2004 5360 2187 5415 sentit.

609 5457 753 5509 Bene
779 5455 1028 5526 saginato
1064 5467 1247 5507 ventre
1280 5452 1523 5521 pmnitet,
1549 5461 1601 5505 et
1619 5452 1838 5520 paulum
1871 5465 2190 5522 progressus

609 5548 856 5614 saginam
894 5545 1100 5616 sagina:
1125 5543 1295 5609 addit,
1331 5551 1385 5598 et
1435 5543 1630 5596 iterum
1673 5552 1845 5597 vorat.
1902 5541 2187 5597 Silentium

609 5637 826 5718 beatum
867 5636 1118 5702 aﬂirmat,
1153 5643 1208 5690 et
1244 5643 1436 5689 contra
1472 5633 1748 5689 silentium
1775 5635 1942 5688 multa
1981 5635 2047 5690 de
2080 5632 2194 5688 Ian-

611 5728 769 5798 pibus
789 5730 989 5788 silentii
1027 5728 1194 5801 garrit
1220 5747 1234 5796 ;
1259 5727 1324 5784 de
1357 5727 1775 5786 mansuetudine
1807 5727 1985 5794 docet,
2021 5736 2074 5786 et
2105 5729 2187 5784 in-

2296 4531 2511 4604 πρῶτος
2531 4531 2694 4596 αὐτὸς
2716 4532 3043 4604 παρακούει.
3070 4535 3208 4598 Τοὺς
3236 4535 3613 4606 ἀπροσπαθεῖς
3642 4537 3884 4600 ἐπαινεῖ,

2294 4623 2386 4677 καὶ
2428 4623 2518 4678 διὰ
2568 4623 2734 4692 ῥάκος
2783 4623 3160 4695 μνησικακῶν,
3208 4624 3303 4678 καὶ
3346 4624 3602 4694 πολεμῶν
3643 4626 3758 4679 οὐκ
3805 4628 3890 4679 αἱ-

2258 4793 2262 4796 _
2295 4714 2568 4787 σχύνεται.
2611 4714 2993 4787 Ὀργιζόμενος
3032 4715 3401 4788 πικραίνεται,
3433 4716 3528 4770 καὶ
3561 4715 3655 4768 ἐπὶ
3692 4720 3769 4790 τῇ
3801 4735 3890 4771 πι-

2293 4807 2426 4880 κρίᾳ
2453 4808 2612 4862 πάλιν
2638 4807 2940 4880 ὀργίζεται,
2973 4808 3068 4862 καὶ
3090 4810 3156 4880 τῇ
3192 4809 3333 4882 ἥττῃ
3360 4803 3530 4882 ἧτταν
3564 4811 3890 4882 προστιθεὶς

2293 4901 2394 4954 οὐκ
2419 4898 2738 4954 αἰσθάνεται
2761 4918 2775 4933 ·
2814 4899 3096 4972 κορεσθεὶς
3126 4900 3538 4972 μεταμελεῖται,
3560 4900 3655 4954 καὶ
3685 4902 3890 4974 μικρὸν

2296 4991 2529 5066 προὸἀς,
2560 4992 2723 5046 πάλιν
2749 4991 2827 5063 τῷ
2856 4993 3003 5064 κόρῳ
3028 4991 3362 5064 προσέθηκε.
3395 4991 3506 5063 Τὴν
3537 4990 3760 5064 σιωπὴν
3789 5011 3892 5063 μα-

2294 5081 2534 5154 καρίζει,
2566 5084 2660 5138 καὶ
2685 5083 2774 5137 διὰ
2801 5083 3124 5154 πολυλογίας
3151 5083 3322 5156 αὐτὴν
3349 5082 3713 5154 ἐγκωμιάζει.
3753 5085 3891 5155 Περὶ

2294 5176 2600 5247 πραότητος
2627 5175 2886 5240 διδάσκει,
2920 5175 3015 5229 καὶ
3039 5176 3098 5228 ὲν
3131 5175 3268 5246 αὐτῇ
3299 5178 3365 5247 τῇ
3397 5174 3726 5248 διδασκαλίᾳ
3760 5175 3889 5229 πολ-

2292 5268 2451 5331 λάκις
2477 5266 2776 5338 ὀργίζεται,
2800 5268 2894 5321 καὶ
2925 5268 3018 5321 ἐπὶ
3046 5269 3114 5339 τῇ
3145 5268 3344 5339 πικρίᾳ
3373 5266 3536 5321 πάλιν
3562 5265 3884 5338 ὀργίζεται·

2293 5359 2572 5430 ἀνανήψας
2607 5359 2879 5426 ἐστέναξε,
2913 5360 3006 5413 καὶ
3044 5359 3142 5430 τὴν
3173 5359 3416 5430 κεφαλὴν
3443 5358 3671 5428 κινήσας
3719 5357 3887 5412 πάλιν

2291 5450 2384 5504 τοῦ
2428 5449 2633 5513 πάθους
2665 5450 2866 5521 ἔχεται.
2917 5451 3020 5504 Τὸν
3059 5450 3273 5519 γέλωτα
3303 5450 3482 5520 ψέγει,
3529 5448 3624 5505 καὶ
3653 5448 3886 5519 μειδιῶν

2298 5543 2425 5612 περὶ
2476 5539 2705 5603 πένθους
2750 5540 3014 5598 διδάσκει.
3061 5539 3286 5594 Ἑαυτὸν
3333 5539 3408 5602 ὡς
3454 5537 3739 5602 κενόδοξον
3795 5539 3886 5589 ἐπὶ

2290 5650 2450 5687 τινων
2475 5633 2918 5704 καταμέμφεται,
2950 5631 3042 5686 καὶ
3072 5632 3160 5686 διὰ
3193 5632 3286 5686 τοῦ
3316 5632 3486 5704 ψόγου
3515 5629 3672 5696 δόξαν
3695 5628 3886 5694 ἑαυτῷ

2293 5723 2763 5797 πραγματεύεται.
2805 5721 3098 5796 ’Βμπαθῶς
3126 5727 3206 5789 είς
3228 5725 3517 5796 πρόσωπον
3546 5721 3759 5794 βλέπει,
3786 5722 3883 5773 καὶ
