4042 6430
224 304 359 368 933
1218 288 1450 350 SCALA
1493 281 1873 347 PARADISI.
1909 307 1975 319 -
1999 274 2310 338 GRADUS
2334 270 2555 333 XVIII.
3430 260 3543 328 93-1

237 412 388 485 περὶ
424 406 784 480 σωφροσύνης
823 400 1148 469 διαλέγεται.
1196 396 1339 459 Τοὺς
1389 393 1765 465 ἡσυχάζοντας
1797 390 1856 443 ὲν

1974 402 2043 442 μοι·
2077 382 2382 440 docendum
2420 393 2565 449 saepe
2592 375 2875 441 irascitur,
2913 383 2969 430 et
2998 386 3221 430 rursum
3249 373 3395 445 quod
3425 375 3540 429 ira-
3643 372 3657 431 _'

475 464 778 567 δὶἆτρισωῖ
815 464 1063 555 ἐπαινεῖ,
1113 485 1211 540 καὶ
1241 464 1435 538 ἑαυτὸν
1472 479 1745 552 αἰσχύνων
1784 478 1848 531 ού

1974 485 2166 541 ιοαιυτ,
2199 473 2476 529 irascitur.
2509 467 2859 538 Resipiscens
2880 464 3208 536 ingemiscit,
3241 473 3296 519 et
3329 472 3541 518 metato

239 556 534 650 κατανοεῖ.
568 556 713 651 Ἰξοὺς
737 584 1039 654 ἐλεήμονας
1066 577 1305 645 δοξάζει,
1338 574 1580 636 καὶτοὺς
1598 569 1850 642 πτωχοὺς

1974 569 2134 642 :apite
2176 580 2373 623 rursus
2402 561 2687 618 relabitur.
2720 558 2914 614 Risum
2945 556 3319 628 reprehendit,
3345 564 3403 611 et
3426 556 3544 626 ipse

238 646 526 751 δνειδίζει.
558 646 804 736 Πάντοτε
829 646 1026 730 ἑαυτοῦ
1053 673 1362 743 κατήγορος
1388 667 1598 739 γίνεται
1622 663 1726 737 (6),
1753 663 1850 717 καὶ

1974 662 2021 751 le
2069 660 2219 715 luctu
2285 652 2575 751 subridens
2623 652 2800 707 docet.
2858 649 3017 720 261
3078 646 3347 719 Seipsum'
3391 661 3548 702 vanae

241 736 723 844 *συναίσθησιν
748 768 925 824 ἐλθεῖν
959 768 1019 821 ού
1056 736 1327 837 βούλεται,
1367 736 1456 816 ἵνα
1490 758 1568 833 μὴ
1607 757 1749 811 εἴπω
1781 752 1844 806 οὐ

1974 747 2142 821 deria;
2159 759 2345 802 coram
2372 740 2647 811 aliquibus
2675 754 2827 795 reum
2854 739 3161 810 proﬁtetur,
3183 745 3239 794 et
3260 752 3354 808 per
3371 736 3546 807 ipsam

239 869 502 924 δύναται,
666 872 675 877 -
1493 828 1504 830 “
1552 828 1565 833 ’
1951 841 2096 895 hanc
2116 833 2516 909 professionem
2572 845 2766 886 vanam
2796 829 3024 900 gloriam
3042 837 3247 900 captat.
3273 828 3557 899 lmpudice

238 964 442 1019 vultus
475 960 708 1016 aliorum
740 954 1176 1024 contemplatur,
1213 959 1268 1007 et
1300 949 1370 1005 de
1427 944 1692 1020 pudicitia
1745 941 1954 996 interea
2020 939 2456 1005 argumentatur.
2516 926 2700 982 Vitam
2742 925 3042 982 solitariam
3087 924 3206 996 ipse
3258 933 3410 981 extra
3462 938 3556 980 so-

250 1013 646 1111 litu—d‘i'nem'in
684 1048 886 1104 saeculo
923 1013 1127 1117 degens
1158 1013 1455 1106 collaudat,
1518 1045 1573 1093 et
1604 1032 1751 1106 quod
1801 1030 2045 1098 seipsum
2110 1021 2406 1089 redarguat
2451 1031 2519 1072 ac
2568 1014 2900 1086 pudefaciat,
2958 1014 3206 1085 stupidus
3249 1029 3358 1069 non
3388 1013 3550 1070 intel-

246 1155 395 1223 ligit.
422 1151 699 1220 Benignos
734 1149 787 1201 in
814 1108 1087 1215 pauperes
1111 1139 1369 1196 laudibus
1422 1130 1799 1207 prosequitur,
1847 1133 1904 1182 et
1946 1122 2063 1191 ipse
2096 1114 2364 1172 mendicis
2404 1111 2626 1168 interim
2673 1109 3036 1167 conviciatur.
3082 1108 3140 1163 In
3175 1108 3432 1164 omnibus
3463 1126 3550 1167 se-

248 1217 441 1317 ipsum
469 1217 719 1303 accusat,
748 1248 804 1293 et
827 1251 934 1292 non
968 1234 1151 1290 studet
1179 1230 1526 1300 resipiscere,
1550 1239 1624 1280 ne
1640 1222 1846 1282 dicam,
1880 1228 1988 1270 non
2018 1217 2217 1282 potest.

335 1338 598 1409 Ἑώρακα
634 1332 746 1403 ἐγὼ
780 1331 1057 1393 τοιούτους
1098 1326 1328 1389 πολλοὺς
1371 1325 1501 1396 περὶ
1539 1321 1722 1388 ἐξόδου
1750 1316 1847 1371 καὶ

246 1431 391 1503 (ροϐε
400 1430 511 1502 ρῶν
551 1424 854 1499 κριτηρίων
893 1423 1000 1494 ἀκη

246 1528 339 1580 ἔτι
382 1523 493 1576 τῶν
533 1518 790 1591 δακρύων
824 1517 882 1571 ἐν
928 1512 1230 1583 ὀφθαλμοῖς
1281 1507 1637 1579 ὑπαρχόντων
1685 1522 1852 1558 σπου-

248 1620 426 1683 δαίως
456 1617 549 1670 ἐπὶ
579 1616 681 1685 τὴν
727 1610 1008 1684 τράπεζαν
1057 1606 1326 1672 ἐϐάδιζον.
1376 1605 1489 1658 Καὶ
1530 1601 1853 1671 τεθαύμακα

252 1715 382 1777 πῶς
413 1713 511 1765 καὶ
540 1707 737 1769 πένθος
769 1704 909 1775 αὕτη
955 1704 990 1773 ἡ
1024 1701 1280 1754 δέσποινα
1327 1699 1421 1751 καὶ
1464 1695 1698 1765 όζοθήκη
1731 1709 1855 1764 τρο-

250 1800 556 1858 πώσασθαι
599 1796 845 1867 ἠδυνήθη
890 1793 949 1860 ἐξ
983 1788 1322 1861 ἀναλγησίας
1352 1785 1553 1856 πολλῆς
1586 1799 1853 1856 κρατυνο-

257 1894 431 1966 μὲνη.
485 1890 641 1945 Κατὰ
670 1887 770 1959 τὴν
801 1885 1034 1957 δύναμιν
1078 1883 1178 1955 τὴν
1218 1880 1381 1951 ψιλὴν
1415 1879 1513 1950 τὴν
1545 1875 1855 1950 προσοῦσάν

263 2004 364 2058 μοι
407 1985 509 2055 τῆς
551 1980 808 2041 λιθώδους
840 1976 1066 2047 ταύτης,
1097 1974 1196 2029 καὶ
1238 1970 1545 2044 ἀκροτόμου
1574 1968 1853 2039 μαινάδος,

263 2081 370 2134 καὶ
404 2078 595 2148 μωρᾶς
640 2074 764 2137 τοὺς
791 2071 998 2136 δόλους,
1043 2069 1140 2123 καὶ
1191 2065 1466 2138 μώλωπας
1499 2061 1854 2133 γεγύμνωκα.

279 2172 415 2226 Ἐπὶ
443 2169 578 2221 πολὺ
602 2165 705 2238 γὰρ
726 2162 1029 2234 φιλολογεῖν
1055 2159 1198 2231 πρὸς
1222 2156 1398 2227 αὐτὴν
1425 2155 1526 2208 οὐκ
1556 2153 1855 2223 ἀνέχομαι·

263 2268 297 2320 ὁ
322 2264 386 2319 δὲ
415 2262 705 2332 δυνάμενος
740 2261 797 2312 ὲν
820 2254 1012 2325 Κυρίῳ
1035 2249 1466 2323 ὲκπειρασθῆναι
1496 2249 1608 2311 τοῖς
1633 2242 1860 2316 μώλωψι

258 2360 338 2411 τά
386 2358 691 2428 φάρμακα,
743 2351 818 2423 μὴ
861 2349 1230 2419 κατοκνήσει·
1283 2346 1345 2399 οὺ
1387 2342 1497 2415 γὰρ
1532 2338 1863 2410 αῑσγύνομαι

258 2452 411 2523 πρὸς
435 2448 612 2503 ταῦτα
636 2443 942 2515 ἀδυναμίαν
967 2438 1405 2512 προϐαλλόμενος
1426 2436 1501 2501 ὡς
1533 2435 1637 2490 ὗπδ
1658 2434 1863 2503 ταύτης

263 2543 512 2617 ἰσχυρῶς
545 2539 931 2611 κατεχόμενος,
963 2536 1087 2590 οὐδέ
1113 2551 1177 2603 γε
1206 2533 1333 2595 τοὺς
1363 2530 1547 2594 δόλους
1574 2529 1741 2599 αὐτῆς
1767 2529 1867 2581 καὶ

268 2638 527 2711 μηχανὰς
570 2636 633 2701 ἐξ
661 2631 860 2688 ἑαυτοῦ
893 2626 1300 2685 καταλαϐέσθαι
1337 2625 1557 2697 (exosa,
1606 2624 1658 2677 sl
1691 2623 1764 2693 μή
1797 2638 1863 2692 γε

267 2734 445 2803 αὐτήν
469 2748 577 2785 που
617 2724 965 2797 κατειληφὼς
999 2722 1089 2795 βίᾳ
1118 2720 1455 2793 κεκράτηκε.
1496 2717 1607 2771 Καὶ
1628 2716 1698 2771 τὰ
1725 2731 1867 2788 προ-

269 2825 540 2896 λεχθέντα
595 2821 892 2895 βασανίσας
945 2817 1115 2889 αὐτὴν
1175 2814 1508 2885 ὁμολογῆσαι
1566 2809 1863 2879 πεποίηκα,

271 2922 511 2993 μάστιγι
556 2917 727 2990 φόϐου
775 2915 1004 2987 Κυρίου,
1045 2913 1142 2967 καὶ
1176 2909 1523 2965 ἀδιαλείπτου
1558 2906 1869 2976 προσευχῆς

271 3013 640 3088 μαστιγώσας
684 3011 875 3081 αὐτήν.
922 3007 1013 3062 Διὸ
1050 3006 1147 3061 καὶ
1185 3004 1371 3073 ἔλεγεν
1400 3005 1433 3075 ἡ
1469 3001 1724 3070 τυραννὶς
1773 2999 1869 3053 καὶ

268 3109 588 3182 κακοῦργος
610 3124 625 3138 ·
690 3107 753 3159 Οί
800 3104 925 3175 ἐμοὶ
975 3098 1303 3155 ὑπόσπονδοι
1354 3096 1581 3168 νεκροὺς
1631 3092 1868 3164 ὁρῶντες

270 3208 513 3276 γελῶσιν
537 3223 551 3237 ·
602 3206 664 3259 ὲν
709 3202 987 3272 προσευχῇ
1030 3195 1451 3271 παριστάμενοι,
1483 3190 1728 3256 λιθώδεις
1758 3189 1871 3244 ὅλοι
1896 3189 1941 3246 C

269 3303 377 3356 καὶ
427 3297 661 3371 σκληροὶ
711 3296 810 3350 καὶ
873 3292 1138 3347 σκοτεινοὶ
1180 3289 1552 3361 τυγχάνουσι·
1608 3283 1747 3356 πρὸς
1776 3282 1875 3355 τὴν

275 3393 439 3467 ἱερὰν
466 3391 755 3465 τράπεζαν
785 3372 1199 3459 παριστάμενοι
1215 3378 1603 3451 ἀναιώητοῦσι
1638 3374 1737 3430 τοῦ
1768 3374 1876 3429 δώ-

275 3466 383 3561 ρου
423 3482 936 3557 μεταλαμϐάνοντες
962 3478 1038 3542 ώς
1061 3475 1221 3548 ψιλοῦ
1247 3476 1415 3546 ἄρτου
1449 3469 1735 3541 ὲπιγεύσει
1759 3466 1878 3521 διά·-

275 3558 497 3636 κεινται
521 3594 535 3608 ·
594 3575 706 3646 ἐγὼ
752 3569 1268 3641 κατανυσσομὲνους
1306 3565 1490 3637 ὁρῶσα
1532 3558 1873 3634 μυκτηρίζω.

274 3673 475 3728 Πάντα
508 3668 579 3724 τὰ
620 3666 921 3737 τικτόμενα
944 3662 1010 3738 ὶὶξ
1052 3659 1304 3731 ἀνδρείας
1350 3654 1662 3712 καὶκπόθου
1692 3652 1878 3722 ἀγαθὰ

274 3765 399 3835 ἑγὼ
430 3760 779 3818 ἀποκτείνειν
814 3756 923 3811 ὑπὸ
969 3754 1064 3809 τοῦ
1110 3752 1212 3823 ἐμὲ
1247 3738 1640 3821 γεγεννηκότος
1671 3744 1880 3815 πατρὸς

285 3856 614 3930 μεμάθηκα.
649 3851 790 3921 Ἐγὼ
810 3849 1047 3919 γέλωτος
1069 3846 1252 3930 μήτηρ
1273 3859 1289 3873 ο
1313 3840 1426 3911 ἐγὼ
1451 3839 1621 3894 ὕπνου
1642 3834 1840 3907 τροφός
1860 3850 1875 3866 ο

438 3944 601 4016 κόρου
638 3942 801 4014 φίλη·
853 3938 966 4009 ἐγὼ
1015 3926 1406 4008 ψευδευλαϐεἰᾳ
1448 3929 1834 4002 συμπλέκομαι
1859 3941 1874 3956 ο

284 4040 415 4112 ἐγὼ
445 4038 767 4110 ὲλεγχομὲνη
796 4036 858 4089 ού
890 4032 1040 4087 πονῶ
1061 4048 1075 4064 ·
1108 4027 1223 4098 ἐγὼ
1250 4023 1347 4082 οὖν
1374 4026 1406 4080 6
1429 4022 1594 4087 τάλας
1620 4022 1722 4091 τῆς
1752 4035 1879 4091 μαι-

289 4132 465 4196 νάδος
494 4131 553 4185 τὸ
584 4130 750 4198 λόγιον
788 4122 1116 4197 θαμδηθεὶς,
1158 4119 1388 4192 ἠρώτων
1425 4113 1522 4169 τοῦ
1552 4112 1755 4183 ταύτην
1782 4126 1880 4178 γε-

288 4223 625 4297 γεννηκότος
650 4222 708 4277 τὸ
743 4221 917 4291 ὄνομα
951 4215 1246 4289 μανθάνειν
1290 4210 1481 4265 θέλων.
1525 4207 1590 4260 Ἦ
1614 4204 1674 4259 δέ
1694 4221 1721 4257 ’.
1750 4202 1882 4256 Γέν-

284 4336 455 4393 νησιν
493 4316 623 4390 μίαν
648 4316 711 4369 ού
741 4315 1022 4382 κέκτημαι
1042 4326 1056 4340 ο
1093 4304 1260 4379 μικτὴ
1285 4304 1343 4357 δέ
1375 4318 1492 4365 πως
1524 4299 1620 4354 καὶ
1647 4297 1882 4360 ἄστατος

281 4415 322 4484 ἡ
343 4387 471 4482 ⁷ἐμὴ
495 4387 820 4478 καθέστηκα
850 4402 1045 4474 κύησις
1066 4418 1081 4433 ο
1131 4397 1232 4469 ἐμὲ
1266 4392 1526 4468 κρατύνει
1557 4391 1740 4462 κόρος,
1781 4387 1883 4460 ἐμὲ

283 4480 505 4574 ηὔξησε
552 4499 745 4572 χρόνος
767 4540 782 4564 ,
832 4495 934 4567 ἐμὲ
979 4489 1303 4560 πεπαγίωκε
1346 4484 1602 4557 συνήθεια
1649 4480 1880 4552 πονηρὰ,

284 4593 516 4663 ἐκείνην
561 4591 592 4644 ό
640 4589 889 4659 κατέχων
937 4585 1039 4639 οὐκ
1086 4575 1587 4653 ἐλευθερωθήσεται
1633 4590 1736 4646 μου
1782 4575 1831 4642 (7

301 4682 571 4755 Ἐπίμενε
606 4679 850 4752 μελετῶν
900 4678 957 4731 ἐν
988 4671 1268 4744 ἀγρυπνία
1310 4667 1481 4740 πολλῇ
1530 4665 1714 4737 κρίσιν
1753 4664 1887 4716 αἰω-

1806 4538 1881 4640 τ)ζ
1918 4538 1961 4593 θ

2029 1304 2150 1361 Vidi
2179 1316 2309 1373 ergo
2337 1299 2638 1371 permultos
2654 1313 2722 1353 ex
2738 1297 2843 1353 hoc
2870 1310 3067 1366 genere
3081 1295 3387 1361 hominum,
3422 1310 3549 1349 cum

1006 1387 1199 1484 κοότας
1234 1387 1329 1474 καί
1365 1387 1721 1487 δακρύοντας,
1752 1411 1851 1464 καὶ

1974 1398 2025 1453 ie
2054 1396 2202 1452 exitu
2239 1395 2384 1458 vitae,
2410 1402 2466 1449 et
2500 1391 2783 1448 tremendo
2845 1387 3055 1444 Judicis
3104 1388 3382 1457 tribunali,
3413 1389 3551 1443 alios

1960 1496 2284 1560 perorantes
2315 1485 2591 1549 audirent,
2625 1479 2884 1553 iacrymis
2907 1477 3183 1549 perfundi,
3215 1479 3557 1549 eosdemque

1971 1577 2404 1650 lacrymantibus
2434 1575 2614 1630 adhuc
2642 1571 2814 1627 oculis
2856 1571 2920 1625 ad
2958 1571 3205 1625 mensam
3234 1583 3549 1638 properare.

1969 1670 2043 1725 Et
2086 1670 2390 1726 demiratus
2423 1681 2568 1732 sum,
2609 1662 2889 1735 quomodo
2926 1662 3042 1716 haec
3063 1661 3209 1715 olida
3239 1660 3458 1714 domina
3488 1674 3556 1715 ex

1964 1762 2224 1819 diuturna
2257 1757 2555 1813 indolentia
2588 1764 2643 1810 et
2670 1761 2895 1823 stupore
2942 1752 3294 1807 corroborata
3322 1749 3559 1820 potuerit

1888 1853 1931 1908 Β
1963 1854 2128 1910 etiam
2180 1851 2389 1905 luctum
2439 1848 2621 1918 ipsum
2672 1846 2913 1901 vincere.
2966 1842 3081 1914 Ego
3110 1857 3211 1912 pro
3249 1840 3398 1897 tenui
3434 1855 3559 1895 mea

1960 1945 2217 2001 facultate
2260 1941 2424 2012 bnjus
2468 1953 2683 2006 saxeae,
2713 1935 3116 2008 praecipitisque
3147 1944 3201 1988 et
3242 1932 3460 1987 furiosae
3493 1947 3560 1987 ac

1961 2036 2170 2094 stolidae
2210 2032 2447 2088 domina:
2497 2028 2671 2084 malas
2726 2035 2871 2081 artes
2909 2035 2964 2080 et
3010 2025 3301 2080 vulnerum
3350 2020 3563 2078 vibices

1959 2127 2139 2184 detexi
2165 2147 2177 2182 :
2206 2141 2332 2180 nam
2370 2123 2544 2178 multa
2565 2137 2689 2176 cum
2725 2120 2814 2174 illa
2846 2118 3077 2172 fabulari
3111 2125 3165 2172 et
3192 2114 3556 2172 sermocinari

1966 2237 2073 2276 non
2119 2219 2389 2275 sustineo.
2439 2214 2495 2270 Si
2537 2213 2664 2285 quis
2703 2219 2887 2266 tamen
2929 2217 3033 2277 est,
3081 2207 3177 2278 qui
3217 2223 3316 2262 usu
3365 2208 3565 2262 doctus

1964 2310 2289 2368 vulneribus
2318 2308 2405 2364 his
2443 2305 2647 2361 mederi
2680 2309 2881 2373 potest,
2912 2301 2964 2355 id
3012 2301 3193 2354 facere
3236 2313 3304 2352 ne
3335 2305 3560 2351 cuncte-

1967 2415 2079 2463 tur.
2107 2402 2222 2475 Ego
2247 2401 2450 2474 quippe
2474 2414 2581 2454 non
2612 2412 2804 2452 vereor
2839 2394 3072 2465 ingenue
3107 2390 3378 2457 conﬁteri,
3408 2404 3562 2445 meas

1965 2496 2030 2555 ad
2065 2498 2208 2555 hanc
2239 2511 2356 2551 rem
2398 2493 2541 2548 vires
2577 2491 2832 2555 deﬁcere,
2876 2498 2935 2543 ut
2977 2486 3069 2557 qui
3114 2486 3231 2556 ipse
3277 2484 3404 2538 huic
3426 2483 3567 2539 vitio

1967 2590 2127 2647 valde
2174 2589 2447 2647 obnoxius
2496 2586 2626 2649 sim,
2668 2583 2826 2653 cujus
2861 2580 3117 2650 strOphas
3162 2587 3214 2633 et
3248 2577 3465 2633 fraudes
3494 2591 3563 2633 ne

1965 2683 2371 2756 deprehendere
2388 2667 2612 2752 quidem
2634 2693 2728 2749 per
2756 2691 2843 2731 me
2872 2674 3196 2745 potuissem,
3220 2672 3323 2727 nisi
3353 2672 3561 2741 impro-

1968 2782 2091 2836 bam
2116 2779 2261 2834 hanc
2286 2774 2677 2832 insidiatricem
2713 2772 2764 2827 vi
2790 2769 3244 2840 comprehensam
3275 2765 3559 2835 ﬂagroque

1968 2873 2180 2930 timoris
2198 2870 2433 2945 Domini,
2447 2865 2746 2925 etassiduis
2763 2864 3017 2936 precibus
3031 2868 3230 2915 tortam
3243 2874 3307 2914 ea
3318 2856 3565 2913 confiteri

1968 2981 2090 3035 qua
2125 2964 2299 3020 deilla
2315 2961 2530 3033 scripsi,
2550 2960 2877 3031 coegissem.
2897 2955 3082 3026 Itaque
3112 2952 3273 3024 262
3321 2949 3568 3020 improba

1972 3059 2062 3114 illa
2085 3070 2138 3113 et
2162 3072 2304 3113 saeva
2321 3054 2566 3129 tyrannis
2585 3053 2868 3124 prolocuta
2892 3048 3194 3105 :Foederati
3216 3043 3341 3107 mei,
3366 3041 3568 3113 inquit,

1972 3151 2238 3209 cadavera
2273 3147 2705 3219 contemplantes
2728 3143 2926 3209 rident,
2956 3142 3097 3196 inter
3122 3152 3309 3211 preces
3332 3134 3483 3193 saxei
3511 3140 3569 3187 et

1982 3244 2127 3311 duri,
2167 3242 2491 3311 confusique
2539 3254 2633 3295 seu
2679 3235 2811 3291 caeci
2865 3241 3035 3300 sunt;
3076 3247 3202 3286 cum
3251 3229 3318 3284 ad
3351 3224 3566 3284 sacram

1979 3338 2212 3411 synaxin
2255 3333 2525 3391 accedunt
2571 3330 2690 3387 sine
2734 3327 2846 3381 ullo
2876 3323 3093 3396 pietatis
3134 3336 3298 3379 sensu
3349 3318 3571 3375 cmleste

1981 3431 2211 3494 donum,
2243 3425 2470 3498 perinde
2497 3438 2560 3477 ac
2591 3422 2638 3477 si
2669 3408 2777 3475 vile
2833 3418 2991 3489 panis
3030 3413 3330 3477 crustulum
3382 3420 3571 3482 gusta-

1978 3530 2120 3591 rent,
2167 3516 2497 3593 percipiunt.
2527 3514 2642 3585 Ego
2673 3512 2894 3583 quando
2924 3518 3284 3579 compunctos
3310 3503 3470 3560 video
3502 3502 3574 3556 ir-

1980 3618 2153 3675 rideo.
2186 3614 2301 3686 Ego
2325 3612 2508 3668 omnia
2549 3609 2809 3682 praeclara
2852 3619 3017 3677 opera
3046 3618 3112 3658 ex
3152 3613 3417 3674 generoso
3452 3594 3572 3651 aui-

1978 3725 2071 3765 mo
2101 3719 2156 3766 et
2179 3710 2322 3764 bono
2353 3703 2549 3760 aﬂ‘ectu
2579 3713 2705 3758 nata
2736 3700 2805 3755 ab
2829 3715 2895 3753 eo
2924 3697 3019 3768 qui
3045 3711 3130 3751 me
3160 3692 3366 3766 genuit,
3394 3698 3570 3761 patre,

1978 3816 2221 3865 mactare
2246 3804 2432 3860 didici.
2467 3800 2581 3872 Ego
2612 3814 2812 3871 parens
2852 3812 2974 3853 sum
3017 3793 3253 3849 levitatis
3297 3800 3352 3846 et
3385 3792 3530 3845 risus
3556 3830 3571 3844 .

1981 3918 2083 3974 ego
2110 3900 2293 3958 nutrix
2316 3897 2499 3956 somni
2526 3916 2541 3950 :
2565 3882 2677 3966 ego.
2701 3892 2981 3952 societatis
3019 3889 3194 3943 amica
3224 3905 3238 3942 :
3263 3900 3365 3956 ego
3393 3884 3575 3945 simn—

1981 3997 2104 4051 latae
2136 3993 2323 4066 pietati
2363 4005 2450 4046 me
2492 3990 2734 4059 adjuugo
2763 3999 2903 4055 :ego
2935 3982 3221 4053 objurgata
3249 3993 3359 4033 non
3391 3976 3575 4032 deleo.

1981 4087 2108 4143 Haec
2146 4102 2247 4158 ego
2286 4084 2471 4139 infelix
2503 4096 2628 4137 cum
2659 4081 2729 4135 ab
2758 4079 2860 4134 hac
2894 4076 3031 4130 furia
3067 4070 3472 4143 cognoxissem,
3518 4068 3574 4123 in

1983 4194 2258 4238 summam
2309 4176 2729 4233 admirationem
2782 4182 3008 4241 raptus,
3067 4174 3121 4220 ct
3165 4162 3576 4234 obstupefactus

1982 4277 2210 4335 omnino
2259 4273 2441 4345 cupivi
2496 4286 2695 4327 nomen
2741 4266 2917 4337 patris
2979 4263 3148 4332 hujus
3220 4273 3575 4331 cognoscere.

1983 4369 2099 4439 Ego
2131 4379 2280 4433 vero,
2312 4362 2509 4433 inquit,
2541 4375 2648 4415 non
2679 4374 2710 4413 e
2740 4354 2973 4424 simplici
3005 4366 3222 4422 unaque
3248 4350 3419 4421 stirpe
3446 4358 3577 4403 nata

1987 4476 2107 4520 sum
2138 4478 2153 4516 :
2184 4459 2384 4514 mistus
2429 4455 2576 4513 enim
2615 4452 2752 4508 mihi
2789 4460 2845 4505 et
2877 4450 3122 4504 incertus
3160 4444 3395 4516 originis
3450 4458 3581 4498 san-

1990 4552 2114 4623 guis
2141 4561 2247 4617 est,
2271 4548 2534 4619 variaque
2578 4551 2875 4612 conceptus
2921 4539 3082 4594 ratio.
3133 4536 3346 4591 Nimius
3388 4549 3475 4588 me
3503 4533 3583 4588 ci-

1993 4647 2096 4701 bus
2132 4646 2393 4709 roborat,
2449 4651 2664 4709 tempus
2699 4643 2896 4707 auget,
2943 4632 3193 4704 improba
3242 4627 3584 4683 consuetudo

288 4734 625 4846 viav,‘iow;
658 4774 856 4849 μικρὸν
904 4734 1371 4842 ὕποχαλάσωσοι,
1416 4734 1581 4831 ’δραν
1607 4755 1708 4829 τὴν
1747 4752 1871 4825 ὲμὴι

1995 4745 2175 4798 ﬁrmat
2219 4736 2496 4814 [detinet],
2537 4751 2646 4806 qua
2684 4734 2781 4804 qui
2831 4738 3065 4798 tenetur,
3100 4743 3131 4784 a
3170 4742 3258 4781 me
3302 4739 3583 4794 nunquam

1993 4836 2051 4849 ..ι
2172 4835 2185 4849 ι
2210 4835 2243 4849 ι-
2308 4848 2313 4849 ,
2378 4830 2666 4849 n,-t-s__-_-
2699 4827 2750 4849 ε..
2775 4824 2989 4849 -.--:.I....
3025 4837 3119 4849 ..η-
3143 4819 3340 4849 ηιι-ιιηα
3372 4816 3583 4849 ινῖηἶΙῖσια

290 4871 485 4929 αἰτίαν
533 4846 699 4924 πόθεν
740 4846 801 4920 ἐν
837 4865 920 4919 σοὶ
949 4863 1208 4932 τίκτομαι
1234 4872 1250 4888 ·
1298 4855 1396 4911 καὶ
1437 4851 1583 4925 κατᾲ
1619 4849 1721 4917 τῆς
1746 4846 1889 4917 ἐμῆς

293 4961 575 5036 ἀγωνίζου
610 4960 817 5033 μητρός
841 4974 856 4989 ο
906 4957 968 5011 οὐ
999 4954 1113 5026 γὰρ
1156 4951 1285 5024 μίαν
1316 4950 1376 5002 ὲν
1412 4948 1549 5001 πᾶσι
1591 4941 1887 5012 κέκτημαι.

307 5032 409 5112 ’έν
436 5056 618 5128 σοροῐς
644 5050 950 5125 προσεύχου
984 5046 1169 5101 πυκνά
1192 5058 1207 5075 '
1257 5041 1444 5097 εἰκόνα
1469 5037 1676 5093 τούτων
1699 5032 1893 5100 ἀνεξά-

1993 4835 2336 4891 liberabitur.
2378 4830 2672 4887 Persevera
2699 4827 2754 4881 in
2774 4824 2995 4881 assidua
3025 4837 3119 4892 per
3143 4819 3343 4875 multas
3372 4816 3586 4886 vigilias

1991 4926 2184 4999 iudicii
2228 4924 2463 4982 extremi
2508 4919 2883 4986 meditatione,
2928 4925 2983 4972 ct
3048 4914 3280 4969 fortasse
3334 4906 3586 4965 nonnihil

1998 4998 2096 5079 tibi
2125 5019 2336 5076 cedam.
2368 5016 2588 5087 Dispice
2614 5013 2904 5084 diligenter
2939 5023 3185 5071 causam,
3216 5021 3284 5061 ex
3331 5017 3440 5073 qua
3490 4998 3584 5053 tibi

294 5103 973 5217 λειπτον
1023 5142 1090 5211 σῇ
1127 5135 1328 5209 καρδίᾳ
1356 5150 1370 5166 ο
1423 5132 1628 5202 ταύτης
1669 5128 1781 5200 γὰρ
1815 5126 1871 5197 μὶ

1996 5129 2125 5176 nata
2150 5134 2296 5184 sum,
2320 5125 2376 5172 et
2402 5115 2667 5171 adversus
2690 5117 2922 5166 matrem
2944 5121 3124 5163 meam
3151 5103 3392 5164 decerta,
3418 5111 3585 5169 quam

2385 5210 2400 5217 ‘
2461 5210 2473 5217 ‘
2632 5205 2651 5217 '
2907 5202 2941 5215 "
3072 5201 3404 5217 κμηι--Α--ηη
3480 5190 3560 5217 θ’..ιι

295 5190 616 5314 γραφείσηῖς
915 5190 1314 5303 irascens-sed.
1332 5227 1407 5299 μή
1440 5241 1508 5296 με
1545 5190 1776 5293 νικήσῃς
1813 5190 1871 5271 sit

1996 5231 2109 5271 non
2162 5227 2326 5270 unam
2385 5210 2581 5265 habeo.
2632 5205 2690 5262 ln
2744 5202 2975 5261 ossariis
3031 5201 3407 5270 sepulcrorum
3478 5190 3590 5245 fre-

309 5288 785 5312 .r.—v-...~.
869 5288 989 5306 ..
1158 5288 1196 5296 -.

296 5288 401 5388 τόν
431 5288 626 5387 αῑῶνα.
1178 5330 1185 5345 ‘
2001 5314 2235 5380 quenter
2280 5317 2525 5375 precare,
2572 5308 2628 5357 et
2676 5299 2733 5354 in
2777 5295 2944 5354 corde
2976 5305 3069 5349 tuo
3111 5288 3401 5360 imaginem
3437 5296 3593 5338 mor-

299 5439 530 5483 tuorum
584 5435 845 5483 aeternam
903 5424 1134 5497 depinge
1178 5443 1191 5479 :
1249 5423 1351 5478 hac
1397 5421 1542 5476 enim
1588 5417 1642 5471 in
1693 5419 1876 5470 mente
1924 5375 2040 5475 tua,
2084 5402 2339 5477 penicillo
2393 5398 2589 5472 jejunii
2632 5409 2743 5453 non
2795 5390 3089 5460 descripta,
3149 5382 3317 5443 nullis
3372 5375 3590 5437 sacculis

299 5539 399 5581 me
420 5536 626 5579 vmces.
