4042 6420
519 257 627 322 935
1778 264 1845 322 S.
1873 263 2196 327 JOANNIS
2222 267 2532 331 CLIMACI
3693 282 3800 348 98

706 367 882 441 ’283
923 367 1218 424 SCHOLIA
1256 367 1348 423 AD
1385 367 1676 424 G‘RADUM
1705 368 1888 426 XVIII.
2123 383 2172 435 Δ

1787 369 1888 425 ΊΙΙ.
2123 383 2172 435 Α
2573 376 2828 432 ΣΧΟΛΙΑ
2867 379 2975 432 ΕΙΣ
3014 379 3244 436 ΛΟΓΟΝ
3275 384 3383 442 ιη’.

1039 483 1113 535 De
1140 491 1356 550 stupore
1394 483 1582 537 animi.

2705 493 2845 560 Περί
2881 493 3310 564 ἀναισθησίας.

1137 569 1388 625 Scholion
1429 572 1480 626 I.

2827 586 3087 655 Σχόλιον
3124 585 3194 641 α’.

580 659 678 716 Ille
704 669 923 732 stupore
965 661 1176 717 laborat
1201 677 1520 730 nervorum,
1555 665 1715 735 cujus
1745 665 2104 723 instrumenta

2297 675 2652 747 Ἀναίσθητός
2710 675 2859 729 ἐστιν
2909 677 2938 728 ό
2983 678 3264 750 ὰνέργητα
3330 683 3671 755 κεκτημένος
3732 688 3803 745 τά

512 765 772 808 sensuum
799 763 928 807 sunt
953 753 1131 807 otiosa
1170 761 1224 806 et
1251 763 1532 819 enervata,
1567 757 1776 826 quique
1807 759 2105 816 destitutus

2213 766 2566 840 αἰσθητήρια,
2603 768 2698 822 καὶ
2731 769 3088 841 ἀφῃρημένος
3140 771 3201 824 τὸ
3239 753 3628 842 πεφυκδςήτῶν
3655 780 3801 834 κατὰ

511 853 594 898 est
651 840 1003 900 facultatibus
1065 853 1294 912 natura,
1343 846 1546 917 quibus
1605 865 1867 906 sensuum
1922 853 2104 910 officia

2213 862 2281 915 τὰ
2303 862 2637 934 αἰσθητήρια
2687 840 2876 933 ἕξεων,
2909 840 2916 841 7
2945 865 3044 918 καὶ
3079 864 3178 918 ἐπὶ
3211 840 3334 921 τῶν
3352 867 3572 924 ἐννοιῶν
3616 871 3801 928 ὡσαύ-

509 946 842 1007 exsequatur
876 955 889 991 :
917 937 1221 1007 eademque
1249 939 1389 994 ratio
1416 941 1803 1012 cogitationum
1831 943 1888 998 in
1922 959 1986 1001 eo
2008 945 2104 1017 qui
2211 968 2339 1015 τως.

508 1027 677 1081 animi
704 1035 929 1097 stupore
969 1027 1204 1084 laborat.

1124 1117 1377 1174 Scholion
1410 1121 1465 1177 2.
2643 1161 2654 1172 ι

2643 1161 2654 1172 ι
2817 1133 2865 1184 Σ
2867 1131 3079 1199 χόλιον
3128 1128 3193 1200 β’.

578 1207 778 1279 Stupor
806 1210 974 1265 animi
1002 1221 1054 1266 et
1076 1211 1280 1266 oblivio
1312 1229 1370 1267 se
1420 1223 1608 1270 mutuo
1639 1216 1879 1286 pariunt,
1905 1219 2103 1275 altera-

2294 1219 2649 1291 Ἀναισθησία
2684 1221 2778 1274 καὶ
2805 1219 2946 1292 λήθη
2971 1221 3546 1294 ἀλληλομητρότεκνος
3561 1226 3795 1294 γεννεά·

505 1316 613 1370 que
660 1310 744 1355 cs1
789 1303 1016 1358 alterius
1047 1315 1224 1359 mater
1259 1308 1577 1364 etsoboles.
1605 1308 1820 1366 Oblivio
1863 1318 1947 1366 est
1986 1327 2101 1369 me-

1446 1308 1577 1364 oles.
1605 1308 1820 1366 Oblivio
1863 1318 1947 1366 est
1986 1327 2102 1369 me-
2207 1311 2350 1384 λήθη
2380 1313 2498 1366 ἐστὶ
2519 1315 2741 1385 μνήμης
2781 1313 3042 1386 ἀποϐολή.

507 1395 692 1449 moria;
724 1396 972 1452 abolitio.

1123 1487 1373 1545 Scholion
1424 1493 1481 1546 5.

2818 1494 3082 1562 Σχόλιον
3105 1491 3176 1563 γ’..

578 1579 693 1636 Sibi
727 1581 832 1652 ipsi
863 1591 916 1637 et
941 1582 1127 1638 verbis
1160 1593 1214 1639 et
1243 1585 1405 1640 factis
1432 1586 1550 1644 suis
1581 1591 1918 1648 contrarius.

2289 1585 2505 1657 Ἑαυτῷ
2532 1585 2631 1641 καὶ
2675 1588 2791 1651 τοῖς
2845 1586 2999 1650 ίδίοις
3044 1587 3245 1657 λόγοις,
3277 1588 3373 1643 καὶ
3401 1588 3674 1661 πράξεσιν
3707 1590 3797 1643 ὲν-

2206 1677 2394 1732 αντιού
2401 1695 2584 1750 μενος.

1119 1783 1379 1841 Scholion
1426 1789 1482 1845 ι.
2133 1737 2180 1799 Β
2401 1737 2417 1750 .

2133 1737 2180 1799 Β
2401 1737 2417 1750 ’
2544 1737 2560 1742 ⁷
2811 1774 3074 1842 Σχόλιον
3113 1775 3177 1831 δ’.

579 1875 683 1942 Qui
704 1891 858 1947 azgcr
885 1888 970 1933 est
991 1879 1058 1935 ab
1085 1881 1292 1946 animo,
1323 1892 1378 1937 et
1403 1884 1524 1941 aliis
1547 1894 1697 1942 recte
1725 1887 1940 1944 vivendi
1967 1904 2104 1945 con-

2290 1867 2349 1920 '0
2377 1867 2478 1938 τὴν
2507 1865 2692 1939 ’ψυχὴν
2740 1866 3005 1934 ἀσθενῶν,
3038 1870 3273 1943 καὶτοῖς
3320 1869 3504 1934 ἄλλοις
3551 1869 3798 1942 διορθοῦ-

506 1967 688 2022 silium
722 1971 1228 2041 suggerigperinde
1261 1973 1392 2031 facit
1421 1985 1482 2032 ut
1509 1993 1689 2035 aecus
1705 1979 1796 2051 qui
1819 1981 1944 2038 aliis
1960 1982 2102 2038 viam

2204 1956 2332 2011 σθαι
2385 1956 2798 2028 συμϐουλεύων,
2837 1957 3031 2031 ὥσπερ
3070 1958 3360 2030 ἄνθρωπός
3407 1959 3528 2013 ἐστι
3567 1959 3791 2030 τυφλὸς,

505 2070 793 2118 monstrat.
1722 2049 1737 2051 ἡ

1722 2049 1737 2051 ἦ
2203 2049 2300 2104 καὶ
2324 2049 2597 2104 δεικνύων
2618 2049 2718 2120 τὴν
2748 2049 2887 2104 ὀδόν.

1141 2156 1395 2214 Scholion
1436 2161 1490 2217 5.

2813 2147 2863 2200 Σ
2862 2144 3076 2216 χόλων
3119 2151 3185 2200 ε’.

574 2243 716 2299 Sunt
758 2245 849 2314 qui
889 2246 1194 2316 loquuntur
1222 2251 1290 2305 de
1320 2254 1581 2322 operibus
1615 2256 1816 2326 quibus
1870 2274 2101 2330 regnum

2271 2233 2396 2288 Εἰσί
2429 2250 2576 2311 τινες
2621 2233 2915 2300 λαλοῦντες
2958 2234 3030 2288 τά
3066 2235 3168 2306 τῆς
3207 2234 3488 2306 βασιλείας
3523 2233 3689 2305 ἔργα,
3718 2235 3794 2306 μὴ

503 2333 600 2389 Dei
637 2335 964 2405 acquiritur,
998 2354 1122 2408 qua:
1164 2349 1342 2396 tamen
1381 2343 1483 2413 ipsi
1521 2325 1648 2400 noni
1683 2325 2099 2410 faciutIt.—Sunt

2201 2326 2565 2398 ἐργαζόμενοι
2611 2325 2671 2379 δὲ
2722 2326 2882 2381 αὑτά.
2933 2327 3045 2381 Καὶ
3097 2329 3203 2382 εἰσί
3242 2345 3393 2392 τινες
3427 2327 3792 2400 ἐργαζόμενοι

499 2425 592 2494 qui
625 2435 678 2480 et
708 2425 936 2493 faciunt,
975 2429 1066 2483 sed
1101 2445 1208 2484 non
1259 2439 1421 2487 caute
1451 2442 1505 2488 et
1552 2435 1790 2491 scienter
1821 2456 1834 2492 :
1884 2437 1962 2493 illi
1997 2455 2095 2495 au-

2198 2416 2270 2471 τά
2307 2417 2405 2487 τῆς
2440 2415 2738 2487 βασιλείας,
2763 2417 2879 2472 ἀλλ’
2913 2418 3014 2472 οὐκ
3033 2418 3093 2472 ὲν
3121 2419 3362 2490 φυλακῇ,
3390 2420 3516 2474 οὐδὲ
3551 2421 3612 2473 ὲν
3643 2420 3793 2488 γνὼ-

504 2528 636 2581 tem,
682 2517 750 2571 de
784 2518 986 2588 quibus
1014 2535 1200 2583 sermo
1235 2521 1788 2595 Salvatorisloquitur
1817 2547 1831 2584 :
1857 2529 2100 2600 Regnum

2201 2525 2286 2561 σει
2309 2523 2322 2537 ·
2348 2509 2406 2561 ὲν
2426 2503 2510 2571 οἷς
2547 2507 2607 2562 δὶ
2637 2507 2861 2578 γέγονεν
2895 2509 2924 2560 ὁ
2957 2507 3116 2577 λόγος
3143 2509 3239 2562 τοῦ
3269 2509 3546 2582 Σωτῆρος,
3571 2509 3637 2563 τό
3660 2527 3677 2541 ο
3726 2508 3793 2565 Ἦ

499 2606 601 2663 Dei
641 2610 786 2662 intra
813 2625 906 2663 vos
932 2619 1009 2664 est
1034 2611 1104 2678 τ’,
1131 2622 1184 2668 et
1219 2615 1378 2684 pauci
1408 2625 1540 2672 sunt
1575 2628 1630 2673 et
1665 2619 1773 2676 rari
1801 2631 1856 2678 et
1876 2599 2095 2680 ini'entu

2196 2599 2488 2665 ,βασιλεία
2516 2599 2638 2655 τῶν
2656 2600 2938 2670 οὐρανῶν
2969 2601 3147 2667 ἐντὸς
3165 2601 3338 2673 ὑμῶν
3375 2602 3576 2670 ἐστιν,
3619 2602 3792 2672 ὀλίγοι

501 2700 777 2756 difﬁciles.

2199 2693 2296 2748 καὶ
2330 2691 2550 2750 σπάνιοί
2578 2693 2688 2747 είσι
2723 2693 2821 2748 καὶ
2850 2691 3190 2765 δυσεύρετοι.

1195 2795 1382 2851 Aliud.

2893 2787 3098 2842 Ἄλλο.

1195 2797 1382 2851 Aliud.

571 2885 688 2942 Hoc
720 2888 1011 2944 molestum
1061 2898 1146 2945 est
1186 2893 1332 2962 quod
1388 2893 1617 2950 verbum
1648 2895 1940 2965 ἀπάθειαν,
1990 2899 2098 2960 hoc

2894 2797 3099 2842 Ἄλλο.

2268 2878 2442 2934 Τοῦτό
2475 2879 2594 2935 ἐστι
2635 2879 2832 2945 κόπος,
2859 2879 2944 2934 ὅτι
2970 2878 3071 2951 τὴν
3104 2879 3380 2935 ἀπάθειαν
3399 2878 3606 2952 ἔχομεν
3634 2881 3696 2934 ὲν
3715 2880 3791 2952 τῷ

501 2986 605 3045 est,
650 2980 820 3035 animi
863 2983 1314 3053 tranquillitatem
1347 2987 1496 3041 omni
1525 2988 1968 3058 pertubationum
2011 2991 2097 3048 al-

2202 2970 2456 3042 στόματι,
2481 2971 2582 3044 τήν
2597 2970 2662 3025 δὲ
2687 2969 2941 3043 ἀνομίαν,
2982 2971 3079 3026 καὶ
3099 2971 3200 3042 τὴν
3233 2971 3437 3027 κακίαν
3459 2972 3522 3027 ὲν
3552 2975 3625 3046 τῇ
3650 2989 3790 3044 καρ-

501 3069 642 3126 fcctu
673 3085 948 3130 carentem
1006 3075 1060 3129 in
1090 3090 1185 3128 ore
1223 3076 1550 3145 habeamus,
1586 3089 1642 3136 et
1683 3081 1738 3137 in
1785 3085 1952 3140 corde
1985 3084 2092 3140 ini-
2119 3093 2164 3154 ε
2196 3062 2306 3136 δίφ-

500 3164 763 3232 quitatcm
805 3176 860 3223 et
891 3167 1156 3221 malitiam
1189 3183 1286 3223 seu
1316 3169 1509 3226 vitium
1539 3173 1893 3233 retineamus.

1203 3261 1366 3317 Aliud
1375 3291 1388 3302 ο

2885 3259 3091 3312 Ἄλλο.

568 3344 716 3403 Nihil
739 3359 824 3406 est
853 3355 1172 3425 pauperius,
1207 3366 1263 3413 et
1309 3355 1566 3412 miserius
1590 3363 1774 3414 mente
1796 3371 1920 3429 quae
1946 3366 2097 3418 caret

2265 3352 2436 3409 Οὐδὲν
2464 3350 2817 3422 πτωχότερον
2861 3349 3128 3415 διανοίας,
3174 3347 3335 3416 ὶκτδς
3372 3348 3533 3418 Θεοῦ,
3565 3350 3783 3424 φιλοσοο

502 3435 634 3506 Deo,
659 3449 712 3494 et
740 3441 807 3495 de
836 3442 947 3499 Deo
968 3446 1388 3520 philosophatur
1417 3457 1473 3504 et
1511 3448 1780 3520 disputat.

1233 3448 1388 3504 batur
1417 3457 1473 3504 et
1511 3448 1780 3520 disputat.
2195 3446 2406 3518 φούσης
2439 3444 2511 3498 τὰ
2548 3441 2644 3496 τοῦ
2670 3441 2829 3497 Θεοῦ.

1207 3538 1393 3592 Aliud.
1783 3555 1788 3558 ‘

1783 3555 1788 3558 ·
2886 3535 3091 3590 Ἄλλο.

574 3623 682 3690 Qui
721 3625 922 3682 fatetur
946 3628 1293 3686 dulcedinem
1324 3638 1379 3686 et
1412 3645 1524 3686 non
1552 3639 1734 3702 gustat
1766 3630 1835 3687 de
1859 3630 1972 3700 illa,
2004 3631 2097 3690 hic

2267 3631 2337 3688 El
2365 3648 2450 3695 τις
2481 3627 2742 3700 ὁμολογεῖ
2775 3625 3116 3697 γλυκύτητα,
3151 3625 3226 3698 μὴ
3254 3625 3429 3681 ἐσθίει
3469 3626 3527 3680 δὲ
3559 3627 3657 3682 ἀπ’
3687 3629 3785 3684 αύ-

501 3733 750 3774 amaram
783 3735 904 3778 esse
931 3723 1080 3778 illam
1109 3724 1368 3780 ostendit.

2193 3724 2318 3797 τῆς,
2346 3723 2376 3777 ό
2405 3720 2649 3786 τοιοῦτος
2672 3719 2880 3789 πικρὰν
2913 3717 3084 3789 αὐτὴν
3123 3712 3390 3773 δείκνυσι.

1219 3815 1406 3870 Aliud.

2877 3810 3092 3864 Ἀλλο.

568 3903 672 3971 Qui
701 3919 761 3960 se
793 3904 964 3961 multa
1001 3907 1144 3963 scire
1176 3916 1232 3963 et
1276 3922 1452 3978 pauca
1489 3905 1668 3964 facere
1707 3908 1969 3976 ostendit,
2007 3907 2096 3965 ille

2277 3906 2336 3961 Ὀ
2385 3904 2688 3976 γνωστικδν
2745 3901 2943 3957 ἑαυτὸν
2999 3899 3286 3970 δεικνύων,
3343 3901 3440 3956 καὶ
3465 3901 3526 3956 οὺ
3579 3901 3785 3974 μᾶλλον

497 3998 690 4052 morbo
718 3998 994 4056 insensilis
1028 4001 1274 4072 stuporis
1303 4001 1539 4058 laborat.

1524 4042 1539 4058 .
2194 3996 2522 4070 πρακτικὸν,
2550 3993 2916 4066 ἀναισθησίαν
2951 3994 3119 4048 νοσεῖ.

1191 4093 1377 4148 Aliud.

2877 4088 3091 4142 Ἀλλο.

566 4184 809 4239 Observa
841 4185 988 4253 quod
1019 4185 1112 4256 qui
1145 4185 1386 4256 seipsum
1430 4185 1612 4241 verbis
1660 4184 1904 4254 damnat,
1957 4188 2094 4244 nihil

2265 4185 2586 4256 Σημείωσαι
2616 4182 2701 4237 ὅτι
2737 4183 2767 4236 ό
2789 4180 2880 4235 διά
2921 4181 3086 4250 λόγου
3119 4179 3318 4236 ἑαυτοῦ
3350 4181 3794 4252 καταγινώσκων

495 4289 562 4328 ex
622 4289 688 4328 eo
744 4273 957 4332 fructus
1003 4277 1293 4348 percipiat,
1341 4275 1506 4350 264
1545 4276 1651 4334 nisi
1697 4277 1865 4334 simul
1911 4293 2091 4335 mores

2199 4276 2346 4332 οὐδὲν
2373 4275 2667 4345 ὠφελεῖται
2697 4275 2764 4328 ἐκ
2788 4273 3004 4338 τούτου,
3036 4273 3134 4329 ἐὰν
3171 4273 3248 4346 μὴ
3280 4261 3378 4329 καὶ
3404 4271 3503 4347 τὴν
3531 4273 3622 4328 διὰ
3655 4276 3795 4346 τρό-

494 4367 766 4430 emendet,
797 4375 850 4421 et
880 4368 1200 4423 melioribus
1246 4376 1540 4438 permutet.

1411 4376 1540 4425 utet.
2196 4385 2316 4423 πων
2343 4366 2682 4438 ἐπιστροφήν
2713 4366 3007 4438 κτήσηται.

991 4455 1230 4532 Gregorii
1264 4459 1318 4514 Ν
1321 4461 1493 4530 ysseni
1521 4459 1574 4515 6.
2119 4455 2165 4511 Β
2469 4459 2587 4529 Σχό

2119 4455 2165 4511 D
2469 4459 2731 4529 Σχόλιον
2754 4458 3090 4528 Γρηγορίω
3120 4458 3414 4527 Νυσσέως
3437 4466 3513 4526 ς’.

562 4555 804 4626 Quorum
871 4553 1190 4625 magnitudo
1234 4553 1360 4606 mali
1410 4553 1576 4608 simul
1620 4569 1844 4612 sensum
1891 4570 2083 4612 eorum

2200 4547 2295 4606 Ὧν
2342 4553 2377 4623 ή
2402 4549 2702 4621 ,ὑπερϐολὴ
2741 4547 2838 4604 τοῦ
2893 4550 3089 4617 κακοῦ,
3123 4551 3218 4605 καὶ
3249 4549 3352 4623 τὴν
3395 4550 3681 4623 αἴσθησιν,
3715 4545 3796 4608 ὧν

492 4667 614 4720 qua:
639 4653 919 4721 patiuntur
949 4645 1193 4701 abstulit.

2192 4644 2490 4714 πάσχουσι,
2528 4640 2986 4714 προσαφῄρηται.

930 4736 1092 4789 Aliud
1119 4734 1302 4789 Photii
1327 4738 1672 4806 patriarcha.

2542 4739 2725 4793 Ἄλλο
2761 4736 2988 4792 Φωτίου
3041 4735 3429 4807 πατριάρχου.

567 4830 841 4886 Virtutum
893 4830 1153 4900 paulatim
1200 4829 1434 4885 defectio
1468 4841 1733 4902 quantum
1790 4831 1859 4887 de
1917 4847 2080 4890 sensu

2270 4832 2336 4886 Ἦ
2364 4831 2508 4886 κατά
2541 4829 2706 4902 μέρος
2737 4828 2845 4882 τῶν
2861 4828 3071 4901 ἀρετῶν
3089 4828 3361 4901 ἀπορροὴ.
3402 4827 3527 4881 ὅσον
3551 4826 3799 4882 ὑποκλέ-

497 4921 775 4993 peccantis
806 4920 1081 4987 subducit,
1131 4929 1284 4975 tanto
1335 4924 1556 4991 gravius
1604 4923 1863 4978 damnum
1897 4924 2079 4979 eIIicit.

2203 4941 2314 4979 πτει
2353 4923 2454 4995 τὴν
2504 4920 2782 4993 αἴσθησιν,
2825 4919 3082 4975 τοσοῦτον
3125 4919 3226 4992 τὴν
3279 4917 3488 4990 βλάϐην
3525 4918 3799 4990 χαλεπω-

493 5015 788 5084 POstquam
812 5014 958 5068 enim
991 5028 1214 5067 sensum
1245 5013 1368 5067 mali
1397 5014 1677 5080 exstinxit,
1705 5014 1954 5070 morbum
1986 5015 2086 5070 im-

2203 5015 2358 5087 πέραν
2385 5013 2712 5087 ἐργάζεται·
2769 5013 3174 5085 ἀνεπαίσθητον
3221 5012 3333 5084 γὰρ
3381 5011 3799 5084 ἐπιφερόμενον

491 5107 868 5164 mcdicabilem
904 5103 1086 5161 cliicit.

2187 5108 2250 5162 τὸ
2280 5107 2471 5175 κακὸν,
2523 5105 2901 5178 ἀθεράπευτον
2928 5105 3030 5177 τὴν
3079 5105 3235 5159 νόσον
3272 5102 3431 5158 εἴωθε
3455 5105 3649 5156 ποιεῖν.

1136 5193 1382 5251 Scholion
1410 5196 1464 5252 7.

2789 5199 2838 5252 Σ
2839 5197 3052 5266 χόλων
3090 5195 3155 5260 ζ’.

560 5291 606 5344 Δ
637 5305 871 5360 quorum
905 5289 1082 5345 oculis
1112 5288 1275 5344 timor
1315 5288 1408 5344 Dei
1441 5289 1798 5347 absconditus
1825 5291 2075 5359 recessit,

2263 5284 2367 5343 Ὧν
2422 5288 2530 5343 ἀπὸ
2575 5287 2686 5343 τῶν
2730 5286 3027 5359 ὀφθαλμῶν
3067 5288 3096 5340 ὁ
3131 5286 3298 5357 φόϐος
3340 5283 3640 5358 ἀπεκρύση
3687 5287 3797 5341 τοῦ

493 5379 594 5435 bos
635 5379 967 5437 insensibilis
1001 5379 1168 5434 animi
1205 5388 1396 5450 stupor
1431 5381 1864 5452 comprehendit.

1728 5381 1864 5436 ndil.
2190 5380 2349 5448 Θεοῦ,
2383 5380 2608 5446 τούτους
2633 5379 2958 5450 ἀναισθησία
2989 5379 3321 5451 πεπέδηκεν-

1101 5471 1264 5526 Aliud
1302 5471 1500 5528 Isnaci.

2737 5475 2928 5528 ’Ἄλλο
2963 5470 3187 5528 Ἰσαάκ.

563 5565 713 5621 Mens
746 5566 1012 5623 fermento
1033 5565 1289 5622 vitiorum
1324 5576 1579 5640 corrupta
1614 5583 1722 5624 non
1744 5577 1924 5641 potest
1944 5567 2080 5627 ellu—

2259 5567 2405 5630 Νοῦς
2447 5565 2874 5639 ἐμπεφυρμένος
2927 5565 2988 5618 ού
3033 5564 3256 5619 δύναται
3309 5566 3502 5635 φυγεῖν
3555 5563 3654 5640 τὴν
3688 5562 3793 5638 λή-

566 5758 612 5793 ⁷⁷
645 5759 776 5817 Luc.
809 5779 937 5833 xvn,
970 5765 1060 5822 9|.
