4042 6448
317 314 427 378 937

1332 309 1561 368 SCALA
1599 300 1975 365 PARADISI.
2006 327 2065 334 -
2106 302 2414 361 GRADUS
2450 298 2589 359 XIX

2380 179 2411 194 κ

3482 292 3590 351 928

316 432 447 498 θην,
478 425 569 480 καὶ
600 426 633 495 ἡ
674 423 836 493 σοφία
867 422 965 494 τὴν
995 418 1194 492 ἑαυτῆς
1224 418 1394 491 θύραν
1437 418 1513 487 τῷ
1547 416 1774 484 τοιούτῳ
1802 414 1903 466 οὐκ

2032 425 2132 477 ;ere
2153 411 2506 476 oblivionem,
2541 419 2595 464 et
2620 408 2883 480 sapientia
2914 407 3006 462 tali
3038 406 3240 461 aditqu
3270 404 3334 459 ad
3364 420 3423 459 se
3453 421 3588 474 νιος-ς

315 521 419 575 ἀνα.
430 519 557 587 ίγει.

344 672 671 684 Wa.—

935 758 1152 812 ΛΟΓΟΣ
1178 756 1278 811 ΙΘ’.

312 877 466 946 Περὶ
514 876 708 929 ὕπνου
759 871 1302 946 καὶᾷπροσευχῆς,
1331 870 1428 924 καὶ
1478 869 1588 938 τῆς
1630 869 1702 921 ἐν
1747 882 1901 919 συν-

834 941 902 994 οδ
908 942 928 993 ί
931 959 970 1008 ςι
1023 942 1399 1010 ψαλμῳδίας.

400 1039 609 1099 ’Ύπνος
671 1036 791 1088 ἐστὶ
853 1032 1067 1101 φύσεως
1126 1032 1308 1095 ποσῶς
1333 1032 1590 1094 σύστασις
1625 1028 1700 1101 (l)
1748 1026 1912 1081 εἰκὼν

312 1131 583 1190 θανάτου,
614 1116 925 1195 αἰσθήσεων
965 1124 1151 1194 ἀργία.
1209 1118 1304 1185 Εἷς
1341 1124 1439 1194 μὲν
1469 1126 1495 1175 ὁ
1528 1121 1723 1184 ὕπνος,
1759 1119 1914 1172 πλεί-

322 1241 466 1287 στας
504 1222 561 1274 δὲ
609 1219 712 1283 τὰς
758 1217 1069 1281 ὑποθέσεις,
1106 1216 1182 1279 ὡς
1226 1216 1321 1270 κοιλ⁸
1372 1218 1404 1286 ἠ
1455 1214 1722 1285 ἐπιθυμία
1770 1212 1908 1283 ἔχει.

316 1316 493 1382 Λέγω
530 1312 592 1364 δὲ
650 1311 716 1364 ἐκ
771 1309 1009 1379 φύσεως,
1041 1309 1105 1362 ἐκ
1152 1308 1478 1379 βρωμάτων,
1508 1309 1574 1361 ὲκ
1616 1305 1908 1376 δαιμόνων,

318 1406 363 1475 ἢ
390 1405 534 1473 τάχα
579 1418 684 1453 που
734 1400 832 1453 καὶ
883 1397 943 1463 ἐξ
988 1399 1165 1468 ἄκρας
1196 1398 1593 1467 ὲπιτεταμένης
1612 1394 1906 1465 νηστείαςο

322 1497 394 1563 ἐξ
417 1491 486 1568 ἧς
529 1490 892 1558 ὲξασθενοῦσα
920 1492 953 1560 ἡ
991 1488 1149 1560 σὰρξ,
1186 1489 1254 1543 δι’
1280 1487 1450 1542 ὕπνου
1499 1486 1683 1541 λοιπὸν
1712 1483 1910 1554 ἑαυτὴν

322 1583 780 1658 παραμυθεῖσθαι
828 1582 1097 1653 βούλεται,
1125 1581 1318 1652 ὥσπερ
1364 1583 1398 1652 ή
1445 1579 1751 1633 πολυποσία
1788 1593 1913 1630 συν-

327 1679 494 1750 ηθείᾳ
522 1678 757 1748 ἢρτηται
778 1692 792 1706 ·
829 1673 1002 1738 οὕτως
1034 1674 1129 1727 καὶ
1158 1675 1191 1745 ἡ
1233 1673 1541 1728 πολυΰπνῖα
1563 1690 1576 1704 °
1618 1672 1700 1726 διὸ
1733 1672 1790 1723 ὲν
1814 1670 1913 1739 ἁρ-

328 1770 460 1839 χαίς
505 1767 740 1837 μάλιστα
782 1765 882 1835 τῆς
922 1763 1203 1833 ὑποταγῆς
1250 1764 1373 1816 κατ’
1410 1763 1585 1833 αὐτῆς
1628 1757 1914 1831 ἀγωνισώ-

691 655 3251 683 MM

2013 503 2200 557 cludit.

3257 652 3583 670 Α.

2561 755 2845 810 CRADL'S
2878 752 3023 808 XIX.

2022 869 2095 922 De
2119 885 2323 932 somno,
2348 870 2605 938 precibus,
2649 871 2775 922 etin
2811 868 3021 936 publica
3065 876 3316 922 conventu
3360 866 3593 937 psalmo-

2648 955 2762 991 rum
2798 948 2977 992 cantu.

2092 1027 2334 1084 Somnus
2368 1038 2454 1085 est
2491 1040 2665 1085 status
2711 1046 2805 1085 seu
2846 1030 3069 1086 allectus
3107 1030 3326 1101 quidam
3364 1037 3591 1089 naturae,

2022 1122 2214 1176 mortis
2248 1121 2425 1191 imago
2468 1122 2562 1191 (α),
2601 1137 2859 1176 sensuum
2918 1123 3074 1191 quies
3105 1130 3159 1175 et
3187 1123 3438 1177 cessatio.
3476 1117 3591 1174 Una

2019 1211 2233 1281 quidem
2266 1222 2350 1267 est
2384 1211 2526 1266 ratio
2561 1213 2760 1277 somni,
2797 1213 2888 1266 sed
2925 1214 3211 1282 plurimas,
3238 1213 3404 1266 veluti
3436 1210 3591 1281 cupi-

2017 1302 2179 1368 ditas,
2216 1284 2632 1358 habet’causas.
2663 1304 2741 1357 Ex
2784 1312 3001 1369 natura,
3053 1302 3297 1372 inquam,
3332 1318 3398 1356 ex
3429 1301 3592 1365 cibis,

2019 1408 2050 1446 a
2083 1392 2442 1458 daemonibus,
2480 1402 2574 1448 aut
2619 1392 2851 1449 fortasse
2883 1396 3043 1448 etiam
3075 1410 3138 1447 ex
3169 1409 3381 1448 summa
3419 1400 3471 1447 et
3511 1390 3594 1445 ni-

2020 1487 2127 1538 mia
2154 1483 2345 1554 jejunii
2381 1485 2580 1551 inedia,
2604 1501 2711 1555 qua
2733 1485 3070 1541 debilitatum
3100 1500 3299 1554 corpus
3328 1500 3423 1553 per
3451 1498 3595 1539 som-

2019 1592 2149 1631 num
2176 1578 2427 1647 deinceps
2451 1589 2680 1633 conatur
2702 1595 2758 1634 se
2783 1580 3002 1633 reticere
3030 1587 3083 1633 et
3109 1592 3375 1633 recreare.
3395 1577 3597 1643 Quent—

2021 1669 2313 1723 admodum
2346 1669 2605 1739 frequeus
2638 1679 2691 1724 et
2736 1671 2883 1740 larga
2926 1670 3178 1740 potitatio
3204 1684 3268 1723 ex
3307 1676 3597 1737 coiisuetu-3

2020 1762 2147 1817 dine
2190 1772 2316 1816 nata
2346 1771 2450 1828 est,
2484 1764 2556 1816 ita
2582 1763 2786 1817 multus
2811 1772 2863 1816 et
2887 1763 3083 1833 longus
3121 1776 3348 1816 somnus
3373 1780 3384 1814 :
3409 1768 3598 1814 contra

329 1838 500 1933 μεθα.
554 1859 805 1944 Χαλεπδν
856 1858 967 1928 γὰρ
1008 1858 1297 1929 συνήθειαν
1363 1857 1583 1929 μακρὰν
1636 1858 1916 1916 ἰάσασθαι.

2032 1868 2186 1924 quem
2213 1855 2264 1907 in
2292 1854 2410 1922 ipso
2439 1853 2713 1924 religionis
2750 1863 2803 1908 et
2839 1853 3076 1908 tirocinii
3098 1851 3324 1906 exordio
3356 1866 3599 1921 pugnan-

344 1952 807 2025 Ἐπιτηρήσωμεν
831 1949 927 2002 καὶ
944 1951 1249 2021 εὑρήσομεν
1271 1950 1370 2020 τῆς
1394 1948 1770 2019 πνευματικῆς
1791 1951 1918 2003 σάλ-

337 2060 540 2113 πιγγος
613 2040 987 2113 σημαινούσης
1050 2040 1262 2112 ὁρατῶς
1336 2040 1434 2109 μὲν
1495 2038 1917 2112 ἀθροιζομένους

343 2135 629 2204 ἀδελφοὺς,
674 2133 918 2205 ἀοράτως
950 2132 1005 2186 δὲ
1039 2131 1438 2202 συναγομένους,
1472 2131 1598 2194 τοὺς
1640 2130 1877 2203 ἐχθρούς
1900 2147 1915 2162 ο

344 2226 433 2280 διὸ
462 2226 512 2279 οἱ
554 2225 650 2296 μὲν
674 2224 763 2277 ἐπὶ
792 2222 892 2296 τὴν
924 2221 1116 2294 κλίνην
1165 2223 1488 2285 ἐπιστάντες
1518 2222 1657 2291 μετὰ
1682 2223 1783 2291 τὴν
1828 2223 1920 2275 ἀν-

342 2319 587 2390 έγερσιν,
622 2316 782 2369 πάλιν
815 2316 966 2386 ἡμᾶς
994 2315 1088 2368 ἐπὶ
1116 2314 1321 2387 ταύτην
1350 2312 1703 2384 ἀνακλιθῆναι
1730 2313 1921 2365 ὑποτί-

336 2412 530 2464 θενται
569 2410 787 2473 Μεῖνον,
830 2407 1102 2476 λέγοντες,
1148 2408 1276 2477 ἄχρι
1322 2405 1769 2478 συμπληρώσεως
1805 2404 1917 2458 τῶν

334 2499 720 2571 προοιμιακῶν
750 2497 957 2569 ὕμνων,
1005 2496 1103 2551 εἷθ’
1141 2497 1315 2562 οὕτως
1339 2499 1394 2550 ὲν
1431 2499 1498 2569 τῇ
1524 2496 1789 2567 ἐκκλησίᾳ
1824 2512 1924 2548 πο-

336 2593 534 2665 ρεύσῃ.
580 2592 644 2644 Ol
686 2591 746 2643 δὲ
795 2593 854 2643 ὲν
888 2591 956 2661 τῇ
1010 2591 1288 2661 προσευχῇ
1348 2589 1793 2660 παρισταμένους
1844 2586 1925 2658 τῷ

337 2685 498 2755 ὕπνῳ
540 2682 1063 2747 καταϐαπτίζουσιν.
1091 2683 1311 2754 ’Έτεροι
1360 2681 1461 2753 τὴν
1485 2681 1735 2751 γαστέρα
1763 2679 1918 2753 παρὰ

338 2779 441 2849 τὴν
467 2777 759 2848 συνήθειαν
784 2774 1191 2845 ἐπιτεταμένως
1241 2774 1521 2828 νύττουσιν
1542 2791 1555 2804 ·
1592 2773 1741 2829 ἄλλοι
1789 2791 1917 2827 συν-

338 2869 537 2940 τυχίας
583 2871 762 2921 ποιεῖν
794 2867 851 2919 ὲν
895 2867 971 2937 τῷ
997 2865 1263 2938 Κυριακῷ
1302 2866 1702 2939 προτρέπονται
1724 2882 1736 2895 ’
1771 2865 1922 2920 ἄλλοι

337 2962 435 3015 τὸν
464 2960 589 3016 νοῦν
623 2964 704 3024 είς
734 2961 1030 3028 λογισμοὺς
1062 2959 1322 3029 αἰσχροὺς
1350 2957 1714 3029 ὑποσύρουσιν
1742 2972 1756 2987 ⁸
1797 2958 1920 3013 ἓτεο

343 3071 431 3125 ροι
460 3052 519 3105 δὲ
552 3052 630 3123 τῷ
679 3054 846 3122 τοίχῳ
879 3053 1049 3122 ἡμᾶς,
1097 3050 1173 3115 ὡς
1228 3051 1657 3122 ὲξατονήσαντας
1702 3049 1923 3104 ἀνακλί-

340 3160 562 3199 νουσιν·
595 3144 710 3197 ἔστι
754 3144 812 3196 δὲ
852 3145 941 3197 ὅτε
990 3143 1085 3197 καὶ
1120 3143 1362 3214 χάσμαις
1414 3144 1625 3197 πλείοσι
1666 3142 1921 3212 περιϐάλο

338 3236 499 3291 leuat
522 3253 536 3266 ·
570 3237 713 3300 τινὲς
758 3237 856 3306 μὲν
901 3235 1080 3289 αὐτῶν
1110 3236 1322 3305 γέλωτα
1350 3235 1612 3299 πολλάκις
1641 3238 1698 3289 ὲν
1727 3235 1804 3305 τῷ
1826 3235 1925 3304 τῆς

343 3332 660 3402 προσευχῆς
693 3328 870 3399 καιρῷ
907 3328 1157 3397 γενέσθαι
1191 3329 1478 3399 ἐποίησαν,
1505 3328 1591 3382 ἵνα
1613 3329 1680 3382 δι’
1708 3327 1922 3381 ἐκείνου

342 3424 441 3476 τον
466 3421 600 3475 Θεὸν
627 3421 751 3475 καθ’
783 3420 939 3491 ἡμῶν
986 3422 1068 3483 είς
1105 3421 1484 3491 ἀγανάκτησιν
1541 3421 1881 3492 διεγείρωσιν
1911 3435 1924 3449 ·

345 3515 504 3571 ἄλλοι
525 3512 776 3567 σπεύδειν
798 3513 943 3584 ἡμᾶς
965 3514 1022 3565 ὲν
1039 3517 1105 3583 τῇ
1132 3516 1192 3567 ὲκ
1216 3513 1491 3586 ῥᾳθυμίας
1514 3512 1790 3583 βιάζονται
1816 3510 1891 3582 (ε)
1912 3527 1925 3539 ⁸

347 3606 503 3659 ἄλλοι
543 3603 920 3675 σχολαιότερον
960 3603 1185 3673 ψάλλειν
1221 3605 1286 3658 ἐκ
1325 3604 1638 3675 φιληδονίας
1690 3603 1928 3675 προτρέ-

346 3691 738 3747 πονται.Ἔστι
764 3692 819 3745 δὲ
845 3693 932 3745 ὅτε
962 3694 1055 3746 καὶ
1079 3693 1156 3764 τῷ
1182 3693 1409 3763 στόματι
1439 3693 1922 3765 παρακαθήμενοι,

345 3784 745 3855 κεκλεισμένον
791 3782 961 3839 τοῦτο’
1004 3785 1098 3838 καὶ
1125 3784 1473 3838 δυσάνοικτον
1501 3785 1927 3855 ἀπεργάζονται.

360 3878 426 3930 Ὀ
453 3877 575 3947 Θεῷ
606 3876 975 3948 παρίστασθαι
1016 3876 1386 3947 λογιζόμενος,
1420 3878 1477 3930 ὲν
1507 3875 1760 3947 αἰσθήσει
1794 3893 1932 3947 καρ-

356 3968 504 4032 δίας,
534 3972 591 4021 ὲν
619 3973 892 4041 προσευχῇ
927 3969 1113 4033 στύλος
1146 3970 1403 4040 ἀκίνητος
1428 3970 1808 4041 εὑρεθήσεται,
1839 3969 1933 4023 ὑπ’

356 4061 581 4125 οὒδενδς
608 4062 708 4115 τῶν
733 4064 1146 4136 προειρημένων
1194 4061 1625 4133 ἐμπαιζόμενος.
1674 4061 1733 4115 '0
1763 4061 1934 4126 ὅντως

358 4154 631 4225 ὑπήκοος,
651 4154 900 4219 πολλάκις
932 4155 1192 4225 ἐξαίφνης
1212 4156 1304 4209 ἐπὶ
1328 4154 1638 4225 προσευχὴν
1653 4154 1788 4218 ὅλως
1818 4172 1934 4223 φω-

353 4246 540 4309 τεινὸς
593 4248 682 4299 καὶ
730 4245 1136 4317 άγαλλιώμενος
1187 4248 1419 4316 γίνεται.
1470 4248 1933 4317 Προπαρεσκευα-

354 4337 561 4408 σμένος
594 4339 703 4410 γὰρ
724 4335 791 4410 ἦν
823 4339 1031 4410 διάκτῆς
1061 4339 1351 4394 άνοθεύτου
1375 4339 1654 4403 διακονίας
1682 4341 1775 4393 καὶ
1810 4356 1938 4411 προ-

350 4433 755 4503 πεπυρωμένος
778 4435 806 4486 ό
827 4432 1062 4504 πύκτης.
1082 4434 1224 4488 Πᾶσι
1255 4434 1352 4504 μὲν
1376 4433 1599 4487 δυνατὸν
1631 4433 1771 4504 μετὰ
1795 4435 1936 4505 πλή-

2020 1947 2149 2000 dum
2180 1956 2281 2001 est.
2310 1944 2665 2000 lnvcteratam
2688 1945 2830 2000 enim
2851 1945 3296 2000 consuetudinem
3315 1944 3601 1999 emendare

2020 2047 2072 2092 et
2107 2052 2304 2092 sanare
2329 2046 2413 2091 est
2458 2037 2691 2091 diliicile.
2724 2037 3087 2091 Obscrvemus
3121 2045 3375 2091 accurate
3416 2045 3471 2089 et
3514 2035 3598 2088 in-

2021 2129 2327 2198 telligemus
2367 2128 2523 2199 signo
2553 2144 2726 2183 sacra:
2755 2127 2914 2200 265
2941 2129 3082 2183 tuba:
3103 2137 3331 2182 canente
3355 2126 3471 2196 (ξοεί
3499 2127 3603 2184 fra-

2025 2230 2164 2274 trum
2189 2229 2366 2277 caatus
2386 2221 2562 2276 oculis
2590 2231 2856 2287 parentes;
2884 2221 3155 2290 simulque
3187 2220 3602 2290 inaspeetabiles

2022 2313 2211 2368 hostes
2239 2323 2459 2369 nostros
2498 2322 2849 2369 concurrere’
2869 2314 2961 2384 qui
2996 2314 3062 2369 ad
3091 2315 3287 2369 lectum
3319 2313 3601 2369 cubicula-

2028 2421 2143 2460 rem
2174 2414 2373 2470 astant,
2410 2416 2463 2463 et
2491 2422 2590 2461 nos
2620 2419 2904 2477 postquam
2937 2406 3335 2474 evigilavimus,
3382 2420 3602 2461 rursum

2025 2502 2365 2557 conanturin
2397 2502 2592 2557 lectum
2616 2502 2865 2573 dejicere.
2901 2500 3074 2566 Mane,
3095 2501 3368 2570 inquiunt,
3404 2500 3601 2555 tantis-

2028 2612 2151 2667 per,
2187 2597 2316 2651 dum
2353 2596 2512 2666 primi
2550 2594 2868 2665 psalmodite
2904 2594 3090 2665 hymni
3132 2594 3517 2659 absolvantur,
3551 2602 3608 2647 et

2027 2698 2143 2743 tum
2177 2689 2309 2745 satis
2350 2688 2531 2743 adhuc
2583 2696 2799 2742 mature
2846 2688 2912 2741 ad
2952 2687 3241 2741 ecclesiam
3285 2686 3601 2740 descendes.

2024 2778 2129 2833 Alii
2153 2779 2405 2849 precibus
2440 2787 2694 2834 vacantes
2740 2779 3120 2843 circumstant,
3169 2784 3229 2832 ut
3260 2793 3362 2832 nos
3409 2792 3604 2832 somno

2029 2879 2296 2940 mergant.
2336 2871 2442 2925 Alii
2492 2879 2688 2940 praeter
2735 2886 2945 2925 morem
3000 2869 3378 2940 intempestive
3424 2869 3606 2923 alvum

2033 2961 2414 3016 vehementius
2444 2970 2672 3032 urgent;
2704 2962 2794 3015 alii
2824 2948 2937 3015 ~nos
2962 2961 3030 3015 ad
3063 2959 3275 3015 fabulas
3302 2961 3356 3014 iu
3407 2960 3609 3029 templo

2028 3055 2397 3111 conserendas
2425 3055 2694 3144 incitant;
2723 3055 2814 3109 alii
2842 3062 3077 3109 mentem
3098 3055 3164 3108 ad
3188 3054 3431 3122 impuras
3459 3052 3609 3122 cogi-

2028 3148 2264 3203 tationes
2296 3149 2655 3218 pertrahunt;
2682 3148 2773 3203 alii
2812 3164 2913 3204 nos
2945 3149 2998 3202 in
3029 3148 3287 3217 parietem
3316 3146 3481 3201 veluti
3515 3145 3611 3198 de-

2033 3242 2170 3297 biles
2196 3249 2250 3295 et
2277 3243 2571 3296 exhaustos
2602 3242 2895 3309 inclinant;
2940 3242 3031 3296 alii
3064 3241 3274 3297 crebris
3314 3255 3416 3295 nos
3460 3239 3610 3295 osci-

2035 3334 2331 3390 tationihus
2374 3333 2906 3404 fatigautmonnulli
2936 3335 3103 3390 risum
3128 3335 3291 3388 etiam
3330 3334 3448 3402 ipso
3490 3347 3614 3402 pre—

2037 3427 2197 3483 candi
2232 3435 2475 3495 tempore
2512 3426 2669 3482 nobis
2722 3435 2961 3492 movent,
3003 3436 3063 3481 ut
3096 3426 3219 3480 irati
3263 3425 3502 3480 numinis
3528 3426 3615 3477 in—

2037 3522 2406 3591 dignationem
2449 3522 2715 3578 adversus
2764 3538 2869 3578 nos
2911 3510 3229 3588 concitent;
3271 3520 3362 3574 alii
3397 3534 3497 3573 nos
3545 3518 3615 3572 ad

2038 3614 2457 3683 praecipitandos
2486 3615 2823 3684 psalmorum
2868 3629 3062 3669 versus
3092 3629 3156 3668 ex
3182 3612 3396 3683 ignavia
3422 3610 3614 3681 impel-

2041 3709 2194 3775 lunt;
2242 3707 2334 3763 alii
2365 3717 2425 3763 ut
2459 3707 2666 3763 tardius
2686 3723 2810 3763 cum
2845 3706 3078 3778 quadam
3106 3706 3463 3761 delectatione
3493 3719 3619 3774 pro-

2042 3804 2359 3859 nuntiemus
2399 3804 2723 3870 hortantur;
2766 3803 2859 3858 alii
2892 3802 3124 3871 denique
3175 3802 3331 3869 quasi
3374 3800 3614 3868 linguam

2039 3903 2170 3950 etos
2196 3895 2530 3961 obsiderent,
2562 3895 2864 3965 impediunt
2896 3910 2995 3950 nos
3035 3903 3089 3948 et
3130 3909 3190 3949 os
3234 3893 3530 3949 occludunt
3556 3904 3616 3947 ut

2040 4003 2182 4058 aegre
2215 3989 2358 4043 labia
2389 3988 2702 4057 aperiamus
2724 4028 2740 4050 ,
2765 3988 2893 4042 dum
2926 3987 3152 4058 psalmis
3192 4002 3471 4043 vacamus.
3508 3986 3615 4052 Qui

2041 4076 2153 4132 Deo
2186 4077 2446 4132 assistere
2481 4092 2539 4132 se
2565 4076 2786 4147 cogitat,
2815 4077 2871 4130 in
2898 4076 3091 4131 intimo
3123 4091 3284 4132 sensu
3326 4077 3507 4131 cordis
3530 4077 3617 4130 in-

2042 4178 2126 4225 ter
2149 4184 2338 4238 preces
2378 4177 2637 4239 tauquam
2683 4168 2981 4223 immobilis
3013 4168 3266 4224 columna
3297 4168 3615 4238 reperietur,

2042 4260 2191 4315 nulla
2222 4274 2282 4316 re
2313 4274 2503 4315 eorum
2545 4274 2668 4327 qua:
2704 4269 2834 4315 sunt
2878 4270 3132 4315 enarrata
3167 4259 3409 4316 delusus.
3443 4258 3619 4316 Verus

2042 4362 2098 4408 et
2124 4351 2384 4407 obediens
2428 4351 2716 4422 religiosus
2747 4368 2891 4422 saepe
2929 4362 3151 4423 repente
3188 4353 3254 4409 ad
3284 4355 3617 4424 precandum

2044 4444 2260 4514 prosilit
2281 4451 2430 4498 totus
2451 4444 2751 4498 illustratus
2773 4444 3198 4514 coelestihusque
3229 4445 3441 4515 gaudiis
3460 4445 3621 4500 inun-

349 4520 485 4583 θους
533 4520 956 4592 προσεύχεσθαι,
1006 4526 1121 4586 τοῖς
1168 4522 1384 4587 πολλοῖς
1424 4522 1482 4576 δὲ
1529 4522 1785 4594 ἁρμόδιον
1815 4524 1926 4594 μεθ’

2044 4538 2205 4592 datus
2235 4545 2290 4591 et
2314 4536 2675 4591 exhilaratus.
2735 4535 2831 4590 Est
2885 4537 3030 4591 enim
3083 4536 3461 4605 hujuscemodi
3496 4539 3621 4592 reli—

345 4612 635 4683 ὁμοψύχου
684 4614 870 4683 μόνου.
924 4613 1153 4682 Ὀλίγων
1195 4613 1306 4684 γὰρ
1345 4613 1466 4665 λίαν
1505 4614 1539 4682 ὴ
1573 4613 1926 4683 μεμονωμένη

2043 4628 2232 4700 giosus
2249 4627 2362 4698 jam
2395 4636 2521 4684 ante
2547 4643 2645 4698 per
2668 4628 3098 4683 sincerissimum
3144 4639 3199 4683 et
3242 4628 3622 4686 fidelissimum

350 4706 640 4777 προσευχὴ
668 4723 683 4738 ο
716 4706 860 4777 μετὰ
905 4706 1146 4776 πλήθους
1182 4705 1389 4778 ὑμνῶν,
1423 4705 1485 4758 οὐ
1523 4704 1727 4776 δυνήσῃ
1758 4704 1940 4769 ἀΰλως

345 4797 789 4869 προσεύξασθαι.
827 4798 1008 4852 Ἔστω
1030 4799 1087 4852 δέ
1110 4816 1192 4852 σοι
1222 4799 1300 4862 είς
1329 4796 1592 4869 ἐργασίαν
1617 4797 1738 4861 νοὸς
1766 4798 1801 4869 ἡ
1830 4796 1940 4851 τῶν

347 4889 670 4960 λεγομένων
710 4890 907 4960 λογίων
934 4890 1159 4961 θεωρία,
1190 4891 1224 4961 ἢ
1263 4890 1427 4944 πάλιν
1483 4887 1765 4960 ὡρισμένη
1805 4889 1941 4961 εὐχὴ

346 4978 416 5037 ἰν
449 4984 517 5052 τῇ
540 4982 789 5053 άναμονῇ
815 4980 910 5035 τοῦ
945 4981 1129 5052 στίχου
1169 4980 1262 5035 τοῦ
1296 4981 1546 5053 πλησίον.
1588 4983 1778 5038 Οὐδενὶ
1811 4983 1944 5054 πρέ-

348 5088 461 5128 πον
496 5074 555 5126 ἐν
582 5076 862 5145 προσευχῇ
894 5073 1172 5145 πάρεργον
1207 5074 1305 5145 (5),
1342 5075 1541 5145 μᾶλλον
1563 5075 1619 5129 δὲ
1648 5075 1934 5147 κάτεργον.

345 5164 531 5218 Τοῦτο
555 5165 666 5235 γὰρ
692 5165 880 5234 σαφῶς
908 5165 1228 5219 ἐπαίδευσεν
1255 5166 1282 5219 ὁ
1312 5167 1454 5220 κατὰ
1487 5167 1579 5220 τὸν
1616 5167 1787 5239 μέγαν
1823 5167 1940 5219 Ἀν-

346 5256 553 5310 τώνιον
594 5257 849 5326 ἄγγελος.
904 5258 1198 5329 Δοκιμάζει
1243 5259 1340 5330 μὲν
1382 5258 1490 5329 γάρ
1533 5259 1766 5327 κάμινος
1806 5275 1939 5329 χρυ-

350 5349 455 5401 σδν
486 5348 587 5419 (4),
615 5348 929 5421 προσευχῆς
952 5350 1007 5403 δὲ
1030 5351 1369 5421 παράστασις
1407 5348 1643 5421 σπουδὴν
1668 5349 1765 5402 καὶ
1791 5349 1933 5418 ἁγά-

350 5456 470 5508 πην
494 5441 629 5510 πρὸς
656 5440 790 5493 Θεὸν
816 5440 1084 5512 μοναχῶν.

2046 4720 2408 4775 ministerium
2442 4729 2700 4789 tanquam
2746 4720 2996 4789 egregius
3018 4720 3161 4791 pugil
3191 4734 3527 4791 pra'paratus
3554 4724 3622 4780 ad

2044 4810 2370 4866 oralionem.
2399 4810 2563 4880 266
2581 4807 2785 4864 Omnes
2811 4810 3030 4879 quidem
3059 4818 3290 4879 possum
3316 4812 3455 4867 inter
3480 4815 3620 4868 mul-

2046 4908 2131 4955 tos
2159 4916 2282 4954 cum
2314 4900 2499 4954 multis
2530 4899 2823 4968 precationi
2849 4915 3062 4965 vacare,
3107 4901 3198 4955 sed
3229 4903 3415 4958 multis
3431 4919 3625 4973 opporo

2046 4991 2233 5045 Iunius
2254 5000 2338 5045 est
2358 5005 2481 5044 cum
2512 5005 2621 5045 uno
2644 4992 2760 5045 solo
2809 4991 3054 5060 ejusdem
3094 4994 3261 5047 animi
3316 5005 3364 5049 et
3396 4993 3623 5050 affectus

2047 5079 2292 5148 psallere.
2324 5076 2630 5134 Paucorum
2658 5081 2803 5134 enim
2824 5091 2910 5136 est
2937 5082 3177 5137 solitaria
3200 5084 3374 5139 oratio
3396 5100 3411 5150 ;
3433 5084 3477 5138 si
3495 5100 3620 5139 cum

2048 5170 2235 5225 multis
2267 5171 2492 5241 psallas,
2516 5186 2625 5226 non
2657 5172 2862 5241 poteris
2902 5174 3257 5243 contemplari
3280 5175 3400 5230 sine
3427 5175 3621 5245 imagi-

2047 5274 2179 5313 num
2206 5258 2415 5314 formis.
2442 5257 2635 5314 Sittihi
2661 5260 2725 5314 ad
2745 5261 3117 5330 occupandam
3158 5273 3393 5317 mentem
3433 5277 3623 5318 sacro.

2044 5365 2165 5404 rum
2185 5350 2525 5421 eloquiorum
2548 5366 2668 5422 qua:
2686 5352 3002 5418 recitantur,
3018 5353 3329 5409 meditatio:
3350 5355 3622 5410 autetiam

2046 5451 2194 5496 certa
2233 5444 2496 5511 precatio,
2518 5442 2645 5499 dum
2692 5454 2998 5515 exspectas,
3028 5447 3205 5514 quoad
3240 5446 3376 5500 alter
3403 5461 3622 5501 versum

352 5536 519 5587 ttuiat
554 5532 649 5603 (ti).
683 5531 804 5588 Non
835 5534 988 5590 decet
1010 5535 1120 5590 ullo
1148 5534 1309 5590 modo
1338 5544 1397 5589 ut
1420 5534 1561 5590 inter
1595 5548 1783 5604 preces
1809 5534 1956 5590 aliud
1994 5544 2186 5606 agatur
2237 5550 2332 5591 seu
2369 5538 2741 5594 necessarium
2795 5539 2886 5608 sit,
2932 5553 3031 5596 seu
3082 5554 3191 5593 non
3228 5541 3626 5595 necessarium.

437 5670 515 5741 (ᾳ)
545 5669 736 5737 Stulte,
755 5672 880 5741 quid
906 5681 981 5726 est
1006 5688 1237 5737 somnus,
1259 5671 1446 5741 gelidis
1466 5672 1568 5725 nisi
1594 5671 1773 5724 mortis
1807 5671 1981 5741 imago
2000 5671 2026 5725 1’

437 5738 516 5811 (ὁ)
553 5738 793 5796 Alternis
824 5744 968 5796 enim
1002 5738 1290 5805 canebant,
1324 5751 1383 5796 ut
1417 5743 1579 5796 hodie
1632 5742 1838 5813 passim
1879 5738 1935 5796 in
1962 5740 2228 5798 ecclesiis.

640 5914 643 5917 _
696 5833 965 5897 PATROL.
1005 5837 1117 5898 Gn.
1148 5836 1508 5900 LXXXVIII.

3285 5839 3365 5903 30
