4042 6422
501 310 605 372 939

1766 298 1824 357 S.
1849 289 2185 357 IOANN'IS'
2198 299 2506 359 CLIMACI

3658 302 3774 374 940³

501 415 617 473 Hoc.
639 414 1454 486 cnim-cxpressedocuit‘,teste
1515 423 1713 477 magno
1769 407 2026 469 Antonio,
2094 410 2353 478 angelus;
2401 412 2544 481 ignis
2578 411 2824 481 explorat
2891 430 3120 480 aurum,
3181 420 3382 473 attenta
3442 430 3495 474 et
3554 422 3748 478 sireera

498 510 680 565 oratio
736 508 1130 562 monachorum
1178 503 1415 558 studium
1462 509 1515 554 et
1565 498 1889 552 charitatetn
1952 512 2079 567 erga
2130 499 2316 553 Deum.

569 602 686 659 Iloc
741 603 1013 659 laudabile
1078 599 1333 670 precandi
1388 594 1764 663 studiumqui
1819 593 2077 663 possidet,
2113 607 2161 661 Α

497 696 668 753 Deum
699 697 766 752 ad
806 712 863 751 se
899 695 1112 755 invitat,
1146 706 1198 747 et
1227 694 1502 746 daemonas
1535 686 1705 756 fugat.

868 782 1152 838 SCHOLIA
1190 780 1281 834 AD
1311 776 1596 834 GBADUM
1629 775 1767 830 XIX.

1138 873 1209 926 De
1235 888 1418 926 somno

1053 965 1305 1020 Scholion
1357 964 1409 1017 1.

566 1062 661 1115 hst
713 1074 977 1125 somnus,
1005 1058 1147 1111 bona
1180 1058 1449 1111 bonorum
1486 1055 1669 1121 aetio;
1705 1065 1757 1109 et
1806 1064 1887 1108 est
1931 1054 2079 1110 labo-

495 1170 617 1208 rum
658 1151 929 1217 remissio,
969 1160 1026 1204 ut
1064 1149 1195 1203 illud
1231 1146 1425 1217 psalmi
1463 1156 1691 1201 testatur
1725 1164 1737 1200 :
1766 1146 1898 1201 Cum
1922 1149 2080 1201 dede-

491 1245 562 1299 rit
592 1244 796 1298 dilectis
820 1244 931 1296 suis
957 1258 1199 1296 somnum
1232 1240 1299 1294 ⁷⁸.
1327 1239 1393 1293 Et
1423 1258 1436 1294 :
1466 1238 1806 1292 Dormierunt
1836 1256 2076 1294 somnum

491 1355 668 1402 suum,
695 1348 741 1392 et
776 1337 908 1391 nihil
937 1341 1241 1390 invenerunt
1272 1335 1327 1387 in
1355 1334 1597 1387 manibus
1629 1334 1741 1386 suis
1765 1333 1849 1387 ".A

1131 1426 1384 1483 Scholion
1406 1426 1459 1481 2.

560 1526 798 1598 Pigritiae
837 1541 1038 1596 praeses
1079 1524 1289 1579 daemon
1334 1531 1388 1577 et
1437 1531 1631 1591 stupor
1673 1521 1840 1574 animi
1880 1529 2091 1597 urgente

490 1632 592 1672 nos
621 1627 679 1670 ut
709 1617 762 1670 in
800 1616 1135 1686 psalmorum
1172 1614 1487 1668 recitatione
1516 1626 1890 1681 properemus.

1110 1704 1359 1761 Scholion
1390 1706 1443 1758 5.

559 1796 994 1863 Observandum,
1032 1813 1333 1868 nunquam,
1366 1796 1519 1849 dum~
1551 1810 1638 1850 res
1667 1794 1849 1850 divina
1882 1792 1960 1858 lit,
1990 1793 2071 1847 ul-

412 1934 416 1941 .
486 1892 600 1945 lum
633 1906 770 1961 opus
799 1906 1061 1946 manuum
1095 1889 1316 1943 omnino
1347 1887 1744 1957 attingendum.

1065 1978 1313 2034 Scholion
1350 1979 1404 2031 4.

559 2069 835 2134 Studium,
868 2069 1060 2138 inquit,
1088 2067 1343 2137 precandi
1391 2066 1627 2121 ostendit
1670 2066 2063 2121 monachorum

491 2161 829 2230 diligentiam
866 2172 921 2215 et
948 2159 1265 2215 eharitatem
1307 2174 1468 2228 quam
1510 2159 1706 2213 habent
1732 2174 1859 2228 erga
1888 2159 2063 2213 solum

482 2253 675 2318 Deum,
700 2259 753 2306 et
783 2267 890 2305 non
923 2250 989 2304 ad
1018 2248 1163 2304 aliud
1201 2249 1427 2320 aliquid,
1472 2264 1634 2319 quam
1669 2249 1910 2304 laborem
1941 2264 2062 2303 eor-

479 2346 630 2414 poris
653 2345 766 2399 sive
791 2343 960 2398 animi
992 2341 1392 2412 evagationem.

952 2557 1113 2627 237
1154 2553 1436 2609 GRADUS
1489 2553 1605 2608 xx.

478 2652 554 2706 De
604 2651 801 2720 vigiliis
832 2650 1087 2717 corporis,
1116 2646 1375 2720 quomodo
1425 2662 1517 2720 per
1565 2661 1654 2700 eas
1684 2644 1819 2720 ﬁant
1872 2643 2066 2713 vigilia:

652 2712 870 2789 spiritus
893 2712 979 2785 ,ἐι
1006 2712 1263 2787 quomodo
1319 2715 1398 2770 hae
1426 2712 1544 2769 sint
1567 2712 1888 2768 exercendtc.

546 2879 652 2947 Qui
679 2887 1139 2947 terrarum‘reges
1159 2874 1386 2945 stipant,
1419 2874 1513 2929 alii
1554 2873 1790 2927 inermes
1844 2882 1899 2926 et
1931 2871 2063 2926 nudi

476 2979 628 3036 sunt,
660 2970 750 3023 alii
778 2968 1038 3034 fascibus,
1104 2966 1197 3021 alii
1226 2966 1418 3037 scutis,
1452 2966 1545 3020 alii
1598 2965 1792 3035 gladiis
1842 2965 2058 3019 armati.

476 3063 773 3131 lnterquos
805 3069 986 3115 tamen
1017 3058 1166 3127 ipsos
1194 3072 1453 3127 magnum
1488 3063 1573 3111 est
1632 3064 1687 3109 et
1716 3056 2062 3125 incompara-

475 3153 583 3208 bile
614 3151 934 3217 discrimen,
970 3147 1225 3204 eum-alii
1258 3148 1400 3202 inter
1463 3148 1711 3214 ultimos,
1763 3147 1854 3201 alii
1920 3148 2063 3203 inter

474 3239 680 3308 primos
704 3238 833 3291 sint.
870 3236 937 3290 l-li
971 3236 1173 3307 quippe
1224 3236 1445 3306 cognati
1479 3244 1533 3290 et
1577 3237 1862 3291 domestici
1904 3236 2062 3291 fami-

2277 596 2600 651 Ἐπαινετδν
2631 598 2834 671 ἔργονὸ
2864 604 3245 671 κτησάμενος,
3265 603 3359 655 καὶ
3386 601 3505 672 Θεῷ
3536 605 3752 673 πλησιώ-

2188 685 2297 751 Cat,
2334 687 2428 739 καὶ
2459 687 2720 760 δαίμονας
2749 691 3100 760 δραπετεύει.

2578 782 2832 836 ΣΧΟΛΙΑ
2859 785 2966 837 ΕΙΣ
2995 784 3224 839 ΛΟΓΟΝ
3253 783 3353 841 18'.

2766 876 2905 944 Περὶ
2947 877 3165 932 ὕπνου.

2789 968 3055 1036 Σχόλιον
3092 975 3162 1024 α’.

2254 1059 2443 1113 Ἔστιν
2472 1058 2501 1111 ὁ
2526 1048 2714 1122 ὕπνος,
2737 1060 2832 1112 καὶ
2870 1061 3097 1128 ἀγαθῶν
3125 1055 3421 1136 εὐπραξία,
3453 1068 3550 1121 καὶ
3575 1073 3747 1140 xand-

2183 1169 2295 1206 των
2334 1152 2540 1215 ἄνεσις,
2577 1154 2718 1206 κατά
2762 1153 2824 1205 τὸ
2853 1194 2868 1217 ,
2910 1153 3090 1207 Ὅταν
3134 1154 3218 1220 δῷ
3268 1156 3389 1223 τοῖς
3432 1159 3748 1230 ἀγαπητοῖς

2178 1243 2366 1297 αὐτοῦ
2423 1243 2639 1298 ὕπνον.
2714 1245 2863 1308 Καὶ,
2900 1245 3235 1301 “Υπνωσαν
3288 1248 3490 1303 ὕπνον
3540 1253 3765 1320 αὐτῶν,-

2179 1335 2275 1387 eral
2312 1329 2635 1403 οὐχέὗρον
2667 1335 2869 1390 οὐδέν.

2775 1431 2820 1481 Σ
2821 1430 3036 1497 χόλιον
3062 1429 3123 1499 β’.

2249 1516 2358 1569 Καὶ
2388 1518 2414 1569 ὀ
2441 1516 2652 1586 δαίμων
2684 1519 2712 1570 δ
2736 1519 2835 1588 τῆς
2871 1518 3122 1586 ἁκηδίας,
3154 1521 3404 1575 σπεύδειν
3430 1524 3580 1593 ἡμᾶς
3603 1525 3659 1578 ὲν
3683 1515 3763 1597 tif;

2179 1605 2495 1675 στιχολογίᾳ-
2526 1609 2687 1669 ποιεῖ,
2735 1609 2827 1660 καὶ
2871 1610 2904 1678 ἡ
2944 1609 3292 1680 ἀναισθησία.

2788 1704 3047 1771 Σχόλιον
3094 1708 3162 1770 γ’,

2245 1784 2586 1864 Σημειωτέσν
2614 1794 2696 1847 ὅτι
2737 1794 2794 1845 ὲν
2826 1792 3053 1863 οὐδεμιᾷ
3089 1792 3405 1867 λειτουργίᾳ
3437 1794 3602 1849 αύτοῦ
3635 1797 3744 1850 τινὰ

2175 1883 2281 1955 χρὴ
2314 1883 2628 1955 ὲργὸχειρον
2653 1886 2874 1954 κρατεῖν
2904 1882 2965 1935 τὸ
2996 1883 3229 1941 σύνολον.

2800 1975 3052 2043 Σχόλιον
3079 1975 3143 2031 δ’.
3239 1998 3247 2004 “

2258 2068 2321 2119 Ἠ
2354 2067 2451 2138 τῆς
2501 2068 2834 2136 προσευχῆς,
2870 2066 3027 2135 φησι,
3057 2067 3427 2137 παράστασις,
3460 2068 3558 2139 τὴν
3586 2086 3744 2124 σπουο

2173 2157 2268 2228 δὴν
2294 2157 2388 2211 καὶ
2417 2156 2516 2226 τὴν
2550 2157 2771 2227 ἀγάπην
2804 2156 2909 2209 τῶν
2943 2159 3190 2228 μοναχῶν
3220 2165 3464 2233 φανεροί,
3506 2163 3573 2233 ῆν
3619 2165 3769 2235 πρὸς

2172 2249 2265 2302 τὸν
2305 2248 2435 2301 Θεδν
2469 2248 2635 2318 μόνον
2666 2247 2870 2317 ἔχουσι,
2905 2249 2998 2301 καὶ
3035 2251 3095 2302 οὐ
3132 2251 3270 2322 πρὸς
3316 2252 3446 2306 ἄλλο
3485 2271 3559 2319 τι,
3594 2254 3744 2326 ἐργό-

2172 2356 2374 2411 χειρον,
2406 2338 2438 2409 ἢ
2473 2338 2812 2409 ρεμὸασμὸν.

2775 2551 2994 2604 ΛΟΓΟΣ
3032 2554 3116 2606 K'.

2171 2643 2310 2712 Περὶ
2352 2643 2689 2722 ἁγρϊπνίξις
2737 2643 3104 2722 σωματικῆς,
3154 2643 3641 2722 πῶς-ὃιρτᾳύτης
3659 2635 3763 2718 τίέ·

2238 2730 2402 2835 τηεταὲ
2442 2714 2479 2780 ἡ
2534 2714 3031 2783 τοῦπνεύματος,
3080 2716 3181 2767 καὶ
3224 2716 3351 2781 πῶς
3376 2716 3472 2770 δεῖ
3524 2714 3742 2785 ταύτὴν

2233 2801 2363 2853 μετι
2400 2800 2512 2834 ναι.

2236 2874 2362 2934 Τοῖς
2405 2873 2497 2924 ἐπὶ
2539 2871 2641 2940 γῆς
2687 2871 3000 2941 βασιλεῦσιν
3035 2876 3093 2926 οἱ
3122 2874 3451 2945 μὲνςᾶοπλοί
3482 2894 3627 2939 τινες
3655 2878 3742 2930 καὶ

2166 2966 2383 3035 γυμνοὶ,
2405 2967 2453 3017 οἱ
2485 2964 2541 3017 δὲ
2576 2964 2805 3033 ράὅδους
2844 2965 3182 3034 κατέχοντες,
3220 2967 3269 3020 οἱ
3316 2967 3372 3019 δὲ
3407 2966 3657 3037 θυρεοὺς.
3693 2971 3738 3020 ol

2165 3055 2221 3107 δὲ
2276 3054 2553 3125 μαχαίρας
2602 3055 2965 3125 παρίστανται
2988 3071 3002 3085 ’
3034 3055 3203 3125 πολλὴ
3250 3056 3307 3109 δέ
3339 3075 3421 3120 τις
3456 3060 3489 3127 ἡ
3516 3058 3740 3127 διαφορά

2163 3148 2271 3201 τῶν
2297 3149 2686 3218 πρωτευόντων
2716 3148 2867 3218 παρὰ
2899 3148 3028 3210 τοὺς
3068 3148 3328 3219 ἐσχάτους
3358 3149 3453 3202 καὶ
3478 3148 3763 3220 ἀσύγκριο·

2164 3256 2298 3302 τος.ε
2327 3232 2488 3291 Οὗτοι
2531 3238 2638 3307 γὰρ
2689 3238 2781 3290 καὶ
2821 3241 3107 3307 συγγενεῖς
3156 3240 3385 3310 κυρίως,
3422 3240 3519 3315 καὶ
3556 3243 3765 3295 οἰκεῖοιι

474 3330 750 3399 liaresque
782 3328 924 3398 regis
963 3343 1084 3383 esse
1110 3305 1312 3382 solent,
1340 3326 1514 3395 Atque
1546 3327 1661 3382 haec
1698 3327 1753 3381 in
1800 3328 1884 3383 his
1940 3327 2056 3383 ﬁeri

2164 3329 2256 3383 τοῦ
2308 3330 2572 3400 βασιλέως
2631 3326 2769 3382 εἶναι
2827 3329 3131 3399 πεφύκασι.
3192 3334 3300 3385 Καὶ
3344 3332 3519 3386 ταῦτα
3555 3335 3653 3405 μὲν
3684 3335 3765 3386 ἐν’

479 3430 908 3478 consueverunt.
940 3419 1232 3474 Enimvero
1260 3418 1545 3473 videamus
1564 3419 1842 3488 quomodo
1872 3426 1927 3473 et
1952 3434 2057 3475 nos

477 3527 754 3584 geramus,
791 3511 1011 3581 quando
1046 3510 1157 3565 Deo
1182 3510 1295 3580 regi
1326 3520 1513 3565 nostro
1552 3510 1607 3563 in
1638 3510 1891 3579 precibus
1909 3508 2059 3564 diur-

476 3607 583 3673 nis,
620 3603 946 3675 vespertinis
971 3611 1026 3657 et
1053 3601 1361 3656 nocturnis
1394 3601 1726 3656 assistimus.
1750 3601 1893 3656 Sunt
1910 3601 2056 3658 cnim

474 3698 578 3767 qui
625 3697 678 3751 in
715 3693 1042 3765 vespertinis
1072 3702 1126 3748 et
1175 3693 1459 3748 nocturnis
1513 3692 1876 3749 excubiis'ab
1937 3710 2054 3749 om-

476 3788 639 3842 nibus
687 3800 868 3841 rerum
905 3784 1322 3854 aspectabilium
1371 3784 1702 3852 curislnudi,
1735 3794 1786 3840 et
1811 3786 2063 3857 expediti

473 3894 639 3948 puras
670 3878 738 3932 ad
782 3876 951 3932 Deum
984 3878 1038 3931 in
1068 3876 1325 3947 precibus
1348 3890 1545 3931 mamts
1579 3878 1901 3932 extendunt.
1949 3879 2055 3934 Alii

472 3986 566 4041 per
594 3971 928 4040 psalmorum
959 3977 1180 4024 cantum
1214 3968 1267 4022 in
1316 3968 1508 4022 iisdem
1543 3966 1832 4040 (excubiis)
1862 3984 1922 4025 se
1947 3970 2057 4026 Deo

472 4067 880 4127 reprzcsentant.
921 4058 1024 4112 Alii
1056 4060 1108 4113 in
1136 4074 1320 4113 rerum
1353 4072 1634 4113 sacrarum
1666 4060 1897 4115 lectione
1941 4077 2059 4131 pcr-

466 4150 730 4220 vigilant;
757 4151 845 4206 alii
870 4159 1049 4206 mente
1077 4151 1389 4215 debiliores,
1420 4166 1584 4220 opere
1602 4160 1782 4206 tamen
1807 4152 2057 4209 faciendo

468 4253 865 4309 generosccum
886 4255 1079 4296 somno
1100 4240 1493 4305 colluctantur;
1521 4239 1611 4293 alii
1628 4241 1847 4295 assidua
1866 4243 2057 4296 mortis

468 4332 905 4386 consideratione
941 4332 1045 4387 sibi
1092 4331 1570 4402 eompunctionem
1613 4332 1905 4387 conciliare
1936 4343 2056 4388 stu-

468 4423 617 4477 dent.
658 4421 733 4475 Ex
764 4422 847 4477 his
887 4423 1137 4478 omnibus
1178 4422 1339 4493 primi
1365 4433 1419 4477 et
1451 4423 1626 4478 ultimi
1652 4424 1705 4477 iu
1732 4425 1839 4479 Deo
1863 4425 2057 4493 gratis-

470 4513 623 4567 simis
644 4528 864 4581 preeum
894 4516 1190 4584 pervigiliis
1213 4517 1503 4571 excubant.
1527 4514 1764 4570 Secundi
1787 4518 2053 4572 monasti-

469 4620 587 4661 cam
613 4605 870 4672 precandi
893 4606 1158 4661 rationem
1190 4618 1516 4677 sequuntur.
1550 4605 1721 4661 Tertii
1747 4617 2053 4663 extremum
2091 4645 2130 4699 Β

469 4706 525 4750 et
566 4696 812 4751 inﬁmum
856 4697 1264 4752 exercitationis
1305 4700 1531 4767 gradum
1578 4698 1874 4762 insistunt;
1912 4698 2052 4754 Deus

472 4798 652 4843 tamen
680 4802 777 4858 pro
804 4788 1013 4842 ratione
1035 4787 1137 4858 piae
1159 4790 1458 4844 voluntatis
1500 4798 1554 4844 et
1583 4788 1855 4845 facultatis
1885 4790 2052 4861 268

469 4882 648 4936 oblata
677 4879 894 4935 illorum
947 4895 1179 4936 munera
1234 4889 1484 4950 acceptat
1521 4893 1575 4934 et
1603 4882 1856 4936 aestimat.
1910 4880 2049 4951 Vigil

468 4971 663 5043 oculus
691 4983 884 5023 omnes
930 4969 1131 5024 mentis
1164 4969 1315 5023 labes
1345 4969 1618 5024 abstersit.
1651 4969 1853 5024 Multus
1901 4984 2051 5023 som-

469 5078 576 5119 nus
603 5060 855 5117 obtundit
891 5068 945 5115 et
972 5060 1210 5115 obcmcat
1238 5061 1499 5114 animam.
1551 5060 1849 5116 Monachus
1908 5061 2050 5130 vigi-

468 5156 587 5209 lans
612 5153 786 5209 hostis
812 5164 895 5208 est
917 5153 1184 5208 luxuriae:
1222 5152 1598 5207 somnolentus
1635 5167 1763 5207 vero
1796 5152 1940 5207 illius
1967 5161 2052 5207 est

468 5240 927 5321 conturberualis.
958 5242 1169 5314 Vigilia:
1200 5241 1442 5296 libidinis
1488 5241 1633 5297 faces
1675 5242 2047 5311 cxstinguunt,

469 5337 740 5393 insomnia
782 5337 923 5392 lteda
938 5336 1168 5406 pellunt,
1206 5334 1395 5389 oculos
1427 5334 1684 5404 lacrymis
1708 5335 2049 5400 sull‘unduut,

470 5429 857 5485 conscientiam
897 5429 1078 5485 cordis
1112 5436 1354 5483 teneram
1384 5437 1436 5480 et
1463 5426 1747 5482 delicatam
1794 5426 2047 5486 reddunt,

468 5520 825 5589 cogitationes
870 5521 923 5574 in
953 5528 1221 5591 potestate
1250 5518 1449 5572 habent
1475 5527 1530 5573 et
1558 5517 1913 5573 custodiunt:
1967 5517 2048 5570 ei-

469 5608 566 5664 bos
598 5619 852 5680 tanquam
887 5609 1077 5664 fornax
1139 5610 1454 5673 absumunt,
1513 5609 1639 5679 vitia
1693 5609 2047 5680 cupiditatum

537 5717 584 5750 "
610 5719 753 5774 Psal.
793 5736 975 5788 cxxvt,
1001 5723 1055 5776 9..
1088 5778 1097 5783 ,
1132 5723 1176 5754 ⁷⁹
1208 5721 1351 5777 Psal.
1381 5720 1635 5788 ωτι-ιώ.

2158 3420 2367 3482 τούτοις
2389 3435 2402 3449 ⁸
2438 3420 2570 3490 φέρε
2610 3419 2675 3490 δὴ
2724 3419 2910 3472 λοιπὸν
2958 3421 3050 3473 καὶ
3079 3422 3465 3492 ἡρεῖςῖὁωμεν
3496 3424 3613 3486 πῶς
3644 3424 3745 3493 τὴν

2159 3508 2435 3579 ἡμετέραν
2476 3507 2847 3577 παράστασινν
2874 3509 3013 3580 πρὸς
3059 3510 3151 3562 τὸν
3192 3510 3324 3563 Θεὸν
3371 3513 3467 3564 καὶ
3519 3510 3738 3583 βασιλέα

2162 3598 2484 3669 ποιούμεθα,
2531 3600 2587 3652 ἔν
2628 3617 2689 3652 τε
2742 3603 2864 3659 ταῖς
2906 3602 3245 3671 ὲσπεριναῖς,
3293 3604 3385 3657 καὶ
3427 3606 3761 3675 ἡμεριναῖς,ί

2160 3692 2253 3746 καὶ
2277 3695 2622 3763 νυκτεριναῖς
2664 3687 3038 3765 παραστάσεσι
3082 3695 3174 3747 καὶ
3201 3693 3410 3764 εὐχαῖς.
3440 3695 3600 3757 Τινὲς
3638 3696 3734 3766 μὲν
3760 3710 3766 3714 ·

2158 3786 2267 3856 γὰρ
2320 3788 2377 3838 ἐν
2414 3787 2480 3855 τῇ
2515 3787 2775 3856 ἑσπερινῇ
2826 3784 2901 3856 (1)
2937 3785 3376 3856 διανυκτερεύσει
3430 3786 3606 3848 ἄῦλοι,
3640 3787 3735 3840 καὶ

2158 3877 2356 3947 γυμνοὶ
2388 3876 2568 3948 πάσης
2611 3876 2911 3948 φροντίδος,
2954 3877 3046 3928 ἐπὶ
3076 3877 3386 3948 προσευχὴν
3420 3878 3520 3940 τὰς
3550 3881 3735 3948 χεῖρας

2159 3970 2491 4022 ἐκτείνουσιν
2522 3984 2534 3998 ·
2584 3969 2761 4040 ’ἑτεροι
2788 3967 2864 4033 δὲ,
2899 3969 3039 4038 μετὰ
3068 3968 3384 4039 ψαλμῳδίας
3426 3972 3484 4023 ὲν
3514 3969 3767 4035 ταύταιςῖ

2158 4060 2552 4131 παρίστανταιο
2587 4059 2757 4122 ἄλλοι,
2793 4062 2858 4129 τῇ
2885 4059 3193 4128 ἀναγνώσει
3222 4059 3423 4130 μᾶλλον
3458 4078 3732 4131 προσκαρ-

2156 4152 2374 4222 τεροῦσι
2394 4169 2408 4182 °
2428 4152 2570 4215 τινὲς
2597 4151 2674 4217 δὲ,
2703 4150 2791 4204 διὰ
2812 4151 2905 4204 τοῦ
2931 4150 3091 4221 ἔργον
3120 4149 3228 4203 τῶν
3254 4151 3456 4221 χειρῶν
3486 4151 3545 4218 ἐξ
3579 4152 3731 4204 ἀσοεο

2157 4247 2302 4307 νείας
2325 4244 2584 4315 ἀνδρείως
2615 4243 2689 4313 τῷ
2722 4243 2872 4314 ὕπνῳ
2903 4244 3165 4313 μάχονται
3191 4242 3267 4313 (2)
3301 4259 3314 4272 ·
3345 4243 3516 4309 ἄλλοι,
3552 4247 3615 4315 τῇ
3642 4244 3732 4295 τοῦ

2158 4334 2390 4389 θανάτου
2426 4335 2606 4405 ἐννοίᾳ
2639 4333 3192 4405 προσασχολούμενοι,
3221 4332 3308 4386 διὰ
3338 4332 3543 4403 ταύτης
3571 4335 3733 4387 κατάο

2157 4426 2303 4492 νυξιν
2349 4425 2754 4498 προσλαϐέσθαι
2814 4425 3113 4496 βούλονται.
3141 4422 3380 4477 -Τούτων
3435 4426 3651 4478 πάντων
3687 4428 3737 4480 οἱ

2158 4519 2363 4589 πρῶτοι
2402 4518 2497 4571 καὶ
2522 4516 2739 4587 ἔσχατοι
2771 4517 3008 4586 θεοφιλεῖ
3036 4502 3522 4588 προσκαρτεροῦσι
3557 4516 3732 4569 διανυ-
3752 4528 3763 4535 ’

2157 4611 2479 4682 κτερεύσεινο
2508 4612 2570 4663 ὀἱ
2611 4611 2668 4663 δὲ
2703 4609 2965 4683 δεύτεροι,
3013 4611 3313 4680 μοναχικῇ·
3361 4610 3410 4661 οἱ
3447 4608 3501 4660 δὲ
3554 4607 3729 4677 τρίτοι

2156 4703 2540 4774 ὲσχατωτέραν
2585 4699 2895 4773 βαδίζουσιν
2916 4702 3033 4755 ὀδόν
3060 4717 3073 4731 ·
3107 4699 3246 4768 πλὴν
3288 4700 3433 4753 κατὰ
3466 4700 3558 4752 τὸν
3589 4698 3738 4768 λογι-

2158 4793 2296 4864 σμὸν
2352 4793 2453 4846 καὶ
2493 4794 2590 4863 τὴν
2640 4792 2713 4864 (5)
2759 4792 2988 4863 δύναμιν
3025 4794 3053 4845 ὁ
3080 4789 3212 4853 Θεὸς
3241 4789 3311 4843 τὰ
3341 4789 3489 4860 δῶρα
3522 4789 3736 4860 δέχεται

2157 4886 2253 4938 καὶ
2284 4884 2559 4951 λογίζεται
2587 4900 2600 4912 ο
2634 4884 2915 4955 ἄγρυπνον
2935 4879 3538 4953 ὄμμαεῆγνισενπινοῦν.
3591 4880 3736 4947 Πλῆ-

2156 4974 2246 5038 θος
2294 4976 2353 5028 δὲ
2392 4972 2565 5028 ὕπνου
2612 4973 2872 5045 ἑπώρωσε
2914 4972 3093 5043 ψυχήν
3156 4971 3416 5042 (trs—as
3461 4968 3734 5038 ὑπνώδης,

2149 5066 2351 5136 ταύτης
2386 5065 2615 5134 σύζυγος
2638 5080 2652 5094 °
2679 5065 2955 5136 ἀγρυπνία
2987 5063 3287 5134 πυρώσεων
3334 5060 3564 5133 Θραῦσις
3588 5076 3603 5090 ’
3642 5059 3736 5109 ὲν-

2156 5157 2486 5226 υπνιασμῶν
2539 5156 2808 5226 λύτρωσις
2835 5171 2851 5186 ⁸
2884 5154 3156 5225 κάθυγρος
3186 5151 3484 5221 ὀφθαλμὸς,
3519 5149 3735 5221 ἡπαλυ-

2156 5244 2292 5314 μὲνη
2324 5243 2541 5312 καρδία,
2580 5241 2859 5313 λογισμῶν
2906 5241 3144 5312 φυλακὴ,
3184 5240 3493 5313 βρωμάτων
3526 5254 3729 5310 χωνευ-

2136 5337 2360 5408 οτήριον,
2387 5337 2714 5406 πνευμάτων
2742 5335 3138 5406 δαμαστήριον,
3165 5333 3415 5404 γλώττης
3460 5330 3730 5395 κολαστή-

2160 5444 2293 5499 ριον,
2358 5427 2667 5496 φαντασιῶν
2725 5428 3178 5498 φυγαδευτήριον.
3246 5423 3498 5492 Μοναχδς
3558 5420 3730 5489 ἀγρυ·

2158 5535 2287 5581 τινος
2316 5519 2412 5589 (5),
2447 5518 2698 5589 ἀλιευτὴς
2738 5517 3035 5588 λογισμῶν,
3072 5518 3131 5569 ὲν
3167 5516 3379 5586 γαλήνῃ
3418 5511 3611 5573 νυκτὸς
3640 5510 3725 5561 εύ-

2157 5609 2329 5681 χερῶς
2356 5609 2577 5674 τούτους
2602 5613 2884 5664 κατανοεῖν
2929 5608 3030 5681 (6),
3066 5608 3161 5664 καὶ
3199 5606 3457 5678 ἀγρεύειν
3494 5600 3727 5669 away:-
