  <div class='ocr_page' id='page_1' title='image "/cluster/home/n/w/nwhite01/storage/ocr_20150623/88/coo.31924054869924/493.png"; bbox 0 0 4042 6422; ppageno 0'>
   <div class='ocr_carea' id='block_1_1' title="bbox 427 267 531 331">
    <p class='ocr_par' dir='ltr' id='par_1_1' title="bbox 427 267 531 331">
     <span class='ocr_line' id='line_1_1' title="bbox 427 267 531 331; baseline 0 0"><span class='ocrx_word' id='word_1_1' title='bbox 427 267 531 331; x_wconf 71' lang='grc'><strong>943</strong></span> 
     </span>
    </p>
   </div>
   <div class='ocr_carea' id='block_1_2' title="bbox 1688 264 2434 331">
    <p class='ocr_par' dir='ltr' id='par_1_2' title="bbox 1688 264 2434 331">
     <span class='ocr_line' id='line_1_2' title="bbox 1688 264 2434 331; baseline -0.007 -2"><span class='ocrx_word' id='word_1_2' title='bbox 1688 274 1745 331; x_wconf 89' lang='lat' dir='ltr'><strong>S.</strong></span> <span class='ocrx_word' id='word_1_3' title='bbox 1771 268 2091 330; x_wconf 70' lang='lat' dir='ltr'><strong>JOANNlS</strong></span> <span class='ocrx_word' id='word_1_4' title='bbox 2126 264 2434 326; x_wconf 77' lang='lat' dir='ltr'><strong>CLIMACI</strong></span> 
     </span>
    </p>
   </div>
   <div class='ocr_carea' id='block_1_3' title="bbox 3592 275 3691 341">
    <p class='ocr_par' dir='ltr' id='par_1_3' title="bbox 3592 275 3691 341">
     <span class='ocr_line' id='line_1_3' title="bbox 3592 275 3691 341; baseline -0.04 0"><span class='ocrx_word' id='word_1_5' title='bbox 3592 275 3691 341; x_wconf 61' lang='grc' dir='ltr'>τις</span> 
     </span>
    </p>
   </div>
   <div class='ocr_carea' id='block_1_4' title="bbox 424 376 1988 455">
    <p class='ocr_par' dir='ltr' id='par_1_4' title="bbox 424 380 1988 455">
     <span class='ocr_line' id='line_1_4' title="bbox 424 380 1988 455; baseline -0.003 -17"><span class='ocrx_word' id='word_1_6' title='bbox 424 390 589 438; x_wconf 86' lang='lat' dir='ltr'><strong>nocte</strong></span> <span class='ocrx_word' id='word_1_7' title='bbox 620 381 822 453; x_wconf 81' lang='lat' dir='ltr'><strong>psallit,</strong></span> <span class='ocrx_word' id='word_1_8' title='bbox 848 391 902 438; x_wconf 86' lang='lat' dir='ltr'><strong>et</strong></span> <span class='ocrx_word' id='word_1_9' title='bbox 932 393 1034 449; x_wconf 86' lang='lat' dir='ltr'><strong>est,</strong></span> <span class='ocrx_word' id='word_1_10' title='bbox 1079 385 1172 455; x_wconf 99' lang='lat' dir='ltr'><strong>qui</strong></span> <span class='ocrx_word' id='word_1_11' title='bbox 1221 387 1465 442; x_wconf 84' lang='lat' dir='ltr'><strong>eamdem</strong></span> <span class='ocrx_word' id='word_1_12' title='bbox 1500 385 1552 438; x_wconf 88' lang='lat' dir='ltr'><strong>in</strong></span> <span class='ocrx_word' id='word_1_13' title='bbox 1587 382 1783 439; x_wconf 89' lang='lat' dir='ltr'><strong>studiis</strong></span> <span class='ocrx_word' id='word_1_14' title='bbox 1832 380 1988 452; x_wconf 84' lang='lat' dir='ltr'><strong>poeni</strong></span> 
     </span>
    </p>
   </div>
   <div class='ocr_carea' id='block_1_5' title="bbox 2094 376 3694 455">
    <p class='ocr_par' dir='ltr' id='par_1_5' title="bbox 2111 376 3694 451">
     <span class='ocr_line' id='line_1_5' title="bbox 2111 376 3694 451; baseline 0.008 -22"><span class='ocrx_word' id='word_1_15' title='bbox 2111 376 2346 448; x_wconf 74' lang='grc' dir='ltr'>ψαλμοῖς</span> <span class='ocrx_word' id='word_1_16' title='bbox 2391 377 2638 448; x_wconf 79' lang='grc' dir='ltr'>ἐκφέρων</span> <span class='ocrx_word' id='word_1_17' title='bbox 2682 379 2812 450; x_wconf 80' lang='grc' dir='ltr'>ὃλην</span> <span class='ocrx_word' id='word_1_18' title='bbox 2873 378 2971 451; x_wconf 80' lang='grc' dir='ltr'>τὴν</span> <span class='ocrx_word' id='word_1_19' title='bbox 3034 382 3221 436; x_wconf 80' lang='grc' dir='ltr'><strong>νύκτα.</strong></span> <span class='ocrx_word' id='word_1_20' title='bbox 3256 385 3367 440; x_wconf 75' lang='grc' dir='ltr'><strong>Καὶ</strong></span> <span class='ocrx_word' id='word_1_21' title='bbox 3409 384 3556 440; x_wconf 69' lang='grc' dir='ltr'>ἔστιν</span> <span class='ocrx_word' id='word_1_22' title='bbox 3582 388 3612 441; x_wconf 76' lang='grc' dir='ltr'><strong>ὁ</strong></span> <span class='ocrx_word' id='word_1_23' title='bbox 3638 391 3694 442; x_wconf 68' lang='grc' dir='ltr'>ἂν</span> 
     </span>
    </p>
   </div>
   <div class='ocr_carea' id='block_1_6' title="bbox 421 473 1999 546">
    <p class='ocr_par' dir='ltr' id='par_1_6' title="bbox 421 473 1999 546">
     <span class='ocr_line' id='line_1_6' title="bbox 421 473 1999 546; baseline -0.001 -16"><span class='ocrx_word' id='word_1_24' title='bbox 421 473 607 530; x_wconf 69' lang='grc' dir='ltr'>ῑοηιίω</span> <span class='ocrx_word' id='word_1_25' title='bbox 634 484 688 529; x_wconf 93' lang='lat' dir='ltr'><strong>ct</strong></span> <span class='ocrx_word' id='word_1_26' title='bbox 721 476 973 546; x_wconf 80' lang='lat' dir='ltr'><strong>precibus</strong></span> <span class='ocrx_word' id='word_1_27' title='bbox 1002 485 1057 532; x_wconf 88' lang='lat' dir='ltr'><strong>et</strong></span> <span class='ocrx_word' id='word_1_28' title='bbox 1078 477 1433 532; x_wconf 89' lang='lat' dir='ltr'><strong>inclinatione</strong></span> <span class='ocrx_word' id='word_1_29' title='bbox 1466 478 1518 530; x_wconf 90' lang='lat' dir='ltr'><strong>in</strong></span> <span class='ocrx_word' id='word_1_30' title='bbox 1551 485 1751 531; x_wconf 85' lang='lat' dir='ltr'><strong>terram</strong></span> <span class='ocrx_word' id='word_1_31' title='bbox 1796 489 1999 529; x_wconf 87' lang='lat' dir='ltr'><strong>consu-</strong></span> 
     </span>
    </p>
   </div>
   <div class='ocr_carea' id='block_1_7' title="bbox 423 567 2000 641">
    <p class='ocr_par' dir='ltr' id='par_1_7' title="bbox 423 567 2000 641">
     <span class='ocr_line' id='line_1_7' title="bbox 423 567 2000 641; baseline -0.001 -19"><span class='ocrx_word' id='word_1_32' title='bbox 423 567 544 623; x_wconf 87' lang='lat' dir='ltr'><strong>mit.</strong></span> <span class='ocrx_word' id='word_1_33' title='bbox 591 567 687 625; x_wconf 86' lang='lat' dir='ltr'><strong>Est</strong></span> <span class='ocrx_word' id='word_1_34' title='bbox 722 570 885 625; x_wconf 88' lang='lat' dir='ltr'><strong>etiam</strong></span> <span class='ocrx_word' id='word_1_35' title='bbox 923 571 1015 640; x_wconf 89' lang='lat' dir='ltr'><strong>qui</strong></span> <span class='ocrx_word' id='word_1_36' title='bbox 1049 570 1103 625; x_wconf 91' lang='lat' dir='ltr'><strong>in</strong></span> <span class='ocrx_word' id='word_1_37' title='bbox 1129 570 1259 625; x_wconf 86' lang='lat' dir='ltr'><strong>ﬂetu</strong></span> <span class='ocrx_word' id='word_1_38' title='bbox 1287 580 1340 626; x_wconf 92' lang='lat' dir='ltr'><strong>et</strong></span> <span class='ocrx_word' id='word_1_39' title='bbox 1371 570 1627 641; x_wconf 86' lang='lat' dir='ltr'><strong>lacrymis</strong></span> <span class='ocrx_word' id='word_1_40' title='bbox 1676 577 1733 624; x_wconf 89' lang='lat' dir='ltr'><strong>et</strong></span> <span class='ocrx_word' id='word_1_41' title='bbox 1775 568 2000 639; x_wconf 90' lang='lat' dir='ltr'><strong>planctu</strong></span> 
     </span>
    </p>
   </div>
   <div class='ocr_carea' id='block_1_8' title="bbox 418 659 1996 731">
    <p class='ocr_par' dir='ltr' id='par_1_8' title="bbox 418 659 1996 731">
     <span class='ocr_line' id='line_1_8' title="bbox 418 659 1996 731; baseline 0.001 -19"><span class='ocrx_word' id='word_1_42' title='bbox 418 671 588 728; x_wconf 86' lang='lat' dir='ltr'><strong>super</strong></span> <span class='ocrx_word' id='word_1_43' title='bbox 643 661 897 715; x_wconf 75' lang='lat' dir='ltr'><strong>admissis</strong></span> <span class='ocrx_word' id='word_1_44' title='bbox 946 662 1183 730; x_wconf 82' lang='lat' dir='ltr'><strong>peccatis</strong></span> <span class='ocrx_word' id='word_1_45' title='bbox 1226 669 1393 716; x_wconf 90' lang='lat' dir='ltr'><strong>totam</strong></span> <span class='ocrx_word' id='word_1_46' title='bbox 1453 660 1627 730; x_wconf 89' lang='lat' dir='ltr'><strong>ponit.</strong></span> <span class='ocrx_word' id='word_1_47' title='bbox 1686 659 1996 731; x_wconf 77' lang='lat' dir='ltr'><strong>Exiguntur</strong></span> 
     </span>
    </p>
   </div>
   <div class='ocr_carea' id='block_1_9' title="bbox 419 748 2001 824">
    <p class='ocr_par' dir='ltr' id='par_1_9' title="bbox 419 748 2001 824">
     <span class='ocr_line' id='line_1_9' title="bbox 419 748 2001 824; baseline 0.003 -21"><span class='ocrx_word' id='word_1_48' title='bbox 419 748 585 805; x_wconf 90' lang='lat' dir='ltr'><strong>etiam</strong></span> <span class='ocrx_word' id='word_1_49' title='bbox 627 751 846 821; x_wconf 75' lang='lat' dir='ltr'><strong>vigiliae,</strong></span> <span class='ocrx_word' id='word_1_50' title='bbox 875 768 998 807; x_wconf 88' lang='lat' dir='ltr'><strong>cum</strong></span> <span class='ocrx_word' id='word_1_51' title='bbox 1040 751 1160 821; x_wconf 85' lang='lat' dir='ltr'><strong>quis</strong></span> <span class='ocrx_word' id='word_1_52' title='bbox 1207 753 1310 808; x_wconf 89' lang='lat' dir='ltr'><strong>sub</strong></span> <span class='ocrx_word' id='word_1_53' title='bbox 1346 752 1563 808; x_wconf 84' lang='lat' dir='ltr'><strong>initium</strong></span> <span class='ocrx_word' id='word_1_54' title='bbox 1591 753 1805 824; x_wconf 80' lang='lat' dir='ltr'><strong>vesperi</strong></span> <span class='ocrx_word' id='word_1_55' title='bbox 1859 753 2001 808; x_wconf 87' lang='lat' dir='ltr'><strong>inci-</strong></span> 
     </span>
    </p>
   </div>
   <div class='ocr_carea' id='block_1_10' title="bbox 416 840 1999 917">
    <p class='ocr_par' dir='ltr' id='par_1_10' title="bbox 416 840 1999 917">
     <span class='ocr_line' id='line_1_10' title="bbox 416 840 1999 917; baseline 0.003 -22"><span class='ocrx_word' id='word_1_56' title='bbox 416 840 500 912; x_wconf 89' lang='lat' dir='ltr'><strong>pit</strong></span> <span class='ocrx_word' id='word_1_57' title='bbox 529 857 559 896; x_wconf 87' lang='lat' dir='ltr'><strong>a</strong></span> <span class='ocrx_word' id='word_1_58' title='bbox 608 844 944 917; x_wconf 85' lang='lat' dir='ltr'><strong>psalmorum</strong></span> <span class='ocrx_word' id='word_1_59' title='bbox 982 843 1321 909; x_wconf 86' lang='lat' dir='ltr'><strong>recitatione,</strong></span> <span class='ocrx_word' id='word_1_60' title='bbox 1380 854 1435 900; x_wconf 89' lang='lat' dir='ltr'><strong>et</strong></span> <span class='ocrx_word' id='word_1_61' title='bbox 1480 844 1759 915; x_wconf 86' lang='lat' dir='ltr'><strong>reliquum</strong></span> <span class='ocrx_word' id='word_1_62' title='bbox 1819 844 1999 900; x_wconf 89' lang='lat' dir='ltr'><strong>noctis</strong></span> 
     </span>
    </p>
   </div>
   <div class='ocr_carea' id='block_1_11' title="bbox 420 934 1999 1003">
    <p class='ocr_par' dir='ltr' id='par_1_11' title="bbox 420 934 1999 1003">
     <span class='ocr_line' id='line_1_11' title="bbox 420 934 1999 1003; baseline 0.002 -16"><span class='ocrx_word' id='word_1_63' title='bbox 420 934 698 989; x_wconf 85' lang='lat' dir='ltr'><strong>consumit</strong></span> <span class='ocrx_word' id='word_1_64' title='bbox 732 934 785 988; x_wconf 93' lang='lat' dir='ltr'><strong>in</strong></span> <span class='ocrx_word' id='word_1_65' title='bbox 825 934 1080 1003; x_wconf 88' lang='lat' dir='ltr'><strong>tropariis</strong></span> <span class='ocrx_word' id='word_1_66' title='bbox 1112 948 1210 990; x_wconf 86' lang='lat' dir='ltr'><strong>seu</strong></span> <span class='ocrx_word' id='word_1_67' title='bbox 1272 934 1529 991; x_wconf 80' lang='lat' dir='ltr'><strong>brevibus</strong></span> <span class='ocrx_word' id='word_1_68' title='bbox 1576 936 1807 992; x_wconf 89' lang='lat' dir='ltr'><strong>canticis</strong></span> <span class='ocrx_word' id='word_1_69' title='bbox 1853 935 1999 991; x_wconf 88' lang='lat' dir='ltr'><strong>dire-</strong></span> 
     </span>
    </p>
   </div>
   <div class='ocr_carea' id='block_1_12' title="bbox 419 1024 1997 1091">
    <p class='ocr_par' dir='ltr' id='par_1_12' title="bbox 419 1024 1997 1091">
     <span class='ocr_line' id='line_1_12' title="bbox 419 1024 1997 1091; baseline 0.002 -15"><span class='ocrx_word' id='word_1_70' title='bbox 419 1025 519 1077; x_wconf 65' lang='lat' dir='ltr'><strong>l‘lis</strong></span> <span class='ocrx_word' id='word_1_71' title='bbox 544 1024 610 1078; x_wconf 90' lang='lat' dir='ltr'><strong>ad</strong></span> <span class='ocrx_word' id='word_1_72' title='bbox 641 1024 805 1077; x_wconf 86' lang='lat' dir='ltr'><strong>Deum</strong></span> <span class='ocrx_word' id='word_1_73' title='bbox 854 1034 907 1078; x_wconf 88' lang='lat' dir='ltr'><strong>et</strong></span> <span class='ocrx_word' id='word_1_74' title='bbox 942 1033 1183 1080; x_wconf 89' lang='lat' dir='ltr'><strong>sanctos.</strong></span> <span class='ocrx_word' id='word_1_75' title='bbox 1207 1026 1377 1081; x_wconf 81' lang='lat' dir='ltr'><strong>Fiunt</strong></span> <span class='ocrx_word' id='word_1_76' title='bbox 1414 1043 1660 1091; x_wconf 84' lang='lat' dir='ltr'><strong>rursum,</strong></span> <span class='ocrx_word' id='word_1_77' title='bbox 1696 1042 1822 1082; x_wconf 90' lang='lat' dir='ltr'><strong>cum</strong></span> <span class='ocrx_word' id='word_1_78' title='bbox 1883 1026 1997 1083; x_wconf 89' lang='lat' dir='ltr'><strong>Deo</strong></span> 
     </span>
    </p>
   </div>
   <div class='ocr_carea' id='block_1_13' title="bbox 420 1115 1994 1188">
    <p class='ocr_par' dir='ltr' id='par_1_13' title="bbox 420 1115 1994 1188">
     <span class='ocr_line' id='line_1_13' title="bbox 420 1115 1994 1188; baseline 0.003 -22"><span class='ocrx_word' id='word_1_79' title='bbox 420 1115 606 1171; x_wconf 82' lang='lat' dir='ltr'><strong>laudes</strong></span> <span class='ocrx_word' id='word_1_80' title='bbox 644 1115 1025 1181; x_wconf 87' lang='lat' dir='ltr'><strong>decantantur,</strong></span> <span class='ocrx_word' id='word_1_81' title='bbox 1048 1126 1143 1172; x_wconf 85' lang='lat' dir='ltr'><strong>aut</strong></span> <span class='ocrx_word' id='word_1_82' title='bbox 1196 1118 1528 1188; x_wconf 82' lang='lat' dir='ltr'><strong>praelectioni</strong></span> <span class='ocrx_word' id='word_1_83' title='bbox 1585 1117 1994 1187; x_wconf 84' lang='lat' dir='ltr'><strong>impenduntur.</strong></span> 
     </span>
    </p>
   </div>
   <div class='ocr_carea' id='block_1_14' title="bbox 419 1204 1996 1279">
    <p class='ocr_par' dir='ltr' id='par_1_14' title="bbox 419 1204 1996 1279">
     <span class='ocr_line' id='line_1_14' title="bbox 419 1204 1996 1279; baseline 0.005 -26"><span class='ocrx_word' id='word_1_84' title='bbox 419 1204 781 1259; x_wconf 83' lang='lat' dir='ltr'><strong>Instituuntur</strong></span> <span class='ocrx_word' id='word_1_85' title='bbox 804 1204 971 1260; x_wconf 91' lang='lat' dir='ltr'><strong>etiam</strong></span> <span class='ocrx_word' id='word_1_86' title='bbox 1021 1222 1052 1261; x_wconf 89' lang='lat' dir='ltr'><strong>a</strong></span> <span class='ocrx_word' id='word_1_87' title='bbox 1086 1208 1435 1277; x_wconf 83' lang='lat' dir='ltr'><strong>quibusdam,</strong></span> <span class='ocrx_word' id='word_1_88' title='bbox 1498 1208 1593 1279; x_wconf 87' lang='lat' dir='ltr'><strong>qui</strong></span> <span class='ocrx_word' id='word_1_89' title='bbox 1649 1208 1755 1262; x_wconf 88' lang='lat' dir='ltr'><strong>sibi</strong></span> <span class='ocrx_word' id='word_1_90' title='bbox 1817 1207 1996 1278; x_wconf 81' lang='lat' dir='ltr'><strong>legem</strong></span> 
     </span>
    </p>
   </div>
   <div class='ocr_carea' id='block_1_15' title="bbox 416 1292 1995 1368">
    <p class='ocr_par' dir='ltr' id='par_1_15' title="bbox 416 1292 1995 1368">
     <span class='ocr_line' id='line_1_15' title="bbox 416 1292 1995 1368; baseline 0.004 -23"><span class='ocrx_word' id='word_1_91' title='bbox 416 1292 623 1357; x_wconf 89' lang='lat' dir='ltr'><strong>dicunt,</strong></span> <span class='ocrx_word' id='word_1_92' title='bbox 652 1307 722 1348; x_wconf 87' lang='lat' dir='ltr'><strong>ne</strong></span> <span class='ocrx_word' id='word_1_93' title='bbox 748 1308 890 1363; x_wconf 89' lang='lat' dir='ltr'><strong>genu</strong></span> <span class='ocrx_word' id='word_1_94' title='bbox 921 1305 1126 1364; x_wconf 87' lang='lat' dir='ltr'><strong>ponant</strong></span> <span class='ocrx_word' id='word_1_95' title='bbox 1159 1304 1254 1351; x_wconf 90' lang='lat' dir='ltr'><strong>aut</strong></span> <span class='ocrx_word' id='word_1_96' title='bbox 1278 1295 1502 1353; x_wconf 81' lang='lat' dir='ltr'><strong>ﬂectant</strong></span> <span class='ocrx_word' id='word_1_97' title='bbox 1557 1297 1624 1352; x_wconf 90' lang='lat' dir='ltr'><strong>ad</strong></span> <span class='ocrx_word' id='word_1_98' title='bbox 1683 1298 1995 1368; x_wconf 79' lang='lat' dir='ltr'><strong>exemplum</strong></span> 
     </span>
    </p>
   </div>
   <div class='ocr_carea' id='block_1_16' title="bbox 412 1386 1922 1464">
    <p class='ocr_par' dir='ltr' id='par_1_16' title="bbox 412 1386 1922 1464">
     <span class='ocr_line' id='line_1_16' title="bbox 412 1386 1922 1464; baseline 0.005 -24"><span class='ocrx_word' id='word_1_99' title='bbox 412 1386 580 1451; x_wconf 88' lang='lat' dir='ltr'><strong>illius,</strong></span> <span class='ocrx_word' id='word_1_100' title='bbox 616 1387 710 1459; x_wconf 89' lang='lat' dir='ltr'><strong>qui</strong></span> <span class='ocrx_word' id='word_1_101' title='bbox 767 1389 1001 1446; x_wconf 68' lang='lat' dir='ltr'><strong>luxuriae</strong></span> <span class='ocrx_word' id='word_1_102' title='bbox 1024 1390 1452 1462; x_wconf 76' lang='lat' dir='ltr'><strong>cogitationibus</strong></span> <span class='ocrx_word' id='word_1_103' title='bbox 1485 1392 1922 1464; x_wconf 70' lang='lat' dir='ltr'><strong>oppugnabatur.</strong></span> 
     </span>
    </p>
   </div>
   <div class='ocr_carea' id='block_1_17' title="bbox 1036 1481 1364 1539">
    <p class='ocr_par' dir='ltr' id='par_1_17' title="bbox 1036 1481 1364 1539">
     <span class='ocr_line' id='line_1_17' title="bbox 1036 1481 1364 1539; baseline 0.006 -3"><span class='ocrx_word' id='word_1_104' title='bbox 1036 1481 1286 1538; x_wconf 79' lang='lat' dir='ltr'><strong>Scholion</strong></span> <span class='ocrx_word' id='word_1_105' title='bbox 1310 1484 1364 1539; x_wconf 71' lang='grc'><strong>2.</strong></span> 
     </span>
    </p>
   </div>
   <div class='ocr_carea' id='block_1_18' title="bbox 485 1567 1995 1645">
    <p class='ocr_par' dir='ltr' id='par_1_18' title="bbox 485 1567 1995 1645">
     <span class='ocr_line' id='line_1_18' title="bbox 485 1567 1995 1645; baseline 0.006 -24"><span class='ocrx_word' id='word_1_106' title='bbox 485 1567 561 1623; x_wconf 83' lang='lat' dir='ltr'><strong>Ex</strong></span> <span class='ocrx_word' id='word_1_107' title='bbox 595 1569 971 1627; x_wconf 82' lang='lat' dir='ltr'><strong>imbecillitate</strong></span> <span class='ocrx_word' id='word_1_108' title='bbox 997 1572 1216 1642; x_wconf 86' lang='lat' dir='ltr'><strong>quidem</strong></span> <span class='ocrx_word' id='word_1_109' title='bbox 1249 1572 1441 1635; x_wconf 87' lang='lat' dir='ltr'><strong>animi,</strong></span> <span class='ocrx_word' id='word_1_110' title='bbox 1476 1573 1570 1629; x_wconf 89' lang='lat' dir='ltr'><strong>sed</strong></span> <span class='ocrx_word' id='word_1_111' title='bbox 1601 1575 1873 1631; x_wconf 89' lang='lat' dir='ltr'><strong>constanti</strong></span> <span class='ocrx_word' id='word_1_112' title='bbox 1898 1590 1995 1645; x_wconf 86' lang='lat' dir='ltr'><strong>pa-</strong></span> 
     </span>
    </p>
   </div>
   <div class='ocr_carea' id='block_1_19' title="bbox 412 1662 1839 1734">
    <p class='ocr_par' dir='ltr' id='par_1_19' title="bbox 412 1662 1839 1734">
     <span class='ocr_line' id='line_1_19' title="bbox 412 1662 1839 1734; baseline 0.004 -19"><span class='ocrx_word' id='word_1_113' title='bbox 412 1662 598 1717; x_wconf 85' lang='lat' dir='ltr'><strong>tientia</strong></span> <span class='ocrx_word' id='word_1_114' title='bbox 631 1678 739 1734; x_wconf 90' lang='lat' dir='ltr'><strong>qua</strong></span> <span class='ocrx_word' id='word_1_115' title='bbox 772 1664 974 1719; x_wconf 88' lang='lat' dir='ltr'><strong>bellum</strong></span> <span class='ocrx_word' id='word_1_116' title='bbox 1009 1665 1270 1721; x_wconf 86' lang='lat' dir='ltr'><strong>adversus</strong></span> <span class='ocrx_word' id='word_1_117' title='bbox 1295 1680 1550 1721; x_wconf 90' lang='lat' dir='ltr'><strong>somnum</strong></span> <span class='ocrx_word' id='word_1_118' title='bbox 1582 1667 1839 1722; x_wconf 89' lang='lat' dir='ltr'><strong>sustinet.</strong></span> 
     </span>
    </p>
   </div>
   <div class='ocr_carea' id='block_1_20' title="bbox 1036 1753 1384 1811">
    <p class='ocr_par' dir='ltr' id='par_1_20' title="bbox 1036 1753 1384 1811">
     <span class='ocr_line' id='line_1_20' title="bbox 1036 1753 1384 1811; baseline 0 -2"><span class='ocrx_word' id='word_1_119' title='bbox 1036 1753 1285 1809; x_wconf 78' lang='lat' dir='ltr'><strong>Scholion</strong></span> <span class='ocrx_word' id='word_1_120' title='bbox 1332 1756 1384 1811; x_wconf 82' lang='lat'><strong>&#39;5.</strong></span> 
     </span>
    </p>
   </div>
   <div class='ocr_carea' id='block_1_21' title="bbox 482 1844 1992 1919">
    <p class='ocr_par' dir='ltr' id='par_1_21' title="bbox 482 1844 1992 1919">
     <span class='ocr_line' id='line_1_21' title="bbox 482 1844 1992 1919; baseline 0.006 -23"><span class='ocrx_word' id='word_1_121' title='bbox 482 1844 625 1900; x_wconf 89' lang='lat' dir='ltr'><strong>Deus</strong></span> <span class='ocrx_word' id='word_1_122' title='bbox 653 1844 862 1915; x_wconf 88' lang='lat' dir='ltr'><strong>judicat</strong></span> <span class='ocrx_word' id='word_1_123' title='bbox 885 1852 939 1900; x_wconf 91' lang='lat' dir='ltr'><strong>et</strong></span> <span class='ocrx_word' id='word_1_124' title='bbox 967 1845 1203 1900; x_wconf 74' lang='lat' dir='ltr'><strong>aestimat</strong></span> <span class='ocrx_word' id='word_1_125' title='bbox 1229 1860 1394 1916; x_wconf 87' lang='lat' dir='ltr'><strong>opera</strong></span> <span class='ocrx_word' id='word_1_126' title='bbox 1436 1856 1624 1902; x_wconf 85' lang='lat' dir='ltr'><strong>nostra</strong></span> <span class='ocrx_word' id='word_1_127' title='bbox 1651 1863 1751 1919; x_wconf 92' lang='lat' dir='ltr'><strong>pro</strong></span> <span class='ocrx_word' id='word_1_128' title='bbox 1777 1849 1992 1905; x_wconf 84' lang='lat' dir='ltr'><strong>ratione</strong></span> 
     </span>
    </p>
   </div>
   <div class='ocr_carea' id='block_1_22' title="bbox 410 1935 1993 2009">
    <p class='ocr_par' dir='ltr' id='par_1_22' title="bbox 410 1935 1993 2009">
     <span class='ocr_line' id='line_1_22' title="bbox 410 1935 1993 2009; baseline 0.003 -19"><span class='ocrx_word' id='word_1_129' title='bbox 410 1936 675 2005; x_wconf 84' lang='lat' dir='ltr'><strong>propositi</strong></span> <span class='ocrx_word' id='word_1_130' title='bbox 726 1954 741 1991; x_wconf 91' lang='lat'><strong>:</strong></span> <span class='ocrx_word' id='word_1_131' title='bbox 784 1935 907 2005; x_wconf 85' lang='lat' dir='ltr'><strong>Det,</strong></span> <span class='ocrx_word' id='word_1_132' title='bbox 941 1937 1132 2009; x_wconf 89' lang='lat' dir='ltr'><strong>inquit,</strong></span> <span class='ocrx_word' id='word_1_133' title='bbox 1189 1937 1282 1992; x_wconf 86' lang='lat' dir='ltr'><strong>tibi</strong></span> <span class='ocrx_word' id='word_1_134' title='bbox 1339 1937 1502 2003; x_wconf 80' lang='lat' dir='ltr'><strong>Deus,</strong></span> <span class='ocrx_word' id='word_1_135' title='bbox 1557 1939 1840 1994; x_wconf 73' lang='lat' dir='ltr'><strong>secundum</strong></span> <span class='ocrx_word' id='word_1_136' title='bbox 1903 1957 1993 1995; x_wconf 86' lang='lat' dir='ltr'><strong>cur</strong></span> 
     </span>
    </p>
   </div>
   <div class='ocr_carea' id='block_1_23' title="bbox 411 2028 659 2084">
    <p class='ocr_par' dir='ltr' id='par_1_23' title="bbox 411 2028 659 2084">
     <span class='ocr_line' id='line_1_23' title="bbox 411 2028 659 2084; baseline 0.016 -4"><span class='ocrx_word' id='word_1_137' title='bbox 411 2039 559 2082; x_wconf 85' lang='lat' dir='ltr'><strong>tuum</strong></span> <span class='ocrx_word' id='word_1_138' title='bbox 588 2028 659 2084; x_wconf 80' lang='grc'><strong>⁸⁸.</strong></span> 
     </span>
    </p>
   </div>
   <div class='ocr_carea' id='block_1_24' title="bbox 1030 2122 1388 2178">
    <p class='ocr_par' dir='ltr' id='par_1_24' title="bbox 1030 2122 1388 2178">
     <span class='ocr_line' id='line_1_24' title="bbox 1030 2122 1388 2178; baseline -0.003 0"><span class='ocrx_word' id='word_1_139' title='bbox 1030 2122 1281 2178; x_wconf 86' lang='lat' dir='ltr'><strong>Scholion</strong></span> <span class='ocrx_word' id='word_1_140' title='bbox 1334 2125 1388 2178; x_wconf 77' lang='grc'><strong>4.</strong></span> 
     </span>
    </p>
   </div>
   <div class='ocr_carea' id='block_1_25' title="bbox 476 2209 1991 2283">
    <p class='ocr_par' dir='ltr' id='par_1_25' title="bbox 476 2209 1991 2283">
     <span class='ocr_line' id='line_1_25' title="bbox 476 2209 1991 2283; baseline 0.004 -20"><span class='ocrx_word' id='word_1_141' title='bbox 476 2209 701 2280; x_wconf 76' lang='lat' dir='ltr'><strong>Semper</strong></span> <span class='ocrx_word' id='word_1_142' title='bbox 729 2212 949 2283; x_wconf 86' lang='lat' dir='ltr'><strong>quidem</strong></span> <span class='ocrx_word' id='word_1_143' title='bbox 996 2212 1051 2267; x_wconf 87' lang='lat' dir='ltr'><strong>in</strong></span> <span class='ocrx_word' id='word_1_144' title='bbox 1101 2214 1445 2269; x_wconf 85' lang='lat' dir='ltr'><strong>orationibus</strong></span> <span class='ocrx_word' id='word_1_145' title='bbox 1469 2223 1523 2270; x_wconf 91' lang='lat' dir='ltr'><strong>et</strong></span> <span class='ocrx_word' id='word_1_146' title='bbox 1548 2215 1876 2271; x_wconf 87' lang='lat' dir='ltr'><strong>lectionibus</strong></span> <span class='ocrx_word' id='word_1_147' title='bbox 1910 2215 1991 2269; x_wconf 87' lang='lat' dir='ltr'><strong>vi-</strong></span> 
     </span>
    </p>
   </div>
   <div class='ocr_carea' id='block_1_26' title="bbox 403 2302 1987 2373">
    <p class='ocr_par' dir='ltr' id='par_1_26' title="bbox 403 2302 1987 2373">
     <span class='ocr_line' id='line_1_26' title="bbox 403 2302 1987 2373; baseline 0.003 -17"><span class='ocrx_word' id='word_1_148' title='bbox 403 2302 573 2371; x_wconf 80' lang='lat' dir='ltr'><strong>gilare</strong></span> <span class='ocrx_word' id='word_1_149' title='bbox 607 2302 886 2373; x_wconf 74' lang='lat' dir='ltr'><strong>iubemur,</strong></span> <span class='ocrx_word' id='word_1_150' title='bbox 923 2303 1016 2358; x_wconf 88' lang='lat' dir='ltr'><strong>sed</strong></span> <span class='ocrx_word' id='word_1_151' title='bbox 1043 2304 1394 2373; x_wconf 89' lang='lat' dir='ltr'><strong>potissimum</strong></span> <span class='ocrx_word' id='word_1_152' title='bbox 1422 2304 1576 2361; x_wconf 86' lang='lat' dir='ltr'><strong>festis</strong></span> <span class='ocrx_word' id='word_1_153' title='bbox 1627 2307 1843 2363; x_wconf 89' lang='lat' dir='ltr'><strong>diebus.</strong></span> <span class='ocrx_word' id='word_1_154' title='bbox 1893 2305 1987 2361; x_wconf 84' lang='lat' dir='ltr'><strong>Vi-</strong></span> 
     </span>
    </p>
   </div>
   <div class='ocr_carea' id='block_1_27' title="bbox 405 2393 1989 2461">
    <p class='ocr_par' dir='ltr' id='par_1_27' title="bbox 405 2393 1989 2461">
     <span class='ocr_line' id='line_1_27' title="bbox 405 2393 1989 2461; baseline 0.004 -16"><span class='ocrx_word' id='word_1_155' title='bbox 405 2393 579 2461; x_wconf 79' lang='lat' dir='ltr'><strong>gilans</strong></span> <span class='ocrx_word' id='word_1_156' title='bbox 633 2393 938 2450; x_wconf 87' lang='lat' dir='ltr'><strong>monachus</strong></span> <span class='ocrx_word' id='word_1_157' title='bbox 969 2402 1206 2449; x_wconf 88' lang='lat' dir='ltr'><strong>mentem</strong></span> <span class='ocrx_word' id='word_1_158' title='bbox 1235 2410 1392 2450; x_wconf 90' lang='lat' dir='ltr'><strong>suam</strong></span> <span class='ocrx_word' id='word_1_159' title='bbox 1442 2395 1681 2459; x_wconf 81' lang='lat' dir='ltr'><strong>exacuit,</strong></span> <span class='ocrx_word' id='word_1_160' title='bbox 1751 2407 1805 2449; x_wconf 90' lang='lat' dir='ltr'><strong>et</strong></span> <span class='ocrx_word' id='word_1_161' title='bbox 1857 2397 1989 2451; x_wconf 89' lang='lat' dir='ltr'><strong>sub-</strong></span> 
     </span>
    </p>
   </div>
   <div class='ocr_carea' id='block_1_28' title="bbox 404 2482 1982 2554">
    <p class='ocr_par' dir='ltr' id='par_1_28' title="bbox 404 2482 1982 2554">
     <span class='ocr_line' id='line_1_28' title="bbox 404 2482 1982 2554; baseline 0.003 -21"><span class='ocrx_word' id='word_1_162' title='bbox 404 2482 637 2536; x_wconf 88' lang='lat' dir='ltr'><strong>tiliorem</strong></span> <span class='ocrx_word' id='word_1_163' title='bbox 672 2482 848 2538; x_wconf 84' lang='lat' dir='ltr'><strong>reddit</strong></span> <span class='ocrx_word' id='word_1_164' title='bbox 875 2483 942 2537; x_wconf 82' lang='lat' dir='ltr'><strong>a&#39;d</strong></span> <span class='ocrx_word' id='word_1_165' title='bbox 972 2484 1721 2554; x_wconf 86' lang='lat' dir='ltr'><strong>contemplationem,utilcm</strong></span> <span class='ocrx_word' id='word_1_166' title='bbox 1751 2487 1982 2540; x_wconf 77' lang='lat' dir='ltr'><strong>animae:</strong></span> 
     </span>
    </p>
   </div>
   <div class='ocr_carea' id='block_1_29' title="bbox 403 2571 1985 2643">
    <p class='ocr_par' dir='ltr' id='par_1_29' title="bbox 403 2571 1985 2643">
     <span class='ocr_line' id='line_1_29' title="bbox 403 2571 1985 2643; baseline 0.002 -17"><span class='ocrx_word' id='word_1_167' title='bbox 403 2573 605 2627; x_wconf 88' lang='lat' dir='ltr'><strong>multus</strong></span> <span class='ocrx_word' id='word_1_168' title='bbox 632 2586 859 2628; x_wconf 80' lang='lat' dir='ltr'><strong>somnus</strong></span> <span class='ocrx_word' id='word_1_169' title='bbox 887 2572 1135 2627; x_wconf 87' lang='lat' dir='ltr'><strong>eamdem</strong></span> <span class='ocrx_word' id='word_1_170' title='bbox 1170 2571 1422 2627; x_wconf 88' lang='lat' dir='ltr'><strong>obtundit</strong></span> <span class='ocrx_word' id='word_1_171' title='bbox 1446 2572 1604 2643; x_wconf 74' lang='lat'><strong>271</strong></span> <span class='ocrx_word' id='word_1_172' title='bbox 1638 2583 1692 2628; x_wconf 92' lang='lat' dir='ltr'><strong>et</strong></span> <span class='ocrx_word' id='word_1_173' title='bbox 1746 2575 1985 2629; x_wconf 84' lang='lat' dir='ltr'><strong>crassio-</strong></span> 
     </span>
    </p>
   </div>
   <div class='ocr_carea' id='block_1_30' title="bbox 401 2662 1989 2734">
    <p class='ocr_par' dir='ltr' id='par_1_30' title="bbox 401 2662 1989 2734">
     <span class='ocr_line' id='line_1_30' title="bbox 401 2662 1989 2734; baseline 0.003 -18"><span class='ocrx_word' id='word_1_174' title='bbox 401 2680 514 2720; x_wconf 82' lang='lat' dir='ltr'><strong>rem</strong></span> <span class='ocrx_word' id='word_1_175' title='bbox 544 2663 725 2719; x_wconf 77' lang='lat' dir='ltr'><strong>ellicit.</strong></span> <span class='ocrx_word' id='word_1_176' title='bbox 759 2662 866 2718; x_wconf 87' lang='lat' dir='ltr'><strong>Sed</strong></span> <span class='ocrx_word' id='word_1_177' title='bbox 897 2677 1030 2719; x_wconf 86' lang='lat' dir='ltr'><strong>cave</strong></span> <span class='ocrx_word' id='word_1_178' title='bbox 1056 2679 1125 2718; x_wconf 90' lang='lat' dir='ltr'><strong>ne</strong></span> <span class='ocrx_word' id='word_1_179' title='bbox 1161 2663 1373 2734; x_wconf 79' lang='lat' dir='ltr'><strong>vigilias</strong></span> <span class='ocrx_word' id='word_1_180' title='bbox 1423 2665 1577 2719; x_wconf 82' lang='lat' dir='ltr'><strong>vanis</strong></span> <span class='ocrx_word' id='word_1_181' title='bbox 1636 2663 1835 2721; x_wconf 74' lang='lat' dir='ltr'><strong>fabulis</strong></span> <span class='ocrx_word' id='word_1_182' title='bbox 1893 2674 1989 2721; x_wconf 91' lang='lat' dir='ltr'><strong>aut</strong></span> 
     </span>
    </p>
   </div>
   <div class='ocr_carea' id='block_1_31' title="bbox 399 2754 1985 2827">
    <p class='ocr_par' dir='ltr' id='par_1_31' title="bbox 399 2754 1985 2827">
     <span class='ocr_line' id='line_1_31' title="bbox 399 2754 1985 2827; baseline 0.001 -16"><span class='ocrx_word' id='word_1_183' title='bbox 399 2755 667 2827; x_wconf 89' lang='lat' dir='ltr'><strong>improbis</strong></span> <span class='ocrx_word' id='word_1_184' title='bbox 703 2754 1124 2825; x_wconf 83' lang='lat' dir='ltr'><strong>cogitationibus</strong></span> <span class='ocrx_word' id='word_1_185' title='bbox 1190 2755 1493 2824; x_wconf 88' lang='lat' dir='ltr'><strong>impendas.</strong></span> <span class='ocrx_word' id='word_1_186' title='bbox 1561 2754 1789 2810; x_wconf 45' lang='lat' dir='ltr'><strong>Praestat</strong></span> <span class='ocrx_word' id='word_1_187' title='bbox 1839 2757 1985 2812; x_wconf 87' lang='lat' dir='ltr'><strong>enim</strong></span> 
     </span>
    </p>
   </div>
   <div class='ocr_carea' id='block_1_32' title="bbox 398 2845 1987 2916">
    <p class='ocr_par' dir='ltr' id='par_1_32' title="bbox 398 2845 1987 2916">
     <span class='ocr_line' id='line_1_32' title="bbox 398 2845 1987 2916; baseline 0.001 -15"><span class='ocrx_word' id='word_1_188' title='bbox 398 2845 640 2902; x_wconf 85' lang='lat' dir='ltr'><strong>dormire</strong></span> <span class='ocrx_word' id='word_1_189' title='bbox 673 2861 838 2915; x_wconf 87' lang='lat' dir='ltr'><strong>quam</strong></span> <span class='ocrx_word' id='word_1_190' title='bbox 869 2845 1023 2901; x_wconf 86' lang='lat' dir='ltr'><strong>vanis</strong></span> <span class='ocrx_word' id='word_1_191' title='bbox 1052 2846 1399 2902; x_wconf 87' lang='lat' dir='ltr'><strong>sermonibus</strong></span> <span class='ocrx_word' id='word_1_192' title='bbox 1449 2857 1501 2901; x_wconf 88' lang='lat' dir='ltr'><strong>et</strong></span> <span class='ocrx_word' id='word_1_193' title='bbox 1559 2847 1987 2916; x_wconf 86' lang='lat' dir='ltr'><strong>c0gitationibus</strong></span> 
     </span>
    </p>
   </div>
   <div class='ocr_carea' id='block_1_33' title="bbox 399 2938 1441 3023">
    <p class='ocr_par' dir='ltr' id='par_1_33' title="bbox 399 2938 1441 3023">
     <span class='ocr_line' id='line_1_33' title="bbox 399 2938 1441 3023; baseline 0.003 -31"><span class='ocrx_word' id='word_1_194' title='bbox 399 2938 711 3009; x_wconf 82' lang='lat' dir='ltr'><strong>invigilare.</strong></span> <span class='ocrx_word' id='word_1_195' title='bbox 1418 3010 1441 3023; x_wconf 31' lang='grc' dir='ltr'><strong>κ</strong></span> 
     </span>
    </p>
   </div>
   <div class='ocr_carea' id='block_1_34' title="bbox 1025 3028 1542 3084">
    <p class='ocr_par' dir='ltr' id='par_1_34' title="bbox 1025 3028 1542 3084">
     <span class='ocr_line' id='line_1_34' title="bbox 1025 3028 1542 3084; baseline -0.004 0"><span class='ocrx_word' id='word_1_196' title='bbox 1025 3028 1272 3084; x_wconf 74' lang='lat' dir='ltr'><strong>Scholion</strong></span> <span class='ocrx_word' id='word_1_197' title='bbox 1297 3028 1349 3083; x_wconf 85' lang='lat'><strong>5.</strong></span> <span class='ocrx_word' id='word_1_198' title='bbox 1498 3046 1542 3061; x_wconf 76' lang='grc'><em>’</em></span> 
     </span>
    </p>
   </div>
   <div class='ocr_carea' id='block_1_35' title="bbox 468 3120 1984 3192">
    <p class='ocr_par' dir='ltr' id='par_1_35' title="bbox 468 3120 1984 3192">
     <span class='ocr_line' id='line_1_35' title="bbox 468 3120 1984 3192; baseline 0.001 -14"><span class='ocrx_word' id='word_1_199' title='bbox 468 3121 697 3190; x_wconf 86' lang='lat' dir='ltr'><strong>Quando</strong></span> <span class='ocrx_word' id='word_1_200' title='bbox 721 3136 814 3192; x_wconf 89' lang='lat' dir='ltr'><strong>per</strong></span> <span class='ocrx_word' id='word_1_201' title='bbox 863 3121 1078 3192; x_wconf 81' lang='lat' dir='ltr'><strong>vigilias</strong></span> <span class='ocrx_word' id='word_1_202' title='bbox 1109 3131 1440 3176; x_wconf 85' lang='lat' dir='ltr'><strong>enervantur</strong></span> <span class='ocrx_word' id='word_1_203' title='bbox 1484 3120 1705 3176; x_wconf 71' lang='lat' dir='ltr'><strong>malitia:</strong></span> <span class='ocrx_word' id='word_1_204' title='bbox 1734 3123 1984 3192; x_wconf 81' lang='lat' dir='ltr'><strong>spiritus,</strong></span> 
     </span>
    </p>
   </div>
   <div class='ocr_carea' id='block_1_36' title="bbox 395 3214 1038 3285">
    <p class='ocr_par' dir='ltr' id='par_1_36' title="bbox 395 3214 1038 3285">
     <span class='ocr_line' id='line_1_36' title="bbox 395 3214 1038 3285; baseline -0.008 -14"><span class='ocrx_word' id='word_1_205' title='bbox 395 3224 449 3271; x_wconf 86' lang='lat' dir='ltr'><strong>et</strong></span> <span class='ocrx_word' id='word_1_206' title='bbox 486 3215 625 3272; x_wconf 86' lang='lat' dir='ltr'><strong>bella</strong></span> <span class='ocrx_word' id='word_1_207' title='bbox 656 3214 974 3285; x_wconf 81' lang='lat' dir='ltr'><strong>mitigantur</strong></span> <span class='ocrx_word' id='word_1_208' title='bbox 1025 3233 1038 3267; x_wconf 91' lang='lat'><strong>:</strong></span> 
     </span>
    </p>
   </div>
   <div class='ocr_carea' id='block_1_37' title="bbox 2021 1717 2069 1774">
    <p class='ocr_par' dir='ltr' id='par_1_37' title="bbox 2021 1717 2069 1774">
     <span class='ocr_line' id='line_1_37' title="bbox 2021 1717 2069 1774; baseline 0 0"><span class='ocrx_word' id='word_1_209' title='bbox 2021 1717 2069 1774; x_wconf 83' lang='grc' dir='ltr'><strong>Β</strong></span> 
     </span>
    </p>
   </div>
   <div class='ocr_carea' id='block_1_38' title="bbox 2110 468 3688 550">
    <p class='ocr_par' dir='ltr' id='par_1_38' title="bbox 2110 468 3688 550">
     <span class='ocr_line' id='line_1_38' title="bbox 2110 468 3688 550; baseline 0.01 -32"><span class='ocrx_word' id='word_1_210' title='bbox 2110 468 2441 537; x_wconf 81' lang='grc' dir='ltr'><strong>μετανοίαις,</strong></span> <span class='ocrx_word' id='word_1_211' title='bbox 2462 468 2556 522; x_wconf 76' lang='grc' dir='ltr'>καὶ</span> <span class='ocrx_word' id='word_1_212' title='bbox 2578 470 2784 541; x_wconf 77' lang='grc' dir='ltr'>εὐχαῖς,</span> <span class='ocrx_word' id='word_1_213' title='bbox 2813 472 2903 525; x_wconf 84' lang='grc' dir='ltr'>καὶ</span> <span class='ocrx_word' id='word_1_214' title='bbox 2927 474 3310 530; x_wconf 81' lang='grc' dir='ltr'>κατακλίσεσιν</span> <span class='ocrx_word' id='word_1_215' title='bbox 3338 476 3429 531; x_wconf 67' lang='lat' dir='ltr'><strong>ini</strong></span> <span class='ocrx_word' id='word_1_216' title='bbox 3443 478 3542 548; x_wconf 83' lang='grc' dir='ltr'>τῆς</span> <span class='ocrx_word' id='word_1_217' title='bbox 3558 478 3660 550; x_wconf 77' lang='grc' dir='ltr'>γῆς</span> <span class='ocrx_word' id='word_1_218' title='bbox 3676 496 3688 509; x_wconf 88' lang='grc'><strong>·</strong></span> 
     </span>
    </p>
   </div>
   <div class='ocr_carea' id='block_1_39' title="bbox 2106 558 3693 641">
    <p class='ocr_par' dir='ltr' id='par_1_39' title="bbox 2106 558 3693 641">
     <span class='ocr_line' id='line_1_39' title="bbox 2106 558 3693 641; baseline 0.009 -31"><span class='ocrx_word' id='word_1_219' title='bbox 2106 559 2197 611; x_wconf 69' lang='grc' dir='ltr'>καὶ</span> <span class='ocrx_word' id='word_1_220' title='bbox 2218 558 2364 612; x_wconf 74' lang='grc' dir='ltr'>ἐστιν</span> <span class='ocrx_word' id='word_1_221' title='bbox 2391 561 2419 614; x_wconf 84' lang='grc' dir='ltr'><strong>ὁ</strong></span> <span class='ocrx_word' id='word_1_222' title='bbox 2450 561 2509 612; x_wconf 83' lang='grc' dir='ltr'>ὲν</span> <span class='ocrx_word' id='word_1_223' title='bbox 2542 560 2827 633; x_wconf 82' lang='grc' dir='ltr'><strong>κλαυθμῷ,</strong></span> <span class='ocrx_word' id='word_1_224' title='bbox 2854 564 2949 619; x_wconf 71' lang='grc' dir='ltr'>καὶ</span> <span class='ocrx_word' id='word_1_225' title='bbox 2982 567 3040 618; x_wconf 85' lang='grc' dir='ltr'>ὲν</span> <span class='ocrx_word' id='word_1_226' title='bbox 3066 565 3318 639; x_wconf 76' lang='grc' dir='ltr'>δάκρυσι,</span> <span class='ocrx_word' id='word_1_227' title='bbox 3350 567 3444 620; x_wconf 78' lang='grc' dir='ltr'><strong>καὶ</strong></span> <span class='ocrx_word' id='word_1_228' title='bbox 3476 567 3693 641; x_wconf 69' lang='grc' dir='ltr'>θρήνοις</span> 
     </span>
    </p>
   </div>
   <div class='ocr_carea' id='block_1_40' title="bbox 2104 652 3692 727">
    <p class='ocr_par' dir='ltr' id='par_1_40' title="bbox 2104 652 3692 727">
     <span class='ocr_line' id='line_1_40' title="bbox 2104 652 3692 727; baseline 0.007 -22"><span class='ocrx_word' id='word_1_229' title='bbox 2104 653 2199 705; x_wconf 74' lang='grc' dir='ltr'><strong>ἐπὶ</strong></span> <span class='ocrx_word' id='word_1_230' title='bbox 2255 655 2364 715; x_wconf 85' lang='grc' dir='ltr'>τοῖς</span> <span class='ocrx_word' id='word_1_231' title='bbox 2421 652 2864 725; x_wconf 78' lang='grc' dir='ltr'><strong>παραπτώμασιν</strong></span> <span class='ocrx_word' id='word_1_232' title='bbox 2901 655 3101 709; x_wconf 72' lang='grc' dir='ltr'><strong>αὐτοῦ⁸</strong></span> <span class='ocrx_word' id='word_1_233' title='bbox 3149 657 3243 710; x_wconf 77' lang='grc' dir='ltr'>καὶ</span> <span class='ocrx_word' id='word_1_234' title='bbox 3294 658 3503 727; x_wconf 89' lang='grc' dir='ltr'>γίνεται</span> <span class='ocrx_word' id='word_1_235' title='bbox 3533 662 3692 716; x_wconf 80' lang='grc' dir='ltr'>πάλιν</span> 
     </span>
    </p>
   </div>
   <div class='ocr_carea' id='block_1_41' title="bbox 2106 743 3691 819">
    <p class='ocr_par' dir='ltr' id='par_1_41' title="bbox 2106 743 3691 819">
     <span class='ocr_line' id='line_1_41' title="bbox 2106 743 3691 819; baseline 0.006 -22"><span class='ocrx_word' id='word_1_236' title='bbox 2106 744 2272 815; x_wconf 77' lang='grc' dir='ltr'>ἡνίκα</span> <span class='ocrx_word' id='word_1_237' title='bbox 2305 743 2486 814; x_wconf 80' lang='grc' dir='ltr'><strong>ὀλίγον</strong></span> <span class='ocrx_word' id='word_1_238' title='bbox 2512 746 2571 799; x_wconf 83' lang='grc' dir='ltr'>ὲν</span> <span class='ocrx_word' id='word_1_239' title='bbox 2597 750 2664 817; x_wconf 77' lang='grc' dir='ltr'><strong>τῇ</strong></span> <span class='ocrx_word' id='word_1_240' title='bbox 2694 746 2906 819; x_wconf 69' lang='grc' dir='ltr'>ἑσπέρᾳ</span> <span class='ocrx_word' id='word_1_241' title='bbox 2946 748 3251 818; x_wconf 85' lang='grc' dir='ltr'>στιχολογεῖ</span> <span class='ocrx_word' id='word_1_242' title='bbox 3263 767 3347 814; x_wconf 86' lang='grc' dir='ltr'><strong>τις</strong></span> <span class='ocrx_word' id='word_1_243' title='bbox 3364 751 3537 805; x_wconf 76' lang='grc' dir='ltr'>καὶτὸ</span> <span class='ocrx_word' id='word_1_244' title='bbox 3560 753 3691 806; x_wconf 78' lang='grc' dir='ltr'><strong>ὑπό-</strong></span> 
     </span>
    </p>
   </div>
   <div class='ocr_carea' id='block_1_42' title="bbox 2103 834 3692 910">
    <p class='ocr_par' dir='ltr' id='par_1_42' title="bbox 2103 834 3692 910">
     <span class='ocr_line' id='line_1_42' title="bbox 2103 834 3692 910; baseline 0.006 -23"><span class='ocrx_word' id='word_1_245' title='bbox 2103 834 2287 891; x_wconf 82' lang='grc' dir='ltr'>λοιπον</span> <span class='ocrx_word' id='word_1_246' title='bbox 2315 837 2413 909; x_wconf 80' lang='grc' dir='ltr'>τῆς</span> <span class='ocrx_word' id='word_1_247' title='bbox 2447 836 2638 900; x_wconf 80' lang='grc' dir='ltr'>νυκτὸς</span> <span class='ocrx_word' id='word_1_248' title='bbox 2668 840 2747 901; x_wconf 83' lang='grc' dir='ltr'><strong>είς</strong></span> <span class='ocrx_word' id='word_1_249' title='bbox 2768 840 3061 910; x_wconf 82' lang='grc' dir='ltr'>τροπάρια·</span> <span class='ocrx_word' id='word_1_250' title='bbox 3081 840 3173 894; x_wconf 73' lang='grc' dir='ltr'>καὶ</span> <span class='ocrx_word' id='word_1_251' title='bbox 3198 841 3409 909; x_wconf 87' lang='grc' dir='ltr'>γίνεται</span> <span class='ocrx_word' id='word_1_252' title='bbox 3429 843 3592 898; x_wconf 81' lang='grc' dir='ltr'>πάλιν</span> <span class='ocrx_word' id='word_1_253' title='bbox 3615 847 3692 907; x_wconf 78' lang='grc' dir='ltr'><strong>είς</strong></span> 
     </span>
    </p>
   </div>
   <div class='ocr_carea' id='block_1_43' title="bbox 2101 926 3691 1004">
    <p class='ocr_par' dir='ltr' id='par_1_43' title="bbox 2101 926 3691 1004">
     <span class='ocr_line' id='line_1_43' title="bbox 2101 926 3691 1004; baseline 0.007 -25"><span class='ocrx_word' id='word_1_254' title='bbox 2101 926 2431 996; x_wconf 79' lang='grc' dir='ltr'>δοξολογίαν,</span> <span class='ocrx_word' id='word_1_255' title='bbox 2462 929 2555 983; x_wconf 75' lang='grc' dir='ltr'>καὶ</span> <span class='ocrx_word' id='word_1_256' title='bbox 2579 929 2788 999; x_wconf 87' lang='grc' dir='ltr'>γίνεται</span> <span class='ocrx_word' id='word_1_257' title='bbox 2826 934 2905 995; x_wconf 83' lang='grc' dir='ltr'><strong>είς</strong></span> <span class='ocrx_word' id='word_1_258' title='bbox 2937 932 3273 1000; x_wconf 73' lang='grc' dir='ltr'><strong>ἀνάγνωσιν·</strong></span> <span class='ocrx_word' id='word_1_259' title='bbox 3333 935 3430 988; x_wconf 81' lang='grc' dir='ltr'>καὶ</span> <span class='ocrx_word' id='word_1_260' title='bbox 3482 935 3691 1004; x_wconf 80' lang='grc' dir='ltr'>γίνεται</span> 
     </span>
    </p>
   </div>
   <div class='ocr_carea' id='block_1_44' title="bbox 2104 1018 3690 1095">
    <p class='ocr_par' dir='ltr' id='par_1_44' title="bbox 2104 1018 3690 1095">
     <span class='ocr_line' id='line_1_44' title="bbox 2104 1018 3690 1095; baseline 0.006 -22"><span class='ocrx_word' id='word_1_261' title='bbox 2104 1018 2266 1073; x_wconf 69' lang='grc' dir='ltr'>πάλιν</span> <span class='ocrx_word' id='word_1_262' title='bbox 2290 1021 2373 1073; x_wconf 83' lang='grc' dir='ltr'>ὅτι</span> <span class='ocrx_word' id='word_1_263' title='bbox 2404 1019 2516 1084; x_wconf 80' lang='grc' dir='ltr'>θεὶς</span> <span class='ocrx_word' id='word_1_264' title='bbox 2539 1021 2666 1094; x_wconf 84' lang='grc' dir='ltr'>ὅρον</span> <span class='ocrx_word' id='word_1_265' title='bbox 2699 1023 2894 1093; x_wconf 79' lang='grc' dir='ltr'>ἐαυτῷ,</span> <span class='ocrx_word' id='word_1_266' title='bbox 2915 1024 2991 1095; x_wconf 82' lang='grc' dir='ltr'>μὴ</span> <span class='ocrx_word' id='word_1_267' title='bbox 3019 1025 3197 1078; x_wconf 89' lang='grc' dir='ltr'>κλῖναι</span> <span class='ocrx_word' id='word_1_268' title='bbox 3226 1028 3377 1094; x_wconf 82' lang='grc' dir='ltr'><strong>γόνυ,</strong></span> <span class='ocrx_word' id='word_1_269' title='bbox 3410 1028 3531 1081; x_wconf 87' lang='grc' dir='ltr'>κατ’</span> <span class='ocrx_word' id='word_1_270' title='bbox 3554 1031 3690 1083; x_wconf 70' lang='grc' dir='ltr'>ἐκεῖ·</span> 
     </span>
    </p>
   </div>
   <div class='ocr_carea' id='block_1_45' title="bbox 2102 1106 3683 1189">
    <p class='ocr_par' dir='ltr' id='par_1_45' title="bbox 2102 1106 3683 1189">
     <span class='ocr_line' id='line_1_45' title="bbox 2102 1106 3683 1189; baseline 0.005 -27"><span class='ocrx_word' id='word_1_271' title='bbox 2102 1126 2192 1163; x_wconf 82' lang='grc' dir='ltr'><strong>νον</strong></span> <span class='ocrx_word' id='word_1_272' title='bbox 2224 1110 2316 1164; x_wconf 81' lang='grc' dir='ltr'>τὸν</span> <span class='ocrx_word' id='word_1_273' title='bbox 2353 1110 2759 1183; x_wconf 77' lang='grc' dir='ltr'><strong>πολεμούμενον</strong></span> <span class='ocrx_word' id='word_1_274' title='bbox 2808 1106 2913 1169; x_wconf 78' lang='grc' dir='ltr'><strong>ύπδ</strong></span> <span class='ocrx_word' id='word_1_275' title='bbox 2961 1116 3054 1170; x_wconf 82' lang='grc' dir='ltr'>τοῦ</span> <span class='ocrx_word' id='word_1_276' title='bbox 3094 1120 3188 1188; x_wconf 72' lang='grc' dir='ltr'>τῆς</span> <span class='ocrx_word' id='word_1_277' title='bbox 3246 1121 3500 1189; x_wconf 78' lang='grc' dir='ltr'><strong>πορνείας</strong></span> <span class='ocrx_word' id='word_1_278' title='bbox 3532 1115 3683 1184; x_wconf 79' lang='grc' dir='ltr'>λεγε-</span> 
     </span>
    </p>
   </div>
   <div class='ocr_carea' id='block_1_46' title="bbox 2102 1201 2264 1271">
    <p class='ocr_par' dir='ltr' id='par_1_46' title="bbox 2102 1201 2264 1271">
     <span class='ocr_line' id='line_1_46' title="bbox 2102 1201 2264 1271; baseline 0.031 -19"><span class='ocrx_word' id='word_1_279' title='bbox 2102 1201 2264 1271; x_wconf 77' lang='grc' dir='ltr'>σμοῢ.</span> 
     </span>
    </p>
   </div>
   <div class='ocr_carea' id='block_1_47' title="bbox 2702 1475 3074 1546">
    <p class='ocr_par' dir='ltr' id='par_1_47' title="bbox 2702 1475 3074 1546">
     <span class='ocr_line' id='line_1_47' title="bbox 2702 1475 3074 1546; baseline 0.005 -17"><span class='ocrx_word' id='word_1_280' title='bbox 2702 1477 2962 1544; x_wconf 73' lang='grc' dir='ltr'>Σχόλιον</span> <span class='ocrx_word' id='word_1_281' title='bbox 3006 1475 3074 1546; x_wconf 83' lang='grc' dir='ltr'><strong>β’.</strong></span> 
     </span>
    </p>
   </div>
   <div class='ocr_carea' id='block_1_48' title="bbox 2181 1563 3682 1641">
    <p class='ocr_par' dir='ltr' id='par_1_48' title="bbox 2181 1563 3682 1641">
     <span class='ocr_line' id='line_1_48' title="bbox 2181 1563 3682 1641; baseline 0.003 -25"><span class='ocrx_word' id='word_1_282' title='bbox 2181 1563 2488 1629; x_wconf 78' lang='grc' dir='ltr'>Ἀσθενείας</span> <span class='ocrx_word' id='word_1_283' title='bbox 2514 1568 2611 1636; x_wconf 77' lang='grc' dir='ltr'>μὲν</span> <span class='ocrx_word' id='word_1_284' title='bbox 2637 1567 2729 1620; x_wconf 78' lang='grc' dir='ltr'>τοῦ</span> <span class='ocrx_word' id='word_1_285' title='bbox 2753 1568 2867 1631; x_wconf 69' lang='grc' dir='ltr'>νοός</span> <span class='ocrx_word' id='word_1_286' title='bbox 2887 1585 2899 1597; x_wconf 87' lang='grc'><strong>·</strong></span> <span class='ocrx_word' id='word_1_287' title='bbox 2932 1569 3183 1640; x_wconf 84' lang='grc' dir='ltr'>ἀνδρείας</span> <span class='ocrx_word' id='word_1_288' title='bbox 3195 1569 3256 1623; x_wconf 76' lang='grc' dir='ltr'>δὲ</span> <span class='ocrx_word' id='word_1_289' title='bbox 3272 1569 3369 1639; x_wconf 81' lang='grc' dir='ltr'>τῆς</span> <span class='ocrx_word' id='word_1_290' title='bbox 3388 1570 3682 1641; x_wconf 77' lang='grc' dir='ltr'>ὑπομονῆς,</span> 
     </span>
    </p>
   </div>
   <div class='ocr_carea' id='block_1_49' title="bbox 2098 1654 2964 1731">
    <p class='ocr_par' dir='ltr' id='par_1_49' title="bbox 2098 1654 2964 1731">
     <span class='ocr_line' id='line_1_49' title="bbox 2098 1654 2964 1731; baseline 0.006 -22"><span class='ocrx_word' id='word_1_291' title='bbox 2098 1654 2192 1710; x_wconf 79' lang='grc' dir='ltr'><strong>τοῦ</strong></span> <span class='ocrx_word' id='word_1_292' title='bbox 2229 1657 2365 1728; x_wconf 71' lang='grc' dir='ltr'>πρὸς</span> <span class='ocrx_word' id='word_1_293' title='bbox 2396 1658 2485 1711; x_wconf 74' lang='grc' dir='ltr'><strong>τὸν</strong></span> <span class='ocrx_word' id='word_1_294' title='bbox 2514 1657 2679 1712; x_wconf 77' lang='grc' dir='ltr'>ὕπνον</span> <span class='ocrx_word' id='word_1_295' title='bbox 2706 1659 2964 1731; x_wconf 82' lang='grc' dir='ltr'>πολέμου.</span> 
     </span>
    </p>
   </div>
   <div class='ocr_carea' id='block_1_50' title="bbox 2710 1752 3061 1821">
    <p class='ocr_par' dir='ltr' id='par_1_50' title="bbox 2710 1752 3061 1821">
     <span class='ocr_line' id='line_1_50' title="bbox 2710 1752 3061 1821; baseline 0.003 -17"><span class='ocrx_word' id='word_1_296' title='bbox 2710 1752 2971 1821; x_wconf 69' lang='grc' dir='ltr'><strong>Σχόλιον</strong></span> <span class='ocrx_word' id='word_1_297' title='bbox 2992 1757 3061 1820; x_wconf 89' lang='grc' dir='ltr'><strong>γ’.</strong></span> 
     </span>
    </p>
   </div>
   <div class='ocr_carea' id='block_1_51' title="bbox 2180 1840 3684 1919">
    <p class='ocr_par' dir='ltr' id='par_1_51' title="bbox 2180 1840 3684 1919">
     <span class='ocr_line' id='line_1_51' title="bbox 2180 1840 3684 1919; baseline 0.006 -27"><span class='ocrx_word' id='word_1_298' title='bbox 2180 1840 2237 1892; x_wconf 90' lang='lat'><strong>&#39;0</strong></span> <span class='ocrx_word' id='word_1_299' title='bbox 2271 1840 2401 1902; x_wconf 77' lang='grc' dir='ltr'>Θεὸς</span> <span class='ocrx_word' id='word_1_300' title='bbox 2425 1840 2521 1905; x_wconf 71' lang='grc' dir='ltr'><strong>τὰς</strong></span> <span class='ocrx_word' id='word_1_301' title='bbox 2574 1842 2799 1913; x_wconf 81' lang='grc' dir='ltr'>πράξεις</span> <span class='ocrx_word' id='word_1_302' title='bbox 2846 1843 2985 1913; x_wconf 77' lang='grc' dir='ltr'>μετὰ</span> <span class='ocrx_word' id='word_1_303' title='bbox 3039 1843 3137 1908; x_wconf 85' lang='grc' dir='ltr'><strong>τάς</strong></span> <span class='ocrx_word' id='word_1_304' title='bbox 3195 1844 3483 1916; x_wconf 79' lang='grc' dir='ltr'><strong>προθέσεις</strong></span> <span class='ocrx_word' id='word_1_305' title='bbox 3538 1847 3684 1919; x_wconf 79' lang='grc' dir='ltr'>λογί-</span> 
     </span>
    </p>
   </div>
   <div class='ocr_carea' id='block_1_52' title="bbox 2095 1930 3685 2009">
    <p class='ocr_par' dir='ltr' id='par_1_52' title="bbox 2095 1930 3685 2009">
     <span class='ocr_line' id='line_1_52' title="bbox 2095 1930 3685 2009; baseline 0.007 -26"><span class='ocrx_word' id='word_1_306' title='bbox 2095 1930 2282 1993; x_wconf 80' lang='grc' dir='ltr'>ζεται·</span> <span class='ocrx_word' id='word_1_307' title='bbox 2335 1931 2460 2002; x_wconf 82' lang='grc' dir='ltr'>Δῴη</span> <span class='ocrx_word' id='word_1_308' title='bbox 2501 1934 2610 2005; x_wconf 87' lang='grc' dir='ltr'>γάρ</span> <span class='ocrx_word' id='word_1_309' title='bbox 2665 1949 2786 2000; x_wconf 80' lang='grc' dir='ltr'>σοι,</span> <span class='ocrx_word' id='word_1_310' title='bbox 2817 1935 3004 2006; x_wconf 69' lang='grc' dir='ltr'>φησιν,</span> <span class='ocrx_word' id='word_1_311' title='bbox 3056 1939 3088 1989; x_wconf 84' lang='grc' dir='ltr'><em>ό</em></span> <span class='ocrx_word' id='word_1_312' title='bbox 3121 1937 3338 2006; x_wconf 78' lang='grc' dir='ltr'>Κύριος</span> <span class='ocrx_word' id='word_1_313' title='bbox 3390 1938 3541 1994; x_wconf 81' lang='grc' dir='ltr'>κατὰ</span> <span class='ocrx_word' id='word_1_314' title='bbox 3570 1940 3685 2009; x_wconf 69' lang='grc' dir='ltr'><strong>τὴν</strong></span> 
     </span>
    </p>
   </div>
   <div class='ocr_carea' id='block_1_53' title="bbox 2094 2023 2510 2091">
    <p class='ocr_par' dir='ltr' id='par_1_53' title="bbox 2094 2023 2510 2091">
     <span class='ocr_line' id='line_1_53' title="bbox 2094 2023 2510 2091; baseline 0.014 -17"><span class='ocrx_word' id='word_1_315' title='bbox 2094 2023 2349 2091; x_wconf 80' lang='grc' dir='ltr'>καρδίαν</span> <span class='ocrx_word' id='word_1_316' title='bbox 2374 2040 2510 2080; x_wconf 85' lang='grc' dir='ltr'>σου.</span> 
     </span>
    </p>
   </div>
   <div class='ocr_carea' id='block_1_54' title="bbox 2668 2120 3051 2188">
    <p class='ocr_par' dir='ltr' id='par_1_54' title="bbox 2668 2120 3051 2188">
     <span class='ocr_line' id='line_1_54' title="bbox 2668 2120 3051 2188; baseline 0.013 -17"><span class='ocrx_word' id='word_1_317' title='bbox 2668 2162 2677 2171; x_wconf 90' lang='grc'>.</span> <span class='ocrx_word' id='word_1_318' title='bbox 2699 2120 2960 2188; x_wconf 71' lang='grc' dir='ltr'>Σχόλιον</span> <span class='ocrx_word' id='word_1_319' title='bbox 2987 2120 3051 2176; x_wconf 90' lang='grc' dir='ltr'><strong>δ’.</strong></span> 
     </span>
    </p>
   </div>
   <div class='ocr_carea' id='block_1_55' title="bbox 2175 2208 3681 2283">
    <p class='ocr_par' dir='ltr' id='par_1_55' title="bbox 2175 2208 3681 2283">
     <span class='ocr_line' id='line_1_55' title="bbox 2175 2208 3681 2283; baseline 0.007 -23"><span class='ocrx_word' id='word_1_320' title='bbox 2175 2208 2499 2278; x_wconf 86' lang='grc' dir='ltr'>Ἀγρυπνεῖν</span> <span class='ocrx_word' id='word_1_321' title='bbox 2548 2211 2607 2263; x_wconf 84' lang='grc' dir='ltr'>ὲν</span> <span class='ocrx_word' id='word_1_322' title='bbox 2650 2214 2980 2283; x_wconf 78' lang='grc' dir='ltr'>προσευχαῖς</span> <span class='ocrx_word' id='word_1_323' title='bbox 3032 2212 3127 2267; x_wconf 67' lang='grc' dir='ltr'>καὶ</span> <span class='ocrx_word' id='word_1_324' title='bbox 3180 2214 3518 2283; x_wconf 80' lang='grc' dir='ltr'><strong>ἀναγνώσεσι</strong></span> <span class='ocrx_word' id='word_1_325' title='bbox 3548 2217 3681 2271; x_wconf 81' lang='grc' dir='ltr'>πάν-</span> 
     </span>
    </p>
   </div>
   <div class='ocr_carea' id='block_1_56' title="bbox 2090 2298 3676 2378">
    <p class='ocr_par' dir='ltr' id='par_1_56' title="bbox 2090 2298 3676 2378">
     <span class='ocr_line' id='line_1_56' title="bbox 2090 2298 3676 2378; baseline 0.007 -27"><span class='ocrx_word' id='word_1_326' title='bbox 2090 2315 2213 2352; x_wconf 86' lang='grc' dir='ltr'>τοτε</span> <span class='ocrx_word' id='word_1_327' title='bbox 2264 2298 2386 2369; x_wconf 86' lang='grc' dir='ltr'>μὲν,</span> <span class='ocrx_word' id='word_1_328' title='bbox 2426 2300 2483 2352; x_wconf 80' lang='grc' dir='ltr'>ὲν</span> <span class='ocrx_word' id='word_1_329' title='bbox 2530 2302 2743 2374; x_wconf 78' lang='grc' dir='ltr'><strong>ἑορταῖς</strong></span> <span class='ocrx_word' id='word_1_330' title='bbox 2794 2302 2852 2356; x_wconf 84' lang='grc' dir='ltr'>δὲ</span> <span class='ocrx_word' id='word_1_331' title='bbox 2903 2304 3140 2374; x_wconf 82' lang='grc' dir='ltr'>μάλιστα</span> <span class='ocrx_word' id='word_1_332' title='bbox 3182 2306 3676 2378; x_wconf 73' lang='grc' dir='ltr'>προπετάγμεθαο</span> 
     </span>
    </p>
   </div>
   <div class='ocr_carea' id='block_1_57' title="bbox 2093 2390 3676 2468">
    <p class='ocr_par' dir='ltr' id='par_1_57' title="bbox 2093 2390 3676 2468">
     <span class='ocr_line' id='line_1_57' title="bbox 2093 2390 3676 2468; baseline 0.008 -26"><span class='ocrx_word' id='word_1_333' title='bbox 2093 2390 2371 2461; x_wconf 79' lang='grc' dir='ltr'>ἄγρυπνος</span> <span class='ocrx_word' id='word_1_334' title='bbox 2430 2391 2538 2464; x_wconf 76' lang='grc' dir='ltr'><strong>γὰρ</strong></span> <span class='ocrx_word' id='word_1_335' title='bbox 2599 2394 2831 2465; x_wconf 75' lang='grc' dir='ltr'>μοναχὸς</span> <span class='ocrx_word' id='word_1_336' title='bbox 2883 2395 3140 2450; x_wconf 77' lang='grc' dir='ltr'>λεπτύνει</span> <span class='ocrx_word' id='word_1_337' title='bbox 3200 2398 3442 2453; x_wconf 81' lang='grc' dir='ltr'>διάνοιαν</span> <span class='ocrx_word' id='word_1_338' title='bbox 3491 2399 3676 2468; x_wconf 78' lang='grc' dir='ltr'>αὑτοῦ,</span> 
     </span>
    </p>
   </div>
   <div class='ocr_carea' id='block_1_58' title="bbox 2091 2480 3675 2556">
    <p class='ocr_par' dir='ltr' id='par_1_58' title="bbox 2091 2480 3675 2556">
     <span class='ocr_line' id='line_1_58' title="bbox 2091 2480 3675 2556; baseline 0.006 -25"><span class='ocrx_word' id='word_1_339' title='bbox 2091 2480 2229 2551; x_wconf 82' lang='grc' dir='ltr'>πρὸς</span> <span class='ocrx_word' id='word_1_340' title='bbox 2295 2482 2527 2554; x_wconf 75' lang='grc' dir='ltr'>Θεωρίαν</span> <span class='ocrx_word' id='word_1_341' title='bbox 2587 2483 2922 2556; x_wconf 78' lang='grc' dir='ltr'>ψυχωφελῆ·</span> <span class='ocrx_word' id='word_1_342' title='bbox 2978 2485 3146 2551; x_wconf 79' lang='grc' dir='ltr'>ὕπνος</span> <span class='ocrx_word' id='word_1_343' title='bbox 3198 2488 3255 2542; x_wconf 80' lang='grc' dir='ltr'>δὲ</span> <span class='ocrx_word' id='word_1_344' title='bbox 3326 2489 3492 2555; x_wconf 78' lang='grc' dir='ltr'>πολὺς</span> <span class='ocrx_word' id='word_1_345' title='bbox 3555 2490 3675 2544; x_wconf 81' lang='grc' dir='ltr'>νοῦν</span> 
     </span>
    </p>
   </div>
   <div class='ocr_carea' id='block_1_59' title="bbox 2091 2572 3675 2655">
    <p class='ocr_par' dir='ltr' id='par_1_59' title="bbox 2091 2572 3675 2655">
     <span class='ocr_line' id='line_1_59' title="bbox 2091 2572 3675 2655; baseline 0.009 -31"><span class='ocrx_word' id='word_1_346' title='bbox 2091 2572 2355 2644; x_wconf 77' lang='grc' dir='ltr'>παχύνειο</span> <span class='ocrx_word' id='word_1_347' title='bbox 2416 2575 2531 2628; x_wconf 85' lang='grc' dir='ltr'>ἀλλ’</span> <span class='ocrx_word' id='word_1_348' title='bbox 2586 2577 2688 2648; x_wconf 83' lang='grc' dir='ltr'>ὅρα</span> <span class='ocrx_word' id='word_1_349' title='bbox 2723 2576 2799 2649; x_wconf 84' lang='grc' dir='ltr'>μὴ</span> <span class='ocrx_word' id='word_1_350' title='bbox 2854 2578 2960 2649; x_wconf 80' lang='grc' dir='ltr'>δῷς</span> <span class='ocrx_word' id='word_1_351' title='bbox 3025 2581 3253 2635; x_wconf 78' lang='grc' dir='ltr'>σεαυτὸν</span> <span class='ocrx_word' id='word_1_352' title='bbox 3302 2583 3363 2636; x_wconf 80' lang='grc' dir='ltr'>ἑν</span> <span class='ocrx_word' id='word_1_353' title='bbox 3397 2585 3675 2655; x_wconf 73' lang='grc' dir='ltr'>ἀγρυπνίᾳ</span> 
     </span>
    </p>
   </div>
   <div class='ocr_carea' id='block_1_60' title="bbox 2089 2666 3676 2745">
    <p class='ocr_par' dir='ltr' id='par_1_60' title="bbox 2089 2666 3676 2745">
     <span class='ocr_line' id='line_1_60' title="bbox 2089 2666 3676 2745; baseline 0.006 -27"><span class='ocrx_word' id='word_1_354' title='bbox 2089 2666 2387 2738; x_wconf 82' lang='grc' dir='ltr'>διηγήμασι</span> <span class='ocrx_word' id='word_1_355' title='bbox 2437 2671 2635 2735; x_wconf 83' lang='grc' dir='ltr'>κενοῖς,</span> <span class='ocrx_word' id='word_1_356' title='bbox 2675 2669 2707 2740; x_wconf 75' lang='grc' dir='ltr'><strong>ἢ</strong></span> <span class='ocrx_word' id='word_1_357' title='bbox 2744 2669 3023 2739; x_wconf 80' lang='grc' dir='ltr'>λογισμοῖς</span> <span class='ocrx_word' id='word_1_358' title='bbox 3075 2674 3327 2742; x_wconf 80' lang='grc' dir='ltr'>πονηροῖς</span> <span class='ocrx_word' id='word_1_359' title='bbox 3365 2689 3379 2705; x_wconf 78' lang='grc' dir='ltr'><strong>ο</strong></span> <span class='ocrx_word' id='word_1_360' title='bbox 3426 2676 3676 2745; x_wconf 80' lang='grc' dir='ltr'>κρεῖσσον</span> 
     </span>
    </p>
   </div>
   <div class='ocr_carea' id='block_1_61' title="bbox 2096 2758 3676 2838">
    <p class='ocr_par' dir='ltr' id='par_1_61' title="bbox 2096 2758 3676 2838">
     <span class='ocr_line' id='line_1_61' title="bbox 2096 2758 3676 2838; baseline 0.007 -29"><span class='ocrx_word' id='word_1_361' title='bbox 2096 2758 2202 2830; x_wconf 84' lang='grc' dir='ltr'>γὰρ</span> <span class='ocrx_word' id='word_1_362' title='bbox 2239 2759 2541 2822; x_wconf 74' lang='grc' dir='ltr'>καθεύδειν,</span> <span class='ocrx_word' id='word_1_363' title='bbox 2589 2761 2621 2831; x_wconf 88' lang='grc' dir='ltr'>ἢ</span> <span class='ocrx_word' id='word_1_364' title='bbox 2688 2761 2817 2833; x_wconf 71' lang='grc' dir='ltr'>περὶ</span> <span class='ocrx_word' id='word_1_365' title='bbox 2873 2761 3066 2831; x_wconf 85' lang='grc' dir='ltr'>λόγους</span> <span class='ocrx_word' id='word_1_366' title='bbox 3114 2781 3171 2816; x_wconf 88' lang='grc' dir='ltr'><strong>τε</strong></span> <span class='ocrx_word' id='word_1_367' title='bbox 3234 2764 3330 2818; x_wconf 77' lang='grc' dir='ltr'>καὶ</span> <span class='ocrx_word' id='word_1_368' title='bbox 3384 2765 3676 2838; x_wconf 73' lang='grc' dir='ltr'>λογισμοὺς</span> 
     </span>
    </p>
   </div>
   <div class='ocr_carea' id='block_1_62' title="bbox 2089 2851 2716 2923">
    <p class='ocr_par' dir='ltr' id='par_1_62' title="bbox 2089 2851 2716 2923">
     <span class='ocr_line' id='line_1_62' title="bbox 2089 2851 2716 2923; baseline 0.003 -19"><span class='ocrx_word' id='word_1_369' title='bbox 2089 2851 2392 2921; x_wconf 82' lang='grc' dir='ltr'>ἀγρυπνεῖν</span> <span class='ocrx_word' id='word_1_370' title='bbox 2425 2852 2716 2923; x_wconf 85' lang='grc' dir='ltr'>ματαίους.</span> 
     </span>
    </p>
   </div>
   <div class='ocr_carea' id='block_1_63' title="bbox 2701 2947 3065 3015">
    <p class='ocr_par' dir='ltr' id='par_1_63' title="bbox 2701 2947 3065 3015">
     <span class='ocr_line' id='line_1_63' title="bbox 2701 2947 3065 3015; baseline 0.005 -16"><span class='ocrx_word' id='word_1_371' title='bbox 2701 2947 2965 3015; x_wconf 71' lang='grc' dir='ltr'><strong>Σχόλιον</strong></span> <span class='ocrx_word' id='word_1_372' title='bbox 3003 2955 3065 3001; x_wconf 88' lang='grc' dir='ltr'><strong>ε’.</strong></span> 
     </span>
    </p>
   </div>
   <div class='ocr_carea' id='block_1_64' title="bbox 2161 3034 3673 3112">
    <p class='ocr_par' dir='ltr' id='par_1_64' title="bbox 2161 3034 3673 3112">
     <span class='ocr_line' id='line_1_64' title="bbox 2161 3034 3673 3112; baseline 0.005 -25"><span class='ocrx_word' id='word_1_373' title='bbox 2161 3034 2295 3088; x_wconf 86' lang='grc' dir='ltr'>Ὅτε</span> <span class='ocrx_word' id='word_1_374' title='bbox 2327 3034 2418 3089; x_wconf 85' lang='grc' dir='ltr'><strong>διὰ</strong></span> <span class='ocrx_word' id='word_1_375' title='bbox 2464 3039 2564 3108; x_wconf 81' lang='grc' dir='ltr'>τῆς</span> <span class='ocrx_word' id='word_1_376' title='bbox 2593 3038 2905 3112; x_wconf 82' lang='grc' dir='ltr'>ἀγρυπνίας</span> <span class='ocrx_word' id='word_1_377' title='bbox 2936 3038 3321 3112; x_wconf 83' lang='grc' dir='ltr'>ὲκνευροῦνται</span> <span class='ocrx_word' id='word_1_378' title='bbox 3347 3040 3414 3095; x_wconf 87' lang='grc' dir='ltr'><strong>τά</strong></span> <span class='ocrx_word' id='word_1_379' title='bbox 3441 3040 3542 3111; x_wconf 78' lang='grc' dir='ltr'>τῆς</span> <span class='ocrx_word' id='word_1_380' title='bbox 3574 3058 3673 3095; x_wconf 87' lang='grc' dir='ltr'>πο-</span> 
     </span>
    </p>
   </div>
   <div class='ocr_carea' id='block_1_65' title="bbox 2092 3126 3669 3201">
    <p class='ocr_par' dir='ltr' id='par_1_65' title="bbox 2092 3126 3669 3201">
     <span class='ocr_line' id='line_1_65' title="bbox 2092 3126 3669 3201; baseline 0.003 -22"><span class='ocrx_word' id='word_1_381' title='bbox 2092 3126 2289 3199; x_wconf 84' lang='grc' dir='ltr'>νηρίας</span> <span class='ocrx_word' id='word_1_382' title='bbox 2331 3127 2639 3198; x_wconf 87' lang='grc' dir='ltr'>πνεύματα,</span> <span class='ocrx_word' id='word_1_383' title='bbox 2673 3130 2767 3183; x_wconf 76' lang='grc' dir='ltr'>καὶ</span> <span class='ocrx_word' id='word_1_384' title='bbox 2810 3130 2859 3182; x_wconf 85' lang='grc' dir='ltr'>οἱ</span> <span class='ocrx_word' id='word_1_385' title='bbox 2891 3130 3119 3201; x_wconf 79' lang='grc' dir='ltr'>πόλεμοι</span> <span class='ocrx_word' id='word_1_386' title='bbox 3169 3132 3669 3201; x_wconf 79' lang='grc' dir='ltr'>καταπραΰνονται,</span> 
     </span>
    </p>
   </div>
   <div class='ocr_carea' id='block_1_66' title="bbox 1084 3213 1988 3291">
    <p class='ocr_par' dir='ltr' id='par_1_66' title="bbox 1084 3213 1988 3284">
     <span class='ocr_line' id='line_1_66' title="bbox 1084 3213 1988 3284; baseline 0.002 -17"><span class='ocrx_word' id='word_1_387' title='bbox 1084 3221 1175 3268; x_wconf 88' lang='lat' dir='ltr'><strong>aut</strong></span> <span class='ocrx_word' id='word_1_388' title='bbox 1210 3214 1353 3283; x_wconf 83' lang='lat' dir='ltr'><strong>quod</strong></span> <span class='ocrx_word' id='word_1_389' title='bbox 1396 3228 1490 3282; x_wconf 89' lang='lat' dir='ltr'><strong>per</strong></span> <span class='ocrx_word' id='word_1_390' title='bbox 1532 3213 1744 3284; x_wconf 80' lang='lat' dir='ltr'><strong>vigilias</strong></span> <span class='ocrx_word' id='word_1_391' title='bbox 1794 3214 1988 3270; x_wconf 65' lang='lat' dir='ltr'><strong>animae</strong></span> 
     </span>
    </p>
   </div>
   <div class='ocr_carea' id='block_1_67' title="bbox 2094 3213 3672 3291">
    <p class='ocr_par' dir='ltr' id='par_1_67' title="bbox 2094 3218 3672 3291">
     <span class='ocr_line' id='line_1_67' title="bbox 2094 3218 3672 3291; baseline 0.004 -21"><span class='ocrx_word' id='word_1_392' title='bbox 2094 3219 2124 3288; x_wconf 73' lang='grc' dir='ltr'><strong>ἢ</strong></span> <span class='ocrx_word' id='word_1_393' title='bbox 2158 3219 2241 3271; x_wconf 84' lang='grc' dir='ltr'>ὅτι</span> <span class='ocrx_word' id='word_1_394' title='bbox 2263 3218 2350 3273; x_wconf 83' lang='grc' dir='ltr'>διὰ</span> <span class='ocrx_word' id='word_1_395' title='bbox 2376 3219 2476 3288; x_wconf 76' lang='grc' dir='ltr'>τῆς</span> <span class='ocrx_word' id='word_1_396' title='bbox 2493 3220 2800 3291; x_wconf 82' lang='grc' dir='ltr'>ἀγρυπνίας</span> <span class='ocrx_word' id='word_1_397' title='bbox 2829 3223 2909 3285; x_wconf 86' lang='grc' dir='ltr'><strong>εἰς</strong></span> <span class='ocrx_word' id='word_1_398' title='bbox 2932 3222 3223 3289; x_wconf 78' lang='grc' dir='ltr'>κατάνυξιν</span> <span class='ocrx_word' id='word_1_399' title='bbox 3246 3222 3469 3291; x_wconf 80' lang='grc' dir='ltr'>ἄγονται</span> <span class='ocrx_word' id='word_1_400' title='bbox 3489 3224 3544 3276; x_wconf 72' lang='grc' dir='ltr'>αἱ</span> <span class='ocrx_word' id='word_1_401' title='bbox 3566 3222 3672 3276; x_wconf 85' lang='grc' dir='ltr'>τῶν</span> 
     </span>
    </p>
   </div>
   <div class='ocr_carea' id='block_1_68' title="bbox 400 3302 1988 3383">
    <p class='ocr_par' dir='ltr' id='par_1_68' title="bbox 400 3302 1987 3372">
     <span class='ocr_line' id='line_1_68' title="bbox 400 3302 1987 3372; baseline -0.001 -11"><span class='ocrx_word' id='word_1_402' title='bbox 400 3306 683 3363; x_wconf 85' lang='lat' dir='ltr'><strong>hominum</strong></span> <span class='ocrx_word' id='word_1_403' title='bbox 733 3304 799 3359; x_wconf 90' lang='lat' dir='ltr'><strong>ad</strong></span> <span class='ocrx_word' id='word_1_404' title='bbox 850 3304 1091 3359; x_wconf 85' lang='lat' dir='ltr'><strong>dolorem</strong></span> <span class='ocrx_word' id='word_1_405' title='bbox 1154 3303 1221 3357; x_wconf 94' lang='lat' dir='ltr'><strong>de</strong></span> <span class='ocrx_word' id='word_1_406' title='bbox 1282 3302 1516 3372; x_wconf 85' lang='lat' dir='ltr'><strong>peccatis</strong></span> <span class='ocrx_word' id='word_1_407' title='bbox 1571 3302 1987 3372; x_wconf 89' lang='lat' dir='ltr'><strong>concipiendum</strong></span> 
     </span>
    </p>
   </div>
   <div class='ocr_carea' id='block_1_69' title="bbox 2094 3302 3670 3383">
    <p class='ocr_par' dir='ltr' id='par_1_69' title="bbox 2094 3308 3670 3383">
     <span class='ocr_line' id='line_1_69' title="bbox 2094 3308 3670 3383; baseline 0.005 -23"><span class='ocrx_word' id='word_1_408' title='bbox 2094 3308 2393 3377; x_wconf 81' lang='grc' dir='ltr'>ἀνθρώπων</span> <span class='ocrx_word' id='word_1_409' title='bbox 2435 3308 2625 3381; x_wconf 68' lang='grc' dir='ltr'>ψυχαὶ,</span> <span class='ocrx_word' id='word_1_410' title='bbox 2663 3312 3057 3383; x_wconf 78' lang='grc' dir='ltr'>συντριϐούσης</span> <span class='ocrx_word' id='word_1_411' title='bbox 3103 3315 3199 3368; x_wconf 76' lang='grc' dir='ltr'>καὶ</span> <span class='ocrx_word' id='word_1_412' title='bbox 3228 3316 3309 3378; x_wconf 75' lang='grc' dir='ltr'>εἰς</span> <span class='ocrx_word' id='word_1_413' title='bbox 3343 3315 3670 3369; x_wconf 83' lang='grc' dir='ltr'>ταπείνωσιν</span> 
     </span>
    </p>
   </div>
   <div class='ocr_carea' id='block_1_70' title="bbox 400 3393 1988 3473">
    <p class='ocr_par' dir='ltr' id='par_1_70' title="bbox 400 3393 1988 3473">
     <span class='ocr_line' id='line_1_70' title="bbox 400 3393 1988 3473; baseline -0.001 -19"><span class='ocrx_word' id='word_1_414' title='bbox 400 3407 804 3471; x_wconf 81' lang='lat' dir='ltr'><strong>permoventur.</strong></span> <span class='ocrx_word' id='word_1_415' title='bbox 844 3393 1055 3467; x_wconf 76' lang='lat' dir='ltr'><strong>Vigilia:</strong></span> <span class='ocrx_word' id='word_1_416' title='bbox 1102 3395 1247 3473; x_wconf 78' lang='lat' dir='ltr'><strong>enim</strong></span> <span class='ocrx_word' id='word_1_417' title='bbox 1297 3403 1587 3450; x_wconf 87' lang='lat' dir='ltr'><strong>conterunt</strong></span> <span class='ocrx_word' id='word_1_418' title='bbox 1636 3394 1898 3463; x_wconf 87' lang='lat' dir='ltr'><strong>animam,</strong></span> <span class='ocrx_word' id='word_1_419' title='bbox 1934 3406 1988 3452; x_wconf 90' lang='lat' dir='ltr'><strong>ct</strong></span> 
     </span>
    </p>
   </div>
   <div class='ocr_carea' id='block_1_71' title="bbox 2094 3393 2555 3473">
    <p class='ocr_par' dir='ltr' id='par_1_71' title="bbox 2094 3397 2555 3468">
     <span class='ocr_line' id='line_1_71' title="bbox 2094 3397 2555 3468; baseline 0.007 -18"><span class='ocrx_word' id='word_1_420' title='bbox 2094 3397 2333 3468; x_wconf 81' lang='grc' dir='ltr'>ἀγούσης</span> <span class='ocrx_word' id='word_1_421' title='bbox 2363 3400 2555 3463; x_wconf 85' lang='grc' dir='ltr'>αὑτάς.</span> 
     </span>
    </p>
   </div>
   <div class='ocr_carea' id='block_1_72' title="bbox 397 3487 1198 3546">
    <p class='ocr_par' dir='ltr' id='par_1_72' title="bbox 397 3487 1198 3546">
     <span class='ocr_line' id='line_1_72' title="bbox 397 3487 1198 3546; baseline -0.004 -1"><span class='ocrx_word' id='word_1_422' title='bbox 397 3491 463 3546; x_wconf 83' lang='lat' dir='ltr'><strong>ad</strong></span> <span class='ocrx_word' id='word_1_423' title='bbox 499 3489 855 3545; x_wconf 80' lang='lat' dir='ltr'><strong>humilitatem</strong></span> <span class='ocrx_word' id='word_1_424' title='bbox 906 3487 1198 3542; x_wconf 88' lang='lat' dir='ltr'><strong>deducunt.</strong></span> 
     </span>
    </p>
   </div>
   <div class='ocr_carea' id='block_1_73' title="bbox 1026 3575 1355 3632">
    <p class='ocr_par' dir='ltr' id='par_1_73' title="bbox 1026 3575 1355 3632">
     <span class='ocr_line' id='line_1_73' title="bbox 1026 3575 1355 3632; baseline 0.003 -1"><span class='ocrx_word' id='word_1_425' title='bbox 1026 3575 1275 3631; x_wconf 86' lang='lat' dir='ltr'><strong>Scholion</strong></span> <span class='ocrx_word' id='word_1_426' title='bbox 1306 3576 1355 3632; x_wconf 87' lang='grc'>6.</span> 
     </span>
    </p>
   </div>
   <div class='ocr_carea' id='block_1_74' title="bbox 468 3671 1984 3749">
    <p class='ocr_par' dir='ltr' id='par_1_74' title="bbox 468 3671 1984 3749">
     <span class='ocr_line' id='line_1_74' title="bbox 468 3671 1984 3749; baseline 0.005 -20"><span class='ocrx_word' id='word_1_427' title='bbox 468 3675 620 3729; x_wconf 83' lang='lat' dir='ltr'><strong>Tuba</strong></span> <span class='ocrx_word' id='word_1_428' title='bbox 653 3690 774 3744; x_wconf 69' lang='lat' dir='ltr'><strong>quae</strong></span> <span class='ocrx_word' id='word_1_429' title='bbox 813 3672 880 3726; x_wconf 88' lang='lat' dir='ltr'><strong>ad</strong></span> <span class='ocrx_word' id='word_1_430' title='bbox 911 3671 1243 3743; x_wconf 87' lang='lat' dir='ltr'><strong>precandum</strong></span> <span class='ocrx_word' id='word_1_431' title='bbox 1280 3686 1381 3729; x_wconf 94' lang='lat' dir='ltr'><strong>nos</strong></span> <span class='ocrx_word' id='word_1_432' title='bbox 1413 3674 1638 3741; x_wconf 77' lang='lat' dir='ltr'><strong>excitat,</strong></span> <span class='ocrx_word' id='word_1_433' title='bbox 1662 3677 1917 3749; x_wconf 83' lang='lat' dir='ltr'><strong>ignavum</strong></span> <span class='ocrx_word' id='word_1_434' title='bbox 1952 3697 1984 3737; x_wconf 89' lang='lat' dir='ltr'><strong>a</strong></span> 
     </span>
    </p>
   </div>
   <div class='ocr_carea' id='block_1_75' title="bbox 393 3764 1983 3839">
    <p class='ocr_par' dir='ltr' id='par_1_75' title="bbox 393 3764 1983 3839">
     <span class='ocr_line' id='line_1_75' title="bbox 393 3764 1983 3839; baseline 0.003 -15"><span class='ocrx_word' id='word_1_435' title='bbox 393 3770 585 3825; x_wconf 78' lang='lat' dir='ltr'><strong>scdulo</strong></span> <span class='ocrx_word' id='word_1_436' title='bbox 614 3778 668 3823; x_wconf 92' lang='lat' dir='ltr'><strong>ct</strong></span> <span class='ocrx_word' id='word_1_437' title='bbox 694 3766 858 3822; x_wconf 84' lang='lat' dir='ltr'><strong>alacri</strong></span> <span class='ocrx_word' id='word_1_438' title='bbox 893 3774 1129 3835; x_wconf 88' lang='lat' dir='ltr'><strong>separat.</strong></span> <span class='ocrx_word' id='word_1_439' title='bbox 1148 3764 1283 3819; x_wconf 82' lang='lat' dir='ltr'><strong>Nam</strong></span> <span class='ocrx_word' id='word_1_440' title='bbox 1313 3766 1415 3836; x_wconf 62' lang='lat' dir='ltr'><strong>piat</strong></span> <span class='ocrx_word' id='word_1_441' title='bbox 1441 3768 1795 3839; x_wconf 85' lang='lat' dir='ltr'><strong>cogitationes</strong></span> <span class='ocrx_word' id='word_1_442' title='bbox 1813 3771 1983 3829; x_wconf 88' lang='lat' dir='ltr'><strong>Deum</strong></span> 
     </span>
    </p>
   </div>
   <div class='ocr_carea' id='block_1_76' title="bbox 391 3856 1980 3933">
    <p class='ocr_par' dir='ltr' id='par_1_76' title="bbox 391 3856 1980 3933">
     <span class='ocr_line' id='line_1_76' title="bbox 391 3856 1980 3933; baseline 0.004 -19"><span class='ocrx_word' id='word_1_443' title='bbox 391 3860 693 3915; x_wconf 78' lang='lat' dir='ltr'><strong>amantium</strong></span> <span class='ocrx_word' id='word_1_444' title='bbox 721 3858 774 3911; x_wconf 84' lang='lat' dir='ltr'><strong>in</strong></span> <span class='ocrx_word' id='word_1_445' title='bbox 804 3856 1117 3927; x_wconf 88' lang='lat' dir='ltr'><strong>perturbata</strong></span> <span class='ocrx_word' id='word_1_446' title='bbox 1148 3865 1326 3910; x_wconf 84' lang='lat' dir='ltr'><strong>mente</strong></span> <span class='ocrx_word' id='word_1_447' title='bbox 1356 3856 1552 3914; x_wconf 89' lang='lat' dir='ltr'><strong>durare</strong></span> <span class='ocrx_word' id='word_1_448' title='bbox 1587 3875 1695 3916; x_wconf 92' lang='lat' dir='ltr'><strong>non</strong></span> <span class='ocrx_word' id='word_1_449' title='bbox 1727 3874 1980 3933; x_wconf 87' lang='lat' dir='ltr'><strong>possunt,</strong></span> 
     </span>
    </p>
   </div>
   <div class='ocr_carea' id='block_1_77' title="bbox 394 3947 1624 4018">
    <p class='ocr_par' dir='ltr' id='par_1_77' title="bbox 394 3947 1624 4018">
     <span class='ocr_line' id='line_1_77' title="bbox 394 3947 1624 4018; baseline 0.001 -13"><span class='ocrx_word' id='word_1_450' title='bbox 394 3952 485 4007; x_wconf 74' lang='lat' dir='ltr'><strong>sed</strong></span> <span class='ocrx_word' id='word_1_451' title='bbox 522 3952 574 4005; x_wconf 81' lang='lat' dir='ltr'><strong>in</strong></span> <span class='ocrx_word' id='word_1_452' title='bbox 609 3950 792 4005; x_wconf 86' lang='lat' dir='ltr'><strong>animo</strong></span> <span class='ocrx_word' id='word_1_453' title='bbox 825 3948 972 4004; x_wconf 87' lang='lat' dir='ltr'><strong>curis</strong></span> <span class='ocrx_word' id='word_1_454' title='bbox 1008 3962 1177 4002; x_wconf 82' lang='lat' dir='ltr'><strong>vacuo</strong></span> <span class='ocrx_word' id='word_1_455' title='bbox 1206 3947 1624 4018; x_wconf 85' lang='lat' dir='ltr'><strong>conquiescunt.</strong></span> 
     </span>
    </p>
   </div>
   <div class='ocr_carea' id='block_1_78' title="bbox 1002 4039 1341 4096">
    <p class='ocr_par' dir='ltr' id='par_1_78' title="bbox 1002 4039 1341 4096">
     <span class='ocr_line' id='line_1_78' title="bbox 1002 4039 1341 4096; baseline -0.006 0"><span class='ocrx_word' id='word_1_456' title='bbox 1002 4039 1251 4096; x_wconf 82' lang='lat' dir='ltr'><strong>Scholion</strong></span> <span class='ocrx_word' id='word_1_457' title='bbox 1287 4040 1341 4094; x_wconf 83' lang='lat'><strong>7.</strong></span> 
     </span>
    </p>
   </div>
   <div class='ocr_carea' id='block_1_79' title="bbox 459 4133 1977 4213">
    <p class='ocr_par' dir='ltr' id='par_1_79' title="bbox 459 4133 1977 4213">
     <span class='ocr_line' id='line_1_79' title="bbox 459 4133 1977 4213; baseline 0.005 -22"><span class='ocrx_word' id='word_1_458' title='bbox 459 4137 672 4192; x_wconf 81' lang='lat' dir='ltr'><strong>Oblivio</strong></span> <span class='ocrx_word' id='word_1_459' title='bbox 698 4151 793 4213; x_wconf 85' lang='lat' dir='ltr'><strong>per</strong></span> <span class='ocrx_word' id='word_1_460' title='bbox 826 4150 884 4192; x_wconf 87' lang='lat' dir='ltr'><strong>se</strong></span> <span class='ocrx_word' id='word_1_461' title='bbox 909 4134 1112 4190; x_wconf 90' lang='lat' dir='ltr'><strong>nullam</strong></span> <span class='ocrx_word' id='word_1_462' title='bbox 1147 4133 1304 4188; x_wconf 85' lang='lat' dir='ltr'><strong>babct</strong></span> <span class='ocrx_word' id='word_1_463' title='bbox 1334 4134 1462 4200; x_wconf 86' lang='lat' dir='ltr'><strong>vim,</strong></span> <span class='ocrx_word' id='word_1_464' title='bbox 1516 4136 1611 4192; x_wconf 90' lang='lat' dir='ltr'><strong>sed</strong></span> <span class='ocrx_word' id='word_1_465' title='bbox 1660 4139 1729 4195; x_wconf 90' lang='lat' dir='ltr'><strong>ab</strong></span> <span class='ocrx_word' id='word_1_466' title='bbox 1767 4141 1977 4213; x_wconf 86' lang='lat' dir='ltr'><strong>ignavia</strong></span> 
     </span>
    </p>
   </div>
   <div class='ocr_carea' id='block_1_80' title="bbox 389 4210 1513 4298">
    <p class='ocr_par' dir='ltr' id='par_1_80' title="bbox 389 4210 1513 4298">
     <span class='ocr_line' id='line_1_80' title="bbox 389 4210 1513 4298; baseline -0.004 -15"><span class='ocrx_word' id='word_1_467' title='bbox 389 4239 578 4284; x_wconf 77' lang='lat' dir='ltr'><strong>nostra</strong></span> <span class='ocrx_word' id='word_1_468' title='bbox 608 4243 706 4298; x_wconf 88' lang='lat' dir='ltr'><strong>pro</strong></span> <span class='ocrx_word' id='word_1_469' title='bbox 739 4210 856 4280; x_wconf 82' lang='lat' dir='ltr'><strong>rata</strong></span> <span class='ocrx_word' id='word_1_470' title='bbox 880 4223 1129 4296; x_wconf 87' lang='lat' dir='ltr'><strong>portione</strong></span> <span class='ocrx_word' id='word_1_471' title='bbox 1157 4224 1300 4279; x_wconf 85' lang='lat' dir='ltr'><strong>vires</strong></span> <span class='ocrx_word' id='word_1_472' title='bbox 1322 4225 1513 4279; x_wconf 76' lang='lat' dir='ltr'><strong>Sumit.</strong></span> 
     </span>
    </p>
   </div>
   <div class='ocr_carea' id='block_1_81' title="bbox 1100 4408 1277 4463">
    <p class='ocr_par' dir='ltr' id='par_1_81' title="bbox 1100 4408 1277 4463">
     <span class='ocr_line' id='line_1_81' title="bbox 1100 4408 1277 4463; baseline 0 0"><span class='ocrx_word' id='word_1_473' title='bbox 1100 4408 1277 4463; x_wconf 78' lang='lat' dir='ltr'><strong>Aliud.</strong></span> 
     </span>
    </p>
   </div>
   <div class='ocr_carea' id='block_1_82' title="bbox 457 4498 1971 4576">
    <p class='ocr_par' dir='ltr' id='par_1_82' title="bbox 457 4498 1971 4576">
     <span class='ocr_line' id='line_1_82' title="bbox 457 4498 1971 4576; baseline 0.005 -23"><span class='ocrx_word' id='word_1_474' title='bbox 457 4499 535 4554; x_wconf 86' lang='lat' dir='ltr'><strong>Ne</strong></span> <span class='ocrx_word' id='word_1_475' title='bbox 568 4500 746 4556; x_wconf 77' lang='lat' dir='ltr'><strong>diras:</strong></span> <span class='ocrx_word' id='word_1_476' title='bbox 767 4499 907 4567; x_wconf 85' lang='lat' dir='ltr'><strong>Quid</strong></span> <span class='ocrx_word' id='word_1_477' title='bbox 937 4498 1135 4555; x_wconf 74' lang='lat' dir='ltr'><strong>faciam</strong></span> <span class='ocrx_word' id='word_1_478' title='bbox 1154 4500 1178 4554; x_wconf 87' lang='lat'><strong>?</strong></span> <span class='ocrx_word' id='word_1_479' title='bbox 1198 4499 1337 4568; x_wconf 87' lang='lat' dir='ltr'><strong>Quia</strong></span> <span class='ocrx_word' id='word_1_480' title='bbox 1363 4504 1568 4560; x_wconf 86' lang='lat' dir='ltr'><strong>nolenti</strong></span> <span class='ocrx_word' id='word_1_481' title='bbox 1607 4506 1822 4576; x_wconf 89' lang='lat' dir='ltr'><strong>obrepit</strong></span> <span class='ocrx_word' id='word_1_482' title='bbox 1841 4506 1971 4562; x_wconf 87' lang='lat' dir='ltr'><strong>obli-</strong></span> 
     </span>
    </p>
   </div>
   <div class='ocr_carea' id='block_1_83' title="bbox 389 4588 1976 4666">
    <p class='ocr_par' dir='ltr' id='par_1_83' title="bbox 389 4588 1976 4666">
     <span class='ocr_line' id='line_1_83' title="bbox 389 4588 1976 4666; baseline 0.007 -24"><span class='ocrx_word' id='word_1_483' title='bbox 389 4593 495 4645; x_wconf 90' lang='lat' dir='ltr'><strong>vio.</strong></span> <span class='ocrx_word' id='word_1_484' title='bbox 518 4588 657 4656; x_wconf 86' lang='lat' dir='ltr'><strong>Quia</strong></span> <span class='ocrx_word' id='word_1_485' title='bbox 695 4605 818 4645; x_wconf 89' lang='lat' dir='ltr'><strong>cum</strong></span> <span class='ocrx_word' id='word_1_486' title='bbox 851 4605 1061 4646; x_wconf 89' lang='lat' dir='ltr'><strong>memor</strong></span> <span class='ocrx_word' id='word_1_487' title='bbox 1115 4606 1285 4659; x_wconf 87' lang='lat' dir='ltr'><strong>esses,</strong></span> <span class='ocrx_word' id='word_1_488' title='bbox 1338 4595 1622 4666; x_wconf 81' lang='lat' dir='ltr'><strong>neglexisti</strong></span> <span class='ocrx_word' id='word_1_489' title='bbox 1663 4604 1720 4653; x_wconf 88' lang='lat' dir='ltr'><strong>et</strong></span> <span class='ocrx_word' id='word_1_490' title='bbox 1763 4597 1976 4655; x_wconf 81' lang='lat' dir='ltr'><strong>elusisti</strong></span> 
     </span>
    </p>
   </div>
   <div class='ocr_carea' id='block_1_84' title="bbox 385 4681 865 4737">
    <p class='ocr_par' dir='ltr' id='par_1_84' title="bbox 385 4681 865 4737">
     <span class='ocr_line' id='line_1_84' title="bbox 385 4681 865 4737; baseline -0.002 -1"><span class='ocrx_word' id='word_1_491' title='bbox 385 4681 619 4737; x_wconf 81' lang='lat' dir='ltr'><strong>olllcium</strong></span> <span class='ocrx_word' id='word_1_492' title='bbox 657 4690 808 4735; x_wconf 90' lang='lat' dir='ltr'><strong>tuum</strong></span> <span class='ocrx_word' id='word_1_493' title='bbox 841 4681 865 4735; x_wconf 72' lang='grc' dir='ltr'><strong><em>τ</em></strong></span> 
     </span>
    </p>
   </div>
   <div class='ocr_carea' id='block_1_85' title="bbox 1070 4774 1256 4829">
    <p class='ocr_par' dir='ltr' id='par_1_85' title="bbox 1070 4774 1256 4829">
     <span class='ocr_line' id='line_1_85' title="bbox 1070 4774 1256 4829; baseline 0.011 -2"><span class='ocrx_word' id='word_1_494' title='bbox 1070 4774 1256 4829; x_wconf 83' lang='lat' dir='ltr'><strong>Aliud.</strong></span> 
     </span>
    </p>
   </div>
   <div class='ocr_carea' id='block_1_86' title="bbox 453 4861 1967 4935">
    <p class='ocr_par' dir='ltr' id='par_1_86' title="bbox 453 4861 1967 4935">
     <span class='ocr_line' id='line_1_86' title="bbox 453 4861 1967 4935; baseline 0.007 -17"><span class='ocrx_word' id='word_1_495' title='bbox 453 4862 609 4930; x_wconf 85' lang='lat' dir='ltr'><strong>Quod</strong></span> <span class='ocrx_word' id='word_1_496' title='bbox 641 4862 956 4925; x_wconf 82' lang='lat' dir='ltr'><strong>meministi,</strong></span> <span class='ocrx_word' id='word_1_497' title='bbox 990 4861 1183 4931; x_wconf 79' lang='lat' dir='ltr'><strong>facito;</strong></span> <span class='ocrx_word' id='word_1_498' title='bbox 1223 4865 1368 4934; x_wconf 92' lang='lat' dir='ltr'><strong>quod</strong></span> <span class='ocrx_word' id='word_1_499' title='bbox 1393 4866 1593 4925; x_wconf 85' lang='lat' dir='ltr'><strong>oblitus</strong></span> <span class='ocrx_word' id='word_1_500' title='bbox 1617 4886 1698 4935; x_wconf 88' lang='lat' dir='ltr'><strong>es,</strong></span> <span class='ocrx_word' id='word_1_501' title='bbox 1723 4886 1831 4926; x_wconf 89' lang='lat' dir='ltr'><strong>non</strong></span> <span class='ocrx_word' id='word_1_502' title='bbox 1862 4873 1967 4928; x_wconf 89' lang='lat' dir='ltr'><strong>erit</strong></span> 
     </span>
    </p>
   </div>
   <div class='ocr_carea' id='block_1_87' title="bbox 2676 3579 3049 3647">
    <p class='ocr_par' dir='ltr' id='par_1_87' title="bbox 2676 3579 3049 3647">
     <span class='ocr_line' id='line_1_87' title="bbox 2676 3579 3049 3647; baseline 0.005 -16"><span class='ocrx_word' id='word_1_503' title='bbox 2676 3580 2723 3631; x_wconf 85' lang='grc' dir='ltr'><strong><em>Σ</em></strong></span> <span class='ocrx_word' id='word_1_504' title='bbox 2723 3579 2937 3647; x_wconf 70' lang='grc' dir='ltr'>χόλων</span> <span class='ocrx_word' id='word_1_505' title='bbox 2974 3586 3049 3645; x_wconf 79' lang='grc' dir='ltr'>ς’.</span> 
     </span>
    </p>
   </div>
   <div class='ocr_carea' id='block_1_88' title="bbox 2158 3665 3655 3745">
    <p class='ocr_par' dir='ltr' id='par_1_88' title="bbox 2158 3665 3655 3745">
     <span class='ocr_line' id='line_1_88' title="bbox 2158 3665 3655 3745; baseline 0.003 -26"><span class='ocrx_word' id='word_1_506' title='bbox 2158 3665 2404 3735; x_wconf 75' lang='grc' dir='ltr'>Σάλπιγξ</span> <span class='ocrx_word' id='word_1_507' title='bbox 2430 3670 2508 3731; x_wconf 85' lang='grc' dir='ltr'><strong>είς</strong></span> <span class='ocrx_word' id='word_1_508' title='bbox 2543 3671 2851 3740; x_wconf 81' lang='grc' dir='ltr'>προσευχὴν</span> <span class='ocrx_word' id='word_1_509' title='bbox 2897 3670 3256 3742; x_wconf 82' lang='grc' dir='ltr'>διεγείρουσα,</span> <span class='ocrx_word' id='word_1_510' title='bbox 3295 3672 3390 3727; x_wconf 78' lang='grc' dir='ltr'>τὸν</span> <span class='ocrx_word' id='word_1_511' title='bbox 3416 3671 3655 3745; x_wconf 79' lang='grc' dir='ltr'>ῥᾴθυμον</span> 
     </span>
    </p>
   </div>
   <div class='ocr_carea' id='block_1_89' title="bbox 2085 3755 3661 3833">
    <p class='ocr_par' dir='ltr' id='par_1_89' title="bbox 2085 3755 3661 3833">
     <span class='ocr_line' id='line_1_89' title="bbox 2085 3755 3661 3833; baseline 0.004 -24"><span class='ocrx_word' id='word_1_512' title='bbox 2085 3755 2313 3811; x_wconf 78' lang='grc' dir='ltr'>ἀπὸτοῦ</span> <span class='ocrx_word' id='word_1_513' title='bbox 2349 3758 2631 3830; x_wconf 84' lang='grc' dir='ltr'>προθύμου</span> <span class='ocrx_word' id='word_1_514' title='bbox 2688 3761 2942 3831; x_wconf 75' lang='grc' dir='ltr'>χωρίζειο</span> <span class='ocrx_word' id='word_1_515' title='bbox 2992 3763 3231 3833; x_wconf 75' lang='grc' dir='ltr'>καὶγὰρ</span> <span class='ocrx_word' id='word_1_516' title='bbox 3286 3766 3341 3817; x_wconf 80' lang='grc' dir='ltr'>αἱ</span> <span class='ocrx_word' id='word_1_517' title='bbox 3398 3762 3661 3833; x_wconf 73' lang='grc' dir='ltr'>θεοφιλεῖς</span> 
     </span>
    </p>
   </div>
   <div class='ocr_carea' id='block_1_90' title="bbox 2084 3846 3658 3923">
    <p class='ocr_par' dir='ltr' id='par_1_90' title="bbox 2084 3846 3658 3923">
     <span class='ocr_line' id='line_1_90' title="bbox 2084 3846 3658 3923; baseline 0.004 -24"><span class='ocrx_word' id='word_1_518' title='bbox 2084 3846 2286 3915; x_wconf 69' lang='grc' dir='ltr'>ἔννοιαι</span> <span class='ocrx_word' id='word_1_519' title='bbox 2316 3849 2372 3900; x_wconf 86' lang='grc' dir='ltr'>ὲν</span> <span class='ocrx_word' id='word_1_520' title='bbox 2401 3850 2785 3922; x_wconf 81' lang='grc' dir='ltr'>τεταραγμένῃ</span> <span class='ocrx_word' id='word_1_521' title='bbox 2805 3849 3014 3921; x_wconf 79' lang='grc' dir='ltr'>διανοίᾳ</span> <span class='ocrx_word' id='word_1_522' title='bbox 3029 3851 3287 3923; x_wconf 77' lang='grc' dir='ltr'>ἐμμένειν</span> <span class='ocrx_word' id='word_1_523' title='bbox 3306 3852 3366 3906; x_wconf 83' lang='grc' dir='ltr'>οὐ</span> <span class='ocrx_word' id='word_1_524' title='bbox 3390 3852 3658 3920; x_wconf 81' lang='grc' dir='ltr'>δύνανται,</span> 
     </span>
    </p>
   </div>
   <div class='ocr_carea' id='block_1_91' title="bbox 2083 3937 3184 4013">
    <p class='ocr_par' dir='ltr' id='par_1_91' title="bbox 2083 3937 3184 4013">
     <span class='ocr_line' id='line_1_91' title="bbox 2083 3937 3184 4013; baseline 0.004 -21"><span class='ocrx_word' id='word_1_525' title='bbox 2083 3937 2202 3992; x_wconf 82' lang='grc' dir='ltr'>ἀλλ’</span> <span class='ocrx_word' id='word_1_526' title='bbox 2241 3941 2299 3993; x_wconf 83' lang='grc' dir='ltr'>ὲν</span> <span class='ocrx_word' id='word_1_527' title='bbox 2325 3938 2406 3993; x_wconf 79' lang='grc' dir='ltr'>νοτ</span> <span class='ocrx_word' id='word_1_528' title='bbox 2429 3940 2727 4010; x_wconf 81' lang='grc' dir='ltr'>φροντίδων</span> <span class='ocrx_word' id='word_1_529' title='bbox 2760 3941 3184 4013; x_wconf 82' lang='grc' dir='ltr'>ἀπηλλαγμένῳ.</span> 
     </span>
    </p>
   </div>
   <div class='ocr_carea' id='block_1_92' title="bbox 2682 4032 3052 4101">
    <p class='ocr_par' dir='ltr' id='par_1_92' title="bbox 2682 4032 3052 4101">
     <span class='ocr_line' id='line_1_92' title="bbox 2682 4032 3052 4101; baseline 0.005 -15"><span class='ocrx_word' id='word_1_530' title='bbox 2682 4036 2729 4086; x_wconf 90' lang='grc' dir='ltr'><strong><em>Σ</em></strong></span> <span class='ocrx_word' id='word_1_531' title='bbox 2731 4033 2942 4101; x_wconf 74' lang='grc' dir='ltr'>χόλιον</span> <span class='ocrx_word' id='word_1_532' title='bbox 2986 4032 3052 4098; x_wconf 79' lang='grc' dir='ltr'><strong>ζ’.</strong></span> 
     </span>
    </p>
   </div>
   <div class='ocr_carea' id='block_1_93' title="bbox 2152 4122 3656 4200">
    <p class='ocr_par' dir='ltr' id='par_1_93' title="bbox 2152 4122 3656 4200">
     <span class='ocr_line' id='line_1_93' title="bbox 2152 4122 3656 4200; baseline 0.004 -22"><span class='ocrx_word' id='word_1_533' title='bbox 2152 4123 2307 4195; x_wconf 82' lang='grc' dir='ltr'><strong>Λήθη</strong></span> <span class='ocrx_word' id='word_1_534' title='bbox 2354 4122 2476 4178; x_wconf 86' lang='grc' dir='ltr'>καθ’</span> <span class='ocrx_word' id='word_1_535' title='bbox 2523 4125 2722 4195; x_wconf 77' lang='grc' dir='ltr'>ἑαυτὴν</span> <span class='ocrx_word' id='word_1_536' title='bbox 2767 4126 3024 4197; x_wconf 82' lang='grc' dir='ltr'>οὐδεμίαν</span> <span class='ocrx_word' id='word_1_537' title='bbox 3071 4126 3184 4197; x_wconf 79' lang='grc' dir='ltr'>ἔχει</span> <span class='ocrx_word' id='word_1_538' title='bbox 3237 4127 3489 4200; x_wconf 86' lang='grc' dir='ltr'>δύναμιν,</span> <span class='ocrx_word' id='word_1_539' title='bbox 3544 4127 3656 4183; x_wconf 80' lang='grc' dir='ltr'>ἀλλ’</span> 
     </span>
    </p>
   </div>
   <div class='ocr_carea' id='block_1_94' title="bbox 2079 4214 3655 4292">
    <p class='ocr_par' dir='ltr' id='par_1_94' title="bbox 2079 4214 3655 4292">
     <span class='ocr_line' id='line_1_94' title="bbox 2079 4214 3655 4292; baseline 0.006 -26"><span class='ocrx_word' id='word_1_540' title='bbox 2079 4215 2146 4268; x_wconf 81' lang='grc' dir='ltr'>ὲκ</span> <span class='ocrx_word' id='word_1_541' title='bbox 2172 4214 2280 4269; x_wconf 80' lang='grc' dir='ltr'><strong>τῶν</strong></span> <span class='ocrx_word' id='word_1_542' title='bbox 2306 4214 2594 4286; x_wconf 74' lang='grc' dir='ltr'>ἡμετέρων</span> <span class='ocrx_word' id='word_1_543' title='bbox 2614 4215 2885 4288; x_wconf 82' lang='grc' dir='ltr'>ἀμελειῶν</span> <span class='ocrx_word' id='word_1_544' title='bbox 2909 4217 3048 4289; x_wconf 90' lang='grc' dir='ltr'><strong>μετά</strong></span> <span class='ocrx_word' id='word_1_545' title='bbox 3071 4218 3369 4289; x_wconf 88' lang='grc' dir='ltr'>ἀναλογίαν</span> <span class='ocrx_word' id='word_1_546' title='bbox 3399 4220 3655 4292; x_wconf 82' lang='grc' dir='ltr'>κρατύνε-</span> 
     </span>
    </p>
   </div>
   <div class='ocr_carea' id='block_1_95' title="bbox 2080 4322 2263 4362">
    <p class='ocr_par' dir='ltr' id='par_1_95' title="bbox 2080 4322 2263 4362">
     <span class='ocr_line' id='line_1_95' title="bbox 2080 4322 2263 4362; baseline 0.016 -3"><span class='ocrx_word' id='word_1_547' title='bbox 2080 4324 2191 4362; x_wconf 86' lang='grc' dir='ltr'>ται.</span> <span class='ocrx_word' id='word_1_548' title='bbox 2236 4322 2263 4335; x_wconf 54' lang='grc'>⁸</span> 
     </span>
    </p>
   </div>
   <div class='ocr_carea' id='block_1_96' title="bbox 2776 4402 2988 4457">
    <p class='ocr_par' dir='ltr' id='par_1_96' title="bbox 2776 4402 2988 4457">
     <span class='ocr_line' id='line_1_96' title="bbox 2776 4402 2988 4457; baseline 0.005 -1"><span class='ocrx_word' id='word_1_549' title='bbox 2776 4402 2988 4457; x_wconf 73' lang='grc' dir='ltr'>Ἄλλο.</span> 
     </span>
    </p>
   </div>
   <div class='ocr_carea' id='block_1_97' title="bbox 2146 4490 3646 4569">
    <p class='ocr_par' dir='ltr' id='par_1_97' title="bbox 2146 4490 3646 4569">
     <span class='ocr_line' id='line_1_97' title="bbox 2146 4490 3646 4569; baseline 0.004 -25"><span class='ocrx_word' id='word_1_550' title='bbox 2146 4490 2241 4562; x_wconf 79' lang='grc' dir='ltr'><strong>Μὴ</strong></span> <span class='ocrx_word' id='word_1_551' title='bbox 2269 4490 2429 4561; x_wconf 81' lang='grc' dir='ltr'>λέγε·</span> <span class='ocrx_word' id='word_1_552' title='bbox 2469 4491 2534 4545; x_wconf 86' lang='grc' dir='ltr'>Τί</span> <span class='ocrx_word' id='word_1_553' title='bbox 2567 4491 2813 4564; x_wconf 83' lang='grc' dir='ltr'>ποιήσω;</span> <span class='ocrx_word' id='word_1_554' title='bbox 2860 4493 2946 4547; x_wconf 84' lang='grc' dir='ltr'>ὅτι</span> <span class='ocrx_word' id='word_1_555' title='bbox 2982 4493 3043 4548; x_wconf 83' lang='grc' dir='ltr'>οὐ</span> <span class='ocrx_word' id='word_1_556' title='bbox 3088 4494 3252 4563; x_wconf 84' lang='grc' dir='ltr'>θέλω,</span> <span class='ocrx_word' id='word_1_557' title='bbox 3286 4500 3382 4551; x_wconf 83' lang='grc' dir='ltr'>καὶ</span> <span class='ocrx_word' id='word_1_558' title='bbox 3415 4497 3646 4569; x_wconf 74' lang='grc' dir='ltr'>ἔρχεται.</span> 
     </span>
    </p>
   </div>
   <div class='ocr_carea' id='block_1_98' title="bbox 2075 4582 3647 4660">
    <p class='ocr_par' dir='ltr' id='par_1_98' title="bbox 2075 4582 3647 4660">
     <span class='ocr_line' id='line_1_98' title="bbox 2075 4582 3647 4660; baseline 0.003 -23"><span class='ocrx_word' id='word_1_559' title='bbox 2075 4583 2224 4638; x_wconf 82' lang='grc' dir='ltr'>Διότι</span> <span class='ocrx_word' id='word_1_560' title='bbox 2317 4582 2676 4657; x_wconf 88' lang='grc' dir='ltr'>μνημονεύων</span> <span class='ocrx_word' id='word_1_561' title='bbox 2773 4584 3120 4657; x_wconf 81' lang='grc' dir='ltr'>παρελογίσω</span> <span class='ocrx_word' id='word_1_562' title='bbox 3202 4588 3266 4642; x_wconf 78' lang='grc' dir='ltr'>τὸ</span> <span class='ocrx_word' id='word_1_563' title='bbox 3368 4588 3647 4660; x_wconf 83' lang='grc' dir='ltr'>ὀφειλόμε-</span> 
     </span>
    </p>
   </div>
   <div class='ocr_carea' id='block_1_99' title="bbox 2075 4691 2186 4729">
    <p class='ocr_par' dir='ltr' id='par_1_99' title="bbox 2075 4691 2186 4729">
     <span class='ocr_line' id='line_1_99' title="bbox 2075 4691 2186 4729; baseline 0.027 -3"><span class='ocrx_word' id='word_1_564' title='bbox 2075 4691 2186 4729; x_wconf 88' lang='grc' dir='ltr'>νον.</span> 
     </span>
    </p>
   </div>
   <div class='ocr_carea' id='block_1_100' title="bbox 2755 4770 2969 4825">
    <p class='ocr_par' dir='ltr' id='par_1_100' title="bbox 2755 4770 2969 4825">
     <span class='ocr_line' id='line_1_100' title="bbox 2755 4770 2969 4825; baseline 0 0"><span class='ocrx_word' id='word_1_565' title='bbox 2755 4770 2969 4825; x_wconf 68' lang='grc' dir='ltr'>Ἄλλο.</span> 
     </span>
    </p>
   </div>
   <div class='ocr_carea' id='block_1_101' title="bbox 2148 4858 3641 4937">
    <p class='ocr_par' dir='ltr' id='par_1_101' title="bbox 2148 4858 3641 4937">
     <span class='ocr_line' id='line_1_101' title="bbox 2148 4858 3641 4937; baseline 0.007 -28"><span class='ocrx_word' id='word_1_566' title='bbox 2148 4859 2216 4911; x_wconf 81' lang='grc'><strong>’⁵0</strong></span> <span class='ocrx_word' id='word_1_567' title='bbox 2286 4858 2668 4929; x_wconf 81' lang='grc' dir='ltr'>μνημονεύεις,</span> <span class='ocrx_word' id='word_1_568' title='bbox 2733 4862 2993 4933; x_wconf 74' lang='grc' dir='ltr'>ποίησονο</span> <span class='ocrx_word' id='word_1_569' title='bbox 3053 4862 3146 4917; x_wconf 78' lang='grc' dir='ltr'>καὶ</span> <span class='ocrx_word' id='word_1_570' title='bbox 3187 4862 3217 4917; x_wconf 80' lang='grc' dir='ltr'><strong>δ</strong></span> <span class='ocrx_word' id='word_1_571' title='bbox 3291 4866 3641 4937; x_wconf 82' lang='grc' dir='ltr'>ἀμνημονεῐς,</span> 
     </span>
    </p>
   </div>
   <div class='ocr_carea' id='block_1_102' title="bbox 384 4948 1988 5029">
    <p class='ocr_par' dir='ltr' id='par_1_102' title="bbox 384 4953 1965 5023">
     <span class='ocr_line' id='line_1_102' title="bbox 384 4953 1965 5023; baseline 0.008 -16"><span class='ocrx_word' id='word_1_572' title='bbox 384 4954 479 5010; x_wconf 91' lang='lat' dir='ltr'><strong>tibi</strong></span> <span class='ocrx_word' id='word_1_573' title='bbox 499 4953 675 5009; x_wconf 79' lang='lat' dir='ltr'><strong>fraudi</strong></span> <span class='ocrx_word' id='word_1_574' title='bbox 711 4972 724 5007; x_wconf 90' lang='lat'><strong>:</strong></span> <span class='ocrx_word' id='word_1_575' title='bbox 755 4954 848 5009; x_wconf 90' lang='lat' dir='ltr'><strong>sed</strong></span> <span class='ocrx_word' id='word_1_576' title='bbox 867 4954 1141 5023; x_wconf 87' lang='lat' dir='ltr'><strong>aperietur</strong></span> <span class='ocrx_word' id='word_1_577' title='bbox 1193 4953 1313 5019; x_wconf 89' lang='lat' dir='ltr'><strong>tibi;</strong></span> <span class='ocrx_word' id='word_1_578' title='bbox 1365 4955 1581 5012; x_wconf 90' lang='lat' dir='ltr'><strong>interim</strong></span> <span class='ocrx_word' id='word_1_579' title='bbox 1620 4975 1730 5016; x_wconf 86' lang='lat' dir='ltr'><strong>non</strong></span> <span class='ocrx_word' id='word_1_580' title='bbox 1781 4961 1965 5018; x_wconf 87' lang='lat' dir='ltr'><strong>tradas</strong></span> 
     </span>
    </p>
   </div>
   <div class='ocr_carea' id='block_1_103' title="bbox 2094 4948 3642 5029">
    <p class='ocr_par' dir='ltr' id='par_1_103' title="bbox 2094 4948 3642 5029">
     <span class='ocr_line' id='line_1_103' title="bbox 2094 4948 3642 5029; baseline 0.009 -31"><span class='ocrx_word' id='word_1_581' title='bbox 2094 4948 2518 5009; x_wconf 65' lang='grc' dir='ltr'>ίποκαλύπτεταί</span> <span class='ocrx_word' id='word_1_582' title='bbox 2563 4968 2678 5004; x_wconf 90' lang='grc' dir='ltr'>σοι·</span> <span class='ocrx_word' id='word_1_583' title='bbox 2733 4953 2829 5007; x_wconf 77' lang='grc' dir='ltr'>καὶ</span> <span class='ocrx_word' id='word_1_584' title='bbox 2869 4954 2930 5007; x_wconf 81' lang='grc' dir='ltr'>οὐ</span> <span class='ocrx_word' id='word_1_585' title='bbox 2985 4956 3061 5027; x_wconf 85' lang='grc' dir='ltr'>μὴ</span> <span class='ocrx_word' id='word_1_586' title='bbox 3108 4955 3371 5028; x_wconf 81' lang='grc' dir='ltr'>παραδῷς</span> <span class='ocrx_word' id='word_1_587' title='bbox 3414 4956 3642 5029; x_wconf 84' lang='grc' dir='ltr'>ἀκρίτως</span> 
     </span>
    </p>
   </div>
   <div class='ocr_carea' id='block_1_104' title="bbox 384 5043 1779 5114">
    <p class='ocr_par' dir='ltr' id='par_1_104' title="bbox 384 5043 1779 5114">
     <span class='ocr_line' id='line_1_104' title="bbox 384 5043 1779 5114; baseline 0.004 -16"><span class='ocrx_word' id='word_1_588' title='bbox 384 5055 585 5102; x_wconf 83' lang='lat' dir='ltr'><strong>temere</strong></span> <span class='ocrx_word' id='word_1_589' title='bbox 611 5043 963 5114; x_wconf 87' lang='lat' dir='ltr'><strong>cogitationes</strong></span> <span class='ocrx_word' id='word_1_590' title='bbox 987 5051 1106 5098; x_wconf 87' lang='lat' dir='ltr'><strong>tuas</strong></span> <span class='ocrx_word' id='word_1_591' title='bbox 1143 5051 1196 5099; x_wconf 90' lang='lat' dir='ltr'><strong>et</strong></span> <span class='ocrx_word' id='word_1_592' title='bbox 1230 5052 1468 5101; x_wconf 88' lang='lat' dir='ltr'><strong>mentem</strong></span> <span class='ocrx_word' id='word_1_593' title='bbox 1501 5045 1779 5105; x_wconf 90' lang='lat' dir='ltr'><strong>oblivioni.</strong></span> 
     </span>
    </p>
   </div>
   <div class='ocr_carea' id='block_1_105' title="bbox 1003 5153 1334 5210">
    <p class='ocr_par' dir='ltr' id='par_1_105' title="bbox 1003 5153 1334 5210">
     <span class='ocr_line' id='line_1_105' title="bbox 1003 5153 1334 5210; baseline -0.003 0"><span class='ocrx_word' id='word_1_594' title='bbox 1003 5153 1253 5210; x_wconf 83' lang='lat' dir='ltr'><strong>Scholion</strong></span> <span class='ocrx_word' id='word_1_595' title='bbox 1280 5154 1334 5210; x_wconf 90' lang='lat'><strong>8.</strong></span> 
     </span>
    </p>
   </div>
   <div class='ocr_carea' id='block_1_106' title="bbox 451 5246 1962 5322">
    <p class='ocr_par' dir='ltr' id='par_1_106' title="bbox 451 5246 1962 5322">
     <span class='ocr_line' id='line_1_106' title="bbox 451 5246 1962 5322; baseline 0.003 -20"><span class='ocrx_word' id='word_1_596' title='bbox 451 5246 641 5303; x_wconf 74' lang='lat' dir='ltr'><strong>Melius</strong></span> <span class='ocrx_word' id='word_1_597' title='bbox 672 5247 828 5303; x_wconf 86' lang='lat' dir='ltr'><strong>estin</strong></span> <span class='ocrx_word' id='word_1_598' title='bbox 864 5246 1084 5302; x_wconf 86' lang='lat' dir='ltr'><strong>silentio</strong></span> <span class='ocrx_word' id='word_1_599' title='bbox 1114 5258 1170 5301; x_wconf 83' lang='lat' dir='ltr'><strong>et</strong></span> <span class='ocrx_word' id='word_1_600' title='bbox 1216 5246 1442 5302; x_wconf 81' lang='lat' dir='ltr'><strong>scientia</strong></span> <span class='ocrx_word' id='word_1_601' title='bbox 1494 5247 1754 5317; x_wconf 89' lang='lat' dir='ltr'><strong>dormire,</strong></span> <span class='ocrx_word' id='word_1_602' title='bbox 1795 5266 1962 5322; x_wconf 87' lang='lat' dir='ltr'><strong>quam</strong></span> 
     </span>
    </p>
   </div>
   <div class='ocr_carea' id='block_1_107' title="bbox 378 5336 1143 5408">
    <p class='ocr_par' dir='ltr' id='par_1_107' title="bbox 378 5336 1143 5408">
     <span class='ocr_line' id='line_1_107' title="bbox 378 5336 1143 5408; baseline -0.001 -16"><span class='ocrx_word' id='word_1_603' title='bbox 378 5353 503 5393; x_wconf 88' lang='lat' dir='ltr'><strong>cum</strong></span> <span class='ocrx_word' id='word_1_604' title='bbox 530 5336 857 5407; x_wconf 86' lang='lat' dir='ltr'><strong>vaniloquiis</strong></span> <span class='ocrx_word' id='word_1_605' title='bbox 901 5336 1143 5408; x_wconf 87' lang='lat' dir='ltr'><strong>vigilare.</strong></span> 
     </span>
    </p>
   </div>
   <div class='ocr_carea' id='block_1_108' title="bbox 996 5426 1323 5485">
    <p class='ocr_par' dir='ltr' id='par_1_108' title="bbox 996 5426 1323 5485">
     <span class='ocr_line' id='line_1_108' title="bbox 996 5426 1323 5485; baseline -0.006 -1"><span class='ocrx_word' id='word_1_606' title='bbox 996 5426 1245 5484; x_wconf 86' lang='lat' dir='ltr'><strong>Scholion</strong></span> <span class='ocrx_word' id='word_1_607' title='bbox 1270 5429 1323 5485; x_wconf 90' lang='lat'><strong>9.</strong></span> 
     </span>
    </p>
   </div>
   <div class='ocr_carea' id='block_1_109' title="bbox 449 5514 1965 5592">
    <p class='ocr_par' dir='ltr' id='par_1_109' title="bbox 449 5514 1965 5592">
     <span class='ocr_line' id='line_1_109' title="bbox 449 5514 1965 5592; baseline 0.008 -24"><span class='ocrx_word' id='word_1_608' title='bbox 449 5514 575 5573; x_wconf 79' lang='lat' dir='ltr'><strong>Dies</strong></span> <span class='ocrx_word' id='word_1_609' title='bbox 593 5519 724 5574; x_wconf 87' lang='lat' dir='ltr'><strong>abiit</strong></span> <span class='ocrx_word' id='word_1_610' title='bbox 746 5529 802 5574; x_wconf 92' lang='lat' dir='ltr'><strong>et</strong></span> <span class='ocrx_word' id='word_1_611' title='bbox 825 5528 1123 5586; x_wconf 78' lang='lat' dir='ltr'><strong>certamen;</strong></span> <span class='ocrx_word' id='word_1_612' title='bbox 1144 5530 1386 5592; x_wconf 73' lang='lat' dir='ltr'><strong>quaestus</strong></span> <span class='ocrx_word' id='word_1_613' title='bbox 1408 5531 1674 5579; x_wconf 89' lang='lat' dir='ltr'><strong>servatur.</strong></span> <span class='ocrx_word' id='word_1_614' title='bbox 1695 5521 1965 5580; x_wconf 82' lang='lat' dir='ltr'><strong>Mercator</strong></span> 
     </span>
    </p>
   </div>
   <div class='ocr_carea' id='block_1_110' title="bbox 457 5690 892 5765">
    <p class='ocr_par' dir='ltr' id='par_1_110' title="bbox 457 5690 892 5765">
     <span class='ocr_line' id='line_1_110' title="bbox 457 5690 892 5765; baseline 0.014 -19"><span class='ocrx_word' id='word_1_615' title='bbox 457 5694 491 5721; x_wconf 79' lang='grc'><strong><em>⁵³⁸</em></strong></span> <span class='ocrx_word' id='word_1_616' title='bbox 531 5690 543 5740; x_wconf 77' lang='grc'><strong>1</strong></span> <span class='ocrx_word' id='word_1_617' title='bbox 575 5690 707 5765; x_wconf 77' lang='lat' dir='ltr'><strong>Reg.</strong></span> <span class='ocrx_word' id='word_1_618' title='bbox 732 5710 770 5756; x_wconf 82' lang='grc' dir='ltr'><strong>ι,</strong></span> <span class='ocrx_word' id='word_1_619' title='bbox 808 5694 892 5752; x_wconf 82' lang='grc'><strong>17.</strong></span> 
     </span>
    </p>
   </div>
   <div class='ocr_carea' id='block_1_111' title="bbox 2072 5039 2618 5114">
    <p class='ocr_par' dir='ltr' id='par_1_111' title="bbox 2072 5039 2618 5114">
     <span class='ocr_line' id='line_1_111' title="bbox 2072 5039 2618 5114; baseline 0.004 -20"><span class='ocrx_word' id='word_1_620' title='bbox 2072 5039 2213 5114; x_wconf 78' lang='grc' dir='ltr'>λήθῃ</span> <span class='ocrx_word' id='word_1_621' title='bbox 2230 5041 2330 5113; x_wconf 82' lang='grc' dir='ltr'>τὴν</span> <span class='ocrx_word' id='word_1_622' title='bbox 2358 5040 2618 5097; x_wconf 80' lang='grc' dir='ltr'>διάνοιαν.</span> 
     </span>
    </p>
   </div>
   <div class='ocr_carea' id='block_1_112' title="bbox 2668 5158 3071 5233">
    <p class='ocr_par' dir='ltr' id='par_1_112' title="bbox 2668 5158 3071 5233">
     <span class='ocr_line' id='line_1_112' title="bbox 2668 5158 3071 5233; baseline 0.007 -22"><span class='ocrx_word' id='word_1_623' title='bbox 2668 5158 2930 5227; x_wconf 71' lang='grc' dir='ltr'><strong>Σχόλιον</strong></span> <span class='ocrx_word' id='word_1_624' title='bbox 2977 5167 3046 5230; x_wconf 87' lang='grc' dir='ltr'>η’.</span> <span class='ocrx_word' id='word_1_625' title='bbox 3058 5222 3071 5233; x_wconf 81' lang='lat'><strong>_</strong></span> 
     </span>
    </p>
   </div>
   <div class='ocr_carea' id='block_1_113' title="bbox 2154 5247 3632 5327">
    <p class='ocr_par' dir='ltr' id='par_1_113' title="bbox 2154 5247 3632 5327">
     <span class='ocr_line' id='line_1_113' title="bbox 2154 5247 3632 5327; baseline 0.003 -26"><span class='ocrx_word' id='word_1_626' title='bbox 2154 5247 2387 5317; x_wconf 76' lang='grc' dir='ltr'>Ἀγαθὸν</span> <span class='ocrx_word' id='word_1_627' title='bbox 2408 5248 2611 5302; x_wconf 80' lang='grc' dir='ltr'>ύπνοῦν</span> <span class='ocrx_word' id='word_1_628' title='bbox 2645 5249 2704 5302; x_wconf 83' lang='grc' dir='ltr'>ὲν</span> <span class='ocrx_word' id='word_1_629' title='bbox 2725 5251 2904 5321; x_wconf 76' lang='grc' dir='ltr'>σιωπῇ</span> <span class='ocrx_word' id='word_1_630' title='bbox 2929 5250 3026 5305; x_wconf 77' lang='grc' dir='ltr'>καὶ</span> <span class='ocrx_word' id='word_1_631' title='bbox 3043 5252 3318 5326; x_wconf 81' lang='grc' dir='ltr'>γνὼσει,ἢ</span> <span class='ocrx_word' id='word_1_632' title='bbox 3340 5254 3632 5327; x_wconf 80' lang='grc' dir='ltr'>αγρυπνεῖν</span> 
     </span>
    </p>
   </div>
   <div class='ocr_carea' id='block_1_114' title="bbox 2070 5340 2545 5412">
    <p class='ocr_par' dir='ltr' id='par_1_114' title="bbox 2070 5340 2545 5412">
     <span class='ocr_line' id='line_1_114' title="bbox 2070 5340 2545 5412; baseline 0.011 -19"><span class='ocrx_word' id='word_1_633' title='bbox 2070 5341 2129 5393; x_wconf 81' lang='grc' dir='ltr'>ὲν</span> <span class='ocrx_word' id='word_1_634' title='bbox 2164 5340 2545 5412; x_wconf 79' lang='grc' dir='ltr'>ματαιολογίᾳ.</span> 
     </span>
    </p>
   </div>
   <div class='ocr_carea' id='block_1_115' title="bbox 2681 5437 3062 5506">
    <p class='ocr_par' dir='ltr' id='par_1_115' title="bbox 2681 5437 3062 5506">
     <span class='ocr_line' id='line_1_115' title="bbox 2681 5437 3062 5506; baseline 0.008 -16"><span class='ocrx_word' id='word_1_635' title='bbox 2681 5439 2728 5490; x_wconf 88' lang='grc' dir='ltr'><strong><em>Σ</em></strong></span> <span class='ocrx_word' id='word_1_636' title='bbox 2728 5438 2944 5506; x_wconf 75' lang='grc' dir='ltr'><strong>χόλιον</strong></span> <span class='ocrx_word' id='word_1_637' title='bbox 2996 5437 3062 5493; x_wconf 85' lang='grc' dir='ltr'><strong>θ’.</strong></span> 
     </span>
    </p>
   </div>
   <div class='ocr_carea' id='block_1_116' title="bbox 2142 5527 3623 5603">
    <p class='ocr_par' dir='ltr' id='par_1_116' title="bbox 2142 5527 3623 5603">
     <span class='ocr_line' id='line_1_116' title="bbox 2142 5527 3623 5603; baseline -0.001 -22"><span class='ocrx_word' id='word_1_638' title='bbox 2142 5527 2427 5599; x_wconf 82' lang='grc' dir='ltr'>Παρῆλθεν</span> <span class='ocrx_word' id='word_1_639' title='bbox 2456 5529 2489 5598; x_wconf 83' lang='grc' dir='ltr'><strong>ἡ</strong></span> <span class='ocrx_word' id='word_1_640' title='bbox 2532 5527 2735 5599; x_wconf 75' lang='grc' dir='ltr'>ἡμέρα,</span> <span class='ocrx_word' id='word_1_641' title='bbox 2772 5530 2910 5585; x_wconf 76' lang='grc' dir='ltr'>καὶό</span> <span class='ocrx_word' id='word_1_642' title='bbox 2943 5531 3091 5600; x_wconf 81' lang='grc' dir='ltr'>ἀγών</span> <span class='ocrx_word' id='word_1_643' title='bbox 3111 5546 3124 5561; x_wconf 83' lang='lat'><strong><em>°</em></strong></span> <span class='ocrx_word' id='word_1_644' title='bbox 3178 5534 3210 5603; x_wconf 74' lang='grc' dir='ltr'><strong>ἡ</strong></span> <span class='ocrx_word' id='word_1_645' title='bbox 3253 5531 3487 5603; x_wconf 81' lang='grc' dir='ltr'>ἐμπορία</span> <span class='ocrx_word' id='word_1_646' title='bbox 3513 5530 3623 5584; x_wconf 64' lang='grc' dir='ltr'>ἄπι-</span> 
     </span>
    </p>
   </div>
  </div>
