  <div class='ocr_page' id='page_1' title='image "/cluster/home/n/w/nwhite01/storage/ocr_20150623/88/coo.31924054869924/494.png"; bbox 0 0 4042 6430; ppageno 0'>
   <div class='ocr_carea' id='block_1_1' title="bbox 412 441 519 510">
    <p class='ocr_par' dir='ltr' id='par_1_1' title="bbox 412 441 519 510">
     <span class='ocr_line' id='line_1_1' title="bbox 412 441 519 510; baseline -0.019 1"><span class='ocrx_word' id='word_1_1' title='bbox 412 441 519 510; x_wconf 64' lang='grc'><strong>945</strong></span> 
     </span>
    </p>
   </div>
   <div class='ocr_carea' id='block_1_2' title="bbox 1423 439 2707 505">
    <p class='ocr_par' dir='ltr' id='par_1_2' title="bbox 1423 439 2707 505">
     <span class='ocr_line' id='line_1_2' title="bbox 1423 439 2707 505; baseline -0.001 -2"><span class='ocrx_word' id='word_1_2' title='bbox 1423 442 1656 503; x_wconf 76' lang='lat' dir='ltr'><strong>SCALA</strong></span> <span class='ocrx_word' id='word_1_3' title='bbox 1693 439 2074 503; x_wconf 82' lang='lat' dir='ltr'><strong>PARADISI.</strong></span> <span class='ocrx_word' id='word_1_4' title='bbox 2111 465 2171 477; x_wconf 92' lang='grc'><strong>--</strong></span> <span class='ocrx_word' id='word_1_5' title='bbox 2208 441 2519 505; x_wconf 82' lang='lat' dir='ltr'><strong>GRADUS</strong></span> <span class='ocrx_word' id='word_1_6' title='bbox 2543 442 2707 504; x_wconf 80' lang='lat' dir='ltr'><strong>XXI.</strong></span> 
     </span>
    </p>
   </div>
   <div class='ocr_carea' id='block_1_3' title="bbox 3576 435 3683 500">
    <p class='ocr_par' dir='ltr' id='par_1_3' title="bbox 3576 435 3683 500">
     <span class='ocr_line' id='line_1_3' title="bbox 3576 435 3683 500; baseline -0.028 -1"><span class='ocrx_word' id='word_1_7' title='bbox 3576 435 3683 500; x_wconf 66' lang='lat'><strong>936</strong></span> 
     </span>
    </p>
   </div>
   <div class='ocr_carea' id='block_1_4' title="bbox 404 545 2027 629">
    <p class='ocr_par' dir='ltr' id='par_1_4' title="bbox 404 549 2027 629">
     <span class='ocr_line' id='line_1_4' title="bbox 404 549 2027 629; baseline -0.004 -17"><span class='ocrx_word' id='word_1_8' title='bbox 404 557 659 629; x_wconf 79' lang='grc' dir='ltr'><strong>τηρεῖται</strong></span> <span class='ocrx_word' id='word_1_9' title='bbox 678 570 691 583; x_wconf 84' lang='grc'><em>’</em></span> <span class='ocrx_word' id='word_1_10' title='bbox 715 554 744 609; x_wconf 84' lang='grc' dir='ltr'><strong>ό</strong></span> <span class='ocrx_word' id='word_1_11' title='bbox 786 554 1026 627; x_wconf 69' lang='grc' dir='ltr'>ἔμπορος</span> <span class='ocrx_word' id='word_1_12' title='bbox 1044 552 1240 624; x_wconf 68' lang='grc' dir='ltr'>ἐρευνᾷ</span> <span class='ocrx_word' id='word_1_13' title='bbox 1263 552 1314 605; x_wconf 87' lang='grc' dir='ltr'>τί</span> <span class='ocrx_word' id='word_1_14' title='bbox 1341 549 1594 625; x_wconf 76' lang='grc' dir='ltr'>ἔπραξεν,</span> <span class='ocrx_word' id='word_1_15' title='bbox 1618 555 1667 606; x_wconf 87' lang='grc' dir='ltr'><strong>εί</strong></span> <span class='ocrx_word' id='word_1_16' title='bbox 1685 550 1989 625; x_wconf 74' lang='grc' dir='ltr'><strong>ἐζημιώθη,</strong></span> <span class='ocrx_word' id='word_1_17' title='bbox 2025 603 2027 611; x_wconf 73' lang='grc'><strong>,</strong></span> 
     </span>
    </p>
   </div>
   <div class='ocr_carea' id='block_1_5' title="bbox 2132 545 3681 629">
    <p class='ocr_par' dir='ltr' id='par_1_5' title="bbox 2135 545 3681 625">
     <span class='ocr_line' id='line_1_5' title="bbox 2135 545 3681 625; baseline -0.008 -18"><span class='ocrx_word' id='word_1_18' title='bbox 2135 552 2225 607; x_wconf 92' lang='lat' dir='ltr'><strong>uid</strong></span> <span class='ocrx_word' id='word_1_19' title='bbox 2252 553 2424 624; x_wconf 79' lang='lat' dir='ltr'><strong>egerit</strong></span> <span class='ocrx_word' id='word_1_20' title='bbox 2450 554 2697 625; x_wconf 82' lang='lat' dir='ltr'><strong>inquirit,</strong></span> <span class='ocrx_word' id='word_1_21' title='bbox 2733 568 2803 608; x_wconf 87' lang='lat' dir='ltr'><strong>an</strong></span> <span class='ocrx_word' id='word_1_22' title='bbox 2838 560 3105 625; x_wconf 73' lang='lat' dir='ltr'><strong>qnzestum</strong></span> <span class='ocrx_word' id='word_1_23' title='bbox 3152 549 3359 617; x_wconf 83' lang='lat' dir='ltr'><strong>fecerit,</strong></span> <span class='ocrx_word' id='word_1_24' title='bbox 3407 562 3477 602; x_wconf 87' lang='lat' dir='ltr'><strong>an</strong></span> <span class='ocrx_word' id='word_1_25' title='bbox 3531 545 3681 599; x_wconf 81' lang='lat' dir='ltr'><strong>dam—</strong></span> 
     </span>
    </p>
   </div>
   <div class='ocr_carea' id='block_1_6' title="bbox 414 641 1995 721">
    <p class='ocr_par' dir='ltr' id='par_1_6' title="bbox 414 641 1995 721">
     <span class='ocr_line' id='line_1_6' title="bbox 414 641 1995 721; baseline -0.003 -20"><span class='ocrx_word' id='word_1_26' title='bbox 414 652 461 702; x_wconf 79' lang='grc' dir='ltr'><strong>εί</strong></span> <span class='ocrx_word' id='word_1_27' title='bbox 493 647 734 721; x_wconf 68' lang='grc' dir='ltr'><strong>ἡττήθη·</strong></span> <span class='ocrx_word' id='word_1_28' title='bbox 772 649 823 702; x_wconf 81' lang='grc' dir='ltr'><strong>εί</strong></span> <span class='ocrx_word' id='word_1_29' title='bbox 849 646 993 702; x_wconf 83' lang='grc' dir='ltr'>κατὰ</span> <span class='ocrx_word' id='word_1_30' title='bbox 1019 645 1306 717; x_wconf 77' lang='grc' dir='ltr'>ἄνθρωπον</span> <span class='ocrx_word' id='word_1_31' title='bbox 1335 644 1593 716; x_wconf 78' lang='grc' dir='ltr'>ἔπραξεν,</span> <span class='ocrx_word' id='word_1_32' title='bbox 1616 645 1667 698; x_wconf 86' lang='grc' dir='ltr'><strong>εί</strong></span> <span class='ocrx_word' id='word_1_33' title='bbox 1700 641 1844 697; x_wconf 78' lang='grc' dir='ltr'>κατὰ</span> <span class='ocrx_word' id='word_1_34' title='bbox 1862 642 1995 696; x_wconf 83' lang='grc' dir='ltr'><strong>Θεὸν</strong></span> 
     </span>
    </p>
   </div>
   <div class='ocr_carea' id='block_1_7' title="bbox 410 734 1999 809">
    <p class='ocr_par' dir='ltr' id='par_1_7' title="bbox 410 734 1999 809">
     <span class='ocr_line' id='line_1_7' title="bbox 410 734 1999 809; baseline -0.003 -17"><span class='ocrx_word' id='word_1_35' title='bbox 410 737 753 807; x_wconf 77' lang='grc' dir='ltr'>ηγωνίσατο·</span> <span class='ocrx_word' id='word_1_36' title='bbox 809 737 871 791; x_wconf 85' lang='grc' dir='ltr'><strong>τὸ</strong></span> <span class='ocrx_word' id='word_1_37' title='bbox 926 738 1027 809; x_wconf 83' lang='grc' dir='ltr'>μὲν</span> <span class='ocrx_word' id='word_1_38' title='bbox 1083 737 1193 809; x_wconf 75' lang='grc' dir='ltr'><strong>γὰρ</strong></span> <span class='ocrx_word' id='word_1_39' title='bbox 1273 735 1524 807; x_wconf 81' lang='grc' dir='ltr'>φιλοθέου</span> <span class='ocrx_word' id='word_1_40' title='bbox 1550 751 1566 767; x_wconf 73' lang='grc' dir='ltr'><strong><em>ο</em></strong></span> <span class='ocrx_word' id='word_1_41' title='bbox 1622 734 1686 789; x_wconf 81' lang='grc' dir='ltr'><strong>τὸ</strong></span> <span class='ocrx_word' id='word_1_42' title='bbox 1726 734 1784 788; x_wconf 84' lang='grc' dir='ltr'>δὲ</span> <span class='ocrx_word' id='word_1_43' title='bbox 1849 734 1999 805; x_wconf 89' lang='grc' dir='ltr'>φιλο-</span> 
     </span>
    </p>
   </div>
   <div class='ocr_carea' id='block_1_8' title="bbox 410 827 1996 901">
    <p class='ocr_par' dir='ltr' id='par_1_8' title="bbox 410 827 1996 901">
     <span class='ocr_line' id='line_1_8' title="bbox 410 827 1996 901; baseline -0.003 -16"><span class='ocrx_word' id='word_1_44' title='bbox 410 831 571 899; x_wconf 84' lang='grc' dir='ltr'>δόξου</span> <span class='ocrx_word' id='word_1_45' title='bbox 596 847 611 863; x_wconf 81' lang='grc' dir='ltr'><strong>ο</strong></span> <span class='ocrx_word' id='word_1_46' title='bbox 636 831 735 887; x_wconf 80' lang='grc' dir='ltr'>καὶ</span> <span class='ocrx_word' id='word_1_47' title='bbox 768 831 832 884; x_wconf 81' lang='grc' dir='ltr'><strong>τὸ</strong></span> <span class='ocrx_word' id='word_1_48' title='bbox 865 831 964 900; x_wconf 84' lang='grc' dir='ltr'><strong>μὲν</strong></span> <span class='ocrx_word' id='word_1_49' title='bbox 994 829 1285 901; x_wconf 69' lang='grc' dir='ltr'>κέρδος,τὸ</span> <span class='ocrx_word' id='word_1_50' title='bbox 1310 829 1367 882; x_wconf 75' lang='grc' dir='ltr'>δὲ</span> <span class='ocrx_word' id='word_1_51' title='bbox 1395 827 1604 901; x_wconf 78' lang='grc' dir='ltr'><strong>ζημίαν</strong></span> <span class='ocrx_word' id='word_1_52' title='bbox 1633 828 1710 899; x_wconf 86' lang='grc' dir='ltr'><strong>(α)</strong></span> <span class='ocrx_word' id='word_1_53' title='bbox 1741 866 1757 884; x_wconf 92' lang='grc'><strong>.</strong></span> <span class='ocrx_word' id='word_1_54' title='bbox 1789 869 1802 881; x_wconf 95' lang='grc'><strong><em>.</em></strong></span> <span class='ocrx_word' id='word_1_55' title='bbox 1837 867 1850 881; x_wconf 94' lang='grc'><em>.</em></span> <span class='ocrx_word' id='word_1_56' title='bbox 1879 866 1894 881; x_wconf 92' lang='grc'><strong>.</strong></span> <span class='ocrx_word' id='word_1_57' title='bbox 1924 865 1940 881; x_wconf 85' lang='grc'><strong>.</strong></span> <span class='ocrx_word' id='word_1_58' title='bbox 1983 865 1996 880; x_wconf 94' lang='grc'><strong><em>.</em></strong></span> 
     </span>
    </p>
   </div>
   <div class='ocr_carea' id='block_1_9' title="bbox 1016 1094 1385 1163">
    <p class='ocr_par' dir='ltr' id='par_1_9' title="bbox 1016 1094 1385 1163">
     <span class='ocr_line' id='line_1_9' title="bbox 1016 1094 1385 1163; baseline 0 -16"><span class='ocrx_word' id='word_1_59' title='bbox 1016 1097 1064 1147; x_wconf 87' lang='grc' dir='ltr'><strong><em>Σ</em></strong></span> <span class='ocrx_word' id='word_1_60' title='bbox 1066 1094 1277 1163; x_wconf 72' lang='grc' dir='ltr'><em>χόλων</em></span> <span class='ocrx_word' id='word_1_61' title='bbox 1326 1100 1385 1147; x_wconf 79' lang='grc' dir='ltr'><strong>ι’.</strong></span> 
     </span>
    </p>
   </div>
   <div class='ocr_carea' id='block_1_10' title="bbox 506 1185 2002 1259">
    <p class='ocr_par' dir='ltr' id='par_1_10' title="bbox 506 1185 2002 1259">
     <span class='ocr_line' id='line_1_10' title="bbox 506 1185 2002 1259; baseline -0.001 -18"><span class='ocrx_word' id='word_1_62' title='bbox 506 1186 567 1241; x_wconf 82' lang='lat'><strong>&#39;0</strong></span> <span class='ocrx_word' id='word_1_63' title='bbox 610 1185 753 1239; x_wconf 80' lang='grc' dir='ltr'>κατὰ</span> <span class='ocrx_word' id='word_1_64' title='bbox 783 1185 874 1239; x_wconf 77' lang='grc' dir='ltr'>τὸν</span> <span class='ocrx_word' id='word_1_65' title='bbox 914 1185 1078 1240; x_wconf 81' lang='grc' dir='ltr'>Δαυτδ</span> <span class='ocrx_word' id='word_1_66' title='bbox 1124 1186 1218 1241; x_wconf 84' lang='grc' dir='ltr'>τὸν</span> <span class='ocrx_word' id='word_1_67' title='bbox 1265 1185 1432 1257; x_wconf 84' lang='grc' dir='ltr'>νόμον</span> <span class='ocrx_word' id='word_1_68' title='bbox 1457 1186 1554 1241; x_wconf 79' lang='grc' dir='ltr'><strong>τοῦ</strong></span> <span class='ocrx_word' id='word_1_69' title='bbox 1620 1187 1830 1259; x_wconf 83' lang='grc' dir='ltr'>Κυρίου</span> <span class='ocrx_word' id='word_1_70' title='bbox 1873 1188 2002 1257; x_wconf 79' lang='grc' dir='ltr'>ὃλην</span> 
     </span>
    </p>
   </div>
   <div class='ocr_carea' id='block_1_11' title="bbox 409 1277 2004 1351">
    <p class='ocr_par' dir='ltr' id='par_1_11' title="bbox 409 1277 2004 1351">
     <span class='ocr_line' id='line_1_11' title="bbox 409 1277 2004 1351; baseline 0.003 -20"><span class='ocrx_word' id='word_1_71' title='bbox 409 1278 517 1351; x_wconf 79' lang='grc' dir='ltr'><strong>τὴν</strong></span> <span class='ocrx_word' id='word_1_72' title='bbox 543 1277 757 1350; x_wconf 80' lang='grc' dir='ltr'><strong>ἡμέραν</strong></span> <span class='ocrx_word' id='word_1_73' title='bbox 785 1277 1016 1348; x_wconf 81' lang='grc' dir='ltr'><strong>μελέτην</strong></span> <span class='ocrx_word' id='word_1_74' title='bbox 1066 1277 1410 1349; x_wconf 83' lang='grc' dir='ltr'>ποιούμενος,</span> <span class='ocrx_word' id='word_1_75' title='bbox 1443 1279 1538 1334; x_wconf 75' lang='grc' dir='ltr'>καὶ</span> <span class='ocrx_word' id='word_1_76' title='bbox 1576 1280 1635 1333; x_wconf 77' lang='grc' dir='ltr'>ἐν</span> <span class='ocrx_word' id='word_1_77' title='bbox 1676 1279 1755 1350; x_wconf 81' lang='grc' dir='ltr'>τῷ</span> <span class='ocrx_word' id='word_1_78' title='bbox 1788 1281 2004 1335; x_wconf 82' lang='grc' dir='ltr'>ὑπνώτ-</span> 
     </span>
    </p>
   </div>
   <div class='ocr_carea' id='block_1_12' title="bbox 440 1369 2004 1443">
    <p class='ocr_par' dir='ltr' id='par_1_12' title="bbox 440 1369 2004 1443">
     <span class='ocr_line' id='line_1_12' title="bbox 440 1369 2004 1443; baseline 0.004 -23"><span class='ocrx_word' id='word_1_79' title='bbox 440 1386 541 1425; x_wconf 80' lang='grc' dir='ltr'>,ειν</span> <span class='ocrx_word' id='word_1_80' title='bbox 588 1369 748 1425; x_wconf 84' lang='grc' dir='ltr'>τοῦτο</span> <span class='ocrx_word' id='word_1_81' title='bbox 799 1369 885 1423; x_wconf 76' lang='grc' dir='ltr'><strong>διὰ</strong></span> <span class='ocrx_word' id='word_1_82' title='bbox 945 1369 1045 1441; x_wconf 80' lang='grc' dir='ltr'><strong>τῆς</strong></span> <span class='ocrx_word' id='word_1_83' title='bbox 1097 1370 1401 1439; x_wconf 78' lang='grc' dir='ltr'>φαντασίας</span> <span class='ocrx_word' id='word_1_84' title='bbox 1456 1371 1770 1443; x_wconf 78' lang='grc' dir='ltr'>ὲμμελετᾷ·</span> <span class='ocrx_word' id='word_1_85' title='bbox 1796 1372 1873 1437; x_wconf 87' lang='grc' dir='ltr'>ὡς</span> <span class='ocrx_word' id='word_1_86' title='bbox 1909 1373 2004 1427; x_wconf 74' lang='grc' dir='ltr'>καὶ</span> 
     </span>
    </p>
   </div>
   <div class='ocr_carea' id='block_1_13' title="bbox 413 1460 2004 1534">
    <p class='ocr_par' dir='ltr' id='par_1_13' title="bbox 413 1460 2004 1534">
     <span class='ocr_line' id='line_1_13' title="bbox 413 1460 2004 1534; baseline 0.004 -20"><span class='ocrx_word' id='word_1_87' title='bbox 413 1462 512 1516; x_wconf 71' lang='grc' dir='ltr'><strong>ἰπ⁹</strong></span> <span class='ocrx_word' id='word_1_88' title='bbox 576 1461 729 1534; x_wconf 85' lang='grc' dir='ltr'>αὐτῷ</span> <span class='ocrx_word' id='word_1_89' title='bbox 784 1460 1124 1534; x_wconf 81' lang='grc' dir='ltr'>πληροῦσθαι</span> <span class='ocrx_word' id='word_1_90' title='bbox 1182 1462 1244 1519; x_wconf 84' lang='grc' dir='ltr'><strong>τὸ</strong></span> <span class='ocrx_word' id='word_1_91' title='bbox 1294 1463 1522 1533; x_wconf 61' lang='grc' dir='ltr'>φάσκονκ</span> <span class='ocrx_word' id='word_1_92' title='bbox 1538 1464 1754 1534; x_wconf 77' lang='grc' dir='ltr'>λόγιονο</span> <span class='ocrx_word' id='word_1_93' title='bbox 1817 1468 1912 1520; x_wconf 73' lang='grc' dir='ltr'>καὶ</span> <span class='ocrx_word' id='word_1_94' title='bbox 1944 1468 2004 1520; x_wconf 78' lang='grc' dir='ltr'>ἐν</span> 
     </span>
    </p>
   </div>
   <div class='ocr_carea' id='block_1_14' title="bbox 414 1554 2002 1630">
    <p class='ocr_par' dir='ltr' id='par_1_14' title="bbox 414 1554 2002 1630">
     <span class='ocr_line' id='line_1_14' title="bbox 414 1554 2002 1630; baseline 0.003 -23"><span class='ocrx_word' id='word_1_95' title='bbox 414 1554 502 1625; x_wconf 85' lang='grc' dir='ltr'>τῷ</span> <span class='ocrx_word' id='word_1_96' title='bbox 553 1554 706 1627; x_wconf 81' lang='grc' dir='ltr'>νόμῳ</span> <span class='ocrx_word' id='word_1_97' title='bbox 746 1554 955 1626; x_wconf 77' lang='grc' dir='ltr'><strong>Κυρίου</strong></span> <span class='ocrx_word' id='word_1_98' title='bbox 1019 1555 1308 1627; x_wconf 78' lang='grc' dir='ltr'><strong>μελετήσει</strong></span> <span class='ocrx_word' id='word_1_99' title='bbox 1357 1557 1577 1630; x_wconf 82' lang='grc' dir='ltr'>ἡμέρας</span> <span class='ocrx_word' id='word_1_100' title='bbox 1623 1558 1719 1611; x_wconf 79' lang='grc' dir='ltr'><strong>καὶ</strong></span> <span class='ocrx_word' id='word_1_101' title='bbox 1776 1558 2002 1623; x_wconf 76' lang='grc' dir='ltr'>νυκτόςο</span> 
     </span>
    </p>
   </div>
   <div class='ocr_carea' id='block_1_15' title="bbox 418 1646 2002 1719">
    <p class='ocr_par' dir='ltr' id='par_1_15' title="bbox 418 1646 2002 1719">
     <span class='ocr_line' id='line_1_15' title="bbox 418 1646 2002 1719; baseline 0.001 -17"><span class='ocrx_word' id='word_1_102' title='bbox 418 1646 2002 1719; x_wconf 69' lang='grc' dir='ltr'><strong>καὶτδ,Ἐτὼ(ὺ)..................</strong></span> 
     </span>
    </p>
   </div>
   <div class='ocr_carea' id='block_1_16' title="bbox 904 1887 1416 1941">
    <p class='ocr_par' dir='ltr' id='par_1_16' title="bbox 904 1887 1416 1941">
     <span class='ocr_line' id='line_1_16' title="bbox 904 1887 1416 1941; baseline -0.002 0"><span class='ocrx_word' id='word_1_103' title='bbox 904 1916 907 1919; x_wconf 57' lang='grc' dir='ltr'><strong>λ</strong></span> <span class='ocrx_word' id='word_1_104' title='bbox 1007 1887 1229 1941; x_wconf 80' lang='grc' dir='ltr'><strong>ΛΟΓΟΣ</strong></span> <span class='ocrx_word' id='word_1_105' title='bbox 1287 1887 1416 1940; x_wconf 79' lang='grc' dir='ltr'><strong>ΚΑ’;</strong></span> 
     </span>
    </p>
   </div>
   <div class='ocr_carea' id='block_1_17' title="bbox 784 1998 1658 2070">
    <p class='ocr_par' dir='ltr' id='par_1_17' title="bbox 784 1998 1658 2070">
     <span class='ocr_line' id='line_1_17' title="bbox 784 1998 1658 2070; baseline 0.003 -17"><span class='ocrx_word' id='word_1_106' title='bbox 784 1998 925 2069; x_wconf 73' lang='grc' dir='ltr'>Περὶ</span> <span class='ocrx_word' id='word_1_107' title='bbox 942 1999 1055 2068; x_wconf 85' lang='grc' dir='ltr'>τῆς</span> <span class='ocrx_word' id='word_1_108' title='bbox 1080 1999 1387 2070; x_wconf 59' lang='grc' dir='ltr'>ἀνάνδρου</span> <span class='ocrx_word' id='word_1_109' title='bbox 1409 2000 1658 2067; x_wconf 77' lang='grc' dir='ltr'><strong>δειλίας.</strong></span> 
     </span>
    </p>
   </div>
   <div class='ocr_carea' id='block_1_18' title="bbox 506 2092 2008 2167">
    <p class='ocr_par' dir='ltr' id='par_1_18' title="bbox 506 2092 2008 2167">
     <span class='ocr_line' id='line_1_18' title="bbox 506 2092 2008 2167; baseline 0.002 -21"><span class='ocrx_word' id='word_1_110' title='bbox 506 2092 574 2146; x_wconf 76' lang='lat' dir='ltr'><strong>Ei</strong></span> <span class='ocrx_word' id='word_1_111' title='bbox 622 2092 715 2164; x_wconf 70' lang='grc' dir='ltr'>μὲν</span> <span class='ocrx_word' id='word_1_112' title='bbox 742 2093 803 2146; x_wconf 79' lang='grc' dir='ltr'>ἐν</span> <span class='ocrx_word' id='word_1_113' title='bbox 855 2092 1207 2163; x_wconf 80' lang='grc' dir='ltr'>κοινοϐίοιςῆ</span> <span class='ocrx_word' id='word_1_114' title='bbox 1264 2096 1321 2148; x_wconf 84' lang='grc' dir='ltr'>ὲν</span> <span class='ocrx_word' id='word_1_115' title='bbox 1358 2095 1627 2159; x_wconf 75' lang='grc' dir='ltr'>αυνοδίαις</span> <span class='ocrx_word' id='word_1_116' title='bbox 1675 2094 1774 2164; x_wconf 83' lang='grc' dir='ltr'><strong>τὴν</strong></span> <span class='ocrx_word' id='word_1_117' title='bbox 1809 2093 2008 2167; x_wconf 83' lang='grc' dir='ltr'>ἀρετὴν</span> 
     </span>
    </p>
   </div>
   <div class='ocr_carea' id='block_1_19' title="bbox 444 2182 2007 2256">
    <p class='ocr_par' dir='ltr' id='par_1_19' title="bbox 444 2182 2007 2256">
     <span class='ocr_line' id='line_1_19' title="bbox 444 2182 2007 2256; baseline 0.003 -21"><span class='ocrx_word' id='word_1_118' title='bbox 444 2182 695 2256; x_wconf 76' lang='grc' dir='ltr'><strong>μετέρχῃ,</strong></span> <span class='ocrx_word' id='word_1_119' title='bbox 720 2183 780 2235; x_wconf 78' lang='grc' dir='ltr'>οὐ</span> <span class='ocrx_word' id='word_1_120' title='bbox 811 2183 954 2237; x_wconf 89' lang='grc' dir='ltr'>πάνυ</span> <span class='ocrx_word' id='word_1_121' title='bbox 977 2184 1083 2237; x_wconf 83' lang='grc' dir='ltr'><strong>ὑπὸ</strong></span> <span class='ocrx_word' id='word_1_122' title='bbox 1110 2183 1311 2248; x_wconf 81' lang='grc' dir='ltr'><strong>δειλίας</strong></span> <span class='ocrx_word' id='word_1_123' title='bbox 1333 2184 1685 2256; x_wconf 84' lang='grc' dir='ltr'>πολεμεῖσθαι</span> <span class='ocrx_word' id='word_1_124' title='bbox 1736 2184 2007 2255; x_wconf 77' lang='grc' dir='ltr'>πέφυκας.</span> 
     </span>
    </p>
   </div>
   <div class='ocr_carea' id='block_1_20' title="bbox 438 2274 2010 2351">
    <p class='ocr_par' dir='ltr' id='par_1_20' title="bbox 438 2274 2010 2351">
     <span class='ocr_line' id='line_1_20' title="bbox 438 2274 2010 2351; baseline 0.001 -21"><span class='ocrx_word' id='word_1_125' title='bbox 438 2275 507 2330; x_wconf 77' lang='lat' dir='ltr'><strong>Ei</strong></span> <span class='ocrx_word' id='word_1_126' title='bbox 533 2274 593 2329; x_wconf 74' lang='grc' dir='ltr'>δὲ</span> <span class='ocrx_word' id='word_1_127' title='bbox 627 2276 683 2330; x_wconf 79' lang='grc' dir='ltr'>ἑν</span> <span class='ocrx_word' id='word_1_128' title='bbox 705 2275 1244 2347; x_wconf 78' lang='grc' dir='ltr'>ήσυχαστικωτέροις</span> <span class='ocrx_word' id='word_1_129' title='bbox 1271 2277 1457 2341; x_wconf 80' lang='grc' dir='ltr'>τόποις</span> <span class='ocrx_word' id='word_1_130' title='bbox 1488 2276 1752 2351; x_wconf 80' lang='grc' dir='ltr'><strong>ἀγωνίζῃ,</strong></span> <span class='ocrx_word' id='word_1_131' title='bbox 1806 2279 1881 2350; x_wconf 85' lang='grc' dir='ltr'><strong>μή</strong></span> <span class='ocrx_word' id='word_1_132' title='bbox 1917 2295 2010 2333; x_wconf 88' lang='grc' dir='ltr'><strong>σου</strong></span> 
     </span>
    </p>
   </div>
   <div class='ocr_carea' id='block_1_21' title="bbox 428 2365 2012 2441">
    <p class='ocr_par' dir='ltr' id='par_1_21' title="bbox 428 2365 2012 2441">
     <span class='ocr_line' id='line_1_21' title="bbox 428 2365 2012 2441; baseline 0.004 -22"><span class='ocrx_word' id='word_1_133' title='bbox 428 2365 698 2439; x_wconf 74' lang='grc' dir='ltr'><strong>κυριεύσῃ</strong></span> <span class='ocrx_word' id='word_1_134' title='bbox 723 2367 786 2421; x_wconf 74' lang='grc' dir='ltr'><strong>τό</strong></span> <span class='ocrx_word' id='word_1_135' title='bbox 819 2366 921 2438; x_wconf 85' lang='grc' dir='ltr'><strong>τῆς</strong></span> <span class='ocrx_word' id='word_1_136' title='bbox 962 2366 1269 2433; x_wconf 83' lang='grc' dir='ltr'>κενοδοξίας</span> <span class='ocrx_word' id='word_1_137' title='bbox 1296 2368 1564 2441; x_wconf 79' lang='grc' dir='ltr'><strong>γέννημα,</strong></span> <span class='ocrx_word' id='word_1_138' title='bbox 1610 2374 1705 2425; x_wconf 74' lang='grc' dir='ltr'>καὶ</span> <span class='ocrx_word' id='word_1_139' title='bbox 1753 2370 2012 2435; x_wconf 83' lang='grc' dir='ltr'>ἀπιστίας</span> 
     </span>
    </p>
   </div>
   <div class='ocr_carea' id='block_1_22' title="bbox 428 2457 2015 2537">
    <p class='ocr_par' dir='ltr' id='par_1_22' title="bbox 428 2457 2015 2537">
     <span class='ocr_line' id='line_1_22' title="bbox 428 2457 2015 2537; baseline 0.005 -27"><span class='ocrx_word' id='word_1_140' title='bbox 428 2458 717 2530; x_wconf 78' lang='grc' dir='ltr'><strong>θυγάτηρ·</strong></span> <span class='ocrx_word' id='word_1_141' title='bbox 743 2458 916 2513; x_wconf 86' lang='grc' dir='ltr'>δειλία</span> <span class='ocrx_word' id='word_1_142' title='bbox 950 2461 1069 2514; x_wconf 75' lang='grc' dir='ltr'>ἐστὶ</span> <span class='ocrx_word' id='word_1_143' title='bbox 1088 2460 1361 2532; x_wconf 84' lang='grc' dir='ltr'>νηπιῶδες</span> <span class='ocrx_word' id='word_1_144' title='bbox 1389 2457 1519 2533; x_wconf 79' lang='grc' dir='ltr'>ἦθος</span> <span class='ocrx_word' id='word_1_145' title='bbox 1550 2465 1608 2516; x_wconf 81' lang='grc' dir='ltr'>ὲν</span> <span class='ocrx_word' id='word_1_146' title='bbox 1650 2462 1898 2537; x_wconf 72' lang='grc' dir='ltr'>γηραλέα</span> <span class='ocrx_word' id='word_1_147' title='bbox 1922 2482 2015 2518; x_wconf 87' lang='grc' dir='ltr'>κε-</span> 
     </span>
    </p>
   </div>
   <div class='ocr_carea' id='block_1_23' title="bbox 426 2545 2014 2626">
    <p class='ocr_par' dir='ltr' id='par_1_23' title="bbox 426 2545 2014 2626">
     <span class='ocr_line' id='line_1_23' title="bbox 426 2545 2014 2626; baseline 0.006 -27"><span class='ocrx_word' id='word_1_148' title='bbox 426 2545 633 2619; x_wconf 79' lang='grc' dir='ltr'>νοδόξῳ</span> <span class='ocrx_word' id='word_1_149' title='bbox 652 2548 1030 2620; x_wconf 65' lang='grc' dir='ltr'>ψυχῇ-,δειλία</span> <span class='ocrx_word' id='word_1_150' title='bbox 1060 2551 1211 2604; x_wconf 72' lang='grc' dir='ltr'>ἐστὶν</span> <span class='ocrx_word' id='word_1_151' title='bbox 1253 2552 1496 2625; x_wconf 81' lang='grc' dir='ltr'>ὲκτροπὴ</span> <span class='ocrx_word' id='word_1_152' title='bbox 1528 2552 1766 2618; x_wconf 84' lang='grc' dir='ltr'>πίστεως</span> <span class='ocrx_word' id='word_1_153' title='bbox 1795 2553 1872 2626; x_wconf 80' lang='grc'><strong>(1)</strong></span> <span class='ocrx_word' id='word_1_154' title='bbox 1921 2555 2014 2608; x_wconf 76' lang='grc' dir='ltr'><strong>ἐπὶ</strong></span> 
     </span>
    </p>
   </div>
   <div class='ocr_carea' id='block_1_24' title="bbox 426 2638 2015 2715">
    <p class='ocr_par' dir='ltr' id='par_1_24' title="bbox 426 2638 2015 2715">
     <span class='ocr_line' id='line_1_24' title="bbox 426 2638 2015 2715; baseline 0.004 -25"><span class='ocrx_word' id='word_1_155' title='bbox 426 2638 738 2711; x_wconf 79' lang='grc' dir='ltr'>προσδοκίᾳ</span> <span class='ocrx_word' id='word_1_156' title='bbox 793 2639 1101 2710; x_wconf 78' lang='grc' dir='ltr'><strong>ἀδοκήτων⁸</strong></span> <span class='ocrx_word' id='word_1_157' title='bbox 1151 2640 1316 2709; x_wconf 82' lang='grc' dir='ltr'>φόϐος</span> <span class='ocrx_word' id='word_1_158' title='bbox 1368 2643 1486 2696; x_wconf 79' lang='grc' dir='ltr'>ἐστὶ</span> <span class='ocrx_word' id='word_1_159' title='bbox 1529 2644 2015 2715; x_wconf 84' lang='grc' dir='ltr'>προμελετώμενος</span> 
     </span>
    </p>
   </div>
   <div class='ocr_carea' id='block_1_25' title="bbox 429 2728 2017 2807">
    <p class='ocr_par' dir='ltr' id='par_1_25' title="bbox 429 2728 2017 2807">
     <span class='ocr_line' id='line_1_25' title="bbox 429 2728 2017 2807; baseline 0.004 -24"><span class='ocrx_word' id='word_1_160' title='bbox 429 2728 704 2793; x_wconf 83' lang='grc' dir='ltr'>κίνδυνος.</span> <span class='ocrx_word' id='word_1_161' title='bbox 749 2731 821 2784; x_wconf 85' lang='grc' dir='ltr'><strong>Ἦ</strong></span> <span class='ocrx_word' id='word_1_162' title='bbox 848 2730 1015 2785; x_wconf 89' lang='grc' dir='ltr'>πάλιν</span> <span class='ocrx_word' id='word_1_163' title='bbox 1034 2747 1050 2766; x_wconf 74' lang='grc'><strong>⁸</strong></span> <span class='ocrx_word' id='word_1_164' title='bbox 1081 2731 1247 2802; x_wconf 86' lang='grc' dir='ltr'>φόϐος</span> <span class='ocrx_word' id='word_1_165' title='bbox 1293 2733 1410 2788; x_wconf 73' lang='grc' dir='ltr'>ἐστὶ</span> <span class='ocrx_word' id='word_1_166' title='bbox 1439 2734 1741 2806; x_wconf 77' lang='grc' dir='ltr'>σύντρομος</span> <span class='ocrx_word' id='word_1_167' title='bbox 1766 2737 2017 2807; x_wconf 73' lang='grc' dir='ltr'>αἴσθησις</span> 
     </span>
    </p>
   </div>
   <div class='ocr_carea' id='block_1_26' title="bbox 429 2821 2018 2899">
    <p class='ocr_par' dir='ltr' id='par_1_26' title="bbox 429 2821 2018 2899">
     <span class='ocr_line' id='line_1_26' title="bbox 429 2821 2018 2899; baseline 0.004 -25"><span class='ocrx_word' id='word_1_168' title='bbox 429 2821 667 2896; x_wconf 75' lang='grc' dir='ltr'>καρδίας</span> <span class='ocrx_word' id='word_1_169' title='bbox 705 2822 834 2892; x_wconf 76' lang='grc' dir='ltr'>περὶ</span> <span class='ocrx_word' id='word_1_170' title='bbox 887 2822 1098 2894; x_wconf 84' lang='grc' dir='ltr'>ἀδήλων</span> <span class='ocrx_word' id='word_1_171' title='bbox 1154 2824 1450 2896; x_wconf 85' lang='grc' dir='ltr'>συμφορῶν</span> <span class='ocrx_word' id='word_1_172' title='bbox 1511 2825 1840 2899; x_wconf 86' lang='grc' dir='ltr'>κλονουμένη</span> <span class='ocrx_word' id='word_1_173' title='bbox 1864 2868 1879 2893; x_wconf 91' lang='grc'><strong>,</strong></span> <span class='ocrx_word' id='word_1_174' title='bbox 1922 2827 2018 2881; x_wconf 81' lang='grc' dir='ltr'>καὶ</span> 
     </span>
    </p>
   </div>
   <div class='ocr_carea' id='block_1_27' title="bbox 431 2915 2020 2992">
    <p class='ocr_par' dir='ltr' id='par_1_27' title="bbox 431 2915 2020 2992">
     <span class='ocr_line' id='line_1_27' title="bbox 431 2915 2020 2992; baseline 0.003 -22"><span class='ocrx_word' id='word_1_175' title='bbox 431 2915 821 2988; x_wconf 76' lang='grc' dir='ltr'>ὸσχάλλουσα·</span> <span class='ocrx_word' id='word_1_176' title='bbox 877 2917 1041 2988; x_wconf 89' lang='grc' dir='ltr'>φόϐος</span> <span class='ocrx_word' id='word_1_177' title='bbox 1090 2918 1209 2972; x_wconf 76' lang='grc' dir='ltr'>ἐστὶ</span> <span class='ocrx_word' id='word_1_178' title='bbox 1286 2918 1657 2992; x_wconf 79' lang='grc' dir='ltr'>πληροφορίας</span> <span class='ocrx_word' id='word_1_179' title='bbox 1738 2920 2020 2992; x_wconf 79' lang='grc' dir='ltr'>στέρησις.</span> 
     </span>
    </p>
   </div>
   <div class='ocr_carea' id='block_1_28' title="bbox 446 3007 2015 3084">
    <p class='ocr_par' dir='ltr' id='par_1_28' title="bbox 446 3007 2015 3084">
     <span class='ocr_line' id='line_1_28' title="bbox 446 3007 2015 3084; baseline 0.036 -24"><span class='ocrx_word' id='word_1_180' title='bbox 446 3008 834 3082; x_wconf 78' lang='grc' dir='ltr'>Ὑπερήφανος</span> <span class='ocrx_word' id='word_1_181' title='bbox 864 3009 1010 3082; x_wconf 60' lang='grc' dir='ltr'><strong>ψυχή</strong></span> <span class='ocrx_word' id='word_1_182' title='bbox 1066 3007 1143 3083; x_wconf 68' lang='grc' dir='ltr'><strong>(Ξ)</strong></span> <span class='ocrx_word' id='word_1_183' title='bbox 1178 3012 1293 3065; x_wconf 63' lang='grc' dir='ltr'><strong>ἔστι</strong></span> <span class='ocrx_word' id='word_1_184' title='bbox 1320 3011 1522 3075; x_wconf 71' lang='grc' dir='ltr'>δειλίας</span> <span class='ocrx_word' id='word_1_185' title='bbox 1544 3011 1705 3082; x_wconf 62' lang='grc' dir='ltr'><strong>δούλη</strong></span> <span class='ocrx_word' id='word_1_186' title='bbox 1736 3012 1820 3081; x_wconf 57' lang='grc' dir='ltr'><strong>ἐφ’</strong></span> <span class='ocrx_word' id='word_1_187' title='bbox 1850 3014 2015 3084; x_wconf 60' lang='grc' dir='ltr'>ἑαυτῇ</span> 
     </span>
    </p>
   </div>
   <div class='ocr_carea' id='block_1_29' title="bbox 437 3099 2020 3174">
    <p class='ocr_par' dir='ltr' id='par_1_29' title="bbox 437 3099 2020 3174">
     <span class='ocr_line' id='line_1_29' title="bbox 437 3099 2020 3174; baseline 0.004 -21"><span class='ocrx_word' id='word_1_188' title='bbox 437 3099 757 3167; x_wconf 78' lang='grc' dir='ltr'>πεποιθυῖα,</span> <span class='ocrx_word' id='word_1_189' title='bbox 798 3101 895 3156; x_wconf 79' lang='grc' dir='ltr'>καὶ</span> <span class='ocrx_word' id='word_1_190' title='bbox 927 3100 1168 3167; x_wconf 84' lang='grc' dir='ltr'>κτύπους</span> <span class='ocrx_word' id='word_1_191' title='bbox 1225 3104 1539 3174; x_wconf 86' lang='grc' dir='ltr'><strong>κτισμάτων</strong></span> <span class='ocrx_word' id='word_1_192' title='bbox 1588 3104 1683 3157; x_wconf 75' lang='grc' dir='ltr'>καὶ</span> <span class='ocrx_word' id='word_1_193' title='bbox 1740 3104 1899 3169; x_wconf 73' lang='grc' dir='ltr'>σκιὰς</span> <span class='ocrx_word' id='word_1_194' title='bbox 1935 3105 2020 3158; x_wconf 82' lang='grc' dir='ltr'>δε·</span> 
     </span>
    </p>
   </div>
   <div class='ocr_carea' id='block_1_30' title="bbox 435 3192 2018 3269">
    <p class='ocr_par' dir='ltr' id='par_1_30' title="bbox 435 3192 2018 3269">
     <span class='ocr_line' id='line_1_30' title="bbox 435 3192 2018 3269; baseline 0.004 -23"><span class='ocrx_word' id='word_1_195' title='bbox 435 3192 634 3248; x_wconf 83' lang='grc' dir='ltr'>διῶσα.</span> <span class='ocrx_word' id='word_1_196' title='bbox 712 3193 778 3248; x_wconf 81' lang='lat' dir='ltr'><strong>0i</strong></span> <span class='ocrx_word' id='word_1_197' title='bbox 823 3193 924 3265; x_wconf 83' lang='grc' dir='ltr'><strong>μὲν</strong></span> <span class='ocrx_word' id='word_1_198' title='bbox 980 3193 1304 3260; x_wconf 77' lang='grc' dir='ltr'>πενθοῦντες</span> <span class='ocrx_word' id='word_1_199' title='bbox 1342 3196 1438 3249; x_wconf 75' lang='grc' dir='ltr'>καὶ</span> <span class='ocrx_word' id='word_1_200' title='bbox 1492 3194 1871 3267; x_wconf 83' lang='grc' dir='ltr'>ἀπηλγηκότες</span> <span class='ocrx_word' id='word_1_201' title='bbox 1917 3195 2018 3269; x_wconf 80' lang='grc'>(5),</span> 
     </span>
    </p>
   </div>
   <div class='ocr_carea' id='block_1_31' title="bbox 434 3282 2021 3356">
    <p class='ocr_par' dir='ltr' id='par_1_31' title="bbox 434 3282 2021 3356">
     <span class='ocr_line' id='line_1_31' title="bbox 434 3282 2021 3356; baseline 0.001 -16"><span class='ocrx_word' id='word_1_202' title='bbox 434 3282 643 3340; x_wconf 78' lang='grc' dir='ltr'>δειλίαν</span> <span class='ocrx_word' id='word_1_203' title='bbox 670 3282 732 3338; x_wconf 89' lang='grc' dir='ltr'><strong>ού</strong></span> <span class='ocrx_word' id='word_1_204' title='bbox 757 3284 1046 3356; x_wconf 82' lang='grc' dir='ltr'>κέκτηνται</span> <span class='ocrx_word' id='word_1_205' title='bbox 1066 3301 1082 3318; x_wconf 77' lang='grc' dir='ltr'><strong>ο</strong></span> <span class='ocrx_word' id='word_1_206' title='bbox 1114 3284 1370 3349; x_wconf 65' lang='grc' dir='ltr'>ἔκστασιν</span> <span class='ocrx_word' id='word_1_207' title='bbox 1398 3285 1456 3339; x_wconf 84' lang='grc' dir='ltr'>δὲ</span> <span class='ocrx_word' id='word_1_208' title='bbox 1484 3285 1740 3349; x_wconf 83' lang='grc' dir='ltr'>πολλάκις</span> <span class='ocrx_word' id='word_1_209' title='bbox 1761 3285 2021 3341; x_wconf 80' lang='grc' dir='ltr'>δειλαινό-</span> 
     </span>
    </p>
   </div>
   <div class='ocr_carea' id='block_1_32' title="bbox 2094 637 3688 716">
    <p class='ocr_par' dir='ltr' id='par_1_32' title="bbox 2094 637 3688 716">
     <span class='ocr_line' id='line_1_32' title="bbox 2094 637 3688 716; baseline -0.005 -18"><span class='ocrx_word' id='word_1_210' title='bbox 2094 659 2225 698; x_wconf 89' lang='lat' dir='ltr'><strong>num</strong></span> <span class='ocrx_word' id='word_1_211' title='bbox 2262 646 2556 716; x_wconf 87' lang='lat' dir='ltr'><strong>acceperit,</strong></span> <span class='ocrx_word' id='word_1_212' title='bbox 2582 662 2649 701; x_wconf 90' lang='lat' dir='ltr'><strong>an</strong></span> <span class='ocrx_word' id='word_1_213' title='bbox 2684 647 2862 702; x_wconf 86' lang='lat' dir='ltr'><strong>victus</strong></span> <span class='ocrx_word' id='word_1_214' title='bbox 2903 647 2992 714; x_wconf 93' lang='lat' dir='ltr'><strong>sit,</strong></span> <span class='ocrx_word' id='word_1_215' title='bbox 3033 660 3100 699; x_wconf 88' lang='lat' dir='ltr'><strong>an</strong></span> <span class='ocrx_word' id='word_1_216' title='bbox 3130 642 3274 715; x_wconf 83' lang='lat' dir='ltr'><strong>quod</strong></span> <span class='ocrx_word' id='word_1_217' title='bbox 3312 639 3442 696; x_wconf 87' lang='lat' dir='ltr'><strong>fecit</strong></span> <span class='ocrx_word' id='word_1_218' title='bbox 3481 637 3549 693; x_wconf 84' lang='lat' dir='ltr'><strong>ad</strong></span> <span class='ocrx_word' id='word_1_219' title='bbox 3595 652 3688 691; x_wconf 83' lang='lat' dir='ltr'><strong>ca-</strong></span> 
     </span>
    </p>
   </div>
   <div class='ocr_carea' id='block_1_33' title="bbox 2094 728 3686 806">
    <p class='ocr_par' dir='ltr' id='par_1_33' title="bbox 2094 728 3686 806">
     <span class='ocr_line' id='line_1_33' title="bbox 2094 728 3686 806; baseline -0.007 -15"><span class='ocrx_word' id='word_1_220' title='bbox 2094 736 2352 806; x_wconf 87' lang='lat' dir='ltr'><strong>ptandam</strong></span> <span class='ocrx_word' id='word_1_221' title='bbox 2398 738 2695 793; x_wconf 80' lang='lat' dir='ltr'><strong>humanam</strong></span> <span class='ocrx_word' id='word_1_222' title='bbox 2736 739 2950 794; x_wconf 89' lang='lat' dir='ltr'><strong>laudem</strong></span> <span class='ocrx_word' id='word_1_223' title='bbox 2999 737 3264 802; x_wconf 86' lang='lat' dir='ltr'><strong>retulerit;</strong></span> <span class='ocrx_word' id='word_1_224' title='bbox 3292 750 3359 788; x_wconf 89' lang='lat' dir='ltr'><strong>an</strong></span> <span class='ocrx_word' id='word_1_225' title='bbox 3384 746 3483 803; x_wconf 77' lang='lat' dir='ltr'><strong>pro</strong></span> <span class='ocrx_word' id='word_1_226' title='bbox 3516 728 3686 802; x_wconf 78' lang='lat' dir='ltr'><strong>gloria</strong></span> 
     </span>
    </p>
   </div>
   <div class='ocr_carea' id='block_1_34' title="bbox 2096 825 3690 888">
    <p class='ocr_par' dir='ltr' id='par_1_34' title="bbox 2096 825 3690 888">
     <span class='ocr_line' id='line_1_34' title="bbox 2096 825 3690 888; baseline -0.005 -6"><span class='ocrx_word' id='word_1_227' title='bbox 2096 827 2190 883; x_wconf 90' lang='lat' dir='ltr'><strong>Dei</strong></span> <span class='ocrx_word' id='word_1_228' title='bbox 2226 830 2534 885; x_wconf 86' lang='lat' dir='ltr'><strong>decertarit.</strong></span> <span class='ocrx_word' id='word_1_229' title='bbox 2579 831 2694 886; x_wconf 85' lang='lat' dir='ltr'><strong>lloc</strong></span> <span class='ocrx_word' id='word_1_230' title='bbox 2723 832 2874 888; x_wconf 87' lang='lat' dir='ltr'><strong>enim</strong></span> <span class='ocrx_word' id='word_1_231' title='bbox 2916 841 3008 887; x_wconf 79' lang='lat' dir='ltr'><strong>est.</strong></span> <span class='ocrx_word' id='word_1_232' title='bbox 3056 828 3295 885; x_wconf 82' lang='lat' dir='ltr'><strong>hominis</strong></span> <span class='ocrx_word' id='word_1_233' title='bbox 3336 825 3506 880; x_wconf 87' lang='lat' dir='ltr'><strong>Deum</strong></span> <span class='ocrx_word' id='word_1_234' title='bbox 3564 835 3690 876; x_wconf 91' lang='lat' dir='ltr'><strong>vere</strong></span> 
     </span>
    </p>
   </div>
   <div class='ocr_carea' id='block_1_35' title="bbox 2100 914 3692 991">
    <p class='ocr_par' dir='ltr' id='par_1_35' title="bbox 2100 914 3692 991">
     <span class='ocr_line' id='line_1_35' title="bbox 2100 914 3692 991; baseline -0.006 -16"><span class='ocrx_word' id='word_1_235' title='bbox 2100 922 2518 989; x_wconf 89' lang='lat' dir='ltr'><strong>amantis;illud</strong></span> <span class='ocrx_word' id='word_1_236' title='bbox 2552 923 2826 978; x_wconf 80' lang='lat' dir='ltr'><strong>ambitiosi</strong></span> <span class='ocrx_word' id='word_1_237' title='bbox 2857 932 2913 978; x_wconf 89' lang='lat' dir='ltr'><strong>et</strong></span> <span class='ocrx_word' id='word_1_238' title='bbox 2961 936 3110 977; x_wconf 84' lang='lat' dir='ltr'><strong>vanae</strong></span> <span class='ocrx_word' id='word_1_239' title='bbox 3131 920 3319 991; x_wconf 69' lang='lat' dir='ltr'><strong>gloria)</strong></span> <span class='ocrx_word' id='word_1_240' title='bbox 3336 914 3589 973; x_wconf 83' lang='lat' dir='ltr'><strong>studiosi.</strong></span> <span class='ocrx_word' id='word_1_241' title='bbox 3624 914 3692 968; x_wconf 82' lang='lat' dir='ltr'><strong>Et</strong></span> 
     </span>
    </p>
   </div>
   <div class='ocr_carea' id='block_1_36' title="bbox 2102 1012 3148 1083">
    <p class='ocr_par' dir='ltr' id='par_1_36' title="bbox 2102 1012 3148 1083">
     <span class='ocr_line' id='line_1_36' title="bbox 2102 1012 3148 1083; baseline -0.004 -18"><span class='ocrx_word' id='word_1_242' title='bbox 2102 1012 2205 1067; x_wconf 84' lang='lat' dir='ltr'><strong>hoc</strong></span> <span class='ocrx_word' id='word_1_243' title='bbox 2233 1012 2468 1078; x_wconf 83' lang='lat' dir='ltr'><strong>lucrum,</strong></span> <span class='ocrx_word' id='word_1_244' title='bbox 2505 1013 2638 1069; x_wconf 90' lang='lat' dir='ltr'><strong>illud</strong></span> <span class='ocrx_word' id='word_1_245' title='bbox 2670 1014 2931 1068; x_wconf 88' lang='lat' dir='ltr'><strong>damnum</strong></span> <span class='ocrx_word' id='word_1_246' title='bbox 2961 1012 3148 1083; x_wconf 86' lang='lat' dir='ltr'><strong>parit..</strong></span> 
     </span>
    </p>
   </div>
   <div class='ocr_carea' id='block_1_37' title="bbox 2705 1106 3076 1162">
    <p class='ocr_par' dir='ltr' id='par_1_37' title="bbox 2705 1106 3076 1162">
     <span class='ocr_line' id='line_1_37' title="bbox 2705 1106 3076 1162; baseline -0.013 0"><span class='ocrx_word' id='word_1_247' title='bbox 2705 1106 2957 1162; x_wconf 75' lang='lat' dir='ltr'><strong>Scholion</strong></span> <span class='ocrx_word' id='word_1_248' title='bbox 2989 1108 3076 1161; x_wconf 79' lang='grc'>10,</span> 
     </span>
    </p>
   </div>
   <div class='ocr_carea' id='block_1_38' title="bbox 2173 1190 3707 1268">
    <p class='ocr_par' dir='ltr' id='par_1_38' title="bbox 2173 1190 3707 1268">
     <span class='ocr_line' id='line_1_38' title="bbox 2173 1190 3707 1268; baseline -0.005 -17"><span class='ocrx_word' id='word_1_249' title='bbox 2173 1196 2276 1264; x_wconf 88' lang='lat' dir='ltr'><strong>Qui</strong></span> <span class='ocrx_word' id='word_1_250' title='bbox 2301 1196 2367 1251; x_wconf 87' lang='lat' dir='ltr'><strong>ad</strong></span> <span class='ocrx_word' id='word_1_251' title='bbox 2395 1198 2706 1268; x_wconf 73' lang='lat' dir='ltr'><strong>exemplum</strong></span> <span class='ocrx_word' id='word_1_252' title='bbox 2742 1197 2963 1253; x_wconf 88' lang='lat' dir='ltr'><strong>Davidis</strong></span> <span class='ocrx_word' id='word_1_253' title='bbox 3015 1198 3185 1268; x_wconf 79' lang='lat' dir='ltr'><strong>legem</strong></span> <span class='ocrx_word' id='word_1_254' title='bbox 3220 1193 3435 1251; x_wconf 82' lang='lat' dir='ltr'><strong>Domini</strong></span> <span class='ocrx_word' id='word_1_255' title='bbox 3463 1190 3707 1265; x_wconf 37' lang='lat' dir='ltr'><strong>medius-1</strong></span> 
     </span>
    </p>
   </div>
   <div class='ocr_carea' id='block_1_39' title="bbox 2102 1283 3692 1357">
    <p class='ocr_par' dir='ltr' id='par_1_39' title="bbox 2102 1283 3692 1357">
     <span class='ocr_line' id='line_1_39' title="bbox 2102 1283 3692 1357; baseline -0.006 -11"><span class='ocrx_word' id='word_1_256' title='bbox 2102 1301 2191 1347; x_wconf 90' lang='lat' dir='ltr'><strong>tur</strong></span> <span class='ocrx_word' id='word_1_257' title='bbox 2224 1299 2336 1344; x_wconf 79' lang='lat' dir='ltr'><strong>tela</strong></span> <span class='ocrx_word' id='word_1_258' title='bbox 2360 1289 2467 1353; x_wconf 89' lang='lat' dir='ltr'><strong>die,</strong></span> <span class='ocrx_word' id='word_1_259' title='bbox 2496 1288 2660 1343; x_wconf 88' lang='lat' dir='ltr'><strong>etiam</strong></span> <span class='ocrx_word' id='word_1_260' title='bbox 2690 1290 2817 1343; x_wconf 88' lang='lat' dir='ltr'><strong>dum</strong></span> <span class='ocrx_word' id='word_1_261' title='bbox 2841 1288 3065 1353; x_wconf 81' lang='lat' dir='ltr'><strong>dormit,</strong></span> <span class='ocrx_word' id='word_1_262' title='bbox 3109 1289 3248 1342; x_wconf 86' lang='lat' dir='ltr'><strong>idem</strong></span> <span class='ocrx_word' id='word_1_263' title='bbox 3269 1301 3363 1357; x_wconf 88' lang='lat' dir='ltr'><strong>per</strong></span> <span class='ocrx_word' id='word_1_264' title='bbox 3393 1283 3692 1339; x_wconf 84' lang='lat' dir='ltr'><strong>formarum</strong></span> 
     </span>
    </p>
   </div>
   <div class='ocr_carea' id='block_1_40' title="bbox 2103 1377 3696 1455">
    <p class='ocr_par' dir='ltr' id='par_1_40' title="bbox 2103 1377 3696 1455">
     <span class='ocr_line' id='line_1_40' title="bbox 2103 1377 3696 1455; baseline -0.008 -16"><span class='ocrx_word' id='word_1_265' title='bbox 2103 1382 2371 1452; x_wconf 80' lang='lat' dir='ltr'><strong>imagines</strong></span> <span class='ocrx_word' id='word_1_266' title='bbox 2406 1379 2521 1455; x_wconf 80' lang='lat' dir='ltr'><strong>[per</strong></span> <span class='ocrx_word' id='word_1_267' title='bbox 2554 1378 3210 1453; x_wconf 39' lang='lat' dir='ltr'><strong>phmntasiam].revolvit,</strong></span> <span class='ocrx_word' id='word_1_268' title='bbox 3252 1387 3312 1433; x_wconf 90' lang='lat' dir='ltr'><strong>ut</strong></span> <span class='ocrx_word' id='word_1_269' title='bbox 3340 1378 3394 1431; x_wconf 91' lang='lat' dir='ltr'><strong>in</strong></span> <span class='ocrx_word' id='word_1_270' title='bbox 3425 1377 3544 1446; x_wconf 92' lang='lat' dir='ltr'><strong>ipso</strong></span> <span class='ocrx_word' id='word_1_271' title='bbox 3570 1387 3696 1429; x_wconf 51' lang='lat' dir='ltr'><strong>ora-</strong></span> 
     </span>
    </p>
   </div>
   <div class='ocr_carea' id='block_1_41' title="bbox 2105 1466 3697 1543">
    <p class='ocr_par' dir='ltr' id='par_1_41' title="bbox 2105 1466 3697 1543">
     <span class='ocr_line' id='line_1_41' title="bbox 2105 1466 3697 1543; baseline -0.008 -13"><span class='ocrx_word' id='word_1_272' title='bbox 2105 1476 2288 1530; x_wconf 91' lang='lat' dir='ltr'><strong>culum</strong></span> <span class='ocrx_word' id='word_1_273' title='bbox 2323 1475 2453 1528; x_wconf 90' lang='lat' dir='ltr'><strong>illud</strong></span> <span class='ocrx_word' id='word_1_274' title='bbox 2506 1473 2831 1543; x_wconf 80' lang='lat' dir='ltr'><strong>expleatur:</strong></span> <span class='ocrx_word' id='word_1_275' title='bbox 2864 1471 2933 1527; x_wconf 81' lang='lat' dir='ltr'><strong>In</strong></span> <span class='ocrx_word' id='word_1_276' title='bbox 2963 1473 3075 1543; x_wconf 83' lang='lat' dir='ltr'><strong>lege</strong></span> <span class='ocrx_word' id='word_1_277' title='bbox 3096 1470 3310 1526; x_wconf 85' lang='lat' dir='ltr'><strong>Domini</strong></span> <span class='ocrx_word' id='word_1_278' title='bbox 3351 1466 3697 1523; x_wconf 75' lang='lat' dir='ltr'><strong>meditabitur</strong></span> 
     </span>
    </p>
   </div>
   <div class='ocr_carea' id='block_1_42' title="bbox 2105 1564 3205 1637">
    <p class='ocr_par' dir='ltr' id='par_1_42' title="bbox 2105 1564 3205 1637">
     <span class='ocr_line' id='line_1_42' title="bbox 2105 1564 3205 1637; baseline -0.001 -17"><span class='ocrx_word' id='word_1_279' title='bbox 2105 1567 2189 1622; x_wconf 85' lang='lat' dir='ltr'><strong>die</strong></span> <span class='ocrx_word' id='word_1_280' title='bbox 2222 1576 2270 1623; x_wconf 84' lang='lat' dir='ltr'><strong>et</strong></span> <span class='ocrx_word' id='word_1_281' title='bbox 2298 1567 2517 1635; x_wconf 72' lang='lat' dir='ltr'><strong>nocte“;</strong></span> <span class='ocrx_word' id='word_1_282' title='bbox 2560 1566 2835 1634; x_wconf 72' lang='lat' dir='ltr'><strong>etillud,‘</strong></span> <span class='ocrx_word' id='word_1_283' title='bbox 2861 1564 2976 1637; x_wconf 78' lang='lat' dir='ltr'><strong>Ego</strong></span> <span class='ocrx_word' id='word_1_284' title='bbox 3017 1605 3033 1620; x_wconf 94' lang='lat'><strong>.</strong></span> <span class='ocrx_word' id='word_1_285' title='bbox 3077 1605 3091 1620; x_wconf 92' lang='lat'><strong>.</strong></span> <span class='ocrx_word' id='word_1_286' title='bbox 3136 1604 3150 1620; x_wconf 94' lang='lat'><strong>.</strong></span> <span class='ocrx_word' id='word_1_287' title='bbox 3188 1601 3205 1618; x_wconf 90' lang='lat'><strong>.</strong></span> 
     </span>
    </p>
   </div>
   <div class='ocr_carea' id='block_1_43' title="bbox 2534 1780 2573 1790">
    <p class='ocr_par' dir='ltr' id='par_1_43' title="bbox 2534 1780 2573 1790">
     <span class='ocr_line' id='line_1_43' title="bbox 2534 1780 2573 1790; baseline 0 0"><span class='ocrx_word' id='word_1_288' title='bbox 2534 1780 2573 1790; x_wconf 40' lang='grc' dir='ltr'><strong>ἡ.</strong></span> 
     </span>
    </p>
   </div>
   <div class='ocr_carea' id='block_1_44' title="bbox 2570 1877 3258 1953">
    <p class='ocr_par' dir='ltr' id='par_1_44' title="bbox 2570 1877 3258 1953">
     <span class='ocr_line' id='line_1_44' title="bbox 2570 1877 3258 1953; baseline -0.01 -14"><span class='ocrx_word' id='word_1_289' title='bbox 2570 1882 2732 1953; x_wconf 81' lang='lat'><strong>272</strong></span> <span class='ocrx_word' id='word_1_290' title='bbox 2760 1879 3039 1937; x_wconf 81' lang='lat' dir='ltr'><strong>GRADUS</strong></span> <span class='ocrx_word' id='word_1_291' title='bbox 3112 1877 3258 1933; x_wconf 77' lang='lat' dir='ltr'><strong>xxr.</strong></span> 
     </span>
    </p>
   </div>
   <div class='ocr_carea' id='block_1_45' title="bbox 2542 1989 3279 2062">
    <p class='ocr_par' dir='ltr' id='par_1_45' title="bbox 2542 1989 3279 2062">
     <span class='ocr_line' id='line_1_45' title="bbox 2542 1989 3279 2062; baseline 0 -17"><span class='ocrx_word' id='word_1_292' title='bbox 2542 1991 2617 2047; x_wconf 85' lang='lat' dir='ltr'><strong>De</strong></span> <span class='ocrx_word' id='word_1_293' title='bbox 2640 1993 2947 2062; x_wconf 73' lang='lat' dir='ltr'><strong>effeminata</strong></span> <span class='ocrx_word' id='word_1_294' title='bbox 2976 1989 3279 2045; x_wconf 83' lang='lat' dir='ltr'><strong>timiditate.</strong></span> 
     </span>
    </p>
   </div>
   <div class='ocr_carea' id='block_1_46' title="bbox 2188 2077 3707 2152">
    <p class='ocr_par' dir='ltr' id='par_1_46' title="bbox 2188 2077 3707 2152">
     <span class='ocr_line' id='line_1_46' title="bbox 2188 2077 3707 2152; baseline -0.007 -13"><span class='ocrx_word' id='word_1_295' title='bbox 2188 2084 2295 2152; x_wconf 91' lang='lat' dir='ltr'><strong>Qui</strong></span> <span class='ocrx_word' id='word_1_296' title='bbox 2314 2084 2367 2138; x_wconf 91' lang='lat' dir='ltr'><strong>in</strong></span> <span class='ocrx_word' id='word_1_297' title='bbox 2384 2084 2648 2139; x_wconf 80' lang='lat' dir='ltr'><strong>etenobiis</strong></span> <span class='ocrx_word' id='word_1_298' title='bbox 2662 2092 2750 2138; x_wconf 90' lang='lat' dir='ltr'><strong>aut</strong></span> <span class='ocrx_word' id='word_1_299' title='bbox 2772 2082 3054 2137; x_wconf 84' lang='lat' dir='ltr'><strong>hominum</strong></span> <span class='ocrx_word' id='word_1_300' title='bbox 3075 2080 3453 2151; x_wconf 82' lang='lat' dir='ltr'><strong>religiosorum</strong></span> <span class='ocrx_word' id='word_1_301' title='bbox 3473 2077 3707 2134; x_wconf 68' lang='lat' dir='ltr'><strong>coetibus</strong></span> 
     </span>
    </p>
   </div>
   <div class='ocr_carea' id='block_1_47' title="bbox 2117 2171 3707 2247">
    <p class='ocr_par' dir='ltr' id='par_1_47' title="bbox 2117 2171 3707 2247">
     <span class='ocr_line' id='line_1_47' title="bbox 2117 2171 3707 2247; baseline -0.005 -16"><span class='ocrx_word' id='word_1_302' title='bbox 2117 2175 2373 2232; x_wconf 76' lang='lat' dir='ltr'><strong>virtutem</strong></span> <span class='ocrx_word' id='word_1_303' title='bbox 2400 2176 2667 2247; x_wconf 76' lang='lat' dir='ltr'><strong>sequitur,</strong></span> <span class='ocrx_word' id='word_1_304' title='bbox 2700 2175 2768 2231; x_wconf 90' lang='lat' dir='ltr'><strong>ab</strong></span> <span class='ocrx_word' id='word_1_305' title='bbox 2798 2176 2900 2230; x_wconf 92' lang='lat' dir='ltr'><strong>hoc</strong></span> <span class='ocrx_word' id='word_1_306' title='bbox 2944 2188 3144 2245; x_wconf 83' lang='lat' dir='ltr'><strong>pavore</strong></span> <span class='ocrx_word' id='word_1_307' title='bbox 3190 2188 3298 2228; x_wconf 91' lang='lat' dir='ltr'><strong>non</strong></span> <span class='ocrx_word' id='word_1_308' title='bbox 3342 2171 3571 2227; x_wconf 90' lang='lat' dir='ltr'><strong>multum</strong></span> <span class='ocrx_word' id='word_1_309' title='bbox 3608 2182 3707 2238; x_wconf 87' lang='lat' dir='ltr'><strong>0p-</strong></span> 
     </span>
    </p>
   </div>
   <div class='ocr_carea' id='block_1_48' title="bbox 2120 2260 3707 2338">
    <p class='ocr_par' dir='ltr' id='par_1_48' title="bbox 2120 2260 3707 2338">
     <span class='ocr_line' id='line_1_48' title="bbox 2120 2260 3707 2338; baseline -0.006 -17"><span class='ocrx_word' id='word_1_310' title='bbox 2120 2273 2414 2338; x_wconf 77' lang='lat' dir='ltr'><strong>pugnatur.</strong></span> <span class='ocrx_word' id='word_1_311' title='bbox 2459 2268 2539 2321; x_wconf 85' lang='lat' dir='ltr'><strong>Tu</strong></span> <span class='ocrx_word' id='word_1_312' title='bbox 2569 2281 2700 2321; x_wconf 85' lang='lat' dir='ltr'><strong>vero</strong></span> <span class='ocrx_word' id='word_1_313' title='bbox 2724 2265 2817 2336; x_wconf 87' lang='lat' dir='ltr'><strong>qui</strong></span> <span class='ocrx_word' id='word_1_314' title='bbox 2851 2265 2904 2319; x_wconf 92' lang='lat' dir='ltr'><strong>in</strong></span> <span class='ocrx_word' id='word_1_315' title='bbox 2933 2265 3069 2321; x_wconf 91' lang='lat' dir='ltr'><strong>locis</strong></span> <span class='ocrx_word' id='word_1_316' title='bbox 3101 2264 3277 2335; x_wconf 75' lang='lat' dir='ltr'><strong>magis</strong></span> <span class='ocrx_word' id='word_1_317' title='bbox 3322 2262 3582 2318; x_wconf 88' lang='lat' dir='ltr'><strong>solitariis</strong></span> <span class='ocrx_word' id='word_1_318' title='bbox 3611 2260 3707 2314; x_wconf 62' lang='lat' dir='ltr'><strong>de-a</strong></span> 
     </span>
    </p>
   </div>
   <div class='ocr_carea' id='block_1_49' title="bbox 2120 2352 3705 2427">
    <p class='ocr_par' dir='ltr' id='par_1_49' title="bbox 2120 2352 3705 2427">
     <span class='ocr_line' id='line_1_49' title="bbox 2120 2352 3705 2427; baseline -0.003 -13"><span class='ocrx_word' id='word_1_319' title='bbox 2120 2367 2320 2422; x_wconf 85' lang='lat' dir='ltr'><strong>certas,</strong></span> <span class='ocrx_word' id='word_1_320' title='bbox 2345 2372 2476 2414; x_wconf 83' lang='lat' dir='ltr'><strong>cave</strong></span> <span class='ocrx_word' id='word_1_321' title='bbox 2502 2372 2569 2413; x_wconf 90' lang='lat' dir='ltr'><strong>ne</strong></span> <span class='ocrx_word' id='word_1_322' title='bbox 2608 2358 2663 2412; x_wconf 90' lang='lat' dir='ltr'><strong>in</strong></span> <span class='ocrx_word' id='word_1_323' title='bbox 2691 2365 2743 2413; x_wconf 88' lang='lat' dir='ltr'><strong>te</strong></span> <span class='ocrx_word' id='word_1_324' title='bbox 2775 2358 3024 2427; x_wconf 88' lang='lat' dir='ltr'><strong>improba</strong></span> <span class='ocrx_word' id='word_1_325' title='bbox 3077 2370 3231 2410; x_wconf 80' lang='lat' dir='ltr'><strong>vanae</strong></span> <span class='ocrx_word' id='word_1_326' title='bbox 3257 2354 3447 2426; x_wconf 67' lang='lat' dir='ltr'><strong>gloria:</strong></span> <span class='ocrx_word' id='word_1_327' title='bbox 3470 2352 3705 2411; x_wconf 77' lang='lat' dir='ltr'><strong>soboles.</strong></span> 
     </span>
    </p>
   </div>
   <div class='ocr_carea' id='block_1_50' title="bbox 2123 2444 3709 2521">
    <p class='ocr_par' dir='ltr' id='par_1_50' title="bbox 2123 2444 3709 2521">
     <span class='ocr_line' id='line_1_50' title="bbox 2123 2444 3709 2521; baseline -0.006 -14"><span class='ocrx_word' id='word_1_328' title='bbox 2123 2459 2178 2507; x_wconf 88' lang='lat' dir='ltr'><strong>et</strong></span> <span class='ocrx_word' id='word_1_329' title='bbox 2200 2450 2535 2505; x_wconf 79' lang='lat' dir='ltr'><strong>infidelitatis</strong></span> <span class='ocrx_word' id='word_1_330' title='bbox 2556 2450 2734 2521; x_wconf 83' lang='lat' dir='ltr'><strong>proles</strong></span> <span class='ocrx_word' id='word_1_331' title='bbox 2766 2448 3017 2503; x_wconf 86' lang='lat' dir='ltr'><strong>formido</strong></span> <span class='ocrx_word' id='word_1_332' title='bbox 3040 2448 3370 2504; x_wconf 86' lang='lat' dir='ltr'><strong>dominetur.</strong></span> <span class='ocrx_word' id='word_1_333' title='bbox 3422 2444 3709 2499; x_wconf 83' lang='lat' dir='ltr'><strong>Titniditas</strong></span> 
     </span>
    </p>
   </div>
   <div class='ocr_carea' id='block_1_51' title="bbox 2122 2533 3705 2611">
    <p class='ocr_par' dir='ltr' id='par_1_51' title="bbox 2122 2533 3705 2611">
     <span class='ocr_line' id='line_1_51' title="bbox 2122 2533 3705 2611; baseline -0.007 -15"><span class='ocrx_word' id='word_1_334' title='bbox 2122 2547 2206 2597; x_wconf 87' lang='lat' dir='ltr'><strong>est</strong></span> <span class='ocrx_word' id='word_1_335' title='bbox 2232 2540 2460 2611; x_wconf 86' lang='lat' dir='ltr'><strong>puerilis</strong></span> <span class='ocrx_word' id='word_1_336' title='bbox 2490 2541 2546 2594; x_wconf 91' lang='lat' dir='ltr'><strong>in</strong></span> <span class='ocrx_word' id='word_1_337' title='bbox 2570 2539 2726 2595; x_wconf 80' lang='lat' dir='ltr'><strong>senili</strong></span> <span class='ocrx_word' id='word_1_338' title='bbox 2749 2548 2802 2594; x_wconf 89' lang='lat' dir='ltr'><strong>et</strong></span> <span class='ocrx_word' id='word_1_339' title='bbox 2827 2552 2979 2593; x_wconf 73' lang='lat' dir='ltr'><strong>vana‘</strong></span> <span class='ocrx_word' id='word_1_340' title='bbox 3033 2536 3221 2607; x_wconf 75' lang='lat' dir='ltr'><strong>gloriae</strong></span> <span class='ocrx_word' id='word_1_341' title='bbox 3259 2535 3492 2590; x_wconf 76' lang='lat' dir='ltr'><strong>obnoxia</strong></span> <span class='ocrx_word' id='word_1_342' title='bbox 3525 2533 3705 2588; x_wconf 85' lang='lat' dir='ltr'><strong>anima</strong></span> 
     </span>
    </p>
   </div>
   <div class='ocr_carea' id='block_1_52' title="bbox 2123 2625 3709 2690">
    <p class='ocr_par' dir='ltr' id='par_1_52' title="bbox 2123 2625 3709 2690">
     <span class='ocr_line' id='line_1_52' title="bbox 2123 2625 3709 2690; baseline -0.008 0"><span class='ocrx_word' id='word_1_343' title='bbox 2123 2633 2372 2690; x_wconf 67' lang='lat' dir='ltr'><strong>affectus.</strong></span> <span class='ocrx_word' id='word_1_344' title='bbox 2410 2631 2695 2687; x_wconf 88' lang='lat' dir='ltr'><strong>Timiditas</strong></span> <span class='ocrx_word' id='word_1_345' title='bbox 2741 2640 2827 2686; x_wconf 89' lang='lat' dir='ltr'><strong>est</strong></span> <span class='ocrx_word' id='word_1_346' title='bbox 2856 2630 3086 2685; x_wconf 85' lang='lat' dir='ltr'><strong>defectio</strong></span> <span class='ocrx_word' id='word_1_347' title='bbox 3128 2628 3252 2683; x_wconf 85' lang='lat' dir='ltr'><strong>ﬁdei</strong></span> <span class='ocrx_word' id='word_1_348' title='bbox 3285 2642 3346 2683; x_wconf 76' lang='lat' dir='ltr'><strong>ex</strong></span> <span class='ocrx_word' id='word_1_349' title='bbox 3382 2642 3561 2682; x_wconf 90' lang='lat' dir='ltr'><strong>rerum</strong></span> <span class='ocrx_word' id='word_1_350' title='bbox 3618 2625 3709 2678; x_wconf 92' lang='lat' dir='ltr'><strong>in-</strong></span> 
     </span>
    </p>
   </div>
   <div class='ocr_carea' id='block_1_53' title="bbox 2124 2717 3710 2798">
    <p class='ocr_par' dir='ltr' id='par_1_53' title="bbox 2124 2717 3710 2798">
     <span class='ocr_line' id='line_1_53' title="bbox 2124 2717 3710 2798; baseline -0.006 -17"><span class='ocrx_word' id='word_1_351' title='bbox 2124 2727 2466 2798; x_wconf 81' lang='lat' dir='ltr'><strong>opinatarum</strong></span> <span class='ocrx_word' id='word_1_352' title='bbox 2489 2725 2890 2796; x_wconf 80' lang='lat' dir='ltr'><strong>exspectatione</strong></span> <span class='ocrx_word' id='word_1_353' title='bbox 2915 2732 3062 2778; x_wconf 87' lang='lat' dir='ltr'><strong>nata.</strong></span> <span class='ocrx_word' id='word_1_354' title='bbox 3103 2722 3383 2778; x_wconf 33' lang='lat' dir='ltr'><strong>Metus&#39;est</strong></span> <span class='ocrx_word' id='word_1_355' title='bbox 3425 2717 3710 2790; x_wconf 47' lang='lat' dir='ltr'><strong>praemedi:</strong></span> 
     </span>
    </p>
   </div>
   <div class='ocr_carea' id='block_1_54' title="bbox 2125 2809 3712 2888">
    <p class='ocr_par' dir='ltr' id='par_1_54' title="bbox 2125 2809 3712 2888">
     <span class='ocr_line' id='line_1_54' title="bbox 2125 2809 3712 2888; baseline -0.009 -14"><span class='ocrx_word' id='word_1_356' title='bbox 2125 2828 2298 2874; x_wconf 87' lang='lat' dir='ltr'><strong>tatum</strong></span> <span class='ocrx_word' id='word_1_357' title='bbox 2336 2818 2659 2888; x_wconf 90' lang='lat' dir='ltr'><strong>periculum.</strong></span> <span class='ocrx_word' id='word_1_358' title='bbox 2695 2817 2818 2883; x_wconf 83' lang='lat' dir='ltr'><strong>Aut,</strong></span> <span class='ocrx_word' id='word_1_359' title='bbox 2863 2824 3042 2871; x_wconf 87' lang='lat' dir='ltr'><strong>metus</strong></span> <span class='ocrx_word' id='word_1_360' title='bbox 3092 2829 3188 2870; x_wconf 85' lang='lat' dir='ltr'><strong>seu</strong></span> <span class='ocrx_word' id='word_1_361' title='bbox 3239 2814 3400 2867; x_wconf 87' lang='lat' dir='ltr'><strong>timor</strong></span> <span class='ocrx_word' id='word_1_362' title='bbox 3436 2818 3521 2866; x_wconf 89' lang='lat' dir='ltr'><strong>est</strong></span> <span class='ocrx_word' id='word_1_363' title='bbox 3548 2809 3712 2879; x_wconf 83' lang='lat' dir='ltr'><strong>trepi-</strong></span> 
     </span>
    </p>
   </div>
   <div class='ocr_carea' id='block_1_55' title="bbox 2126 2905 3713 2966">
    <p class='ocr_par' dir='ltr' id='par_1_55' title="bbox 2126 2905 3713 2966">
     <span class='ocr_line' id='line_1_55' title="bbox 2126 2905 3713 2966; baseline -0.008 0"><span class='ocrx_word' id='word_1_364' title='bbox 2126 2910 2230 2966; x_wconf 86' lang='lat' dir='ltr'><strong>dus</strong></span> <span class='ocrx_word' id='word_1_365' title='bbox 2249 2910 2427 2965; x_wconf 85' lang='lat' dir='ltr'><strong>cordis</strong></span> <span class='ocrx_word' id='word_1_366' title='bbox 2460 2925 2654 2965; x_wconf 82' lang='lat' dir='ltr'><strong>sensus</strong></span> <span class='ocrx_word' id='word_1_367' title='bbox 2703 2923 2768 2965; x_wconf 84' lang='lat' dir='ltr'><strong>ex</strong></span> <span class='ocrx_word' id='word_1_368' title='bbox 2822 2908 3056 2962; x_wconf 82' lang='lat' dir='ltr'><strong>incertis</strong></span> <span class='ocrx_word' id='word_1_369' title='bbox 3090 2905 3488 2961; x_wconf 85' lang='lat' dir='ltr'><strong>calamitatibus</strong></span> <span class='ocrx_word' id='word_1_370' title='bbox 3516 2915 3713 2957; x_wconf 84' lang='lat' dir='ltr'><strong>conce—</strong></span> 
     </span>
    </p>
   </div>
   <div class='ocr_carea' id='block_1_56' title="bbox 2127 2991 3715 3070">
    <p class='ocr_par' dir='ltr' id='par_1_56' title="bbox 2127 2991 3715 3070">
     <span class='ocr_line' id='line_1_56' title="bbox 2127 2991 3715 3070; baseline -0.009 -14"><span class='ocrx_word' id='word_1_371' title='bbox 2127 3010 2255 3070; x_wconf 82' lang='lat' dir='ltr'><strong>plus</strong></span> <span class='ocrx_word' id='word_1_372' title='bbox 2277 3008 2330 3056; x_wconf 85' lang='lat' dir='ltr'><strong>et</strong></span> <span class='ocrx_word' id='word_1_373' title='bbox 2349 2999 2603 3055; x_wconf 74' lang='lat' dir='ltr'><strong>afﬂictus.</strong></span> <span class='ocrx_word' id='word_1_374' title='bbox 2637 2997 2826 3052; x_wconf 75' lang='lat' dir='ltr'><strong>Timor</strong></span> <span class='ocrx_word' id='word_1_375' title='bbox 2849 3007 2932 3052; x_wconf 89' lang='lat' dir='ltr'><strong>est</strong></span> <span class='ocrx_word' id='word_1_376' title='bbox 2960 2996 3301 3051; x_wconf 77' lang='lat' dir='ltr'><strong>confidentia:</strong></span> <span class='ocrx_word' id='word_1_377' title='bbox 3329 2992 3581 3064; x_wconf 74' lang='lat' dir='ltr'><strong>perfecta:</strong></span> <span class='ocrx_word' id='word_1_378' title='bbox 3601 2991 3715 3061; x_wconf 89' lang='lat' dir='ltr'><strong>pri-</strong></span> 
     </span>
    </p>
   </div>
   <div class='ocr_carea' id='block_1_57' title="bbox 2128 3083 3713 3158">
    <p class='ocr_par' dir='ltr' id='par_1_57' title="bbox 2128 3083 3713 3158">
     <span class='ocr_line' id='line_1_57' title="bbox 2128 3083 3713 3158; baseline -0.008 -13"><span class='ocrx_word' id='word_1_379' title='bbox 2128 3091 2294 3145; x_wconf 87' lang='lat' dir='ltr'><strong>vatio.</strong></span> <span class='ocrx_word' id='word_1_380' title='bbox 2317 3090 2511 3143; x_wconf 81' lang='lat' dir='ltr'><strong>Anima</strong></span> <span class='ocrx_word' id='word_1_381' title='bbox 2536 3088 2768 3158; x_wconf 86' lang='lat' dir='ltr'><strong>superba</strong></span> <span class='ocrx_word' id='word_1_382' title='bbox 2796 3096 2881 3143; x_wconf 90' lang='lat' dir='ltr'><strong>est</strong></span> <span class='ocrx_word' id='word_1_383' title='bbox 2902 3102 3058 3142; x_wconf 76' lang='lat' dir='ltr'><strong>serva</strong></span> <span class='ocrx_word' id='word_1_384' title='bbox 3088 3085 3391 3140; x_wconf 88' lang='lat' dir='ltr'><strong>timiditatis</strong></span> <span class='ocrx_word' id='word_1_385' title='bbox 3431 3083 3534 3138; x_wconf 87' lang='lat' dir='ltr'><strong>sibi</strong></span> <span class='ocrx_word' id='word_1_386' title='bbox 3574 3097 3713 3151; x_wconf 66' lang='lat' dir='ltr'><strong>prie:-</strong></span> 
     </span>
    </p>
   </div>
   <div class='ocr_carea' id='block_1_58' title="bbox 2130 3176 3713 3248">
    <p class='ocr_par' dir='ltr' id='par_1_58' title="bbox 2130 3176 3713 3248">
     <span class='ocr_line' id='line_1_58' title="bbox 2130 3176 3713 3248; baseline -0.006 -12"><span class='ocrx_word' id='word_1_387' title='bbox 2130 3180 2324 3246; x_wconf 88' lang='lat' dir='ltr'><strong>ﬁdens,</strong></span> <span class='ocrx_word' id='word_1_388' title='bbox 2354 3190 2407 3235; x_wconf 90' lang='lat' dir='ltr'><strong>et</strong></span> <span class='ocrx_word' id='word_1_389' title='bbox 2435 3179 2501 3236; x_wconf 89' lang='lat' dir='ltr'><strong>ad</strong></span> <span class='ocrx_word' id='word_1_390' title='bbox 2543 3193 2738 3235; x_wconf 91' lang='lat' dir='ltr'><strong>sonum</strong></span> <span class='ocrx_word' id='word_1_391' title='bbox 2782 3179 3028 3248; x_wconf 84' lang='lat' dir='ltr'><strong>adeoque</strong></span> <span class='ocrx_word' id='word_1_392' title='bbox 3065 3177 3236 3248; x_wconf 88' lang='lat' dir='ltr'><strong>ipsius</strong></span> <span class='ocrx_word' id='word_1_393' title='bbox 3276 3176 3484 3231; x_wconf 70' lang='lat' dir='ltr'><strong>umbrre</strong></span> <span class='ocrx_word' id='word_1_394' title='bbox 3516 3188 3713 3243; x_wconf 83' lang='lat' dir='ltr'><strong>pavens</strong></span> 
     </span>
    </p>
   </div>
   <div class='ocr_carea' id='block_1_59' title="bbox 2128 3266 3714 3341">
    <p class='ocr_par' dir='ltr' id='par_1_59' title="bbox 2128 3266 3714 3341">
     <span class='ocr_line' id='line_1_59' title="bbox 2128 3266 3714 3341; baseline -0.008 -12"><span class='ocrx_word' id='word_1_395' title='bbox 2128 3283 2184 3330; x_wconf 89' lang='lat' dir='ltr'><strong>et</strong></span> <span class='ocrx_word' id='word_1_396' title='bbox 2213 3283 2472 3328; x_wconf 89' lang='lat' dir='ltr'><strong>tremens.</strong></span> <span class='ocrx_word' id='word_1_397' title='bbox 2529 3270 2633 3338; x_wconf 85' lang='lat' dir='ltr'><strong>Qui</strong></span> <span class='ocrx_word' id='word_1_398' title='bbox 2670 3286 2795 3326; x_wconf 82' lang='lat' dir='ltr'><strong>vere</strong></span> <span class='ocrx_word' id='word_1_399' title='bbox 2846 3280 3029 3341; x_wconf 82' lang='lat' dir='ltr'><strong>lugent</strong></span> <span class='ocrx_word' id='word_1_400' title='bbox 3080 3278 3135 3325; x_wconf 89' lang='lat' dir='ltr'><strong>et</strong></span> <span class='ocrx_word' id='word_1_401' title='bbox 3183 3269 3365 3323; x_wconf 90' lang='lat' dir='ltr'><strong>dolere</strong></span> <span class='ocrx_word' id='word_1_402' title='bbox 3416 3266 3714 3327; x_wconf 84' lang='lat' dir='ltr'><strong>desierunt,</strong></span> 
     </span>
    </p>
   </div>
   <div class='ocr_carea' id='block_1_60' title="bbox 439 3357 2027 3451">
    <p class='ocr_par' dir='ltr' id='par_1_60' title="bbox 439 3375 2023 3451">
     <span class='ocr_line' id='line_1_60' title="bbox 439 3375 2023 3451; baseline 0.003 -23"><span class='ocrx_word' id='word_1_403' title='bbox 439 3391 599 3446; x_wconf 81' lang='grc' dir='ltr'>μενοι</span> <span class='ocrx_word' id='word_1_404' title='bbox 640 3375 1092 3448; x_wconf 81' lang='grc' dir='ltr'>ὑπομεμενήκασι</span> <span class='ocrx_word' id='word_1_405' title='bbox 1125 3394 1138 3407; x_wconf 93' lang='grc'><strong>·</strong></span> <span class='ocrx_word' id='word_1_406' title='bbox 1171 3377 1267 3431; x_wconf 73' lang='grc' dir='ltr'>καὶ</span> <span class='ocrx_word' id='word_1_407' title='bbox 1317 3377 1562 3441; x_wconf 74' lang='grc' dir='ltr'>εἰκότως.</span> <span class='ocrx_word' id='word_1_408' title='bbox 1626 3377 1859 3441; x_wconf 85' lang='grc' dir='ltr'>Δικαίως</span> <span class='ocrx_word' id='word_1_409' title='bbox 1913 3378 2023 3451; x_wconf 85' lang='grc' dir='ltr'><strong>γὰρ</strong></span> 
     </span>
    </p>
   </div>
   <div class='ocr_carea' id='block_1_61' title="bbox 2132 3357 3718 3451">
    <p class='ocr_par' dir='ltr' id='par_1_61' title="bbox 2132 3357 3718 3433">
     <span class='ocr_line' id='line_1_61' title="bbox 2132 3357 3718 3433; baseline -0.01 -11"><span class='ocrx_word' id='word_1_410' title='bbox 2132 3380 2342 3421; x_wconf 83' lang='lat' dir='ltr'><strong>omnem</strong></span> <span class='ocrx_word' id='word_1_411' title='bbox 2375 3380 2439 3419; x_wconf 80' lang='lat' dir='ltr'><strong>ex</strong></span> <span class='ocrx_word' id='word_1_412' title='bbox 2469 3364 2655 3419; x_wconf 88' lang='lat' dir='ltr'><strong>animo</strong></span> <span class='ocrx_word' id='word_1_413' title='bbox 2682 3378 2935 3433; x_wconf 79' lang='lat' dir='ltr'><strong>pavorem</strong></span> <span class='ocrx_word' id='word_1_414' title='bbox 2982 3362 3320 3431; x_wconf 87' lang='lat' dir='ltr'><strong>abjecerunt.</strong></span> <span class='ocrx_word' id='word_1_415' title='bbox 3374 3357 3563 3412; x_wconf 82' lang='lat' dir='ltr'><strong>Pavidi</strong></span> <span class='ocrx_word' id='word_1_416' title='bbox 3587 3370 3718 3410; x_wconf 82' lang='lat' dir='ltr'><strong>vero</strong></span> 
     </span>
    </p>
   </div>
   <div class='ocr_carea' id='block_1_62' title="bbox 441 3467 2022 3540">
    <p class='ocr_par' dir='ltr' id='par_1_62' title="bbox 441 3467 2022 3540">
     <span class='ocr_line' id='line_1_62' title="bbox 441 3467 2022 3540; baseline 0.002 -19"><span class='ocrx_word' id='word_1_417' title='bbox 441 3467 574 3531; x_wconf 78' lang='grc' dir='ltr'>τοὺς</span> <span class='ocrx_word' id='word_1_418' title='bbox 603 3467 993 3540; x_wconf 82' lang='grc' dir='ltr'>ὑπερηφάνους</span> <span class='ocrx_word' id='word_1_419' title='bbox 1022 3468 1494 3540; x_wconf 84' lang='grc' dir='ltr'>ὲγκαταλιμπάνει</span> <span class='ocrx_word' id='word_1_420' title='bbox 1553 3469 1778 3540; x_wconf 81' lang='grc' dir='ltr'>Κύριος,</span> <span class='ocrx_word' id='word_1_421' title='bbox 1813 3468 1899 3523; x_wconf 83' lang='grc' dir='ltr'>ἵνα</span> <span class='ocrx_word' id='word_1_422' title='bbox 1929 3471 2022 3524; x_wconf 73' lang='grc' dir='ltr'>καὶ</span> 
     </span>
    </p>
   </div>
   <div class='ocr_carea' id='block_1_63' title="bbox 443 3559 2024 3634">
    <p class='ocr_par' dir='ltr' id='par_1_63' title="bbox 443 3559 2024 3634">
     <span class='ocr_line' id='line_1_63' title="bbox 443 3559 2024 3634; baseline 0.003 -22"><span class='ocrx_word' id='word_1_423' title='bbox 443 3560 495 3612; x_wconf 91' lang='grc' dir='ltr'><strong>οί</strong></span> <span class='ocrx_word' id='word_1_424' title='bbox 523 3559 711 3614; x_wconf 70' lang='grc' dir='ltr'>λοιποὶ</span> <span class='ocrx_word' id='word_1_425' title='bbox 756 3559 1133 3630; x_wconf 66' lang='grc' dir='ltr'>παώευθῶμεν</span> <span class='ocrx_word' id='word_1_426' title='bbox 1168 3560 1243 3632; x_wconf 78' lang='grc' dir='ltr'><strong>μὴ</strong></span> <span class='ocrx_word' id='word_1_427' title='bbox 1283 3560 1609 3632; x_wconf 75' lang='grc' dir='ltr'>ἐπαίρεσθαι</span> <span class='ocrx_word' id='word_1_428' title='bbox 1642 3578 1656 3592; x_wconf 89' lang='grc'>·</span> <span class='ocrx_word' id='word_1_429' title='bbox 1687 3563 1886 3626; x_wconf 80' lang='grc' dir='ltr'>πάντες</span> <span class='ocrx_word' id='word_1_430' title='bbox 1924 3564 2024 3634; x_wconf 77' lang='grc' dir='ltr'>μὲν</span> 
     </span>
    </p>
   </div>
   <div class='ocr_carea' id='block_1_64' title="bbox 442 3651 2025 3726">
    <p class='ocr_par' dir='ltr' id='par_1_64' title="bbox 442 3651 2025 3726">
     <span class='ocr_line' id='line_1_64' title="bbox 442 3651 2025 3726; baseline 0.002 -20"><span class='ocrx_word' id='word_1_431' title='bbox 442 3654 496 3706; x_wconf 81' lang='lat' dir='ltr'><strong>oi</strong></span> <span class='ocrx_word' id='word_1_432' title='bbox 527 3651 838 3716; x_wconf 64' lang='grc' dir='ltr'>δεὰιῶντες</span> <span class='ocrx_word' id='word_1_433' title='bbox 871 3652 1138 3719; x_wconf 82' lang='grc' dir='ltr'>κενόδοξοι</span> <span class='ocrx_word' id='word_1_434' title='bbox 1179 3653 1280 3722; x_wconf 69' lang='grc'><strong>(4).</strong></span> <span class='ocrx_word' id='word_1_435' title='bbox 1318 3654 1392 3706; x_wconf 84' lang='grc' dir='ltr'><strong>Ού</strong></span> <span class='ocrx_word' id='word_1_436' title='bbox 1419 3654 1617 3717; x_wconf 84' lang='grc' dir='ltr'>πάντες</span> <span class='ocrx_word' id='word_1_437' title='bbox 1643 3654 1699 3707; x_wconf 80' lang='grc' dir='ltr'>δὲ</span> <span class='ocrx_word' id='word_1_438' title='bbox 1722 3655 1770 3707; x_wconf 82' lang='lat' dir='ltr'><strong>oi</strong></span> <span class='ocrx_word' id='word_1_439' title='bbox 1799 3655 1874 3726; x_wconf 79' lang='grc' dir='ltr'><strong>μὴ</strong></span> <span class='ocrx_word' id='word_1_440' title='bbox 1912 3657 2025 3709; x_wconf 79' lang='grc' dir='ltr'>δειο</span> 
     </span>
    </p>
   </div>
   <div class='ocr_carea' id='block_1_65' title="bbox 440 3743 2026 3819">
    <p class='ocr_par' dir='ltr' id='par_1_65' title="bbox 440 3743 2026 3819">
     <span class='ocr_line' id='line_1_65' title="bbox 440 3743 2026 3819; baseline 0.003 -24"><span class='ocrx_word' id='word_1_441' title='bbox 440 3743 670 3809; x_wconf 75' lang='grc' dir='ltr'>λιῶντες</span> <span class='ocrx_word' id='word_1_442' title='bbox 691 3743 1136 3814; x_wconf 86' lang='grc' dir='ltr'>ταπεινόφρονες,</span> <span class='ocrx_word' id='word_1_443' title='bbox 1181 3745 1303 3799; x_wconf 75' lang='grc' dir='ltr'>ἐπεὶ</span> <span class='ocrx_word' id='word_1_444' title='bbox 1329 3747 1423 3799; x_wconf 81' lang='grc' dir='ltr'>καὶ</span> <span class='ocrx_word' id='word_1_445' title='bbox 1449 3744 1643 3819; x_wconf 75' lang='grc' dir='ltr'>λῃσταὶ</span> <span class='ocrx_word' id='word_1_446' title='bbox 1688 3746 1784 3800; x_wconf 76' lang='grc' dir='ltr'>καὶ</span> <span class='ocrx_word' id='word_1_447' title='bbox 1804 3745 2026 3817; x_wconf 86' lang='grc' dir='ltr'>τυμϐω-</span> 
     </span>
    </p>
   </div>
   <div class='ocr_carea' id='block_1_66' title="bbox 451 3834 2029 3910">
    <p class='ocr_par' dir='ltr' id='par_1_66' title="bbox 451 3834 2029 3910">
     <span class='ocr_line' id='line_1_66' title="bbox 451 3834 2029 3910; baseline 0.003 -21"><span class='ocrx_word' id='word_1_448' title='bbox 451 3835 609 3907; x_wconf 81' lang='grc' dir='ltr'>ρύχοι</span> <span class='ocrx_word' id='word_1_449' title='bbox 661 3836 723 3891; x_wconf 83' lang='grc' dir='ltr'>οὐ</span> <span class='ocrx_word' id='word_1_450' title='bbox 768 3835 1140 3891; x_wconf 85' lang='grc' dir='ltr'>δειλιαίνονται</span> <span class='ocrx_word' id='word_1_451' title='bbox 1172 3836 1248 3902; x_wconf 84' lang='grc' dir='ltr'>ὡς</span> <span class='ocrx_word' id='word_1_452' title='bbox 1279 3836 1486 3909; x_wconf 76' lang='grc' dir='ltr'>ἔτυχεν.</span> <span class='ocrx_word' id='word_1_453' title='bbox 1541 3839 1628 3892; x_wconf 90' lang='grc' dir='ltr'>Ἐν</span> <span class='ocrx_word' id='word_1_454' title='bbox 1661 3834 1742 3903; x_wconf 76' lang='grc' dir='ltr'><strong>οἷς</strong></span> <span class='ocrx_word' id='word_1_455' title='bbox 1771 3837 2029 3910; x_wconf 74' lang='grc' dir='ltr'>ἐκδειμα-</span> 
     </span>
    </p>
   </div>
   <div class='ocr_carea' id='block_1_67' title="bbox 454 3924 2033 4001">
    <p class='ocr_par' dir='ltr' id='par_1_67' title="bbox 454 3924 2033 4001">
     <span class='ocr_line' id='line_1_67' title="bbox 454 3924 2033 4001; baseline 0.004 -24"><span class='ocrx_word' id='word_1_456' title='bbox 454 3924 676 3979; x_wconf 81' lang='grc' dir='ltr'>τοῦσθαι</span> <span class='ocrx_word' id='word_1_457' title='bbox 700 3924 897 3989; x_wconf 82' lang='grc' dir='ltr'>εἴωθας</span> <span class='ocrx_word' id='word_1_458' title='bbox 925 3925 1112 3989; x_wconf 89' lang='grc' dir='ltr'>τόποις</span> <span class='ocrx_word' id='word_1_459' title='bbox 1140 3926 1241 3999; x_wconf 82' lang='lat'><strong>(5),</strong></span> <span class='ocrx_word' id='word_1_460' title='bbox 1273 3928 1450 4001; x_wconf 81' lang='grc' dir='ltr'>ἀωρίᾳ</span> <span class='ocrx_word' id='word_1_461' title='bbox 1493 3927 1567 4000; x_wconf 82' lang='grc' dir='ltr'><strong>μὴ</strong></span> <span class='ocrx_word' id='word_1_462' title='bbox 1596 3927 1744 3982; x_wconf 73' lang='grc' dir='ltr'>ὄκνει</span> <span class='ocrx_word' id='word_1_463' title='bbox 1800 3928 2033 3999; x_wconf 88' lang='grc' dir='ltr'>παραγί-</span> 
     </span>
    </p>
   </div>
   <div class='ocr_carea' id='block_1_68' title="bbox 460 4014 2034 4092">
    <p class='ocr_par' dir='ltr' id='par_1_68' title="bbox 460 4014 2034 4092">
     <span class='ocr_line' id='line_1_68' title="bbox 460 4014 2034 4092; baseline 0.004 -23"><span class='ocrx_word' id='word_1_464' title='bbox 460 4014 669 4072; x_wconf 83' lang='grc' dir='ltr'>νεσθαι.</span> <span class='ocrx_word' id='word_1_465' title='bbox 718 4018 781 4071; x_wconf 76' lang='lat' dir='ltr'><strong>Ei</strong></span> <span class='ocrx_word' id='word_1_466' title='bbox 825 4017 882 4071; x_wconf 83' lang='grc' dir='ltr'>δὲ</span> <span class='ocrx_word' id='word_1_467' title='bbox 919 4017 1283 4089; x_wconf 88' lang='grc' dir='ltr'>ύποχαλάσεις</span> <span class='ocrx_word' id='word_1_468' title='bbox 1311 4019 1509 4089; x_wconf 84' lang='grc' dir='ltr'>ὀλίγον,</span> <span class='ocrx_word' id='word_1_469' title='bbox 1563 4020 1899 4092; x_wconf 86' lang='grc' dir='ltr'>συγγηράσει</span> <span class='ocrx_word' id='word_1_470' title='bbox 1951 4038 2034 4075; x_wconf 89' lang='grc' dir='ltr'><strong>σοι</strong></span> 
     </span>
    </p>
   </div>
   <div class='ocr_carea' id='block_1_69' title="bbox 462 4108 2035 4185">
    <p class='ocr_par' dir='ltr' id='par_1_69' title="bbox 462 4108 2035 4185">
     <span class='ocr_line' id='line_1_69' title="bbox 462 4108 2035 4185; baseline 0.003 -23"><span class='ocrx_word' id='word_1_471' title='bbox 462 4108 625 4163; x_wconf 77' lang='grc' dir='ltr'>τοῦτο</span> <span class='ocrx_word' id='word_1_472' title='bbox 649 4109 708 4163; x_wconf 81' lang='grc' dir='ltr'>τὸ</span> <span class='ocrx_word' id='word_1_473' title='bbox 757 4110 1043 4183; x_wconf 82' lang='grc' dir='ltr'>νηπιῶδες.</span> <span class='ocrx_word' id='word_1_474' title='bbox 1059 4110 1249 4175; x_wconf 83' lang='grc' dir='ltr'>πάθος.</span> <span class='ocrx_word' id='word_1_475' title='bbox 1286 4112 1381 4165; x_wconf 58' lang='grc' dir='ltr'><strong>καὶ⁹</strong></span> <span class='ocrx_word' id='word_1_476' title='bbox 1436 4111 1668 4178; x_wconf 83' lang='grc' dir='ltr'>γελοῖον.</span> <span class='ocrx_word' id='word_1_477' title='bbox 1724 4112 2035 4185; x_wconf 85' lang='grc' dir='ltr'>Πορευόμε-</span> 
     </span>
    </p>
   </div>
   <div class='ocr_carea' id='block_1_70' title="bbox 461 4201 2037 4275">
    <p class='ocr_par' dir='ltr' id='par_1_70' title="bbox 461 4201 2037 4275">
     <span class='ocr_line' id='line_1_70' title="bbox 461 4201 2037 4275; baseline 0.003 -22"><span class='ocrx_word' id='word_1_478' title='bbox 461 4217 556 4265; x_wconf 83' lang='grc' dir='ltr'><strong>νος</strong></span> <span class='ocrx_word' id='word_1_479' title='bbox 580 4201 978 4274; x_wconf 79' lang='grc' dir='ltr'>(6),.προσευχῇ</span> <span class='ocrx_word' id='word_1_480' title='bbox 1029 4202 1249 4268; x_wconf 75' lang='grc' dir='ltr'>ὁπλίζου</span> <span class='ocrx_word' id='word_1_481' title='bbox 1277 4220 1292 4236; x_wconf 79' lang='grc' dir='ltr'><strong><em>ο</em></strong></span> <span class='ocrx_word' id='word_1_482' title='bbox 1350 4201 1693 4267; x_wconf 85' lang='grc' dir='ltr'>καταλαϐὼν,</span> <span class='ocrx_word' id='word_1_483' title='bbox 1729 4203 1827 4267; x_wconf 83' lang='grc' dir='ltr'>τὰς</span> <span class='ocrx_word' id='word_1_484' title='bbox 1849 4204 2037 4275; x_wconf 83' lang='grc' dir='ltr'>χεῖρας</span> 
     </span>
    </p>
   </div>
   <div class='ocr_carea' id='block_1_71' title="bbox 456 4292 2038 4366">
    <p class='ocr_par' dir='ltr' id='par_1_71' title="bbox 456 4292 2038 4366">
     <span class='ocr_line' id='line_1_71' title="bbox 456 4292 2038 4366; baseline 0.002 -20"><span class='ocrx_word' id='word_1_485' title='bbox 456 4292 809 4359; x_wconf 87' lang='grc' dir='ltr'>διαπέτασον,</span> <span class='ocrx_word' id='word_1_486' title='bbox 854 4293 1033 4364; x_wconf 81' lang='grc' dir='ltr'>Ἰησοῦ</span> <span class='ocrx_word' id='word_1_487' title='bbox 1079 4295 1305 4366; x_wconf 82' lang='grc' dir='ltr'>ὀνόματι</span> <span class='ocrx_word' id='word_1_488' title='bbox 1341 4295 1569 4366; x_wconf 81' lang='grc' dir='ltr'>μάστιζε</span> <span class='ocrx_word' id='word_1_489' title='bbox 1612 4293 1911 4364; x_wconf 81' lang='grc' dir='ltr'>πολεμίους</span> <span class='ocrx_word' id='word_1_490' title='bbox 1936 4311 1950 4329; x_wconf 78' lang='grc' dir='ltr'><strong><em>ο</em></strong></span> <span class='ocrx_word' id='word_1_491' title='bbox 1975 4296 2038 4349; x_wconf 82' lang='grc' dir='ltr'>οὑ</span> 
     </span>
    </p>
   </div>
   <div class='ocr_carea' id='block_1_72' title="bbox 452 4385 2041 4458">
    <p class='ocr_par' dir='ltr' id='par_1_72' title="bbox 452 4385 2041 4458">
     <span class='ocr_line' id='line_1_72' title="bbox 452 4385 2041 4458; baseline -0.003 -16"><span class='ocrx_word' id='word_1_492' title='bbox 452 4386 570 4458; x_wconf 78' lang='grc' dir='ltr'><strong>γάρ</strong></span> <span class='ocrx_word' id='word_1_493' title='bbox 600 4387 749 4440; x_wconf 78' lang='grc' dir='ltr'>ἐστιν</span> <span class='ocrx_word' id='word_1_494' title='bbox 787 4387 849 4441; x_wconf 79' lang='grc' dir='ltr'>ὲν</span> <span class='ocrx_word' id='word_1_495' title='bbox 887 4385 967 4458; x_wconf 84' lang='grc' dir='ltr'>τῷ</span> <span class='ocrx_word' id='word_1_496' title='bbox 992 4385 1207 4458; x_wconf 81' lang='grc' dir='ltr'>οὐρανῷ</span> <span class='ocrx_word' id='word_1_497' title='bbox 1260 4387 1353 4441; x_wconf 72' lang='grc' dir='ltr'>καὶ</span> <span class='ocrx_word' id='word_1_498' title='bbox 1403 4388 1498 4443; x_wconf 75' lang='grc' dir='ltr'><strong>ἐπὶ</strong></span> <span class='ocrx_word' id='word_1_499' title='bbox 1543 4386 1648 4457; x_wconf 81' lang='grc' dir='ltr'>γῆς</span> <span class='ocrx_word' id='word_1_500' title='bbox 1694 4385 2041 4458; x_wconf 69' lang='grc' dir='ltr'>ἰσχυρότερον</span> 
     </span>
    </p>
   </div>
   <div class='ocr_carea' id='block_1_73' title="bbox 452 4477 2042 4554">
    <p class='ocr_par' dir='ltr' id='par_1_73' title="bbox 452 4477 2042 4554">
     <span class='ocr_line' id='line_1_73' title="bbox 452 4477 2042 4554; baseline -0.001 -21"><span class='ocrx_word' id='word_1_501' title='bbox 452 4479 625 4554; x_wconf 77' lang='grc' dir='ltr'>ὅπλον</span> <span class='ocrx_word' id='word_1_502' title='bbox 652 4497 666 4511; x_wconf 74' lang='grc' dir='ltr'><strong><em>ο</em></strong></span> <span class='ocrx_word' id='word_1_503' title='bbox 703 4479 1037 4549; x_wconf 72' lang='grc' dir='ltr'>ἀπαλλαγεὶς</span> <span class='ocrx_word' id='word_1_504' title='bbox 1070 4481 1168 4551; x_wconf 80' lang='grc' dir='ltr'>τῆς</span> <span class='ocrx_word' id='word_1_505' title='bbox 1188 4481 1345 4534; x_wconf 89' lang='grc' dir='ltr'>νόσου</span> <span class='ocrx_word' id='word_1_506' title='bbox 1375 4480 1604 4551; x_wconf 84' lang='grc' dir='ltr'>ἁνύμνει</span> <span class='ocrx_word' id='word_1_507' title='bbox 1646 4478 1737 4532; x_wconf 79' lang='grc' dir='ltr'><strong>τὸν</strong></span> <span class='ocrx_word' id='word_1_508' title='bbox 1765 4477 2042 4551; x_wconf 86' lang='grc' dir='ltr'>λυτρωσά-</span> 
     </span>
    </p>
   </div>
   <div class='ocr_carea' id='block_1_74' title="bbox 461 4572 2039 4643">
    <p class='ocr_par' dir='ltr' id='par_1_74' title="bbox 461 4572 2039 4643">
     <span class='ocr_line' id='line_1_74' title="bbox 461 4572 2039 4643; baseline 0.001 -20"><span class='ocrx_word' id='word_1_509' title='bbox 461 4587 629 4640; x_wconf 83' lang='grc' dir='ltr'>μενον</span> <span class='ocrx_word' id='word_1_510' title='bbox 651 4587 666 4601; x_wconf 92' lang='grc'><strong>·</strong></span> <span class='ocrx_word' id='word_1_511' title='bbox 702 4572 1194 4642; x_wconf 81' lang='grc' dir='ltr'>εὐχαριστούμενος</span> <span class='ocrx_word' id='word_1_512' title='bbox 1216 4572 1326 4643; x_wconf 82' lang='grc' dir='ltr'><strong>γὰρ</strong></span> <span class='ocrx_word' id='word_1_513' title='bbox 1351 4574 1429 4637; x_wconf 87' lang='grc' dir='ltr'><strong>είς</strong></span> <span class='ocrx_word' id='word_1_514' title='bbox 1450 4573 1622 4626; x_wconf 87' lang='grc' dir='ltr'>αίῶνα</span> <span class='ocrx_word' id='word_1_515' title='bbox 1651 4572 1912 4626; x_wconf 87' lang='grc' dir='ltr'>σκεπάσει</span> <span class='ocrx_word' id='word_1_516' title='bbox 1939 4589 1998 4625; x_wconf 91' lang='grc' dir='ltr'><strong>σε</strong></span> <span class='ocrx_word' id='word_1_517' title='bbox 2025 4589 2039 4603; x_wconf 91' lang='grc'><strong>·</strong></span> 
     </span>
    </p>
   </div>
   <div class='ocr_carea' id='block_1_75' title="bbox 455 4658 2044 4734">
    <p class='ocr_par' dir='ltr' id='par_1_75' title="bbox 455 4658 2044 4734">
     <span class='ocr_line' id='line_1_75' title="bbox 455 4658 2044 4734; baseline 0.003 -24"><span class='ocrx_word' id='word_1_518' title='bbox 455 4658 719 4712; x_wconf 72' lang='grc' dir='ltr'>οὐδέποτε</span> <span class='ocrx_word' id='word_1_519' title='bbox 775 4660 979 4734; x_wconf 74' lang='grc' dir='ltr'>δυνήσῃ</span> <span class='ocrx_word' id='word_1_520' title='bbox 1020 4660 1122 4732; x_wconf 79' lang='grc' dir='ltr'><strong>τὴν</strong></span> <span class='ocrx_word' id='word_1_521' title='bbox 1172 4661 1414 4732; x_wconf 84' lang='grc' dir='ltr'>γαστέρα</span> <span class='ocrx_word' id='word_1_522' title='bbox 1471 4659 1561 4729; x_wconf 82' lang='grc' dir='ltr'><strong>ὑφ’</strong></span> <span class='ocrx_word' id='word_1_523' title='bbox 1606 4658 1665 4713; x_wconf 78' lang='grc' dir='ltr'>ἓν</span> <span class='ocrx_word' id='word_1_524' title='bbox 1722 4659 1996 4733; x_wconf 76' lang='grc' dir='ltr'>ἐμπλῆσαι</span> <span class='ocrx_word' id='word_1_525' title='bbox 2027 4677 2044 4692; x_wconf 76' lang='grc'><em>’</em></span> 
     </span>
    </p>
   </div>
   <div class='ocr_carea' id='block_1_76' title="bbox 457 4748 2043 4823">
    <p class='ocr_par' dir='ltr' id='par_1_76' title="bbox 457 4748 2043 4823">
     <span class='ocr_line' id='line_1_76' title="bbox 457 4748 2043 4823; baseline 0.002 -20"><span class='ocrx_word' id='word_1_526' title='bbox 457 4748 658 4821; x_wconf 77' lang='grc' dir='ltr'>ὥσπερ</span> <span class='ocrx_word' id='word_1_527' title='bbox 719 4750 847 4805; x_wconf 76' lang='grc' dir='ltr'>οὐδὲ</span> <span class='ocrx_word' id='word_1_528' title='bbox 895 4750 1098 4805; x_wconf 79' lang='grc' dir='ltr'>δειλίαν</span> <span class='ocrx_word' id='word_1_529' title='bbox 1133 4751 1354 4821; x_wconf 84' lang='grc' dir='ltr'>νικῆσαι</span> <span class='ocrx_word' id='word_1_530' title='bbox 1382 4770 1395 4782; x_wconf 62' lang='grc' dir='ltr'><strong><em>υ</em></strong></span> <span class='ocrx_word' id='word_1_531' title='bbox 1446 4749 1592 4806; x_wconf 85' lang='grc' dir='ltr'>κατὰ</span> <span class='ocrx_word' id='word_1_532' title='bbox 1619 4751 1680 4805; x_wconf 79' lang='grc' dir='ltr'><strong>τὸ</strong></span> <span class='ocrx_word' id='word_1_533' title='bbox 1716 4751 1913 4823; x_wconf 82' lang='grc' dir='ltr'>μέτρον</span> <span class='ocrx_word' id='word_1_534' title='bbox 1945 4751 2043 4806; x_wconf 83' lang='grc' dir='ltr'>τοῦ</span> 
     </span>
    </p>
   </div>
   <div class='ocr_carea' id='block_1_77' title="bbox 464 4840 2045 4923">
    <p class='ocr_par' dir='ltr' id='par_1_77' title="bbox 464 4840 2045 4923">
     <span class='ocr_line' id='line_1_77' title="bbox 464 4840 2045 4923; baseline 0.003 -31"><span class='ocrx_word' id='word_1_535' title='bbox 464 4840 703 4905; x_wconf 75' lang='grc' dir='ltr'>πένθους</span> <span class='ocrx_word' id='word_1_536' title='bbox 750 4840 943 4896; x_wconf 81' lang='grc' dir='ltr'>θᾶττον</span> <span class='ocrx_word' id='word_1_537' title='bbox 998 4842 1365 4923; x_wconf 77' lang='grc' dir='ltr'>ὑποχωρήσει,</span> <span class='ocrx_word' id='word_1_538' title='bbox 1414 4841 1510 4897; x_wconf 66' lang='lat' dir='ltr'><strong>xui.</strong></span> <span class='ocrx_word' id='word_1_539' title='bbox 1538 4841 1805 4913; x_wconf 59' lang='grc' dir='ltr'>κατὰχτὴν</span> <span class='ocrx_word' id='word_1_540' title='bbox 1836 4843 2045 4897; x_wconf 78' lang='grc' dir='ltr'>ἐκείνου</span> 
     </span>
    </p>
   </div>
   <div class='ocr_carea' id='block_1_78' title="bbox 467 4931 2045 5005">
    <p class='ocr_par' dir='ltr' id='par_1_78' title="bbox 467 4931 2045 5005">
     <span class='ocr_line' id='line_1_78' title="bbox 467 4931 2045 5005; baseline 0.003 -20"><span class='ocrx_word' id='word_1_541' title='bbox 467 4931 711 5002; x_wconf 74' lang='grc' dir='ltr'>ἔλλειψιν</span> <span class='ocrx_word' id='word_1_542' title='bbox 730 4932 895 4987; x_wconf 81' lang='grc' dir='ltr'>δειλοὶ</span> <span class='ocrx_word' id='word_1_543' title='bbox 926 4933 1256 5005; x_wconf 81' lang='grc' dir='ltr'>διαμένομεν</span> <span class='ocrx_word' id='word_1_544' title='bbox 1283 4950 1298 4965; x_wconf 72' lang='grc' dir='ltr'><strong><em>ο</em></strong></span> <span class='ocrx_word' id='word_1_545' title='bbox 1338 4933 1634 5002; x_wconf 73' lang='grc' dir='ltr'>Ἕςρριξάν</span> <span class='ocrx_word' id='word_1_546' title='bbox 1654 4951 1775 5004; x_wconf 86' lang='grc' dir='ltr'><strong>μου</strong></span> <span class='ocrx_word' id='word_1_547' title='bbox 1824 4934 2045 5004; x_wconf 69' lang='grc' dir='ltr'>τρίχες,</span> 
     </span>
    </p>
   </div>
   <div class='ocr_carea' id='block_1_79' title="bbox 468 5023 2050 5098">
    <p class='ocr_par' dir='ltr' id='par_1_79' title="bbox 468 5023 2050 5098">
     <span class='ocr_line' id='line_1_79' title="bbox 468 5023 2050 5098; baseline 0.002 -20"><span class='ocrx_word' id='word_1_548' title='bbox 468 5025 575 5079; x_wconf 72' lang='grc' dir='ltr'><strong>καί</strong></span> <span class='ocrx_word' id='word_1_549' title='bbox 644 5023 890 5095; x_wconf 74' lang='grc' dir='ltr'>σάρκες,</span> <span class='ocrx_word' id='word_1_550' title='bbox 921 5027 949 5079; x_wconf 83' lang='grc' dir='ltr'>ὁ</span> <span class='ocrx_word' id='word_1_551' title='bbox 992 5024 1216 5095; x_wconf 76' lang='grc' dir='ltr'>Ἐλιφᾶζ</span> <span class='ocrx_word' id='word_1_552' title='bbox 1254 5024 1446 5097; x_wconf 74' lang='grc' dir='ltr'>ἔφησε,</span> <span class='ocrx_word' id='word_1_553' title='bbox 1505 5025 1605 5097; x_wconf 72' lang='grc' dir='ltr'><strong>τὴν</strong></span> <span class='ocrx_word' id='word_1_554' title='bbox 1646 5024 1739 5080; x_wconf 81' lang='grc' dir='ltr'><strong>τοῦ</strong></span> <span class='ocrx_word' id='word_1_555' title='bbox 1799 5025 2050 5098; x_wconf 83' lang='grc' dir='ltr'>δαίμονος</span> 
     </span>
    </p>
   </div>
   <div class='ocr_carea' id='block_1_80' title="bbox 470 5115 2051 5189">
    <p class='ocr_par' dir='ltr' id='par_1_80' title="bbox 470 5115 2051 5189">
     <span class='ocr_line' id='line_1_80' title="bbox 470 5115 2051 5189; baseline 0.001 -20"><span class='ocrx_word' id='word_1_556' title='bbox 470 5116 820 5189; x_wconf 68' lang='grc' dir='ltr'>’πανουργίαν</span> <span class='ocrx_word' id='word_1_557' title='bbox 858 5115 1232 5188; x_wconf 80' lang='grc' dir='ltr'>διηγούμενος.</span> <span class='ocrx_word' id='word_1_558' title='bbox 1262 5118 1398 5172; x_wconf 81' lang='grc' dir='ltr'>Ποτὲ</span> <span class='ocrx_word' id='word_1_559' title='bbox 1435 5117 1533 5189; x_wconf 84' lang='grc' dir='ltr'>μὲν</span> <span class='ocrx_word' id='word_1_560' title='bbox 1558 5118 1592 5189; x_wconf 81' lang='grc' dir='ltr'><strong>ή</strong></span> <span class='ocrx_word' id='word_1_561' title='bbox 1635 5116 1803 5188; x_wconf 81' lang='grc' dir='ltr'>ψυχὴ,</span> <span class='ocrx_word' id='word_1_562' title='bbox 1833 5117 1966 5170; x_wconf 79' lang='grc' dir='ltr'>ποτὲ</span> <span class='ocrx_word' id='word_1_563' title='bbox 1992 5116 2051 5171; x_wconf 79' lang='grc' dir='ltr'>δὲ</span> 
     </span>
    </p>
   </div>
   <div class='ocr_carea' id='block_1_81' title="bbox 468 5204 2052 5277">
    <p class='ocr_par' dir='ltr' id='par_1_81' title="bbox 468 5204 2052 5277">
     <span class='ocr_line' id='line_1_81' title="bbox 468 5204 2052 5277; baseline -0.001 -19"><span class='ocrx_word' id='word_1_564' title='bbox 468 5204 537 5258; x_wconf 81' lang='grc' dir='ltr'><strong>τδ</strong></span> <span class='ocrx_word' id='word_1_565' title='bbox 569 5204 725 5272; x_wconf 86' lang='grc' dir='ltr'>σῶμα</span> <span class='ocrx_word' id='word_1_566' title='bbox 783 5205 1155 5276; x_wconf 80' lang='grc' dir='ltr'>προεδειλίασε</span> <span class='ocrx_word' id='word_1_567' title='bbox 1178 5223 1191 5237; x_wconf 76' lang='grc' dir='ltr'><strong>ο</strong></span> <span class='ocrx_word' id='word_1_568' title='bbox 1229 5206 1323 5261; x_wconf 69' lang='grc' dir='ltr'>καὶ.</span> <span class='ocrx_word' id='word_1_569' title='bbox 1365 5204 1442 5277; x_wconf 81' lang='grc' dir='ltr'>τῷ</span> <span class='ocrx_word' id='word_1_570' title='bbox 1485 5205 1659 5276; x_wconf 81' lang='grc' dir='ltr'>ἑτέρῳ</span> <span class='ocrx_word' id='word_1_571' title='bbox 1690 5205 1785 5259; x_wconf 81' lang='grc' dir='ltr'>τοῦ</span> <span class='ocrx_word' id='word_1_572' title='bbox 1842 5205 2052 5268; x_wconf 79' lang='grc' dir='ltr'>πάθους</span> 
     </span>
    </p>
   </div>
   <div class='ocr_carea' id='block_1_82' title="bbox 473 5295 2051 5368">
    <p class='ocr_par' dir='ltr' id='par_1_82' title="bbox 473 5295 2051 5368">
     <span class='ocr_line' id='line_1_82' title="bbox 473 5295 2051 5368; baseline -0.001 -19"><span class='ocrx_word' id='word_1_573' title='bbox 473 5295 803 5367; x_wconf 63' lang='grc' dir='ltr'>μετέδωκεν.</span> <span class='ocrx_word' id='word_1_574' title='bbox 863 5296 1033 5349; x_wconf 82' lang='grc' dir='ltr'>Ὅταν</span> <span class='ocrx_word' id='word_1_575' title='bbox 1079 5296 1180 5367; x_wconf 80' lang='grc' dir='ltr'><strong>τῆς</strong></span> <span class='ocrx_word' id='word_1_576' title='bbox 1216 5296 1417 5368; x_wconf 83' lang='grc' dir='ltr'>σαρκὸς</span> <span class='ocrx_word' id='word_1_577' title='bbox 1449 5295 1834 5366; x_wconf 85' lang='grc' dir='ltr'>δειλανθείσης,</span> <span class='ocrx_word' id='word_1_578' title='bbox 1874 5297 1931 5349; x_wconf 81' lang='grc' dir='ltr'>ὲν</span> <span class='ocrx_word' id='word_1_579' title='bbox 1985 5296 2051 5365; x_wconf 79' lang='grc' dir='ltr'><strong>τῇ</strong></span> 
     </span>
    </p>
   </div>
   <div class='ocr_carea' id='block_1_83' title="bbox 468 5385 2054 5461">
    <p class='ocr_par' dir='ltr' id='par_1_83' title="bbox 468 5385 2054 5461">
     <span class='ocr_line' id='line_1_83' title="bbox 468 5385 2054 5461; baseline -0.001 -20"><span class='ocrx_word' id='word_1_580' title='bbox 468 5388 622 5461; x_wconf 78' lang='grc' dir='ltr'>ψυχῇ</span> <span class='ocrx_word' id='word_1_581' title='bbox 657 5390 686 5441; x_wconf 78' lang='grc' dir='ltr'><strong>δ</strong></span> <span class='ocrx_word' id='word_1_582' title='bbox 719 5388 1175 5460; x_wconf 83' lang='grc' dir='ltr'>φόϐοςὸάκαιρος</span> <span class='ocrx_word' id='word_1_583' title='bbox 1208 5390 1309 5443; x_wconf 82' lang='grc' dir='ltr'><strong>οὐκ</strong></span> <span class='ocrx_word' id='word_1_584' title='bbox 1339 5388 1603 5454; x_wconf 83' lang='grc' dir='ltr'>είσέδυσε,</span> <span class='ocrx_word' id='word_1_585' title='bbox 1636 5386 1863 5458; x_wconf 85' lang='grc' dir='ltr'>πλησίον</span> <span class='ocrx_word' id='word_1_586' title='bbox 1883 5388 1918 5459; x_wconf 80' lang='grc' dir='ltr'>ἡ</span> <span class='ocrx_word' id='word_1_587' title='bbox 1955 5385 2054 5456; x_wconf 81' lang='grc' dir='ltr'>τῆς</span> 
     </span>
    </p>
   </div>
   <div class='ocr_carea' id='block_1_84' title="bbox 474 5473 2059 5551">
    <p class='ocr_par' dir='ltr' id='par_1_84' title="bbox 474 5473 2059 5551">
     <span class='ocr_line' id='line_1_84' title="bbox 474 5473 2059 5551; baseline -0.003 -18"><span class='ocrx_word' id='word_1_588' title='bbox 474 5479 639 5534; x_wconf 86' lang='grc' dir='ltr'>νόσου</span> <span class='ocrx_word' id='word_1_589' title='bbox 667 5478 954 5551; x_wconf 82' lang='grc' dir='ltr'>ἀπαλλαγὴ</span> <span class='ocrx_word' id='word_1_590' title='bbox 982 5496 998 5509; x_wconf 87' lang='grc'><strong>·</strong></span> <span class='ocrx_word' id='word_1_591' title='bbox 1050 5481 1177 5535; x_wconf 84' lang='grc' dir='ltr'>ὅταν</span> <span class='ocrx_word' id='word_1_592' title='bbox 1221 5480 1278 5534; x_wconf 79' lang='grc' dir='ltr'>δὲ</span> <span class='ocrx_word' id='word_1_593' title='bbox 1332 5478 1499 5542; x_wconf 76' lang='grc' dir='ltr'>ὅντως</span> <span class='ocrx_word' id='word_1_594' title='bbox 1523 5476 1726 5540; x_wconf 75' lang='grc' dir='ltr'>δειλίας</span> <span class='ocrx_word' id='word_1_595' title='bbox 1754 5473 2059 5547; x_wconf 76' lang='grc' dir='ltr'>ἠλευθερώ-</span> 
     </span>
    </p>
   </div>
   <div class='ocr_carea' id='block_1_85' title="bbox 478 5565 2058 5645">
    <p class='ocr_par' dir='ltr' id='par_1_85' title="bbox 478 5565 2058 5645">
     <span class='ocr_line' id='line_1_85' title="bbox 478 5565 2058 5645; baseline -0.004 -20"><span class='ocrx_word' id='word_1_596' title='bbox 478 5570 679 5645; x_wconf 86' lang='grc' dir='ltr'>θημεν,</span> <span class='ocrx_word' id='word_1_597' title='bbox 709 5572 771 5627; x_wconf 82' lang='grc' dir='ltr'>οὐ</span> <span class='ocrx_word' id='word_1_598' title='bbox 804 5571 986 5627; x_wconf 85' lang='grc' dir='ltr'>τόπων</span> <span class='ocrx_word' id='word_1_599' title='bbox 1040 5572 1229 5627; x_wconf 83' lang='grc' dir='ltr'>σκοτία</span> <span class='ocrx_word' id='word_1_600' title='bbox 1272 5570 1367 5625; x_wconf 72' lang='grc' dir='ltr'>καὶ</span> <span class='ocrx_word' id='word_1_601' title='bbox 1399 5569 1609 5642; x_wconf 80' lang='grc' dir='ltr'>ἐρημία</span> <span class='ocrx_word' id='word_1_602' title='bbox 1665 5569 1901 5639; x_wconf 73' lang='grc' dir='ltr'>ἐνισχύει</span> <span class='ocrx_word' id='word_1_603' title='bbox 1934 5565 2058 5621; x_wconf 73' lang='grc' dir='ltr'>καθ’</span> 
     </span>
    </p>
   </div>
   <div class='ocr_carea' id='block_1_86' title="bbox 479 5657 2058 5737">
    <p class='ocr_par' dir='ltr' id='par_1_86' title="bbox 479 5657 2058 5737">
     <span class='ocr_line' id='line_1_86' title="bbox 479 5657 2058 5737; baseline -0.003 -22"><span class='ocrx_word' id='word_1_604' title='bbox 479 5662 643 5735; x_wconf 68' lang='grc' dir='ltr'><strong>ἡμῦν</strong></span> <span class='ocrx_word' id='word_1_605' title='bbox 671 5663 797 5728; x_wconf 74' lang='grc' dir='ltr'>τοὺς</span> <span class='ocrx_word' id='word_1_606' title='bbox 824 5664 1109 5737; x_wconf 84' lang='grc' dir='ltr'>δαίμονας,</span> <span class='ocrx_word' id='word_1_607' title='bbox 1143 5663 1279 5718; x_wconf 80' lang='grc' dir='ltr'>ἀλλὰ</span> <span class='ocrx_word' id='word_1_608' title='bbox 1309 5661 1486 5733; x_wconf 79' lang='grc' dir='ltr'>ψυχῆς</span> <span class='ocrx_word' id='word_1_609' title='bbox 1515 5660 1764 5730; x_wconf 82' lang='grc' dir='ltr'>ἀκαρπία</span> <span class='ocrx_word' id='word_1_610' title='bbox 1793 5673 1806 5687; x_wconf 88' lang='grc'><strong>·</strong></span> <span class='ocrx_word' id='word_1_611' title='bbox 1837 5658 1953 5712; x_wconf 78' lang='grc' dir='ltr'>ἔστι</span> <span class='ocrx_word' id='word_1_612' title='bbox 2002 5657 2058 5711; x_wconf 82' lang='grc' dir='ltr'>δὲ</span> 
     </span>
    </p>
   </div>
   <div class='ocr_carea' id='block_1_87' title="bbox 559 5776 1441 5848">
    <p class='ocr_par' dir='ltr' id='par_1_87' title="bbox 559 5776 1441 5848">
     <span class='ocr_line' id='line_1_87' title="bbox 559 5776 1441 5848; baseline -0.008 -9"><span class='ocrx_word' id='word_1_613' title='bbox 559 5782 605 5815; x_wconf 75' lang='grc'><strong>’⁸</strong></span> <span class='ocrx_word' id='word_1_614' title='bbox 626 5779 769 5848; x_wconf 74' lang='lat' dir='ltr'><strong>Psal.</strong></span> <span class='ocrx_word' id='word_1_615' title='bbox 807 5799 844 5847; x_wconf 85' lang='grc' dir='ltr'><strong>ι,</strong></span> <span class='ocrx_word' id='word_1_616' title='bbox 870 5782 926 5836; x_wconf 71' lang='grc'><strong>2.</strong></span> <span class='ocrx_word' id='word_1_617' title='bbox 1050 5779 1095 5812; x_wconf 71' lang='grc' dir='ltr'>δ’</span> <span class='ocrx_word' id='word_1_618' title='bbox 1122 5776 1223 5834; x_wconf 85' lang='lat' dir='ltr'><strong>Job</strong></span> <span class='ocrx_word' id='word_1_619' title='bbox 1253 5794 1325 5843; x_wconf 83' lang='lat' dir='ltr'><strong>tv,</strong></span> <span class='ocrx_word' id='word_1_620' title='bbox 1353 5776 1441 5832; x_wconf 77' lang='grc'><strong>15.</strong></span> 
     </span>
    </p>
   </div>
   <div class='ocr_carea' id='block_1_88' title="bbox 568 5892 1834 5977">
    <p class='ocr_par' dir='ltr' id='par_1_88' title="bbox 568 5892 1834 5977">
     <span class='ocr_line' id='line_1_88' title="bbox 568 5892 1834 5977; baseline -0.002 -24"><span class='ocrx_word' id='word_1_621' title='bbox 568 5901 644 5977; x_wconf 78' lang='grc' dir='ltr'><strong>(α)</strong></span> <span class='ocrx_word' id='word_1_622' title='bbox 676 5901 880 5960; x_wconf 87' lang='lat' dir='ltr'><strong>Desunt</strong></span> <span class='ocrx_word' id='word_1_623' title='bbox 911 5901 1011 5958; x_wconf 85' lang='lat' dir='ltr'><strong>tria</strong></span> <span class='ocrx_word' id='word_1_624' title='bbox 1036 5908 1126 5956; x_wconf 85' lang='lat' dir='ltr'><strong>aut</strong></span> <span class='ocrx_word' id='word_1_625' title='bbox 1157 5905 1389 5970; x_wconf 83' lang='lat' dir='ltr'><strong>quatuor</strong></span> <span class='ocrx_word' id='word_1_626' title='bbox 1426 5894 1584 5953; x_wconf 79' lang='lat' dir='ltr'><strong>verba</strong></span> <span class='ocrx_word' id='word_1_627' title='bbox 1618 5892 1834 5951; x_wconf 81' lang='lat' dir='ltr'><strong>abrasa.</strong></span> 
     </span>
    </p>
   </div>
   <div class='ocr_carea' id='block_1_89' title="bbox 1915 6008 1983 6025">
    <p class='ocr_par' dir='ltr' id='par_1_89' title="bbox 1915 6008 1983 6025">
     <span class='ocr_line' id='line_1_89' title="bbox 1915 6008 1983 6025; baseline 0.015 -5"><span class='ocrx_word' id='word_1_628' title='bbox 1915 6008 1983 6025; x_wconf 49' lang='grc' dir='ltr'>ω,</span> 
     </span>
    </p>
   </div>
   <div class='ocr_carea' id='block_1_90' title="bbox 2126 3448 3721 3525">
    <p class='ocr_par' dir='ltr' id='par_1_90' title="bbox 2126 3448 3721 3525">
     <span class='ocr_line' id='line_1_90' title="bbox 2126 3448 3721 3525; baseline -0.011 -9"><span class='ocrx_word' id='word_1_629' title='bbox 2126 3474 2221 3516; x_wconf 88' lang='lat' dir='ltr'><strong>seu</strong></span> <span class='ocrx_word' id='word_1_630' title='bbox 2251 3455 2585 3513; x_wconf 83' lang='lat' dir='ltr'><strong>formidolosi</strong></span> <span class='ocrx_word' id='word_1_631' title='bbox 2646 3470 2789 3525; x_wconf 57' lang='lat' dir='ltr'><strong>saepe</strong></span> <span class='ocrx_word' id='word_1_632' title='bbox 2837 3452 3241 3516; x_wconf 76' lang='lat' dir='ltr'><strong>exanimantur,</strong></span> <span class='ocrx_word' id='word_1_633' title='bbox 3302 3459 3354 3506; x_wconf 88' lang='lat' dir='ltr'><strong>ct</strong></span> <span class='ocrx_word' id='word_1_634' title='bbox 3413 3450 3467 3504; x_wconf 88' lang='lat' dir='ltr'><strong>in</strong></span> <span class='ocrx_word' id='word_1_635' title='bbox 3524 3448 3721 3501; x_wconf 86' lang='lat' dir='ltr'><strong>mentis</strong></span> 
     </span>
    </p>
   </div>
   <div class='ocr_carea' id='block_1_91' title="bbox 2127 3538 3724 3619">
    <p class='ocr_par' dir='ltr' id='par_1_91' title="bbox 2127 3538 3724 3619">
     <span class='ocr_line' id='line_1_91' title="bbox 2127 3538 3724 3619; baseline -0.011 -14"><span class='ocrx_word' id='word_1_636' title='bbox 2127 3558 2402 3619; x_wconf 78' lang='lat' dir='ltr'><strong>stuporem</strong></span> <span class='ocrx_word' id='word_1_637' title='bbox 2476 3545 2745 3610; x_wconf 89' lang='lat' dir='ltr'><strong>incidunt,</strong></span> <span class='ocrx_word' id='word_1_638' title='bbox 2815 3557 2916 3598; x_wconf 89' lang='lat' dir='ltr'><strong>nec</strong></span> <span class='ocrx_word' id='word_1_639' title='bbox 2988 3557 3120 3598; x_wconf 84' lang='lat' dir='ltr'><strong>sane</strong></span> <span class='ocrx_word' id='word_1_640' title='bbox 3173 3540 3462 3596; x_wconf 82' lang='lat' dir='ltr'><strong>immerito.</strong></span> <span class='ocrx_word' id='word_1_641' title='bbox 3524 3538 3724 3591; x_wconf 79' lang='lat' dir='ltr'><strong>Sancte</strong></span> 
     </span>
    </p>
   </div>
   <div class='ocr_carea' id='block_1_92' title="bbox 2127 3628 3713 3704">
    <p class='ocr_par' dir='ltr' id='par_1_92' title="bbox 2127 3628 3713 3704">
     <span class='ocr_line' id='line_1_92' title="bbox 2127 3628 3713 3704; baseline -0.009 -8"><span class='ocrx_word' id='word_1_642' title='bbox 2127 3641 2273 3696; x_wconf 87' lang='lat' dir='ltr'><strong>enim</strong></span> <span class='ocrx_word' id='word_1_643' title='bbox 2295 3639 2424 3694; x_wconf 77' lang='lat' dir='ltr'><strong>facit</strong></span> <span class='ocrx_word' id='word_1_644' title='bbox 2448 3637 2592 3693; x_wconf 90' lang='lat' dir='ltr'><strong>Deus</strong></span> <span class='ocrx_word' id='word_1_645' title='bbox 2630 3652 2754 3693; x_wconf 89' lang='lat' dir='ltr'><strong>cum</strong></span> <span class='ocrx_word' id='word_1_646' title='bbox 2807 3634 3069 3704; x_wconf 86' lang='lat' dir='ltr'><strong>superbos</strong></span> <span class='ocrx_word' id='word_1_647' title='bbox 3101 3648 3201 3688; x_wconf 90' lang='lat' dir='ltr'><strong>sua</strong></span> <span class='ocrx_word' id='word_1_648' title='bbox 3238 3630 3401 3687; x_wconf 82' lang='lat' dir='ltr'><strong>tutela</strong></span> <span class='ocrx_word' id='word_1_649' title='bbox 3452 3628 3713 3687; x_wconf 75' lang='lat' dir='ltr'><strong>destituit.</strong></span> 
     </span>
    </p>
   </div>
   <div class='ocr_carea' id='block_1_93' title="bbox 2132 3720 3716 3802">
    <p class='ocr_par' dir='ltr' id='par_1_93' title="bbox 2132 3720 3716 3802">
     <span class='ocr_line' id='line_1_93' title="bbox 2132 3720 3716 3802; baseline -0.011 -13"><span class='ocrx_word' id='word_1_650' title='bbox 2132 3734 2210 3789; x_wconf 87' lang='lat' dir='ltr'><strong>uti</strong></span> <span class='ocrx_word' id='word_1_651' title='bbox 2244 3747 2347 3789; x_wconf 89' lang='lat' dir='ltr'><strong>nos</strong></span> <span class='ocrx_word' id='word_1_652' title='bbox 2375 3745 2596 3802; x_wconf 87' lang='lat' dir='ltr'><strong>quoque</strong></span> <span class='ocrx_word' id='word_1_653' title='bbox 2645 3731 2823 3785; x_wconf 86' lang='lat' dir='ltr'><strong>alieno</strong></span> <span class='ocrx_word' id='word_1_654' title='bbox 2885 3727 3030 3782; x_wconf 87' lang='lat' dir='ltr'><strong>malo</strong></span> <span class='ocrx_word' id='word_1_655' title='bbox 3087 3726 3384 3795; x_wconf 87' lang='lat' dir='ltr'><strong>sapiamus,</strong></span> <span class='ocrx_word' id='word_1_656' title='bbox 3412 3730 3465 3777; x_wconf 86' lang='lat' dir='ltr'><strong>et</strong></span> <span class='ocrx_word' id='word_1_657' title='bbox 3515 3720 3716 3776; x_wconf 84' lang='lat' dir='ltr'><strong>cristas</strong></span> 
     </span>
    </p>
   </div>
   <div class='ocr_carea' id='block_1_94' title="bbox 2131 3814 3724 3891">
    <p class='ocr_par' dir='ltr' id='par_1_94' title="bbox 2131 3814 3724 3891">
     <span class='ocr_line' id='line_1_94' title="bbox 2131 3814 3724 3891; baseline -0.013 -8"><span class='ocrx_word' id='word_1_658' title='bbox 2131 3826 2503 3883; x_wconf 90' lang='lat' dir='ltr'><strong>demittamus.</strong></span> <span class='ocrx_word' id='word_1_659' title='bbox 2560 3823 2766 3879; x_wconf 88' lang='lat' dir='ltr'><strong>Omnes</strong></span> <span class='ocrx_word' id='word_1_660' title='bbox 2827 3819 3047 3891; x_wconf 88' lang='lat' dir='ltr'><strong>quidem</strong></span> <span class='ocrx_word' id='word_1_661' title='bbox 3124 3814 3295 3885; x_wconf 83' lang='lat' dir='ltr'><strong>timidi</strong></span> <span class='ocrx_word' id='word_1_662' title='bbox 3364 3823 3492 3870; x_wconf 87' lang='lat' dir='ltr'><strong>sunt</strong></span> <span class='ocrx_word' id='word_1_663' title='bbox 3569 3825 3724 3865; x_wconf 63' lang='lat' dir='ltr'><strong>vana:</strong></span> 
     </span>
    </p>
   </div>
   <div class='ocr_carea' id='block_1_95' title="bbox 2133 3907 3724 3992">
    <p class='ocr_par' dir='ltr' id='par_1_95' title="bbox 2133 3907 3724 3992">
     <span class='ocr_line' id='line_1_95' title="bbox 2133 3907 3724 3992; baseline -0.011 -20"><span class='ocrx_word' id='word_1_664' title='bbox 2133 3919 2319 3992; x_wconf 82' lang='lat' dir='ltr'><strong>gloriae</strong></span> <span class='ocrx_word' id='word_1_665' title='bbox 2366 3915 2611 3983; x_wconf 75' lang='lat' dir='ltr'><strong>obnoxii;</strong></span> <span class='ocrx_word' id='word_1_666' title='bbox 2658 3914 2755 3970; x_wconf 91' lang='lat' dir='ltr'><strong>sed</strong></span> <span class='ocrx_word' id='word_1_667' title='bbox 2793 3928 2901 3968; x_wconf 89' lang='lat' dir='ltr'><strong>non</strong></span> <span class='ocrx_word' id='word_1_668' title='bbox 2951 3925 3143 3966; x_wconf 88' lang='lat' dir='ltr'><strong>omnes</strong></span> <span class='ocrx_word' id='word_1_669' title='bbox 3196 3907 3413 3962; x_wconf 89' lang='lat' dir='ltr'><strong>timoris</strong></span> <span class='ocrx_word' id='word_1_670' title='bbox 3473 3911 3724 3973; x_wconf 78' lang='lat' dir='ltr'><strong>expertes</strong></span> 
     </span>
    </p>
   </div>
   <div class='ocr_carea' id='block_1_96' title="bbox 2137 3993 3723 4067">
    <p class='ocr_par' dir='ltr' id='par_1_96' title="bbox 2137 3993 3723 4067">
     <span class='ocr_line' id='line_1_96' title="bbox 2137 3993 3723 4067; baseline -0.014 -1"><span class='ocrx_word' id='word_1_671' title='bbox 2137 4020 2265 4067; x_wconf 89' lang='lat' dir='ltr'><strong>sunt</strong></span> <span class='ocrx_word' id='word_1_672' title='bbox 2286 4007 2540 4063; x_wconf 82' lang='lat' dir='ltr'><strong>humiles.</strong></span> <span class='ocrx_word' id='word_1_673' title='bbox 2567 4002 2705 4059; x_wconf 83' lang='lat' dir='ltr'><strong>Nam</strong></span> <span class='ocrx_word' id='word_1_674' title='bbox 2733 4012 2787 4058; x_wconf 88' lang='lat' dir='ltr'><strong>et</strong></span> <span class='ocrx_word' id='word_1_675' title='bbox 2819 4002 3060 4057; x_wconf 85' lang='lat' dir='ltr'><strong>latrones</strong></span> <span class='ocrx_word' id='word_1_676' title='bbox 3104 4006 3158 4053; x_wconf 91' lang='lat' dir='ltr'><strong>et</strong></span> <span class='ocrx_word' id='word_1_677' title='bbox 3193 3995 3461 4064; x_wconf 88' lang='lat' dir='ltr'><strong>hustirapi</strong></span> <span class='ocrx_word' id='word_1_678' title='bbox 3487 4008 3578 4048; x_wconf 91' lang='lat' dir='ltr'><strong>seu</strong></span> <span class='ocrx_word' id='word_1_679' title='bbox 3608 3993 3723 4046; x_wconf 88' lang='lat' dir='ltr'><strong>vio-</strong></span> 
     </span>
    </p>
   </div>
   <div class='ocr_carea' id='block_1_97' title="bbox 2135 4082 3725 4168">
    <p class='ocr_par' dir='ltr' id='par_1_97' title="bbox 2135 4082 3725 4168">
     <span class='ocr_line' id='line_1_97' title="bbox 2135 4082 3725 4168; baseline -0.014 -10"><span class='ocrx_word' id='word_1_680' title='bbox 2135 4104 2340 4158; x_wconf 88' lang='lat' dir='ltr'><strong>latores</strong></span> <span class='ocrx_word' id='word_1_681' title='bbox 2372 4097 2747 4168; x_wconf 88' lang='lat' dir='ltr'><strong>sepulcrorum</strong></span> <span class='ocrx_word' id='word_1_682' title='bbox 2788 4091 3081 4163; x_wconf 88' lang='lat' dir='ltr'><strong>aliquando</strong></span> <span class='ocrx_word' id='word_1_683' title='bbox 3108 4104 3216 4144; x_wconf 92' lang='lat' dir='ltr'><strong>non</strong></span> <span class='ocrx_word' id='word_1_684' title='bbox 3265 4088 3477 4141; x_wconf 88' lang='lat' dir='ltr'><strong>timent.</strong></span> <span class='ocrx_word' id='word_1_685' title='bbox 3513 4082 3725 4151; x_wconf 85' lang='lat' dir='ltr'><strong>Quibus</strong></span> 
     </span>
    </p>
   </div>
   <div class='ocr_carea' id='block_1_98' title="bbox 2137 4174 3728 4249">
    <p class='ocr_par' dir='ltr' id='par_1_98' title="bbox 2137 4174 3728 4249">
     <span class='ocr_line' id='line_1_98' title="bbox 2137 4174 3728 4249; baseline -0.013 -2"><span class='ocrx_word' id='word_1_686' title='bbox 2137 4192 2194 4247; x_wconf 90' lang='lat' dir='ltr'><strong>in</strong></span> <span class='ocrx_word' id='word_1_687' title='bbox 2222 4191 2357 4246; x_wconf 90' lang='lat' dir='ltr'><strong>locis</strong></span> <span class='ocrx_word' id='word_1_688' title='bbox 2394 4187 2586 4243; x_wconf 85' lang='lat' dir='ltr'><strong>terreri</strong></span> <span class='ocrx_word' id='word_1_689' title='bbox 2619 4185 2783 4247; x_wconf 86' lang='lat' dir='ltr'><strong>soles,</strong></span> <span class='ocrx_word' id='word_1_690' title='bbox 2819 4183 2937 4237; x_wconf 80' lang='lat' dir='ltr'><strong>haec</strong></span> <span class='ocrx_word' id='word_1_691' title='bbox 2986 4181 3310 4249; x_wconf 88' lang='lat' dir='ltr'><strong>intempesta</strong></span> <span class='ocrx_word' id='word_1_692' title='bbox 3367 4184 3528 4230; x_wconf 88' lang='lat' dir='ltr'><strong>nocte</strong></span> <span class='ocrx_word' id='word_1_693' title='bbox 3575 4174 3728 4229; x_wconf 87' lang='lat' dir='ltr'><strong>adire</strong></span> 
     </span>
    </p>
   </div>
   <div class='ocr_carea' id='block_1_99' title="bbox 2138 4263 3727 4342">
    <p class='ocr_par' dir='ltr' id='par_1_99' title="bbox 2138 4263 3727 4342">
     <span class='ocr_line' id='line_1_99' title="bbox 2138 4263 3727 4342; baseline -0.013 -4"><span class='ocrx_word' id='word_1_694' title='bbox 2138 4283 2217 4338; x_wconf 89' lang='lat' dir='ltr'><strong>nil</strong></span> <span class='ocrx_word' id='word_1_695' title='bbox 2246 4279 2539 4336; x_wconf 88' lang='lat' dir='ltr'><strong>cuucteris.</strong></span> <span class='ocrx_word' id='word_1_696' title='bbox 2567 4275 2625 4332; x_wconf 89' lang='lat' dir='ltr'><strong>Si</strong></span> <span class='ocrx_word' id='word_1_697' title='bbox 2648 4289 2780 4332; x_wconf 81' lang='lat' dir='ltr'><strong>vero</strong></span> <span class='ocrx_word' id='word_1_698' title='bbox 2830 4274 2915 4328; x_wconf 88' lang='lat' dir='ltr'><strong>bis</strong></span> <span class='ocrx_word' id='word_1_699' title='bbox 2961 4265 3612 4342; x_wconf 75' lang='lat' dir='ltr'><strong>273&#39;terriculamentis</strong></span> <span class='ocrx_word' id='word_1_700' title='bbox 3642 4263 3727 4318; x_wconf 87' lang='lat' dir='ltr'><strong>vel</strong></span> 
     </span>
    </p>
   </div>
   <div class='ocr_carea' id='block_1_100' title="bbox 2142 4355 3729 4431">
    <p class='ocr_par' dir='ltr' id='par_1_100' title="bbox 2142 4355 3729 4431">
     <span class='ocr_line' id='line_1_100' title="bbox 2142 4355 3729 4431; baseline -0.013 -5"><span class='ocrx_word' id='word_1_701' title='bbox 2142 4370 2411 4427; x_wconf 87' lang='lat' dir='ltr'><strong>medicum</strong></span> <span class='ocrx_word' id='word_1_702' title='bbox 2444 4367 2674 4423; x_wconf 89' lang='lat' dir='ltr'><strong>cesseris</strong></span> <span class='ocrx_word' id='word_1_703' title='bbox 2696 4373 2747 4419; x_wconf 87' lang='lat' dir='ltr'><strong>et</strong></span> <span class='ocrx_word' id='word_1_704' title='bbox 2779 4363 3092 4427; x_wconf 81' lang='lat' dir='ltr'><strong>indulseris,</strong></span> <span class='ocrx_word' id='word_1_705' title='bbox 3125 4359 3348 4431; x_wconf 87' lang='lat' dir='ltr'><strong>puerilis</strong></span> <span class='ocrx_word' id='word_1_706' title='bbox 3391 4357 3478 4412; x_wconf 86' lang='lat' dir='ltr'><strong>hic</strong></span> <span class='ocrx_word' id='word_1_707' title='bbox 3505 4366 3559 4411; x_wconf 91' lang='lat' dir='ltr'><strong>et</strong></span> <span class='ocrx_word' id='word_1_708' title='bbox 3594 4355 3729 4410; x_wconf 89' lang='lat' dir='ltr'><strong>ridi-</strong></span> 
     </span>
    </p>
   </div>
   <div class='ocr_carea' id='block_1_101' title="bbox 2144 4445 3730 4514">
    <p class='ocr_par' dir='ltr' id='par_1_101' title="bbox 2144 4445 3730 4514">
     <span class='ocr_line' id='line_1_101' title="bbox 2144 4445 3730 4514; baseline -0.011 0"><span class='ocrx_word' id='word_1_709' title='bbox 2144 4458 2301 4514; x_wconf 85' lang='lat' dir='ltr'><strong>culus</strong></span> <span class='ocrx_word' id='word_1_710' title='bbox 2334 4455 2562 4512; x_wconf 75' lang='lat' dir='ltr'><strong>aﬁ‘eetus</strong></span> <span class='ocrx_word' id='word_1_711' title='bbox 2595 4461 2652 4509; x_wconf 83' lang='lat' dir='ltr'><strong>et</strong></span> <span class='ocrx_word' id='word_1_712' title='bbox 2678 4460 2855 4507; x_wconf 83' lang='lat' dir='ltr'><strong>metus</strong></span> <span class='ocrx_word' id='word_1_713' title='bbox 2875 4460 3053 4506; x_wconf 84' lang='lat' dir='ltr'><strong>tecum</strong></span> <span class='ocrx_word' id='word_1_714' title='bbox 3084 4454 3456 4504; x_wconf 84' lang='lat' dir='ltr'><strong>consenescet.</strong></span> <span class='ocrx_word' id='word_1_715' title='bbox 3490 4445 3625 4500; x_wconf 85' lang='lat' dir='ltr'><strong>Cum</strong></span> <span class='ocrx_word' id='word_1_716' title='bbox 3661 4445 3730 4498; x_wconf 88' lang='lat' dir='ltr'><strong>ad</strong></span> 
     </span>
    </p>
   </div>
   <div class='ocr_carea' id='block_1_102' title="bbox 2145 4538 3733 4610">
    <p class='ocr_par' dir='ltr' id='par_1_102' title="bbox 2145 4538 3733 4610">
     <span class='ocr_line' id='line_1_102' title="bbox 2145 4538 3733 4610; baseline -0.011 -3"><span class='ocrx_word' id='word_1_717' title='bbox 2145 4548 2423 4607; x_wconf 86' lang='lat' dir='ltr'><strong>horrentia</strong></span> <span class='ocrx_word' id='word_1_718' title='bbox 2457 4547 2549 4602; x_wconf 88' lang='lat' dir='ltr'><strong>illa</strong></span> <span class='ocrx_word' id='word_1_719' title='bbox 2566 4545 2684 4601; x_wconf 90' lang='lat' dir='ltr'><strong>loca</strong></span> <span class='ocrx_word' id='word_1_720' title='bbox 2711 4552 2764 4600; x_wconf 89' lang='lat' dir='ltr'><strong>te</strong></span> <span class='ocrx_word' id='word_1_721' title='bbox 2789 4541 3027 4606; x_wconf 83' lang='lat' dir='ltr'><strong>confers,</strong></span> <span class='ocrx_word' id='word_1_722' title='bbox 3058 4542 3178 4597; x_wconf 86' lang='lat' dir='ltr'><strong>vide</strong></span> <span class='ocrx_word' id='word_1_723' title='bbox 3202 4549 3261 4595; x_wconf 91' lang='lat' dir='ltr'><strong>ut</strong></span> <span class='ocrx_word' id='word_1_724' title='bbox 3278 4538 3531 4610; x_wconf 85' lang='lat' dir='ltr'><strong>precibus</strong></span> <span class='ocrx_word' id='word_1_725' title='bbox 3550 4551 3733 4592; x_wconf 80' lang='lat' dir='ltr'><strong>arma-</strong></span> 
     </span>
    </p>
   </div>
   <div class='ocr_carea' id='block_1_103' title="bbox 2149 4629 3733 4712">
    <p class='ocr_par' dir='ltr' id='par_1_103' title="bbox 2149 4629 3733 4712">
     <span class='ocr_line' id='line_1_103' title="bbox 2149 4629 3733 4712; baseline -0.009 -14"><span class='ocrx_word' id='word_1_726' title='bbox 2149 4652 2240 4699; x_wconf 87' lang='lat' dir='ltr'><strong>tus</strong></span> <span class='ocrx_word' id='word_1_727' title='bbox 2254 4638 2569 4712; x_wconf 73' lang='lat' dir='ltr'><strong>egrediaris.</strong></span> <span class='ocrx_word' id='word_1_728' title='bbox 2588 4637 2816 4705; x_wconf 89' lang='lat' dir='ltr'><strong>Quando</strong></span> <span class='ocrx_word' id='word_1_729' title='bbox 2828 4650 2893 4690; x_wconf 92' lang='lat' dir='ltr'><strong>eo</strong></span> <span class='ocrx_word' id='word_1_730' title='bbox 2911 4633 3243 4705; x_wconf 82' lang='lat' dir='ltr'><strong>perveneris,</strong></span> <span class='ocrx_word' id='word_1_731' title='bbox 3284 4632 3460 4701; x_wconf 90' lang='lat' dir='ltr'><strong>passis</strong></span> <span class='ocrx_word' id='word_1_732' title='bbox 3481 4629 3733 4684; x_wconf 81' lang='lat' dir='ltr'><strong>inanibus</strong></span> 
     </span>
    </p>
   </div>
   <div class='ocr_carea' id='block_1_104' title="bbox 2076 4703 3734 4805">
    <p class='ocr_par' dir='ltr' id='par_1_104' title="bbox 2076 4703 3734 4805">
     <span class='ocr_line' id='line_1_104' title="bbox 2076 4703 3734 4805; baseline -0.01 -15"><span class='ocrx_word' id='word_1_733' title='bbox 2076 4703 2123 4759; x_wconf 69' lang='grc' dir='ltr'><strong>ι)</strong></span> <span class='ocrx_word' id='word_1_734' title='bbox 2152 4703 2444 4805; x_wconf 71' lang='lat' dir='ltr'><strong>implorato</strong></span> <span class='ocrx_word' id='word_1_735' title='bbox 2468 4703 2689 4786; x_wconf 77' lang='lat' dir='ltr'><strong>nomine</strong></span> <span class='ocrx_word' id='word_1_736' title='bbox 2716 4727 2843 4783; x_wconf 72' lang='lat' dir='ltr'><strong>Iesu</strong></span> <span class='ocrx_word' id='word_1_737' title='bbox 2879 4703 3062 4782; x_wconf 80' lang='lat' dir='ltr'><strong>hostes</strong></span> <span class='ocrx_word' id='word_1_738' title='bbox 3092 4725 3258 4780; x_wconf 61' lang='lat' dir='ltr'><strong>caede.</strong></span> <span class='ocrx_word' id='word_1_739' title='bbox 3287 4723 3472 4796; x_wconf 87' lang='lat' dir='ltr'><strong>Neque</strong></span> <span class='ocrx_word' id='word_1_740' title='bbox 3509 4721 3652 4777; x_wconf 87' lang='lat' dir='ltr'><strong>enim</strong></span> <span class='ocrx_word' id='word_1_741' title='bbox 3676 4721 3734 4775; x_wconf 87' lang='lat' dir='ltr'><strong>in</strong></span> 
     </span>
    </p>
   </div>
   <div class='ocr_carea' id='block_1_105' title="bbox 2153 4810 3733 4896">
    <p class='ocr_par' dir='ltr' id='par_1_105' title="bbox 2153 4810 3733 4896">
     <span class='ocr_line' id='line_1_105' title="bbox 2153 4810 3733 4896; baseline -0.008 -13"><span class='ocrx_word' id='word_1_742' title='bbox 2153 4827 2294 4884; x_wconf 69' lang='lat' dir='ltr'><strong>cutio</strong></span> <span class='ocrx_word' id='word_1_743' title='bbox 2318 4840 2495 4896; x_wconf 87' lang='lat' dir='ltr'><strong>neque</strong></span> <span class='ocrx_word' id='word_1_744' title='bbox 2544 4824 2601 4878; x_wconf 92' lang='lat' dir='ltr'><strong>in</strong></span> <span class='ocrx_word' id='word_1_745' title='bbox 2660 4830 2804 4876; x_wconf 88' lang='lat' dir='ltr'><strong>terra</strong></span> <span class='ocrx_word' id='word_1_746' title='bbox 2850 4827 2980 4874; x_wconf 90' lang='lat' dir='ltr'><strong>sunt</strong></span> <span class='ocrx_word' id='word_1_747' title='bbox 3025 4817 3333 4889; x_wconf 90' lang='lat' dir='ltr'><strong>potentiora</strong></span> <span class='ocrx_word' id='word_1_748' title='bbox 3396 4828 3569 4870; x_wconf 87' lang='lat' dir='ltr'><strong>arma.</strong></span> <span class='ocrx_word' id='word_1_749' title='bbox 3631 4810 3733 4870; x_wconf 85' lang='lat' dir='ltr'><strong>Ubi</strong></span> 
     </span>
    </p>
   </div>
   <div class='ocr_carea' id='block_1_106' title="bbox 2154 4905 3733 4983">
    <p class='ocr_par' dir='ltr' id='par_1_106' title="bbox 2154 4905 3733 4983">
     <span class='ocr_line' id='line_1_106' title="bbox 2154 4905 3733 4983; baseline -0.011 -7"><span class='ocrx_word' id='word_1_750' title='bbox 2154 4918 2396 4976; x_wconf 88' lang='lat' dir='ltr'><strong>evaseris</strong></span> <span class='ocrx_word' id='word_1_751' title='bbox 2425 4931 2489 4971; x_wconf 85' lang='lat' dir='ltr'><strong>ex</strong></span> <span class='ocrx_word' id='word_1_752' title='bbox 2509 4917 2614 4970; x_wconf 86' lang='lat' dir='ltr'><strong>hoc</strong></span> <span class='ocrx_word' id='word_1_753' title='bbox 2642 4913 2852 4978; x_wconf 86' lang='lat' dir='ltr'><strong>morbo,</strong></span> <span class='ocrx_word' id='word_1_754' title='bbox 2870 4908 3433 4983; x_wconf 76' lang='lat' dir='ltr'><strong>gratulareliberatori</strong></span> <span class='ocrx_word' id='word_1_755' title='bbox 3454 4916 3546 4962; x_wconf 85' lang='lat' dir='ltr'><strong>tuo</strong></span> <span class='ocrx_word' id='word_1_756' title='bbox 3565 4905 3733 4959; x_wconf 84' lang='lat' dir='ltr'><strong>vieto-</strong></span> 
     </span>
    </p>
   </div>
   <div class='ocr_carea' id='block_1_107' title="bbox 2157 5000 3733 5076">
    <p class='ocr_par' dir='ltr' id='par_1_107' title="bbox 2157 5000 3733 5076">
     <span class='ocr_line' id='line_1_107' title="bbox 2157 5000 3733 5076; baseline -0.011 -9"><span class='ocrx_word' id='word_1_757' title='bbox 2157 5013 2316 5076; x_wconf 83' lang='lat' dir='ltr'><strong>riam,</strong></span> <span class='ocrx_word' id='word_1_758' title='bbox 2354 5008 2515 5066; x_wconf 89' lang='lat' dir='ltr'><strong>lauda</strong></span> <span class='ocrx_word' id='word_1_759' title='bbox 2547 5007 2724 5072; x_wconf 89' lang='lat' dir='ltr'><strong>illum,</strong></span> <span class='ocrx_word' id='word_1_760' title='bbox 2772 5014 2986 5076; x_wconf 81' lang='lat' dir='ltr'><strong>gratum</strong></span> <span class='ocrx_word' id='word_1_761' title='bbox 3020 5003 3166 5060; x_wconf 87' lang='lat' dir='ltr'><strong>enim</strong></span> <span class='ocrx_word' id='word_1_762' title='bbox 3205 5000 3469 5058; x_wconf 85' lang='lat' dir='ltr'><strong>tutabitur</strong></span> <span class='ocrx_word' id='word_1_763' title='bbox 3497 5011 3733 5066; x_wconf 86' lang='lat' dir='ltr'><strong>semper.</strong></span> 
     </span>
    </p>
   </div>
   <div class='ocr_carea' id='block_1_108' title="bbox 2158 5090 3761 5172">
    <p class='ocr_par' dir='ltr' id='par_1_108' title="bbox 2158 5090 3761 5172">
     <span class='ocr_line' id='line_1_108' title="bbox 2158 5090 3761 5172; baseline -0.011 -12"><span class='ocrx_word' id='word_1_764' title='bbox 2158 5099 2628 5172; x_wconf 86' lang='lat' dir='ltr'><strong>Quemadmodum</strong></span> <span class='ocrx_word' id='word_1_765' title='bbox 2659 5113 2767 5154; x_wconf 90' lang='lat' dir='ltr'><strong>non</strong></span> <span class='ocrx_word' id='word_1_766' title='bbox 2794 5112 2903 5153; x_wconf 90' lang='lat' dir='ltr'><strong>uno</strong></span> <span class='ocrx_word' id='word_1_767' title='bbox 2959 5103 3236 5153; x_wconf 90' lang='lat' dir='ltr'><strong>momento</strong></span> <span class='ocrx_word' id='word_1_768' title='bbox 3282 5090 3526 5163; x_wconf 85' lang='lat' dir='ltr'><strong>placabis</strong></span> <span class='ocrx_word' id='word_1_769' title='bbox 3549 5098 3606 5145; x_wconf 86' lang='lat' dir='ltr'><strong>et</strong></span> <span class='ocrx_word' id='word_1_770' title='bbox 3645 5105 3761 5145; x_wconf 59' lang='lat' dir='ltr'><strong>sac-</strong></span> 
     </span>
    </p>
   </div>
   <div class='ocr_carea' id='block_1_109' title="bbox 2159 5179 3741 5259">
    <p class='ocr_par' dir='ltr' id='par_1_109' title="bbox 2159 5179 3741 5259">
     <span class='ocr_line' id='line_1_109' title="bbox 2159 5179 3741 5259; baseline -0.009 -8"><span class='ocrx_word' id='word_1_771' title='bbox 2159 5194 2370 5251; x_wconf 88' lang='lat' dir='ltr'><strong>turabis</strong></span> <span class='ocrx_word' id='word_1_772' title='bbox 2399 5201 2663 5255; x_wconf 88' lang='lat' dir='ltr'><strong>ventrem,</strong></span> <span class='ocrx_word' id='word_1_773' title='bbox 2706 5188 2778 5246; x_wconf 88' lang='lat' dir='ltr'><strong>ita</strong></span> <span class='ocrx_word' id='word_1_774' title='bbox 2817 5204 2920 5244; x_wconf 88' lang='lat' dir='ltr'><strong>nec</strong></span> <span class='ocrx_word' id='word_1_775' title='bbox 2969 5202 3222 5259; x_wconf 85' lang='lat' dir='ltr'><strong>pavorem</strong></span> <span class='ocrx_word' id='word_1_776' title='bbox 3276 5184 3422 5238; x_wconf 85' lang='lat' dir='ltr'><strong>hunc</strong></span> <span class='ocrx_word' id='word_1_777' title='bbox 3464 5179 3741 5251; x_wconf 81' lang='lat' dir='ltr'><strong>extemplo</strong></span> 
     </span>
    </p>
   </div>
   <div class='ocr_carea' id='block_1_110' title="bbox 2160 5272 3742 5360">
    <p class='ocr_par' dir='ltr' id='par_1_110' title="bbox 2160 5272 3742 5360">
     <span class='ocr_line' id='line_1_110' title="bbox 2160 5272 3742 5360; baseline -0.012 -16"><span class='ocrx_word' id='word_1_778' title='bbox 2160 5287 2337 5360; x_wconf 88' lang='lat' dir='ltr'><strong>pellis,</strong></span> <span class='ocrx_word' id='word_1_779' title='bbox 2367 5284 2460 5341; x_wconf 90' lang='lat' dir='ltr'><strong>sed</strong></span> <span class='ocrx_word' id='word_1_780' title='bbox 2495 5297 2595 5358; x_wconf 75' lang='lat' dir='ltr'><strong>pro</strong></span> <span class='ocrx_word' id='word_1_781' title='bbox 2626 5282 2834 5337; x_wconf 88' lang='lat' dir='ltr'><strong>ratione</strong></span> <span class='ocrx_word' id='word_1_782' title='bbox 2863 5278 3095 5336; x_wconf 90' lang='lat' dir='ltr'><strong>etmodo</strong></span> <span class='ocrx_word' id='word_1_783' title='bbox 3111 5275 3284 5334; x_wconf 89' lang='lat' dir='ltr'><strong>sancti</strong></span> <span class='ocrx_word' id='word_1_784' title='bbox 3307 5275 3488 5329; x_wconf 83' lang='lat' dir='ltr'><strong>luctus</strong></span> <span class='ocrx_word' id='word_1_785' title='bbox 3510 5272 3742 5328; x_wconf 88' lang='lat' dir='ltr'><strong>celerius</strong></span> 
     </span>
    </p>
   </div>
   <div class='ocr_carea' id='block_1_111' title="bbox 2162 5363 3738 5447">
    <p class='ocr_par' dir='ltr' id='par_1_111' title="bbox 2162 5363 3738 5447">
     <span class='ocr_line' id='line_1_111' title="bbox 2162 5363 3738 5447; baseline -0.013 -12"><span class='ocrx_word' id='word_1_786' title='bbox 2162 5379 2405 5444; x_wconf 88' lang='lat' dir='ltr'><strong>decedet,</strong></span> <span class='ocrx_word' id='word_1_787' title='bbox 2446 5385 2520 5440; x_wconf 88' lang='lat' dir='ltr'><strong>et,</strong></span> <span class='ocrx_word' id='word_1_788' title='bbox 2546 5391 2643 5447; x_wconf 88' lang='lat' dir='ltr'><strong>pro</strong></span> <span class='ocrx_word' id='word_1_789' title='bbox 2666 5374 2830 5428; x_wconf 89' lang='lat' dir='ltr'><strong>modo</strong></span> <span class='ocrx_word' id='word_1_790' title='bbox 2867 5370 3112 5427; x_wconf 90' lang='lat' dir='ltr'><strong>defectus</strong></span> <span class='ocrx_word' id='word_1_791' title='bbox 3157 5368 3302 5423; x_wconf 86' lang='lat' dir='ltr'><strong>illius</strong></span> <span class='ocrx_word' id='word_1_792' title='bbox 3341 5363 3521 5437; x_wconf 84' lang='lat' dir='ltr'><strong>pavidi</strong></span> <span class='ocrx_word' id='word_1_793' title='bbox 3550 5378 3738 5417; x_wconf 85' lang='lat' dir='ltr'><strong>manc-</strong></span> 
     </span>
    </p>
   </div>
   <div class='ocr_carea' id='block_1_112' title="bbox 2162 5450 3734 5531">
    <p class='ocr_par' dir='ltr' id='par_1_112' title="bbox 2162 5450 3734 5531">
     <span class='ocr_line' id='line_1_112' title="bbox 2162 5450 3734 5531; baseline -0.013 -8"><span class='ocrx_word' id='word_1_794' title='bbox 2162 5470 2363 5525; x_wconf 89' lang='lat' dir='ltr'><strong>bimus.</strong></span> <span class='ocrx_word' id='word_1_795' title='bbox 2398 5466 2784 5521; x_wconf 82' lang='lat' dir='ltr'><strong>lnhorruerunt</strong></span> <span class='ocrx_word' id='word_1_796' title='bbox 2806 5462 2904 5531; x_wconf 83' lang='lat' dir='ltr'><strong>pili</strong></span> <span class='ocrx_word' id='word_1_797' title='bbox 2945 5470 2993 5515; x_wconf 86' lang='lat' dir='ltr'><strong>et</strong></span> <span class='ocrx_word' id='word_1_798' title='bbox 3030 5474 3212 5513; x_wconf 77' lang='lat' dir='ltr'><strong>carnes</strong></span> <span class='ocrx_word' id='word_1_799' title='bbox 3243 5471 3392 5520; x_wconf 79' lang='lat' dir='ltr'><strong>metr,</strong></span> <span class='ocrx_word' id='word_1_800' title='bbox 3421 5452 3600 5522; x_wconf 90' lang='lat' dir='ltr'><strong>inquit</strong></span> <span class='ocrx_word' id='word_1_801' title='bbox 3631 5450 3734 5504; x_wconf 81' lang='lat' dir='ltr'><strong>Eli-</strong></span> 
     </span>
    </p>
   </div>
   <div class='ocr_carea' id='block_1_113' title="bbox 2160 5541 3742 5633">
    <p class='ocr_par' dir='ltr' id='par_1_113' title="bbox 2160 5541 3742 5633">
     <span class='ocr_line' id='line_1_113' title="bbox 2160 5541 3742 5633; baseline -0.014 -18"><span class='ocrx_word' id='word_1_802' title='bbox 2160 5562 2322 5633; x_wconf 87' lang='lat' dir='ltr'><strong>phaz,</strong></span> <span class='ocrx_word' id='word_1_803' title='bbox 2344 5559 2473 5613; x_wconf 87' lang='lat' dir='ltr'><strong>dum</strong></span> <span class='ocrx_word' id='word_1_804' title='bbox 2499 5557 2627 5612; x_wconf 90' lang='lat' dir='ltr'><strong>mali</strong></span> <span class='ocrx_word' id='word_1_805' title='bbox 2649 5555 2914 5611; x_wconf 64' lang='lat' dir='ltr'><strong>daemonis</strong></span> <span class='ocrx_word' id='word_1_806' title='bbox 2937 5552 3111 5607; x_wconf 87' lang='lat' dir='ltr'><strong>malas</strong></span> <span class='ocrx_word' id='word_1_807' title='bbox 3127 5558 3271 5605; x_wconf 80' lang='lat' dir='ltr'><strong>artes</strong></span> <span class='ocrx_word' id='word_1_808' title='bbox 3292 5545 3533 5602; x_wconf 87' lang='lat' dir='ltr'><strong>ostendit</strong></span> <span class='ocrx_word' id='word_1_809' title='bbox 3548 5544 3620 5597; x_wconf 70' lang='grc' dir='ltr'><strong>θ’.</strong></span> <span class='ocrx_word' id='word_1_810' title='bbox 3647 5541 3742 5595; x_wconf 79' lang='lat' dir='ltr'><strong>Est</strong></span> 
     </span>
    </p>
   </div>
   <div class='ocr_carea' id='block_1_114' title="bbox 2162 5633 3743 5724">
    <p class='ocr_par' dir='ltr' id='par_1_114' title="bbox 2162 5633 3743 5724">
     <span class='ocr_line' id='line_1_114' title="bbox 2162 5633 3743 5724; baseline -0.016 -13"><span class='ocrx_word' id='word_1_811' title='bbox 2162 5670 2285 5711; x_wconf 86' lang='lat' dir='ltr'><strong>cum</strong></span> <span class='ocrx_word' id='word_1_812' title='bbox 2310 5653 2462 5724; x_wconf 90' lang='lat' dir='ltr'><strong>prius</strong></span> <span class='ocrx_word' id='word_1_813' title='bbox 2494 5650 2697 5715; x_wconf 85' lang='lat' dir='ltr'><strong>anima,</strong></span> <span class='ocrx_word' id='word_1_814' title='bbox 2735 5658 2820 5703; x_wconf 88' lang='lat' dir='ltr'><strong>est</strong></span> <span class='ocrx_word' id='word_1_815' title='bbox 2844 5661 2969 5702; x_wconf 88' lang='lat' dir='ltr'><strong>eum</strong></span> <span class='ocrx_word' id='word_1_816' title='bbox 3002 5657 3202 5713; x_wconf 90' lang='lat' dir='ltr'><strong>corpus</strong></span> <span class='ocrx_word' id='word_1_817' title='bbox 3223 5639 3497 5710; x_wconf 84' lang='lat' dir='ltr'><strong>trepidare</strong></span> <span class='ocrx_word' id='word_1_818' title='bbox 3532 5633 3743 5705; x_wconf 84' lang='lat' dir='ltr'><strong>incipit,</strong></span> 
     </span>
    </p>
   </div>
   <div class='ocr_carea' id='block_1_115' title="bbox 2248 5879 3583 5981">
    <p class='ocr_par' dir='ltr' id='par_1_115' title="bbox 2248 5879 3583 5981">
     <span class='ocr_line' id='line_1_115' title="bbox 2248 5879 3583 5981; baseline -0.013 -38"><span class='ocrx_word' id='word_1_819' title='bbox 2248 5898 2321 5962; x_wconf 66' lang='grc' dir='ltr'><strong>(ο)</strong></span> <span class='ocrx_word' id='word_1_820' title='bbox 2361 5892 2516 5945; x_wconf 79' lang='lat' dir='ltr'><strong>Deest</strong></span> <span class='ocrx_word' id='word_1_821' title='bbox 2560 5898 2701 5939; x_wconf 82' lang='lat' dir='ltr'><strong>unus</strong></span> <span class='ocrx_word' id='word_1_822' title='bbox 2740 5896 2925 5938; x_wconf 76' lang='lat' dir='ltr'><strong>versus</strong></span> <span class='ocrx_word' id='word_1_823' title='bbox 2961 5879 3209 5934; x_wconf 82' lang='lat' dir='ltr'><strong>abrasus.</strong></span> <span class='ocrx_word' id='word_1_824' title='bbox 3552 5952 3583 5981; x_wconf 51' lang='lat'><strong>3</strong></span> 
     </span>
    </p>
   </div>
  </div>
