4042 6496
437 421 533 487 951
1694 422 1755 482 S.
1777 421 2029 484 ῙΟΑΝΝῙ

2135 423 2436 485 CLIMACI
3602 418 3704 484 952

515 539 726 595 Excelsi
775 539 997 609 quidem
1045 536 1213 592 animi
1259 543 1345 592 est
1389 547 1655 606 generoso
1705 544 1925 606 pectore
1966 545 2020 590 et

2214 540 2463 610 ’Υψηλῶν
2488 542 2607 612 μὲν,
2642 541 2702 596 τὸ
2732 541 3050 610 ὑπενεγκεῖν
3089 537 3349 609 γενναίως
3398 533 3492 591 καὶ
3534 533 3704 603 daps-

440 639 695 703 prompto
728 632 916 687 animo
944 631 1172 700 injurias
1213 639 1269 683 et
1311 627 1672 684 contumelias
1703 626 1932 683 sufferre
1968 636 2025 682 et

2135 648 2236 695 νως
2263 631 2441 704 ὓϐριν.
2480 631 2674 701 ’Ᾱγῐων
2702 634 2759 687 δὲ
2794 633 2888 687 καὶ
2916 632 3100 699 ὁσίων,
3133 629 3194 685 τὸ
3218 628 3472 691 ἀϐλαϐῶς
3501 624 3705 697 παρελ-

441 727 777 795 decoquere;
823 722 920 779 sed
981 721 1125 776 nulla
1183 719 1307 789 capi
1364 719 1542 775 laudis
1599 717 1889 774 dulcedine
1941 726 2026 773 est

2135 720 2243 773 θεῖν
2287 721 2376 775 τὸν
2414 721 2652 777 ἔπαινον.
2708 718 2861 776 Εἶδον
2912 720 3243 784 πενθοῦντας
3297 715 3704 776 ὲπαινεθέντας.

2128 813 2224 867 καὶ
2274 815 2356 877 είς
2404 813 2575 885 ὀργὴν
2617 813 2968 883 ὲξαφθέντας,
3014 812 3109 866 καὶ
3159 810 3235 873 ὡς
3285 811 3344 863 ὲν
3401 805 3708 875 πανηγύρει

2129 902 2300 967 πάθος
2328 903 2782 971 συναλλάξαντας.
2806 901 3017 966 Οὐδεὶς
3050 899 3329 971 γινώσκει
3358 898 3430 952 τὰ
3463 894 3573 949 τοῦ
3600 894 3708 946 dr-

2129 993 2387 1063 θρώπου,
2412 997 2466 1049 ει
2513 996 2600 1067 μὴ
2642 996 2709 1050 τὸ
2774 995 3010 1064 πνεῦμα
3074 991 3181 1047 τοῦ
3225 989 3571 1059 ἀνθρώπουξ
3618 986 3710 1038 Ai-

2130 1088 2509 1158 σχυνέσθωσαν
2555 1085 2648 1143 οὖν
2674 1089 2768 1143 καὶ
2792 1085 3185 1159 φιμούσθωσαν
3216 1085 3264 1137 οἱ
3290 1082 3385 1134 ἐπὶ
3415 1079 3708 1150 πρόσωπον

2130 1179 2456 1251 μακαρίζειν
2524 1178 2959 1252 ἐπιχειροῦντες.
3014 1178 3184 1231 Ὅταν
3236 1172 3478 1244 ἀκούσῃς
3541 1172 3622 1223 ὅτι
3683 1171 3712 1221 ό

442 816 601 886 plane
627 813 727 868 viri
763 811 998 882 religiosi
1025 818 1077 865 et
1096 805 1426 864 sancti.Vidi
1458 823 1559 878 ego
1588 807 1859 877 lugentes,
1894 807 2024 863 dum

442 906 797 962 laudarentur
817 945 833 970 ,
878 905 958 957 ira
987 901 1212 956 accendi
1237 942 1253 967 ,
1290 910 1345 957 et
1378 901 1525 956 velut
1557 901 1612 954 in
1641 900 1859 971 publica
1887 915 2024 956 con-

443 1000 601 1055 cione
656 997 904 1052 affectum
964 993 1158 1049 aﬂ‘ectu
1215 1002 1575 1049 commutare.
1646 991 1816 1047 Nemo
1884 994 2025 1047 novit

439 1092 568 1162 quid
612 1090 684 1144 sit
728 1089 782 1143 in
826 1089 1036 1142 nomine
1064 1087 1167 1142 nisi
1198 1087 1419 1155 spiritus
1448 1086 1675 1141 hominis
1697 1085 1765 1140 “.
1811 1085 2026 1141 Erube-

441 1190 599 1237 scant
638 1195 771 1252 ergo
818 1191 874 1236 et
914 1180 1332 1244 obmutescam,
1383 1179 1477 1250 qui
1515 1195 1615 1234 nos
1644 1179 1699 1233 in
1729 1193 1793 1233 os
1825 1178 2025 1232 audent

440 1273 665 1349 laudare
707 1266 771 1327 et’
801 1272 991 1328 beatos
1031 1273 1351 1343 praedicare.
1394 1270 1625 1338 Quando
1659 1279 1715 1326 te
1749 1269 2023 1342 quispiam

441 1379 508 1419 ex
558 1363 827 1433 proximis
859 1363 944 1418 vel
989 1362 1183 1417 amicis
1213 1362 1377 1418 etiam
1413 1377 1510 1417 seu
1553 1371 1876 1433 praesentem
1926 1374 2023 1415 seu

441 1456 723 1511 absentem
775 1455 1143 1511 calumniatus
1195 1453 1389 1520 fuerit,
1443 1454 1587 1509 hunc
1635 1464 1692 1508 tu
1748 1452 2025 1508 laudande

443 1563 631 1604 amore
682 1556 735 1603 te
776 1547 1034 1618 prosequi
1077 1546 1322 1602 ostende.
1367 1545 1462 1599 Est
1506 1559 1616 1599 nou
1657 1545 1853 1617 exigua
1903 1546 2023 1602 laus

448 1636 716 1691 humanas
745 1635 932 1703 laudes
964 1635 1033 1691 ab
1069 1635 1255 1689 anima.
1284 1648 1514 1704 prorsus
1544 1634 1834 1691 excludere
1870 1654 1884 1691 :
1925 1636 2022 1691 sed

2126 1275 2353 1347 πλησίον
2385 1292 2478 1329 σου
2508 1274 2583 1346 t9)
2619 1276 2714 1329 καὶ
2740 1278 2770 1329 ό
2800 1275 2951 1345 φίλος
2998 1269 3311 1340 ὲλοιδόρησέ
3364 1284 3424 1320 σε
3480 1265 3710 1329 ἀπόντα,

2125 1366 2159 1438 ἢ
2205 1366 2483 1437 παρόντα,
2530 1367 2653 1419 τότε
2709 1365 2809 1436 τὴν
2858 1363 3082 1434 ἀγάπην
3128 1358 3362 1425 ἔνδειξαι
3419 1356 3714 1419 ἐπαινέσας

2125 1459 2287 1513 αὐτόν
2309 1474 2323 1491 ·
2368 1458 2512 1530 μέγα
2539 1457 2600 1511 τὸ
2629 1455 3022 1511 ἀποσείσασθαι
3052 1455 3115 1507 ὲκ
3141 1452 3242 1522 τῆς
3272 1450 3462 1520 ,ψυχῆς
3494 1448 3715 1502 ἔπαινον

2124 1548 2462 1624 ἀνθρώπων·
2516 1547 2700 1620 μεῖζον
2734 1548 2811 1614 δὲ,
2857 1546 3081 1601 ἔπαινον
3113 1544 3406 1614 δαιμόνων.
3444 1540 3712 1593 Ταπεινοο

2126 1640 2403 1712 φροσύνην
2451 1638 2651 1706 ἔδειξεν
2683 1637 2818 1710 (l0),
2851 1635 2974 1707 auxi.
3004 1633 3192 1689 ἑαυτὸν
3234 1628 3524 1693 εὑτελίζων
3562 1627 3719 1697 (πῶς

2124 1733 2233 1804 γὰρ
2266 1732 2457 1786 ἑαυτὸν
2498 1730 2562 1784 οὑ
2598 1725 2936 1799 βαστάσει;)
2995 1724 3113 1782 ἀλλ’
3142 1725 3170 1777 ὁ
3195 1721 3328 1792 παρ’
3360 1719 3547 1790 ἑτέρου
3582 1716 3720 1769 ὀνει-

2137 1824 2359 1888 δισθεὶς,
2391 1821 2485 1876 καὶ
2514 1821 2614 1892 τὴν
2672 1818 2892 1888 ἀγάπην
2926 1814 3091 1869 αὑτοῦ
3148 1812 3223 1885 μὴ
3271 1810 3534 1883 μειώσας.
3591 1806 3717 1858 Ἐπ-

2137 1916 2513 1988 εσημεινάμην
2540 1913 2633 1966 τὸν
2654 1912 2753 1983 τῆς
2798 1906 3104 1972 κενοδοξίας
3151 1904 3378 1975 δαίμονα
3424 1899 3720 1988 λογισμοὺς

2137 1986 2349 2081 ἀδελφῷ
2380 2007 2753 2062 ὑποϐάλλοντα
2790 2002 2925 2074 (ll),
2960 2001 3053 2055 καὶ
3098 1998 3272 2070 ἑτέρῳ
3321 1986 3541 2057 τούτους
3585 1993 3720 2045 ἀπο-

2139 2104 2478 2175 καλύψαντα,
2512 2100 2753 2170 κάκείνῳ
2790 2097 2859 2151 τά
2892 2093 3153 2167 ὲγκάρδια
3184 2090 3350 2146 αὑτοῦ
3402 2090 3577 2143 εἰπεῖν
3617 2103 3722 2140 πα-

2141 2196 2580 2270 ρασκευάσαντα,
2628 2193 2724 2246 καλ⁸
2772 2190 2847 2253 ὡς
2892 2185 3251 2259 προγνώστην
3296 2180 3483 2236 λοιπὸν
3531 2177 3721 2232 τοῦτον

2141 2268 2535 2363 μακαρίζοντα.
2586 2286 2744 2339 Ἐστι
2785 2283 2842 2337 δὲ
2879 2281 2968 2335 ὅτε
3008 2278 3103 2332 καὶ
3130 2276 3309 2330 αὑτῶν
3335 2273 3445 2328 τῶν
3487 2270 3582 2324 τοῦ
3616 2268 3722 2322 σὼ-

2142 2401 2310 2457 ματος
2343 2381 2519 2454 μελῶν
2551 2377 2926 2450 ἐφαπτόμενος
2965 2371 3215 2442 παλμοὺς
3246 2367 3479 2421 ποιεῖνίὸ
3505 2364 3720 2457 ἀνόσιος

2138 2452 2403 2547 πέφυκε-ν.
2431 2473 2524 2544 Μὴ
2556 2468 2833 2543 παραδέξῃ
2863 2463 3046 2528 αὑτὸν,
3078 2459 3385 2529 ἐπισκοπὴν
3408 2473 3513 2522 σοι,
3535 2455 3628 2508 καὶ
3657 2455 3720 2547 η-

2138 2545 2484 2639 γουμενείαν,
2507 2564 2601 2618 καὶ
2624 2558 2971 2615 διδασκαλίαν
2995 2551 3387 2609 ὑποϐάλλοντα.
3411 2548 3596 2611 Κόπος
3611 2545 3720 2619 γὰρ

2138 2661 2277 2716 κύνα
2325 2656 2433 2712 ἀπὸ
2481 2652 2815 2727 μακελλικῆς
2845 2649 3123 2720 τραπέζης
3153 2644 3364 2709 διῶξαι.
3426 2641 3596 2696 Ἐπάν
3627 2657 3718 2711 μις

2137 2755 2268 2827 κρόν
2299 2770 2351 2805 τι
2381 2747 2659 2821 εἰρηνικὴν
2697 2745 2781 2816 ἴδῃ
2808 2744 3028 2815 ἔχοντας
3059 2740 3412 2802 κατάστασιν,
3448 2735 3623 2827 εὐθὺς
3655 2735 3721 2787 ἐκ

2136 2826 2234 2918 τῆς
2264 2845 2472 2914 ἐρήμου
2507 2843 2587 2904 εἰς
2627 2838 2718 2892 τὸν
2760 2838 2963 2906 κόσμον
2988 2829 3397 2905 παραγενέσθαι
3424 2826 3721 2899 προτρέπε-

2136 2957 2262 3001 ται,
2319 2934 2585 2999 Ἀπελθε,
2633 2931 2830 3000 λέγων,
2879 2930 2958 2991 εἰς
3018 2925 3294 2996 σωτηρίαν
3333 2920 3722 2990 ἀπολλυμένων

447 1725 619 1781 multo
666 1726 989 1784 laudabilius
1023 1735 1106 1782 est
1144 1727 1336 1782 laudes
1374 1727 1683 1782 daemonum
1721 1729 2017 1784 exsecrari.

444 1820 563 1877 Non
623 1822 711 1877 ille
756 1838 911 1878 suam
969 1821 1104 1876 mihi
1164 1821 1529 1876 humilitatem
1585 1822 1875 1892 probarit,
1926 1823 2020 1894 qui

446 1915 689 1985 seipsum
739 1915 906 1971 verbo
955 1914 1342 1986 parvipendit,
1397 1921 1492 1969 aut
1546 1914 1706 1969 vilem
1767 1915 2027 1985 praedicat

447 2010 610 2080 (quis
643 2012 789 2065 enim
829 2017 925 2065 aut
966 2009 1246 2080 quomodo
1275 2009 1515 2080 seipsum
1568 2024 1676 2064 non
1704 2008 1901 2080 ferat),
1935 2010 2030 2065 sed

446 2101 536 2155 ille
563 2101 656 2170 qui
694 2102 764 2156 ab
803 2101 912 2157 alio
952 2102 1170 2171 probris
1215 2100 1562 2171 exagitatus,
1612 2115 1854 2155 amorem
1900 2115 2028 2169 erga

443 2189 868 2260 exprobrantem
927 2190 1095 2260 278
1150 2204 1257 2244 non
1311 2189 1610 2247 imminuit.
1660 2189 2029 2244 Animadverti

443 2281 695 2348 spiritum
744 2294 899 2335 vana:
948 2280 1133 2350 gloriae
1183 2279 1541 2350 cogitationes
1572 2280 1834 2350 quasdam
1875 2279 2029 2335 fratri

442 2371 660 2428 cuidam
702 2371 1043 2442 suggessisse
1067 2412 1082 2437 ,
1119 2386 1258 2440 quas
1291 2372 1448 2426 alteri
1475 2386 1696 2441 quoque
1728 2371 1988 2427 revelavit
2012 2412 2028 2438 ,

443 2461 730 2532 cllecitque
764 2470 824 2515 ut
868 2461 919 2518 is
963 2461 1133 2532 priori
1177 2461 1253 2515 illi
1298 2476 1500 2516 arcana
1539 2461 1726 2517 cordis
1765 2462 1851 2517 sui
1893 2477 2031 2532 pan-

444 2552 637 2617 deret,
679 2562 843 2623 atque
889 2552 963 2608 ita
1014 2553 1373 2623 posteriorem
1404 2553 1664 2624 deinceps
1696 2563 1756 2608 ut
1785 2554 2030 2609 divinum

444 2657 622 2703 vatem
669 2647 891 2703 beatum
947 2645 1289 2717 praedicaret.
1341 2645 1482 2714 Quin
1539 2646 1835 2716 aliquando
1887 2646 2029 2702 idem

445 2738 727 2810 improbus
750 2752 904 2793 vaure
933 2738 1120 2808 gloriae
1147 2738 1358 2792 daemon
1388 2737 1553 2793 etiam
1582 2739 1831 2808 corporis
1862 2753 2031 2792 mem-

445 2832 542 2887 bra
578 2831 836 2886 invadere
886 2829 1064 2895 solet,
1110 2838 1171 2885 ut
1217 2830 1481 2901 palpitent
1528 2840 1582 2885 et
1629 2833 1866 2887 motibus
1903 2830 2031 2901 qui-

445 2923 676 2978 busdam
719 2921 1002 2978 exsiliant.
1051 2920 1273 2991 Repelle
1319 2922 1484 2976 etiam
1540 2921 1734 2986 illum,
1786 2921 1881 2991 qui
1933 2919 2029 2974 tibi

446 3013 799 3085 pontiﬁcatus
843 3022 899 3069 et
942 3013 1319 3069 coenobiorum
1363 3013 1717 3085 praefecturas
1755 3022 1809 3068 et
1853 3014 2029 3082 magi-

2137 3030 2345 3103 ψυχῶν.
2381 3027 2551 3098 ’Ἄλλη
2594 3023 2778 3096 μορφὴ
2808 3020 3107 3084 Αἰθιόπων,
3139 3022 3234 3075 καὶ
3263 3016 3424 3084 ἑτέρα
3467 3012 3715 3083 ἀνδριάν-

448 3103 615 3159 steria
645 3103 919 3173 proponit.
950 3101 1175 3159 Dillicile
1201 3104 1349 3159 enim
1380 3112 1465 3159 est
1519 3118 1710 3158 canem
1743 3118 1774 3156 a
1804 3102 2029 3158 macello

2135 3101 2246 3179 των
2268 3139 2282 3154 ο
2311 3122 2405 3175 καὶ
2443 3118 2601 3183 ἄλλος
2631 3119 2659 3170 ὁ
2686 3115 2787 3185 τῆς
2812 3113 2920 3167 τῶν
2950 3114 3008 3165 ὲν
3057 3109 3306 3180 κοινοϐίῳ
3338 3104 3719 3176 διατριϐόντων

448 3204 503 3250 et
534 3210 723 3250 mensa
754 3194 995 3266 abigere.
1024 3194 1129 3250 Ubi
1157 3196 1472 3266 quempiam
1504 3195 1588 3249 vel
1624 3195 1901 3250 modicum
1945 3195 2029 3249 vi-

2135 3213 2440 3283 κενοδοξίας
2471 3212 2694 3283 τρόπος,
2744 3205 2896 3278 παρά
2939 3205 3030 3258 τὸν
3086 3201 3195 3256 τῶν
3244 3202 3302 3255 ὲν
3358 3199 3591 3269 ἐρήμοις
3631 3192 3717 3246 εν-

448 3287 594 3343 derit
637 3287 692 3343 in
732 3288 919 3358 quieto
951 3298 1006 3343 et
1035 3288 1332 3359 tranquillo
1372 3288 1688 3344 solitudinis
1726 3296 1872 3343 statu
1905 3303 2029 3358 pro-

2138 3329 2246 3368 των
2294 3310 2428 3378 (19.).
2468 3301 2766 3374 Κοσμικῶν
2805 3297 3102 3369 ἐπιδημίας
3150 3292 3528 3369 προλαμϐάνει
3572 3305 3717 3341 κενολ-

450 3380 680 3447 l‘ecisse,
726 3381 911 3435 statim
965 3381 1120 3436 illum
1173 3389 1235 3436 ut
1285 3396 1351 3435 ex
1402 3396 1588 3436 eremo
1646 3381 1701 3435 in
1752 3381 2029 3451 publicum

2138 3404 2287 3469 δοξία
2333 3402 2467 3470 (15),
2519 3395 2613 3451 καὶ
2654 3394 2781 3456 τοὺς
2815 3390 3177 3461 κουφοτέρους
3227 3387 3308 3450 εἱς
3336 3384 3584 3455 ἀπαντὴν
3614 3382 3717 3435 τῶν

450 3472 674 3542 prodeat
699 3472 990 3568 ,_impellit.
1033 3473 1158 3537 Abi,
1192 3473 1392 3568 inquit,
1429 3472 1498 3527 ad
1530 3473 1770 3568 salutem
1796 3488 2029 3543 pereun-

2140 3493 2451 3568 ἐρχομένων
2497 3486 2761 3561 μοναχους
2792 3482 3160 3556 προτρέπεται
3192 3477 3450 3545 ἐξελθεῖν,
3485 3476 3591 3547 πρὸ
3614 3474 3716 3527 τῶν

455 3562 589 3617 tium
661 3561 972 3616 animarum
1026 3560 1482 3618 conservandam.
1539 3560 1661 3615 Alia
1727 3533 1903 3616 lbrma
1954 3570 2029 3615 est

2140 3533 2447 3568 ενινεηι---νν
2497 3533 2760 3561 τ’·*νν-Λ-ντ
3232 3533 3251 3545 υ
3437 3533 3448 3543 .
3531 3533 3544 3547 .

2140 3588 2320 3642 ποδῶν
2370 3584 2594 3639 ἐκείνων
2626 3577 3037 3650 παρασκευάζει
3071 3574 3461 3646 προσπίπτειν,
3494 3570 3590 3623 καὶ
3627 3585 3718 3621 τα·

452 3654 791 3724 αειὶιὶοριιιιι,
837 3653 945 3708 alia
1000 3661 1353 3720 statuarum;
1406 3652 1513 3708 alia
1559 3653 1703 3709 ratio
1753 3660 1836 3710 est
1883 3668 2038 3708 vana:

452 3747 642 3819 gloria
679 3747 821 3816 apud
863 3761 958 3802 eos
1008 3745 1101 3817 qui
1144 3746 1200 3801 in
1245 3745 1516 3802 coenobiis
1550 3747 1782 3811 vivunt,
1833 3754 1888 3801 et
1930 3746 2036 3800 alia

451 3854 643 3894 eorum
679 3840 769 3908 qui
804 3840 856 3893 in
891 3838 1188 3895 solitudine
1217 3839 1442 3909 degunt.
1475 3838 1831 3895 Saecularium
1860 3839 2039 3894 homi-

452 3945 584 3985 num
611 3929 875 3984 adventus
903 3929 1150 4000 prazcipit
1179 3931 1365 3985 animo
1387 3945 1528 3986 vana
1558 3930 1756 4001 gloria,
1788 3939 1842 3985 et
1867 3930 2037 3986 leviu-

452 4022 638 4078 sculos
665 4024 970 4076 monachos
1002 4021 1217 4089 incitat,
1249 4030 1310 4076 ut
1344 4022 1453 4077 illis
1484 4022 1703 4077 obviam
1736 4021 2034 4091 prodeant,

451 4122 508 4171 et
536 4114 602 4170 ad
637 4114 802 4185 pedes
833 4129 1022 4168 eorum
1061 4129 1120 4168 se
1153 4114 1454 4184 abjiciant:
1490 4113 1826 4183 simulatque
1852 4114 2037 4170 humi-

452 4213 655 4269 litatem
679 4254 696 4280 ,
727 4227 851 4267 cum
880 4212 1036 4283 plena
1066 4220 1278 4282 [urgeat
1299 4212 1572 4283 superbia.
1602 4213 1682 4267 Ad
1715 4213 2034 4269 modestiam

454 4320 636 4360 mores
664 4313 718 4359 et
738 4320 928 4360 vocem
954 4305 1255 4375 componit,
1287 4314 1341 4358 et
1367 4305 1584 4360 interim
1616 4306 1806 4360 oculos
1836 4306 1890 4359 in
1924 4322 2029 4361 ma-

2140 4322 2417 4394 ἀνδρείους
2447 4317 2670 4388 ἐποίησε
2701 4315 2814 4386 (14)
2841 4330 2854 4345 ·
2886 4314 3012 4377 τοὺς
3043 4309 3293 4380 ἀφώνους
3324 4301 3713 4373 καλλιφώνους,

454 4413 560 4451 nus
599 4396 876 4466 hospitum
914 4411 1011 4466 spe
1039 4397 1247 4468 aliquid
1278 4397 1615 4468 accipiendi,
1643 4398 1870 4466 conjicit
1892 4439 1908 4463 ,
1937 4398 2029 4453 do-

2141 4414 2236 4469 καλ
2260 4414 2386 4476 τοὺς
2414 4407 2720 4470 νυπακτάς
2750 4405 3082 4477 ἀγρύπνους.
3115 4401 3222 4456 Τὸν
3247 4401 3340 4454 ἐπὶ
3362 4400 3458 4453 τοῦ
3502 4395 3716 4456 κανόνος

455 4489 637 4545 minos
674 4503 807 4543 suos
850 4488 1128 4558 appellitat
1180 4496 1236 4544 et
1282 4490 1580 4559 praesides,
1632 4497 1684 4543 et
1731 4490 2029 4545 secundum

2144 4503 2381 4559 θωπεύει
2402 4518 2415 4532 ο
2447 4502 2540 4555 καὶ
2568 4500 2639 4552 τά
2658 4498 2901 4569 πρωτεῖα
2929 4493 3085 4564 αὑτῷ
3105 4490 3435 4564 χαρίσασθαι
3461 4486 3716 4547 δυσωπεῖ,

457 4580 626 4635 Deum
654 4580 779 4634 vitae
807 4587 1134 4636 servatores.
1164 4580 1315 4635 Vana
1343 4582 1515 4652 gloria
1540 4582 1669 4636 dum
1693 4582 1760 4637 ad
1792 4597 2029 4637 mensam

2146 4596 2356 4667 πατέρα
2373 4593 2467 4649 καὶ
2481 4566 2796 4647 διδάσκαλον
2825 4587 2999 4650 καλεῖ,
3024 4586 3149 4656 ἄχρι
3165 4585 3264 4654 τῆς
3284 4581 3393 4635 τῶν
3414 4582 3578 4646 ξένιον

455 4671 821 4737 accumbitur,
850 4671 1045 4727 suadet
1082 4672 1464 4728 abstinentiam
1491 4715 1505 4741 ,
1562 4683 1618 4729 et
1658 4666 1947 4730 inferiores
1980 4690 2029 4730 se

2141 4666 2359 4759 δημίοις
2386 4682 2835 4757 προτιμωμένους
2869 4678 3252 4751 ὑπερηφάνους
3273 4675 3596 4743 κατέστησε·
3627 4666 3720 4723 καὶ

455 4765 656 4822 acriter
695 4764 1011 4836 perstringit
1053 4783 1068 4821 :
1119 4766 1263 4822 inter
1303 4782 1494 4837 preces
1534 4784 1603 4823 ex
1652 4768 1863 4840 ignavis
1907 4768 2029 4823 facit

2142 4779 2690 4851 καταφρονουμένους
2710 4767 3079 4847 μνησικάκους
3095 4771 3286 4839 ἔδειξε.
3297 4768 3588 4834 Κενοδοξία
3603 4764 3719 4820 ἀντὶ

2063 1871 2112 1933 Β

2139 3680 2397 3734 πείνωσιν
2435 3674 2726 3729 ὑποδύεται
2761 3673 2795 3742 ἡ
2825 3667 3204 3741 ὑπερηφανίας
3228 3664 3515 3726 ἀνάπλεως
3535 3678 3549 3692 ο
3590 3656 3716 3732 ἦθος

2139 3773 2236 3827 καὶ
2278 3770 2461 3841 φωνὴν
2494 3762 2865 3826 καταστέλλει,
2914 3762 3009 3813 καὶ
3055 3758 3191 3830 πρὸς
3236 3757 3338 3820 τὰς
3380 3756 3567 3826 χεῖρας
3611 3752 3716 3804 τῶν

2140 3862 2597 3933 ἐπιδημησάντων
2628 3856 2763 3928 πρὸς
2791 3853 2852 3907 τὸ
2890 3852 3075 3906 λαϐεῖν
3107 3848 3427 3913 ἀποϐλέπει,
3456 3845 3716 3929 δεσπότας

2139 3955 2296 4011 καλεῖ
2326 3954 2419 4008 καὶ
2449 3951 2779 4022 προστάτας.
2814 3945 2912 4000 καὶ
2939 3944 3077 4016 μετὰ
3105 3941 3237 3995 Θεὸν
3270 3940 3370 4011 τὴν
3394 3937 3540 4008 ζωὴν
3569 3952 3717 4006 χαρι-

2141 4047 2400 4118 ζομένους
2421 4061 2433 4074 ·
2463 4044 2541 4105 είς
2570 4041 2668 4111 τὴν
2690 4036 2968 4111 τράπεζαν
2994 4033 3357 4094 καθεσθέντας
3385 4026 3715 4118 ἐγκρατεύεο

2143 4116 2267 4192 σθαι
2318 4134 2718 4208 προτρέπεται·
2773 4130 2867 4183 καὶ
2918 4130 3031 4191 τοῖς
3084 4124 3418 4195 κατωτέροις
3477 4116 3715 4191 ἀνηλεῶς

2142 4218 2466 4299 ἐπιπλήττει
2487 4241 2502 4256 ⁶
2534 4227 2594 4279 ὲν
2626 4220 2917 4294 ψαλμῳδίᾳ
2947 4218 3244 4281 σταθέντας
3272 4215 3398 4277 τοὺς
3446 4210 3714 4285 ῥᾳθύμους

456 4873 782 4930 generosos,
815 4873 882 4913 ex
928 4858 1113 4915 raucis
1147 4868 1202 4914 et
1238 4859 1461 4916 absonis
1504 4861 1717 4917 vocales
1767 4861 1943 4932 279
1984 4871 2029 4916 ct

2142 4846 2311 4945 τιμῆς
2334 4846 2610 4932 πολλάκις
2652 4868 2875 4938 ἀτιμίας
2903 4865 3124 4935 ἐγένετο
3167 4862 3428 4936 πρόξενος
3468 4860 3603 4931 (l5)'
3632 4858 3718 4928 ὀρ·
3748 4846 3771 4851 ’

456 4963 689 5005 sonoros
732 4962 801 5004 ex
849 4948 1206 5006 somnolentis
1255 4948 1466 5021 vigiles.
1520 4947 1783 5007 Praefecto
1838 4961 2034 5008 cantus

457 5036 713 5091 adulatur
769 5043 1037 5106 rogatque
1083 5045 1140 5091 ut
1189 5036 1293 5092 sibi
1361 5036 1567 5107 primas
1621 5038 1674 5093 in
1726 5040 2034 5109 psalmodia

456 5142 639 5208 partes
668 5137 915 5208 assignet
935 5177 951 5204 ,
986 5135 1352 5207 eumdemque
1382 5146 1591 5208 patrem
1624 5145 1679 5193 et
1711 5139 2034 5210 magistrum

455 5239 654 5296 vocitat
676 5277 698 5307 ,
731 5238 912 5311 quoad
946 5238 1190 5310 hospites
1218 5238 1521 5296 discedant.
1555 5238 1944 5296 Honoratiores
1982 5240 2035 5294 in
2143 5239 2325 5309 γάλως

457 5330 713 5386 cmnobio
745 5329 906 5402 erigit
937 5328 992 5385 in
1027 5329 1342 5400 superbiam
1366 5370 1381 5395 ,
1422 5331 1643 5387 viliores
1688 5341 1741 5387 ct
1789 5330 2034 5400 abiectos
2098 5330 2424 5400 iujuriarum
2496 5341 2768 5384 memores
2820 5321 3279 5397 [contentiosos]
3316 5319 3497 5377 edit-it.
3570 5316 3716 5372 Vana

457 5425 626 5496 gloria
662 5442 1039 5497 saepenumero
1068 5441 1167 5498 pro
1211 5425 1417 5481 honore
1455 5426 1811 5498 ignominiam
1847 5424 2131 5491 conciliat;
2176 5439 2301 5479 nam
2331 5425 2629 5479 irascentes
2665 5422 2769 5478 sibi
2803 5428 2995 5476 mutuo
3057 5415 3358 5486 discipulos
3420 5427 3553 5483 suos
3611 5424 3716 5466 ma-

458 5537 565 5593 gno
595 5521 804 5592 pudore
837 5520 1023 5578 afﬁcit.
1071 5519 1224 5577 Vana
1297 5521 1469 5592 gloria
1534 5520 1827 5576 iracundos
1868 5524 2063 5573 natura
2084 5556 2107 5583 ,
2141 5516 2284 5587 apud
2319 5516 2456 5573 alios
2486 5515 2689 5587 eliingit
2720 5521 3057 5569 mansuetos.
3092 5509 3316 5566 Naturae
3353 5508 3600 5564 bouisct
3624 5517 3715 5558 or-

462 5615 732 5669 namentis
761 5614 992 5671 miriﬁce
1018 5616 1272 5684 exsultat,
1298 5626 1352 5672 ct
1383 5632 1475 5688 per
1506 5617 1622 5671 haec
1651 5616 1764 5686 ipsa
1804 5613 2036 5668 miseros
2058 5611 2275 5683 .drjicit.

531 5699 654 5756 Vidi
685 5719 810 5759 cum
863 5706 1038 5762 malus
1090 5704 1301 5763 daemon
1340 5723 1500 5763 suum
1547 5705 1718 5777 ipsius
1765 5705 2029 5762 cultorem

2222 5702 2375 5761 Εἶδον
2402 5703 2629 5776 δαίμονα
2662 5702 2753 5757 τὸν
2789 5700 2983 5756 ἑαυτοῦ
3018 5698 3243 5768 ἀδελφὸν
3278 5698 3594 5769 λυπήσαντα
3624 5693 3710 5747 καὶ

535 5853 581 5894 ⁸⁵
608 5850 628 5913 1
655 5851 785 5910 Cor.
823 5870 889 5919 tt,
924 5855 1010 5913 16.

2142 4964 2378 5035 γισθεῖσι
2407 4963 2516 5036 γὰρ
2541 4964 2655 5025 τοῖς
2685 4959 2858 5029 αὑτῆς
2884 4958 3151 5029 μαθηταῖς
3185 4955 3450 5025 αἰσχύνην
3482 4951 3717 5023 μεγάλην

2145 5059 2515 5129 προσήγαγεν.
2562 5052 2849 5119 Κενοδοξία
2905 5050 3031 5113 τοὺς
3082 5049 3223 5116 ὀξεῖς
3275 5046 3368 5100 ἐπὶ
3420 5044 3718 5115 ἀνθρώπων

2146 5151 2340 5222 πραεῖς
2368 5146 2689 5220 είργάσατο’
2721 5145 2971 5215 φυσικοῖς
2999 5141 3331 5213 χαρίσμασιν
3357 5135 3600 5208 ὲπιπηδᾷ
3626 5149 3717 5204 με·
