4042 6442
287 472 396 536 953

1299 465 1529 526 SCALA
1554 464 1936 527 PARADISI.
1967 488 2033 499 —
2060 463 2370 524 GRADUS
2391 463 2583 525 XXII.

3466 459 3567 524 954

291 581 566 648 διώξαντα
595 595 609 610 °
654 578 1017 652 ὀργιζομένου
1061 578 1169 648 γάρ
1213 578 1346 631 ποτέ
1378 596 1525 642 τινος
1554 579 1785 648 ἀδελφοῦ
1817 582 1875 633 ὲν

1999 587 2204 633 vexaret
2251 586 2305 632 et
2359 581 2814 647 persequeretur;
2863 590 2987 630 eum
3025 574 3170 630 enim
3209 577 3410 630 rixanti
3445 593 3568 628 cum

291 674 387 744 τῷ
422 672 627 745 μεταξὺ
676 668 960 742 κοσμικῖῦν
1008 669 1283 743 παρουσία
1333 669 1623 737 κατέλαϐε,
1670 672 1763 726 καὶ
1812 674 1879 742 τῇ

295 763 578 836 κενοδοξία
600 763 661 828 ἐξ
688 764 859 835 ὀργῆς
888 762 1204 834 μετεπράθη
1231 762 1260 815 ὁ
1279 761 1463 826 ἄθλιος
1485 778 1502 793 ⁸
1536 764 1883 834 ὁμοθυμαδὸν

293 856 408 927 γὰρ
457 854 647 919 αὐταῖς
697 852 980 907 δουλεῦσαι
1041 854 1142 908 οὐκ
1189 853 1444 924 ἠδύνατο.
1497 854 1555 907 ⁸0
1607 854 1884 925 κενοδοξία

295 944 713 1017 ἀπεμποληθεὶς
734 944 956 1017 διπλοῦν
974 943 1066 997 τὸν
1089 943 1202 1014 βίον
1226 944 1486 1015 κέκτηται
1503 958 1519 974 ⁸
1551 946 1609 998 ὲν
1633 946 1884 1015 μοναχοῖς

301 1014 730 1109 μὲννδιατρίϐων
757 1014 1136 1107 τῷήήματι,
1173 1038 1230 1090 ἐν
1260 1014 1452 1107 κόσμῳ
1489 1036 1547 1090 δὲ
1574 1014 1652 1106 τῷ
1679 1039 1885 1110 φρονή-

307 1147 440 1201 ματι
483 1129 580 1183 καὶ
629 1128 708 1199 τῷ
759 1128 1129 1198 ἐνθυμήματι.
1174 1127 1300 1180 Ἐὰν
1333 1127 1471 1198 πρὸς
1504 1127 1602 1198 τὴν
1651 1128 1764 1182 ἄνω
1795 1129 1887 1181 εὐ·

297 1218 595 1290 αρέστησιν
623 1217 840 1289 τρέχειν
872 1215 1243 1285 ἐπειγώμεθα,
1272 1217 1370 1287 τῆς
1397 1216 1509 1271 ἀνω
1558 1214 1716 1285 δόξης
1748 1217 1886 1270 πάν-

296 1326 413 1373 τως
441 1310 536 1363 καὶ
560 1307 897 1379 γευσόμεθα.
933 1308 1178 1379 Ἐκείνης
1207 1307 1264 1361 δὲ
1292 1310 1320 1361 ὁ
1345 1309 1683 1378 γευσάμενος
1708 1309 1889 1376 πάσης

295 1400 402 1470 τῆς
427 1399 678 1469 ἐπιγείου
706 1399 1134 1471 καταφρονήσει.
1163 1398 1442 1469 Θαυμάζω
1471 1400 1581 1472 γὰρ
1608 1402 1657 1453 εί
1683 1401 1758 1471 μὴ
1788 1400 1888 1469 τῆς

300 1490 579 1564 προτέρας
617 1508 704 1553 τις
737 1490 1103 1561 γευσάμενος,
1138 1486 1320 1562 πάσης
1353 1491 1451 1561 τῆς
1474 1491 1733 1562 δευτέρας
1758 1509 1890 1545 κατε

298 1583 593 1655 εφρόνησε.
611 1582 877 1645 Πολλάκις
898 1581 1004 1634 ὑπὸ
1028 1581 1334 1649 κενοδοξίας
1362 1580 1704 1653 συληθὲντες,
1731 1598 1891 1652 στρα-

299 1673 495 1744 φέντες
523 1676 686 1744 ἡμεῖς
720 1675 1099 1746 εὐφυεστέρως
1128 1674 1299 1746 αὐτὴν
1330 1676 1698 1748 ὲσυλήσαμεν.
1736 1671 1890 1731 Είδόν

297 1781 456 1828 τινας
487 1764 752 1835 ἐργασίας
784 1766 1160 1837 πνευματικῆς
1201 1766 1266 1821 ὲκ
1298 1765 1609 1832 κενοδοξίας
1642 1767 1891 1840 ἀπαρξα-

300 1854 524 1927 μένους,
552 1854 646 1907 καὶ
676 1854 777 1924 τῆς
800 1854 976 1926 ἀρχῆς
995 1856 1428 1929 καταϐληθείσης
1453 1858 1724 1929 μωμητῆς
1750 1859 1885 1929 (l7),

301 1926 369 1999 τὸ
399 1945 556 2009 τέλος
576 1945 802 2014 γέγονεν
827 1946 1133 2013 ἐπαινετὸν,
1167 1947 1255 2002 διὰ
1287 1948 1348 2002 τὸ
1379 1926 1768 2020 μετενεχθῆναι
1790 1926 1886 2021 τήν
1920 1926 1960 1980 Β

308 2035 544 2093 ἔννοιαν.
595 2036 655 2090 ’0
688 2039 783 2090 ἐπὶ
816 2041 1068 2107 φυσικοῖς
1099 2038 1536 2113 πλεονεκτήμασι
1568 2040 1704 2112 (18),
1745 2042 1888 2109 λέγω

312 2125 383 2199 δὴ
412 2126 669 2199 ἀγχινοίᾳ,
704 2127 992 2201 εὐμαθείᾳ,
1028 2130 1352 2199 ἀναγνώσει,
1385 2134 1638 2204 προφορᾷ
1668 2134 1886 2206 εὐφυΐᾳ,

315 2217 414 2271 καὶ
439 2220 547 2282 τοῖς
567 2219 823 2285 τοιούτοις
872 2222 1006 2275 πᾶσι
1036 2225 1150 2287 τοῖς
1178 2223 1395 2288 ἀπόνως
1437 2226 1729 2296 προσοῦσιν
1758 2229 1890 2296 ἡμῖν

310 2308 692 2379 ἐπαιρόμενος,
722 2310 983 2366 οὐδέποτε
1018 2312 1127 2366 τῶν
1172 2313 1312 2384 ὑπὲρ
1345 2314 1508 2384 φύσιν
1547 2316 1764 2385 ἀγαθῶν
1807 2318 1890 2370 ὲν-

304 2399 578 2466 τεύξεταιο
619 2402 681 2455 '0
706 2402 818 2472 γὰρ
841 2403 911 2456 ἐν
937 2404 1116 2473 ὀλίγῳ
1156 2404 1430 2472 ἄπιστος,
1472 2408 1566 2460 καὶ
1611 2410 1669 2461 ὲν
1714 2407 1893 2479 πολλῷ

301 2493 557 2558 ἄπιστος,
588 2495 684 2548 καὶ
711 2496 983 2563 κενόδοξος
1004 2513 1018 2528 ο
1050 2497 1117 2552 δι’
1144 2498 1415 2553 ἀπάθειαν
1443 2500 1774 2572 ἀκροτάτην,
1800 2501 1895 2557 καὶ

302 2585 543 2641 πλοῦτον
575 2588 951 2658 χαρισμάτων,
993 2589 1090 2643 καὶ
1127 2588 1422 2661 θαυμάτων
1458 2593 1762 2665 ἐνέργειαν,
1799 2598 1895 2650 καὶ

303 2680 675 2753 προγνώσεως
704 2684 956 2754 δύναμιν,
989 2685 1136 2749 τινὲς
1165 2684 1236 2738 τὰ
1280 2686 1487 2741 ἑαυτῶν
1525 2688 1754 2759 σώματα
1774 2690 1893 2759 εἰκῆ

303 2776 703 2848 κατατρίϐουσι
730 2779 842 2851 (l9)
865 2796 879 2809 ο
912 2779 1168 2844 λαθόντες
1199 2783 1248 2834 oi
1270 2782 1519 2851 τάλανες,
1540 2784 1616 2847 ὡς
1637 2785 1697 2836 οὐ
1722 2784 1893 2851 πόνοι,

302 2868 446 2924 ἀλλά
477 2869 680 2940 μᾶλλον
719 2871 1050 2937 ταπείνωσις
1087 2872 1196 2937 τῶν
1235 2874 1492 2929 τοιούτων
1535 2877 1719 2947 μήτηρ
1763 2875 1898 2929 καθ-

305 2963 563 3033 έστηκεν.
582 2962 639 3017 '0
658 2963 717 3017 δὲ
732 2964 1014 3035 χρεώστην
1034 2967 1228 3021 ἑαυτὸν
1247 2966 1612 3039 λογιζόμενος,
1632 2967 1899 3038 ἀπροσδό-

1984 669 2109 724 aliis
2139 676 2399 724 externus
2427 668 2828 734 intervenisset,
2861 668 3029 723 miser
3061 668 3148 723 ille
3184 668 3371 724 statim
3399 667 3572 737 posita

1986 762 2068 816 ira
2100 776 2160 816 se
2190 774 2343 814 vana:
2369 760 2557 831 gloriae
2587 760 2817 826 addixit,
2848 762 2993 830 quod
3025 761 3187 816 simul
3228 760 3443 816 duobus
3471 760 3574 814 do-

1985 849 2151 904 minis
2186 839 2302 920 (ira:
2331 857 2387 903 et
2419 862 2571 903 vanae
2603 849 2792 919 gloriae
2822 850 3068 919 inquam)
3104 865 3213 904 non
3250 859 3435 920 posset
3456 865 3576 904 scr-

1985 941 2122 996 vire.
2153 938 2321 995 Vatiae
2341 941 2530 1011 gloria:
2551 941 2884 1011 mancipium
2908 942 3182 1011 duplicem
3206 942 3374 996 vitam
3406 942 3571 1004 vivit;

1986 1048 2114 1088 nam
2144 1032 2334 1088 habitu
2369 1033 2617 1103 corporis
2647 1048 2741 1087 seu
2775 1042 2922 1088 veste
2949 1044 3198 1089 versatur
3228 1049 3350 1089 cum
3384 1049 3576 1088 mona-

1988 1125 2128 1190 chis,
2161 1125 2347 1180 animo
2378 1139 2507 1179 vero
2546 1135 2601 1179 et
2640 1125 3059 1196 cogitationibus
3095 1127 3147 1180 in
3187 1127 3407 1182 sarculo.
3443 1126 3576 1180 Stu-

1988 1217 2223 1273 deamus
2250 1216 2361 1272 Deo
2395 1218 2633 1287 placere,
2665 1228 2716 1272 et
2742 1220 3016 1273 caelestem
3054 1220 3278 1289 gloriam
3321 1219 3578 1290 degusta-

1987 1309 2201 1374 bimus,
2249 1325 2359 1380 qua
2414 1319 2629 1379 gustata
2675 1324 2893 1365 omnem
2943 1311 3129 1364 mundi
3170 1312 3395 1380 gloriam
3443 1328 3571 1366 con-

1988 1409 2318 1457 temnamus.
2373 1401 2623 1456 Demiror
2671 1417 2803 1456 vero
2837 1402 2882 1456 si
2921 1403 3044 1471 quis
3097 1418 3335 1472 unquam
3382 1420 3575 1457 ranam

1989 1495 2221 1565 gloriam
2254 1495 2604 1564 contempsit,
2628 1494 2720 1564 qui
2744 1496 3018 1550 caelestem
3048 1510 3154 1548 non
3182 1495 3435 1565 gustavit.
3462 1494 3576 1549 Non

1990 1602 2121 1643 raro
2161 1603 2262 1643 nos
2294 1603 2324 1642 a
2363 1603 2503 1643 vana
2534 1589 2704 1659 gloria
2746 1589 3008 1643 virtutum
3043 1589 3317 1643 thesauris
3360 1590 3576 1657 spoliati

1991 1687 2050 1734 ct
2078 1680 2254 1746 exuti,
2285 1681 2534 1735 conversi
2563 1689 2754 1751 postea
2783 1681 2932 1735 illam
2962 1681 3132 1735 multo
3166 1680 3424 1736 solertius
3453 1696 3581 1749 spo-

1992 1769 2271 1827 liavimus.
2309 1770 2685 1826 Animadverti
2713 1771 2977 1838 quosdam
3018 1771 3241 1826 virtutis
3279 1760 3335 1824 et
3358 1772 3581 1839 spiritus

1993 1862 2171 1917 sancti
2216 1862 2395 1918 studia
2442 1879 2567 1917 cum
2612 1878 2748 1917 vana
2792 1863 2961 1933 gloria
2999 1864 3164 1934 280
3192 1862 3444 1932 cmpissc,
3484 1866 3578 1918 sed

1990 1954 2341 2024 postmodum
2389 1954 2603 2024 abjecto
2635 1954 2781 2009 malo
2811 1955 3058 2021 exordio,
3115 1955 3320 2024 optimo
3378 1954 3482 2008 line
3511 1956 3580 2009 ob

1990 2054 2255 2102 mutatam
2314 2057 2550 2103 mentem
2620 2061 2760 2118 opus
2821 2048 3181 2104 conclusisse.
3261 2045 3583 2117 Quicunque

1990 2148 2205 2195 natura)
2238 2139 2421 2206 donis,
2484 2140 2757 2206 acumine,
2816 2138 3061 2210 inquam,
3125 2141 3348 2211 ingenii,
3395 2139 3584 2195 docili-

1996 2241 2124 2300 tate,
2177 2233 2435 2298 lectione,
2487 2232 2774 2288 commoda
2824 2233 3291 2303 pronuntiatione,
3324 2234 3583 2302 praeclara

1997 2326 2204 2391 indole,
2240 2338 2295 2383 et
2326 2327 2431 2382 hoc
2459 2342 2633 2398 genus
2664 2326 2789 2381 aliis
2820 2335 3028 2381 naturae
3072 2327 3431 2392 ornamentis,
3474 2342 3579 2379 nun

1995 2417 2181 2473 labore
2224 2419 2417 2488 partis,
2466 2419 2562 2473 sed
2609 2419 2896 2474 nobiscum
2934 2419 3076 2475 natis
3106 2419 3405 2483 extollitur,
3441 2435 3584 2472 nuu~

1995 2525 2158 2579 quam
2188 2510 2508 2566 ccelestibus
2536 2526 2658 2580 quae
2699 2520 2949 2565 naturam
2986 2512 3265 2580 superant,
3299 2510 3460 2564 bonis
3487 2527 3583 2579 pu-

1997 2603 2184 2657 tietur.
2230 2602 2337 2668 Qui
2373 2604 2511 2657 enim
2547 2605 2601 2656 in
2639 2604 2846 2657 modico
2876 2603 3106 2672 inﬁdelis
3134 2613 3209 2657 est
3233 2602 3303 2667 ⁸³,
3336 2602 3389 2656 in
3417 2603 3586 2655 multo

2000 2712 2221 2768 quoque
2250 2696 2507 2765 inﬁdelis,
2553 2706 2606 2752 ct
2643 2713 2779 2752 vana
2819 2698 2987 2768 gloria
3055 2698 3407 2752 intumescat.
3444 2697 3585 2750 Sunt

1998 2791 2112 2859 qui,
2129 2799 2190 2845 ut
2211 2806 2522 2861 supremam
2544 2791 2711 2845 animi
2732 2792 3201 2861 tranquillitatem,
3217 2803 3269 2845 et
3287 2790 3586 2845 ccelestium

1997 2884 2271 2937 donorum
2304 2885 2644 2949 thesaurum,
2686 2892 2740 2938 et
2772 2884 3257 2954 perpetrandorum
3288 2882 3586 2936 miraculo—

2004 2990 2128 3029 rum
2156 2976 2409 3044 gratiam,
2443 2985 2498 3029 et
2537 2992 2718 3031 rerum
2756 2976 3063 3031 futurarum
3102 2975 3468 3043 cognitionem
3497 2990 3588 3028 as-

305 3070 478 3123 κητον
529 3053 759 3109 πλοῦτον
795 3057 891 3110 καὶ
940 3058 1206 3127 αἰφνίδιον
1252 3058 1501 3130 λήψεται.
1577 3060 1671 3131 Μὴ
1709 3060 1896 3114 πείθου

2005 3077 2327 3137 sequantur,
2382 3084 2483 3124 sua
2534 3084 2762 3139 corpora
2810 3077 3009 3124 vexant
3064 3078 3118 3123 et
3166 3067 3431 3138 afﬂigunt,
3465 3083 3588 3121 cum

302 3146 387 3218 τῷ
417 3146 712 3219 λικμήτορι
745 3146 825 3218 τῷ
859 3149 995 3218 πρὸς
1021 3149 1290 3218 ὠφέλειαν
1327 3151 1434 3204 τῶν
1462 3153 1767 3206 ἀκουόντων
1802 3154 1896 3217 τὰς

2004 3159 2258 3228 ignorent
2301 3161 2487 3217 miseri
2542 3161 2855 3230 bujusmodi
2900 3162 3170 3216 donorum
3204 3159 3592 3230 prmrogativas

300 3241 513 3312 ἀρετὰς
542 3239 903 3312 θριαμϐεύειν
932 3242 1287 3297 ὕποϐάλλοντι
1315 3243 1428 3315 (20)
1458 3259 1474 3274 °
1524 3246 1586 3299 Τί
1617 3247 1727 3316 γὰρ
1750 3245 1896 3316 ὠρε-

2000 3266 2108 3306 non
2163 3253 2467 3317 laboribus,
2502 3253 2598 3308 sed
2640 3252 2951 3308 humilitate
2993 3252 3113 3323 pari
3157 3261 3210 3306 et
3259 3251 3589 3319 comparari.

297 3334 489 3400 λήσει
512 3333 847 3403 ἄνθρωπος,
881 3334 990 3392 ἐὰν
1021 3335 1173 3391 ὅλον
1196 3337 1304 3391 τὸν
1330 3338 1564 3407 κόσμον
1600 3337 1890 3407 κερδήσῃ,

2000 3344 2261 3415 Quisquis
2319 3362 2419 3417 pro
2489 3346 2776 3401 conatibus
2841 3346 2956 3401 suis
3002 3346 3145 3400 dona
3188 3345 3453 3414 reposcit,
3511 3343 3594 3397 lu-

299 3427 528 3480 ἑαυτὸν
550 3425 621 3480 δὲ
647 3424 905 3496 ζημιωθῇ
920 3443 939 3491 ;
988 3428 1155 3482 Οὐδὲν
1181 3426 1357 3493 οὕτως
1383 3429 1459 3495 ὡς
1495 3431 1769 3497 ταπεινὸν,
1802 3432 1896 3485 καὶ

1999 3437 2211 3494 bricum
2262 3440 2417 3494 valde
2459 3454 2644 3494 rerum
2700 3454 2922 3494 suarum
2969 3437 3381 3493 fundamentum
3417 3434 3591 3505 ponit.

300 3521 599 3577 ἀνόθευτον
622 3518 776 3594 ἦθος,
808 3524 903 3577 καὶ
937 3524 1096 3593 λόγος
1126 3525 1253 3590 τοὺς
1277 3525 1522 3597 ὁρῶντας
1545 3528 1896 3599 οἰκοδομῆσαι

2005 3528 2108 3595 Qui
2136 3544 2267 3584 vero
2309 3529 2609 3585 debitorem
2658 3544 2717 3584 se
2758 3530 3025 3600 agnoscit,
3076 3530 3166 3584 ille
3207 3528 3596 3598 inexspectatis

297 3616 531 3670 δύναται
556 3630 574 3645 ·
621 3617 834 3685 γίνεται
862 3616 971 3688 γὰρ
1004 3619 1099 3671 καὶ
1129 3619 1337 3689 ἑτέροις
1364 3620 1573 3690 ἑφόδιον
1600 3620 1695 3673 τοῦ
1731 3621 1896 3691 μηδέ-

2007 3631 2060 3677 et
2092 3622 2290 3677 subitis
2342 3629 2398 3677 et
2444 3622 2586 3676 emlo
2633 3621 2907 3675 thesauris
2959 3619 3400 3689 locupletabitur.
3451 3617 3596 3672 Cave

298 3726 439 3765 me
475 3708 849 3780 ἐπαίρεσθαι*
903 3704 964 3765 οὗ
1000 3709 1054 3763 τί
1109 3709 1177 3763 ἃν
1225 3711 1494 3781 ὠφελείας
1538 3713 1720 3785 μεῖζον
1765 3714 1896 3768 καθ-

2004 3714 2142 3770 fidas
2171 3714 2486 3770 ventilatori
2542 3729 2637 3769 seu
2686 3713 2868 3783 potius
2912 3711 3295 3782 praestigiatori
3336 3725 3459 3764 cum
3496 3707 3595 3762 tibi

300 3802 579 3872 ἔστηκενς
2002 3807 2263 3877 suggerit,
2293 3807 2373 3861 uti
2407 3805 2588 3861 studia
2620 3804 2891 3859 virtutum
2934 3812 3157 3858 tuarum
3193 3803 3335 3872 apud
3366 3802 3502 3855 alios
3529 3799 3594 3853 ad

306 3893 626 3951 auditorum
663 3891 955 3947 utilitatem
998 3892 1282 3963 praedices,
1354 3902 1409 3951 et
1464 3897 1680 3966 publice
1723 3897 1871 3953 velut
1911 3897 1964 3951 in
2006 3897 2285 3967 triumpho
2343 3899 2673 3966 spectandas
2714 3909 3012 3966 proponas.
3050 3891 3185 3957 Quid
3214 3893 3349 3945 enim
3384 3891 3595 3960 prodest

301 3980 545 4041 homini,
579 3982 625 4034 si
652 3982 954 4036 universum
981 3984 1238 4036 mundum
1272 3985 1528 4052 lucretur,
1569 3998 1619 4042 et
1650 3987 1752 4040 sibi
1801 3987 1905 4057 ipsi
1939 3996 2124 4040 noceat
2153 3987 2246 4040 "1'
2282 3984 2431 4041 Nihil
2458 3988 2532 4042 ita
2587 3987 2654 4041 ad
2690 3987 2945 4055 pietatem
2981 3991 3161 4037 movet
3228 3989 3589 4052 spectatores,

307 4088 492 4144 quam
544 4074 811 4145 simplices
853 4086 907 4132 et
957 4076 1192 4133 humiles
1253 4079 1566 4149 sincerique
1620 4096 1804 4135 mores
1846 4088 1900 4134 et
1937 4092 2160 4135 sermo:
2192 4087 2278 4135 est
2333 4080 2478 4135 enim
2507 4085 2560 4133 et
2620 4079 2743 4133 aliis
2767 4078 3154 4131 documentum
3188 4082 3241 4128 et
3263 4073 3593 4153 exemplum,

309 4179 390 4220 ne
437 4179 674 4236 unquam
722 4170 779 4223 in
830 4168 1144 4237 superbiam
1190 4168 1510 4236 efferantur,
1556 4186 1668 4241 quo
1714 4171 1901 4226 nescio
1938 4171 2064 4240 quis
2132 4170 2313 4238 major
2344 4169 2471 4225 inde
2527 4168 2739 4225 fructus
2774 4171 3039 4226 exslStere
3075 4165 3267 4235 possit.

400 4260 814 4331 Ἐπεσημήνατό
855 4279 940 4325 τις
987 4261 1098 4315 τῶν
1145 4263 1279 4333 ὁρᾷν
1311 4263 1658 4334 δυναμένων,
1700 4265 1795 4319 καὶ
1828 4265 1908 4318 δι-

299 4355 502 4425 ηγεῖτο
523 4352 737 4424 βλέπων
757 4371 777 4388 ο
793 4354 1047 4425 Ὅτιπερ,
1075 4357 1262 4425 φησὶν,
1289 4358 1346 4409 ὲν
1370 4356 1631 4428 συνεδρίῳ
1655 4374 1759 4428 μου
1778 4356 1906 4412 καθ-

298 4446 519 4518 ημένου
546 4445 867 4517 ἐληλυθότες
914 4446 963 4499 oi
990 4445 1091 4517 τῆς
1117 4447 1420 4512 κενοδοξίας
1456 4448 1550 4502 καὶ
1589 4450 1690 4519 τῆς
1737 4450 1905 4520 ὑπερ-

300 4538 556 4610 ηφανίας
583 4538 836 4609 δαίμονες
866 4538 925 4606 ἐξ
951 4538 1297 4610 ἑκατέρωθέν
1326 4556 1426 4611 μου
1471 4540 1760 4610 ἐκάθηντο,
1810 4542 1906 4595 καὶ

2074 4260 2399 4318 Observavit
2422 4262 2693 4332 quispiam
2720 4278 2784 4317 ex
2812 4262 2881 4316 iis
2908 4260 3002 4331 qui
3034 4258 3251 4314 acutius
3276 4252 3591 4323 hujusmodi

2003 4355 2290 4425 pervidere
2326 4355 2475 4413 soliti
2519 4364 2669 4423 sunt,
2700 4365 2753 4411 et
2781 4354 2927 4425 quod
2954 4351 3092 4408 vidit
3132 4348 3404 4420 exposuit.
3432 4347 3594 4411 Cum,

2007 4446 2211 4516 inquit,
2251 4445 2411 4517 281
2462 4446 2517 4501 in
2550 4455 2696 4502 cmtu
2744 4445 2976 4500 fratrum
3029 4443 3297 4505 sederem,
3333 4448 3597 4493 venerunt

2004 4538 2115 4592 duo
2148 4536 2386 4606 improbi
2420 4537 2716 4603 daemones,
2751 4535 2887 4590 alter
2914 4548 3066 4589 vanae
3095 4531 3302 4602 gloriae,
3338 4528 3474 4583 alter
3504 4542 3597 4582 su-

298 4632 339 4685 ὸ
375 4630 477 4702 μὲν
504 4629 701 4684 ἔνυττὲ
722 4647 831 4701 μου
854 4630 960 4699 τὴν
976 4630 1219 4702 πλευράν
1254 4630 1333 4702 τῷ
1362 4630 1611 4703 δακτύλῳ
1637 4631 1803 4686 αὐτοῦ
1824 4631 1896 4703 τῷ

2005 4629 2225 4700 perbiae,
2257 4628 2353 4700 qui
2385 4629 2641 4700 utrinque
2675 4629 2843 4684 latera
2889 4642 3010 4682 mea
3058 4623 3351 4694 stipabant,
3386 4629 3440 4675 ct
3465 4621 3599 4675 alter

300 4722 581 4793 κενοδόξῳ
628 4722 1075 4794 προτρεπόμενός
1125 4739 1193 4793 με
1238 4723 1419 4792 λέγειν
1461 4724 1581 4777 τινὰ
1608 4723 1901 4795 θεωρίανῆ

300 4815 605 4888 ἑργασίαν,
634 4816 703 4887 ἣν
732 4815 1013 4887 πεποίηκα
1054 4816 1114 4869 ἐν
1146 4817 1213 4886 τῇ
1246 4816 1481 4886 ἐρήμῳ.’
1507 4815 1597 4879 Ὠς
1629 4815 1687 4869 δὲ
1716 4815 1905 4869 τοῦτον

300 4907 703 4977 ἀπεσεισάμην
766 4906 936 4963 εἰπών
960 4923 976 4939 ⁸
1060 4909 1628 4978 Ἀποστραςοείησαν
1687 4912 1777 4974 είς
1835 4910 1907 4964 τὰ

300 4998 516 5053 ὀπίσω
545 4998 661 5071 (21)
688 5001 788 5055 καὶ
818 5002 1413 5071 καταισχυνθείησαν
1446 5005 1501 5057 ot
1537 5000 1906 5071 λογιζόμενοί

294 5105 418 5161 μοι
446 5090 630 5145 κακά·
684 5090 880 5145 θᾶττον
906 5094 935 5146 ὁ
961 5091 1021 5156 ἐξ
1048 5076 1345 5163 εὗωνύμων
1375 5092 1510 5164 πρὸς
1548 5091 1610 5145 τὸ
1647 5093 1781 5163 ἐμὸν
1809 5088 1902 5155 οὖς

301 5183 365 5238 ἔ)
378 5200 539 5254 εγεψ
566 5179 744 5256 Εὖγε,
789 5180 932 5255 εὖγε
961 5184 1270 5255 πεποίηκας
1304 5183 1416 5255 (22)
1436 5200 1451 5215 ο
1483 5185 1578 5238 καὶ
1609 5184 1782 5253 μέγας
1810 5185 1906 5252 γέ-

299 5292 506 5345 γονας,
557 5276 658 5348 τὴν
703 5277 846 5348 ὲμὴν
894 5275 1283 5345 ἀναιδεστάτην
1319 5274 1532 5346 μητέρα
1582 5274 1904 5347 νενικηκώς.

302 5368 463 5440 Πρὸς
488 5367 690 5438 δνλὲγὼ
717 5368 1023 5432 εὐθυϐόλως
1045 5368 1109 5422 τὸ
1129 5367 1258 5438 ἑξῆς
1285 5368 1376 5422 τοῦ
1407 5368 1590 5439 στίχου
1621 5366 1905 5421 ἀναλαϐὼν

305 5462 541 5533 εἰρηκαο
599 5460 1194 5532 ’Δποστραφήτωσαν
1229 5461 1566 5530 παραυτίκα
1613 5461 1904 5531 αἰσχυνό-

303 5568 490 5624 μενοι
535 5555 591 5609 οί
641 5552 926 5624 λέγοντές
971 5571 1106 5624 μοι’
1154 5549 1333 5627 Εὖγε,
1383 5549 1524 5624 εὖγε
1575 5555 1897 5627 πεποίηκας.

324 5644 709 5717 Ἐρωτήσαντί
738 5664 828 5718 μοι
854 5646 947 5700 τὺν
979 5646 1141 5701 αὑτὸν
1176 5646 1292 5711 πῶς
1327 5648 1361 5720 ή
1405 5647 1678 5712 κενοδοξία
1722 5651 1905 5719 μήτηρ

311 5733 703 5805 ὑπερηφανίας
729 5734 862 5806 (25),
886 5737 1244 5809 ἀπεκρίνατο·
1280 5737 1341 5790 Οἱ
1362 5736 1463 5805 μὲν
1487 5736 1694 5792 ἔπαινοι
1714 5738 1906 5808 ὑψοῦσι

2008 4722 2100 4777 ille
2130 4723 2303 4793 digito
2337 4737 2491 4777 vanae
2516 4722 2702 4794 gloriae
2730 4720 2962 4792 pupugit
2995 4719 3140 4773 latus
3174 4730 3380 4780 meum,
3412 4715 3599 4768 horta-

2013 4824 2099 4868 tus
2148 4822 2210 4868 ιιι
2245 4813 2465 4883 publice
2494 4828 2810 4895 enarrarem
2848 4813 3025 4867 visum
3060 4809 3279 4879 aliquod
3322 4814 3414 4860 aut
3462 4820 3600 4875 opus

2010 4903 2159 4975 quod
2195 4905 2250 4959 in
2278 4905 2570 4960 solitudine
2601 4914 3026 4976 perpetrassem.
3059 4901 3197 4957 Cum
3228 4915 3356 4954 vero
3384 4899 3598 4969 genium

2010 4996 2158 5050 hunc
2199 4995 2506 5066 improbum
2553 5012 2583 5050 a
2633 5012 2721 5051 me
2763 4996 3085 5065 repulisscm
3124 4993 3251 5046 illud
3299 4995 3596 5060 precatus:

2009 5090 2331 5145 Avertantur
2382 5098 2671 5144 retrorsum
2728 5099 2780 5144 et
2834 5088 3166 5152 erubescant,
3219 5085 3309 5155 qui
3361 5080 3594 5149 cogitant

2014 5181 2145 5235 mihi
2179 5180 2325 5235 mata
2352 5181 2397 5214 ⁸⁷
2435 5200 2449 5237 :
2488 5193 2602 5237 tum
2639 5182 2823 5237 statim
2856 5184 2949 5253 qui
2980 5181 3049 5235 ab
3081 5177 3318 5234 sinistris
3343 5173 3473 5228 mihi
3506 5189 3593 5228 as-

2017 5275 2175 5339 sedit,
2208 5274 2263 5328 in
2294 5289 2483 5330 aurem
2517 5275 2887 5331 insusurravit
2918 5282 2951 5331 z'
2971 5272 3113 5344 Euge
3140 5286 3298 5341 euge,
3335 5267 3593 5338 praeclare

2010 5367 2223 5435 fecisti,
2273 5377 2329 5425 et
2368 5384 2599 5441 magnus
2642 5370 2887 5435 evasisti,
2938 5369 3030 5439 qui
3069 5362 3593 5436 impudentissimam

2010 5460 2332 5530 genitricem
2366 5476 2543 5517 meam
2578 5461 2850 5518 devicisti.
2886 5459 2984 5516 Cui
3024 5473 3124 5528 ego
3164 5465 3307 5511 recte
3336 5452 3480 5525 quod
3512 5466 3590 5507 se-

2010 5551 2271 5622 quiturin
2297 5567 2491 5619 versu,
2526 5552 2850 5608 Avertantur
2883 5552 3066 5608 statim
3098 5549 3477 5611 erubescentes,
3502 5543 3596 5616 qui

2013 5647 2197 5701 dicunt
2230 5646 2359 5700 mihi
2387 5662 2400 5701 :
2426 5645 2593 5718 Euge,
2616 5664 2759 5718 euge,
2792 5645 3054 5717 praeclare
3088 5641 3286 5699 fecisti.
3322 5638 3598 5707 Quatrenti

2018 5742 2151 5798 mihi
2179 5758 2242 5799 cx
2267 5742 2455 5800 eodem
2474 5752 2646 5815 patre,
2675 5740 2946 5812 quomodo
2970 5753 3107 5793 vana
3132 5735 3300 5807 gloria
3331 5731 3598 5805 superbiae
3698 5734 3701 5743 ‘

394 5907 446 5942 ⁸³
478 5905 613 5964 Luc.
640 5924 754 5978 ινι,
788 5908 874 5965 i0.
950 5911 995 5941 ⁸⁸
1029 5909 1218 5966 Matth.
1254 5927 1365 5981 xw,
1395 5909 1491 5966 26:
1561 5910 1605 5944 ⁸⁷
1637 5911 1781 5983 Psal.
1821 5929 2007 5985 χχιιι,
2040 5915 2123 5971 l5.
