4042 6472
529 477 636 540 959

1787 467 1843 525 S.
1866 466 2184 528 JOANNIS
2210 466 2518 527 CLIMACI

3674 470 3784 532 9ηο

533 605 642 640 lmtt
669 583 902 655 operarii
936 581 1258 651 iniquitatis,
1295 579 1385 648 qui
1426 579 1570 632 dono
1612 577 1703 631 Dei
1747 579 1812 632 ad
1853 580 2104 650 volupta-

2225 581 2286 643 :l;
2323 581 2708 651 πραγματείαν
2743 580 2847 634 τῶν
2894 581 3096 651 ἡδονων
3139 581 3248 634 τῶν
3299 578 3448 634 ἰδίων
3491 586 3777 652 καταχρώ-

534 689 645 731 tum
681 689 902 730 suarum
945 670 1181 726 studium
1213 677 1267 722 et
1296 669 1532 722 rationes
1564 657 1716 724 abusi
1745 669 1913 722 sunt?

1119 758 1280 828 235
1319 758 1497 810 Aliud.

605 855 816 910 Stultus
844 860 926 907 est
968 850 1062 920 qui
1108 850 1320 906 laudem
1353 850 1648 904 humanam
1682 858 2005 918 aucupatur,
2049 858 2105 905 et

532 949 691 1000 aliam
722 961 828 998 non
860 952 1058 1012 sperat.

1148 1030 1401 1087 Scholion
1432 1033 1486 1088 8.

601 1125 903 1180 Careamus
934 1138 1002 1178 ne
1039 1132 1236 1178 mutuo
1267 1124 1404 1177 alter
1437 1123 1504 1177 ab
1537 1124 1707 1177 altero
1737 1123 1789 1176 in
1814 1137 1876 1178 os
1917 1122 2106 1177 beatus

534 1217 856 1288 praedicetur
883 1225 938 1272 et
967 1215 1224 1285 praedicet
1253 1234 1265 1269 :
1299 1217 1402 1269 hoc
1448 1219 1591 1268 enim
1639 1222 1723 1269 est
1762 1215 2106 1269 adulatorum

532 1323 586 1364 et
619 1311 688 1364 ab
723 1309 885 1364 malis
930 1309 1104 1377 geniis
1147 1307 1580 1372 submissorum;
1615 1307 1746 1360 illud
1789 1306 2009 1372 levium,
2055 1314 2110 1361 et

532 1403 624 1470 qui
645 1402 784 1455 bona
799 1416 965 1470 opera
982 1414 1080 1454 sua
1103 1398 1295 1468 praedae
1319 1407 1613 1468 exponunt.
1642 1397 1862 1453 Primus
1883 1407 1967 1454 est
1989 1413 2110 1453 cor-

534 1503 725 1564 ruptor
781 1494 1070 1558 bonorum,
1134 1492 1360 1546 nuntius
1417 1492 1818 1562 quodammodo
1872 1491 2107 1557 diaboli;

537 1586 674 1638 alter
702 1584 874 1638 haeres
899 1581 1355 1647 inconsideratus,
1398 1583 1490 1650 qui
1529 1583 1670 1635 ultro
1711 1582 1926 1637 labores
1980 1597 2110 1636 suos

539 1676 833 1739 abalienat,
875 1683 1101 1742 uterque
1129 1688 1258 1727 vero
1284 1673 1434 1729 exitii
1463 1673 1634 1728 mutui
1665 1675 1941 1730 conscius.

1161 1850 1404 1906 Scholion
1446 1853 1500 1909 9.

613 1944 946 2004 Humilitatis
968 1941 1229 2014 perfectio
1262 1945 1315 1998 in
1343 1959 1408 1998 eo
1432 1945 1704 2012 consistit,
1737 1954 1797 2001 ut
1823 1962 1946 2003 cum
1974 1963 2108 2020 gau-

545 2041 637 2096 dio
670 2039 944 2095 sustineas
978 2033 1147 2090 falsas
1183 2037 1580 2092 accusationes.

1121 2125 1281 2180 Aliud
1321 2126 1521 2180 Isauri.

615 2216 849 2274 Humilis
884 2217 1060 2287 reipsa
1092 2217 1291 2287 injuria
1331 2217 1558 2273 affectus
1594 2234 1700 2274 non
1742 2221 2110 2290 perturbatur,

543 2323 719 2379 neque
748 2307 947 2362 factum
977 2324 1136 2362 suum
1163 2305 1404 2362 defendit
1431 2317 1523 2361 aut
1548 2319 1772 2364 excusat
1798 2325 1923 2365 cum
1952 2311 2114 2366 la'sus

540 2407 656 2464 est;
689 2397 781 2453 sed
829 2397 1161 2452 calumniam
1213 2406 1469 2468 tanquam
1522 2400 1805 2454 veritatem
1851 2402 2113 2469 suscipit,

541 2503 717 2559 neque
748 2487 1014 2544 sollicitus
1055 2499 1138 2544 est
1174 2494 1233 2542 ut
1274 2488 1602 2557 persuadeat
1645 2490 1785 2555 aliis,
1833 2490 1979 2560 quod
2010 2506 2117 2544 ca-

539 2578 806 2634 lumniam
841 2577 912 2632 sit
940 2593 1160 2648 passus,
1190 2577 1282 2633 sed
1316 2579 1528 2631 veniam
1563 2589 1833 2648 precatur.

899 2664 905 2668 ⁴
1141 2667 1392 2721 Scholion
1435 2668 1520 2722 10.

611 2758 694 2814 Tu
726 2757 944 2828 quidem
980 2765 1140 2827 putas
1179 2770 1232 2813 te
1266 2759 1630 2812 humilitatem
1667 2760 1984 2828 possidere,
2022 2763 2115 2816 sed

542 2866 720 2921 neque
755 2850 987 2919 teipsum
1022 2861 1334 2906 accusatum
1367 2849 1507 2906 ferre
1533 2861 1706 2921 potes.
1733 2851 1960 2918 Quando
1988 2869 2118 2924 ergo

542 2958 706 3000 nosse
738 2942 1016 2998 desideras
1049 2959 1118 2996 an
1153 2957 1280 2997 vere
1311 2943 1378 2997 de
1409 2951 1460 2998 te
1493 2943 1765 2999 submisse
1803 2946 2024 3013 sentias,
2062 2948 2118 3000 in

539 3035 654 3106 jam
688 3033 848 3090 dictis
889 3043 940 3089 te
971 3035 1148 3104 ipsum
1183 3034 1406 3104 explora
1436 3044 1490 3088 et
1519 3035 1709 3103 proba.

1135 3124 1386 3180 Scholion
1424 3126 1512 3179 11.

2207 688 2357 742 μενοι
2383 690 2397 738 ;

2760 767 3017 834 Σχόλιον
3044 765 3217 819 ἄλλο.

2275 855 2641 926 Ματαιόφρων
2667 858 2694 909 ὀ
2721 856 2809 909 τὸν
2848 855 2906 922 ἐξ
2943 855 3244 928 ἀνθρώπων
3274 856 3594 930 θηρώμενος
3624 857 3791 912 ἐπαι-

2206 965 2317 1013 νον,
2347 949 2443 1002 καὶ⁵
2473 948 2656 1020 ἕτερον
2691 949 2765 1022 μὴ
2791 951 3046 1015 ἐλπίζων.

2817 1043 3079 1110 Σχόλιον
3112 1048 3181 1112 η’.

2275 1130 2568 1200 Φεύγωμεν
2592 1131 2684 1186 καὶ
2714 1131 2774 1184 τὸ
2805 1133 3223 1204 μακαρίζεσθαι,
3250 1134 3344 1186 καὶ
3370 1132 3430 1185 τὸ
3462 1131 3792 1204 μακαρίζειν

2207 1221 2468 1292 ἀλλήλους
2513 1224 2592 1285 είς
2621 1223 2910 1293 πρόσωπον
2939 1241 2951 1253 ·
3003 1223 3062 1277 τὸ
3093 1225 3191 1294 μὲν
3222 1223 3330 1293 γὰρ
3358 1223 3787 1289 κολακευτικῶν,

2209 1317 2302 1368 καὶ
2334 1317 2398 1368 ὲκ
2423 1316 2688 1386 δαιμόνων
2715 1315 3050 1386 κινουμένων
3068 1329 3084 1346 ⁸
3127 1316 3187 1368 τὸ
3216 1316 3273 1368 δὲ
3305 1316 3545 1385 κούφων,
3581 1318 3680 1370 καὶ
3705 1318 3790 1370 εὑ-

2212 1406 2452 1473 συλήτων
2479 1404 2547 1457 τὰ
2575 1405 2994 1476 κατορθώματα.
3032 1406 3088 1459 Ὀ
3113 1405 3327 1476 πρῶτος
3349 1406 3530 1459 τοίνυν
3555 1406 3798 1475 φθορεὺς.

2210 1493 2316 1547 τῶν
2351 1494 2590 1563 ἀγαθῶν,
2619 1494 2713 1548 τοῦ
2745 1495 2989 1549 διαϐόλου
3017 1496 3134 1548 ὲστί
3167 1514 3282 1557 πως
3313 1496 3543 1564 ἄγγελος
3568 1514 3584 1528 ο
3617 1498 3646 1549 ὁ
3668 1496 3787 1549 δεύ-

2210 1601 2366 1655 τερος
2395 1585 2728 1656 κληρονόμος
2774 1585 3056 1655 ἀλόγιστος
3105 1587 3334 1656 ἑτοίμως
3383 1587 3452 1639 τά
3499 1587 3788 1657 πονήματα

2211 1675 2597 1747 ἀποκτώμενος
2625 1691 2640 1708 '
2677 1677 2975 1748 ἀμφότεροι
3007 1677 3066 1730 δὲ
3108 1678 3206 1747 τῆς
3237 1677 3482 1748 ἀλλήλων
3513 1677 3800 1740 ἀπωλείας

2215 1771 2542 1841 συνίστορες.

2824 1865 2870 1916 Σ
2873 1862 3083 1930 χόλιον
3108 1860 3172 1914 θ’.

2285 1956 2398 2027 Τῆς
2418 1955 2795 2019 ταπεινώσεως
2821 1958 2854 2025 ὴ
2881 1957 3155 2026 τελειότης
3190 1955 3306 2008 ἐστὶ
3334 1954 3395 2008 τὸ
3428 1955 3618 2027 φέρειν
3657 1956 3796 2026 μετὰ

2215 2050 2388 2121 χαρᾶς
2425 2048 2522 2113 τὰς
2556 2048 2772 2118 ψευδεῖς
2797 2048 3154 2118 κατηγορία-ς.

2741 2140 3002 2208 Σχόλιον
3036 2136 3251 2192 Ἰσαάκ.

2297 2232 2356 2286 'O
2375 2230 2751 2302 ταπεινόφρων
2773 2231 2830 2285 ὲν
2858 2230 3084 2301 ἀληθείᾳ
3113 2229 3488 2299 ἀδικούμενος,
3513 2228 3575 2281 οὐ
3599 2228 3796 2300 ταράσ-

2217 2343 2389 2386 σεται.
2423 2323 2542 2378 οὐδὲ
2575 2323 2870 2391 ἀπολογίας
2906 2324 3049 2375 ποιεῖ
3081 2320 3220 2391 ὑπὲρ
3246 2319 3340 2373 τοῦ
3375 2320 3707 2390 πράγματος
3737 2314 3796 2372 οὗ

2214 2413 2442 2484 ἠδικήθη
2463 2430 2476 2443 ’
2505 2412 2638 2466 ἁλλά
2660 2412 2872 2482 δέχεται
2901 2409 2998 2480 τὴν
3022 2409 3381 2480 συκοφαντίαν
3404 2408 3478 2471 ὡς
3500 2407 3761 2478 ἀλήθειαν
3779 2443 3794 2464 ν

2217 2505 2311 2557 καὶ⁵
2355 2505 2413 2555 οὐ
2448 2504 2685 2574 μεριμνᾷ
2733 2505 2914 2555 πεῖσαι
2941 2501 3066 2564 τοὺς
3094 2499 3435 2570 ἀνθρώπους,
3479 2499 3561 2551 ὅτι
3602 2498 3796 2549 ἐσυκο-

2217 2595 2462 2666 φαντήθη
2486 2611 2500 2626 ο
2535 2594 2671 2648 ἀλλά
2702 2593 3046 2665 συγχώρησιν
3070 2595 3319 2650 αἰτεῖται.

2835 2687 3088 2754 Σχόλιον
3119 2692 3170 2739 ι’.

2289 2784 2360 2837 Σὺ
2391 2784 2488 2854 μὲν
2513 2781 2841 2836 ταπείνωσιν
2869 2779 3110 2849 νομίζεις
3133 2778 3278 2848 ἔχειν
3301 2793 3314 2808 ο
3353 2777 3465 2831 ἀλλ’
3487 2775 3612 2828 οὐδὲ
3636 2792 3792 2828 σεαυ-

2216 2873 2308 2928 τδν
2339 2873 2811 2944 κατηγορούμενον
2861 2872 3066 2941 φέρεις.
3120 2871 3182 2923 Ei
3227 2865 3318 2922 οὖν
3358 2867 3534 2937 βούλει
3569 2867 3791 2934 γνῶναι.

2217 2969 2301 3022 ὅτι
2325 2965 2700 3035 ταπεινόφρων
2739 2959 2808 3027 εἷ,
2836 2962 3131 3032 δοκίμασον
3163 2958 3387 3012 σεαυτὸν
3415 2959 3473 3010 ὲν
3505 2958 3621 3018 τοῖς
3646 2958 3796 3026 εἰρη-

2221 3056 2422 3124 μένοις.

2817 3141 3074 3210 Σχόλιον
3101 3146 3191 3196 ια’.

616 3214 764 3270 Vana
797 3214 966 3285 gloria
1007 3224 1093 3270 est
1125 3215 1550 3270 instrumentum
1594 3225 1650 3271 et
1693 3217 1948 3273 machina
1987 3217 2116 3272 dia-

2288 3237 2518 3310 Μηχανὴ
2545 3236 2796 3306 δαίμονος
2821 3232 3094 3300 κενοδοξία
3117 3248 3131 3263 ·
3169 3232 3282 3284 ἴστε
3311 3229 3368 3283 δὲ
3415 3230 3499 3284 ὃτι
3525 3227 3706 3299 τούτῳ
3725 3226 3802 3298 τῷ.

544 3307 686 3374 boli;
715 3321 877 3376 quem
912 3305 1005 3360 tali
1038 3305 1203 3360 modo
1237 3315 1291 3360 et
1324 3306 1589 3360 miracula
1615 3307 1774 3362 edere
1803 3309 1997 3363 nostis.

1133 3397 1295 3451 Aliud
1338 3396 1534 3452 Pholii.

619 3487 774 3554 Quod
807 3486 932 3558 quis
964 3487 1256 3552 desiderat,
1289 3487 1393 3542 hoc
1425 3497 1478 3542 et
1511 3488 1707 3542 absens
1737 3497 1992 3557 tanquam
2022 3489 2120 3542 atl-

546 3590 714 3646 esset,
747 3579 1098 3648 imaginatur,
1142 3587 1196 3633 ct
1227 3579 1558 3634 voluntatem
1591 3579 1750 3635 habet
1779 3581 1933 3650 quasi
1965 3582 2120 3649 cpiti-

547 3687 664 3728 cetn
699 3688 791 3726 seu
828 3670 1112 3741 priesidem
1144 3680 1374 3726 naturae.

1106 3761 1269 3819 Aliud
1306 3763 1562 3832 ejusdem.

619 3853 710 3908 ille
735 3854 827 3924 qui
860 3870 926 3910 ex
957 3855 1151 3910 alienis
1180 3855 1585 3910 calamitatibus
1614 3857 1956 3912 occasionem
1991 3869 2134 3926 Opes

550 3947 796 4017 rapiendi
825 3939 1044 4018 accipit,
1076 3948 1178 4002 etsi
1211 3948 1461 4003 videatur
1489 3949 1815 4018 quibusdam
1861 3948 1984 4004 inde
2031 3948 2125 4003 be-

548 4038 712 4107 nigne
738 4035 938 4102 facere,
969 4053 1076 4091 non
1110 4037 1347 4092 ostendit
1375 4052 1439 4092 ex
1473 4038 1537 4092 iis
1563 4053 1684 4106 quae
1709 4037 1910 4107 praebet
1933 4037 2125 4092 huma-

549 4127 798 4193 nitatem,
832 4127 926 4182 sed
957 4142 1022 4181 ex
1056 4126 1126 4183 iis
1154 4143 1292 4198 quae!
1323 4128 1522 4198 rapuit,
1578 4127 1762 4183 odium
1794 4136 1846 4182 et
1877 4129 2123 4198 tyranni-

548 4236 667 4278 cam
700 4227 956 4276 mentem.

1155 4315 1400 4370 Scholion
1442 4316 1525 4369 η.

623 4405 702 4460 Illi
731 4406 948 4475 quidem
977 4407 1279 4477 (eremitae)
1313 4407 1617 4478 gloriantur
1658 4421 1758 4460 sua
1797 4405 1902 4460 cibi
1943 4405 2123 4475 parci-

553 4496 736 4553 monia
765 4507 820 4552 et
839 4497 1170 4570 frugalitate,
1198 4500 1480 4555 caanobitae
1504 4513 1634 4554 vero
1665 4497 1821 4553 bonis
1841 4497 2116 4568 operibus.

1150 4587 1398 4643 Scholion
1436 4589 1520 4643 l5.

627 4674 835 4731 Avarus
864 4677 1082 4746 quidem
1120 4693 1209 4734 res
1247 4693 1544 4749 pauperum
1587 4677 1832 4748 possidet
1865 4695 1879 4732 :
1913 4685 1970 4732 tu
2001 4690 2129 4733 vero

554 4781 677 4820 cum
713 4767 828 4823 haec
857 4769 927 4823 ab
956 4769 1048 4824 illo
1076 4769 1298 4839 accipis,
1327 4769 1494 4840 286
1524 4779 1577 4824 et
1617 4785 1729 4823 rem
1764 4776 1912 4824 tuam
1957 4766 2132 4834 facis;

553 4872 616 4913 es
640 4857 829 4929 iniquo
860 4859 952 4914 illo
981 4860 1240 4930 iniquior,
1277 4869 1333 4915 et
1363 4874 1529 4914 avaro
1557 4859 1796 4915 avarior.

1116 5033 1299 5088 Aliud.
1344 5037 1604 5102 Quwstio.

631 5125 780 5182 Unde
812 5141 943 5199 ergo
1001 5126 1062 5182 ﬁt
1097 5137 1155 5183 ut
1202 5128 1356 5181 multi
1397 5143 1461 5184 ex
1493 5130 1673 5186 avaris
1707 5145 1815 5186 non
1861 5132 2004 5189 male
2036 5133 2134 5187 ha-

553 5216 717 5276 beant
733 5217 759 5274 2

1177 5311 1524 5382 Responsum.

625 5399 859 5457 Maxime
911 5418 1043 5458 vero
1086 5404 1384 5473 patientur,
1434 5407 1778 5476 pessimeque
1825 5408 2130 5475 habebunt,

555 5493 656 5547 etsi
690 5508 795 5547 non
825 5495 1009 5550 statim
1038 5496 1336 5566 patiantur,
1365 5503 1419 5550 et
1443 5496 1496 5550 in
1523 5513 1761 5567 prmsens
1785 5514 1978 5569 poenas
2002 5498 2136 5554 ellu-

558 5584 763 5652 gerint;
796 5594 849 5640 tu
879 5596 1059 5642 tamen
1091 5587 1198 5642 hoc
1225 5587 1401 5658 magis
1439 5587 1588 5656 time,
1630 5589 1756 5659 quia
1786 5589 1978 5658 majori
2007 5607 2136 5661 sup-

558 5673 724 5741 plicio
771 5688 1143 5732 reservantur.
1201 5676 1314 5733 Etsi
1369 5679 1470 5747 ipsi
1512 5678 1735 5732 omnino
1785 5680 2006 5750 impune
2047 5682 2138 5736 hic

561 5763 804 5829 tulerint,
836 5770 1035 5837 posteri
1069 5777 1251 5825 tamen
1294 5784 1485 5823 eorum
1519 5771 1631 5833 sive
1669 5771 1909 5826 haercdcs
1951 5785 2134 5842 postea

561 5855 713 5910 luent
737 5873 832 5914 ιιι-ς
865 5858 1128 5932 effugiunt
1158 5861 1470 5916 vindictam.

2152 4591 2200 4649 Ι)

2220 3333 2405 3403 τρόπῳ
2431 3330 2524 3384 καὶ
2550 3327 2975 3398 θαυματουργεῖ.

2803 3485 3026 3539 Φωτίου
3055 3482 3230 3537 ἄλλο.

2294 3571 2368 3633 Οὖ
2402 3596 2484 3642 τις
2519 3578 2763 3646 ἐφίεται,
2803 3573 2960 3627 τοῦτο
3001 3573 3094 3627 καὶ
3124 3572 3262 3628 ἀπὸν
3310 3554 3566 3640 παρεῖναι
3600 3564 3800 3637 φαντά-

2225 3671 2394 3738 ζεται,
2424 3670 2638 3740 θέλημα
2661 3669 2799 3739 ἔχων
2830 3665 3162 3738 δημιουργὸν
3184 3663 3283 3734 τῆς
3314 3661 3548 3733 φύσεως.

2801 3758 3026 3812 Φωτίου
3055 3757 3230 3809 ἄλλο.

2299 3855 2466 3907 Ὅταν
2499 3849 2781 3922 ἀλλοτρίας
2816 3847 3098 3920 συμφορὰς
3130 3846 3400 3916 ἅρπαγμα
3437 3842 3801 3913 ποιησάμενος

2227 3945 2477 4009 πλούτου,
2516 3945 2565 3996 εἰ
2603 3943 2696 3996 καὶ
2724 3941 2863 4006 δόξει
2896 3939 3047 4002 τινὰς
3078 3937 3288 3990 ἐκεῖθεν
3319 3937 3584 4000 εὐποιεῖν,
3613 3933 3716 3986 οὐκ
3746 3930 3802 3997 ἐξ

2224 4032 2299 4092 ὧν
2347 4037 2572 4106 παρέχει
2617 4034 2679 4086 τὸ
2723 4031 3137 4100 φιλάνθρωπον,
3186 4027 3300 4082 ἀλλ’
3343 4026 3404 4091 ἐξ
3445 4020 3521 4082 ὧν
3560 4025 3797 4095 ἥρπασε,

2226 4131 2286 4183 τὸ
2342 4128 2724 4200 μισάνθρωπον
2787 4126 2883 4179 καὶ
2940 4122 3260 4196 τυραννικὸν
3327 4119 3638 4191 στηλιτεύει
3708 4117 3796 4186 τῆς

2226 4218 2471 4290 γνώμηςο

2829 4311 2875 4361 Σ
2877 4307 3086 4376 χόλιον
3116 4302 3212 4372 ιβ’..

2298 4403 2362 4456 Oi
2396 4402 2494 4474 μὲν
2521 4402 2752 4473 αὐχοῦσι
2777 4403 2897 4464 “rati;
2927 4397 3244 4459 εὐτελείαις,
3280 4395 3330 4446 οἱ
3361 4393 3418 4446 δὲ
3452 4395 3574 4456 ταῖς
3602 4391 3800 4462 εὐπρα-

2227 4495 2396 4566 γίαις.

2825 4584 3084 4653 Σχόλιον
3115 4587 3199 4649 ιγ’.

2313 4680 2370 4731 '0
2415 4678 2515 4749 μὲν
2551 4675 2877 4747 πλεονέκτης
2925 4673 3138 4744 ἔχειτὰ
3183 4668 3278 4724 τοῦ
3319 4668 3549 4740 πένητος
3580 4687 3593 4698 ·
3644 4668 3710 4720 σὺ
3753 4665 3802 4718 δὲ

2227 4772 2403 4828 ταῦτα
2441 4770 2620 4823 λαϐὼν
2647 4769 2742 4824 καὶ
2779 4769 2943 4840 μέρος
2987 4764 3352 4837 ποιησάμενος
3382 4765 3483 4834 τῆς
3518 4761 3620 4832 σῆς
3650 4778 3800 4831 περι-

2229 4863 2451 4926 ουσίας,
2492 4861 2675 4915 ἀδίκου
2706 4860 3032 4931 ἀδικώτερος
3058 4857 3298 4926 ἐφάνης,
3347 4855 3442 4910 καὶ
3485 4853 3802 4908 πλεονέκτου

2234 4950 2660 5007 πλεονεκτικώτε
2668 4969 2780 5022 ρος.

2729 5045 2926 5098 Ἄλλο.
2968 5039 3308 5110 Ἐρώτησις.

2236 5125 2240 5128 ’
2303 5135 2369 5188 Τί
2411 5129 2525 5202 οὖν,
2573 5135 2653 5188 ὅτι
2701 5134 2886 5187 πολλοὶ
2933 5131 3382 5195 πλεονεκτοῦντες
3428 5132 3488 5185 οὐ
3542 5131 3807 5201 πάσχουσι

2235 5227 2446 5294 κακῶς;

2847 5319 3208 5385 Ἀπόκρισις.

2307 5411 2559 5465 Μάλιστα
2590 5410 2688 5481 μὲν
2717 5409 3012 5474 πείσονται,
3047 5411 3150 5464 κᾶν
3188 5408 3260 5480 μὴ
3290 5407 3542 5478 παραυτά
3572 5406 3802 5461 πάθωσι.

2237 5505 2332 5556 Ἂν
2376 5503 2432 5556 δὲ
2471 5502 2565 5556 νῦν
2617 5501 2922 5572 ἐκφύγωσι,
2973 5501 3092 5556 τότε
3143 5501 3414 5573 φοϐήθητι
3465 5499 3686 5570 μᾶλλον,
3732 5499 3802 5550 ὅτι

2237 5594 2443 5663 μείζονι
2487 5594 2704 5648 κολάσει
2745 5593 3057 5666 τηροῦνται,
3097 5593 3198 5648 κᾶν
3239 5593 3391 5647 αὐτοὶ
3431 5591 3799 5660 διαφύγωσιν·

2235 5686 2348 5738 ἀλλ’
2397 5686 2447 5737 οἱ
2512 5685 3015 5758 κληρονομήσαντες
3071 5686 3136 5738 τὰ
3204 5685 3416 5751 αὐτῶν,
3467 5684 3528 5736 οὐ
3589 5675 3800 5751 διαφεύγ-

2236 5777 2438 5843 ξονται.
