4042 6432
197 322 332 388 ’9151

744 436 951 489 Ἄλλο.
996 434 1331 503 Ἐρώτησις.

304 529 421 581 Καὶ
453 527 569 591 πῶς
602 527 663 580 τὸ
694 528 901 581 δίκαιόν
928 541 1100 597 φησις

842 620 1208 690 Ἀπόκρισις.

303 710 420 783 Kal
453 711 657 783 σφόδρα
688 710 898 765 δίκαιον
925 729 940 742 ο
991 714 1019 765 ὁ
1058 712 1168 783 γὰρ
1198 709 1583 780 διαδεξάμενος
1625 708 1827 781 κλῆρον

218 781 454 865 ἀδικίας
483 781 798 873 γενδμενον,
836 803 884 855 εί
915 804 1009 856 καὶ
1059 781 1220 864 αὐτὸς
1257 801 1333 875 μὴ
1369 802 1648 874 ἥρπασας,
1690 801 1830 855 ἀλλὰ

229 896 301 949 σὺ
331 893 635 958 ἀπολαύεις
658 910 674 926 °
706 897 911 957 ἐκεῖνος
940 894 1218 966 ἁμαρτίαν
1246 893 1628 966 ὲθησαύρισεν,
1654 894 1827 965 ὀργήν

226 1003 291 1041 τε
323 987 513 1059 ἡμέρᾳ
539 987 733 1059 ὀργῆς,
759 987 855 1040 καὶ
878 990 942 1041 σὺ
972 987 1070 1058 τὴν
1103 987 1399 1058 ἁμαρτίαν,
1424 985 1518 1040 καὶ
1540 985 1638 1058 τὴν
1657 985 1828 1058 ὀργὴν

228 1079 707 1151 ἐκληρονόμησας,
727 1080 824 1135 καὶ
844 1080 1198 1153 ἀπαιτηθήσῃ
1228 1097 1294 1133 πε
1302 1081 1357 1151 pi.
1373 1078 1552 1134 αὐτῶν
1580 1079 1825 1133 πάντων.

228 1174 424 1228 Ταῦτα
453 1173 510 1226 δὲ
544 1173 638 1227 καὶ
667 1174 718 1227 οἱ
751 1172 860 1227 τῶν
904 1172 1103 1238 ἔξωθεν
1139 1173 1321 1227 ἴσασιν
1342 1173 1522 1244 νόμοι*
1553 1172 1674 1242 οὐχὶ
1699 1174 1827 1235 τοὺς

228 1267 632 1337 ἁρπάσαντας,
693 1267 787 1319 καὶ
833 1265 1195 1337 ὑφελομένους
1254 1264 1498 1329 ἐκείνους
1547 1263 1827 1319 κελεύουσι

229 1359 525 1412 ἀπαιτεῖν·
558 1357 715 1412 ἀλλὰ.
760 1398 774 1412 .
822 1398 836 1412 .
880 1397 895 1412 .
936 1399 951 1412 .
993 1400 1008 1414 .
1052 1399 1068 1415 .
1112 1400 1125 1412 .
1171 1397 1186 1412 .

690 1451 952 1520 Σχόλιον
978 1449 1256 1519 Μαξίμου
1290 1449 1371 1505 ιδ’.

305 1542 433 1596 Εἰσί
457 1560 580 1596 τινα
611 1543 773 1613 φύσει
802 1543 944 1597 καλὰ
975 1544 1127 1614 παρὰ
1174 1542 1284 1597 τῶν
1335 1542 1639 1614 ἀνθρώπων
1682 1541 1827 1610 γινό-

236 1653 379 1705 μενα
406 1650 420 1665 ·
459 1636 575 1689 ἀλλ’
601 1636 665 1689 οὐ
695 1635 834 1689 καλὰ
867 1635 1028 1689 πάλιν
1058 1635 1146 1689 διὰ
1180 1635 1358 1700 αἰτίας
1381 1651 1395 1665 ·
1437 1629 1549 1688 οἷον
1578 1635 1824 1704 νηστεία,

227 1729 333 1782 καὶ
359 1728 661 1801 ἀγρυπνία,
708 1729 801 1782 καὶ
845 1729 1151 1800 προσευχὴ,
1202 1728 1298 1782 καὶ
1323 1728 1635 1799 ψαλμῳδία,
1667 1728 1827 1798 ἐλεη-

1242 319 1469 380 SCALA
1518 317 1900 379 PARADISI.
1932 343 2000 354 -·
2023 318 2332 379 GRADUS
2360 320 2553 380 XXII.

3419 325 3529 389 962

2454 480 2457 481 ν
2504 434 2685 489 Aliud.
2714 435 2969 500 Qua'stio.

2010 524 2073 578 Et
2101 525 2377 594 quomodo
2410 525 2512 580 hoc
2535 541 2751 595 acquum
2787 539 2870 582 est
2899 530 3043 600 quod
3079 530 3258 587 dicit?

2553 618 2883 689 Responsura
2894 663 2906 677 .

2006 708 2072 763 Et
2104 709 2326 780 quidem
2363 711 2518 765 valde
2562 729 2779 782 aequum
2812 732 2825 768 :
2865 729 2988 768 nam
3039 716 3214 771 haeres
3254 715 3561 807 bonoruml
3616 702 3620 706 ’

1931 799 2248 870 iniquorum
2286 800 2484 864 factus,
2528 805 2627 859 etsi
2668 805 2786 874 ipse
2814 820 2923 858 non
2956 807 3212 876 rapuisti,
3251 818 3405 877 rapta
3446 817 3531 861 ta-

1933 908 2055 946 men
2090 893 2364 960 possides.
2397 894 2489 950 lile
2519 906 2796 965 peetatum
2834 907 2887 951 et
2921 890 3057 952 iram
3091 899 3146 952 in
3180 898 3269 954 die
3296 900 3393 955 ira:
3424 901 3525 953 sil.i

1931 985 2351 1051 thesaurizavit,
2382 995 2437 1042 tu
2467 990 2673 1056 peccati
2705 996 2760 1041 et
2785 988 2877 1043 irae
2906 989 3282 1044 haereditate":
3308 991 3526 1051 adiistI;

1930 1076 2029 1130 abs
2057 1084 2109 1129 te
2144 1077 2329 1132 omnia
2360 1078 2667 1149 exigcmnr.
2694 1079 2749 1132 id
2774 1081 2916 1148 quod
2945 1090 2999 1134 et
3028 1082 3216 1137 civiles
3246 1083 3392 1152 leges
3415 1098 3524 1137 non

1929 1167 2206 1238 ignorant,
2238 1186 2362 1241 quae
2395 1173 2735 1242 praecipiunt,
2783 1183 2841 1227 ut
2870 1174 3044 1228 aliena
3087 1184 3141 1230 et
3179 1187 3334 1246 rapta
3380 1177 3521 1231 bona

1930 1274 2036 1312 non
2074 1260 2143 1313 ab
2170 1260 2240 1314 iis
2263 1261 2552 1332 exigantur
2579 1264 2671 1332 qui
2707 1275 3005 1333 rapuerunt
3031 1266 3105 1335 (a)
3129 1266 3243 1335 (sed
3270 1268 3362 1337 qui
3392 1281 3522 1337 pos-

1929 1351 2195 1408 sederunt
2230 1360 2284 1407 ct
2306 1355 2634 1424 possident).

2499 1444 2558 1501 S.
2604 1444 2834 1501 Maximi
2878 1446 2961 1501 14.

2001 1536 2142 1591 Sunt
2166 1537 2413 1607 quaedam
2439 1548 2630 1593 natura
2656 1539 2797 1593 bona
2822 1554 2944 1609 quae
2966 1539 3036 1593 ab
3060 1538 3378 1595 hominibus
3406 1539 3521 1596 fieri

1929 1630 2129 1693 solent,
2165 1630 2259 1685 sed
2286 1646 2409 1701 qua:
2438 1647 2534 1700 per
2558 1632 2732 1686 malas
2761 1647 2958 1687 causas
2992 1632 3254 1687 vitiantur
3288 1643 3341 1688 et
3380 1635 3521 1689 mala

1930 1720 2069 1775 ﬁunt
2106 1738 2121 1774 :
2163 1721 2399 1791 exempli
2437 1736 2626 1784 causa,
2657 1720 2953 1790 jeinnium,
2984 1722 3204 1791 vigiliae,
3248 1725 3521 1792 precatio,

235 1798 475 1894 μοσύνή,
520 1823 616 1876 κα1⁵
667 1798 962 1892 φιλοξενία,
1011 1798 1106 1876 nol.
1148 1798 1449 1893 ξενοδοχία,
1482 1798 1640 1890 φύσει
1688 1819 1830 1873 καλὰ

1948 1812 2272 1882 psalmorum
2299 1824 2521 1878 cantus,
2561 1813 2934 1883 eleemosyna,
2969 1813 3338 1882 hospitalitas,
3368 1829 3524 1883 pere-

230 1914 380 1985 ἓργα
409 1915 571 1982 εἰσὶν,
605 1913 719 1968 ἀλλ’
749 1916 877 1969 ὅταν
918 1913 1009 1968 διὰ
1051 1912 1357 1980 κενοδοξίαν
1404 1912 1686 1983 γίνωνται,
1729 1913 1831 1966 οὐκ

236 2007 364 2061 εστι
389 2005 553 2061 καλά.

846 2183 1109 2250 Σχόλιον
1143 2188 1224 2236 ιε’.

328 2272 708 2345 ’Υποκρίνεται
763 2273 1042 2340 κενόδοξος
1083 2274 1386 2347 ἀοργησίαν
1412 2290 1428 2305 ⁸
1482 2273 1685 2330 ὁπόταν
1736 2268 1831 2328 οὖν

230 2363 416 2438 ταύτῃ
450 2364 649 2436 ληφθῇ,
684 2365 808 2419 ἀντὶ
841 2364 1031 2435 τιμῆς,
1064 2366 1288 2435 ἀτιμίαν
1314 2364 1630 2435 ὑφίσταται.

835 2542 1095 2607 Σχόλιον
1126 2539 1225 2606 ις’.

304 2630 602 2701 Φρόντισον
659 2629 756 2685 τοῦ
806 2632 1012 2694 πάθους
1054 2632 1245 2687 τούτου
1303 2631 1397 2686 τοῦ
1448 2633 1830 2704 κατηραμένου

233 2722 334 2776 τοῦ
373 2721 667 2791 μίσγοντος
695 2723 859 2777 ἑαυτὸ
888 2723 1026 2794 μετὰ
1053 2723 1163 2776 τῶν
1196 2723 1429 2794 ἀρετῶν,
1472 2723 1575 2788 ἓως
1606 2717 1666 2777 οὗ
1697 2726 1831 2779 ἁπο-

230 2813 371 2886 λέσῃ
421 2815 616 2879 αὐτάς.
679 2815 807 2869 Ἐὰν
851 2815 963 2889 γὰρ
1013 2818 1087 2888 μὴ
1136 2817 1164 2869 ὁ
1194 2816 1481 2889 ἄνθρωπος
1525 2818 1736 2889 ἐκκόψῃ
1772 2817 1835 2870 τὸ

235 2907 435 2978 ἄτιμον
466 2908 563 2962 τοῦ
597 2910 823 2977 πάθους,
854 2912 915 2963 οὐ
942 2910 1166 2965 δύναται
1194 2911 1463 2983 προκόψαι
1497 2911 1637 2966 κατὰ
1659 2911 1790 2967 Θεόν
1814 2926 1831 2944 ⁶

236 2998 393 3069 αὑτῷ
420 2999 531 3069 γὰρ
560 2998 977 3064 ἐξακο).ουθοῦσι
1007 3000 1185 3055 πάντα
1214 3001 1285 3054 τὰ
1318 3003 1483 3057 κακά.

593 3092 806 3158 Ἄλλο,
840 3092 944 3147 τοῦ
973 3093 1148 3163 ἁγίου
1178 3094 1474 3164 Μαξίμου.

312 3183 405 3255 Mi)
457 3182 570 3236 τῶν
626 3182 932 3254 ἀνθρώπων
979 3186 1097 3248 τοῖς
1151 3185 1564 3259 ἀσθενεστέροις
1606 3185 1834 3241 σεαυτὸν

237 3274 616 3347 παραμετρει,
651 3273 790 3328 ἀλλὰ
823 3276 934 3338 τοῖς
964 3274 1259 3347 ὲμϐλήτοις
1293 3276 1392 3347 τῆς
1434 3277 1658 3344 ἀγάπης
1693 3277 1834 3349 μᾶλ-

239 3364 335 3418 λον
370 3363 750 3435 παραμετρῶν
776 3380 790 3395 ’
840 3366 954 3429 τοῖς
1008 3364 1108 3435 μὲν
1156 3365 1266 3438 γὰρ
1314 3367 1711 3437 παραμετρῶν,
1754 3369 1837 3432 εἰς

235 3457 334 3510 τὸν
371 3455 568 3527 βάθρον
598 3457 703 3527 τῆς
735 3457 969 3528 οἰήσεως
1001 3458 1299 3528 ἐμπίπτεις
1324 3474 1341 3492 ο
1384 3460 1452 3531 τῇ
1482 3458 1540 3512 δὲ
1566 3459 1835 3530 παρατεί-

239 3563 373 3615 νων,
403 3548 481 3612 ὠς
505 3547 567 3601 τὸ
595 3547 732 3618 ὕψος
758 3550 857 3619 τῆς
884 3547 1269 3615 ταπεινώσεως
1297 3550 1649 3623 προκόπτεις.

861 3849 1122 3914 Σχόλιον
1147 3848 1230 3912 ιζ’.

324 3936 629 4009 Μωμητῆς,
661 3938 831 4011 ἤγουν
859 3936 1359 4010 ψεκτῆς.Μωμητὴ
1385 3936 1531 4010 ήτοῦ
1557 3938 1839 4011 Ναϐουχο-

245 4023 482 4097 δονόσορ
534 4031 891 4101 μεγαλαυχία,
928 4030 1047 4084 ἀλλ’
1077 4031 1338 4103 ἐπαινετὴ
1367 4033 1401 4103 ή
1444 4031 1587 4085 κατὰ
1636 4030 1839 4101 γνῶσιν

249 4116 399 4172 θεοῦ
454 4120 543 4173 ἐπ’
591 4122 825 4192 ἐσχάτων
884 4122 1197 4195 μετριότης,
1249 4124 1419 4195 ἥγουν
1475 4140 1839 4197 ταπεινοφρο-

255 4208 418 4281 σύνη.

842 4320 1119 4390 Μαξίμου
1159 4327 1250 4392 ιη’.

317 4406 387 4461 Εἰ
418 4406 599 4471 Θέλεις
625 4409 885 4478 γενέσθαι
937 4408 1269 4481 ἐπιγνώμων
1319 4410 1414 4465 καὶ
1450 4411 1693 4483 μέτριος,
1744 4414 1840 4468 καὶ

243 4497 326 4569 τῷ
368 4498 535 4553 πάθει
566 4500 667 4570 τῆς
699 4503 934 4573 οἰήσεως
987 4503 1061 4574 μὴ
1111 4503 1402 4569 δουλεύειν,
1449 4504 1538 4560 ἀεὶ
1582 4503 1737 4578 ζήτει
1781 4509 1840 4561 ὲν

244 4592 363 4653 τοῖς
389 4586 512 4645 οὖσι
547 4591 601 4645 τί
633 4596 748 4647 ἐστι
779 4594 842 4646 τὸ
870 4595 1252 4675 κρυπτόμενον
1283 4599 1350 4669 τῇ
1389 4599 1456 4669 σῇ
1485 4597 1714 4666 γνώσει’
1749 4599 1844 4654 καὶ

246 4683 527 4755 εὑρίσκων
581 4686 880 4757 πάμπολλα
939 4688 1036 4741 καὶ
1080 4688 1316 4761 διάφορα
1363 4689 1696 4747 λανθάνοντα
1757 4710 1841 4757 σε,

246 4774 562 4844 Θαυμάσας
590 4792 652 4829 τε
703 4778 797 4831 ἐπὶ
840 4780 906 4850 τῇ
956 4782 1023 4850 σῇ
1062 4779 1284 4849 γνώσει,
1335 4782 1430 4835 καὶ
1475 4782 1751 4847 συπελεῖς
1779 4783 1843 4837 τὸ

242 4867 531 4939 φρόνημα,
565 4868 660 4922 καὶ
695 4870 923 4924 σεαυτὸν
957 4870 1237 4940 ἐπιγνοὺς,
1269 4873 1523 4944 συνήσεις
1556 4872 1727 4929 πολλὰ
1750 4873 1845 4927 καὶ

245 4956 472 5027 μεγάλα
500 4959 829 5031 πράγματα,
861 4961 987 5015 ἐπεὶ
1019 4960 1080 5016 τὸ
1114 4961 1358 5034 νομίζειν
1389 4963 1611 5030 εἰδέναι,
1642 4965 1742 5019 οὐκ
1776 4965 1842 5036 ἐᾷ

242 5050 589 5122 προκόπτειν
615 5052 697 5116 είς
725 5054 789 5107 τὸ
822 5053 1045 5111 εἰδέναι.

657 5245 920 5314 Σχόλιον
949 5245 1057 5302 τοῦ
1100 5247 1308 5303 Ἰσαάκ
1348 5248 1435 5305 ιϐ’.

330 5334 576 5406 Ἑκάστη
626 5337 797 5411 ἀρετή
855 5340 1067 5423 μήτηρῆ
1085 5341 1355 5420 ἐστιῆτῆς
1402 5340 1695 5413 δευτέραςο
1742 5342 1838 5397 ἐὰν

224 5416 344 5486 οὖν
382 5427 619 5498 ἀφήσεις
645 5429 748 5499 τὴν
793 5431 1007 5503 μητέρα
1040 5416 1154 5504 Ῑιὴν
1179 5416 1457 5502 γεννῶσαν
1487 5432 1585 5498 τὰς
1614 5434 1836 5507 ἀρετὰς,

231 5522 351 5579 καὶ
415 5520 660 5594 ἀπέλθῃς
725 5521 962 5593 ζητῆσαι
1034 5525 1132 5589 τὰς
1196 5524 1502 5596 Θυγατέρας
1564 5527 1670 5597 πρὸ
1742 5526 1839 5581 τοῦ

237 5612 560 5684 κτήσασθαι
607 5616 708 5689 τὴν
762 5616 976 5689 μητέρα
1018 5617 1220 5680 αὐτῶν,
1252 5619 1455 5688 ἔχιδναι
1490 5620 1840 5689 εὑρίσκονται

238 5704 455 5761 ἓνεῖναι
480 5708 549 5777 τῇ
576 5706 746 5778 ψυχῇ,
767 5699 878 5762 ’ἐὰν
913 5708 987 5779 μὴ
1017 5707 1181 5782 ῥίψῃς
1213 5708 1385 5773 αὑτὰς
1414 5709 1523 5764 ἀπὸ
1553 5710 1674 5765 σοῦ.

325 5817 409 5891 (α)
438 5819 653 5878 inclusa
682 5824 992 5893 parenthesi
1027 5825 1082 5880 in
1108 5822 1301 5882 Graeco
1326 5833 1453 5883 sunt
1486 5825 1700 5882 abrasa.

1934 1902 2216 1974 grinorum
2260 1905 2507 1958 invitatio
2544 1918 2640 1959 seu
2665 1904 2965 1974 susceptio,
3000 1913 3198 1959 natura
3227 1904 3369 1961 bona
3393 1913 3524 1961 sunt

1933 2007 2121 2063 Opera,
2147 1995 2241 2050 sed
2268 2000 2489 2065 quando
2523 1994 2701 2050 laudis
2736 1996 2993 2053 humanas
3031 1998 3316 2069 captanda:
3346 2001 3523 2073 gratia

1933 2087 2094 2154 ﬁunt,
2125 2103 2233 2143 non
2261 2099 2391 2144 sunt
2419 2089 2581 2144 bona.

2534 2180 2786 2239 Scholion
2825 2182 2914 2238 15.

2003 2268 2172 2322 Vana:
2201 2269 2387 2339 gloriae
2413 2286 2615 2341 auceps
2650 2273 2875 2328 simulat
2919 2273 3393 2331 mansuetudinem
3426 2290 3523 2333 seu

1933 2359 2031 2415 ira:
2046 2362 2372 2417 vacuitatem
2403 2381 2415 2416 :
2442 2363 2664 2433 quando
2681 2380 2811 2437 ergo
2831 2366 3202 2434 excandescit,
3226 2382 3326 2438 pro
3349 2367 3524 2436 gloria

1937 2454 2292 2526 ignominiam
2323 2456 2534 2526 recipit.

2082 2598 2088 2604 .
2543 2547 2798 2603 Scholion
2838 2548 2925 2604 16.

2005 2637 2305 2709 Diligenter
2333 2638 2623 2695 advertere
2655 2640 2724 2694 ad
2769 2640 2872 2696 hoc
2902 2648 3254 2696 exsecratum
3282 2640 3475 2696 vitium
3506 2681 3522 2705 ,

1936 2730 2087 2801 quod
2136 2746 2196 2786 se
2244 2733 2422 2801 ipsum
2480 2732 2774 2787 virtutibus
2816 2733 3122 2796 immiscet,
3172 2732 3353 2803 quoad
3404 2732 3527 2786 illa

1934 2825 2149 2893 perdat.
2199 2821 2315 2878 Nisi
2362 2825 2509 2878 enim
2552 2824 2658 2881 hoc
2715 2823 2921 2881 infame
2960 2826 3153 2880 vitium
3190 2825 3528 2894 cxstirparit,

1935 2930 2045 2970 non
2083 2924 2264 2985 potest
2302 2916 2358 2970 in
2400 2916 2604 2972 divinis
2650 2917 2946 2973 virtutibus
2983 2919 3294 2988 prolicere;
3346 2917 3525 2988 ipsum

1936 3007 2081 3063 enim
2129 3008 2316 3063 omnia
2354 3010 2499 3064 mala
2542 3019 2981 3078 consequuntur.

2395 3099 2559 3153 Aliud
2598 3103 2772 3154 sancti
2808 3100 3057 3157 Maximi.

2006 3184 2126 3242 Noli
2155 3196 2205 3243 te
2228 3203 2351 3244 cum
2401 3188 2902 3260 imperfectioribus
2943 3190 3261 3246 hominibus
3300 3205 3523 3261 compa-

1933 3299 2096 3350 rare,
2142 3286 2237 3342 sed
2294 3301 2420 3340 cum
2480 3287 2589 3342 illis
2634 3287 2729 3357 qui
2790 3286 2954 3357 287
3008 3287 3208 3341 eximia
3256 3286 3526 3341 charitate

1933 3379 2309 3435 eminuerunt.
2351 3376 2411 3434 Si
2461 3380 2606 3433 enim
2654 3390 2706 3434 te
2749 3393 2876 3433 cum
2914 3379 3022 3434 illis
3063 3377 3341 3448 prioribus
3375 3392 3529 3432 eom-

1935 3472 2238 3545 paraveris,
2269 3472 2323 3527 in
2369 3472 2622 3527 scrobem
2658 3471 2926 3541 superbia
2955 3478 3010 3525 et
3034 3469 3415 3525 aestimationis
3447 3469 3526 3523 tui

1937 3565 2113 3636 ipsius
2156 3564 2395 3631 incides;
2439 3563 2487 3618 si
2536 3572 2719 3618 autem
2764 3577 2889 3617 cum
2935 3563 3129 3616 horum
3171 3561 3436 3617 charilate
3476 3571 3529 3615 te

1936 3655 2277 3723 contuleris,
2323 3656 2392 3712 ad
2440 3655 2733 3712 sublimem
2778 3653 3108 3709 humilitatis
3154 3661 3355 3709 statum
3399 3666 3528 3723 pro-

1938 3749 2112 3805 licies.

2559 3838 2814 3895 Scholion
2843 3838 2933 3892 17.

2009 3931 2296 4003 Correcto)
2317 3931 2430 3986 sive
2449 3931 2783 4001 reprehenso
2805 3947 2818 3982 :
2840 3927 3285 4000 reprehendenda
3307 3926 3410 3980 fuit
3428 3926 3529 3981 Na-

1940 4022 2419 4079 buchodonosoris
2448 4020 2690 4075 insolens
2715 4020 3007 4089 jactantia,
3031 4019 3125 4075 sed
3160 4008 3429 4073 laudanda
3450 4017 3524 4079 ad

1938 4124 2248 4170 extremum
2280 4122 2410 4167 nata
2453 4128 2520 4168 ex
2554 4111 2647 4167 Dei
2683 4113 2994 4183 cognitione
3031 4111 3381 4167 mediocritas
3425 4125 3522 4179 seu

1940 4205 2233 4270 modestia,
2273 4205 2519 4275 adeoque
2549 4204 2845 4262 humilitas.

2472 4294 2660 4352 Sancti
2684 4294 2914 4349 Maximi
2935 4293 3023 4349 18.

2011 4384 2071 4442 Si
2105 4386 2188 4443 vis
2217 4387 2450 4458 teipsnm
2486 4401 2650 4442 nosse
2678 4395 2727 4441 et
2757 4386 3035 4441 modestus
3067 4384 3203 4452 ﬁeri,
3239 4400 3417 4456 neque
3440 4386 3530 4445 vi-

1870 4484 1916 4541 ι)
1945 4470 2021 4526 tio
2054 4470 2288 4526 tumoris
2328 4479 2383 4525 et
2428 4469 2850 4526 existimationis
2888 4468 3131 4536 servire,
3182 4468 3235 4524 in
3273 4470 3531 4527 omnibus

1943 4567 2110 4624 rebus
2139 4582 2343 4638 quaere,
2370 4567 2499 4637 quid
2536 4567 2607 4622 sit
2629 4565 2776 4637 quod
2801 4577 2951 4621 tuam
2990 4565 3354 4636 cognitionem
3396 4566 3532 4621 eﬂ‘u-
3642 4630 3647 4635 ε

1942 4656 2077 4728 giat,
2106 4666 2313 4713 etcum
2352 4657 2522 4712 multa
2555 4665 2610 4712 et
2642 4657 2787 4713 varia
2819 4673 2941 4729 quae
2973 4664 3028 4713 te
3054 4659 3279 4722 lateant,
3309 4658 3537 4713 invene-

1942 4747 2043 4813 ris,
2072 4747 2363 4804 miraberis
2386 4757 2533 4803 tuam
2556 4749 2840 4804 setentiam
2873 4749 2993 4819 (seu
3028 4749 3208 4819 potius
3239 4749 3538 4821 inscitiam)

1942 4849 1997 4896 et
2026 4840 2416 4904 fastum,tuum
2447 4842 2703 4899 retundes
2734 4860 2748 4897 :
2781 4851 2836 4897 et
2869 4857 2995 4897 cum
3032 4850 3087 4897 te
3120 4842 3297 4911 ipsum
3331 4856 3539 4913 cogno-

1940 4934 2106 5002 veris,
2136 4934 2336 4991 multas
2369 4941 2424 4989 et
2453 4950 2679 5007 magnas
2711 4950 2800 4993 res
2824 4934 3114 5006 intelliges.
3144 4932 3280 4990 Nam
3311 4950 3377 4989 eo
3412 4935 3533 5004 ipso

1938 5031 2083 5102 quod
2118 5030 2261 5087 scire
2300 5046 2403 5088 nos
2441 5033 2846 5100 existimamus,
2896 5033 2964 5090 ad
3011 5032 3295 5090 scientiam
3348 5031 3534 5087 venire

1938 5140 2047 5180 non
2079 5139 2397 5195 possumus.

2575 5237 2761 5293 Isaaci
2794 5237 2884 5293 19.

2015 5344 2374 5415 Unaquaeque
2417 5349 2594 5401 virtus
2630 5353 2717 5400 est
2757 5344 2982 5399 alterius
3027 5340 3245 5396 virtutis
3275 5354 3531 5410 procrea-

1948 5438 2076 5493 trix.
2121 5437 2179 5494 Si
2220 5426 2586 5509 ergo‘relicta
2634 5437 2999 5509 procreatrice
3042 5435 3301 5490 virtutum
3336 5442 3531 5503 matre,

1928 5531 2150 5588 ‘abieris
2176 5532 2241 5586 ad
2271 5531 2677 5602 investigandas
2725 5530 2864 5585 tilias
2894 5528 3211 5599 priusquam
3245 5535 3523 5595 parentem

1948 5623 2163 5680 illarum
2193 5624 2495 5694 possideas,
2529 5623 2728 5694 vipera:
2751 5624 2803 5676 in
2830 5621 3015 5676 anima
3042 5630 3133 5674 tua
3162 5619 3527 5690 reperientur,

1944 5715 1992 5771 si
2031 5716 2152 5772 illas
2181 5716 2279 5774 abs
2298 5724 2349 5773 te
2380 5732 2486 5773 non
2515 5715 2789 5792 rejeceris.
