2021 3210
267 138 319 170 967

894 142 925 171 S.
935 142 1096 173 JOANNIS
1111 144 1264 176 CLIMACI

1842 153 1895 185 968

267 192 314 219 Vir
327 193 390 220 elati
412 193 496 220 animi
514 202 626 228 regnare
640 195 723 229 cupit,
739 202 825 229 neque
841 196 913 222 enim
928 197 981 223 alio
996 206 1049 224 mo-

1109 201 1204 237 Κυρίῳ
1228 203 1281 233 πᾶς
1307 202 1504 238 ὑψηλοκὰρδιος
1529 205 1576 238 (6).
1602 206 1656 232 Καὶ
1678 207 1718 238 τίς
1741 207 1833 234 λοιπον
1852 210 1895 237 τὸν

263 241 311 270 do,
329 242 357 264 ut
371 247 453 266 casus
467 240 526 270 fert,
542 239 663 267 funditus
684 240 772 274 perire
790 245 888 275 potest,
908 247 955 269 aut
979 244 1057 270 aliter

264 291 318 310 non
333 284 390 310 vult
406 284 525 311 interire.
541 284 664 318 Superbia
679 285 747 311 Deus
761 287 857 312 resistit
873 287 906 313 π.
924 288 990 320 Quis
1001 296 1058 322 por-

263 337 295 357 ro
312 330 395 357 hosce
408 330 532 357 miserari
556 331 652 365 possit,
669 332 793 366 impurus
808 337 849 360 est
869 334 960 361 omnis
987 335 1057 368 apud

266 375 361 406 Deum,
372 375 495 409 quisquis
509 373 626 410 superbo
639 382 680 403 est
696 377 787 405 corde.
805 378 904 413 Ecquis
922 386 987 406 vero
1007 380 1058 406 lm-

262 420 414 454 juscomodi
433 428 530 455 purum
551 421 663 448 reddere
681 422 786 456 queat?
809 422 948 450 lnstitutio
961 423 999 459 (α)
1010 431 1057 451 su-

265 467 349 501 perbo
364 466 450 493 ruinae
463 467 572 493 occasio
582 471 633 499 est,
645 467 773 495 stimulus
784 468 894 503 superbi
907 476 953 497 seu
968 469 1055 504 palus,

264 512 369 539 daemon
384 512 585 543 est,destitutio
601 513 637 547 (b)
651 517 787 548 stuporem
803 514 916 542 inducit.
935 514 968 541 Et
982 516 1058 550 prio-

264 567 292 585 ra
307 559 414 593 quidem
444 559 585 585 hominum
605 559 670 586 vitia
690 568 760 594 swpe
776 561 810 588 ab
836 561 993 589 hominibus
1010 569 1057 589 eu-

263 610 322 631 rata
346 610 422 632 sunt.
448 604 606 632 Extremum
639 613 702 633 vero
731 615 777 634 seu
801 611 896 641 stupor
925 607 959 634 ab
982 608 1056 636 nullo

265 652 421 679 mortalium
439 654 527 680 curari
542 657 639 687 potest.
653 653 731 688 291
748 653 800 686 Qui
815 653 1054 688 reprehensionem

264 703 408 724 aversatur
424 702 451 725 et
465 699 578 733 repellit,
593 699 688 726 vilium
708 707 787 726 suum
809 699 901 733 prodit
916 709 920 726 :
934 700 979 734 qui
992 708 1056 727 vero

264 742 361 775 quau-it
374 743 601 778 objurgationcm,
612 743 754 778 expeditus
766 749 807 771 est
817 744 950 771 a.vinculo
961 752 1056 779 super—

265 788 329 815 bia.
347 788 374 815 Si
388 789 450 823 quis
465 789 568 823 absque
581 789 685 817 caeteris
700 789 772 816 vitiis
785 797 833 824 per
848 790 900 817 hoc
920 790 1008 817 solum
1029 795 1057 818 et

263 834 374 861 unicum
396 834 526 870 (Lucifer)
546 843 561 862 e
584 835 653 863 cmlo
679 835 789 868 decidit,
820 836 997 871 quaerendum
1015 841 1057 864 est

1108 245 1228 272 τοιοῦτον
1243 247 1417 283 ἀποκαθοῖραι
1433 248 1562 282 δύναταις
1580 251 1674 278 Παίὸει.
1682 261 1722 283 σις
1747 253 1798 287 μὲν
1815 254 1897 290 ὑπερ-

1109 291 1204 325 ηφάνῳ
1228 292 1344 327 πτῶμα*
1379 294 1479 329 σκόλοψ
1513 295 1540 321 δὲ
1562 296 1681 331 δαίμων·
1707 298 1896 333 ὲγκατάλειψις

1108 335 1136 361 δὲ
1164 336 1283 369 ἔκτεισις.
1323 338 1377 365 Καὶ
1408 339 1442 366 τὰ
1471 340 1521 375 μὲν
1547 341 1667 377 πρότερα
1696 343 1828 375 πολλάκις
1851 346 1898 371 καὶ

1108 381 1245 418 ἅνθρωποι
1268 384 1321 410 ὑπὸ
1335 385 1389 412 τῶν
1403 386 1554 421 ἀνθρώπων
1568 388 1793 425 ἐθεραπεύθησαν
1805 400 1811 406 ·
1826 392 1856 417 τὸ
1868 392 1897 418 δι

1108 427 1220 462 ἔσχατον
1244 430 1309 465 παρ’
1334 431 1489 465 ἀνθρώποις
1511 433 1629 461 ἀνίατον.
1652 435 1681 461 '0
1703 429 1896 471 ἀποσειόμενος

1109 473 1229 509 ἔλεγχον,
1245 475 1275 501 τὸ
1291 476 1377 509 πάθος
1400 478 1536 513 ἐσήμανεν
1549 487 1555 494 ”
1567 481 1582 506 ὁ
1595 480 1623 506 δὲ
1641 481 1835 517 προσδραμὼν,
1851 484 1897 510 τοῦ

1109 519 1210 554 δεσμοῦ
1236 521 1362 548 λέλυται·
1389 525 1413 550 εἰ
1434 526 1518 560 χωρὶς
1541 526 1634 561 ἑτέρου
1660 527 1764 559 πάθους
1791 537 1832 558 τις
1853 528 1897 555 διὰ

1107 565 1202 592 τούτου
1218 566 1265 592 καὶ
1282 568 1364 602 μόνου
1382 566 1437 595 τῶν
1457 571 1581 605 οὐρανῶν
1595 573 1730 599 κατέπεσε
1745 573 1797 608 (7),
1816 574 1898 609 ζητη-

1107 610 1167 636 τέον
1190 612 1288 645 μήπως
1306 613 1351 639 καὶ
1374 613 1435 649 δίχα
1460 616 1561 651 ἀρετῆς
1585 617 1684 652 ἐτέρας
1707 619 1739 644 ἐκ
1762 619 1896 645 ταπεινῶς

1108 664 1176 688 σεως
1190 657 1230 688 εις
1243 658 1374 693 οὐρανοὺς
1396 660 1551 687 ἀναϐαίνειν
1566 662 1711 697 ἐνδέχεται.
1737 664 1895 699 Ὑπερήφα-

1107 701 1149 728 νία
1171 702 1229 728 ἐστὶ
1244 703 1359 730 πλούτου
1379 706 1425 732 καὶ
1441 706 1560 742 ἱδρώτων
1576 708 1699 735 ἀπώλεια
1710 717 1716 723 '
1732 710 1892 744 ὲκέκραξαν,

1107 748 1154 773 καὶ
1166 748 1216 774 οὐκ
1230 746 1263 783 ἦν
1278 750 1292 775 ὁ
1307 750 1410 783 σώζων,
1430 753 1547 786 πάντως,
1561 755 1602 780 ὅτι
1618 755 1677 790 μεθ’
1689 756 1892 791 ὑπερηφανίας·

1107 792 1259 828 ἐκέκραξαν
1276 796 1344 830 πρὸς
1357 797 1470 832 Κύριον,
1487 799 1533 825 καὶ
1545 800 1595 826 οὐκ
1617 801 1780 835 εἰσήκουσεν
1795 802 1892 833 αὐτῶν,

1108 839 1227 872 πάντως,
1244 841 1285 867 ὅτι
1306 842 1355 874 τὰς
1379 844 1469 878 αἰςίας
1494 845 1554 871 καθ’
1570 842 1607 872 ὦν
1623 846 1749 881 ηὔχοντο,
1764 848 1816 874 οὒκ
1843 849 1892 875 ἁπ-

262 888 296 906 an
311 881 401 908 forsan
413 881 548 916 quispiam
562 882 666 916 absque
675 882 736 909 aliis
749 882 895 909 virtutibus
907 890 953 917 per
964 883 1051 910 solam
1068 878 1089 907 Β
1104 883 1230 912 ἐκοπτον.

263 927 446 954 humilitatem
467 927 565 954 cmlum
590 928 773 956 conscendere
793 928 896 964 possit?
923 928 1055 964 Superbia
1072 931 1194 958 omnium
1227 932 1349 960 laborum
1365 938 1392 962 et
1407 935 1538 963 sudorum
1556 944 1622 971 opes
1655 939 1765 973 perdit:
1794 942 1890 969 clama-

261 977 372 1006 verunt,
386 981 435 1000 nee
449 977 507 1000 erat
521 973 567 1008 qui
581 974 671 1001 salvos
686 973 797 1007 faceret,
811 975 882 1001 haud
895 975 977 1002 dubie
1001 980 1143 1010 propterea
1174 979 1247 1013 quod
1263 987 1326 1007 cum
1357 982 1485 1015 superbia
1505 982 1667 1011 clamarent.
1699 984 1892 1015 Clamaverunt

262 1019 296 1046 ad
320 1019 483 1053 Dominum,
506 1027 556 1047 nec
572 1020 713 1048 exaudivit
729 1028 791 1054 eos,
817 1021 919 1048 idcirco
941 1028 1053 1056 nempe,
1074 1023 1146 1057 quod
1179 1031 1277 1053 causas
1307 1026 1439 1055 adversus
1452 1035 1520 1063 quas
1536 1030 1723 1058 clamaverunt
1739 1040 1793 1059 non
1808 1039 1895 1061 sustu—

262 1065 342 1092 lerint
355 1065 441 1100 prius.

292 1113 446 1147 Superbum
462 1112 605 1148 quemdam
616 1113 727 1142 fratrem
739 1116 830 1143 senior
839 1116 949 1151 quidam
963 1124 1053 1144 rerum

261 1159 445 1194 spiritualium
464 1160 663 1189 scientissimus
677 1162 710 1189 ad
728 1162 906 1190 humilitatem
928 1163 1053 1190 hortatus

259 1209 301 1233 est
317 1214 322 1232 :
336 1206 381 1232 sed
396 1205 439 1233 ille
456 1206 613 1239 excutiens,
628 1206 750 1241 ignosce,
766 1207 864 1242 inquit,
890 1212 975 1242 pater,
999 1215 1053 1234 non

259 1260 320 1279 sum
333 1252 467 1287 superbus
478 1261 485 1285 ;
495 1256 521 1279 et
534 1252 753 1286 sapientissimus
764 1253 808 1280 ille
816 1261 898 1280 senex
912 1263 918 1280 :
931 1253 1052 1288 Ecquod,

259 1297 358 1332 inquit,
378 1298 425 1329 fili,
443 1298 531 1332 majus
548 1298 684 1332 superbia:
697 1299 803 1334 signum
818 1303 844 1326 et
860 1302 1052 1334 argumentum

263 1345 344 1370 cdere
364 1343 442 1370 nobis
462 1347 549 1377 potes,
562 1351 642 1377 qualn
659 1344 772 1371 dicendo
788 1344 866 1371 :Non
882 1352 940 1372 sum
957 1352 1052 1379 super-

261 1388 323 1415 bus.
343 1388 495 1415 Admodum
511 1392 601 1422 potest
613 1389 767 1423 hujusmodi
781 1389 896 1424 ingeniis
908 1390 1050 1425 subjectio,

259 1439 287 1461 ct
296 1434 429 1468 agrestior
440 1434 574 1468 viliorque
589 1434 695 1462 vivendi
714 1436 784 1462 ratio
796 1441 822 1462 et
833 1436 993 1470 disciplina;
1007 1444 1051 1464 re-

259 1484 302 1507 cte
318 1480 381 1506 item
397 1479 530 1507 factorum
556 1485 711 1507 sanctorum
733 1481 845 1508 Patrum
866 1490 926 1516 quae
947 1486 1051 1511 natura:

259 1526 372 1560 gradum
389 1533 517 1560 superare
533 1526 668 1558 videntur,
685 1527 776 1559 lectio,
800 1527 917 1555 fortasse
935 1529 1006 1555 enim
1023 1533 1051 1556 et

259 1572 324 1599 hinc
335 1572 423 1606 aliqua
441 1580 503 1607 spes
523 1572 619 1599 salutis
634 1572 704 1599 male
719 1573 823 1600 affectis
845 1574 919 1601 hisee
937 1574 1050 1609 afl‘ulge-

261 1617 310 1644 bit.
334 1617 424 1652 Turpe
444 1623 486 1645 est
506 1619 602 1645 alienis
619 1618 719 1653 plumis
735 1619 886 1653 superbire,
903 1620 948 1646 sed
961 1626 1050 1647 extre-

260 1663 466 1690 mtedelnenlim
488 1664 523 1690 ob
546 1664 665 1691 coelestia
684 1664 755 1691 dona
776 1665 866 1692 extolli
888 1672 974 1700 eaque
998 1666 1048 1693 sibi

258 1716 394 1743 arrogare.
412 1709 448 1736 De
462 1709 527 1736 solis
542 1713 614 1736 recte
627 1709 705 1736 factis
716 1709 804 1736 efferri
816 1716 901 1744 potes,
915 1719 984 1745 qum,
1000 1719 1048 1738 an-

257 1758 367 1788 tequam
392 1757 474 1781 natus
491 1762 576 1787 esses,
602 1755 756 1789 possedisti.
784 1754 850 1782 Nam
877 1764 945 1788 quas
969 1760 1047 1784 natus

258 1800 398 1835 accepisti,
416 1800 486 1827 Deus
500 1801 621 1831 donavit,
638 1801 675 1827 uti
695 1801 783 1828 ethoc
799 1802 886 1836 ipsum
906 1803 979 1837 quod
1001 1811 1047 1830 na-

257 1853 376 1872 seerere.
395 1847 578 1878 uuascunque
591 1845 704 1873 virtutes
716 1846 774 1873 sine
785 1847 875 1874 anima
890 1848 1046 1881 exercuisti,

258 1888 311 1916 illm
325 1889 390 1916 solae
407 1894 460 1916 tua:
474 1894 548 1922 sunt,
568 1889 640 1917 Deus
661 1891 733 1917 enim
750 1892 870 1919 animum
891 1893 980 1927 ipsum
999 1894 1046 1921 tibi

258 1936 412 1970 impertivit.
429 1936 508 1971 292
524 1937 554 1964 Et
570 1947 740 1974 qumounque
754 1940 882 1966 virtutum
898 1940 1045 1970 Certamina

256 1988 331 2008 extra
347 1991 446 2016 corpus
465 1985 581 2015 subiisti,
601 1986 643 2011 illa
670 1991 716 2012 tuo
734 1987 824 2013 studio
840 1986 895 2012 sola
913 1986 1046 2012 ascribere

257 2033 332 2062 potes
347 2037 355 2056 :
369 2037 428 2055 nam
443 2038 550 2063 Corpus,
571 2035 646 2057 tuum
672 2040 725 2058 non
750 2036 808 2063 est,
836 2032 880 2058 sed
897 2040 965 2066 opus
990 2031 1044 2058 Dei.

256 2075 327 2101 Cave
353 2075 399 2101 tibi
423 2076 487 2102 ﬁdas
507 2082 568 2103 ante
593 2079 796 2111 pronuntiatam
822 2079 854 2105 de
875 2083 898 2105 le
922 2079 1044 2105 ultimam

258 2121 430 2149 sententiam.
460 2128 521 2147 cum
541 2123 630 2150 videas
650 2125 735 2155 illum,
751 2124 797 2159 qui
816 2125 841 2150 in
858 2125 977 2151 thalamo
990 2125 1044 2158 jam

256 2166 442 2199 discubuerat,
466 2169 555 2201 ligatis
571 2170 695 2196 manibus
715 2175 740 2196 et
753 2171 864 2202 pedibus
881 2171 906 2196 in
921 2171 1045 2197 tenebras

256 2211 403 2237 exteriores
420 2213 547 2245 ejectum.
565 2214 623 2241 Noli
640 2216 717 2241 elatis
731 2216 881 2242 cervicibus
898 2216 1044 2242 incedendo

256 2256 354 2281 Ctl‘llllll
374 2260 493 2290 tangere,
508 2267 569 2285 cum
586 2260 622 2286 sis
646 2269 659 2287 e
674 2269 752 2288 caeno
768 2266 844 2287 terra:
858 2260 954 2287 factus.
972 2260 1044 2287 Mulli

256 2300 328 2326 enim
346 2309 361 2327 e
384 2303 453 2328 coelo
472 2305 556 2330 sancti
583 2310 607 2331 et
632 2307 754 2340 corporis
770 2311 893 2340 expertes
912 2306 1043 2333 deturbati

249 2353 329 2374 sunt.
349 2347 399 2373 Ubi
417 2349 504 2376 malus
525 2351 630 2377 dmmon
651 2352 677 2379 in
696 2353 752 2379 suis
767 2353 898 2380 ministris
909 2354 999 2380 sedem
1014 2354 1043 2379 li-

257 2397 304 2420 xvt,
325 2397 390 2418 tunc.
406 2394 446 2419 γεεί
463 2395 488 2420 in
502 2404 599 2423 somno
613 2398 654 2424 vel
671 2398 697 2424 in
712 2399 885 2432 vigilantibus
896 2406 943 2433 per
955 2399 1041 2425 visum

251 2435 349 2464 habitu
367 2438 509 2474 formaque
528 2442 567 2468 vel
587 2442 657 2469 beati
674 2443 789 2477 alicujus
806 2444 904 2478 angeli,
922 2444 962 2470 vel
979 2451 1047 2470 mar-

249 2482 318 2515 tyris
337 2490 458 2519 apparet,
472 2492 499 2513 et
511 2495 610 2514 arcana
627 2489 750 2523 quaedam
768 2489 864 2524 aperit,
881 2489 919 2516 vel
935 2490 1046 2523 quibus-

256 2532 317 2558 dam
333 2532 482 2564 gratiarum
506 2534 585 2560 donis
605 2541 695 2567 ornat,
714 2540 742 2562 ut
759 2537 793 2562 ita
815 2536 901 2563 delusi
926 2536 1045 2564 infelices

257 2581 344 2602 metue
357 2577 464 2604 demum
480 2580 587 2612 penitus
600 2581 735 2608 excidant.
762 2581 839 2613 Quod
856 2582 878 2610 si
894 2582 935 2609 vel
952 2582 1042 2609 infini-

254 2626 296 2648 tas
315 2630 363 2656 pro
376 2623 485 2651 Christo
501 2631 599 2653 mortes
612 2627 770 2660 toleramus,
789 2628 862 2654 nullo
877 2633 966 2654 tamen
979 2635 1039 2655 mo—

253 2666 288 2692 do
314 2669 354 2693 vel
376 2669 415 2695 sic
432 2676 480 2703 pro
505 2670 596 2697 debito
613 2671 842 2699 satisfaceremus.
864 2673 944 2700 Aliud
966 2673 1038 2700 enim

247 2719 289 2742 est
307 2715 419 2748 sanguis
438 2715 496 2749 Dei,
514 2717 587 2744 aliud
602 2727 741 2747 servorum
759 2719 804 2747 Dei
821 2720 942 2755 sanguis,
960 2721 981 2747 si
997 2720 1037 2746 di-

287 2803 311 2818 "
327 2802 387 2830 Jac.
402 2811 438 2835 tv,
462 2804 488 2832 6.

287 2849 324 2882 (α)
344 2849 474 2883 Ιίνιιιιὶιίο,
491 2852 636 2886 correctio,
655 2853 841 2887 reprehensio.

1107 1117 1111 1121 ‘
1147 1115 1273 1151 Ἀδελφὺν
1288 1119 1560 1154 ὑπερηφανευόμενον
1568 1121 1657 1156 γέρων
1670 1123 1891 1156 γνωστικώτατος

1105 1162 1298 1196 πνευματικῶς
1312 1164 1489 1201 ἐνουθέτησεν
1501 1165 1549 1200 (8),
1560 1167 1574 1192 ὁ
1587 1166 1615 1193 δὲ
1629 1167 1791 1201 τυφλώττων
1809 1171 1875 1205 gaqu
1885 1179 1891 1185 ”

1105 1208 1294 1245 Συγχὼρησον,
1320 1211 1416 1247 πάτερ,
1443 1212 1493 1239 οὐκ
1518 1212 1576 1248 εἰμὶ
1602 1214 1787 1249 ὑπερήφανος.
1819 1216 1849 1242 ’0
1864 1216 1891 1243 δι

1105 1253 1241 1288 πάνσοφος
1267 1255 1356 1290 γέρων
1381 1257 1449 1292 πρὸς
1473 1257 1573 1284 αὐτόν·
1601 1259 1657 1285 Καὶ
1683 1260 1779 1292 ποίαν,
1809 1261 1888 1295 φησὶ,

1104 1300 1208 1333 τέκνον,
1222 1300 1359 1334 ἀπόδειξιν
1376 1303 1546 1339 σαφεστέραν
1559 1304 1661 1340 ταύτης
1681 1306 1813 1341 παρέχεις
1827 1308 1890 1342 ἡμῖν

1103 1345 1150 1371 τοῦ
1177 1345 1289 1379 πάθους,
1305 1347 1394 1383 ἀλλ’ἢ
1417 1348 1446 1374 τὸ
1466 1349 1569 1376 εἰπεῖν’
1597 1351 1655 1376 Οὐκ
1671 1352 1729 1386 εἰμὶ
1751 1352 1889 1389 ὑπερήφα-

1103 1400 1164 1424 νος;
1182 1392 1255 1419 Πάνυ
1270 1394 1327 1425 τοῖς
1341 1393 1472 1426 τοιούτοις
1487 1396 1646 1431 συνέρχεται
1663 1398 1679 1432 ἡ
1695 1397 1830 1434 ὑποταγὴ.
1845 1400 1889 1426 καὶ

1103 1439 1243 1474 παχυτέρα
1259 1440 1306 1466 καὶ
1332 1440 1481 1476 ἀτιμοτέρα
1496 1441 1632 1477 διαγωγή”
1648 1443 1696 1470 καὶ
1720 1444 1737 1479 ἡ
1752 1445 1807 1470 τῶν
1821 1445 1887 1480 ὑπὲρ

1103 1484 1184 1519 φύσιν
1196 1485 1249 1511 τῶν
1261 1486 1387 1521 πατέρων
1401 1487 1623 1522 κατορθωμάτων
1636 1489 1791 1523 ἀνάγνωσις
1801 1499 1808 1506 ι
1826 1490 1887 1522 ἴσως

1102 1529 1155 1556 κᾶν
1188 1529 1273 1562 οὕτως
1303 1530 1378 1557 ἔσται
1406 1533 1462 1562 τοῖς
1495 1532 1604 1558 νοσοῦσι
1635 1534 1721 1571 μικρά
1754 1536 1886 1570 σωτηρίας

1103 1574 1189 1605 ἐλπίς.
1208 1575 1326 1611 Αίσχύνη
1339 1576 1383 1602 ἐπ’
1396 1576 1528 1612 ἀλλοτρίῳ
1550 1578 1644 1614 κόσμῳ
1658 1580 1820 1615 ἐπαίρεσθαι
1832 1583 1884 1618 (9)·

1101 1618 1178 1645 ἄνοια
1203 1619 1231 1646 δὲ
1248 1620 1360 1655 ἐσχάτη,
1375 1621 1421 1647 ἐπὶ
1442 1622 1594 1658 χαρίσματι
1610 1624 1885 1660 Θεοῦαφαντάζεσοαι.

1102 1664 1173 1692 Ὅσα
1187 1674 1226 1691 σοι
1242 1666 1440 1703 κατορθώματα
1461 1669 1514 1704 πρὸ
1538 1669 1588 1704 τῆς
1603 1670 1653 1704 σῆς
1666 1672 1819 1707 γεννήσεως
1842 1682 1884 1707 γε-

1100 1711 1219 1745 γόνασιν,
1245 1713 1292 1739 ἐπὶ
1316 1714 1420 1746 τούτοις
1437 1716 1528 1750 μόνοις
1551 1717 1683 1752 ἑπαίρου·
1701 1717 1735 1744 τὰ
1747 1718 1802 1753 γὰρ
1818 1721 1884 1754 μετὰ

1099 1757 1226 1793 γέννησιν
1240 1760 1254 1785 ὁ
1271 1759 1336 1791 Θεὸς
1353 1760 1518 1796 ἐδωρήσατο,
1539 1761 1635 1798 ὥσπερ
1655 1764 1703 1790 καὶ
1718 1764 1767 1800 τὴν
1792 1766 1883 1800 γέννη-

1100 1811 1157 1829 σιν·
1186 1804 1252 1835 ὅσας
1278 1805 1357 1836 ὲκτὺς
1385 1805 1431 1832 τοῦ
1460 1806 1519 1837 νοὸς
1552 1807 1653 1842 ἀρετὰς
1683 1809 1882 1845 κατώρθωκας,

1098 1844 1178 1875 αὗται
1194 1850 1242 1876 καὶ
1267 1850 1347 1882 μόναι
1362 1851 1410 1877 σοῦ
1424 1853 1599 1886 τυγχάνουσι’
1614 1853 1659 1879 τὸν
1674 1854 1729 1890 γὰρ
1744 1855 1806 1882 νοῦν
1822 1856 1884 1889 Θεὸς

1097 1895 1111 1921 ὁ
1125 1895 1329 1931 δωρησάμενος.
1350 1896 1420 1923 Ὅσα
1441 1897 1519 1929 ἐκτὸς
1533 1898 1579 1924 τοῦ
1604 1899 1731 1933 σώματος
1756 1901 1884 1935 ἐπεδείξω

1098 1941 1211 1973 ἔπαθλα,
1233 1943 1264 1968 ὲκ
1290 1944 1339 1976 σῆς
1359 1943 1477 1978 σπονδῆς
1501 1945 1547 1970 καὶ
1575 1945 1654 1978 μόνον
1683 1947 1826 1979 γεγόνασι”
1855 1949 1882 1974 τὺ

1097 1987 1150 2021 γὰρ
1170 1987 1258 2021 σῶμα,
1275 1989 1303 2013 οὐ
1322 1988 1376 2019 σὺν,
1392 1988 1458 2014 ἀλλὰ
1472 1989 1518 2015 τοῦ
1535 1990 1601 2015 Θεοῦ
1617 1991 1740 2026 ποίημα·
1765 1992 1802 2027 μὴ
1818 1993 1881 2028 θάρ·

1097 2041 1137 2058 σει
1153 2033 1204 2063 ἕως
1230 2033 1278 2068 τὴν
1303 2033 1440 2066 ἀπόφασιν
1460 2034 1521 2069 δέξῃ
1542 2034 1609 2068 (10),
1628 2035 1699 2069 ὀρῶν
1715 2037 1819 2064 ἐκεῖνον
1837 2037 1881 2064 καὶ

1098 2079 1166 2113 μετὰ
1191 2079 1239 2113 τὴν
1264 2080 1293 2105 ὲν
1318 2079 1356 2113 τῷ
1382 2079 1505 2114 νυμφῶνι
1535 2080 1695 2106 κατάκλισιν
1719 2083 1812 2117 χεῖρας
1837 2083 1882 2109 καὶ

1097 2125 1178 2156 πόδας
1204 2125 1395 2160 δεσμούμενον,
1422 2127 1467 2151 καὶ⁴
1487 2127 1527 2157 εἰς
1551 2127 1580 2152 τὸ
1600 2127 1694 2157 σκότος
1708 2127 1738 2153 τὸ
1753 2127 1880 2163 ἐξώτερον

1096 2170 1299 2206 ἐξοριζόμενον
1328 2171 1364 2206 μὴ
1395 2172 1559 2207 ὑψαυχὲνει,
1590 2173 1682 2207 γήῐ·.ος
1709 2174 1765 2199 ὼν·
1792 2174 1882 2201 πολλοὶ

1095 2216 1149 2251 γὰρ
1177 2217 1223 2242 καὶ
1248 2216 1278 2248 ἐξ
1304 2216 1426 2251 οὐρανῶν
1455 2217 1606 2251 ἐρρίφησαν
1633 2217 1705 2251 ἅγιοι
1733 2219 1781 2245 καὶ
1808 2218 1881 2246 ἆῦλοι

1095 2263 1284 2297 τυγχάνοντες.
1302 2262 1385 2288 ’Ὀταν
1401 2262 1491 2297 χώραν
1509 2263 1537 2288 ὲν
1560 2264 1615 2294 τοῖς
1636 2264 1733 2290 ἑαυτοῦ
1755 2265 1882 2300 ἐργάταις

1095 2307 1108 2332 ὁ
1124 2306 1228 2340 δαίμων
1242 2306 1357 2341 λήψεται
1368 2315 1374 2322 ·
1393 2307 1452 2332 τότε
1477 2307 1509 2333 ἂν
1523 2309 1579 2338 τοῖς
1601 2308 1672 2334 κατὰ
1689 2309 1752 2339 τοὺς
1771 2309 1880 2342 ὕπνους,

1095 2352 1110 2386 ἦ
1128 2351 1174 2376 καὶ
1191 2350 1251 2376 καθ’
1268 2350 1341 2385 ὕπαρ
1356 2350 1393 2381 ὡς
1409 2351 1437 2376 ἐν
1454 2352 1573 2385 σχήματι
1597 2350 1677 2385 δῆθεν
1702 2352 1782 2386 ἁγίου
1802 2352 1884 2386 ἀγγέ-

1096 2398 1153 2428 λου,
1178 2397 1194 2431 ἢ
1222 2398 1268 2422 καὶ
1287 2397 1423 2431 μάρτυρός
1440 2405 1510 2428 τινος
1532 2398 1754 2431 ἐπιφαινόμενος,
1780 2406 1883 2433 μυστη-

1095 2443 1160 2478 ρίων
1186 2443 1277 2473 αὐτοῖς
1308 2442 1496 2476 ἀποκάλυψιν,
1528 2442 1543 2476 ἥ
1572 2442 1748 2477 χαρισμάτων
1779 2443 1883 2479 δωρεὰν

1095 2490 1261 2521 ἐπιδίδωσιν,
1277 2489 1320 2515 ἵνα
1335 2489 1522 2523 ἀπατηθέντες
1538 2489 1561 2514 οι
1575 2488 1688 2519 τάλανες
1702 2488 1812 2520 τελείως
1828 2488 1884 2514 τῶν

1095 2536 1201 2572 φρενῶν
1224 2536 1387 2562 ἐκπέσωσιν.
1411 2535 1442 2561 Εἰ
1459 2535 1505 2561 καὶ
1527 2535 1640 2570 μυρίους
1665 2534 1796 2565 θανάτους
1812 2534 1882 2569 ὑπὲρ

1095 2582 1213 2617 Χριστοῦ
1231 2581 1424 2616 ὑπομείνωμεν
1441 2580 1507 2616 (ll),
1523 2580 1582 2606 οὐδὲ
1605 2580 1690 2611 οὕτως
1711 2580 1741 2606 τὸ
1761 2580 1820 2606 δέον
1835 2581 1883 2606 ἀν-

1094 2628 1293 2663 επληρώσαμεν
1304 2636 1309 2642 ·
1327 2627 1389 2654 ἄλλο
1404 2627 1459 2661 γὰρ
1474 2624 1543 2661 αἷμα
1556 2626 1635 2658 Θεοῦ,
1646 2627 1694 2652 καὶ.
1706 2627 1799 2662 ἕτερον
1810 2622 1882 2659 αἷμα

1093 2674 1204 2705 δούλων,
1222 2674 1292 2700 κατὰ
1313 2674 1342 2700 τὸ
1365 2673 1484 2708 ἀξίωμα,
1501 2673 1547 2699 καὶ
1571 2672 1600 2698 οὐ
1617 2671 1689 2698 κατὰ
1703 2672 1751 2708 τὴν
1766 2671 1862 2698 οὐσίαν
1874 2677 1880 2683 “

1094 2721 1271 2756 augete-ivra;
1294 2721 1407 2751 ἑαυτοὺς
1436 2720 1496 2752 ἀεὶ,
1524 2720 1570 2746 καὶ
1593 2719 1783 2755 ἀνακρίνοντες
1812 2717 1881 2752 πρὸς

1147 2856 1182 2890 (b)
1202 2854 1352 2882 Sul'lrauio
1366 2856 1475 2883 inlcrmr
1486 2855 1590 2891 (dirina‘
1604 2862 1693 2889 uctnpe
1707 2853 1822 2889 gratim).
