4042 6472
3238 280 3249 285 .-
3304 268 3318 285 τ

295 396 409 460 969
1286 392 1521 453 SCALA
1550 389 1931 452 PARADISI.
1970 411 2040 427 -ν
2075 386 2383 449 GRADUS
2409 385 2636 448 XXIII.
3451 382 3558 447 9‘70

284 509 417 569 τοὺς
474 503 584 577 πρὸ
628 503 786 576 ἡμῶν
837 502 1080 574 πατέρας
1131 503 1225 556 καὶ
1260 502 1576 575 φωστῆρας,
1612 501 1687 574 μὴ
1738 517 1880 555 παυ-

1996 499 2263 568 gnitatem,
2299 511 2415 553 non
2447 509 2697 551 naturam
2729 493 3110 566 respiciamus.
3136 492 3240 549 Ubi
3274 492 3559 563 diligenter

284 595 554 668 σὼμεθα,
608 595 705 650 καὶ
747 595 868 649 τότε
914 595 1223 666 εὑρήσομεν
1272 595 1504 658 ἑαυτοὺς
1559 594 1696 665 μηδὲ
1739 595 1873 654 ὅλως

2004 608 2035 643 n
2064 605 2165 646 nos
2207 591 2355 660 ipsos
2394 588 2864 660 inquisiverimus,
2899 596 3255 658 nostramque
3282 586 3449 642 vitam
3496 587 3560 645 ad

284 690 447 759 ἴχνος
496 685 758 759 ἀκριϐοῦς
821 686 1103 748 πολιτείας
1167 685 1521 755 πατήσαντας
1543 700 1557 714 ο
1631 683 1765 753 μηδὲ
1814 683 1877 735 τὸ

1996 684 2227 753 exempla
2258 691 2574 738 sanctorum
2607 681 2852 747 Patrum,
2890 682 2985 752 qui
3015 690 3140 736 ante
3170 696 3274 736 nos
3314 680 3565 735 vixerunt

275 780 619 851 ἐπάγγελμα
638 778 801 841 ὁσίως
823 760 1173 849 τηρήσαντας
1188 792 1202 806 °
1232 775 1347 831 ἀλλ’
1376 776 1459 830 ἔτι
1475 779 1532 829 ὲν
1548 776 1614 846 τῇ
1635 775 1873 845 κοσμικῇ

1996 786 2038 830 et
2065 776 2211 829 velut
2239 789 2363 829 vera
2386 775 2575 829 mundi
2598 775 2807 829 lumina
2831 774 3310 843 resplenduerunt,
3347 772 3567 842 exigere

278 872 626 927 καταστάσει
654 869 1052 941 διατρίϐοντας.

1996 882 2097 922 non
2143 867 2575 933 cessaverimus;
2612 875 2726 921 tum
2766 882 2897 922 vero
2939 881 3041 921 nos
3087 866 3297 920 nullum
3347 864 3565 934 penitus

272 966 582 1038 vestigium
612 966 665 1019 in
700 965 861 1021 nobis
895 965 1042 1035 quod
1069 973 1314 1019 teramus
1343 962 1611 1034 religiosa:
1646 971 1701 1018 et
1756 963 1913 1019 seriae
1954 964 2076 1018 \ilae
2138 960 2632 1031 deprehendemus,
2675 977 2774 1017 nec
2810 960 2954 1032 quod
2988 958 3312 1030 professioni
3361 964 3567 1012 nostra:

274 1057 724 1120 satisfaciamus,
754 1056 852 1110 sed
902 1056 1086 1126 potius
1118 1055 1300 1111 adhuc
1332 1056 1386 1110 in
1421 1063 1569 1111 statu
1608 1055 1735 1110 vllae
1782 1057 2062 1112 saecularis
2088 1064 2143 1110 et
2169 1054 2413 1125 profante
2445 1069 2749 1111 versemur.

2056 1151 2356 1205 Monachus
2371 1149 2590 1221 proprie
2610 1163 2846 1219 vereque
2860 1147 2951 1203 ille
2973 1153 3079 1213 est,
3102 1147 3197 1217 qui
3220 1145 3420 1202 mentis
3438 1160 3569 1203 ocu-

1983 1246 2096 1300 lum
2135 1259 2415 1314 nunquam
2461 1242 2689 1307 extollit,
2719 1250 2773 1297 et
2814 1241 3060 1311 corporis
3106 1255 3332 1296 sensum
3366 1241 3567 1296 immo-

1985 1346 2099 1393 tum
2134 1335 2393 1392 custodit.
2422 1334 2726 1391 Monachus
2753 1341 2836 1388 est
2860 1334 2953 1404 qui
2981 1335 3183 1400 hostes,
3223 1332 3462 1388 ferarum
3494 1332 3568 1386 ri-

357 1150 611 1221 Μοναχὺς
660 1150 868 1218 κυρίως
922 1150 1073 1204 ἐστὶν
1113 1149 1520 1222 ἀμετεώριστον
1563 1149 1720 1220 ὄμμα
1777 1150 1882 1219 cliu-

272 1246 392 1316 χῆς
424 1244 562 1315 (12),
591 1242 689 1297 καὶ
719 1242 976 1314 ἀκίνητος
1010 1241 1264 1312 σώματος
1310 1241 1584 1312 αἴσθησις.
1631 1243 1884 1312 Μοναχός

274 1341 442 1390 ἐστιν
499 1335 530 1386 ὁ
556 1333 685 1396 τοὺς
720 1332 1039 1402 πολεμίους,
1083 1333 1240 1404 δίκην
1287 1332 1491 1404 θηρῶν,
1545 1333 1887 1403 προσκαλού-

279 1443 479 1498 μενος,
506 1425 603 1477 καὶ
639 1423 902 1494 ἐρεθίζων
934 1425 992 1476 ὲν
1029 1422 1108 1494 τῷ
1140 1423 1362 1493 φεύγειν
1403 1425 1498 1477 ἀπ’
1534 1423 1722 1478 αὐτοῦ.
1768 1425 1884 1478 Μο-

1996 1439 2043 1484 Lu
2072 1428 2233 1499 293
2280 1428 2346 1483 ad
2392 1442 2629 1499 pugnam
2665 1434 2925 1497 provocat
2949 1434 3004 1481 et
3052 1426 3247 1489 irritat,
3280 1418 3411 1479 dum
3463 1424 3570 1478 illae

273 1520 454 1591 ναχός
513 1520 664 1571 ἐστιν
701 1516 1022 1579 ἀδιάστατος
1060 1516 1339 1581 ἔκστασις,
1384 1516 1481 1570 καὶ
1526 1515 1672 1586 λύπη
1711 1516 1880 1585 ζωῆς.

1996 1522 2303 1592 profugiunt
2323 1520 2394 1575 ab
2426 1535 2513 1575 eo.
2552 1518 2853 1575 Monachus
2903 1528 2986 1575 est
3020 1532 3314 1589 perpetuus
3371 1516 3570 1571 mentis

276 1612 544 1681 Μοναχὸς
580 1611 731 1662 ἐστιν
778 1610 807 1662 ὁ
863 1608 1120 1671 ποιωθεὶς
1165 1611 1287 1671 ταῖς
1321 1610 1568 1680 ἀρεταῖς,
1619 1609 1692 1671 ὡς
1724 1609 1885 1672 ἄλλος

1996 1628 2249 1669 excessus
2278 1619 2334 1667 et
2364 1612 2488 1667 vitae
2512 1613 2711 1669 luctus.
2742 1611 3045 1666 Monachus
3070 1611 3142 1665 ita
3171 1609 3466 1665 virtutibus
3487 1617 3574 1662 est

281 1706 414 1766 ταῖς
454 1703 694 1773 ἡδοναῖς.
726 1701 981 1772 Μοναχός
1012 1702 1163 1755 ἐστιν
1192 1700 1428 1771 ἄληκτον
1460 1701 1575 1770 φῶς
1605 1703 1664 1754 ἐν
1695 1702 1884 1772 ὀφθαλ-

1996 1701 2216 1757 affectus
2245 1710 2300 1756 et
2328 1709 2685 1771 temperatus,
2726 1710 2787 1754 ut
2823 1700 2965 1754 alius
3024 1699 3393 1769 voluptatibus
3446 1712 3572 1752 cor-

286 1793 381 1865 μῴ
410 1795 663 1864 καρδίας.
702 1793 955 1863 Μοναχός
997 1794 1149 1846 ἐστιν
1196 1792 1434 1856 ἄϐυσσος
1478 1793 1881 1857 ταπεινώσεως,

1996 1802 2184 1861 ruptus
2210 1801 2265 1847 et
2294 1792 2557 1861 perditus.
2609 1790 2911 1845 Monachus
2963 1798 3047 1846 est
3096 1790 3488 1846 inexstinctum
3516 1789 3575 1845 in

285 1889 351 1940 ὲν
383 1888 525 1956 αὐτῇ
562 1889 670 1939 πᾶν
704 1884 922 1956 πνεῦμα
944 1884 1263 1957 κρημνίσας
1294 1884 1387 1938 καὶ
1418 1884 1743 1951 ἀποπνίξας.
1768 1885 1880 1953 Λή-

1996 1884 2154 1938 oculo
2180 1884 2362 1938 cordis
2408 1883 2618 1939 lumen.
2649 1881 2950 1937 Monachus
3000 1894 3084 1938 est
3136 1882 3408 1937 infinitum
3467 1881 3574 1936 hu-

291 1977 399 2048 θην
433 1976 794 2048 πταισμάτων
822 1974 992 2045 τύφος
1020 1974 1314 2047 ἐργάζεται
1340 1975 1482 2047 (15)·
1519 1976 1747 2029 ἐκείνων
1775 1979 1886 2045 γὰρ

1996 1975 2246 2031 militatis
2273 1974 2627 2045 profundum,
2657 1989 2765 2045 quo
2795 1977 2977 2032 omnis
3009 1976 3292 2044 improbus
3346 1974 3575 2045 spiritus

303 2070 502 2139 μνήμη
572 2067 1069 2139 ταπεινοφροσύνης
1145 2066 1423 2138 πρόξενος.
1507 2067 1887 2138 ’Υπερηφανία

1996 2082 2229 2137 praeceps
2262 2068 2513 2122 hauritur
2555 2075 2610 2122 et
2662 2066 2981 2127 suffocatur.
3029 2065 3252 2122 Inflatus
3319 2066 3576 2135 superbia

301 2163 461 2213 ἐστὶν
488 2159 683 2230 ἐσχάτη
710 2159 871 2212 πενία
898 2157 1080 2228 ψυχῆς
1111 2156 1223 2228 (Η)
1254 2173 1268 2187 ⁸
1297 2157 1528 2212 πλοῦτον
1570 2160 1629 2212 ἐν
1660 2157 1887 2229 σκοτείᾳ

297 2253 527 2323 οἰομένη
561 2253 621 2304 οὐ
661 2252 819 2321 μόνον
845 2249 1163 2320 προϐαίνειν
1213 2253 1313 2305 οὐκ
1356 2252 1479 2323 ὲᾷὴ
1512 2251 1704 2323 μιαρὰ,
1753 2250 1890 2304 ἀλλὰ

293 2341 394 2392 καὶ
442 2338 537 2392 τοῦ
578 2337 747 2408 ὕψους
797 2337 1151 2408 ἀπορρίπτει.
1214 2338 1591 2409 ’Υπερηφανία
1622 2338 1738 2390 ἐστὶ
1771 2337 1891 2410 ῥοιὰ

288 2431 503 2484 ἔσωθεν
538 2432 838 2501 σεσηπυῖα,
881 2429 1082 2497 ἔξωθεν
1122 2429 1179 2483 δὲ
1209 2432 1273 2501 τῇ
1304 2429 1424 2500 ὥρᾳ
1466 2425 1890 2483 ἆποστίλϐουσα.

285 2522 553 2591 Μοναχὸς
581 2523 938 2592 ὑπερήφανος
967 2521 1027 2574 οὐ
1058 2522 1390 2593 δεηθήσεται
1413 2521 1665 2587 δαίμονος
1689 2538 1702 2549 ·
1730 2520 1892 2584 αὐτὸς

288 2613 405 2684 γὰρ
458 2611 649 2666 λοιπὸν
703 2611 884 2683 ἐαυτῷ
938 2611 1151 2683 δαίμων
1199 2613 1293 2666 καὶ
1323 2612 1582 2683 πολέμιος
1613 2614 1840 2680 γέγονεν
1874 2627 1888 2640 ·

290 2706 582 2776 ἀλλότριον
635 2704 737 2775 μὲν
783 2703 878 2759 τοῦ
927 2704 1107 2774 φωτὸς
1152 2705 1214 2758 τὸ
1262 2705 1451 2769 σκότος
1474 2721 1487 2734 ·
1516 2704 1798 2775 ἀλλότριος
1834 2702 1893 2756 δὲ

296 2798 398 2851 καὶ
429 2799 785 2868 ὑπερήφανος
821 2797 1083 2861 παντοίας
1123 2797 1343 2869 ἀρετῆς.
1400 2797 1488 2850 Ἐν
1526 2797 1895 2869 ὑπερηφάνων

290 2892 550 2965 καρδίαις
572 2891 998 2963 γεννηθήσονται
1027 2888 1375 2959 βλασφημίας
1398 2890 1618 2961 ῥήματα
1646 2887 1758 2959 (15)
1779 2905 1794 2919 ο
1837 2890 1896 2941 ὲν

284 2986 572 3039 ταπεινῶν
594 2985 651 3038 δὲ
676 2985 893 3055 ψυχαῖς,
911 2983 1139 3055 οὐράνια
1167 2981 1345 3053 θεωρή
1356 2999 1522 3052 ματα.
1541 2980 1894 3034 Βδελύττεται

285 3077 452 3149 ἥλιον
481 3076 725 3147 κλέπτης
757 3075 893 3144 (16),
924 3075 1273 3145 ὑπερήφανος
1306 3075 1363 3127 δὲ
1387 3076 1583 3145 πραεῖς
1609 3070 1894 3139 ἐξουδενὼ-

289 3185 403 3224 σει.
462 3167 716 3229 Ἐλαθον,
767 3166 885 3229 πῶς
910 3167 1011 3220 οὐκ
1060 3161 1201 3230 οἶδα,
1255 3165 1483 3228 ἑαυτοὺς
1524 3163 1892 3234 ὑπερηφάνων

284 3261 548 3314 πλεῖστοι
571 3276 586 3291 ⁸
629 3261 725 3313 καὶ⁴
768 3259 1023 3324 δόξαντες
1073 3260 1308 3323 ἀπαθεῖς
1338 3256 1500 3324 εἴναι,
1533 3258 1634 3328 τὴν
1682 3257 1890 3311 οἰκείαν

287 3350 496 3405 πενίαν
530 3354 589 3404 ὲν
611 3349 779 3422 ἐξόδῳ
812 3351 1140 3420 ἑωράκασιν.
1178 3349 1235 3403 '0
1269 3349 1441 3420 ταύτῃ
1493 3350 1652 3412 ἁλοὺς
1681 3347 1890 3417 Κυρίου

289 3443 627 3514 δεηθήσεται
656 3460 673 3475 ο
729 3442 935 3513 ματαία
981 3443 1090 3514 γὰρ
1120 3441 1252 3512 παρ’
1293 3440 1489 3511 ἐκείνῳ
1525 3440 1770 3510 σωτηρία
1801 3441 1895 3493 ἀν-

294 3529 562 3603 Θρώπων.
622 3530 947 3602 Κατείληφά
1006 3547 1110 3583 που
1153 3530 1254 3602 τὴν
1304 3529 1576 3599 ἀκέφαλον
1630 3528 1894 3598 πλανῆτιν

294 3623 573 3677 πέλουσαν
598 3624 656 3676 ἐν
685 3625 753 3692 τῇ
788 3625 894 3694 ἐμῇ
927 3621 1148 3693 καρδίᾳ,
1202 3620 1298 3675 καὶ
1334 3621 1428 3673 ἐπὶ
1452 3620 1561 3674 τῶν
1597 3619 1763 3692 ὤμων
1792 3619 1894 3689 τῆς

295 3717 513 3780 οἰκείας
573 3715 780 3787 μητρὸς
833 3714 1138 3784 ὀχουμένην
1163 3728 1181 3748 ο
1216 3712 1287 3776 ἃς
1329 3710 1663 3780 παγιδεύσας
1707 3710 1894 3782 δεσμῷ

300 3809 555 3879 ὐπακοῆς
594 3807 731 3878 (17),
774 3806 869 3859 καὶ
919 3806 1146 3876 μάστιγι
1199 3804 1475 3867 εὐτελείας
1517 3802 1890 3873 μαστιγώσας,

307 3899 407 3968 τὴν
436 3900 494 3949 ὲν
525 3900 646 3969 ἐμοὶ
670 3897 853 3951 αὐτῶν
891 3896 1098 3950 εἴσοδον
1128 3894 1394 3964 ἐξήταζον
1416 3894 1598 3963 λέγειν
1621 3910 1636 3924 ο
1680 3895 1761 3949 διὸ
1797 3894 1895 3947 καὶ

316 3989 708 4059 μαστιζόμεναι
737 3989 949 4059 ἔλεγον·
992 3988 1185 4059 Ἦμεῖς
1210 3988 1387 4060 ἀρχὴν
1415 3988 1517 4040 οὐκ
1544 3986 1758 4057 ἔχομεν,
1775 3986 1896 4039 οὐδὲ

310 4080 575 4149 γέννησιν
593 4099 607 4112 ·
641 4081 899 4153 ἄρχουσαι
919 4083 1030 4156 γὰρ
1060 4083 1154 4137 καὶ
1176 4083 1494 4154 γεννήτριαι
1522 4080 1742 4135 πάντων
1783 4079 1894 4132 τῶν

314 4171 511 4225 παθῶν
543 4172 995 4247 ειιαθεστήκαμεν.⁹
1038 4174 1268 4247 πολεμεῖ
1289 4174 1346 4228 δὲ
1381 4176 1533 4245 ἡμᾶς
1559 4173 1620 4226 οὐ
1657 4171 1897 4244 μετρίως

308 4265 650 4336 συντριμμὸς
703 4268 938 4340 καρδίας
989 4269 1049 4321 ὲν
1104 4268 1351 4340 ὑποταγῇ
1402 4266 1721 4336 τικτόμενο;
1752 4280 1767 4294 ⁸
1794 4264 1897 4335 ἀρ-

300 4357 499 4428 χεσθαι
541 4356 648 4429 γὰρ
676 4359 769 4412 ὐπ’
811 4359 1022 4424 οὐδενὸς
1062 4359 1522 4431 σεσυνηθίκαμεν.
1576 4356 1668 4410 Διὸ
1705 4356 1801 4409 καὶ
1836 4356 1895 4408 ὲν

297 4450 553 4521 οὐρανοῖς
574 4450 841 4521 ἄρχουσαι
863 4442 1383 4521 γεγονυῖαι,ὲκεῖθεν
1410 4451 1892 4520 ἀπεστατήσαμενο

1992 2158 2210 2214 animus
2236 2169 2585 2228 peccatorum
2635 2159 2959 2214 memoriam
2986 2159 3148 2222 delet,
3201 2173 3438 2228 quorum
3483 2172 3574 2211 re-

1993 2251 2235 2306 cordatio
2258 2251 2402 2322 parit
2430 2251 2817 2306 humilitatem.
2873 2249 3137 2319 Superbia
3195 2258 3280 2305 est
3327 2256 3575 2304 extrema

1993 2346 2190 2398 animae
2213 2343 2419 2414 inopia,
2448 2358 2572 2414 quae
2608 2342 2713 2397 sibi
2761 2342 2980 2398 divitias
3009 2342 3064 2395 in
3092 2341 3335 2396 tenebris
3394 2339 3571 2411 ﬁngit,

1995 2436 2241 2506 adeoque
2274 2445 2556 2491 exsecrata
2589 2435 2680 2490 illa
2716 2435 2913 2505 pestis,
2945 2451 3055 2490 non
3091 2435 3267 2491 solum
3320 2436 3575 2505 progredi

1995 2543 2104 2583 non
2137 2528 2269 2582 sinit
2295 2528 2701 2594 ascendentem,
2736 2526 2829 2583 sed
2863 2542 2928 2582 ex
2954 2528 3065 2583 alto
3093 2527 3255 2582 etiam
3298 2527 3573 2582 deturbat.

1998 2616 2264 2690 Superbia
2321 2621 2524 2674 malum
2556 2630 2641 2675 est
2673 2620 2821 2676 intus
2851 2630 3027 2690 putre,
3091 2620 3226 2676 foris
3278 2620 3458 2676 nitens
3524 2629 3579 2675 et

1996 2710 2217 2768 ﬂorens.
2257 2711 2559 2768 Monachus
2591 2713 2860 2783 superbus
2889 2728 3000 2767 non
3043 2713 3249 2784 indiget
3297 2713 3405 2768 alio
3466 2712 3579 2768 dte-

1997 2820 2183 2868 mone,
2219 2805 2334 2875 ipse
2358 2806 2501 2859 enim
2533 2807 2634 2862 sibi
2688 2816 2771 2862 est
2807 2807 2921 2877 jam
2952 2806 3165 2863 daemon
3192 2815 3247 2862 et
3277 2807 3451 2863 hostis
3497 2806 3581 2862 fa-

1998 2905 2155 2951 ctus:
2199 2909 2258 2952 ut
2293 2898 2526 2953 tenebrae
2566 2897 2756 2954 alienae
2786 2907 2916 2954 sunt
2968 2899 3039 2954 ab
3067 2898 3209 2965 luce,
3261 2899 3335 2954 ita
3385 2915 3581 2969 super-

1996 2988 2102 3044 bus
2156 2990 2225 3044 ab
2275 2991 2425 3044 omni
2485 2991 2687 3046 virtute
2737 3003 2821 3049 est
2880 2993 3113 3049 alienus.
3174 2994 3230 3048 In
3276 2993 3441 3049 corde
3486 3008 3579 3048 suo

1996 3081 2287 3152 perborum
2340 3093 2641 3139 nascuntur
2709 3080 3027 3153 blasphema
3081 3085 3267 3151 verba,
3334 3084 3580 3140 iucorde

2000 3171 2330 3242 humilium,
2406 3175 2659 3231 caelestes
2738 3175 3166 3242 illustrationes,
3239 3177 3320 3231 uti
3405 3176 3576 3232 solem

1993 3264 2082 3319 fur
2121 3273 2424 3331 aversatur,
2451 3266 2524 3320 ita
2553 3267 2823 3336 superbus
2882 3278 3198 3324 mansuetos
3256 3270 3577 3326 contemnit.

1992 3346 2249 3416 Plerique
2286 3349 2650 3419 superborum
2691 3350 2879 3406 nescio
2933 3367 3044 3421 quo
3106 3360 3268 3422 pacto
3297 3368 3356 3409 se
3409 3354 3579 3423 ipsos,

1994 3440 2122 3495 dum
2150 3440 2359 3507 vivunt,
2399 3440 2669 3506 nesciant,
2702 3441 2831 3497 dum
2858 3442 2965 3497 sibi
2997 3442 3253 3498 videntur
3279 3445 3333 3498 in
3364 3458 3580 3499 summa

1995 3531 2167 3585 animi
2206 3532 2598 3603 tranquillitate
2640 3535 2947 3601 constituti,
3001 3536 3095 3607 qui
3126 3536 3182 3592 in
3225 3552 3454 3593 excessu
3500 3537 3583 3593 vi-

1994 3631 2243 3679 taesuam
2278 3625 2497 3680 demum
2544 3625 2782 3697 inopiam
2831 3637 3154 3699 agnoscunt.
3222 3631 3327 3697 Qui
3359 3631 3429 3686 ab
3489 3646 3583 3687 su-

1993 3716 2184 3786 perbia
2231 3727 2533 3788 occupatus
2590 3727 2674 3774 est
2725 3728 2780 3774 et
2831 3729 3046 3790 captus,
3119 3722 3329 3777 auxilio
3395 3720 3583 3778 divino

1994 3808 2221 3879 indiget,
2250 3825 2393 3864 vana
2420 3811 2564 3865 enim
2607 3811 2753 3881 apud
2798 3812 3118 3883 bujusmodi
3173 3813 3324 3869 salus
3397 3814 3582 3868 homi-

1994 3915 2150 3954 num.
2189 3900 2592 3971 Comprehendi
2631 3918 2734 3974 ego
2765 3905 2897 3960 olim
2941 3906 3084 3961 hanc
3118 3906 3296 3977 capite
3335 3906 3580 3961 diminu-

1995 3994 2107 4040 tam
2137 3988 2608 4059 pmstigiatricem
2647 3992 2792 4061 (qua:
2824 3993 2879 4046 in
2929 3993 3095 4048 corde
3150 4009 3274 4048 meo
3331 3992 3578 4050 nidulata

1996 4078 2194 4147 fuerat,
2224 4089 2280 4135 et
2307 4081 2553 4137 humeris
2600 4085 2795 4139 matris
2846 4100 2960 4140 sua;
3007 4085 3331 4157 vehebatur)
3358 4094 3411 4141 et
3459 4102 3581 4142 am-

1995 4169 2096 4224 bas
2140 4170 2362 4226 vinculo
2387 4170 2714 4227 obedientiae
2754 4173 3107 4238 constrictas,
3138 4170 3335 4247 1294,
3384 4183 3439 4229 et
3470 4176 3574 4230 uti-

1998 4258 2165 4314 litatis
2203 4275 2338 4316 meae
2380 4261 2551 4333 flagro
2599 4278 2769 4318 cresas
2794 4263 3099 4334 exprimere
3151 4265 3327 4335 coegi,
3351 4281 3461 4334 quo
3482 4280 3580 4334 pa-

1998 4362 2087 4408 cto
2120 4366 2180 4409 se
2210 4354 2266 4409 in
2299 4368 2394 4409 cor
2425 4370 2605 4411 meum
2645 4356 3042 4413 insinuassent.
3072 4354 3184 4413 Nos
3215 4372 3369 4429 ergo,
3402 4358 3582 4412 diver-

1996 4447 2201 4503 beratae
2238 4448 2477 4514 aiebant,
2542 4449 2813 4520 principio
2871 4465 3146 4515 caremus,
3197 4466 3375 4521 neque
3428 4436 3579 4506 nasci

293 4539 379 4594 διὸ
423 4541 519 4593 καὶ
571 4543 792 4597 πάντων
827 4542 1130 4616 συλλήϐδην
1171 4545 1368 4610 εἰπεῖν,
1420 4540 1530 4596 τῶν
1593 4542 1893 4612 ἀντιπρατ-

1998 4536 2259 4602 solemus,
2290 4539 2386 4594 sed
2420 4539 2667 4607 ipsaemet
2696 4553 2887 4595 sumus
2932 4540 3206 4611 principes
3230 4549 3287 4595 et
3333 4539 3580 4595 omnium

293 4631 508 4685 τόντων
569 4636 638 4704 τῇ
706 4634 1181 4707 ταπεινοφροσύνῃ
1209 4674 1224 4700 ,
1302 4635 1466 4705 ἡμεῖς
1533 4633 1852 4705 γεννήτριαι
1875 4647 1890 4662 ο

289 4721 488 4775 πάντα
515 4722 628 4795 γὰρ
657 4722 729 4777 τὰ
777 4724 960 4796 ἐκείνῃ
1028 4722 1426 4796 συνεργοῦντα,
1456 4720 1592 4796 ἡμῖν
1622 4724 1893 4779 ἀντίκειν-

286 4831 409 4869 ται.
438 4814 588 4887 Πλὴν
621 4817 679 4871 ὲν
715 4817 933 4889 οὐρανῷ
958 4818 1300 4890 ζίσχύσαμεν,
1319 4818 1417 4872 καὶ⁹
1443 4816 1548 4872 ποῦ
1584 4817 1693 4872 ἀπὺ
1722 4834 1894 4889 προσ·-

210 4890 223 4901 ’
286 4906 457 4961 ὡπου
491 4907 651 4978 ἡμῶν
711 4909 921 4982 φεύξῃ;
963 4911 1156 4982 Ἡμεῖς
1191 4909 1453 4975 πολλάκις
1490 4910 1579 4964 ἐπ’
1626 4909 1892 4981 ἀτιμίαις,

287 4999 391 5053 καὶ
408 4997 653 5069 ὑπακοῇ,
681 4999 779 5052 καὶ
797 4986 1094 5072 ἀοργησίᾳ,
1118 5000 1215 5055 καὶ⁴
1240 4998 1641 5072 ἀμνησικακίᾳ,
1665 5000 1757 5053 καὶ
1777 4998 1895 5052 δια-

288 5088 464 5159 κονίᾳ
494 5087 888 5142 ἐπακολουθεῖν
932 5090 1260 5161 πεφύκαμεν
1280 5107 1293 5120 ·
1331 5089 1490 5160 ἡμῶν
1520 5088 1720 5159 ἔκγονα
1745 5087 1896 5143 πτώ-

292 5194 457 5250 ματα
509 5178 941 5248 πνευματικῶν·
997 5180 1160 5251 ὀργὴ,
1205 5179 1528 5247 καταλαλιὰ,
1557 5180 1772 5252 πικρία,
1805 5176 1898 5233 θυ-

294 5272 431 5341 μὸς,
458 5271 698 5341 κραυγὴ,
731 5270 1075 5342 βλασφημία,
1105 5272 1418 5343 ὑπόκρισις,
1456 5275 1633 5342 μῖσος,
1680 5271 1893 5341 φθόνος,

291 5361 606 5433 ἀντιλογία,
633 5362 964 5436 ίδιορυθμία,
984 5364 1366 5419 ἁπείθεια.”Εν
1391 5366 1506 5417 ἐστι
1538 5365 1631 5418 καὶ
1650 5363 1810 5435 μόνον
1840 5366 1896 5416 ἐν

292 5446 339 5522 ᾧ
372 5455 682 5525 ἐπιχειρεῖν
711 5456 812 5509 οὐκ
826 5454 1022 5527 ἔχομεν
1043 5456 1299 5526 δύναμιν·
1322 5455 1418 5509 καὶ
1448 5456 1607 5510 τοῦτο
1641 5472 1724 5508 σοι
1791 5472 1898 5525 μα·

298 5544 622 5614 στιζόμεναι
645 5546 899 5618 λέγομενο
929 5547 1055 5602 Ἐὰν
1078 5547 1268 5602 ἑαυτὸν
1284 5545 1514 5602 ἐνώπιον
1529 5548 1739 5619 Κυρίου
1763 5546 1897 5599 είλι-

298 5634 510 5706 κρινὼς
539 5638 903 5711 καταμέμψη,
925 5640 1075 5710 ἡμᾶς
1103 5639 1179 5703 ὡς
1204 5639 1447 5712 ἀράχνην
1470 5637 1723 5709 λελογίσῃ
1759 5637 1894 5708 (18).

302 5725 505 5792 Ἵππος
537 5729 639 5799 μὲν
662 5732 795 5803 γὰρ,
816 5733 893 5797 ὡς
921 5734 1075 5805 ὁρᾷς,
1102 5731 1482 5803 ὑπερηφανίας
1498 5730 1795 5798 κενοδοξία,
1814 5732 1898 5800 ἐφ’

302 5824 371 5895 ἢν
395 5818 704 5895 ἐπιϐέϐηκα
733 5839 748 5853 ⁸
780 5827 814 5897 ἡ
849 5825 908 5879 δὲ
935 5826 1059 5880 ὁσία
1101 5826 1456 5890 ταπείνωσις.
1488 5827 1581 5879 καὶ
1618 5825 1900 5895 αὐτομεμ-

626 5940 896 6004 Ριινιτιιοι..
945 5942 1067 6004 Gn.
1088 5940 1488 6004 LXXXVIII.

1999 4629 2256 4684 vitiorum
2294 4629 2714 4700 procreatrices.
2746 4629 3112 4687 Vehementer
3158 4640 3345 4687 autem
3408 4646 3584 4702 Oppu-

1999 4729 2128 4792 gnat
2154 4730 2208 4776 et
2263 4721 2589 4777 adversatur
2639 4721 2799 4778 nobis
2827 4723 3086 4779 contritio
3112 4724 3296 4778 cordis
3343 4738 3407 4778 ex
3449 4723 3581 4777 obe-

1997 4814 2201 4868 dientia
2241 4822 2392 4869 nata.
2421 4812 2820 4870 Consuevimus
2860 4814 3005 4870 enim
3040 4815 3176 4869 nulli
3228 4831 3437 4886 parere.
3497 4815 3584 4872 ld-

1998 4903 2146 4959 circo
2176 4904 2230 4958 in
2259 4904 2401 4959 caelo
2429 4918 2652 4974 quoque
2696 4904 2974 4975 principes
3007 4905 3163 4960 factae
3222 4905 3582 4962 defectionem

1998 4996 2203 5051 molitae
2232 5010 2446 5051 sumus.
2480 4993 2669 5065 Itaque
2703 5005 2760 5050 ut
2791 4995 2975 5051 omnia
3024 4996 3194 5051 verbo
3251 4997 3585 5066 complecta-

1999 5101 2141 5154 mur,
2170 5085 2417 5141 omnium
2449 5085 2709 5141 vitiorum
2744 5102 2868 5157 quae
2922 5087 3215 5142 humilitati
3251 5096 3577 5157 repugnant,

2001 5194 2101 5234 nos
2127 5177 2398 5234 auctrices
2420 5186 2474 5232 et
2502 5178 2795 5248 genitriccs
2825 5194 3038 5235 sumus.
3072 5176 3267 5233 Omnia
3294 5178 3438 5232 enim
3466 5194 3586 5245 qua:

2000 5268 2295 5324 humilitati
2333 5267 2726 5340 suffragantur,
2766 5271 2926 5326 nobis
2973 5270 3351 5326 adversantur.
3396 5268 3585 5325 Enim-

1997 5377 2126 5417 vero
2153 5376 2254 5417 nos
2304 5361 2359 5414 in
2393 5361 2532 5417 ccelo
2574 5362 2984 5434 praepotuimus,
3028 5371 3083 5419 et
3114 5378 3225 5432 quo
3251 5379 3282 5419 a
3317 5362 3453 5419 facie
3480 5378 3585 5417 no-

1999 5465 2111 5512 stra
2152 5447 2379 5527 fugies”?
2408 5454 2521 5512 Nos
2554 5473 2665 5512 non
2712 5472 2836 5511 raro
2863 5466 2984 5527 post
3024 5456 3282 5512 toleratas
3349 5456 3588 5528 ignomi-

2000 5550 2142 5614 nias,
2181 5549 2548 5609 obedientiam
2585 5549 2908 5613 exercitam,
2960 5548 3305 5603 iracundiam
3367 5562 3587 5618 represo

2000 5656 2140 5707 sam,
2187 5640 2421 5696 deletam
2488 5641 2820 5713 injuriarum
2906 5642 3255 5707 memoriam,
3315 5640 3491 5698 officia
3535 5650 3589 5696 et

2002 5733 2307 5789 ministeria
2370 5735 2589 5804 insequi
2662 5734 2951 5805 religiosos
3004 5734 3245 5790 solemus
3287 5752 3303 5790 :
3344 5750 3377 5790 a
3431 5735 3592 5790 nobis

2001 5841 2168 5899 porro
2199 5828 2314 5885 hac
2381 5829 2581 5886 vitiosa
2634 5831 2924 5902 progenies
2973 5839 3328 5905 prOpagatnr,
3399 5830 3591 5902 lapsus

3200 5944 3264 6010 31

2586 6041 2589 6043 .
2616 6027 2651 6044 9‘
