4042 6426
529 340 635 408 οτι
1801 351 1863 411 s.
1885 352 2207 414 JOANNIS
2235 355 2542 421 CLIMACI
3698 376 3816 442 972

515 452 940 524 religiosorum,
999 453 1100 520 ira,
1135 453 1477 520 obtrectatio,
1541 453 1852 513 animorum
1911 464 2111 518 acerbi-

2227 466 2327 536 ψία
2362 471 2824 539 καταγελάσονται
2854 478 3045 534 ἵππου
3090 481 3190 534 και
3229 483 3337 537 τοῦ
3383 484 3672 543 ἐπισάτου
3709 493 3818 546 αὐ-

532 551 638 612 tas,
689 543 869 611 furor,
927 545 1152 612 clamor,
1200 546 1507 612 maledicta,
1569 548 1834 604 virtutum
1889 551 2118 610 simula-

2225 560 2333 614 τοῦ
2375 563 2489 634 (l9)
2523 581 2538 597 ·
2575 565 2676 636 τὴν
2713 567 2980 626 ἐπινίκιον
3027 571 3169 645 ᾠδὴν
3221 575 3486 646 ὲνηδάνως
3540 543 3817 649 ᾄδουσαι-ο

531 635 630 699 tio,
675 636 884 703 odium,
933 636 1156 701 invidia,
1191 636 1491 703 oblocutio,
1549 653 1648 694 suo
1679 640 1844 696 modo
1887 653 1940 698 et
1987 657 2114 701 voto

2227 651 2506 722 ’ᾼσωμεν
2562 635 2644 723 τῷ
2683 662 2900 728 Κυρίῳ,
2947 635 3210 732 ὲνέόξλυς
3408 635 3772 734 δεδόξασται
3797 692 3814 707 ⁶

535 725 677 780 velle
723 727 923 792 vivere,
965 742 1073 780 non
1131 728 1395 794 consiliis,
1449 745 1557 784 non
1612 732 1854 802 imperiis
1893 749 2103 804 parere.

2222 741 2407 796 ἵππον
2447 745 2547 799 καὶ
2598 725 2906 820 ἀναϐἇτῆκ
2950 725 3201 825 epod-er:
3234 725 3341 823 s'lc'
3361 725 3818 830 θάλασσαν-,και

537 814 720 870 Unum
760 815 1016 885 quiddam
1055 825 1110 871 et
1156 819 1332 873 solum
1375 830 1458 877 cst
1490 821 1544 875 in
1603 838 1713 893 quo
1768 827 2128 895 aggrediendo

1312 835 1332 873 [ι
1375 830 1458 877 est
1490 821 1544 875 in
1603 838 1713 893 quo
1768 827 2128 895 aggrediendo
2239 834 2477 890 ἄϐυσσον
2502 842 2908 909 ταπεινώσεως.

537 915 593 960 et
621 906 901 962 elﬁciendo
967 923 1157 965 omnes
1224 911 1369 968 vires
1416 921 1617 970 nostrae
1669 916 2081 988 elanguescunt,
2133 929 2190 977 et
2238 925 2346 981 hoc
2382 928 2476 983 tibi
2510 931 2679 1003 ﬂagro
2735 906 3034 1007 objurgata:
3075 947 3131 994 et
3184 949 3389 996 coactae
3438 943 3814 1002 enuntiamns.

533 1004 590 1057 Si
629 1012 679 1057 te
704 1002 878 1072 ipsum
910 1003 967 1058 in
989 1014 1285 1077 conspectu
1318 1007 1414 1064 Dei
1439 1010 1650 1066 sincere
1673 1016 2017 1072 accusaveris
2032 1026 2086 1073 et
2104 1021 2433 1092 culpaveris,
2451 1043 2563 1083 tum
2595 1043 2726 1086 vero
2762 1047 2862 1088 nos
2881 1033 3026 1089 velut
3059 1049 3381 1092 aranearum
3407 1038 3543 1095 telas
3575 1049 3816 1098 contem-

532 1112 628 1154 nes
669 1109 723 1154 et
777 1102 983 1158 eludes.
1025 1100 1162 1158 Nam
1190 1114 1250 1160 ut
1279 1106 1448 1173 vides,
1476 1123 1653 1177 equus
1682 1111 1952 1180 superbia:
1973 1124 2058 1169 est
2088 1131 2230 1173 vana
2269 1121 2464 1192 gloria,
2501 1141 2664 1195 quam
2696 1143 2798 1199 ego
2824 1131 3081 1200 superbia
3109 1135 3405 1189 cnnscendi
3429 1153 3445 1202 ;
3467 1149 3662 1192 sancta
3688 1154 3817 1195 vero

541 1191 826 1249 humilitas
858 1204 913 1250 et
946 1196 1032 1251 sui
1065 1198 1239 1267 ipsius
1271 1201 1624 1270 reprehensio
1662 1205 1916 1260 ridebunt
1937 1224 2123 1278 equum
2163 1223 2212 1267 el
2280 1191 2608 1275 ascensorem
2639 1223 2776 1292 ejus,
2839 1225 3001 1297 295
3031 1243 3252 1284 carmen
3313 1230 3647 1301 triumphale
3690 1248 3815 1289 sus-

529 1285 759 1340 vissime
803 1286 1191 1346 decantaturae.
1235 1291 1520 1348 Cantemus
1576 1293 1828 1362 Domino,
1887 1299 2114 1368 gloriose
2144 1306 2283 1360 enim
2349 1285 2719 1382 magniﬁcatus
2742 1325 2815 1370 est
2839 1285 3117 1387 :vequum
3145 1330 3193 1374 et
3232 1285 3562 1376 ascensorem
3626 1322 3811 1390 deiecit

529 1379 583 1430 in
611 1397 758 1434 mare
789 1381 856 1450 ",
891 1394 944 1438 et
971 1384 1305 1454 profundum
1344 1387 1689 1445 humilitatis.

601 1470 705 1537 Qui
741 1475 963 1529 tertium
1015 1485 1068 1531 et
1122 1480 1442 1535 vicesimum
1491 1483 1721 1552 gradum
1777 1489 2115 1557 conscendit,
2151 1494 2194 1551 B

2289 1491 2550 1559 Εἱκοστὸς
2591 1497 2773 1568 τρίτος
2822 1498 3058 1570 βοιθμός⁸
3100 1501 3129 1553 ὁ
3177 1501 3535 1575 ἀναϐεϐηκὼς
3571 1504 3805 1577 ἴσχυσεν,

522 1559 612 1614 vir
671 1573 777 1628 est,
838 1565 885 1620 si
947 1575 1127 1622 tamen
1205 1570 1497 1641 quisquam
1581 1577 1954 1634 conscendere
2019 1596 2118 1652 po-

1825 1577 1954 1634 dere
2019 1596 2120 1652 ρο·
2220 1583 2382 1656 εἴπερ
2413 1585 2523 1656 ἄρα
2553 1559 2648 1640 καί
2685 1559 3090 1662 ἀναϐεϐηκέναι
3116 1559 3421 1664 δεδύνηταιί

521 1655 677 1710 terit.

842 1769 1132 1826 SCHOLIA
1168 1774 1260 1827 AD
1287 1774 1577 1834 GRADUM
1609 1780 1802 1838 XXIII.

2592 1787 2846 1843 ΣΧΟΛΙΑ
2885 1791 2996 1844 ΕΙΣ
3039 1791 3268 1847 ΛΟΓΟΝ
3296 1792 3423 1849 Kl".

1135 1884 1205 1938 De
1244 1889 1515 1954 superbia.
2717 1904 2731 1954 λ

2717 1901 2860 1971 Περὶ
2896 1904 3087 1972 ὐπερη
3092 1905 3333 1974 φανίας.

1141 1975 1397 2032 Scholion
1437 1981 1489 2034 1.

2789 1988 2801 1997 ”
2853 1997 3115 2065 Σχόλιον
3140 2003 3209 2052 α’.

595 2060 696 2128 Qui
725 2077 834 2117 non
868 2065 1077 2120 caelesti
1105 2068 1331 2135 auxilio,
1363 2071 1458 2124 sed
1485 2087 1583 2127 sua
1615 2086 1674 2127 se
1732 2073 1932 2130 virtute
1970 2086 2119 2132 recte

2210 2154 2213 2158 ι
2301 2081 2362 2134 Ὀ
2412 2083 2488 2152 μὴ
2539 2083 2605 2135 ἐκ
2639 2083 2740 2154 τῆς
2788 2060 2997 2137 ἄνωδεν
3043 2083 3319 2157 βοηθείας,
3345 2086 3466 2141 ἀλλ’
3512 2087 3574 2156 ἐξ
3613 2090 3804 2144 ἑαυτοῦ

519 2152 808 2224 quidpiam
836 2155 1016 2211 facere
1084 2159 1404 2224 arbitratur,
1433 2171 1594 2233 negat
1642 2161 1836 2232 Deum,
1898 2167 1990 2236 qui
2061 2168 2115 2222 in

2210 2154 2395 2226 ¹δοκῶν
2420 2189 2474 2226 τι
2505 2152 2829 2244 κατορθοῦν,
2864 2152 3112 2246 ἀρνεῖται
3130 2152 3238 2228 *τὸν
3265 2176 3419 2243 Θεὸν,
3453 2152 3672 2232 τὸν-ἐπὶ
3711 2183 3805 2235 πᾶ-

524 2245 782 2301 omnibus
803 2247 921 2316 ejus
949 2256 1030 2303 est
1058 2250 1296 2319 adjutur.
1349 2251 1696 2323 Quapropter
1749 2255 1900 2310 cadit
1942 2257 2115 2313 desti-

2220 2282 2304 2319 σιν
2329 2266 2702 2338 ἀντιλήπτορα
2727 2245 3022 2322 aiataiath
3052 2270 3146 2324 καὶ
3175 2269 3387 2336 πίπτει,
3417 2271 3802 2341 καταλειφθεὶς

528 2343 679 2392 tutus
703 2353 733 2392 a
757 2339 929 2408 gratia
961 2339 1055 2396 Dei
1106 2358 1271 2413 quam
1308 2346 1655 2415 contempsit.

1547 2346 1655 2401 )sit.
2220 2357 2324 2411 ὑπὸ
2349 2359 2446 2430 τῆς
2476 2359 2718 2431 χάριτος,
2758 2361 2825 2432 ἢν
2858 2359 3143 2433 ὴθέτησεν.

1166 2432 1416 2489 Scholion
1441 2437 1495 2491 2.

2815 2432 3076 2522 Σχόλιον
3116 2455 3181 2526 β’.

594 2518 885 2590 Proprium
917 2531 1004 2577 est
1031 2525 1301 2594 superbiae
1331 2526 1470 2582 alios
1524 2534 1899 2596 contemnere,
1924 2531 2116 2586 etaui-

2296 2545 2460 2598 Ἴδιον
2491 2518 2898 2618 ὑπερηφανιαξν
2930 2547 2993 2600 τὸ
3053 2518 3351 2615 ἐξουδενεῖν
3375 2589 3390 2616 ,
3462 2551 3559 2605 καὶ
3608 2551 3799 2624 θυμοῦ-

520 2625 617 2666 mo
646 2615 1064 2671 excandescere.

768 2615 1064 2671 indescere.
2220 2636 2364 2691 σθαι.

965 2704 1214 2760 Scholion
1243 2710 1415 2763 sancti
1467 2708 1586 2765 Nili
1615 2712 1668 2768 5.

2595 2737 2642 2788 Σ
2644 2735 2856 2804 χόλιον
2883 2736 3055 2806 ἁγίου
3084 2737 3312 2792 Νείλου
3355 2738 3405 2807 γ’

596 2791 673 2848 Ne
709 2794 998 2863 pulchrum
1066 2799 1323 2855 existima
1366 2804 1561 2858 habere
1592 2805 1868 2873 virtutem,
1903 2808 1998 2864 sed
2019 2811 2114 2864 ha-
2140 2834 2184 2893 ο

2288 2823 2380 2895 Μὴ
2403 2825 2464 2877 τδ
2486 2791 2882 2896 ἔχεινάρετὴν,
2920 2791 3085 2880 καλὸν
3133 2791 3493 2900 εἶναινὸμιζε
3515 2872 3530 2893 ,
3582 2831 3717 2885 ἀλλά
3744 2835 3797 2886 τὸ

515 2883 676 2948 bere,
709 2895 769 2940 ut
794 2898 1028 2956 oportet.
1061 2890 1162 2956 Qui
1214 2907 1312 2947 sua
1366 2894 1564 2949 virtute
1604 2905 1760 2965 putat
1815 2913 1874 2953 se
1925 2899 2111 2956 hostes

2217 2915 2293 2978 ὡς
2337 2883 2438 2968 δεῖ.
2578 2918 2644 2987 τῇ
2694 2883 3065 2988 ίδίᾳδυνάμει
3091 2919 3263 2973 δοκῶν
3298 2883 3461 2992 νυξᾷᾷ
3485 2883 3792 2994 πολεμίους,

530 2975 770 3043 vincere,
819 2976 990 3033 Deum
1021 2983 1179 3050 quasi
1209 2992 1530 3040 exauctorat
1555 2995 1609 3040 et
1642 2987 1841 3058 rejicit.
1881 2988 2033 3046 Unde
2056 3001 2111 3048 et

2213 2975 2303 3056 τὸν
2332 3003 2465 3058 Θεὸν
2498 2975 2688 3076 ὥσπερ
2709 2975 2931 3061 ἀθετεῖ·
2961 2975 3040 3060 διὸ
3065 3008 3159 3061 καὶ
3187 3008 3378 3063 πίπτει
3398 2976 3610 3081 ἶπτῶμα

523 3065 689 3132 cadit,
716 3070 1067 3137 quantumvis
1100 3071 1261 3128 cadat
1289 3075 1512 3144 invitus,
1542 3077 1749 3134 caelesti
1783 3082 1992 3139 auxilio
2024 3084 2112 3140 dc-

1800 3082 1992 3139 quilio
2024 3084 2112 3140 de—
2215 3109 2348 3160 σιον,
2392 3093 2641 3166 ἀμοιρῶν
2659 3065 2997 3167 ’ἐπικουρίας
3028 3096 3129 3168 τῆς
3161 3097 3396 3154 ἄνωθεν.

519 3159 764 3216 stitutus.
1919 3235 1921 3237 _

1130 3255 1380 3313 Scholion
1427 3261 1480 3315 4.

2840 3273 2887 3326 Σ
2888 3273 3100 3340 χόλιον
3135 3273 3194 3329 δ’.

593 3336 651 3394 Si
675 3341 758 3396 vis
822 3351 911 3396 tua
938 3345 1197 3413 praeclare
1229 3347 1370 3402 facta
1409 3350 1712 3420 ostendere,
1762 3370 1872 3410 non
1937 3356 2105 3412 altum

2280 3365 2342 3418 Ei
2382 3363 2561 3435 βούλει
2590 3363 2804 3435 μεγάλα
2837 3336 2930 3417 σου
2961 3362 3134 3427 δεῖξαι
3168 3363 3238 3417 τὰ
3267 3364 3691 3436 κατορθώματα,
3723 3368 3794 3439 μὴ

527 3430 736 3500 sapias,
764 3447 940 3504 neque
964 3437 1218 3491 existima
1267 3455 1390 3495 esse
1421 3458 1638 3513 magna.
1670 3444 1815 3501 Nihil
1851 3456 1958 3503 tam
1984 3466 2107 3520 gra-

2211 3455 2357 3526 μέγα
2382 3430 2607 3525 ξρρόνει,
2643 3430 2779 3525 μηδὲ
2828 3454 3017 3524 νόμιζε
3047 3447 3185 3506 εἶναι
3231 3453 3373 3508 αὐτὰ
3406 3430 3642 3525 μεγαλα,

515 3529 636 3574 tum
683 3520 817 3588 Deo,
851 3542 1014 3594 quam
1061 3529 1301 3598 seipsum
1370 3535 1510 3589 inter
1558 3549 1866 3607 postremos
1911 3558 2106 3598 nume-

2211 3520 2465 3615 μεᾲάλέιὶν
2494 3543 2597 3617 [α])
2624 3520 2776 3598 οὐδὲν
2801 3520 2976 3609 οὕτως
3020 3541 3142 3614 Θεῷ
3175 3543 3359 3613 φίλον,
3528 3520 3793 3616 μετ-ὰιτῶν

518 3625 665 3665 rare.
1359 3705 1363 3706 ν
2209 3633 2455 3706 ἐσχάτων
2485 3635 2678 3688 ἑαυτὸν
2703 3635 2980 3706 ἀριθμεῖν.

1225 3705 1404 3768 Aliud.
2277 3705 2305 3706 Π
2747 3705 2754 3706 7

2277 3705 2305 3706 ”
2747 3705 2754 3706 “
2908 3723 3109 3778 Ἄλλο.

587 3795 950 3868 Philosophus
983 3801 1253 3872 quispiam
1296 3806 1464 3860 animi
1520 3819 1792 3868 tumorem
1849 3817 1967 3873 sive
2017 3821 2104 3874 sui

2276 3811 2570 3880 Φιλόσοφός
2590 3827 2672 3875 τις
2698 3811 2797 3882 τὴν
2825 3811 3002 3882 οἴησιν
3039 3810 3190 3882 ἱερὰν
3223 3812 3381 3867 νόσον
3411 3813 3602 3883 ἔλεγεν
3621 3809 3783 3868 εἶναι.

513 3889 978 3947 existimationem
1030 3895 1168 3949 dixit
1218 3914 1340 3954 esse
1369 3902 1622 3959 morbum
1661 3921 1900 3964 sacrum.

1217 3991 1404 4046 Aliud.
2276 4075 2366 4088 -Ἀ
2475 4080 2487 4088 ⁸
2515 4083 2526 4088 _
2555 4083 2567 4088 Α
2698 4079 2710 4088 ,

2909 3989 3110 4046 Ἄλλο.

587 4073 704 4129 Vidi
730 4093 948 4147 gravem
981 4083 1256 4149 morbum,
1318 4087 1535 4146 divitias
1583 4105 1827 4151 servatas
1894 4098 1998 4153 sibi
2045 4100 2100 4155 in

2275 4075 2428 4133 Εἶδον
2462 4079 2779 4152 ἀρρωστίαν
2825 4079 3006 4149 δεινὴν
3031 4120 3045 4143 ,
3107 4077 3340 4133 πλοῦτον
3382 4080 3788 4151 φυλασσόμενον

511 4181 672 4222 suum
726 4171 952 4226 exitium
1011 4183 1066 4228 et
1096 4179 1325 4232 malum.
1378 4181 1444 4236 Et
1484 4182 1788 4243 Dominus:
1855 4189 1963 4257 γω,
2019 4193 2099 4247 in-

2201 4170 2278 4241 τῷ
2316 4171 2446 4242 παρ’
2483 4171 2648 4224 αὑτοῦ
2698 4173 2778 4236 εἰς
2821 4173 3019 4228 κακίαν
3059 4171 3210 4242 αὐτῷ
3246 4188 3259 4202 ·
3319 4173 3414 4227 καὶ
3464 4174 3494 4226 ὁ
3537 4173 3738 4244 Κύριος
3768 4190 3782 4203 ·

510 4259 649 4327 quit,
678 4263 768 4332 qui
799 4264 980 4319 divites
1033 4270 1157 4324 estis
1188 4281 1236 4324 et
1287 4273 1592 4343 abundatis,
1638 4281 1761 4350 quia
1821 4285 2092 4352 esurialis,

2206 4265 2352 4318 Οὐαὶ
2380 4267 2433 4318 οι
2462 4264 2900 4332 πλουτοῦντες,
2959 4265 3050 4319 ὅτι
3099 4265 3469 4331 πεινάσετε;
3524 4264 3613 4318 ὅτι
3669 4265 3781 4319 ἀπ-

500 4352 636 4419 quia
666 4353 898 4424 recipitis
929 4362 1214 4415 mercedem
1246 4374 1471 4421 vestram
1511 4370 1578 4436 ⁸⁷,
1649 4381 1704 4426 et
1765 4378 2096 4435 consolatio-

2008 4380 2099 4435 _io_
2200 4355 2368 4426 ἐχετε
2397 4355 2504 4408 τὸν
2525 4354 2750 4425 μισθὸν
2770 4354 2958 4425 ὑμῶν,
2992 4356 3085 4410 καὶ
3114 4355 3212 4427 τὴν
3241 4355 3604 4427 παράκλησιν.

509 4457 655 4497 nem.

1133 4543 1379 4600 Scltolion
1408 4547 1460 4602 5.
1604 4558 1607 4561 ’
2265 4629 2288 4634 _
2302 4627 2317 4634 _
2331 4625 2342 4634 _
2514 4625 2522 4634 ,
2823 4532 3165 4634 infami":

483 4607 492 4640 ’
579 4626 658 4683 Ne
706 4644 964 4699 properes
1014 4640 1072 4684 ut
1137 4637 1328 4702 praesis
1379 4635 1611 4694 fratrum
1669 4643 1965 4709 sodalitati,
2027 4663 2079 4702 nt

2265 4625 2358 4697 Μὴ
2393 4625 2636 4699 σπεύσῃς
2674 4625 3014 4694 κεφαλεῦσαι
3044 4624 3426 4698 ἀδελφότητος,
3458 4627 3545 4682 ενα
3571 4626 3644 4699 μὴ
3668 4629 3778 4680 ἑπι-

506 4717 685 4774 aliena
737 4735 903 4775 onera
931 4735 1282 4794 peccatorum
1334 4727 1586 4800 imponas
1639 4736 1838 4791 cervici
1887 4747 2010 4794 tuae.

2197 4719 2368 4790 θήσῃς
2393 4718 2706 4789 ἀλλοτρίους
2737 4719 2969 4790 φόρτους
2999 4719 3108 4772 τῶν
3131 4720 3555 4792 ἁμαρτημάτων
3577 4721 3668 4773 ἐπὶ
3701 4719 3775 4790 σῷ

2195 4812 2470 4882 τραχήλῳ.

2195 4829 2470 4883 τραχηλῳ.

1035 4897 1200 4970 296
1226 4900 1477 4957 Scholion
1502 4905 1565 4963 6.

1555 4947 1565 4963 .
2795 4907 3056 4976 Σχόλιον
3079 4913 3151 4971 ς’.

573 4983 694 5040 Νοη
730 4987 951 5043 credere
979 4992 1197 5058 placere
1223 4990 1336 5046 Deo
1377 4995 1618 5050 studium
1666 5014 1850 5065 suum,
1902 5007 2090 5060 conci-

2264 5000 2336 5053 Τὸ
2374 4999 2448 5069 μὴ
2480 4997 2758 5054 πιστεύειν
2787 4999 3049 5070 ἀρέσκειν
3069 4998 3150 5070 τῷ
3166 4997 3285 5068 Θεῷ
3318 4997 3410 5051 τὸν
3434 4998 3636 5051 σκοπόν
3656 5015 3771 5060 σου,

509 5071 604 5132 liat
645 5077 890 5132 divinum
920 5082 1208 5147 auxilium,
1248 5093 1307 5138 ut
1337 5094 1388 5139 te
1420 5091 1716 5158 cuSIodiat,
1757 5102 1813 5146 et
1861 5109 2089 5151 conver—

2191 5091 2600 5167 παρασκευάζει
2659 5095 2758 5164 τὴν
2818 5091 3070 5165 βόηθειαν
3130 5091 3226 5146 τοῦ
3288 5090 3424 5144 Θεοῦ
3483 5091 3776 5160 φυλάσσειν

501 5174 582 5222 tat
612 5178 760 5224 retro
794 5174 1111 5240 ingruentes
1138 5176 1496 5233 tentationes.

2192 5205 2273 5250 σε,
2310 5185 2406 5240 καὶ
2450 5186 2773 5256 ἐπιστρέφει
2828 5186 2909 5248 el;
2959 5184 3030 5238 τὰ
3067 5183 3245 5237 ὀπίσω
3294 5182 3426 5246 τοὺς
3467 5183 3771 5254 ἐπερχομέ-

2190 5297 2336 5344 νους.

1100 5352 1352 5410 Scholion
1382 5357 1432 5410 7.

2786 5372 3047 5443 Σχόλιον
3068 5369 3132 5434 ζ’.

575 5438 826 5494 Salvator
868 5457 1088 5513 quoque
1133 5455 1320 5500 noster
1368 5448 1421 5502 in
1451 5449 1903 5524 beatitudinibus,
1945 5473 2081 5529 pau-

2258 5465 2366 5519 Καὶ
2396 5465 2424 5517 ὁ
2457 5464 2647 5538 Σωτὴρ
2685 5465 2741 5519 δὲ
2895 5467 3008 5527 τοῖς
3053 5467 3428 5538 μακαρισμοῖς
3457 5455 3583 5526 Ιτοῖς
3621 5471 3762 5514 πτω-

563 5603 608 5635 "8
655 5596 830 5653 Exod.
864 5615 952 5666 xv,
987 5601 1035 5655 l.
1113 5603 1160 5634 ’7
1189 5600 1320 5657 Luc.
1347 5619 1421 5672 vr,
1458 5605 1552 5661 25.

578 5689 654 5760 (ιι)
681 5690 878 5747 Clausa
908 5695 1225 5763 parenthesi
1263 5696 1514 5754 videntur
1551 5697 1876 5755 redundare.
