4042 6438
274 402 281 409 .
326 367 447 433 973
611 392 615 396 .
1146 421 1152 429 ,
1270 362 1503 423 SCALA
1534 361 1918 423 PARADISI.
1950 385 2022 396 —
2052 360 2361 422 GRADUS
2395 362 2623 426 XXIII.
3502 370 3610 437 Im

329 474 459 545 κοῖς
490 471 571 542 τῷ
590 471 861 543 πνεύματι
887 470 1066 541 μόνοις
1093 470 1419 524 ἀποκεῖσθαι
1448 471 1620 542 ἔφησε
1647 472 1747 541 τὴν
1765 470 1920 540 βασι-

2026 470 2245 540 peribus
2293 472 2488 542 spiritu
2522 474 2656 530 solis
2681 475 2983 547 repositum
3019 489 3145 533 esse
3177 490 3402 548 regnum
3434 482 3606 537 celo-

328 566 491 619 λείαν
513 564 626 619 τῶν
643 563 908 636 οὐρανῶν.

749 563 908 618 ανῶν.
2028 579 2150 618 rum
2188 564 2345 618 dixit.

933 654 1194 723 Σχόλιον
1217 659 1287 721 η’.

2549 659 2724 714 Marci
2756 662 3000 717 monachi
3032 662 3087 717 8.

417 746 513 809 Ὠς
552 745 625 814 τῷ
672 743 1026 814 μετανοοῦντι
1070 744 1132 796 τὺ
1164 742 1555 814 ὑψηλοφρονεῖν
1603 743 1883 814 ἀλλότριον
1908 758 1921 773 ⁸

2100 745 2255 803 Sicut
2281 748 2452 803 altum
2489 764 2681 819 sapere
2705 753 3084 822 ptenitentiam
3115 755 3294 825 agenti
3322 768 3608 829 repugnat,

324 834 514 899 οὕτως
546 835 637 887 τὸν
665 833 929 899 ἑκουσίως
967 834 1352 904 ἁμαρτάνοντα
1384 833 1445 885 τὸ
1477 834 1920 905 ταπεινοφρονεῖν

2030 837 2104 892 ita
2154 837 2273 893 ﬁeri
2295 853 2405 894 non
2430 852 2609 911 potest
2658 851 2718 897 ut
2769 844 3053 903 humiliter
3085 857 3141 903 et
3176 847 3418 905 demisse
3447 850 3514 907 de
3553 867 3613 908 se

325 930 627 986 ἀδύνατον.

2031 931 2254 997 sentiat,
2287 933 2383 1003 qui
2406 943 2601 1004 sponte
2625 946 2835 1006 peccat.

760 1088 767 1095 _
1004 1024 1201 1077 Ἄλλο.
1532 1056 1537 1063 ·

1532 1056 1537 1063 .
2737 1026 2920 1083 Aliud.

418 1116 484 1171 '0
511 1115 855 1187 νεκρὼμενος
870 1116 976 1169 ὑπὸ
1007 1115 1215 1183 παθῶν,
1244 1116 1558 1186 συμϐουλῆς
1597 1116 1698 1169 οὐκ
1732 1115 1932 1170 αἰσθά-

2106 1111 2296 1170 Victus
2323 1129 2355 1169 a
2403 1114 2562 1170 malis
2603 1117 2993 1187 cupiditatibus
3014 1130 3070 1177 et
3094 1120 3150 1177 in
3176 1131 3410 1180 mortem
3431 1125 3613 1193 datus,

326 1220 515 1269 νεται,
553 1204 646 1257 καὶ
677 1201 1016 1265 παιδεύσεως
1061 1202 1442 1274 πνευματικῆς
1488 1203 1551 1256 τὸ
1586 1200 1804 1257 σύνολον
1832 1203 1922 1256 οὐκ

2035 1219 2200 1260 omne
2230 1206 2522 1261 consilium
2558 1222 2753 1263 sanum
2808 1210 3078 1279 repudiat,
3147 1228 3251 1272 nec
3300 1216 3470 1273 ullam
3527 1216 3614 1273 di-

327 1297 622 1366 ἀνέχεται.

2037 1298 2325 1370 sciplinam
2352 1299 2665 1370 religiosam
2702 1304 2958 1359 sustinet.

967 1391 1229 1458 Σχόλιον
1258 1389 1321 1444 θ’.

2655 1390 2907 1449 Scholion
2932 1394 2988 1450 9.

418 1481 728 1549 ’Δπόδειξις
757 1482 1078 1536 δεικνύουσα
1100 1483 1192 1535 ἐπὶ
1215 1482 1409 1553 μηδενὶ
1461 1485 1696 1555 γαυριᾷν
1724 1482 1819 1537 καὶ
1847 1483 1936 1549 ἐξ·

2111 1480 2520 1538 Demonstratio
2569 1490 2656 1538 est
2686 1498 2810 1552 quae
2856 1480 3099 1542 ostendit
3136 1464 3204 1542 de
3227 1489 3378 1542 nulla
3402 1505 3462 1545 re
3501 1490 3619 1561 glo-

331 1574 611 1628 μειοῦσθαι
645 1573 721 1638 ὡς
768 1575 947 1647 οἰκείᾳ
984 1576 1266 1646 φρονήσει,
1295 1574 1329 1646 ἦ
1384 1575 1527 1646 ἰσχύϊ
1560 1574 1927 1647 κατορθοῦντι,

2038 1569 2290 1625 riandum
2321 1579 2416 1626 aut
2458 1570 2908 1641 superbiendum,
2944 1582 3201 1645 tanquam
3245 1578 3464 1646 pr0pria
3491 1594 3622 1648 pru-

328 1662 473 1719 ἄνευ
499 1667 600 1738 τῆς
625 1665 725 1720 τοῦ
759 1666 895 1720 Θεοῦ
922 1668 1246 1722 ἀνεικάστου
1283 1667 1720 1738 μεγαλοδωρεᾶς.

2042 1662 2227 1718 (lentia
2275 1674 2330 1719 et
2386 1664 2599 1720 viribus
2664 1664 2828 1721 nixus
2892 1665 3011 1722 sine
3064 1668 3477 1740 incomparabili
3530 1670 3623 1728 Dei

2045 1755 2220 1825 gratia
2271 1765 2326 1811 et
2350 1756 2498 1812 dono
2554 1756 2765 1827 aliquid
2796 1765 2943 1815 recte
2975 1763 3231 1831 gesseris.

1048 1846 1247 1902 Ἄλλο.
1966 1821 2015 1882 Β
2049 1821 2072 1825 ⁷
2646 1821 2667 1827 “
2741 1848 2924 1904 Aliud.

430 1938 491 1991 '0
522 1938 794 2010 ἐγκρατὴς
835 1939 1102 2010 ἀπέχεται
1150 1940 1599 2012 γαστριμαργίας
1634 1956 1649 1969 '
1698 1944 1727 1994 6
1764 1942 1938 2012 ἀκτή·

2111 1937 2410 1995 Abstinens
2454 1939 2638 2009 gulam
2668 1952 2929 2008 coercet;
2954 1956 3118 2012 opum
3147 1952 3510 2017 contemptor,
3532 1948 3630 2003 ha-

358 2047 478 2100 μων
512 2030 817 2095 πλεονεξίας
848 2046 862 2059 ·
903 2033 933 2083 6
960 2032 1166 2103 ἥσυχος
1191 2031 1517 2096 πολυλαλιᾶς
1538 2049 1551 2062 ’
1577 2034 1605 2086 6
1644 2034 1805 2103 ἁγνὸς
1850 2051 1941 2103 φι-

2041 2029 2204 2084 bendi
2261 2031 2654 2101 cupiditatem;
2705 2033 3013 2089 solitudinis
3062 2036 3260 2102 cultor,
3327 2038 3631 2108 loquacita—

360 2119 611 2189 ληδονίας
636 2136 650 2151 ⁸
692 2123 720 2174 6
746 2121 943 2190 σεμνὸς
995 2125 1255 2192 πορνείας
1280 2139 1295 2154 ·
1348 2125 1378 2178 6
1420 2124 1703 2197 αὐτάρκης
1746 2126 1941 2198 φιλαρ-

2043 2131 2147 2177 tem
2173 2132 2427 2190 ;castus,
2461 2124 2831 2194 voluptatem;
2860 2125 3113 2194 pudicus,
3145 2127 3416 2185 luxuriam
3443 2147 3458 2197 ;
3499 2145 3631 2186 con-

357 2213 589 2283 γυρίας·
621 2216 649 2267 6
682 2216 850 2285 πρᾶος
897 2215 1182 2286 ταραχῆς·
1229 2218 1258 2269 6
1306 2218 1686 2289 ταπεινόφρων
1730 2220 1943 2273 κενοδο-

2044 2223 2224 2270 tentus
2256 2231 2379 2281 suo,
2412 2217 2658 2286 pecuniae.
2687 2217 2962 2284 studium;
2999 2218 3148 2275 mitis
3178 2221 3445 2277 tumultus
3470 2261 3487 2288 ,
3529 2222 3633 2277 hu—

352 2305 480 2370 ξίας
498 2324 512 2338 ·
536 2309 564 2361 6
602 2308 969 2371 ὑποτακτικὸς
1007 2307 1339 2378 φιλονεικίας
1366 2323 1379 2339 ο
1409 2309 1439 2361 6
1460 2308 1776 2378 ἐλεγκτικὸς
1805 2312 1941 2364 ὑπο-

2045 2306 2213 2370 milis,
2238 2320 2433 2359 vanam
2457 2305 2721 2375 gloriam;
2749 2304 3055 2375 subjectus,
3091 2309 3507 2377 contentiones;
3545 2327 3631 2367 re-

347 2399 629 2470 κρίσεως·
677 2404 706 2455 6
754 2399 1196 2471 προσευχόμενος
1240 2399 1677 2463 ἀνελπιστίας³ὀ
1730 2402 1943 2472 πτωχὸς

2046 2396 2370 2465 prehensus,
2400 2395 2840 2462 simulationem;
2867 2398 3272 2467 precabundus,
3300 2401 3634 2471 desperatio-

344 2490 809 2562 πολυχρηματίας
840 2506 855 2520 ⁸
885 2493 915 2544 6
938 2488 1277 2561 όμολογητὴς
1305 2491 1592 2560 ἀρνήσεως
1618 2507 1631 2521 ⁸
1662 2492 1691 2545 6
1733 2493 1940 2563 μάρτυς

2047 2502 2206 2553 nem;
2255 2486 2539 2542 mendicus
2576 2487 2797 2542 divitias
2837 2497 3093 2557 recusat;
3130 2490 3434 2560 confessor,
3469 2510 3637 2566 nega-

341 2582 794 2654 εῖδωλολατρίας.
814 2583 1046 2646 Βλέπεις
1074 2582 1192 2645 πῶς
1212 2582 1360 2635 πᾶσα
1386 2584 1418 2653 ἡ
1441 2582 1545 2646 ἓως
1568 2582 1800 2637 θανάτου
1833 2586 1937 2638 tm-

2049 2578 2252 2633 tionem
2280 2595 2296 2646 ;
2328 2591 2557 2651 martyr,
2589 2580 2978 2636 idololatriam.
3038 2581 3203 2640 Vides
3232 2600 3471 2653 omnem,
3515 2604 3638 2658 quae

342 2674 657 2747 τελουμένη
686 2677 879 2747 ἀρετὴ,
905 2676 1060 2731 οὐδὲν
1087 2676 1276 2748 ἕτερον
1292 2722 1306 2745 ,
1326 2674 1466 2746 πλὴν
1505 2675 1780 2747 ἁμαρτίας
1799 2676 1938 2728 ἐστὶν

2050 2666 2117 2721 ad
2176 2677 2407 2723 mortem
2441 2683 2615 2740 usque
2643 2680 2933 2726 exercetur
2984 2672 3264 2741 virtutem,
3314 2676 3451 2730 nihil
3490 2678 3640 2733 aliud

341 2768 534 2839 άποχή
559 2784 574 2798 ’
606 2769 886 2837 ἁμαρτίας
921 2770 979 2824 δὲ
1024 2770 1205 2843 ἀποχὴ
1238 2769 1454 2841 φύσεώς
1478 2771 1627 2823 ἐστιν
1658 2768 1820 2839 ἔργον
1840 2784 1853 2799 ⁸
1885 2768 1937 2821 oi

2049 2773 2173 2816 esse
2230 2774 2397 2831 quam
2454 2762 2846 2818 continentiam
2880 2779 2975 2820 seu
3015 2766 3400 2823 abstinentiam
3433 2784 3466 2824 a
3511 2785 3640 2840 pec-

344 2853 641 2925 βασιλείας
671 2856 1008 2930 άνταλλαγή.

2050 2860 2193 2907 cato.
2237 2853 2584 2910 Abstinentia
2617 2864 2802 2910 autem
2834 2864 2919 2911 est
2966 2866 3180 2915 natura:
3224 2874 3384 2931 opus,
3417 2876 3529 2917 non
3549 2876 3638 2919 re-

2053 2944 2144 3011 gni
2195 2946 2571 3014 compensatio
2610 2948 2631 2969 *
2671 2949 2688 2969 ‘
2727 2950 2767 2999 '.

773 3038 1053 3094 Ἰωάννου
1094 3042 1437 3108 Καρπαθίου
1473 3060 1489 3095 ι
1510 3079 1523 3093 .

2500 3035 2731 3093 Joannis
2793 3039 3075 3110 Carpathii
3108 3041 3196 3097 10.

432 3126 508 3179 Τὸ
535 3127 631 3181 τοῦ
662 3128 843 3200 γάμου
873 3131 1097 3202 ἔνδυμα,
1127 3134 1259 3205 περὶ
1314 3130 1376 3189 οὗ
1424 3134 1493 3188 τὰ
1541 3134 1663 3188 θεῖα
1706 3136 1950 3206 Χριστοῦ
1980 3167 2024 3224 C

2136 3125 2345 3183 Vestem
2375 3130 2672 3199 nuptialem
2721 3131 2789 3187 de
2825 3147 2934 3201 qua
2966 3133 3151 3188 divina
3184 3132 3389 3191 Christi
3417 3139 3642 3196 oracula

345 3218 720 3291 διαλαμϐάνει
746 3222 926 3292 λόγια,
949 3224 1049 3296 τὴν
1096 3224 1191 3279 τοῦ
1242 3226 1401 3296 ἁγίου
1435 3227 1753 3298 Πνεῦματος
1810 3224 1941 3282 εῖναι

2057 3216 2377 3287 loquuntur,
2430 3222 2605 3277 sancti
2675 3220 2913 3293 Spiritus
2974 3226 3209 3296 gratiam
3263 3226 3640 3301 interpretare,

345 3312 526 3385 χάριν
575 3314 715 3384 ἡγοῦ
740 3331 755 3345 ο
795 3316 863 3386 ἢν
890 3318 919 3369 ὁ
950 3316 1025 3387 μὴ
1064 3316 1351 3389 ἑνδυθῆναι
1379 3317 1619 3387 γεγονὼς
1646 3317 1818 3385 ἄξιος,
1857 3318 1941 3373 τοῐ

2059 3323 2225 3378 quam
2257 3310 2354 3380 qui
2390 3319 2448 3365 ut
2498 3311 2769 3379 indueret,
2838 3314 3038 3384 dignus
3096 3315 3320 3393 habitus
3371 3332 3481 3373 non
3535 3330 3641 3382 est.

348 3408 691 3479 ἐπουρανίου
711 3408 915 3479 γάμου,
957 3412 1051 3465 κα)⁵
1075 3410 1170 3466 τοῦ
1197 3412 1413 3466 δείπνου
1444 3411 1539 3467 τοῦ
1578 3412 1944 3483 πνευματικοῦ

2058 3400 2362 3457 caelestium
2398 3403 2714 3474 nuptiarum
2745 3413 2800 3461 et
2849 3420 3022 3463 coenae
3087 3408 3332 3465 caelestis
3374 3411 3648 3483 particeps

354 3501 621 3567 κοινωνὸς
650 3503 751 3557 οὐκ
784 3502 960 3557 ἔσται.
2058 3507 2168 3546 non
2191 3494 2315 3547 erit.

821 3596 870 3647 Σ
870 3595 1084 3663 χόλων
1114 3592 1362 3662 Μάρκου
1409 3599 1498 3647 ια’.

2558 3584 2734 3641 Marci
2771 3587 3019 3642 monachi
3058 3590 3149 3646 11.

436 3682 596 3747 Τινὲς
635 3685 710 3757 μὴ
757 3686 1041 3749 ποιοῦντες
1063 3686 1164 3750 τὰς
1203 3686 1423 3750 ἐντολάς
1454 3688 1737 3742 πιστεύειν
1780 3687 1956 3759 ὀρθῶς

2131 3674 2364 3741 Quidam
2398 3676 2494 3746 qui
2525 3675 2620 3732 Dei
2645 3679 2903 3733 mandata
2935 3680 3238 3751 negligant,
3271 3694 3417 3741 recte
3446 3698 3506 3742 se
3524 3700 3647 3741 cre-

362 3772 676 3847 νομίζουσι·
712 3778 859 3841 τινὲς
878 3777 936 3831 δὲ
965 3777 1269 3843 ποιοῦντες,
1286 3778 1362 3841 ὡς
1392 3777 1585 3848 μισθὸν
1607 3778 1959 3852 ὀφειλόμενον
2060 3767 2191 3822 dere
2226 3768 2562 3823 θκίεῑίηιαηι·
2596 3768 2830 3835 Quidam
2865 3769 2962 3840 (ἰαί
2992 3782 3259 3842 Ρταεεθβω
3291 3772 3384 3829 θεῖ
3415 3790 3651 3845 εθίίυυη·

368 3864 469 3933 τῆς
512 3864 793 3934 βασιλείας
837 3866 1189 3938 ἐκδέχονταιο
1244 3867 1545 3939 ἀμφότεροι
1590 3867 1648 3920 δὲ
1684 3869 1783 3939 τῆς
1822 3869 1957 3939 άλη-

2062 3868 2171 3925 tur,
2212 3874 2442 3930 regnum
2491 3859 2589 3914 Dei
2621 3870 2883 3930 tanquam
2913 3877 3013 3931 pro
3036 3863 3222 3917 debito
3250 3865 3524 3934 stipendio
3547 3881 3646 3922 ex-

379 3952 529 4017 θείας
553 3957 966 4028 ἀπεσφάλησαν.

2062 3960 2344 4022 spectant;
2408 3953 2571 4007 ambo
2598 3954 2789 4021 procul
2820 3968 2851 4006 a
2907 3968 3035 4009 vero
3065 3955 3342 4011 aberrant.

972 4052 1020 4104 Σ
1022 4051 1231 4119 χόλιον
1266 4051 1357 4106 ιϐ’.
1460 4068 1463 4071 ‘

1460 4068 1463 4071 λ
2663 4041 2912 4098 Scholion
2955 4044 3043 4098 l2.

465 4139 631 4193 Ὅταν
653 4141 740 4195 τὸν
767 4140 917 4205 νοῦν,
953 4142 987 4213 ἢ
1017 4141 1083 4194 δι’
1106 4142 1457 4213 άργολογίας,
1488 4142 1522 4213 ἢ
1550 4139 1917 4212 εὐτραπελίας
1939 4182 1955 4207 ,

2133 4134 2364 4201 Quando
2389 4143 2624 4189 mentem
2660 4146 2752 4190 aut
2775 4150 2872 4205 per
2900 4135 3137 4191 otiosum
3156 4152 3465 4194 sermonem
3482 4141 3644 4213 297

377 4231 412 4303 ἦ
447 4230 605 4285 ἄλλου
650 4231 794 4295 τινὸς
837 4230 1086 4286 τοιούτου
1143 4233 1210 4285 ἐκ
1272 4231 1408 4286 Θεοῦ
1461 4231 1805 4301 ἀφιστῶμεν,
1865 4229 1962 4285 καὶ

2064 4234 2160 4281 aut
2211 4227 2619 4291 scurrilitatem,
2678 4235 2777 4282 aut
2834 4226 3153 4298 hujusmodi
3216 4231 3484 4303 aliquida
3534 4236 3648 4291 Deo

374 4319 851 4391 μετεωριζόμεθα,
880 4321 947 4373 οὺ
981 4319 1208 4391 μοναχοί
1234 4323 1422 4392 ἐσμεν.

2064 4318 2382 4384 avertimus,
2435 4327 2489 4374 et
2513 4319 2887 4389 superbimus,
2930 4321 3188 4377 monachi
3225 4337 3334 4379 non
3358 4339 3573 4382 sumus.

982 4413 1238 4482 Σχόλιον
1265 4420 1353 4482 ιγ’.

2662 4409 2915 4467 Scholion
2962 4412 3050 4468 15.

447 4502 603 4574 Λήθη
642 4504 1006 4574 πταισμάτων
1050 4504 1182 4558 ποτὲ
1233 4504 1335 4575 μὲν
1389 4503 1567 4576 οἴησιν
1614 4508 1954 4578 τεχνουργεῖ,
1986 4508 2034 4566 Ι)

2132 4502 2347 4560 Oblivio
2379 4503 2701 4559 delictorum
2733 4520 2882 4561 nunc
2931 4513 3083 4561 creat
3145 4506 3319 4561 animi
3356 4515 3648 4574 tumorem,

368 4596 509 4650 ποτὲ
539 4594 596 4649 δὲ
622 4594 1006 4666 ἀναισθησίαν.

949 4612 1006 4649 μν.
2062 4612 2218 4677 nunc
2249 4605 2545 4668 stuporem.

975 4689 1274 4758 Εὐαγρίου
1315 4691 1396 4744 ιδ’.

2661 4686 2917 4745 Scholion
2964 4689 3054 4744 M.

446 4784 542 4856 Μὴ
571 4781 769 4837 σπεῦδε
791 4782 1060 4847 πλουτεῖν,
1094 4781 1170 4854 μὴ
1194 4784 1332 4854 ταχὺ
1365 4782 1535 4855 πένης
1564 4784 1718 4856 γένῃ.

2140 4780 2262 4839 Noli
2297 4782 2482 4839 statim
2543 4782 2683 4840 velle
2724 4783 3013 4850 ditescere,
3072 4798 3143 4839 ne
3205 4783 3393 4841 subito
3448 4799 3656 4859 pauper

983 4877 1246 4945 Σχόλιον
1276 4881 1337 4929 ιε’
2071 4875 2192 4930 llas.

462 4970 524 5023 '0
569 4967 1122 5042 ὕπερηφανευόμενος
1183 4970 1597 5040 παραχωρεῖται
1662 4973 1849 5025 πεσεῖν
1886 4972 1968 5036 είς
2666 4967 2920 5024 Scholion
2975 4969 3068 5025 15.

370 5058 761 5135 βλασφημίας,
789 5059 887 5112 καὶ
911 5061 939 5112 6
958 5058 1019 5111 ὲν
1047 5060 1117 5129 τῇ
1139 5057 1310 5130 ἀρετῇ
1338 5057 1442 5127 τῆς
1470 5057 1719 5128 πράξεως
1748 5062 1966 5131 ἐπαιρό-

2142 5057 2248 5125 Qui
2283 5059 2771 5146 superbiatumet,
2808 5062 3148 5132 permittitur
3175 5065 3231 5118 in
3284 5062 3658 5132 hlasphemias

373 5169 569 5226 μενος,
610 5154 668 5204 ὲν
712 5153 779 5222 τῇ
822 5149 1051 5221 πορνείᾳ
1094 5152 1511 5221 παραχωρεῖται
1551 5153 1743 5203 πεσεῖν
1770 5167 1785 5181 ·
1820 5152 1916 5206 καὶ
1942 5155 1969 5207 ό

2072 5150 2310 5218 cadere;
2358 5151 2453 5221 qui
2499 5144 2722 5206 virtutis
2757 5152 3151 5207 exercitatione
3174 5151 3405 5216 tollitur,
3460 5151 3516 5205 in
3569 5151 3654 5205 lu-

370 5242 444 5294 ὲν
470 5240 538 5309 τῇ
575 5237 738 5307 σοφίᾳ.
764 5235 933 5290 αὐτοῦ
966 5236 1354 5307 ἐπαιρόμενος,
1419 5238 1478 5289 ἑν
1511 5239 1634 5299 ταῖς
1670 5242 1966 5305 σκοτειναῖς

2073 5244 2328 5311 auriam;
2367 5244 2461 5313 qui
2503 5244 2773 5315 sapientia
2811 5260 2912 5300 sua
2970 5252 3165 5311 tumet,
3225 5243 3279 5297 in
3338 5244 3658 5315 ignorantia

375 5332 580 5402 παγίσι
610 5331 709 5403 τῆς
731 5330 956 5400 ἀγνοίας
981 5331 1243 5400 ἐμπεσεῖν
1273 5331 1705 5401 παραχωρεῖται.

1355 5331 1705 5401 ραχωρεῖται.
2074 5333 2331 5390 tenebras
2382 5346 2438 5388 et
2472 5333 2697 5403 laqueos
2736 5334 2946 5389 incidit.

978 5424 1245 5490 Σχόλιον
1271 5427 1369 5485 ις’.

2672 5423 2924 5479 Scholion
2979 5422 3063 5478 16.

454 5518 620 5586 Μέγα
649 5513 860 5587 νομίζω
887 5514 985 5567 καὶ
1017 5512 1222 5584 τίμιον,
1254 5511 1317 5565 τὸ
1347 5510 1447 5581 τὴν
1478 5511 1791 5579 κενοδοξίαν
1813 5513 1973 5585 νικῆ-

2146 5511 2282 5567 Rem
2329 5512 2608 5583 ingentem
2638 5523 2695 5571 et
2746 5514 3089 5584 magniﬁcam
3152 5514 3411 5571 existimo
3457 5518 3659 5575 vicisse

380 5627 500 5671 σαι,
518 5610 622 5663 καὶ
652 5606 930 5680 προκόψαι
955 5607 1038 5669 si;
1062 5602 1266 5674 γνῶσιν
1295 5602 1434 5657 Θεοῦ
1464 5618 1478 5634 ο
1506 5605 1537 5658 6
1566 5605 1676 5674 γὰρ
1712 5606 1974 5674 ἐμπεσὼν

2076 5618 2272 5658 vanam
2314 5603 2545 5675 gloriam
2608 5611 2662 5659 et
2711 5603 3011 5671 profecisse
3064 5605 3120 5659 in
3172 5606 3488 5675 cognitione
3538 5606 3656 5663 Dei.

384 5701 467 5765 sic
499 5698 601 5770 τὴν
625 5699 964 5771 αἰσχρότητα
996 5697 1090 5752 τοῦ
1117 5694 1358 5768 πονηροῦ
1387 5695 1581 5749 τούτου
1635 5696 1843 5761 πάθους
1876 5699 1975 5769 τῆς

2077 5696 2182 5764 Qui
2216 5696 2364 5751 enim
2404 5696 2459 5750 in
2492 5696 2731 5752 dedecus
2762 5695 2925 5765 huius
2967 5695 3200 5766 improbi
3229 5695 3348 5752 vitii
3375 5713 3529 5753 vanae
3544 5697 3661 5769 glo-

382 5778 716 5857 κενοδοξίας,
759 5790 862 5862 τῆς
912 5791 1134 5863 εἰρήνης
1165 5786 1567 5860 ἀλλοτριοῦται,
1610 5788 1705 5843 καὶ
1737 5788 1976 5859 σκληρύν

2078 5790 2175 5847 rite
2215 5788 2425 5854 incidit,
2454 5802 2646 5845 exsors
2671 5796 2756 5843 est
2783 5786 2953 5858 pacis,
2992 5795 3048 5842 et
3103 5802 3200 5844 cor
3250 5788 3485 5845 obdurat
3529 5802 3654 5856 erga
