4042 6436
511 346 622 414 975
1720 348 1779 407 s.
1834 344 2160 407 JOANNIS
2196 346 2508 413 CLIMACI
3684 366 3794 430 915

480 467 1154 531 aanctos,et.postquam
1203 459 1270 514 ad
1315 459 1480 514 tinem
1530 462 1586 513 et
1610 468 1919 515 extremum
1974 476 2061 515 ma

2195 480 2344 519 νεται
2365 465 2466 534 τὴν
2498 467 2726 539 καρδίαν
2756 468 2896 540 πρὸς
2924 469 3050 533 τοὺς
3076 471 3265 541 ἁγίους
3297 489 3310 504 ·
3337 473 3430 528 καὶ
3448 475 3507 529 ὲν
3538 475 3622 547 τῷ
3647 478 3791 535 τέλει

480 551 688 606 lorum
739 565 964 606 suorum
994 552 1258 620 pervenit,
1318 551 1373 604 in
1403 550 1709 620 improbam
1762 551 1967 608 incidit
1996 568 2058 607 su

2197 547 2307 602 τῶν
2343 550 2533 604 κακῶν
2582 551 2781 614 αὐτοῦ,
2834 555 2913 617 είς
2962 554 3416 629 ύψηλοφροσύνην
3466 559 3791 632 περιπίπτει

501 643 749 713 perbiam
798 650 853 697 et
886 643 1165 698 libidinem
1203 642 1526 697 mentiendi.

2198 639 2447 710 πονηρὰν
2474 640 2568 694 καὶ
2592 643 2849 712 φροντίδα
2874 643 2968 697 τοῦ
2994 645 3306 714 ψεύδεσθαι.

1097 733 1361 799 Scholion
1400 735 1489 790 17.
1644 776 1653 781 -

2801 738 2849 790 Σ
2850 737 3065 807 χόλων
3101 738 3184 803 ιζ’.

575 826 815 883 Observa
847 826 989 897 quod
1017 826 1357 880 voluntatem
1390 841 1546 882 suam
1579 841 1706 881 cum
1735 827 1965 883 scientia
1993 841 2062 883 se:

2271 825 2436 896 Ὅρα,
2467 826 2551 881 ὅτι
2579 826 2641 881 τὸ
2669 828 2943 883 ἀπολῦσαι
2965 830 3028 883 τὸ
3058 830 3276 902 θέλημά
3314 847 3409 886 σου
3437 831 3519 907 τῷ
3557 834 3789 907 πλησίον

477 917 787 989 prudentia
808 915 1153 972 committere
1187 916 1463 986 proximo,
1516 916 1632 973 haec
1670 932 1800 974 vera
1854 917 1929 974 sit
1982 918 2058 972 hu

2194 913 2253 967 ὲν
2281 914 2504 983 γνώσει,
2533 915 2676 989 αὕτη
2706 918 2855 972 ἐστὶν
2883 921 2916 990 ἡ
2957 920 3309 985 ταπείνωσις.

495 1007 718 1063 militas.

670 1144 673 1147 .
797 1140 801 1145 ε
1082 1098 1453 1156 ScholionJ8.
2781 1095 3061 1165 Μαξίμου
3088 1104 3178 1166 ιη’.

565 1189 624 1244 Si
658 1203 768 1245 non
813 1189 898 1245 vis
948 1192 1208 1260 occupari
1234 1200 1289 1246 et
1320 1191 1501 1263 subigi
1543 1208 1574 1248 a
1608 1193 1867 1263 malignis
1922 1194 2062 1264 spirit

2265 1185 2328 1238 Ei
2379 1183 2562 1256 βούλει
2616 1187 2691 1258 μὴ
2762 1186 3109 1258 ἐνεργεῖσθαι
3163 1188 3271 1244 ὑπὸ
3321 1190 3432 1246 τῶν
3488 1192 3781 1266 πονηρῶν,

474 1283 645 1339 ~'tibus
685 1280 1161 1357 [cogitationibus]
1197 1295 1573 1356 contemptum
1602 1286 1866 1351 animi,et
1892 1300 2062 1356 corpo

2190 1275 2538 1343 ὲξουδένωσιν
2588 1279 2767 1351 ψυχῆς
2825 1280 2921 1333 καὶ
2963 1279 3143 1351 θλίψιν
3195 1283 3399 1355 σαρκὸς
3458 1286 3780 1358 καταδέχου,

491 1375 570 1432 ris
598 1374 1007 1431 aﬂlietatioucm
1045 1377 1284 1447 suspice,
1319 1385 1374 1431 et
1424 1378 1527 1432 hoc
1560 1392 1667 1431 non
1741 1376 1976 1433 subinde
2030 1393 2061 1432 e

2191 1366 2472 1421 καὶτοῦτο
2541 1370 2604 1422 οὐ
2638 1370 2906 1440 μερικῶς,
2961 1371 3079 1427 ἀλλ’
3132 1373 3226 1428 ἐπὶ
3285 1376 3453 1431 παντὶ
3480 1378 3660 1449 τόπῳ,
3692 1380 3782 1433 καὶ

492 1466 793 1538 sigillatim,
824 1467 919 1523 sed
955 1468 1007 1521 in
1035 1468 1184 1522 omni
1219 1468 1342 1522 loco
1374 1476 1429 1521 et
1479 1467 1772 1523 occasione
1807 1475 1861 1521 et
1894 1482 1975 1522 re.

2189 1458 2392 1531 καιρῷ,
2434 1460 2532 1513 καὶ
2559 1461 2872 1533 πράγματι.

1092 1555 1343 1612 Scholion
1398 1556 1487 1611 I9.

2795 1555 3057 1623 Σκόλιον
3090 1556 3173 1611 ιϐ’.

560 1648 706 1706 Fieri
746 1664 857 1704 non
892 1658 1073 1720 potest
1113 1662 1195 1714 ut,
1243 1651 1336 1719 qui
1373 1664 1481 1704 non
1531 1663 1658 1719 erga
1723 1663 1918 1704 omnes
1979 1663 2062 1718 prt

2272 1641 2581 1714 Ἀμήχανον
2612 1643 2705 1697 τὸν
2730 1644 2806 1717 μὴ
2830 1648 3274 1719 καταδεξάμενον
3308 1651 3370 1704 τὸ
3404 1651 3543 1722 πρὸς
3574 1652 3774 1718 πάντας

488 1750 733 1797 extrema
763 1754 860 1794 sua
894 1738 1153 1793 facultate
1170 1748 1373 1793 metum
1405 1736 1859 1809 [venerationem]
1891 1752 2062 1808 quem:

2187 1732 2414 1799 ύποδεὲς
2442 1733 2536 1787 καὶ
2578 1734 2806 1806 ἔσχατον
2846 1739 3144 1809 δυνηθῆναί
3186 1742 3395 1815 ποτε,ἢ
3432 1741 3772 1816 λοιδορούμε-

488 1835 615 1889 dam
652 1832 901 1900 suscipit,
941 1834 1024 1888 vel
1054 1831 1331 1895 convicio,
1365 1832 1449 1884 vel
1480 1830 1811 1884 contumelia
1870 1830 2062 1900 appetit

2183 1842 2295 1893 vov,
2337 1824 2512 1896 θυμοῦ
2556 1828 2849 1898 κρατῆσαι,
2883 1831 2918 1900 ἢ
2947 1830 3265 1903 θλιϐόμενον
3321 1833 3461 1905 μετὰ
3500 1837 3771 1907 μακροθυσ

1082 1098 1453 1156 ΒοίιοίίοιιΑὸ.

488 1936 600 1988 tus,
628 1925 768 1978 iram
797 1924 1014 1992 vincat;
1056 1933 1153 1979 aut
1196 1923 1429 1979 aiilictus
1462 1937 1621 1992 aequo
1652 1922 1836 1978 animo
1899 1929 2078 1977 tenta-

465 2019 694 2073 -tionem
726 2024 972 2087 superet.

470 2110 657 2183 ’298
720 2110 794 2164 De
848 2110 1305 2183 inexplicabilibus
1370 2109 1708 2179 blasphemia:
1793 2107 2079 2175 cogitatio-

1193 2181 1346 2234 nibus

556 2276 887 2333 Perniciosa:
916 2274 1105 2343 stirpis
1131 2281 1185 2328 et
1239 2271 1486 2343 parentis
1546 2269 2078 2340 perniciosissimam

400 2404 407 2409 -
485 2368 729 2425 sobolem
766 2382 889 2423 esse
920 2381 1085 2436 supra
1119 2365 1556 2421 demonstratum
1606 2372 1710 2428 est,
1753 2371 2072 2425 exsecrata,

484 2461 738 2531 inquam,
780 2458 1055 2529 superbia:
1101 2456 1377 2512 infandam
1444 2455 1795 2524 blasphemiae
1841 2457 2073 2524 prolem.

480 2551 718 2607 Proinde
745 2564 969 2606 necesse
993 2558 1078 2604 est
1112 2556 1172 2602 ut
1197 2562 1316 2617 eam
1349 2547 1405 2600 iu
1433 2546 1614 2600 medio
1639 2559 1937 2615 pouaruus,
1974 2559 2074 2599 ne-

481 2657 590 2711 que
617 2641 764 2696 enim
817 2654 882 2695 ex
919 2638 1095 2693 obviis
1125 2643 1179 2692 et
1202 2636 1521 2706 vulgaribus
1564 2644 1649 2690 est
1716 2635 2071 2699 adversariis,

480 2734 580 2790 sed
602 2733 850 2787 omnium
885 2732 979 2801 qui
1011 2739 1160 2797 sunt,
1195 2731 1357 2800 longe
1397 2726 1791 2783 infestissimus
1815 2728 2072 2782 inimicus

468 2836 535 2881 et
573 2825 770 2888 hostis,
798 2832 850 2877 et
878 2825 1026 2893 quod
1053 2825 1274 2893 gravius
1313 2831 1417 2887 est,
1473 2822 1748 2892 explicata
1806 2820 2069 2886 dilIieilis,

481 2916 686 2987 quique
723 2929 866 2983 aegre
894 2930 991 2984 per
1023 2914 1429 2971 confessionem
1458 2914 1713 2983 religioso
1742 2914 1912 2968 animi
1952 2928 2070 2968 me-

479 3008 604 3062 dico
639 3006 864 3061 sistatur
896 3015 951 3061 et
975 3007 1271 3077 aperiatur.
1308 3005 1464 3063 Unde
1522 3018 1899 3074 saepenumero
1961 3020 2070 3059 non

444 3104 670 3175 Apaueis
711 3102 983 3169 usuveuit,
1014 3109 1074 3156 ut
1109 3102 1162 3155 in
1193 3100 1443 3155 ultimam
1473 3101 1932 3172 desperationem,
1956 3115 2071 3155 om-

2186 1917 2318 1988 μίας
2343 1919 2730 1989 περιγενέσθαι
2759 1921 2869 1975 τῶν
2898 1924 3243 1994 πειρασμῶν.

2182 2111 2325 2183 Περὶ
2350 2110 2473 2166 τῶν
2499 2113 2939 2202 ἀνεκφρὰστωις
2981 2114 3294 2254 λῖτςσμῶν
3327 2116 3439 2185 τῆς
3479 2117 3767 2188 ,βλασφη-

2870 2202 3010 2253 μιας
3068 2202 3098 2237 a
3130 2223 3145 2237 .

2870 2184 3010 2253 μίας
3044 2188 3145 2254 (0)-

2251 2273 2511 2346 Χαλεπῆς
2546 2273 2706 2345 ῥίζης
2760 2276 2859 2329 καὶ
2900 2274 3115 2346 μητρὸς
3146 2275 3534 2347 χαλεπώτατον
3571 2280 3767 2348 ἀπόγο-

2181 2382 2271 2420 νον
2301 2361 2442 2419 εἶναι
2471 2367 2531 2419 ὲν
2562 2368 2673 2429 τοῖς
2700 2365 2970 2436 φθάσασιν
2997 2369 3340 2438 ἀκηκόαμεν,
3386 2368 3532 2438 λέγω
3572 2368 3639 2440 δὴ
3671 2371 3767 2441 τῆς

2183 2461 2390 2531 μιαρᾶς
2423 2460 2809 2531 ὑπερηφανίας
2847 2461 3088 2532 ἄρρητον
3115 2461 3217 2531 τῆς
3247 2461 3601 2532 βλασφημίας
3633 2462 3764 2515 ἀπό·

2180 2568 2336 2620 γονον
2371 2568 2383 2582 ·
2417 2550 2500 2604 διδ
2533 2552 2834 2620 ἀναγκαῖον
2856 2552 3018 2607 αὐτὸν
3070 2554 3152 2616 είς
3189 2554 3353 2624 μέσον
3385 2552 3621 2626 ἀχθῆναι
3656 2569 3671 2583 °
3703 2555 3758 2606 ού

2179 2643 2292 2715 γάρ
2316 2642 2427 2697 τῶν
2457 2643 2756 2715 τυχόντων,
2786 2642 2925 2697 ἀλλά
2956 2660 3021 2710 γε
3070 2646 3162 2698 καὶ
3193 2644 3329 2699 πολὺ
3365 2645 3583 2699 πάντων
3618 2646 3762 2715 χαλε-

2177 2735 2427 2806 πώτερος
2456 2736 2650 2806 ἐχθρὸς
2702 2736 2800 2790 καὶ
2831 2736 3089 2807 πολέμιος
3124 2736 3457 2807 καθέστηκε,
3492 2739 3590 2791 καὶ
3619 2738 3678 2791 τὸ
3700 2738 3758 2809 δὴ

2174 2827 2559 2900 χαλεπώτερον
2596 2829 2715 2883 οὐδὲ
2758 2829 3001 2901 εὐχερῶς
3026 2830 3404 2903 ἐκφρασθῆναι
3435 2831 3531 2885 καὶ¹
3579 2830 3760 2901 ἐξομο-

2174 2922 2559 2993 λογηθῆναι,ἦ
2596 2922 3013 2993 στηλιτευθῆναι
3065 2924 3425 2995 πνευματικῷ
3472 2924 3647 2996 ίατρῷ
3675 2925 3758 2978 δυ-

2173 3015 2433 3085 νάμενος.
2483 3016 2574 3067 Διὸ
2622 3014 2718 3069 καὶ
2771 3013 2989 3077 πολλοῖς
3031 3014 3294 3079 πολλάκις
3327 3015 3642 3083 ἀπόγνωσιν
3667 3017 3755 3069 καὶ

2171 3107 2525 3162 ἀνελπιστίαν
2580 3107 2873 3177 ἐγέννησεν
2903 3122 2919 3135 ⁸
2984 3105 3175 3179 ὥσπερ
3231 3105 3447 3178 σκώληξ
3491 3109 3550 3161 ὲν
3597 3106 3752 3180 ξύλῳ,

443 3197 537 3251 uni
563 3196 761 3252 salutis
799 3210 895 3266 spe
923 3194 1165 3259 sublata,
1205 3192 1532 3249 inciderent.
1564 3192 1685 3248 Non
1720 3208 1882 3249 secus
1915 3192 2060 3247 enim

2171 3202 2354 3255 πᾶσαν
2403 3199 2583 3254 αὐτῶν
2622 3170 2736 3271 ⁷τὴν
2765 3170 2997 3254 ’ἐλπίδακ
3028 3170 3460 3275 ἐξαναλώσας-ό
3516 3170 3747 3264 ἀνόσιος.

480 3303 545 3343 ac
572 3289 756 3343 teredo
789 3287 1022 3357 lignum,
1053 3284 1126 3338 ita
1159 3300 1309 3354 spem
1338 3300 1557 3340 omnem
1607 3285 1772 3355 impia
1801 3284 2063 3340 absumit.

480 3379 883 3451 Istaiergoista
944 3378 1281 3433 exsecranda
1326 3376 1669 3447 blasphemia
1702 3377 1846 3432 inter
1916 3375 2064 3445 ipsas

479 3487 667 3527 sacras
689 3487 947 3544 synaxes,
974 3478 1030 3524 et
1060 3468 1163 3524 sub
1194 3470 1370 3538 ipsam
1401 3468 1592 3522 horam
1627 3482 1735 3538 qua
1782 3467 2064 3522 tremenda

477 3562 738 3635 mysteria
776 3559 1136 3616 Eueharistim
1164 3567 1530 3630 peraguntur,
1567 3560 1708 3615 solet
1767 3557 2063 3614 Dominum

460 3653 662 3723 -impiis
709 3652 1134 3723 cogitationibus
1194 3654 1489 3717 incessere,
1547 3651 1792 3721 adeoque
1851 3652 2064 3708 sacriﬁ-

446 3745 624 3801 -~cium
659 3746 838 3815 ipsum
868 3744 1119 3813 impiare.
1157 3742 1313 3800 Unde
1341 3743 1502 3813 plane
1530 3741 1911 3813 intelligimus'
1950 3743 2062 3811 illa,

460 3836 723 3902 infanda,
754 3838 1207 3907 incompreltensa
1244 3846 1299 3890 et
1335 3836 1501 3905 impia
1529 3835 1922 3905 cogitationum
1950 3852 2066 3891 ma-

474 3932 670 3986 ledicta
707 3930 763 3985 iu
793 3930 965 3985 Deum
999 3946 1108 3985 non
1134 3930 1203 3984 ab
1231 3928 1413 3983 anima
1448 3936 1657 3993 nostra,
1694 3927 1789 3983 sed
1811 3948 1815 3952 ·
1840 3930 1910 3984 ab
1962 3930 2064 3984 ho-

473 4031 557 4078 ste
606 4020 701 4077 Dei
726 4020 974 4076 daemone
1002 4034 1033 4075 e
1061 4018 1204 4074 coelo
1231 4016 1486 4089 profugo,
1520 4018 1611 4072 ubi
1643 4033 1862 4088 quoque
1887 4016 2060 4072 Deum

471 4115 608 4170 ditis
688 4113 1158 4170 exsecrationibus
1207 4112 1360 4166 visus
1441 4120 1526 4165 est
1571 4111 1884 4175 incessisse,
1931 4125 2061 4179 pro-

458 4208 661 4262 :lictsci.
708 4206 766 4259 Si
819 4205 965 4259 enim
1035 4202 1179 4258 foeda
1245 4211 1301 4257 et
1358 4202 1617 4257 indecora
1662 4203 1864 4258 mentis
1892 4201 2061 4257 verba

470 4310 593 4349 mea
650 4304 800 4360 sunt,
866 4293 1163 4363 quomodo,
1203 4292 1335 4346 dum
1381 4291 1607 4347 caeleste
1655 4291 1791 4347 illud
1851 4291 2056 4348 donum

446 4397 659 4445 sumo,
739 4383 963 4451 supplex
1055 4382 1261 4436 adoro?
1339 4380 1614 4452 quomodo
1703 4381 1870 4436 simul
1930 4397 2060 4452 pos-

2168 3286 2338 3357 Οὗτος
2352 3293 2553 3359 τοίνυν,
2572 3286 2724 3355 οὗτος
2753 3294 2781 3347 ὁ
2800 3293 3121 3363 παμμίαρος
3149 3291 3296 3361 φιλεῖ
3319 3291 3579 3356 πολλάκις
3628 3290 3753 3364 παρ’

2167 3386 2340 3449 αὐτὰς
2368 3386 2467 3451 τὰς
2499 3386 2660 3455 ἁγίας
2689 3384 2957 3450 συνάξεις,
2981 3386 3076 3438 καὶ
3103 3386 3225 3439 κατ’
3274 3384 3444 3457 αὐτὴν
3497 3385 3598 3457 τὴν
3635 3403 3753 3457 φρι-

2167 3479 2301 3551 κτὴν
2325 3479 2432 3532 τῶν
2461 3478 2776 3549 μυστηρίων
2796 3478 2945 3549 ὥραν
2977 3479 3280 3551 δυσφημεῖν
3304 3478 3395 3532 τὸν
3412 3477 3637 3550 Κύριον,
3662 3480 3750 3533 καὶ

2166 3569 2236 3623 τά
2263 3569 2558 3640 τελούμενα
2589 3571 2742 3639 ἆγια.
2795 3570 2962 3625 Ὅθεν
2998 3571 3235 3643 μάλιστα
3279 3571 3373 3625 καὶ
3409 3570 3747 3642 μανθάνομεν

2165 3660 2355 3730 σαφῶς
2383 3660 2459 3732 μὴ
2489 3657 2654 3716 οὖσαν
2673 3663 2772 3734 τὴν
2798 3662 3075 3735 ἡμετέραν
3099 3662 3277 3736 ψυχὴν
3301 3663 3399 3735 τὴν
3419 3662 3488 3716 τά
3512 3663 3745 3732 ἄθεσμα,

2167 3755 2265 3808 καὶ
2301 3754 2664 3826 ἀκατάληπτα
2719 3757 2922 3820 ἐκεῖνα,
2974 3755 3072 3811 καὶ
3104 3755 3320 3828 ἄρρητα
3352 3756 3511 3825 λόγια
3540 3756 3746 3810 ἔνδοθεν

2167 3845 2554 3918 φθεγξαμένην
2581 3862 2596 3876 ⁸
2646 3846 2784 3902 ἀλλά
2828 3847 2923 3902 τὸν
2978 3848 3228 3919 μισόθεον
3280 3848 3513 3919 δαίμονα
3546 3850 3638 3903 τὸν
3683 3850 3745 3902 ὲκ

2164 3939 2275 3994 τῶν
2296 3939 2543 4010 οὐρανῶν
2569 3939 3014 4012 δραπετεύσαντα
3049 3957 3065 3973 ο
3107 3940 3196 3995 διὰ
3219 3940 3281 3994 τὸ
3317 3942 3478 3996 κάκεῖ
3514 3942 3608 3996 τὸν
3636 3943 3740 3995 Κύ-

2165 4048 2281 4103 ριον
2317 4030 2665 4102 βλασφημίας
2706 4030 2785 4102 τῷ
2829 4030 3005 4084 δοκεῖν
3037 4029 3239 4099 βαλεῖν.
3280 4031 3344 4083 Εἰ
3394 4030 3506 4103 γὰρ
3544 4031 3667 4102 ἐμοὶ
3692 4034 3736 4085 σί

2163 4125 2391 4193 ἄσμενοι
2453 4126 2654 4177 ἐκεῖνοι
2698 4122 2793 4175 καὶ
2835 4123 3106 4191 ἀπρεπεῖς
3149 4120 3317 4189 λόγοι,
3350 4119 3467 4184 πῶς
3491 4121 3553 4174 τὸ
3577 4122 3739 4193 δῶρον

2160 4213 2454 4285 δεξάμενος
2493 4212 2825 4284 προσκυνῶ;
2876 4212 3001 4275 Πῶς
3041 4211 3301 4280 λοιδορεῖν
3361 4211 3459 4264 καὶ
3506 4210 3739 4280 εὐλογεῖν

2160 4306 2426 4377 δύναμαι;
2471 4304 2707 4367 Πολλοὺς
2735 4306 2764 4357 ὁ
2796 4302 3048 4356 ἀπατεὼν
3082 4294 3237 4366 οὗτος
3263 4301 3360 4355 καὶ
3403 4301 3739 4375 ψυχοφθόρος

2164 4402 2245 4463 είς
2299 4398 2558 4452 ἔκστασιν
2608 4394 2824 4466 φρενῶν
2868 4395 3045 4465 ἤγαγε
3083 4393 3342 4457 πολλάκις
3372 4411 3385 4424 ·
3417 4393 3594 4456 οὐδεὶς
3638 4392 3737 4462 γὰρ

466 4489 589 4526 sum
620 4472 796 4527 eidem
856 4481 912 4526 et
972 4473 1113 4527 male
1168 4480 1223 4526 ct
1292 4472 1649 4527 benedicere?
1707 4471 1908 4529 Multos
1967 4474 2058 4529 ille

2166 4491 2349 4563 ἕτερος
2400 4486 2661 4557 λογισμὸς
2709 4484 2885 4548 οὕτως
2943 4483 3425 4556 δυσεξαγόρευτος,
3472 4482 3550 4547 ὡς
3580 4481 3736 4545 αὐτὸς

2159 4582 2466 4652 καθέστηκε
2498 4595 2511 4608 ·
2545 4577 2624 4632 διὸ
2657 4576 2912 4640 πολλάκις
2928 4579 3040 4640 τοῖς
3056 4575 3268 4640 πολλοῖς
3300 4577 3393 4630 καί⁵
3436 4575 3735 4645 συνεγήραα
3846 4578 3857 4591 ⁸

469 4563 635 4633 299
656 4572 926 4617 veterator
956 4572 1011 4617 et
1041 4562 1347 4617 animarum
1365 4563 1607 4633 perditor
1637 4579 1781 4634 saape
1807 4565 1875 4621 de
1906 4574 2054 4623 statu

468 4654 668 4708 mentis
702 4653 913 4722 deiecit.
957 4651 1118 4707 Nulla
1154 4653 1304 4708 enim
1334 4653 1439 4709 alia
1467 4654 1726 4723 cogitatio
1770 4663 1881 4709 tam
1912 4671 2055 4727 agre

467 4761 632 4817 quam
689 4746 805 4800 haec
853 4744 1204 4815 blasphemia:
1235 4745 1499 4815 aperitur.
1533 4746 1722 4817 Itaque
1763 4762 1905 4816 saepe
1926 4762 2052 4801 cum

468 4838 654 4893 multis
710 4837 897 4891 clausa
946 4838 1095 4891 intus
1152 4837 1461 4892 consenuit.
1522 4836 1668 4893 Nihil
1730 4839 1875 4893 enim
1916 4839 2053 4893 adeo

466 4931 777 4985 tlmmonum
800 4939 855 4984 et
885 4929 1277 4999 cogitationum
1314 4931 1605 5001 impiarum
1633 4930 1895 4986 adversus
1951 4946 2049 4986 nos

462 5023 575 5077 vim
600 5030 780 5094 auget,
814 5031 977 5092 atque
1018 5022 1117 5076 has
1166 5023 1222 5077 in
1276 5022 1441 5078 corde
1484 5023 1676 5079 tacitas
1734 5023 1946 5078 nutrire
1996 5031 2053 5077 et

462 5114 661 5169 celare.
699 5111 875 5170 Nemo
908 5129 968 5170 se
1000 5122 1220 5183 propter
1266 5115 1645 5185 hujuscemodi
1695 5115 2049 5186 biaSphemize

444 5205 821 5277 cogitationes
860 5220 1016 5260 reum
1067 5205 1183 5259 ﬁeri
1219 5215 1316 5260 aut
1350 5221 1579 5277 peccare
1605 5208 1901 5274 existimet,
1949 5222 2049 5262 no-

459 5297 538 5352 vit
564 5292 710 5351 enim
740 5297 988 5351 eordium
1020 5298 1270 5370 cognitor
1298 5297 1441 5354 Deus
1492 5315 1601 5353 non
1656 5309 1896 5365 nostras,
1950 5300 2044 5356 sed

459 5385 699 5441 hostium
733 5394 1049 5444 nostrorum
1084 5401 1208 5443 esse
1237 5387 1505 5457 ejusmodi
1534 5390 1914 5460 cogitationes.
1976 5392 2048 5447 Ut

458 5475 694 5536 ebrietas
750 5483 837 5531 est
888 5492 1056 5532 causa
1107 5491 1210 5532 cur
1251 5477 1515 5544 oll'endas.
1549 5479 1619 5533 ita
1648 5481 1903 5550 superbia
1936 5483 2043 5537 im-

2156 4691 2250 4727 σεν
2291 4672 2389 4745 [αι.
2429 4668 2898 4742 συγγεγήρακεν].
2932 4669 3099 4723 Οὐδὲν
3126 4668 3236 4739 γὰρ
3280 4669 3457 4731 οὕτως
3484 4671 3597 4733 τοῖς
3621 4668 3734 4721 δαίς

2157 4783 2283 4837 μοσι
2332 4765 2430 4819 καὶ
2483 4766 2596 4826 τοῖς
2648 4763 2930 4832 λογισμοῖς
2981 4762 3140 4832 ἰσχὺν
3160 4760 3281 4815 καθ’
3307 4761 3464 4832 ἡμῶν
3499 4761 3733 4824 δίδωσιν,

2150 4857 2228 4921 ὡς
2255 4856 2316 4909 τὸ
2350 4855 2574 4916 τούτους
2622 4853 3085 4924 ἀνεξαγορεύτους
3133 4854 3191 4906 ὲν
3237 4855 3303 4924 τῇ
3358 4853 3557 4924 καρδίᾳ
3601 4852 3737 4906 σιτί-

2148 4949 2341 5018 ζεσθαι
2395 4947 2491 5002 καὶ
2545 4945 2996 5013 ἀποκρύπτεσθαι
3030 4963 3044 4976 ·
3108 4945 3297 5016 μηδεὶς
3336 4946 3430 4999 ἐπὶ
3456 4945 3738 5016 λογισμοῖς

2152 5039 2506 5113 βλασφημίας
2536 5037 2699 5091 αὑτὸν
2754 5038 2927 5091 αἴτιον
2972 5035 3112 5091 εἶναι
3154 5036 3423 5106 λογίσοιτο
3455 5054 3470 5068 ο
3515 5039 3734 5109 καρδιο-

2149 5131 2397 5201 γνώστης
2444 5129 2555 5199 γάρ
2590 5131 2738 5182 ἐστιν
2792 5132 2821 5183 ὁ
2874 5128 3101 5201 Κύριος.
3153 5129 3246 5184 καὶ
3283 5130 3598 5193 ἐπίσταται,
3640 5130 3739 5200 οὐχ

2151 5218 2330 5290 ἡμῶν,
2374 5217 2510 5272 ἀλλά
2535 5217 2644 5269 τῶν
2671 5216 2882 5288 ἐχθρῶν
2907 5218 3070 5290 ἡμῶν
3096 5214 3236 5274 εἶναι
3262 5219 3331 5272 τὰ
3365 5218 3596 5273 τοιαῦτα
3644 5220 3737 5291 ρη-

2151 5326 2319 5383 ματα.
2368 5308 2441 5364 Τὸ
2497 5309 2718 5379 μεθύειν
2768 5312 2941 5364 αῖτιον
2962 5311 3058 5366 τοῦ
3085 5312 3453 5381 προσκόπτειν
3480 5329 3495 5343 ⁸
3531 5313 3629 5365 καὶ
3673 5310 3737 5364 τὸ

2148 5402 2688 5474 ύπερηφανεύεσθαι,
2754 5404 2927 5457 αἴτιον
2958 5404 3069 5459 τῶν
3126 5404 3392 5477 ἀπρεπῶν
3433 5403 3729 5477 λογισμῶν,

2146 5496 2347 5562 καὶ,ἐκ
2385 5495 2485 5565 μὲν
2514 5494 2611 5549 τοῦ
2645 5496 3019 5567 προσκόπτειν
3049 5497 3293 5561 ἀναίτιος
3330 5498 3360 5551 ό
3390 5494 3726 5569 προσκόψας,

446 5565 670 5633 ,ρίονυῐη
701 5568 1115 5639 cogitationum.
1161 5570 1226 5624 Et
1264 5574 1518 5641 quamvis
1557 5570 1880 5629 offendendo
1931 5589 2040 5629 non

2171 5606 2204 5641 κ
2225 5587 2284 5641 δὲ
2317 5588 2414 5641 τοῦ
2445 5584 2665 5657 μεθύειν
2691 5565 2912 5651 πάντως
2940 5587 3411 5660 τιμωρηθήσεται.
3436 5565 3536 5642 ⁷Ἐν
3558 5565 3726 5658 προσο

452 5670 667 5722 pecces,
697 5657 938 5721 puuieris
960 5667 1140 5715 tamen
1215 5671 1437 5731 propter
1494 5661 1836 5719 ebrietatem.
1897 5662 2036 5721 Dum

2171 5678 2273 5746 υχῇ
2343 5674 2649 5730 σταθέντων
2696 5674 2855 5745 ἡμῶν
2902 5678 2950 5730 oi
3002 5657 3305 5749 άκάθαρτοι
3362 5677 3457 5731 καὶ
3500 5657 3723 5747 ἄρρητοι

530 5809 605 5880 (ιι)
638 5807 751 5865 Sub
782 5813 972 5868 eodem
1007 5814 1201 5884 gradu.
