4042 6442
301 406 412 471 977

1258 403 1488 463 SCALA
1518 394 1897 461 PARADISI.
1929 413 1978 427 ·-
2027 393 2335 454 GRADUS
2364 392 2587 455 XXIII.

3466 394 3570 458 978

297 512 563 584 lanatae).
616 513 817 568 ἐκεῖνοι
854 513 1258 585 ἐπανέστησαν
1290 514 1386 566 καὶ
1431 514 1532 585 τὴν
1582 503 1892 582 προσευχὴν

1996 501 2246 570 precibus
2277 516 2500 571 operam
2556 500 2770 566 damus,
2826 502 3053 572 impurae
3122 502 3226 558 illae
3253 512 3308 557 et
3338 502 3571 559 idfandzc

296 607 734 679 πληρωσάντων,
760 608 965 672 εὐθέως
993 608 1380 680 ὑπεχώρησαν·
1414 611 1527 672 τοῖς
1552 606 1661 677 γὰρ
1682 608 1757 678 μὴ
1784 625 1889 677 μα-

292 700 560 769 χομένοις
602 699 788 762 αὐτοῖς
837 699 901 753 οὐ
951 700 1166 768 φιλοῦσι
1207 700 1496 769 μάχεσθαι.
1528 701 1601 753 Οὐ
1643 698 1802 770 μόνον
1829 699 1891 752 τὸ

293 788 487 853 Θεῖον,
521 787 618 841 καὶ
649 786 723 841 τὰ
763 787 882 841 θεῖα
930 787 1110 842 πάντα
1143 790 1171 842 6
1191 788 1349 852 ἄθεος
1381 787 1711 859 βλασφημεῖ,
1753 788 1890 841 ἀλλὰ

289 879 703 951 αὶσχροτάτους
749 877 904 943 τινὰς
962 879 1058 933 καὶ
1109 880 1370 951 ἀπρεπεῖς
1414 878 1607 948 λόγους
1644 882 1702 934 ὲν
1758 882 1890 952 ἡμῖν

288 973 611 1043 φθέγγεται
637 988 653 1004 ο
682 970 773 1025 ἴνα
818 971 852 1042 ἢ
899 972 999 1041 τὴν
1039 972 1348 1043 προσευχὴν
1380 970 1820 1042 καταλείψωμεν,
1855 972 1888 1045 ἢ

289 1063 523 1119 ἑαυτῶν
580 1061 949 1133 ἁπογνῶμενο
998 1063 1230 1129 πολλοὺς
1281 1064 1380 1136 μὲν
1431 1066 1532 1137 τῆς
1578 1068 1892 1137 προσευχῆς

285 1156 572 1228 ἁνέκοψε,
598 1154 832 1219 πολλοὺς
887 1155 945 1209 δὲ
998 1156 1106 1211 τῶν
1153 1157 1470 1230 μυστηρίων
1513 1158 1843 1231 ἀπεχώρησε
1874 1178 1889 1191 ο

285 1251 470 1305 τινῶν
529 1252 632 1324 μὲν
681 1248 753 1304 τὰ
811 1247 1041 1320 σώματα
1086 1255 1153 1323 τῇ
1201 1252 1348 1325 λύπῃ
1401 1251 1697 1324 κατέτηξεν
1726 1268 1741 1283 ·
1795 1253 1892 1306 ἄλ-

285 1343 433 1410 λους
464 1346 523 1402 δὲ
552 1346 644 1401 διὰ
668 1347 923 1417 νηστείας
953 1346 1256 1417 δεδάμακεν
1284 1348 1312 1401 6
1345 1346 1582 1418 πονηρὸς
1613 1339 1767 1409 οὗτος
1796 1345 1893 1399 καὶ

288 1435 683 1507 ἀπάνθρωπος
708 1435 971 1508 τύραννος
995 1451 1010 1467 ⁶
1042 1436 1137 1490 καὶ
1169 1435 1425 1505 οὐδεμίαν
1448 1436 1620 1506 αὐτῆς
1647 1435 1748 1506 τῆν
1795 1437 1893 1489 άν-

292 1542 425 1580 εσιν
472 1526 738 1581 δέδωκεν·
778 1527 838 1581 οὐ
876 1527 1036 1599 μόνον
1072 1531 1184 1591 τοῖς
1207 1527 1348 1582 κατὰ
1380 1528 1607 1598 κόσμον,
1632 1528 1769 1581 ἀλλὰ
1798 1529 1894 1582 καὶ

295 1621 423 1681 τοῖς
449 1618 545 1672 τὸν
577 1618 865 1689 μοναδικὸν
909 1619 1026 1689 βίον
1075 1619 1494 1691 μετερχομένοις
1526 1618 1684 1674 τοῦτο
1720 1621 1893 1691 ἀπερ-

299 1710 642 1781 γασάμενος,
676 1710 948 1782 μηδεμίαν
1000 1711 1185 1774 αὐτοῖς
1227 1710 1413 1765 λοιπὸν
1444 1711 1718 1784 σωτηρίαν
1749 1712 1893 1782 ἔχειν

301 1800 723 1873 ὑποτιθέμενος,
760 1802 897 1856 ἀλλὰ
928 1804 1024 1857 καὶ
1065 1803 1309 1857 ἀπίστων
1335 1804 1428 1858 καὶ
1460 1802 1727 1876 Ἐλλήνων
1760 1805 1895 1860 πάν-

307 1910 426 1948 των
453 1892 853 1966 ἑλεεινοτέρους
880 1890 1020 1950 εἶναι
1052 1895 1507 1968 ἀποφαινόμενος.

402 2050 466 2105 '0
496 2049 762 2122 πνεύματι
805 2050 1158 2124 βλασφημίας
1193 2055 1540 2127 ὀχλούμενος,
1577 2058 1672 2112 καὶ
1700 2058 1892 2114 τούτου

325 2141 701 2214 ἀπαλλαγῆναι
724 2142 1041 2216 βουλόμενος
1070 2147 1355 2216 έπιγνώτω
1392 2149 1654 2220 ἀκριόὦς,
1687 2152 1761 2222 μὴ
1796 2151 1894 2223 τὴν

321 2235 508 2308 ψυχὴν
532 2235 631 2307 τὴν
663 2235 853 2291 ἑαυτοῦ
904 2236 1080 2292 αἴτιον
1121 2232 1262 2294 εἶναι
1292 2240 1402 2293 τῶν
1435 2241 1691 2295 τοιούτων
1750 2241 1898 2311 λογιε-

317 2329 498 2400 σμῶν,
522 2327 654 2384 ἀλλὰ
682 2330 848 2386 αὐτὸν
875 2331 1186 2405 ἀκάθαρτον
1209 2333 1459 2405 δαίμονα,
1481 2336 1570 2391 τόν
1597 2353 1728 2411 ποτε
1759 2340 1895 2411 πρὸς

305 2420 524 2494 Κύριον
550 2421 810 2492 λέγοντα·
847 2423 1041 2479 Ταῦτα
1072 2426 1269 2481 πάντα
1296 2445 1394 2482 σοι
1425 2428 1617 2495 δώσω,
1669 2434 1723 2486 εὶ
1753 2430 1895 2505 [ἐὰν]

306 2511 395 2567 ἂν
423 2511 636 2567 πεσὼν
666 2514 1120 2585 προσκυνήσῃς
1140 2536 1264 2588 μοι.
1304 2520 1397 2574 Διὸ
1430 2522 1525 2575 καὶ
1568 2521 1724 2594 ἡμεῖς
1754 2524 1901 2589 ὲξου-

307 2602 605 2669 θενοῦντες
640 2604 825 2671 αὐτὸν,
866 2607 965 2662 καὶ
1001 2607 1244 2679 μηδόλως
1275 2610 1342 2664 τὰ
1377 2602 1509 2683 παρ’
1545 2614 1711 2668 αὐτοῦ
1750 2614 1898 2685 λογι-

306 2689 521 2767 ζόμενα
541 2696 622 2760 είς
642 2697 841 2768 μέτρον
878 2698 1371 2773 ἔχοντες,εἵπωμεν
1395 2720 1409 2734 ο
1443 2704 1676 2776 ’Ὕπαγε
1706 2707 1900 2762 ὀπίσω

300 2803 458 2856 μου,
488 2785 750 2852 Σατανᾶ,
782 2790 1004 2858 Κύριον
1024 2792 1133 2845 τὸν
1164 2794 1312 2847 om
1333 2812 1451 2863 μου
1471 2797 1897 2866 προσκυνήσω,

304 2877 420 2931 καί
460 2876 622 2944 αὐτῷ
661 2879 827 2949 μόνῳ
860 2883 1191 2951 λατρεύσω.
1247 2883 1350 2937 Σοῦ
1406 2885 1464 2938 δὲ
1517 2888 1834 2960 ἐπιστρέψει
1873 2891 1902 2943 6

309 2966 487 3031 πόνος
512 2969 608 3024 καὶ
634 2973 665 3024 6
695 2971 854 3042 λόγος
875 2973 968 3028 ὲπὶ
997 2976 1095 3047 τὴν
1121 2977 1366 3049 κεφαλήν
1397 2995 1513 3047 σου,
1554 2980 1649 3035 καὶ
1688 2983 1780 3037 ἐπὶ
1802 2983 1902 3054 τὴν

1991 592 2353 661 cogitationes
2374 608 2475 649 nos
2515 592 2796 649 infestant.
2823 592 3090 650 Precibus
3141 595 3409 651 absolutis
3461 605 3575 650 sta-

1990 682 2088 737 tim
2114 686 2469 737 evanescunt.
2505 682 2698 757 Neque
2729 684 2874 738 enim
2906 684 2974 739 iis
3009 685 3251 740 molestae
3301 695 3430 741 sunt
3476 681 3573 754 qui

1993 772 2253 828 adversus
2285 788 2380 829 eas
2406 789 2517 828 non
2555 775 2857 829 decertant.
2891 774 3011 830 Non
3047 777 3221 831 solum
3259 792 3458 830 numen
3487 777 3572 831 di-

1991 864 2179 918 vinum
2206 872 2261 919 et
2288 864 2471 919 omnia
2500 866 2683 921 divina
2715 866 2916 937 impius
2942 866 3031 922 ille
3054 866 3442 937 blasphemat’:
3477 870 3571 922 sed

1992 966 2047 1013 et
2103 957 2528 1014 obscenissimas
2584 965 2638 1013 et
2681 959 3066 1028 spurcissimas
3123 961 3484 1030 cogitationes
3516 960 3570 1013 i'n

1993 1048 2154 1103 nobis
2199 1048 2424 1112 excitat,
2472 1055 2534 1102 ut
2583 1056 2678 1103 aut
2726 1063 2756 1102 a
2797 1050 3050 1119 precibus
3083 1049 3433 1115 desistamus,
3480 1059 3574 1104 aut

1992 1141 2060 1196 de
2085 1142 2261 1195 salute
2292 1149 2482 1195 nostra
2515 1139 2890 1210 desperemus.
2950 1140 3243 1196 Multorum
3285 1157 3418 1197 sane
3442 1156 3569 1210 pre-

1993 1248 2084 1288 ccs
2112 1232 2476 1302 interpellavit
2502 1241 2597 1287 aut
2622 1231 2958 1302 pracpedivit,
2986 1232 3188 1288 multos
3211 1247 3241 1285 a
3263 1232 3435 1287 sacris
3458 1246 3574 1301 my-

1994 1325 2176 1381 steriis
2191 1333 2657 1379 sacramentorum
2688 1323 3007 1389 absterruit,
3024 1323 3383 1393 quorumdam
3408 1324 3572 1378 etiam

1994 1430 2224 1486 corpora
2270 1430 2369 1485 per
2401 1414 2678 1470 tristitiam
2709 1414 2998 1469 emaciavit
3031 1421 3087 1468 et
3120 1414 3381 1481 corrupit.
3421 1413 3574 1467 Alios

1993 1507 2157 1561 etiam
2210 1505 2493 1574 improbus
2546 1504 2635 1560 hic
2682 1512 2736 1557 et
2798 1502 3031 1558 crudelis
3081 1510 3346 1573 tyrannus
3393 1501 3572 1555 inedia

1995 1595 2248 1663 confecit,
2286 1595 2602 1663 nullamque
2629 1593 2832 1664 quietis
2853 1600 3062 1662 partem
3088 1590 3378 1655 concessit,
3414 1598 3575 1659 atque

1996 1690 2098 1745 hoc
2114 1704 2223 1745 non
2241 1689 2415 1743 solum
2438 1686 2905 1758 apudsaeculares,
2930 1684 3024 1739 sed
3049 1683 3331 1754 religiosos
3346 1684 3505 1738 etiam
3523 1692 3577 1737 et

1996 1780 2271 1836 solitarius
2299 1777 2461 1849 300
2502 1777 2700 1843 eﬂ‘ccit,
2736 1777 2813 1831 uti
2841 1792 2991 1847 spem
3017 1776 3085 1831 de
3122 1784 3318 1831 caetero
3357 1790 3576 1829 omnem

1924 1845 1969 1900 Β
2000 1871 2193 1927 salutis
2239 1845 2558 1942 abjic'erent,
2586 1869 2680 1925 sed
2705 1845 2956 1924 iidemise
2979 1867 3145 1923 etiam
3182 1867 3492 1922 inﬁdelibus
3523 1874 3578 1922 et

1998 1965 2311 2020 daemonum
2337 1962 2643 2018 cultoribus
2669 1961 3095 2017 miserabiliores
3122 1960 3517 2016 existimarent.

2070 2058 2174 2125 Qui
2202 2056 2583 2128 hujuscemodi
2612 2055 2807 2125 spiritu
2837 2053 3190 2125 blasphemia:
3247 2053 3573 2123 exagitator,

2000 2162 2055 2211 et
2099 2154 2168 2209 ab
2197 2167 2264 2208 eo
2291 2150 2511 2206 liberari
2540 2148 2709 2219 cupit,
2742 2148 2878 2203 sciat
2905 2156 3055 2204 certo
3103 2160 3213 2201 non
3275 2147 3344 2202 ab
3395 2145 3578 2200 anima

2001 2246 2175 2317 ipsius
2234 2242 2552 2314 h'ujusmodi
2609 2240 2968 2312 cogitationes
3009 2238 3306 2308 proﬁcisci,
3372 2237 3465 2292 sed
3512 2237 3580 2290 ab

2002 2337 2192 2395 eodem
2220 2337 2437 2408 impuro
2461 2336 2707 2391 dmmone
2732 2333 2822 2404 qui
2848 2332 2978 2387 olim
3005 2331 3071 2387 ad
3093 2331 3383 2387 Dominum
3410 2328 3576 2385 dixit:

2011 2430 2133 2484 Haec
2173 2429 2353 2482 omnia
2395 2426 2531 2480 dabo
2590 2424 2707 2490 tibi,
2758 2424 2805 2479 si
2829 2423 3023 2478 cadens
3056 2421 3362 2476 adoraveris
3389 2436 3469 2473 me
3507 2418 3575 2472 °°.

2005 2523 2239 2579 Proinde
2274 2533 2328 2578 et
2359 2536 2460 2576 nos
2489 2527 2801 2590 contempto
2831 2518 2924 2572 illo
2975 2516 3110 2570 nihil
3160 2513 3380 2585 penitus
3436 2511 3582 2567 illius

2007 2616 2393 2686 phantasmata
2419 2625 2701 2674 curemus,
2755 2618 2850 2663 aut
2897 2607 3054 2677 pensi
3103 2606 3422 2669 habeamus,
3487 2602 3584 2657 sed

2007 2705 2294 2760 dicamus:
2345 2699 2485 2755 Vade
2513 2709 2629 2770 post
2657 2714 2759 2765 me,
2801 2695 3030 2760 Satana,
3084 2695 3367 2749 Dominum
3416 2694 3585 2747 Deum.

2009 2810 2180 2849 meum
2237 2791 2493 2856 adorabo,
2546 2788 2727 2844 etvilli
2765 2788 2867 2843 soli
2903 2788 3132 2842 serviam
3161 2787 3229 2844 ”.
3272 2784 3465 2841 Sermo
3488 2800 3585 2839 auo

2008 2892 2118 2940 tem
2184 2884 2449 2953 laborque
2503 2890 2630 2936 tuus
2673 2880 2729 2934 in
2754 2886 2919 2950 caput
2947 2884 3102 2932 tuum
3130 2883 3497 2940 convertetur,
3532 2885 3586 2930 et

2007 2974 2348 3045 blasphemia
2377 2981 2464 3027 tua
2498 2977 2552 3026 in
2581 2970 2841 3027 verticem
2877 2977 3033 3023 tuum
3061 2975 3116 3023 et
3165 2981 3311 3022 nunc
3372 2966 3427 3020 in
3483 2966 3586 3021 hoc

307 3062 570 3133 κορυφήν
600 3079 717 3130 σου,
764 3066 799 3136 ἡ
835 3064 1157 3139 βλασφημία
1184 3085 1277 3123 σου
1305 3070 1678 3143 καταϐήσεται
1715 3077 1774 3128 ὲν
1825 3077 1895 3146 τῷ

2010 3063 2287 3137 praesenti,
2320 3072 2374 3118 et
2406 3070 2532 3133 post
2553 3063 2606 3115 in
2634 3063 2819 3116 l'uturo
2867 3059 3068 3114 saeculo
3130 3054 3442 3112 descendet.
3483 3054 3588 3122 Qui

312 3151 420 3206 νῦν
459 3152 574 3252 ⁸’καὶ
599 3155 661 3208 ὲν
688 3154 766 3226 τῷ
814 3156 1064 3227 μέλλοντι
1109 3160 1265 3214 αίῶνι
1293 3177 1307 3192 ⁸
1353 3165 1382 3216 6
1407 3165 1562 3230 ἐκτὸς
1595 3166 1691 3221 τοῦ
1722 3185 1895 3239 προει-

2012 3164 2206 3228 praeter
2258 3155 2406 3210 hunc
2436 3168 2467 3207 a
2497 3150 2656 3207 nobis
2717 3150 3151 3206 demonstratum
3206 3146 3431 3201 modum
3461 3160 3589 3200 cum

311 3244 573 3317 ρημένου
603 3247 810 3319 τρόπου
835 3251 928 3303 τὸν
954 3251 1057 3322 τῆς
1087 3251 1436 3327 βλασφημίας
1457 3255 1688 3328 δαίμονα
1718 3238 1895 3314 παλαῖ-

2008 3249 2205 3320 spiritu
2259 3245 2614 3316 blasphemiae
2659 3243 2806 3298 volet
2860 3254 3125 3312 pugnare,
3172 3238 3399 3310 perinde
3428 3238 3592 3292 faciet

311 3357 413 3395 σαι
446 3339 796 3413 βουλόμενος,
829 3345 1015 3415 ὅμοιός
1047 3347 1165 3400 ἐστι
1195 3349 1274 3421 τῷ
1303 3350 1360 3405 ἐν
1388 3354 1508 3415 ταῖς
1533 3352 1699 3407 αὑτοῦ
1721 3355 1895 3426 χερσὶι

2009 3354 2174 3413 atque
2229 3340 2298 3405 is,
2347 3340 2440 3409 qui
2484 3338 2781 3408 fulgetram
2808 3349 2976 3389 manu
3002 3334 3286 3403 complecti
3312 3339 3542 3386 conatur
3573 3346 3589 3385 :

311 3431 612 3516 ἀστραπὴν
638 3438 936 3506 κατασχεῖν
963 3435 1309 3508 δοκιμάζοντι
1334 3457 1349 3471 ο
1389 3441 1509 3507 πῶς
1541 3443 1651 3515 γὰρ
1681 3422 1895 3501 καὶ-κα-

2010 3431 2287 3506 quomodo
2349 3431 2493 3486 enim
2547 3429 2964 3496 complectetur,
3025 3432 3119 3479 aut
3155 3422 3431 3492 quomodo
3462 3435 3595 3477 con-

315 3513 649 3593 ταλήψεται,
680 3523 713 3594 ἢ
744 3526 995 3600 ἀντείπῃ,
1024 3529 1057 3599 ἦ
1091 3530 1334 3605 παλαίσῃ
1356 3533 1434 3604 τῷ
1463 3513 1722 3608 ἐξαίφνης
1751 3540 1810 3592 ὲν
1842 3542 1895 3611 τῇ

2014 3525 2298 3589 traveniet,
2329 3531 2425 3577 aut
2462 3520 2730 3592 pugnabit
2753 3518 3016 3573 adversus
3059 3530 3209 3582 eum,
3248 3513 3343 3584 qui
3391 3519 3595 3583 puncto

321 3616 529 3688 καρδίᾳ
564 3617 723 3690 δίκην
765 3620 967 3693 ἀνέμρυ
1008 3604 1410 3698 παρερχομένῳ
1451 3629 1548 3683 καὶ
1585 3604 1780 3703 ῥοπῆς,
1809 3604 1895 3688 τάί

2014 3616 2278 3689 temporis
2309 3621 2531 3685 repente
2560 3627 2656 3682 per
2685 3625 2803 3675 cor,
2831 3608 2982 3664 venti
3028 3607 3224 3671 inStar,
3272 3604 3594 3664 transvolat,

321 3726 489 3779 χιστα
516 3709 610 3765 τὸν
648 3710 805 3780 λόγον
840 3712 1075 3783 λέγοντι,
1104 3695 1445 3784 καὶίεύθέως
1478 3695 1873 3795 ἀφα-ντουμένῳ

2012 3722 2067 3769 et
2089 3717 2367 3766 momento
2398 3705 2639 3762 velocius
2673 3715 2864 3771 sparso
2885 3699 3051 3756 verbo
3077 3698 3261 3754 statim
3290 3695 3599 3752 evanescit?

323 3801 537 3866 Πάντες
572 3801 681 3874 γὰρ
713 3805 763 3858 oi
791 3805 1041 3876 πολέμιοι
1074 3809 1170 3863 καὶ
1217 3809 1490 3877 ἵστανται,
1528 3788 1622 3867 καὶ
1665 3788 1895 3887 προσπαι

2017 3803 2232 3870 Reliqui
2287 3813 2525 3869 namque
2583 3797 2771 3851 hostes
2796 3806 3008 3858 omnes,
3036 3799 3093 3845 et
3146 3788 3471 3853 consistunt,
3511 3802 3598 3841 re-

330 3891 566 3959 λαίουσι,
619 3898 715 3951 καὶ⁵
761 3899 1097 3970 χρονίζουσι,
1147 3903 1243 3957 καὶ
1272 3906 1467 3978 καιρὸν
1511 3879 1815 3980 παρέχουσι
1836 3909 1895 3980 τι]

2015 3898 2295 3953 luctantur
2338 3900 2393 3947 et
2447 3890 2748 3951 decertant,
2803 3891 3113 3947 morantur,
3174 3889 3229 3936 et
3283 3879 3599 3935 adversario

340 3985 461 4037 κατ’
509 3985 683 4041 αὐτῶν
724 3989 975 4047 παλαίειν
1010 3992 1319 4068 βουλομένῳ
1344 3974 1543 4062 ’-οὗτος
1580 3974 1638 4053 δὲ
1661 3974 1748 4066 οὗ,
1781 3974 1895 4057 ἀλλί

2019 3987 2260 4060 spatium
2284 3981 2561 4055 pugnandi
2586 3978 2849 4050 praebent.
2886 3974 2987 4029 Hic
3013 3981 3196 4029 autem
3230 3985 3597 4041 nequaquam,

334 4074 459 4144 ἅμα
480 4074 575 4128 τοῦ
598 4079 820 4152 φανῆναι
853 4083 1089 4158 ἀπέστη,
1122 4066 1219 4141 καὶ
1259 4066 1374 4159 ἅμα
1413 4088 1509 4143 τοῦ
1542 4091 1895 4163 προσλαλῆσα

2020 4082 2114 4139 sed
2137 4078 2301 4137 simul
2328 4086 2491 4146 atque
2510 4071 2788 4144 apparuit,
2818 4084 2878 4125 se
2904 4066 3180 4133 subducit,
3210 4072 3265 4121 et
3295 4079 3422 4119 mox
3478 4072 3600 4132 post

336 4168 601 4241 παρῆλθε.

2020 4172 2405 4230 allocutionem
2438 4166 2656 4222 transit.

405 4264 673 4334 Πολλάκις
715 4269 773 4324 ὲν
828 4272 894 4343 τῇ
962 4273 1073 4327 τῶν
1141 4273 1525 4347 ἁπλουστέρων
1579 4278 1895 4348 ἀκεραιοτέε

2092 4263 2388 4323 Consuevit
2416 4276 2560 4331 sarpe
2611 4253 2928 4327 hujusmodi
2966 4250 3320 4322 blaSphemiae
3377 4248 3601 4319 spiritus

328 4373 444 4429 ρων
488 4356 700 4431 διανοίᾳ
740 4362 770 4413 6
815 4360 1058 4428 τοιοῦτος
1093 4363 1303 4435 δαίμων
1352 4343 1877 4437 φιλοχωρεῖν-εἴωθε

2023 4356 2418 4428 simpliciorum
2449 4361 2504 4408 et
2558 4351 3000 4417 incorruptorum
3051 4345 3210 4416 301
3249 4343 3464 4397 animos
3511 4357 3597 4396 oc-

325 4451 532 4515 οἵτινες
627 4453 726 4507 καὶ⁸
810 4454 1045 4526 μάλιστα
1109 4434 1507 4530 σφοδροτέρωςν
1553 4434 1662 4512 τῶν
1745 4457 1895 4512 άλλωι

2010 4468 2248 4524 ⁸ευριπ-ο,
2280 4449 2374 4520 qui
2408 4446 2533 4517 plus
2558 4443 2682 4500 aliis
2710 4442 2886 4497 solent
2912 4454 2981 4495 ex
3015 4435 3331 4506 hujusmodi
3392 4434 3603 4505 cogita-

321 4541 690 4612 θορυῧοῦνται
793 4547 888 4600 καὶ
947 4528 1313 4620 ταράττονται
1374 4528 1474 4622 (1).
1539 4551 1627 4603 Ἐν
1666 4544 1750 4614 οἷς
1819 4550 1895 4606 καὶ

2020 4545 2262 4603 tionibus
2304 4538 2615 4608 perturbari
2641 4542 2695 4590 et
2713 4531 2920 4589 vexari.
2957 4530 3017 4586 ln
3049 4531 3156 4586 hoc
3186 4544 3380 4601 genere
3429 4528 3607 4582 homi--

318 4634 565 4706 λέγομεν
610 4635 838 4706 κυρίως,
886 4639 986 4692 οὐκ
1037 4639 1097 4706 ἐξ
1140 4621 1395 4710 οἰήσεως,
1442 4640 1562 4694 ἀλλ’
1616 4642 1682 4695 ὲκ
1712 4641 1895 4713 φθόνοι

2016 4655 2146 4696 num
2169 4651 2295 4692 vere
2320 4641 2604 4696 testamur,
2637 4642 2747 4683 non
2777 4625 2954 4683 solere
2982 4622 3352 4694 blasphemias
3378 4637 3442 4676 cx
3477 4621 3595 4674 ani-

315 4725 442 4779 τῶν
489 4727 763 4797 δαιμόνων
802 4728 863 4783 τὸ
905 4731 1014 4784 πᾶν
1059 4730 1327 4800 γίνεσθαι.
1383 4731 1490 4786 Τοῦ
1572 4733 1781 4804 κρίνειν
1819 4737 1895 4787 κα

2017 4731 2149 4788 nimi
2222 4736 2435 4782 tumore
2482 4731 2579 4778 aut
2626 4719 2881 4791 superbia
2944 4717 3121 4782 nasci,
3184 4714 3279 4771 sed
3315 4728 3506 4769 omnes
3538 4728 3605 4767 ex

314 4817 427 4871 τοῦ
465 4820 819 4893 κατακρίνειν
845 4821 938 4877 τὸν
967 4823 1200 4894 πλησίον
1231 4823 1599 4896 παυσώμεθα,
1638 4826 1735 4880 καὶ
1761 4826 1895 4895 λογι·

2021 4839 2170 4879 mera
2202 4821 2511 4876 daemonum
2540 4814 2742 4870 invidia
2777 4810 3027 4869 excitari.
3071 4807 3412 4864 Desistamus
3470 4805 3607 4882 alios

316 4912 512 4983 σμοὺς
543 4912 894 4986 βλασφημίας
930 4915 992 4969 οὐ
1048 4915 1505 4988 φοϐηθησόμεθα·
1549 4918 1773 4989 ἀφορμὴ
1810 4920 1895 4989 γάι

2016 4917 2267 4989 judicare
2327 4920 2381 4967 et
2433 4910 2715 4971 damnare,
2748 4915 2801 4961 et
2833 4901 3295 4973 blasphemiarum
3324 4899 3609 4969 cogitatio-

316 5000 433 5054 καὶ
464 5000 591 5072 ῥίζα
617 5002 711 5056 τοῦ
735 5003 990 5077 δευτέρου
1020 5005 1081 5060 τὸ
1102 5006 1388 5079 πρότερον.
1413 5008 1626 5079 Ὥσπερ
1698 4988 1895 5080 svio!qu

2020 4988 2119 5064 nes
2173 5021 2285 5061 non
2344 4999 2784 5058 formidahimus.
2839 4994 3020 5050 Causa
3048 4993 3197 5049 enim
3228 5000 3282 5046 et
3308 4991 3461 5045 radix
3488 4988 3608 5043 bla-

319 5094 870 5167 κατακεκλεισμένος
904 5097 1167 5170 ὑπάρχων
1195 5098 1305 5153 τῶν
1329 5098 1434 5166 ἔξω
1466 5103 1774 5172 παριόντων
1796 5106 1889 5157 τοὺ

2023 5098 2393 5169 sphemiarum
2449 5099 2533 5147 est
2598 5087 2951 5165 temerarium
3007 5084 3075 5140 de
3112 5084 3285 5138 altero
3315 5079 3603 5151 judicium.
3675 5143 3679 5147 _

318 5186 531 5257 λόγους
577 5188 787 5257 ἀκούει,
820 5189 987 5256 αὐτὸς
1010 5191 1236 5257 τούτους
1268 5194 1343 5266 μὴ
1375 5195 1749 5268 φθεγγόμενος
1775 5213 1788 5227 ·
1826 5198 1919 5252 οὗ·

317 5298 415 5335 τω
451 5282 548 5335 καὶ
571 5284 604 5353 ἡ
633 5283 784 5355 ψυχὴ
809 5284 868 5336 ὲν
894 5286 1063 5358 ἑαυτῇ
1096 5263 1379 5354 διάγουσα,
1410 5263 1511 5354 τὰς
1530 5263 1632 5344 τοῦ
1672 5291 1894 5361 δαίμονο

2025 5284 2199 5349 audit,
2253 5294 2374 5352 quae
2426 5279 2541 5348 ipse
2587 5287 2769 5329 tamen
2798 5287 2906 5328 non
2933 5267 3294 5347 pronuntiat;
3321 5263 3395 5318 ita
3424 5263 3607 5317 anima

325 5354 1071 5448 βλασφημίαςνάκροωμένη
1103 5377 1457 5449 ταράττεται,
1496 5378 1643 5452 ειπερ
1692 5354 1895 5451 φθέγγε

2032 5393 2220 5434 secum
2254 5372 2529 5434 habitans,
2568 5369 2697 5423 dum
2734 5365 2932 5436 impias
2986 5362 3294 5417 dremonum
3356 5354 3612 5452 blasphe-

322 5482 431 5520 ται
460 5464 527 5519 δι’
558 5466 729 5538 αὐτῆς
760 5444 1193 5539 παρερχόμενοςξ
1232 5468 1289 5522 Ὀ
1316 5444 1895 5536 ὲξουθενώσας-τοῠῄτοκ.

2033 5470 2172 5525 mias
2191 5465 2364 5530 audit,
2393 5468 2649 5521 terretur,
2676 5471 2815 5529 quas
2841 5463 3024 5510 tamen
3056 5465 3165 5505 non
3199 5448 3337 5516 ipsa,
3370 5445 3463 5548 sed
3498 5444 3611 5498 ἀίε-

322 5556 435 5615 τοῦ
466 5557 676 5624 πάθους
702 5560 1081 5633 ὴλευθέρωται
1104 5580 1121 5594 ν
1146 5565 1174 5617 6
1208 5562 1265 5617 δὲ
1298 5564 1473 5629 άλλως
1502 5566 1655 5636 αὐτῴ
1672 5568 1890 5624 παλαίει

2030 5578 2159 5616 mon
2198 5574 2292 5629 per
2327 5558 2499 5627 ipsam
2542 5549 2813 5608 transiens
2846 5543 3074 5615 spargit,
3128 5555 3265 5611 quas
3329 5543 3429 5606 qui
3477 5547 3612 5634 cou-

330 5646 723 5719 σοφιζόμενος,
748 5650 828 5716 είς
861 5651 1014 5717 τέλος
1038 5653 1345 5709 ὑπόκειται·
1369 5655 1397 5708 6
1423 5655 1531 5728 γὰρ
1556 5632 1734 5728 λόγοις
1765 5661 1895 5716 πνεύ

2031 5655 2242 5721 temnit,
2299 5650 2367 5706 ab
2410 5646 2561 5703 omni
2617 5637 3027 5715 perturbatione
3087 5632 3250 5703 hujus
3300 5632 3613 5701 tentatiouis

2022 5186 2495 5259 Quemadmodum
2527 5182 2669 5238 domi
2699 5181 2921 5235 clausus
2955 5177 3398 5249 praetereuntium
3445 5173 3605 5226 verba

416 5878 468 5913 "
491 5873 686 5936 Matth.
715 5892 793 5949 tv,
826 5875 881 5936 9.
949 5873 1003 5953 ff
1032 5870 1174 5948 Ibid.
1210 5873 1306 5931 lO.
