4042 6422
526 355 636 412 979

1756 350 1819 407 S.
1854 348 2171 407 JOANNIS
2212 349 2517 408 CLIMACI

3647 347 3759 413 980

523 458 807 513 liberatur.
859 455 962 523 Qui
1021 467 1197 512 autem
1259 457 1414 511 aliter
1469 471 1625 525 agere
1657 464 1712 510 et
1736 458 1964 510 multum
2004 458 2090 509 lu-

2196 473 2342 523 ματα
2367 440 2640 529 κρατῆσαι
2668 456 2778 529 [αἱ.
2811 457 2989 525 λόγοις
3011 457 3333 527 πνευμάτων
3362 446 3599 521 micat]
3633 454 3763 527 βου-

522 552 661 606 clari
720 565 844 606 cum
914 550 1070 604 hoste
1125 550 1285 613 volet,
1335 549 1553 603 demum
1610 549 1953 603 succumbet.
1986 547 2088 613 Qui

527 642 671 696 enim
713 640 986 696 daemones
1025 639 1205 693 verbis
1240 653 1497 708 superare
1548 638 1845 701 contendit,
1900 648 2090 694 ventos

532 733 806 786 incassum
839 728 1112 784 includere
1142 736 1388 783 conatur.

600 821 896 875 Monachus
931 820 1170 889 quidam,
1211 819 1503 873 admodum
1544 818 1830 889 religiosus
1860 818 1927 871 ab
1988 818 2091 873 hoc

531 909 721 977 spiritu
752 924 847 976 per
867 921 1039 961 annos
1069 907 1253 976 viginti
1288 915 1511 961 vexatus
1543 922 1742 976 corpus
1773 922 1934 961 suum
1977 907 2093 960 ine-

530 1000 616 1051 dia
642 1008 696 1051 et
731 997 927 1068 vigiliis
950 996 1139 1051 aﬂlixit
1166 1015 1181 1052 :
1225 998 1319 1052 sed
1342 1012 1466 1051 cum
1506 1012 1565 1052 se
1591 996 1791 1051 frustra
1814 997 2093 1052 laborasse

527 1086 768 1151 sentiret,
794 1087 1095 1156 perscripta
1136 1087 1189 1147 in
1222 1087 1408 1141 charta
1438 1086 1750 1141 tentationis
1788 1086 1983 1152 forma,
2024 1085 2092 1140 ad

523 1176 701 1229 virum
758 1175 1048 1244 quemdam
1111 1184 1359 1230 sanctum
1431 1169 1937 1244 abiitchartamque
1964 1191 2089 1245 pur-

523 1263 679 1328 rexit,
711 1270 765 1315 et
792 1262 847 1317 in
874 1261 1067 1317 faciem
1100 1277 1159 1317 se
1190 1278 1391 1332 pronus
1418 1262 1635 1333 abjecit,
1663 1279 1772 1333 prae
1831 1279 2093 1318 verecun-

522 1353 611 1407 dia
670 1367 779 1407 non
836 1369 1004 1408 ausus
1056 1354 1208 1407 illum
1259 1354 1483 1409 intueri.
1537 1352 1717 1420 Pater,
1758 1362 1819 1407 ut
1846 1353 2091 1407 chartam

522 1440 671 1513 legit,
731 1442 976 1509 subrisit,
1035 1451 1090 1498 et
1134 1442 1307 1497 levato
1339 1441 1524 1497 fratris
1561 1459 1789 1513 corpore
1811 1484 1826 1509 ,
1860 1442 1983 1509 Fili,
2010 1445 2094 1497 in-

401 1566 413 1591 ,
522 1533 664 1601 quit,
713 1548 855 1602 pone
906 1547 1128 1587 manum
1180 1547 1346 1603 super
1387 1534 1654 1589 cervicem
1686 1550 1906 1602 meam;
1949 1540 2091 1604 quod

523 1635 648 1675 cum
674 1620 760 1674 ille
793 1620 1010 1676 fecisset
1039 1640 1053 1676 :
1088 1622 1262 1692 Super
1288 1639 1374 1678 me
1402 1633 1455 1678 et
1479 1625 1676 1678 collum
1727 1641 1907 1679 meum
1962 1634 1977 1696 (
2010 1629 2092 1681 in-

524 1712 644 1780 quit
666 1727 893 1782 magnus
927 1712 1037 1782 ille)
1062 1713 1154 1779 sil,
1193 1712 1381 1779 frater,
1413 1724 1695 1784 peccatum
1727 1725 1900 1781 tuum,
1938 1727 2091 1786 quot-

2193 547 2435 616 λόμενος,
2471 547 2656 616 ὅμοιός
2680 550 2797 599 ἐστι
2824 546 2901 616 τῷ
2933 548 3166 616 ἀνέμους
3196 544 3519 614 ὲγκλείοντι.

2204 806 2209 815 ’
2262 815 2512 885 Μοναχδς
2562 815 2849 879 σπουδαῖος
2896 814 3002 868 ὑπὸ
3042 814 3230 867 τούτου
3290 812 3617 883 ὀχλούμενος
3664 813 3762 868 τοῦ

2190 890 2441 975 δαίμονος
2486 904 2580 958 ἐπὶ
2625 905 2870 958 εἰκοστὸν
2917 903 3037 968 ἔτος
3069 904 3167 967 τὰς
3198 902 3393 956 ἑαυτοῦ
3423 906 3635 974 σάρκας
3663 920 3765 972 νη·-

2193 996 2397 1057 στείαις
2425 996 2519 1048 καὶ
2547 994 2879 1064 ἀγρυπνίαις
2905 993 3189 1062 κατέτηξε.
3238 992 3346 1046 Καὶ
3377 993 3453 1055 ὡς
3499 992 3761 1060 οὐδεμιᾶς

2190 1083 2452 1151 ὠφελείας
2498 1083 2697 1155 ᾔσθετο
2738 1081 2988 1135 ἀπελθὼν
3035 1082 3129 1135 καὶ
3174 1080 3236 1133 τὸ
3271 1080 3443 1144 πάθος
3480 1081 3541 1132 ὲν
3585 1079 3762 1150 χάρτῃ

2190 1172 2507 1243 γεγραφὼς,
2539 1173 2679 1244 ἁγίῳ
2722 1173 2829 1226 τινὶ
2870 1171 3025 1242 ἀνδρὶ
3082 1171 3374 1233 ἐπέδωκεν,
3441 1170 3537 1221 ἐπὶ
3596 1168 3763 1238 πρόσ-

2191 1282 2337 1319 ωπον
2368 1265 2617 1333 κείμενος
2649 1264 2895 1334 καὶπρὸς
2919 1263 3080 1316 αὑτὸν
3111 1264 3394 1317 ἀνανεύειν
3429 1260 3503 1331 μὴ
3529 1260 3763 1326 δυνάμε-

2191 1370 2301 1417 νος.
2342 1353 2427 1416 Ὦς
2449 1353 2504 1405 δὲ
2534 1353 2742 1421 ἀνέγνω
2772 1354 2799 1405 ὁ
2826 1353 3025 1423 γέρων,
3054 1353 3349 1422 ἐμειδίασε,
3379 1353 3474 1404 καὶ
3514 1352 3760 1421 ἀναστήν

2193 1461 2294 1507 σας
2321 1443 2413 1496 τὸν
2447 1444 2674 1512 ἀδελφὺν
2717 1444 2867 1512 λέγει
2918 1443 3066 1513 αὐτῷ
3094 1458 3108 1472 ο
3151 1441 3387 1505 Ἐπίθες,
3415 1443 3630 1507 τέκνον,
3665 1447 3760 1517 τὴν

2194 1535 2293 1605 σὴν
2336 1538 2492 1606 χεῖρα
2538 1537 2630 1588 ἐπὶ
2674 1536 2764 1588 τὸν
2806 1535 2936 1605 ἐμὸν
2979 1536 3201 1605 αὐχένα.
3242 1536 3353 1588 Καὶ
3407 1534 3482 1596 ὡς
3520 1536 3699 1610 τοῦτο.
3732 1539 3760 1590 ὁ

2192 1623 2416 1693 ἀδελφὸς
2462 1626 2749 1695 πεποίηκε,
2812 1625 2961 1693 λέγει
2992 1629 3021 1678 ὁ
3055 1626 3227 1695 μέγας
3260 1639 3275 1654 °
3320 1625 3443 1676 Ἐπὶ
3486 1625 3577 1676 τὸν
3631 1626 3757 1694 ἐμὸν

2192 1715 2480 1787 τράχηλον,
2508 1715 2723 1785 ἀδελφὲ,
2766 1718 2800 1785 ἡ
2830 1717 3072 1786 ἁμαρτία
3104 1714 3267 1784 αὕτη,
3293 1717 3393 1769 ὅσα
3423 1715 3520 1784 ἔτη
3545 1717 3642 1768 καὶ
3672 1733 3757 1768 πε-

526 1811 660 1870 quot
716 1803 874 1857 annis
926 1811 977 1856 te
1007 1804 1088 1857 vel
1110 1806 1324 1859 vexavit
1346 1783 1489 1867 ante,
1526 1806 1609 1859 vel
1643 1806 1897 1876 deinceps
1928 1783 2087 1877 302

2194 1783 2406 1876 ποίηκε,
2443 1808 2539 1860 καὶ
2565 1783 2799 1878 ποιήσειή
2826 1783 2883 1858 ὲν
2916 1783 3018 1870 σοὶ,
3056 1808 3215 1875 μόνον
3237 1783 3311 1858 σὺ
3340 1783 3516 1876 αὐτὴν
3544 1808 3626 1868 είς
3665 1807 3757 1877 μὲ-

526 1892 739 1963 aIIligct,
770 1901 825 1948 tu
858 1901 1065 1949 tantum
1089 1897 1315 1965 posthac
1343 1897 1573 1967 neglige,
1598 1907 1652 1952 et
1674 1899 1875 1952 nullam
1931 1914 2087 1969 pror-

525 1999 622 2039 sus
669 1985 816 2040 illius
865 2001 1054 2040 curam
1114 1988 1269 2040 habe.
1302 1986 1603 2042 Affirmavit
1634 1989 1724 2043 ille
1755 1998 1959 2058 postea,
1995 1989 2087 2043 sed

524 2083 810 2145 antequam
854 2093 917 2131 ex
974 2077 1202 2132 senioris
1254 2079 1398 2133 illius
1429 2080 1565 2133 cella
1590 2081 1963 2149 egrederetur,
1994 2097 2090 2151 pc-

525 2166 671 2220 nitus
697 2167 764 2221 ab
796 2166 883 2221 illa
909 2168 1200 2222 tentatione
1224 2167 1392 2223 fuisse
1426 2169 1735 2233 liberatum,
1791 2184 2089 2240 omnesque

523 2254 878 2324 cogitationes
925 2255 1118 2324 impias
1146 2257 1199 2310 in
1240 2255 1451 2310 fumum
1485 2258 1791 2312 evanuisse.
1840 2256 1953 2313 Hoc
1987 2259 2089 2312 mi—

525 2342 581 2396 hi
610 2345 722 2413 ipse
746 2346 836 2415 qui
869 2360 985 2400 rem
1017 2354 1186 2402 totam
1211 2356 1467 2418 expertus
1487 2356 1589 2411 est,
1630 2349 1817 2416 gratiis
1872 2348 2090 2405 Christo

455 2430 461 2436 ’
525 2436 659 2492 actis
691 2437 985 2494 enarravit.

589 2527 691 2593 Qui
720 2527 786 2582 de
826 2528 930 2584 hoe
969 2528 1101 2583 vitio
1172 2528 1457 2584 victoriam
1525 2531 1729 2594 retulit,
1779 2533 2090 2621 superbiam

523 2619 799 2687 superavit
826 2627 879 2675 et
898 2619 1151 2675 exclusit.

833 2730 1165 2787 SCHOLION
1188 2732 1278 2787 AD
1302 2731 1591 2790 GRADUM
1613 2733 1795 2793 XXIII.

1042 2844 1120 2899 De
1148 2846 1492 2916 blasphemia.

590 2928 667 2984 Ex
684 2931 1059 2989 incredulitate
1074 2934 1413 3007 [infidelitate
1427 2939 1508 2994 vel
1522 2937 1834 3011 dillidentia]
1854 2944 2095 3007 nascitur

522 3021 917 3090 inobedientia;
947 3041 1012 3080 ex
1038 3027 1426 3096 inobedientia,
1454 3031 1535 3086 sui
1566 3032 1993 3101 complacentia;
2024 3049 2092 3088 ex

2187 1913 2315 1966 τρον
2371 1900 2567 1968 μηκέτι
2607 1899 2717 1968 ἔχε.
2762 1898 2872 1950 Kal
2912 1897 3284 1951 διεϐεϐαιοῦτο
3316 1900 3345 1950 ὁ
3394 1897 3656 1965 τοιοῦτος,
3685 1900 3756 1962 ὡς

2187 1988 2248 2039 οὐ
2285 1988 2475 2058 πρώην
2512 1990 2610 2059 τῆς
2652 1990 2849 2057 κέλλης
2877 1988 2971 2041 τοῦ
2999 1989 3246 2057 γέροντος
3284 1990 3627 2058 ἐξεληλύθει,
3657 1989 3756 2052 ἕως

2188 2069 2248 2130 οὗ
2278 2079 2339 2131 τὺ
2370 2080 2537 2143 πάοος
2562 2081 2758 2133 θᾶττον
2787 2080 3023 2148 ἄφαντον
3055 2080 3303 2148 γέγονεν·
3331 2080 3522 2133 τούτου
3553 2081 3612 2130 ὲν
3645 2079 3758 2132 πεί-

2190 2186 2262 2240 ρᾳ
2288 2171 2576 2241 γενόμενος
2615 2173 2738 2241 ἐμοὶ
2779 2171 3081 2242 διηγήσατο
3122 2171 3459 2241 εὐχαριστῶν
3510 2172 3590 2241 τῷ
3625 2173 3758 2241 Χρι-

2192 2275 2321 2329 στῳ.

2260 2541 2435 2609 Νίκην
2477 2540 2571 2593 τοῦ
2643 2539 2844 2603 πάθους
2890 2541 2919 2593 ὁ
2962 2537 3199 2609 εἰληφὼς
3264 2538 3526 2591 ἀπώσατο
3592 2539 3759 2608 ὑπερ-

2190 2632 2448 2704 ηφανίαν.

2544 2741 2844 2795 ΣΧΟΔΙΟΝ
2883 2741 2992 2795 ΕΙΣ
3035 2739 3261 2794 ΛΟΓΟΝ
3310 2739 3437 2794 KI".

2686 2853 2825 2921 Περὶ
2847 2852 3267 2921 βλασφημίας.

2275 2946 2364 3013 Ἐξ
2389 2945 2643 3010 ἀπιστίας
2671 2946 2922 3016 παρακοὴ
2943 2960 2955 2972 ·
2975 2947 3040 2998 ὲκ
3054 2944 3336 3014 παρακοῆς
3352 2941 3719 3012 αὐταρέσκεια
3736 2955 3754 2975 θ

2194 3040 2259 3091 ὲκ
2309 3036 2512 3107 ταύτης
2558 3035 2833 3099 κενοδοξία
2861 3051 2876 3067 ο
2914 3038 2978 3088 ὲκ
3018 3034 3322 3098 κενοδοξίας
3368 3031 3754 3102 ὑπερηφανία·

524 3110 642 3176 hac,
675 3127 810 3166 vana
838 3114 1028 3184 gloria,
1050 3131 1116 3170 ex
1135 3132 1271 3173 vana
1294 3118 1490 3189 gloria,
1511 3120 1759 3189 superbia
1783 3134 1882 3186 ;ex
1905 3136 2092 3190 super-

2196 3125 2256 3191 ἐξ
2303 3124 2682 3194 ὑπερηφανίας
2726 3122 3066 3194 βλασφημία,
3112 3122 3145 3190 ἢ
3195 3120 3416 3182 ἕκτασις
3443 3117 3756 3181 νοόςοὲνὸὲ

524 3201 631 3271 hia,
652 3203 983 3274 blasphemia
1012 3217 1108 3262 aut
1148 3218 1338 3278 stupor
1362 3211 1553 3267 animi.
1590 3210 1645 3265 In
1673 3212 2091 3282 simplicioribus

523 3292 856 3363 blasphemia
884 3296 1099 3352 exsistit
1129 3313 1195 3352 ex
1224 3299 1426 3354 invidia
1458 3300 1785 3356 daemonum.

2197 3217 2310 3277 τοῖς
2374 3212 2762 3283 ἁπλουστέροις
2815 3214 2881 3266 ὲκ
2932 3212 3130 3282 φθόνρυ
3176 3209 3446 3280 δαιμόνων
3491 3209 3757 3279 γίνεταιή

2198 3302 2406 3373 βλασφη
2416 3303 2529 3373 μία.

566 3426 3730 3455 ._.._______________________________________________________

1042 3508 1324 3565 GIlADUS
1366 3510 1555 3567 XXIV.

521 3617 599 3672 De
649 3617 867 3695 lenitate
919 3639 1007 3695 seu
1052 3627 1472 3689 mansuetudine,
1531 3627 1883 3695 simplicitate,
1940 3629 2090 3681 inno-

588 3690 759 3761 centia
789 3700 838 3743 et
866 3692 1075 3747 malitia
1106 3710 1211 3749 non
1240 3696 1305 3748 ab
1333 3706 1526 3750 natura
1557 3690 1753 3761 insitis,
1784 3700 1873 3751 sed
1899 3698 2092 3751 virtute

589 3758 672 3812 vel
700 3761 824 3813 uilio
848 3765 1038 3829 partis.

592 3848 771 3905 Solem
801 3853 1065 3909 matutina
1096 3855 1190 3909 lux
1246 3871 1455 3912 aurorae
1504 3858 1808 3926 praecurrit.
1867 3858 2091 3912 humili-

521 3946 682 3993 tatem
729 3944 1090 3999 mansuetudo
1152 3946 1429 4014 praecedit.
1461 3946 1646 4016 Itaque
1671 3948 1843 4002 lucem
1877 3952 1894 4018 (
1929 3949 2091 4002 Chri-

519 4033 705 4100 stum)
754 4031 903 4099 prius
945 4033 1252 4101 audiamus,
1298 4051 1421 4104 qua:
1473 4052 1567 4092 eas
1614 4037 1688 4091 ita
1726 4054 1821 4107 per
1860 4039 2086 4109 gradum

519 4118 793 4187 disponit:
829 4121 1055 4188 Discite,
1088 4126 1282 4196 inquit,
1311 4145 1344 4182 α
1372 4146 1471 4194 me,
1524 4130 1650 4198 quia
1686 4132 1829 4184 mitis
1878 4148 2014 4196 sum,
2040 4138 2088 4185 et

519 4210 737 4265 hunn'h's
784 4216 938 4269 corde
982 4218 1022 4272 ³.
1079 4215 1184 4272 Par
1231 4228 1499 4290 estergo,
1546 4231 1604 4276 ut
1629 4223 1802 4291 prius,
1834 4237 1994 4290 quam
2023 4223 2090 4277 de

520 4303 634 4357 sole
690 4319 936 4375 agamus,
986 4308 1229 4366 hacluce
1269 4311 1621 4379 illustremur,
1650 4328 1713 4367 ac
1736 4322 1846 4367 tum
1872 4315 2086 4367 demum

521 4393 711 4447 oculos
762 4394 816 4448 in
877 4397 1046 4451 solem
1109 4400 1312 4455 clarius
1362 4401 1520 4472 303
1551 4402 1913 4457 intendamus.
1945 4396 2111 4456 Fieri'

523 4497 633 4534 non
687 4492 882 4551 potest,
939 4504 1044 4541 non
1069 4498 1270 4557 potest,
1317 4493 1560 4561 inquam,
1612 4494 1728 4548 fieri
1771 4502 1826 4547 ut
1849 4495 2015 4548 solem
2050 4494 2096 4548 is

2770 3516 2987 3569 ΛΟΓΟΣ
3035 3516 3157 3568 KA'.

2196 3627 2334 3695 Περὶ
2381 3630 2730 3693 πραότητος.
2793 3627 2891 3680 καί
2927 3629 3286 3693 ἁπλότητος,
3338 3628 3437 3680 καὶ
3484 3629 3753 3693 ἀχακίας,

2277 3697 2374 3774 mil
2422 3699 2713 3765 πονηρίας
2751 3698 3214 3765 σεσοφισμένων
3245 3736 3259 3761 ,
3331 3698 3430 3749 καὶ
3470 3700 3543 3751 οὐ
3588 3716 3753 3760 φυσισ

2285 3784 2424 3821 κων.

2272 3858 2569 3928 Προτρέχει
2612 3858 2711 3928 μὲν
2741 3856 2835 3911 τοῦ
2866 3857 3016 3928 ἡλίου
3047 3857 3108 3908 τὺ
3136 3857 3372 3927 πρωῖνὸν
3406 3857 3542 3925 φῶς,
3584 3858 3754 3925 πάσης

2196 3948 2251 3999 δὲ
2272 3948 2770 4019 ταπεινοφροσύνης
2795 3949 3046 4019 πραΰτης
3065 3947 3083 4018 (
3099 3964 3131 3999 a
3151 3947 3167 4016 )
3189 3947 3497 4017 πρόδρομος
3517 3964 3530 3975 ·
3549 3947 3630 4000 διὸ
3663 3948 3750 4000 καὶ

2196 4037 2288 4089 τοῦ
2311 4038 2485 4105 φωτὸς
2502 4038 2842 4107 ἀκούσωμεν,
2883 4037 3059 4101 οὕτως
3075 4037 3245 4100 αὑτὰς
3266 4036 3343 4106 τῷ
3370 4036 3568 4107 βαθμῷ
3583 4054 3745 4089 κατα-

2195 4128 2500 4189 τάττοντος·
2538 4126 2766 4180 Μάθετε
2798 4127 2909 4195 γὰρ
2941 4126 3042 4180 ἀπ’
3074 4124 3243 4193 ἐμοῦ,
3275 4126 3429 4195 φησὶ,
3460 4123 3549 4177 ὅτι
3576 4120 3756 4191 πρᾶός

2193 4220 2330 4285 ειμι,
2348 4217 2443 4271 καί
2465 4218 2741 4283 ταπεινὸς
2776 4216 2849 4285 τῇ
2885 4217 3095 4286 καρδίᾳ
3117 4216 3215 4286 (I).
3239 4214 3450 4268 Οὐκοῦν
3470 4215 3629 4283 θέμις
3660 4211 3756 4287 πρὸ

2194 4308 2347 4378 ἡλίου
2368 4310 2493 4379 περὶ
2510 4309 2685 4377 φωτὸς
2700 4308 3053 4377 φωτιτϐἧναι·
3075 4305 3173 4360 εἷθ’
3187 4306 3247 4359 οὖ
3256 4324 3359 4369 τως
3382 4306 3458 4374 τῷ
3470 4302 3605 4375 ἡλίῳ
3621 4306 3758 4356 ἐναν-

2198 4400 2407 4453 τενίσαι
2429 4401 2663 4471 τρανῶς.
2693 4402 2806 4454 Οὐκ
2824 4400 2939 4453 ἔστι
2966 4400 3094 4470 γὰρ,
3123 4399 3221 4452 οὐκ
3248 4399 3364 4450 ἔστι
3393 4398 3486 4448 τὴν
3508 4398 3581 4466 μὴ
3609 4395 3757 4447 τοῦτο

2204 4493 2528 4561 προγνόντα,
2575 4493 2777 4544 ἐκεῖνον
2815 4490 3131 4553 θεάσασθαι,
3167 4490 3241 4551 ὡς
3267 4488 3430 4558 ἡτῶν
3460 4486 3757 4555 λεγομένων

523 4563 818 4638 intueatur,
861 4575 953 4642 qui
980 4576 1119 4631 hanc
1144 4579 1316 4634 lucem
1345 4590 1469 4636 ante
1493 4599 1601 4637 non
1628 4586 1898 4653 cognovit.
1949 4581 2092 4637 Sicut

2203 4580 2300 4653 [αι.
2346 4581 2670 4652 γεγονότων]
2695 4582 2933 4634 διδάσκει
2964 4580 3167 4649 ἀληθὴς
3194 4579 3554 4639 κατάστασις.
3580 4575 3756 4645 Πραΰ-

526 4674 653 4713 vera
676 4661 902 4743 docendi
936 4666 1075 4719 ratio
1097 4676 1150 4722 et
1180 4669 1315 4724 ordo
1344 4671 1557 4726 dicendi
1584 4687 1680 4727 nos
1706 4681 1902 4726 monet.
1946 4670 2099 4725 Man-

527 4752 758 4807 suetudo
780 4765 859 4809 est
895 4755 1247 4817 immutabilis
1287 4763 1449 4818 animi
1496 4772 1695 4829 status,
1725 4764 1817 4835 qui
1854 4765 1906 4819 in
1945 4766 2094 4819 omni

528 4840 743 4895 furtuna
799 4844 1065 4901 honorum
1114 4858 1169 4906 et
1246 4855 1701 4908 contumeliarum
1772 4855 2095 4925 aequabilem

528 4931 693 4987 animi
721 4929 979 4993 habitum.
994 4956 1296 4997 conservat.
1330 4943 1689 4998 Mansuetudo
1724 4954 1807 4999 est
1830 4961 1925 5015 pro
1973 4946 2095 5001 aliis

529 5030 581 5077 te
644 5028 1093 5091 perturbantibus
1151 5032 1270 5087 sine
1327 5035 1735 5102 perturbatione
1794 5036 2003 5091 sincere
2041 5046 2097 5091 et

526 5130 591 5168 ex
642 5115 824 5171 animo
882 5123 1114 5188 precari.
1156 5122 1513 5179 Mansuetudo
1545 5135 1628 5181 est
1653 5127 1967 5195 prominens
2001 5127 2099 5183 ad-

523 5216 717 5259 versus
771 5205 908 5260 iram
977 5210 1143 5266 maris
1195 5228 1378 5282 rupes,
1421 5230 1542 5283 qua:
1581 5214 1969 5268 omnesillisos
1999 5214 2099 5267 Ilu-

524 5303 649 5348 etus
671 5295 1245 5370 dissolvitaefrangit,
1290 5315 1388 5355 nec
1414 5301 1535 5372 ipsa
1590 5301 1805 5355 interim
1844 5310 2093 5364 movetur

528 5394 625 5440 aut
679 5385 967 5458 frangitur.
1011 5389 1368 5448 Mansuetudo
1422 5401 1505 5447 est
1547 5392 1970 5447 stabilimentum
1998 5407 2099 5461 pa-

601 5544 623 5577 *
659 5545 846 5600 Matth.
880 5561 957 5610 ιι,
990 5544 1083 5599 29.

2199 4688 2297 4741 της
2340 4674 2487 4724 ἐστὶν
2531 4670 2861 4741 ἀμετάθετος
2905 4670 3022 4732 νοὸς
3068 4670 3424 4729 κατάστασις,
3487 4668 3543 4718 ὲν
3580 4665 3759 4733 τιμαῖς

2198 4765 2293 4816 καὶ
2336 4762 2584 4833 ἀτιμίαις
2640 4761 2902 4822 ὡσαύτως
2955 4760 3154 4829 ἔχουσα
3198 4759 3295 4828 (2).
3331 4759 3588 4829 Πραΰτης
3620 4754 3760 4808 ἐστὶν

2196 4854 2253 4905 ὲν
2280 4854 2545 4921 ταραχαῖς
2570 4850 2662 4904 τοῦ
2690 4850 2916 4920 πλησίον
2956 4848 3369 4917 ἀνεπαισθήτως
3412 4846 3507 4899 καὶ
3540 4844 3762 4910 εἱλικριο

2194 4940 2301 5003 νῶς
2326 4940 2466 5010 ὑπὲρ
2496 4938 2660 4991 αὐτοῦ
2687 4936 3105 5007 προσεύχεσθαι.
3135 4935 3392 5005 Πραΰτης
3422 4931 3572 4983 ἐστὶν
3596 4930 3760 4995 ὑπερ-

2195 5031 2422 5101 κειμένη
2472 5031 2573 5099 τῆς
2610 5029 2702 5081 τοῦ
2731 5027 2901 5100 Θυμοῦ
2927 5027 3196 5097 Θαλάττης
3238 5026 3434 5094 πέτρα,
3494 5020 3671 5073 πάντα
3699 5016 3760 5068 τὰ

2198 5123 2613 5192 προσρήσσοντα
2638 5120 2855 5191 κύματα
2883 5116 3195 5183 διαλύουσα,
3222 5114 3317 5167 καὶ
3367 5110 3619 5179 οὐδαμῶς
3642 5105 3761 5160 κλό-

2197 5231 2285 5267 νον
2304 5210 2677 5281 ὑπομένουσα.
2702 5208 2954 5278 Πραΰτης
2986 5208 3130 5259 ἐστὶν
3152 5202 3426 5272 ὑπομονῆς
3465 5200 3758 5269 στήριγμα.

2202 5302 2419 5371 ἀγάπης
2465 5300 2626 5369 θύρα,
2672 5300 2871 5368 μᾶλλον
2908 5297 2963 5348 δὲ
3009 5294 3220 5363 μήτηρ,
3271 5289 3598 5362 διακρίσεως
3628 5282 3754 5337 ὑπό·

2203 5393 2390 5456 θετιςο
2422 5391 2653 5456 Διδάξει
2698 5391 2825 5460 γὰρ,
2876 5386 3028 5457 φησί,
3082 5385 3296 5451 Κύριος
3348 5381 3557 5452 πραεῖς
3586 5373 3759 5437 ὁδοὺς

604 5636 682 5711 (α)
719 5639 984 5711 πραΰτης.
1016 5638 1093 5697 Ita
1119 5638 1319 5710 saepius
1348 5637 1677 5694 membranae
1714 5637 1805 5692 ubi
1856 5634 1946 5691 alii
2012 5648 2092 5690 cor

2194 5649 2233 5692 ts
2289 5639 2553 5710 πραότης,
2612 5639 2704 5695 sed
2768 5638 2907 5693 idem
2942 5635 3086 5691 valet
3139 5642 3433 5702 utrumque
3492 5630 3665 5704 πρᾶος
3702 5636 3757 5685 et

529 5706 725 5772 πραΰς.
