4042 6426
266 348 380 422 981

1258 351 1487 413 SCALA
1520 354 1989 416 PARADISI.—
2010 356 2318 416 smnus
2349 334 2537 415 XXIV

3438 353 3544 417 982

260 466 493 525 αὑτοῦ·
527 463 780 536 ἀφισεως
808 461 1069 535 πρόξενος
1095 481 1111 495 ο
1140 464 1429 536 παρρησία
1469 466 1528 518 ἐν
1547 468 1825 537 προσευχῇ
1847 485 1863 500 ο

1981 466 2197 531 tientiae,
2251 464 2537 522 eharitatis
2589 463 2782 532 janua,
2838 461 2950 516 imo
3004 476 3133 517 vero
3173 476 3550 531 parens,pru.

260 560 589 635 Πνεῦματος
615 557 775 629 ἁγίου
808 556 1005 628 χωρίον
1027 573 1042 588 ·
1085 556 1216 612 Ἐπί
1260 557 1433 623 τίνας
1479 557 1589 627 γὰρ
1619 557 1861 613 ἐπισλέ-

186 663 196 669 “
257 655 390 722 ira),
416 651 555 725 ἀμ’
583 648 622 719 ἣ
660 647 761 701 ἐπὶ
788 646 899 700 τὸν
938 643 1137 715 πρᾶον
1181 645 1281 700 καί
1330 646 1595 717 ἡσύχιον
1615 663 1635 713 ;
1678 648 1864 719 Πραΰ-

257 757 371 810 της
402 738 651 809 ὑπακοῆς
682 736 963 807 συνεργὸς,
1014 735 1377 805 άδελιρότητος
1409 737 1627 807 όδηγὸς,
1655 754 1852 809 μαινο-

263 832 455 905 μένων
492 830 730 903 χαλινὸς,
770 829 1130 900 θυμουμένων
1176 830 1409 900 ἐκκοπὴ,
1440 831 1535 884 καὶ
1558 834 1736 902 χαρᾶς
1765 849 1861 902 χο-

263 923 466 993 ρηγδς,
493 918 731 992 Χριστοῦ
772 921 1022 992 μίμημα,
1055 918 1307 988 ἀγγέλων
1332 920 1551 991 ἰδίωμα,
1580 920 1859 993 δαιμόνων

255 1010 492 1081 δεσμὸς,
534 1010 629 1064 καὶ
682 1010 909 1079 πικρίας
962 1008 1172 1079 θυρεός.
1219 1010 1310 1064 Ἐν
1354 1011 1607 1083 καρδίαις
1637 1012 1860 1084 πραέων

257 1100 718 1156 ἑπαναπαύσεται
767 1099 1009 1172 Κύριοςο
1050 1100 1200 1173 ψυχὴ
1269 1101 1327 1155 δέ
1373 1104 1699 1175 ταραχώδης
1740 1105 1860 1159 δια-

258 1191 722 1262 ϐόλουκαθέδρα.
754 1194 819 1245 οι
847 1189 1060 1261 πραεῖς
1115 1192 1658 1263 κληρονομήσουσι
1698 1193 1817 1263 γῆν
1839 1212 1854 1227 ο

262 1282 479 1356 μᾶλλον
502 1284 561 1337 δὲ
601 1281 1101 1355 κατακυριεύσουσι
1136 1282 1242 1353 γῆς
1269 1300 1284 1315 ο
1315 1285 1626 1356 μεμηνότες
1659 1286 1717 1340 δὲ
1759 1285 1857 1342 ἄν-

257 1376 399 1449 δρες
450 1374 847 1447 ἐκπορθοῦνται
893 1374 1002 1428 ἀπὸ
1047 1375 1151 1447 γῆς
1201 1375 1405 1431 αὐτῶν.
1457 1377 1619 1449 Ψυχὴ
1654 1381 1858 1450 πραεῖα

263 1465 463 1537 θρόνος
496 1465 801 1537 ἁπλότητος
820 1480 834 1494 ο
873 1463 998 1531 νοῦς
1058 1464 1115 1518 δέ
1143 1464 1359 1537 ὀργίλος
1397 1466 1729 1541 δημιουργὸς
1758 1486 1860 1525 πο-

259 1559 482 1631 νηρίας.
516 1559 682 1631 Ψυχὴ
737 1557 876 1629 ἡπία
920 1560 1163 1631 χωρήσει
1191 1560 1381 1629 λόγους
1428 1562 1641 1630 σοφίας,
1692 1564 1859 1634 ’06η-

265 1650 452 1722 τήσει
481 1651 593 1722 γὰρ
636 1650 853 1720 Κύριος
874 1649 1084 1719 πραεῖς
1113 1652 1185 1705 ἐν
1209 1653 1426 1722 κρίσει,
1454 1653 1653 1724 μᾶλλον
1690 1655 1748 1710 δὲ
1798 1658 1858 1710 ἐν

266 1744 567 1815 διακρίσει.
623 1742 787 1813 Ψυχὴ
810 1742 975 1814 εὑοὴς
1002 1743 1233 1815 σύμϐιος
1259 1745 1672 1812 ταπεινώσεωςο
1716 1751 1749 1821 ἡ
1796 1749 1854 1804 δὲ

268 1836 492 1907 πονηρὰ
520 1837 897 1907 ὑπερηφανίας
926 1837 1124 1900 νεανίς.
1144 1838 1335 1907 Ψυχαὶ
1364 1840 1587 1910 πραέων
1611 1841 1862 1915 πλησθή-
1894 1828 1940 1889 Β

274 1942 466 1980 σονται
481 1924 737 1993 γνώσεως
763 1941 775 1953 ·
806 1925 1063 1998 θυμώδης
1086 1926 1143 1980 δέ
1170 1927 1295 1991 νοῦς
1314 1928 1541 1993 σκότους
1562 1930 1658 1983 καὶ
1685 1932 1864 1999 ἀγνω-

280 2017 410 2082 σίας
442 2017 703 2082 σύνοικος.
748 2016 1019 2089 Θυμώδης
1070 2019 1166 2072 καὶ
1216 2019 1381 2090 είρων
1408 2020 1661 2091 ἀλλήλοις
1690 2024 1864 2094 ὑπήν-

283 2125 465 2182 τησαν
505 2108 579 2181 ('5)
602 2125 617 2139 ’
651 2109 740 2163 καὶ
763 2109 868 2163 οὐκ
913 2105 983 2183 ἦν
1025 2111 1207 2181 εὑρεῖν
1244 2111 1404 2180 λόγον
1450 2112 1583 2185 εὑθῆ
1615 2115 1673 2167 ἐν
1697 2114 1868 2169 διαλέ-

284 2200 370 2267 ξει
404 2201 605 2257 αὐτῶν.
651 2200 994 2268 Ἀναπτύξας
1034 2202 1134 2274 τὴν
1178 2203 1408 2275 καρδίαν
1439 2204 1533 2259 τοῦ
1574 2207 1864 2280 προτέρου,

276 2294 542 2365 εὑρήσεις
582 2293 799 2366 μανίαν,
848 2295 950 2366 τὴν
1009 2295 1067 2349 δέ
1095 2294 1189 2349 τοῦ
1215 2296 1471 2367 δευτέρου
1505 2296 1686 2369 ψυχὴν
1712 2301 1868 2372 ἐρευ-

270 2386 473 2457 νήσας,
530 2385 833 2458 θεωρήσεις
887 2387 1176 2459 πονηρίαν.
1234 2386 1501 2459 Ἀπλότης
1556 2389 1705 2443 ἐστὶν
1754 2387 1870 2455 ἐξις

263 2477 453 2549 ψυχῆς
476 2478 762 2544 ἁποίκιλος
796 2478 899 2552 (4),
936 2478 1074 2550 πρὸς
1115 2479 1407 2535 κακόνοιαν
1439 2482 1708 2554 γενομένη
1743 2485 1869 2538 ἀκί-

218 2614 227 2619 .
265 2587 458 2642 νητος.
490 2570 738 2642 Πονηρία
773 2570 922 2624 ἐστὶν
945 2570 1247 2641 ἐπιστήμη,
1298 2570 1499 2643 μᾶλλον
1526 2571 1584 2625 δὲ
1619 2574 1871 2645 ἀσχημο-

269 2662 411 2734 σύνη
432 2661 816 2735 δαιμονιώδης,
838 2663 1097 2734 ἀληθείας
1122 2663 1586 2735 ἀποστερηθεϊσα.
1618 2666 1714 2720 καὶ
1741 2668 1871 2732 τοὺς

266 2754 506 2819 πολλοὺς
526 2754 814 2810 λανθάνειν
835 2755 993 2809 δοκοῦ
1002 2772 1091 2809 σα.
1130 2755 1452 2828 ’Υπόκρισίς
1472 2757 1589 2811 ἐστι
1609 2758 1871 2830 σώματος

266 2846 377 2901 καὶ
420 2845 604 2917 ψυχῆς
641 2847 861 2902 ἐναντία
920 2847 1254 2912 κατάστασις
1311 2847 1578 2913 ἐπινοίαις
1630 2849 1875 2916 άπάσαις

267 2936 716 3010 ἐμπεπλεγμένη
742 2955 757 2970 ο
796 2937 1010 2992 ἀκακία
1056 2938 1208 2992 ἐστὶν
1262 2937 1424 3008 ίλαρά
1469 2937 1651 3011 ψυχῆς
1693 2939 1869 2993 κατά-

274 3047 474 3095 στασις
498 3030 748 3094 ἐπινοίας
781 3030 966 3102 πάσης
988 3030 1412 3103 ἀπηλλαγμένη.
1446 3030 1698 3104 Εὑθύτης
1720 3031 1872 3088 ἐστὶν

1974 558 2166 613 dentiae
2208 565 2590 629 argumentum
2634 571 2649 607 :
2701 553 2915 609 Docebit
2948 553 3115 617 enim,
3154 552 3332 622 inquit
3370 552 3548 608 Domi-

1970 660 2095 711 nus,
2150 646 2304 699 mites
2332 649 2443 702 vias
2473 660 2600 699 suas
2622 645 2643 677 ⁸
2669 659 2684 698 :
2720 642 3065 713 procurati-ix
3089 642 3263 696 venia:
3291 653 3547 711 peccato-

1969 740 2113 800 rum,
2173 732 2368 787 fiducia
2422 734 2477 787 in
2525 732 2800 803 precibus,
2857 730 3095 797 Spiritus
3116 731 3287 785 sancti
3317 729 3550 784 domici-

1966 827 2133 882 lium:
2160 850 2164 853 ·
2188 823 2359 894 Super
2386 841 2515 895 quos
2563 824 2701 879 enim
2728 822 3029 894 respiciam,
3068 822 3171 876 nisi
3195 838 3350 891 super
3402 838 3553 875 man-

1967 929 2180 972 suetum
2212 925 2262 971 et
2287 918 2525 985 quietum
2549 914 2615 970 ’ζ’
2642 914 3003 981 Mansuetudo
3021 922 3106 970 est
3124 913 3366 983 adjutrix
3421 913 3554 969 obe-

1967 1010 2204 1074 dientia',
2225 1008 2331 1062 dux
2362 1007 2625 1077 religiosae
2659 1007 2957 1073 societatis,
2988 1006 3281 1061 furentium
3313 1004 3551 1067 frenum,

1965 1101 2320 1156 irascentium
2374 1097 2814 1170 [iracundovum
2859 1096 2880 1170 ]
2931 1098 3224 1168 exputtrix,
3291 1097 3554 1168 magistra

1966 1193 2175 1266 gaudii,
2229 1191 2494 1247 imitatrix
2535 1189 2756 1255 Christi,
2802 1189 3042 1245 caelitum
3072 1187 3400 1259 proprietas,
3430 1187 3554 1241 vin-

1969 1287 2156 1341 culum
2192 1295 2246 1340 et
2284 1285 2460 1339 nodus
2494 1282 2824 1344 dtetnonum,
2852 1288 3068 1336 scutum
3100 1282 3362 1335 adversus
3403 1294 3557 1334 ama-

1966 1378 2265 1434 ritudinem
2292 1392 2387 1431 sou
2420 1374 2589 1430 animi
2624 1373 2997 1428 acerbitatem.
3032 1370 3087 1425 In
3128 1371 3381 1428 cordibus
3403 1385 3558 1424 man-

1965 1481 2246 1528 suetorum
2298 1468 2606 1539 requiescet
2660 1466 2944 1521 Dominus.
2980 1464 3177 1520 Anima
3207 1474 3393 1519 autem
3428 1471 3553 1515 tur-

1966 1566 2191 1621 bulenta
2250 1562 2414 1619 nidus
2489 1568 2575 1617 est
2624 1560 2861 1616 diaboli:
2929 1556 3088 1614 Mite:
3173 1555 3559 1612 haereditabunt

1967 1673 2167 1717 terram
2194 1660 2238 1726 ⁸,
2310 1660 2395 1715 vel
2442 1659 2625 1730 potius
2679 1657 3115 1713 dominabuntur
3146 1655 3330 1720 terris,
3372 1648 3563 1707 furiosi

1967 1764 2153 1812 autem
2180 1752 2694 1809 exterminabuntur
2725 1765 2757 1805 a
2789 1748 2949 1805 terris
3002 1748 3141 1805 suis.
3174 1746 3372 1800 Anima
3410 1758 3566 1797 man-

1968 1858 2125 1905 sueta
2182 1853 2268 1902 est
2314 1845 2591 1900 thalamus
2654 1841 3059 1913 simplicitatis:
3111 1839 3330 1894 animus
3382 1848 3565 1891 autem

1970 1940 2271 1996 iracundus
2303 1946 2388 1993 est
2420 1937 2754 1993 architectus
2785 1933 3172 2004 improbitatis.
3202 1930 3349 1985 Mitis
3383 1928 3566 1983 anima

1968 2033 2145 2103 capiet
2175 2032 2341 2086 verba
2369 2029 2670 2101 sapientiae,
2700 2025 2865 2099 305.
2902 2025 3104 2095 Diriget
3134 2024 3280 2078 enim
3312 2021 3566 2075 Dominus

1970 2132 2276 2178 mansuetos
2307 2124 2362 2177 in
2391 2122 2596 2189 iudicio
2625 2120 2671 2185 ⁸,
2708 2120 2817 2173 imo
2840 2119 2895 2172 in
2922 2116 3250 2173 discretione
3282 2129 3380 2169 seu
3437 2128 3569 2182 pru-

1969 2200 2174 2272 déntia.
2223 2217 2420 2272 Anima
2454 2215 2671 2270 sincera
2701 2220 2758 2268 et
2797 2219 2950 2266 recta
3021 2222 3107 2265 est
3158 2206 3570 2264 contubernalis

1969 2301 2340 2369 humilitatis;
2396 2298 2646 2370 improba
2700 2311 2829 2351 vero
2888 2303 2972 2349 est
3015 2293 3289 2364 superbiae
3344 2290 3562 2346 ancilla.

1969 2392 2182 2449 Animae
2237 2400 2655 2447 mansuetorum
2710 2385 3081 2457 implebantur
3148 2382 3401 2449 scientia,
3451 2380 3568 2435 ira—

1972 2484 2191 2541 cundus
2214 2499 2342 2540 vero
2371 2482 2590 2537 animus
2620 2479 2806 2537 socius
2835 2486 2888 2533 et
2909 2474 3243 2533 domesticus
3269 2482 3354 2529 est
3392 2472 3572 2527 noctis

1973 2576 1996 2651 [
2025 2576 2277 2648 caliginis
2306 2574 2326 2648 ]
2358 2584 2415 2631 et
2444 2572 2785 2646 ignorantiae.
2816 2570 2953 2626 Cum
2990 2566 3287 2623 iracundus
3335 2573 3388 2621 et
3409 2564 3574 2620 dissi-

1978 2669 2220 2726 mulator
2264 2667 2371 2724 sibi
2437 2675 2630 2723 mutuo
2688 2664 3083 2728 occurrissent,
3152 2660 3302 2715 nulla
3359 2659 3573 2713 sincera

1973 2758 2375 2816 sermocinatio
2436 2766 2652 2829 poterat
2715 2758 2860 2812 inter
2912 2754 3036 2809 illos
3062 2753 3199 2809 fieri.
3238 2751 3295 2806 Si
3330 2766 3425 2806 cor
3460 2751 3571 2805 ira-

1972 2853 2139 2909 cundi
2169 2852 2550 2923 explicaveris,
2582 2851 2959 2922 deprehendes
2986 2847 3260 2905 insaniam
3290 2864 3304 2901 :
3331 2846 3378 2900 si
3406 2844 3571 2900 dissi-

1974 2942 2266 2998 mulatoris
2324 2943 2570 2998 animum
2631 2940 3016 3011 perscrnteris,
3038 2936 3251 2994 videbis
3284 2934 3573 2991 malitiam.

1976 3035 2314 3107 Simplicitas
2364 3041 2450 3091 est
2499 3034 2720 3089 habitus
2746 3033 2944 3088 animae
2967 3031 3193 3086 minime
3220 3029 3428 3094 varius,
3455 3042 3576 3082 om-

275 3120 615 3231 ἁπξρίεργος
653 3121 856 3188 ἔννοια,
904 3123 1195 3177 ἀνόθευτον
1242 3117 1375 3194 ἦθος
1449 3122 1551 3196 (α),
1594 3124 1873 3190 ἄπλαστος

1982 3127 2072 3184 nis
2104 3142 2374 3197 perversae
2400 3124 2753 3197 cogitationis
2779 3138 2994 3194 expers.
3028 3120 3235 3176 Malitia
3265 3130 3345 3177 est
3395 3118 3578 3175 scien—

271 3211 380 3265 καὶ
410 3210 1017 3283 ἀπροκατασκεύαστος
1058 3210 1251 3280 λόγος’
1300 3211 1576 3284 ἀπόνηρός
1623 3214 1743 3267 ἐστι
1781 3231 1875 3268 κα-

1985 3222 2080 3289 tia,
2119 3222 2204 3277 vel
2237 3221 2421 3292 potius
2452 3220 2471 3292 (
2505 3230 2562 3276 ιιι
2596 3219 2667 3274 ita
2693 3218 2928 3289 loquar)
2956 3217 3228 3273 diabolica
3271 3214 3580 3270 indecentia

269 3303 429 3374 θαρὰ
485 3303 653 3374 φύσις
694 3303 898 3375 ψυχῆς,
944 3303 1020 3367 ὼς
1058 3302 1268 3373 πέφυκε
1318 3304 1606 3361 κτισθεῖσα
1651 3306 1754 3371 τὰς
1788 3309 1880 3363 ἐν·

270 3396 494 3464 τεύξεις
526 3396 664 3467 πρὸς
709 3396 919 3460 πάντας
949 3396 1275 3469 ποιουμένη.
1321 3397 1564 3470 Πονηρία
1604 3399 1756 3454 ἐστὶν
1794 3400 1881 3455 εὑ-

279 3490 518 3561 θύτητος
546 3487 838 3560 ἐναλλαγὴ,
875 3489 1270 3560 πεπλανημένη
1304 3487 1483 3543 ἔννοια
1506 3505 1522 3520 ·
1555 3492 1879 3563 οἰκονομίας

278 3582 593 3653 ψευδομένη
612 3600 627 3614 θ
661 3580 1057 3651 κεκολασμένοι
1088 3580 1164 3653 (b)
1182 3582 1361 3652 ὅρκοι,
1382 3581 1875 3654 συμπεπλεγμένοι

279 3674 475 3742 λόγον
534 3671 697 3743 βυθὸς
750 3673 1003 3745 καρδίας,
1052 3671 1288 3736 ἄϐυσσος
1334 3672 1512 3740 δόλου,
1564 3675 1882 3746 πεποιωμέ-

284 3781 379 3819 νον
428 3762 670 3833 ψεῦδος,
722 3762 927 3835 φυσικὴ
978 3761 1168 3816 λοιπὸν
1230 3759 1448 3833 οἴησις,
1497 3761 1885 3825 ταπεινώσεως

292 3856 614 3923 ἀντίπαλος,
670 3856 960 3927 μετανοίας
1012 3856 1335 3927 ὑπόκρισις,
1396 3854 1627 3919 πένθους
1682 3871 1885 3926 μικρυ-

300 3947 447 4019 σμδς
484 3987 504 4014 ,
544 3947 982 4021 ἐξομολογήσεως
1042 3947 1214 4020 ἔχθρα
1246 3988 1261 4015 ,
1320 3944 1826 4019 ίδιογνωμόρυθμος
1866 3984 1882 4011 ,

299 4040 620 4111 πτωμάτων
663 4042 959 4114 πρόξενος,
1018 4041 1373 4105 ἀναστάσεως
1458 4038 1734 4104 ἀντίθετος
1786 4037 1887 4112 (5),

300 4131 530 4204 ὕϐρεων
566 4133 903 4206 μειδιασμδς,
953 4132 1377 4205 μεμωραμμένη
1431 4131 1726 4202 κατήφεια,
1765 4130 1887 4184 ἐπί-

305 4224 549 4289 πλαστος
570 4226 850 4290 εὐλάϐεια,
876 4223 1240 4298 δαιμονιώδης
1276 4223 1412 4295 βίος.

1981 3329 2081 3371 seu
2130 3313 2411 3383 turpitudo
2466 3313 2695 3368 veritate
2748 3310 3029 3373 deStituta,
3075 3325 3197 3380 quae
3235 3308 3339 3362 sibi
3372 3307 3583 3361 videtur

1987 3404 2130 3460 alios
2159 3403 2460 3471 nequitiam
2500 3416 2657 3456 suam
2687 3400 2863 3457 celare
2886 3414 3071 3470 posse.
3125 3397 3445 3469 Hypoerisis
3503 3404 3587 3451 est

1983 3494 2297 3550 contrarius
2355 3493 2605 3564 corporis
2663 3500 2718 3546 et
2772 3492 2968 3546 anima:
2998 3499 3174 3546 status
3202 3490 3352 3545 omni
3384 3505 3585 3559 genere

1979 3595 2416 3641 commentorum
2474 3585 2784 3656 perplexus.
2854 3585 3165 3641 lnnocentia
3237 3592 3321 3639 est
3396 3596 3587 3638 serena

1980 3679 2179 3734 animae
2233 3678 2599 3749 tranquillitas
2656 3679 2725 3734 ab
2767 3679 2917 3733 omni
2962 3690 3220 3747 perversa
3256 3673 3590 3745 cogitatione

1985 3777 2227 3825 remota.
2286 3768 2580 3825 Rectitudo
2631 3786 2726 3825 seu
2782 3777 2967 3823 rectus
2994 3768 3210 3822 animus
3238 3774 3344 3830 est,
3372 3765 3469 3835 qui
3499 3780 3591 3819 su-

1987 3874 2332 3932 pervacanea
2390 3870 2445 3916 et
2496 3860 2716 3916 curiosa
2764 3859 3096 3929 cogitatione
3157 3866 3336 3922 vacat,
3379 3856 3592 3911 indoles

1988 3949 2251 4022 sincera[
2283 3951 2483 4007 sinceri
2523 3966 2703 4005 mores
2732 3947 2752 4022 ]
2780 3958 2835 4006 et
2865 3964 2976 4003 non
3023 3947 3351 4013 adulterata,
3410 3962 3592 4002 sermo

2000 4056 2108 4096 non
2163 4040 2347 4109 fictus,
2398 4056 2499 4095 nec
2527 4040 2581 4094 in
2613 4037 2859 4094 fraudem
2884 4037 3295 4110 prtemeditatus
3317 4046 3413 4092 aut
3443 4038 3596 4092 fuca-

1999 4142 2108 4188 tus.
2168 4132 2286 4186 Non
2337 4132 2645 4188 malitiosus
2688 4140 2792 4196 est,
2841 4131 2934 4202 qui
2967 4137 3127 4200 prout
3164 4140 3358 4183 natura
3398 4129 3596 4183 animus

1998 4240 2133 4294 pure
2187 4225 2410 4280 condita
2473 4235 2577 4290 est,
2635 4239 2760 4279 cum
2786 4223 3044 4278 omnibus
3075 4221 3290 4277 sincere
3322 4219 3377 4277 e't
3404 4227 3597 4290 aperte

298 4320 418 4390 agit
446 4328 501 4376 et
521 4334 791 4377 versatur.
827 4318 1033 4375 Malitia
1072 4325 1214 4376 esta
1281 4331 1412 4371 vero
1471 4323 1528 4369 et
1587 4322 1737 4369 recto
1783 4315 1970 4371 animo
2006 4331 2101 4372 seu
2156 4318 2484 4375 rectitudine
2544 4317 2757 4373 detorta
2824 4314 3177 4387 perversitas,
3247 4312 3599 4371 fraudulenta

299 4432 485 4484 mens,
538 4415 800 4470 ementita
855 4421 913 4469 et
964 4413 1105 4468 victa
1137 4410 1354 4466 vivendi
1398 4408 1561 4473 ratio,
1588 4407 1898 4491 iuramenta
1937 4410 2118 4479 pinnis
2185 4411 2425 4467 obnoxia
2491 4427 2590 4468 seu
2626 4410 2785 4476 falsa,
2825 4409 2994 4466 verba
3043 4410 3301 4482 perplexa
3326 4416 3382 4463 et
3409 4407 3597 4475 dubia,

296 4529 402 4569 cor
425 4521 631 4568 tectum
680 4518 737 4566 et
792 4506 1151 4581 profundum,
1215 4507 1375 4563 dolus
1428 4503 1592 4576 305
1663 4502 1807 4559 altus
1848 4514 1901 4559 et
1975 4505 2491 4578 ineomprehensus,
2575 4505 2922 4563 mendacium
2968 4504 3084 4576 jam
3145 4501 3519 4557 modificatum
3546 4509 3602 4557 et

216 4638 219 4639 ν
295 4616 656 4677 usurpatum,
707 4612 897 4659 tumor
942 4602 1069 4658 inde
1115 4601 1231 4672 jam
1268 4599 1441 4657 animi
1472 4597 1762 4661 naturalis,
1831 4596 2007 4655 hostis
2072 4599 2419 4666 humilitatis,
2488 4600 2766 4659 simulatio
2802 4598 3159 4670 poenitentiae,
3230 4594 3356 4666 fuga
3396 4595 3601 4654 luctus.

291 4703 534 4759 inimica
576 4697 964 4765 confessionis,
1013 4696 1265 4768 pertinax
1316 4708 1430 4750 sua:
1487 4692 1776 4749 sententiae
1848 4693 2235 4764 propugnatio,
2299 4694 2667 4767 spiritualium
2737 4691 3023 4747 ruinarum
3092 4689 3369 4756 ministra,
3410 4687 3603 4742 adver-

289 4795 456 4853 saria
498 4791 901 4849 emendationis
963 4805 1059 4846 seu
1118 4787 1392 4860 religiosa:
1452 4785 1899 4848 resurrectionis,

1975 4788 2434 4844 contumeliarum
2493 4787 2758 4860 (virtutis
2834 4801 3002 4842 causa
3060 4780 3470 4853 toleratarum)
3513 4780 3591 4833 ir-

290 4890 446 4948 risio
473 4904 568 4945 seu
593 4888 890 4953 cavillatio,
919 4886 1085 4942 stulta
1107 4891 1162 4940 et
1199 4882 1450 4939 aﬂectata
1474 4882 1693 4937 tristitia
1719 4878 1742 4953 [
1780 4880 2019 4952 gravitas
2043 4883 2087 4957 ],
2123 4884 2247 4940 ticta
2274 4883 2490 4955 religio,
2540 4882 2814 4939 diabolica
2843 4881 2974 4936 vita.

381 5006 629 5079 Πονηρός
668 5007 787 5061 ἐστι
816 5004 1064 5059 διαϐόλου
1115 5002 1435 5074 συνώνυμος
1471 5001 1569 5056 καὶ
1598 4999 1875 5072 συνόμιλος

1981 4979 2189 5038 illatus
2224 4990 2308 5039 est
2365 4980 2714 5053 cognominis
2760 4976 3026 5035 daemonis
3074 4984 3130 5033 et
3171 4970 3482 5031 familiaris.
3522 4967 3602 5025 lta

294 5101 404 5156 Διὸ
433 5102 530 5155 καὶ
563 5098 768 5170 Κύριος
814 5096 991 5162 οὑτως
1018 5095 1183 5151 αὑτὸν
1206 5096 1356 5168 ἡμᾶς
1380 5093 1670 5165 ὀνομάζειν
1703 5092 1911 5159 ἐδίδαξε

296 5195 605 5263 λέγοντας·
649 5192 864 5248 Ῥῦσαι
910 5183 1067 5261 ἡμᾶς
1096 5190 1219 5245 ἀπὸ
1249 5187 1358 5243 τοῦ
1396 5184 1690 5254 πονηροῦ.
1727 5184 1917 5253 Φύγω-

307 5303 427 5360 μεν
452 5285 562 5340 ἀπὸ
603 5282 858 5358 κρημνοῦ
896 5284 1259 5354 ὑποκρίσεως,
1293 5280 1388 5335 καὶ
1422 5278 1531 5333 άπὸ
1578 5278 1787 5334 λάκκου
1817 5278 1920 5331 ὑπο

303 5379 636 5452 ουλότητος,
652 5376 950 5443 ἀκούοντες
987 5375 1084 5430 τοῦ
1099 5375 1350 5444 λέγοντος
1380 5372 1474 5428 ὅτι
1505 5374 1560 5428 ot
1585 5371 1920 5441 πονηρευόο

2011 5075 2157 5131 enim
2207 5072 2464 5130 Christus
2527 5070 2914 5143 appellandum
2980 5067 3173 5124 docuit
3214 5066 3272 5119 in
3319 5060 3607 5117 Dominiea

2014 5166 2295 5233 Oratione,
2353 5179 2481 5221 cum
2516 5163 2753 5219 dicimus
2787 5163 2836 5217 ‘2
2878 5160 3069 5217 Libera
3102 5174 3195 5213 nos
3235 5172 3268 5210 a
3307 5152 3450 5208 malo
3483 5152 3606 5224 (ε),

2015 5261 2325 5318 Caveamus
2373 5257 2444 5313 ab
2497 5255 2805 5329 hypocrisis
2856 5251 3186 5325 praecipitio,
3245 5257 3301 5304 et
3361 5245 3611 5303 subdolae

2018 5373 2367 5436 versutteque
2396 5360 2713 5419 calliditatis
2735 5360 2879 5427 lacu,
2903 5355 3100 5414 attenti
3117 5352 3186 5409 ad
3210 5351 3416 5408 dictum
3439 5347 3608 5413 illius,

270 5504 295 5631 ξ
398 5516 424 5548 ¹
458 5514 607 5573 Psal.
635 5531 789 5582 xxiv,
821 5513 876 5570 9.
952 5513 974 5547 ³
1004 5511 1088 5570 lsa
1122 5528 1268 5579 uvr,
1293 5511 1349 5569 2.
1424 5509 1447 5542 ⁸
1469 5510 1661 5566 Matth.
1687 5526 1743 5575 ν,
1770 5510 1834 5573 ι;
1865 5507 2012 5565 Psal.
2046 5517 2241 5565 xxxvn,
2269 5499 2359 5557 il.
2434 5496 2458 5531 '
2478 5493 2630 5553 Psal.
2660 5511 2812 5560 xxxv,
2832 5494 2887 5551 9.
2965 5492 2987 5524 ⁸
3012 5487 3204 5544 Matth.
3230 5502 3308 5553 vr,
3343 5484 3396 5540 6.

395 5607 475 5631 :_\
520 5604 652 5631 an]-
680 5604 895 5631 n..:...:r
951 5603 965 5631 ι
1011 5621 1061 5631 ...
1119 5619 1147 5631 ,ι
1194 5604 1229 5631 ο
1277 5602 1368 5631 -..ι
1391 5611 1546 5631 mm...
1579 5596 1711 5631 In..-
1736 5600 1753 5631 Ι
1780 5602 1925 5631 nm...
2028 5610 2234 5631 nunnrn
2263 5593 2566 5631 ἱοινηπυουιη
2596 5588 3012 5631 ινοηαιιιΙριιιιηι-

395 5607 477 5680 (ο)
520 5604 654 5680 Vide
680 5604 914 5675 Quintil.
951 5603 989 5660 l.
1011 5621 1088 5671 vt,
1118 5619 1166 5661 c.
1194 5604 1251 5670 2,
1275 5602 1371 5674 qui
1390 5611 1551 5674 negat
1579 5596 1711 5671 ἦθος
1735 5600 1927 5656 Latine
2025 5588 3012 5680 annexlcjuramentotranstulerunt.

318 5678 767 5819 επιεξπηιέεοξε

425 5747 481 5817 b)
517 5743 937 5819 Κέκολασμένοι
984 5745 1138 5819 ὅρκοι
1165 5743 1387 5819 habent
1421 5743 1626 5819 chartae
1657 5754 1710 5797 et
1753 5759 1924 5819 mem-_

2095 5647 2453 5741 Observa,
2482 5661 2718 5741 πονηρὸς
2753 5659 2807 5713 in
2838 5647 3615 5741 Orationeliominieasign‘i-

2020 5728 2188 5796 ficare
2208 5736 2488 5793 diabolum
2518 5728 2740 5805 qui'per
2769 5728 3207 5785 antonomasiam
3232 5728 3465 5779 vocatur
3492 5736 3613 5776 ma-

330 5812 544 5888 bt’anre,
585 5833 699 5876 non
754 5812 1166 5890 κεκολλημένοι,
1202 5825 1261 5872 ιιι
1300 5815 1392 5873 alii
1452 5815 1796 5886 interpretes,
1829 5813 1924 5886 qui
2023 5812 2132 5866 lus.
