4042 6458
482 364 589 430 983

1748 360 1808 420 S.
1839 356 2162 419 JOANNIS
2181 356 2485 418 CLIMACI

3649 370 3762 437 984

483 476 735 544 quoniam
754 476 845 547 qui
861 477 1243 547 malignantur,
1269 471 1783 537 exterminabuntur,
1819 479 1868 524 et
1892 484 2063 540 quem-

2172 484 2345 537 μενοι
2376 469 2993 545 ἐξολοθρευθήσονται
3030 480 3131 551 (6),
3174 480 3274 536 καί
3320 483 3466 538 ὡσεὶ
3517 484 3764 555 λάχανα

484 570 774 624 admodum
817 571 962 625 olera
994 571 1272 626 herbarum
1322 568 1425 621 cito
1469 562 1708 619 decidant
1749 563 1805 617 ":
1871 562 2066 632 hujuso

484 661 632 716 modi
691 663 836 716 enim
891 672 1021 719 sunt
1065 660 1326 731 pabulum
1368 654 1701 714 daemonum.
1751 653 1907 709 Sicut
1933 654 2068 708 cha-

485 754 622 809 ritas
677 754 771 809 Dei
823 769 1020 809 nomen
1090 751 1320 821 accepit,
1373 751 1448 805 ita
1499 759 1555 805 et
1602 758 1784 805 rectus
1824 747 2065 803 animus.

484 843 827 914 Quapmpter
883 845 938 900 in
986 843 1229 898 Canticis
1288 842 1519 912 Sapiens
1576 855 1769 910 puram
1825 839 2067 893 animam

483 937 820 1006 compellans
876 935 1047 990 dicit:
1090 934 1371 989 Rectitudo
1425 934 1615 988 dilexit
1659 942 1709 987 te
1728 932 1771 985 ⁸.
1814 931 1881 985 Et
1933 946 2069 985 rur-

484 1042 607 1081 sum
673 1026 947 1096 Sapientis
1004 1027 1171 1097 hujus
1208 1036 1363 1097 pater
1405 1023 1641 1098 (David)
1692 1024 1957 1078 Bonus~et
1985 1039 2069 1077 re-

481 1127 600 1172 ctus
639 1117 896 1173 Dominus
926 1120 969 1174 ’.
1007 1117 1075 1173 Et
1119 1117 1477 1190 cognomines
1527 1116 1703 1187 ipsius
1740 1115 1944 1171 salvari
1983 1114 2069 1169 di-

481 1209 575 1274 cit,
631 1209 758 1276 Qui,
830 1210 1033 1279 inquit,
1083 1211 1257 1264 salvos
1292 1211 1421 1280 facit
1471 1218 1638 1263 rectos
1687 1207 1842 1262 corde
1889 1207 1954 1262 ίθ.
2001 1206 2069 1260 Ει

479 1302 712 1356 iterum:
745 1302 1125 1367 Rectitudincs,
1172 1304 1447 1374 a’quitates
1480 1301 1811 1375 (animarum
1850 1299 2065 1369 nempe)

478 1392 613 1446 vidit
655 1402 705 1448 et
744 1394 981 1448 uisitauit
1035 1395 1211 1449 vultus
1258 1394 1373 1464 ejus
1412 1393 1473 1448 “.
1506 1393 1689 1449 Prima
1746 1392 1922 1447 virtus
1970 1405 2067 1445 seu

478 1486 788 1555 proprietas
824 1502 1119 1556 puerorum
1149 1487 1516 1543 crescentium
1546 1494 1631 1543 est
1653 1486 1873 1541 sincera
1902 1494 1956 1540 et
1984 1485 2069 1538 in-

396 1588 407 1604 '
477 1581 663 1634 fucata
694 1580 1039 1649 simplicitas,
1073 1597 1240 1652 quam
1286 1583 1378 1638 ille
1425 1578 1952 1650 Adamus,quandiu
1978 1593 2066 1633 re-

478 1671 665 1737 tinuit,
709 1673 1012 1729 nuditatem
1064 1676 1263 1730 anima:
1288 1690 1422 1740 suae,
1463 1683 1519 1729 et
1544 1673 1792 1744 corporis
1832 1672 1917 1727 sui
1949 1682 2069 1727 tur-

474 1764 778 1832 pitudinem
837 1783 942 1821 non
1006 1768 1160 1824 vidit.
1221 1768 1373 1823 Bona
1419 1768 1640 1839 quidem
1694 1775 1750 1822 et
1799 1768 1953 1822 beata
1983 1778 2066 1823 est

476 1857 643 1912 etiam
671 1859 939 1915 naturalis
964 1860 1311 1930 simplicitas,
1341 1876 1464 1932 qua:
1504 1861 1557 1915 in
1602 1861 1933 1931 quibusdam
1978 1877 2065 1917 re-

480 1949 707 2016 pcritur,
747 1949 912 2022 306
957 1951 1051 2007 sed
1093 1952 1289 2007 melior
1350 1961 1402 2008 et
1443 1952 1654 2009 beatior
1691 1962 1794 2019 est,
1841 1969 1963 2022 qua:
1995 1969 2062 2007 ex

479 2040 686 2094 malitia
718 2042 890 2096 multo
917 2031 1104 2098 labore
1131 2043 1378 2099 traducta
1414 2054 1517 2100 est.
1542 2043 1678 2099 Nam
1704 2044 1795 2098 illa
1819 2044 1887 2098 ab
1910 2043 2064 2099 omni

477 2128 603 2184 fuco
622 2138 677 2184 et
700 2129 893 2186 fraude
909 2133 1166 2205 vitiisque
1189 2134 1358 2190 animi
1395 2135 1724 2192 defenditur.
1761 2135 1886 2191 Haec
1907 2151 2061 2222 vero,

475 2219 761 2276 altissimae
814 2222 1142 2280 humilitatis
1185 2235 1241 2281 et
1268 2229 1711 2284 mansuetudinis
1761 2238 1847 2284 est
1869 2219 2065 2285 conci-

476 2310 677 2366 liatrix.
722 2311 1088 2386 lllicxiguum
1136 2318 1448 2386 praemium,
1505 2318 1636 2374 huic
1681 2319 2064 2388 inexplicabile

472 2412 559 2456 est
623 2404 980 2462 destinatum.
1023 2406 1350 2481 Quicunque
1397 2411 1677 2467 devincire
1712 2412 1814 2467 sibi
1858 2411 2064 2467 Domi-

472 2511 604 2550 num
650 2499 900 2569 cupiunt,
953 2503 1021 2556 ad
1068 2518 1196 2557 eum
1239 2511 1501 2573 tanquam
1549 2505 1804 2576 discipuli
1845 2506 1911 2560 ad
1945 2521 2063 2561 ma-

470 2589 702 2657 gistrum
748 2592 817 2647 ad
878 2593 1174 2662 capiendas
1224 2595 1549 2666 disciplinas
1620 2597 1948 2667 simpliciter
2007 2608 2062 2654 et

469 2682 723 2749 candide,
764 2700 873 2739 non
908 2686 1036 2741 ticto
1059 2687 1266 2752 animo,
1307 2688 1426 2742 sine
1466 2687 1593 2745 fuco
1616 2700 1671 2745 et
1693 2690 1904 2756 fraude,
1942 2692 2062 2747 sine

469 2774 681 2831 malitia
733 2789 789 2832 et
838 2778 1163 2835 curiositate
1213 2780 1500 2837 accedant.
1573 2782 1709 2839 Cum
1760 2786 1906 2841 enim
1943 2784 2062 2855 ipse

470 2866 705 2937 simplex
770 2880 964 2926 natura
1005 2878 1060 2927 et
1099 2872 1168 2939 ab
1217 2874 1369 2928 omni
1410 2876 1759 2932 concretione
1803 2893 2060 2950 segrega-

471 2968 561 3014 tus
599 2962 693 3028 sit,
731 2961 1012 3033 simplices
1050 2965 1215 3021 etiam
1279 2969 1548 3037 quasdam
1575 3010 1589 3035 ,
1636 2979 1691 3025 et
1734 2986 1901 3041 puras
1944 2971 2059 3027 sin-

471 3066 738 3123 cerasque
800 3056 1016 3114 animas
1081 3060 1150 3115 ad
1188 3076 1249 3117 se
1300 3063 1419 3117 vult
1463 3063 1743 3119 accedere.
1799 3062 2059 3134 Nunquid

2169 560 2361 628 χλόης
2378 561 2530 630 ταχὺ
2553 564 3025 622 ἀποπεσοῦνται.
3045 570 3107 622 Oi
3122 569 3230 642 γὰρ
3253 572 3482 626 τοιοῦτοι
3496 573 3667 647 βοσκη
3682 576 3760 648 (α)

2169 649 2454 727 δαιμόνων.
2486 654 2696 727 Ὠσπερ
2718 658 2906 729 ἀγάπη
2919 659 2946 711 ὁ
2970 659 3100 726 Θεὸς
3117 661 3462 734 ὀνομάζεται,
3477 665 3654 731 οὕτως
3665 670 3762 722 καὶ

2170 742 2422 816 εὐθύτης.
2451 746 2543 799 Διὸ
2569 748 2597 801 ὁ
2624 749 2786 817 σοφὸς
2812 752 2872 804 ὲν
2899 755 3012 817 τοῖς
3043 754 3281 825 ’ᾼσμασί
3320 774 3453 829 φησι
3494 759 3635 830 πρὸς
3661 760 3760 830 τὴν

2169 836 2417 908 καθαρὰν
2450 839 2678 910 καρδίαν
2703 858 2716 871 °
2748 844 3023 912 Εὐθύτης
3054 845 3340 916 ἠγάπησέ
3391 863 3467 902 σε
3495 849 3596 921 (b).
3649 852 3761 904 Καὶ

2170 925 2331 979 πάλιν
2362 931 2390 982 ὁ
2416 929 2607 983 τούτου
2630 933 2814 1003 πατὴρ
2841 948 2855 965 ·
2890 934 3165 1002 Χρηστὸς
3194 937 3294 991 καὶ
3342 938 3524 1006 εὐθὺς
3577 943 3611 994 d
3640 943 3762 995 Κύ-

2163 1035 2314 1087 ριος.
2373 1020 2485 1074 Καὶ
2534 1023 2662 1087 τοὺς
2708 1025 3062 1095 συνωνύμους
3107 1028 3273 1082 αὐτοῦ
3336 1029 3642 1096 σώζεσθαι.
3676 1033 3764 1086 λέ-

2169 1128 2256 1185 γει
2283 1129 2298 1144 ο
2335 1115 2470 1185 φησὶ
2510 1116 2620 1188 γάρ
2661 1133 2675 1147 ο
2720 1117 2833 1171 Τοῦ
2898 1117 3194 1189 σώζοντος
3241 1123 3387 1189 τοὺς
3436 1125 3639 1193 εὐθεῒς
3684 1126 3763 1195 τῇ

2168 1204 2404 1274 καρδίῃ.
2444 1208 2553 1260 Καὶ
2601 1208 2764 1262 πάλιν
2802 1224 2816 1238 ·
2845 1212 3190 1280 Εὑθύτητας
3222 1214 3440 1284 ψυχῶν
3476 1213 3623 1283 εἶδε,
3659 1218 3763 1271 καὶ

2167 1297 2555 1368 ἐπεσκέψατο
2584 1300 2653 1354 τὸ
2688 1302 3016 1370 πρόσωπον
3052 1306 3262 1360 αὑτοῦ.
3300 1308 3527 1377 Πρῶτον
3562 1309 3759 1378 ἰδίωμα

2168 1391 2267 1461 τῆς
2297 1392 2406 1445 τῶν
2452 1392 2658 1446 παίδων
2703 1394 3004 1465 αὐξήσεως,
3048 1393 3290 1469 ἁπλότης
3340 1400 3650 1465 άποίκιλος,
3690 1403 3759 1472 ἢν

2168 1483 2275 1546 ἕως
2323 1478 2469 1554 εἶχεν
2499 1485 2673 1556 ’Λδὰμ
2711 1487 2941 1552 ἐκεῖνος,
2976 1488 3077 1543 οὐκ
3119 1486 3226 1543 εἶδε
3253 1490 3538 1562 γύμνωσιν
3577 1493 3758 1565 ψυχῆς

2170 1574 2359 1628 αὐτοῦ’
2386 1575 2508 1629 οὐδὲ
2549 1577 2941 1650 ἀσχημοσύνην
2973 1582 3177 1653 σαρκὸς
3227 1582 3417 1638 αὐτοῦ.
3469 1586 3629 1657 Καλὴ
3660 1587 3757 1656 μὲν

2171 1668 2260 1721 xui.
2288 1669 2319 1738 ἡ
2349 1667 2513 1737 φύσει
2541 1670 2688 1724 τισὶν
2720 1669 3104 1745 ἐνυπάρχουσα
3135 1676 3378 1748 ἁπλότης
3412 1678 3511 1748 (7),
3540 1682 3637 1733 xui.
3664 1698 3759 1750 μαι

2171 1759 2340 1831 καρία
2364 1777 2380 1792 ο
2410 1761 2509 1831 οὐχ
2538 1760 2711 1824 οὕτως
2732 1762 2810 1827 δὲ,
2849 1763 2925 1828 ὼς
2958 1766 2991 1834 ἡ
3025 1767 3088 1820 ἐκ
3115 1770 3381 1839 πονηρίας
3410 1770 3478 1822 δι’
3519 1771 3759 1842 ἱδρώτων

2174 1854 2745 1924 κατεγκεντρισθεῖσα
2778 1872 2792 1887 ·
2826 1858 2858 1928 ἡ
2895 1856 2997 1928 μὲν
3039 1856 3147 1932 γὰρ
3178 1860 3287 1913 ἀπὸ
3333 1861 3538 1933 πολλῆς
3572 1881 3758 1917 ποικι-

2166 1956 2286 2021 λίας
2317 1959 2408 2011 καὶ
2430 1959 2619 2013 παθῶν
2647 1958 2909 2013 σκέπεται
2946 1978 2959 1991 ·
2993 1963 3027 2032 ὴ
3049 1961 3105 2015 δὲ
3139 1962 3483 2036 ὑψηλοτάτης
3505 1982 3758 2018 ταπεινο⁶

2166 2050 2441 2122 φροσύνης
2498 2050 2593 2105 xui
2638 2052 2947 2125 πραότητος
2987 2053 3196 2123 γίνεται
3244 2056 3540 2127 πρόξενος*
3572 2059 3756 2130 καὶτῇ

2169 2144 2267 2213 μὲν
2295 2144 2356 2196 οὐ
2388 2143 2555 2207 πολὺς
2591 2147 2619 2198 ὁ
2650 2145 2863 2216 μισθὸς,
2903 2149 2967 2218 τῇ
2995 2145 3053 2199 δὲ
3078 2147 3481 2219 ὐπερύμνητος.
3549 2149 3760 2214 Πάντες

2164 2236 2212 2289 οἱ
2270 2235 2363 2289 τὸν
2415 2236 2622 2308 Κύριον
2674 2238 2887 2302 ἑαυτοῖς
2952 2239 3360 2293 ἐπισπάσασθαι
3421 2239 3755 2312 βουλόμενοι,

2165 2328 2354 2391 ἁπλῶς
2386 2329 2482 2382 καὶ
2509 2329 2822 2394 ἀπλάστως,
2858 2329 2954 2384 καὶ
2979 2330 3299 2395 ἁποικίλως,
3332 2335 3426 2386 καὶ
3461 2329 3761 2403 ἀπονή

2164 2420 2241 2482 ὡς
2269 2418 2574 2490 διδασκάλῳ
2612 2421 2670 2474 ὲν
2708 2423 2818 2483 τοῖς
2847 2420 3165 2493 μαθήμασιν
3203 2423 3551 2495 ἀπεριέργως
3586 2441 3757 2494 προσ·

2165 2510 2429 2581 ἐλθωμεν.
2476 2511 2707 2576 Ἀπλοῦς
2726 2512 2836 2583 γὰρ
2865 2511 2961 2579 ὢν,
2997 2514 3092 2568 καὶ
3117 2513 3430 2581 ἁσύνθετος,
3464 2515 3650 2579 ἁπλᾶς
3679 2534 3757 2569 τιο

2164 2620 2260 2666 νας
2284 2603 2379 2657 καὶ
2411 2602 2702 2676 ἀκεραίους
2730 2604 2828 2669 τὰς
2858 2605 3036 2677 ἐαυτῷ
3081 2607 3529 2679 προσερχομένας
3576 2607 3755 2679 ψυχὰς

2144 2696 2301 2769 ,εἶναι
2335 2697 2602 2769 βούλεται.
2634 2700 2746 2753 Οὐκ
2774 2698 2888 2753 ἔστι
2919 2698 3029 2770 γὰρ
3071 2699 3352 2771 ἁπλότητα
3392 2701 3755 2772 ἀπηλλαγμέ-

2164 2811 2261 2865 νην
2297 2792 2677 2855 ταπεινώσεως
2706 2792 3003 2847 θεὰσασθαί
3031 2809 3160 2845 ποτε
3188 2792 3288 2865 (8).
3336 2793 3584 2865 Πονηρός
3636 2795 3754 2846 ἐστι

2164 2886 2531 2960 προϐλέπτης,
2576 2885 2776 2957 ψευδὴς
2829 2889 2894 2940 ὲκ
2932 2885 3107 2953 λόγων
3156 2885 3283 2948 τοὺς
3313 2883 3632 2955 λογισμοὺς,
3663 2884 3755 2937 καὶ

2164 2982 2229 3033 ὲκ
2254 2979 2550 3051 σχημάτων
2575 2979 2645 3032 τὰ
2683 2977 2947 3049 ἑγκὰρδια
2973 2975 3273 3047 λαμϐάνειν
3297 2975 3706 3046 φανταζόμενος
3736 2992 3752 3006 ·

2163 3069 2300 3126 εἶδον
2355 3071 2533 3134 εὐθεῖς
2581 3073 2646 3126 ὲκ
2695 3069 2947 3142 πονηρῶν
2994 3068 3393 3141 πονηρεύεσθαι
3437 3065 3757 3139 μεμαθηκό-

469 3160 602 3203 sane
659 3145 1068 3218 simplicitatem
1132 3153 1204 3209 ab
1262 3140 1575 3211 humilitate
1618 3154 1807 3211 videas
1862 3158 2056 3227 sejun-

2165 3183 2264 3230 τας
2287 3165 2385 3238 (9),
2422 3166 2515 3220 καὶ
2568 3140 2956 3236 πεφάντασμαι
3002 3140 3262 3229 πῶςηκαὶ
3298 3162 3517 3233 φύσεως
3562 3161 3757 3232 ἰδίωμα

468 3246 637 3294 ctam.
672 3238 943 3313 Malignus
967 3252 1052 3300 est
1100 3247 1338 3302 mendax
1393 3248 1695 3318 conjector,
1723 3249 1818 3320 qui
1848 3265 1916 3305 ex
1941 3266 2064 3306 ver-

474 3331 559 3386 his
589 3333 949 3404 cogitationes
986 3347 1040 3393 et
1077 3353 1145 3394 ex
1190 3338 1379 3394 habitu
1414 3349 1471 3396 et
1513 3342 1762 3412 gestibus
1810 3344 2064 3415 corporis

473 3443 674 3484 arcana
733 3432 918 3488 cordis
984 3449 1044 3489 se
1085 3435 1497 3506 deprehendere
1548 3452 1712 3508 posse
1758 3439 2062 3496 existimat.

467 3517 596 3575 Vidi
629 3522 952 3581 innocentes
975 3527 1043 3582 ab
1072 3525 1338 3597 improbis
1357 3530 1764 3601 improbitatem
1788 3532 2062 3601 hausisse,

470 3614 777 3673 demiratus
822 3620 1104 3689 quomodo
1169 3630 1280 3676 tam
1340 3623 1451 3678 cito
1496 3624 1908 3695 simplicitatem
1964 3642 2065 3682 na-

470 3719 609 3763 tum
656 3724 790 3775 suae,
841 3720 896 3767 et
948 3712 1275 3769 innocentiae
1323 3718 1741 3788 praerogativam
1788 3721 2066 3788 potuerint

470 3799 744 3857 amittere.
798 3801 976 3870 Quam
1059 3805 1221 3862 facile
1274 3806 1594 3865 innocentes
1650 3820 2062 3881 pervertuntur,

474 3901 583 3946 tam
619 3892 910 3950 difliculter
960 3897 1224 3955 malitiosi
1275 3902 1557 3957 emendari
1611 3911 1667 3958 et
1696 3905 1899 3975 corrigi
1930 3922 2060 3976 pos-

470 3992 622 4041 s'unt.
645 3983 786 4042 Vera
825 3988 1010 4044 surculi
1042 3988 1173 4061 fuga
1207 4000 1262 4046 et
1291 3992 1581 4063 subiectio,
1613 4002 1668 4049 et
1697 3995 1898 4066 linguze
1931 4012 2066 4052 con-

472 4077 726 4145 tinentia,
782 4081 955 4137 multa
1007 4097 1153 4152 saepe
1198 4092 1396 4154 praeter
1434 4100 1653 4141 omnem
1687 4102 1837 4157 spem
1874 4097 1930 4144 et
1949 4092 2064 4160 opi-

471 4171 694 4227 nionem
752 4172 1180 4232 immedicabilia
1234 4178 1375 4232 mala
1431 4189 1731 4249 potuerunt
1755 4198 1955 4239 curare
2011 4191 2067 4239 et

470 4276 785 4331 persanare.
828 4264 884 4320 Si
935 4267 1252 4341 complures
1317 4269 1550 4325 scientia
1601 4271 1776 4337 inflat,
1826 4272 2066 4330 fortasse

466 4356 744 4425 imperitia
785 4366 840 4413 et
900 4358 1122 4416 inscitia
1159 4362 1347 4433 aliquo
1400 4364 1566 4420 modo
1623 4367 1765 4422 solet
1822 4367 2063 4425 humiles

466 4448 720 4506 reddere.
764 4449 1090 4523 Exemplum
1155 4463 1212 4510 et
1266 4457 1684 4524 documentum,
1730 4476 1966 4531 veraque
2009 4472 2066 4517 et

465 4551 656 4611 aperta
683 4542 952 4612 definitio,
981 4547 1227 4620 adeoque
1253 4548 1427 4605 forma
1458 4550 1631 4606 beatae
1659 4538 2055 4623 simplicitatis,

469 4632 828 4688 beatissimus
867 4633 1072 4693 Paulus
1109 4649 1479 4708 cognomento
1512 4640 1745 4712 simplex
1786 4642 1947 4699 nobis
1975 4642 2059 4699 fa-

467 4736 587 4780 ctus
618 4735 722 4782 est.
752 4728 913 4802 307
935 4728 1109 4787 Nemo
1132 4731 1278 4787 enim
1299 4749 1543 4803 unquam
1577 4749 1834 4804 usquam,
1871 4751 2055 4802 nemo,

465 4819 715 4889 inquam,
742 4832 850 4877 tam
878 4823 1029 4879 brevi
1063 4832 1306 4896 tempore
1338 4826 1391 4880 in
1417 4827 1530 4881 ullo
1561 4827 1669 4882 alio
1688 4835 1900 4884 tantum
1932 4845 2062 4899 pro-

466 4910 667 4969 fectum
710 4918 795 4970 vel
851 4917 1004 4985 vidit,
1057 4919 1142 4974 vel
1187 4919 1419 4985 audivit,
1479 4920 1564 4975 vel
1611 4922 1798 4977 videre
1859 4932 2056 4992 pctest.

468 5005 712 5076 Simplex
764 5012 1073 5066 monachus
1125 5022 1211 5066 est
1255 5012 1426 5067 veluti
1480 5012 1790 5081 iumentum
1830 5018 2061 5072 rationis

464 5114 695 5170 compos
721 5109 776 5156 et
814 5103 1100 5170 obediens,
1134 5105 1283 5174 quod
1313 5114 1489 5160 totum
1543 5122 1685 5164 onus
1725 5125 1886 5166 suum
1912 5112 2061 5181 peni-

462 5203 554 5248 tus
599 5195 653 5247 in
703 5195 989 5250 ductorem
1048 5211 1210 5251 suum
1264 5197 1467 5268 reiicit.
1514 5200 1730 5256 Animal
1784 5219 1895 5259 non
1925 5219 2059 5260 con-

464 5286 684 5341 tradicil
718 5288 977 5343 vincienti
1004 5288 1209 5358 ipsum.
1237 5306 1416 5362 neque
1465 5292 1685 5353 animus
1724 5308 1911 5357 rectus
1953 5319 2057 5361 suo

2166 3262 2263 3317 καὶ
2315 3259 2641 3331 προτέρημα
2694 3258 2868 3322 οὕτως
2917 3258 3128 3329 ταχέως
3182 3256 3448 3311 ἀπολέσαι
3506 3255 3755 3326 ἴσχυσαν.

2169 3354 2311 3407 Ὅσα
2334 3354 2381 3405 οἱ
2413 3350 2592 3416 εὐθεῖς
2625 3351 2864 3423 εὐχερῶς
2904 3352 3325 3422 μεταπίπτουσι,
3363 3349 3607 3421 τοσούτῳ
3634 3348 3761 3402 δυσ-

2167 3441 2346 3515 χερῶς
2388 3444 2437 3496 οί
2476 3441 2707 3496 ἐναντίοι
2738 3442 3173 3513 μεταποιηθῆναι
3203 3441 3478 3519 δύνανται..
3514 3440 3761 3494 Ξενιτεία

2168 3535 2376 3607 ἀληθὴς
2414 3535 2509 3589 xui.
2537 3535 2787 3607 ὑποταγὴ
2810 3535 2946 3606 (l0),
2982 3536 3079 3589 xui
3105 3533 3324 3605 φυλακὴ
3362 3533 3591 3605 χειλέων
3633 3532 3763 3587 πολ-

2166 3628 2236 3685 λὰ
2303 3627 2562 3693 πολλάκις
2622 3627 2850 3700 ίσχυσαν
2890 3627 2985 3681 xui
3020 3628 3388 3698 μετεποίησαν
3437 3625 3765 3699 παραδόξως

2168 3721 2387 3777 ἀνίατα.
2422 3720 2487 3775 Εἰ
2520 3722 2553 3789 ἠ
2592 3718 2794 3789 γνῶσις
2832 3721 3018 3788 φυσιοῖ
3045 3718 3172 3783 τοὺς
3206 3718 3459 3782 πλείονας
3492 3735 3505 3748 ·
3538 3719 3615 3789 μή
3644 3734 3763 3783 πως

2168 3816 2202 3887 ἡ
2233 3815 2491 3879 ίδιωτεία,
2524 3813 2677 3884 καὶὴ
2709 3812 2922 3883 ἀμαθία
2967 3811 3259 3866 ταπεινοῦν
3287 3812 3626 3883 συμμέτρως
3668 3811 3765 3864 πέ-

2167 3926 2361 3979 φυκεν.
2411 3905 2714 3974 Ἀπόδειξις
2748 3906 2841 3960 xui.
2870 3907 2997 3979 ὅρος
3030 3907 3268 3979 ἐναργὴς
3302 3905 3399 3959 xui
3424 3904 3596 3967 τύπος
3629 3905 3763 3975 ἡμῖν

2166 4005 2267 4073 τῇς
2318 4000 2598 4075 μακαρίας
2663 3999 2964 4069 ἁπλότητος
3017 4002 3046 4053 ὁ
3089 3999 3491 4071 τρισμακάριος
3547 3996 3761 4059 Παῦλος

2168 4095 2391 4166 γέγονεν
2422 4096 2450 4148 ὁ
2475 4092 2699 4155 ἁπλοῦς.
2735 4091 2928 4156 Οὐδεὶς
2949 4092 3078 4163 γὰρ,
3113 4091 3287 4155 οὐδεὶς
3310 4089 3550 4160 οὐδαμοῦ
3574 4086 3760 4142 τοιαύ-

2165 4207 2268 4260 την
2297 4187 2581 4259 προκοπὴν
2610 4187 2668 4239 ἐν
2695 4186 2860 4259 ὀλίγῳ
2880 4185 3001 4239 οὐδὲ
3028 4181 3188 4252 εἶδεν,
3223 4184 3343 4237 οὐδὲ
3372 4184 3590 4256 ἤκουεν,
3640 4180 3759 4234 οὐδὲ

2170 4282 2298 4338 ίδεῖν
2335 4280 2559 4337 δύναται
2589 4280 2832 4336 πώποτε.
2884 4276 3117 4342 Ἀπλοῦς
3143 4275 3400 4348 μοναχὸς,
3444 4275 3644 4344 ἄλογον
3677 4271 3761 4326 λσ-

2166 4375 2343 4443 γικὸν,
2368 4374 2629 4445 ὑπήκοον,
2651 4371 2711 4425 τὸ
2737 4372 2937 4425 οἰκεῖον
2968 4369 3189 4441 φορτίον
3222 4366 3445 4429 τελείως
3474 4364 3552 4436 τῷ
3574 4366 3759 4434 ἄγοντι

2169 4466 2529 4537 ἀποθέμενος.
2562 4465 2677 4519 Οὐκ
2718 4462 2964 4519 ἀντείπει
2997 4463 3137 4529 ζῶον
3164 4459 3244 4533 τῷ
3276 4458 3600 4530 δεσμοῦντι’
3640 4455 3760 4511 οὐδὲ

2166 4556 2312 4629 ψυχὴ
2342 4555 2506 4627 εὐθὴς
2528 4556 2606 4627 τῷ
2636 4554 3020 4609 ὲπιστατοῦντι
3043 4569 3058 4582 '
3101 4551 3294 4605 ἕπεται
3326 4548 3404 4619 τῷ
3434 4547 3651 4601 ἕλκοντι
3686 4544 3758 4606 ὡς

2162 4647 2546 4719 βούλεται,’καὶ
2568 4647 2732 4719 μέχρι
2750 4645 2959 4710 θύσεως
2978 4643 3283 4711 ἀντιλέγειν
3317 4641 3417 4695 οὐκ
3444 4639 3756 4693 ἐπίσταται.

2160 4742 2485 4808 Δυσκόλως
2511 4743 2797 4813 πλούσιοι
2850 4744 2936 4806 εἰς
2987 4738 3345 4806 βασιλείαν,
3379 4733 3475 4787 καὶ
3503 4733 3757 4804 φρόνιμοι

2160 4837 2393 4908 ἄφρονες
2419 4838 2498 4901 είς
2539 4835 2819 4906 ἁπλότητα
2855 4832 3317 4887 εἰσελεύσονται
3350 4826 3489 4899 (Η).
3549 4823 3757 4892 Πτῶμα

2164 4928 2426 4992 πολλάκις
2463 4928 2671 4991 δεινοὺς
2704 4925 3072 4997 ἐσωφρόνισεν
3095 4963 3110 4986 ,
3148 4921 3404 4976 ἀκούσιον
3437 4917 3629 4978 αὐτοῖς
3658 4932 3757 4968 σω-

2160 5025 2359 5096 τηρίαν
2400 5022 2495 5077 καὶ
2538 5022 2775 5077 ἀκακίαν
2826 5018 3249 5090 κεχαρισμένον.
3291 5013 3499 5068 Πάλαιε
3549 5011 3785 5079 πλανᾷν-

2163 5133 2259 5169 σου
2307 5115 2407 5187 τὴν
2451 5114 2713 5186 φρόνησιν
2744 5113 2881 5182 (12),
2928 5110 3023 5166 καὶ
3063 5109 3238 5171 οὕτως
3285 5105 3458 5158 ποιῶν
3499 5104 3754 5176 εὑρήσεις

2161 5208 2459 5280 σωτηρίαν,
2493 5207 2588 5262 xui.
2620 5206 2895 5278 εὐθύτητα
2924 5208 2983 5259 ὲν
3004 5201 3228 5275 Χριστῷ
3259 5197 3437 5273 Ἰησοῦ
3458 5197 3540 5270 τῷ
3567 5195 3752 5268 Κυρίῳ

2159 5302 2339 5376 ἡμῶν.
2381 5301 2577 5373 Ἀμήν-

464 5380 704 5448 prasidi,
745 5381 998 5451 sequitur
1021 5397 1358 5455 quocunque
1399 5386 1711 5454 ducentem,
1752 5408 1857 5449 nec
1930 5398 2205 5457 obluctari
2241 5399 2326 5455 vel
2383 5397 2611 5467 obloqui
2670 5409 2845 5466 usque
2903 5392 2973 5448 ad
3020 5393 3218 5448 mortis
3275 5385 3618 5447 sacriﬁcium
3654 5397 3745 5438 no-

462 5470 569 5528 vit:
599 5472 768 5544 Αἴθη
814 5475 1008 5530 divites
1053 5477 1426 5547 ingrediuntur
1456 5496 1673 5537 nanum
1704 5487 1960 5545 calorum
1987 5493 2054 5557 ι’,
2096 5508 2201 5549 nec
2263 5492 2371 5550 sibi
2416 5492 2581 5548 stulte
2624 5489 2902 5560 sapientes
2942 5487 3011 5543 ad
3060 5484 3507 5557 simplicitatem.
3561 5478 3742 5547 Saepe-

534 5630 556 5662 “¹
587 5630 734 5688 Psal.
759 5650 947 5700 xxxvt,
979 5594 1096 5693 9~et
1119 5635 1174 5693 2.
1250 5640 1274 5672 '
1302 5639 1460 5696 Cant.
1490 5658 1507 5696 ι
1556 5643 1609 5698 5.
1686 5645 1708 5676 ⁸
1753 5645 1895 5702 Psal.
1931 5665 2058 5704 xxiv

2244 5654 2288 5687 ¹⁰
2318 5654 2465 5711 Psal.
2492 5669 2586 5720 vn,
2615 5654 2700 5709 ll.
2780 5653 2818 5685 η
2845 5649 3056 5719 Psal.x,
3090 5650 3143 5707 8.
3224 5651 3267 5684 “
3293 5647 3489 5705 Matth.
3516 5662 3629 5713 xix,
3651 5642 3731 5698 23.

538 5738 617 5827 ιι)
641 5745 829 5827 ﬂagiti;
851 5749 1207 5827 membranae,
1219 5768 1486 5827 pascuum
1501 5755 1753 5827 ,‘ﬁoaxoi,
1784 5768 2051 5827 pastores.

532 5814 606 5884 (ὁ)
640 5816 713 5871 lta
745 5814 1116 5891 Septuaginta,
1147 5814 1379 5894 εὐθύτης
1434 5814 1689 5899 ἠγάπησέ
1722 5814 1799 5883 σεξ
1844 5814 2061 5901 Vulgari

2174 5831 2325 5890 Recti
2351 5832 2580 5899 diliquu:
2602 5842 2667 5886 te.
