4042 6468
295 416 402 480 985
1313 401 1542 484 sc'ALA
1566 423 2027 513 PARADISIré
2054 425 2364 490 omnes
2387 431 2597 492 XXIV-
3471 432 3579 499 986

293 541 534 583 numero
578 529 761 598 gravis
801 528 1010 598 peccati
1050 529 1239 599 lapsus
1287 530 1569 600 improbos
1615 533 1876 599 correxit,
1917 541 1974 588 et
2040 536 2366 592 modestiam
2435 538 2639 605 docuit,
2676 537 2750 593 ita
2793 547 2854 593 ut
2899 539 3213 596 nolentibus
3257 540 3490 595 salutem
3521 545 3578 594 e‘

293 621 668 677 innocentiam
728 620 966 677 all'erret.
1012 622 1197 693 Pugna
1253 631 1308 678 et
1383 628 1543 682 stude
1607 636 1758 682 tuam
1814 627 1990 698 ipsius
2052 631 2398 700 prudentiam
2456 633 2733 688 eludere:
2778 635 2924 704 quod
2973 635 3020 691 si
3065 633 3283 701 feceris,
3333 632 3581 688 invenies

286 711 532 767 Salutem
557 719 610 768 et
636 721 844 767 rectam
877 721 1116 768 mentem
1143 715 1199 768 in
1232 713 1455 770 Christo
1482 715 1614 773 Jesu
1646 717 1882 773 Domino
1923 727 2137 774 nostro.

659 846 915 900 ΣΧΟΛΙΛ
963 845 1070 900 ΕΙΣ
1132 847 1263 901 ΛΟΓ
1267 849 1360 903 ΟΝ
1410 851 1515 902 ΚΔ¹
1913 842 1963 899 Α

1913 842 1963 899 Α
2273 854 2570 911 SCHOLIA
2623 857 2716 911 AD
2769 856 3064 913 GRADUM
3102 854 3291 911 xxnv.

827 953 967 1022 Περὶ
1028 955 1384 1022 πραότητος.

2511 965 2591 1020 De
2623 967 3053 1020 mansuetudine.

902 1069 1162 1137 Σχόλιον
1190 1075 1258 1124 α’.

2639 1073 2892 1130 Scholion
2925 1075 2977 1130 1.

381 1162 449 1214 Ἦ
488 1161 586 1232 μὲν
616 1160 862 1230 πραότης
885 1160 1157 1230 ἀτάραχον
1181 1161 1271 1213 τὸν
1296 1161 1468 1232 Θυμδν
1490 1161 1840 1230 διαφυλάττει
1867 1176 1882 1191 ⁸

2059 1162 2418 1219 Mansuetudo
2451 1165 2909 1235 imperturbatum
2945 1172 3242 1220 conservat
3281 1163 3568 1218 animum:

281 1256 316 1323 ἡ
349 1255 412 1306 δὲ
443 1255 782 1317 ταπείνωσις
810 1252 981 1322 τύφου
1009 1255 1105 1307 καὶ
1137 1253 1446 1319 κενοδοξίας
1473 1253 1566 1310 τὸν
1589 1255 1714 1308 νοῦν
1733 1254 1877 1308 ἐλευ-

1988 1251 2272 1308 humilitas
2301 1269 2331 1307 a
2369 1263 2584 1309 tumore
2617 1253 2891 1324 superbiae
2920 1262 2974 1309 et
3003 1268 3144 1308 vana
3176 1253 3350 1324 gloria
3371 1253 3569 1308 liberat

283 1346 468 1417 θεροϊ.

1987 1358 2111 1398 men
2119 1351 2222 1398 tem
2231 1384 2245 1399 .

897 1441 945 1491 Σ
945 1438 1158 1506 χόλιον
1211 1436 1276 1506 β’.

2612 1438 2868 1495 Scholion
2903 1438 2959 1494 2.

363 1530 442 1584 Τὸ
479 1530 748 1601 βαστάσαι
777 1530 926 1583 ἐστὶν
950 1531 984 1598 ή
1025 1530 1294 1600 πραότης.

1281 1569 1294 1582 .
2056 1528 2339 1586 Sustinere
2362 1539 2446 1587 est
2483 1531 2874 1586 mansuetudo.

919 1625 966 1675 Σ
970 1623 1184 1690 χόλιον
1209 1628 1280 1690 γ’.

2618 1622 2869 1677 Scholion
2906 1621 2959 1676 '5.

365 1713 546 1784 Εἵρων
585 1713 806 1782 λέγεται
831 1716 858 1769 ὁ
880 1714 1068 1780 κόλαξ,
1102 1717 1130 1768 ὁ
1162 1713 1439 1778 ἀπατεὼν,
1471 1715 1500 1767 ὁ
1533 1713 1877 1785 ψευδολόγος,

2054 1709 2436 1769 Dissimulator
2472 1715 2676 1769 dicitur
2707 1715 2980 1781 adulator,
3002 1713 3288 1784 impostor,
3314 1712 3570 1776 mendax,

285 1805 359 1858 ὲκ
379 1805 478 1858 τοῦ
506 1805 849 1878 συμπλέκειν
878 1805 1071 1876 λόγους
1098 1807 1236 1876 πρὸς
1279 1806 1462 1880 χάριν,
1493 1807 1554 1861 οὐ
1587 1807 1722 1877 πρὸς
1745 1807 1881 1879 ἀλή-

1983 1802 2130 1870 quod
2159 1805 2324 1860 verba
2355 1820 2456 1862 sua
2503 1805 2706 1861 referat
2747 1804 2814 1860 ad
2857 1805 3114 1874 gratiam,
3163 1817 3273 1857 non
3320 1794 3389 1856 ad
3429 1801 3571 1856 veri-

287 1896 472 1951 Θειαν.
1721 1914 1738 1925 ’
1762 1928 1787 1974 1

1721 1914 1738 1925 ’
1762 1928 1787 1974 η
1984 1901 2169 1948 tatem.

721 1990 986 2058 Σχόλιον·
1023 1989 1328 2060 Εὑαγρίου
1373 1990 1435 2045 δ’.

2625 1983 2841 2055 Evagrii
2875 1984 2931 2038 ι.
3275 2011 3303 2036 ρ

372 2079 543 2144 Φύσις
570 2080 736 2151 θυμοῦ
761 2081 824 2134 τὸ
850 2084 962 2145 τοῖς
997 2081 1220 2151 δαίμοσι
1257 2081 1560 2152 μάχεσθαι,
1606 2085 1701 2137 καὶ
1741 2085 1882 2158 ὑπὲρ

2051 2073 2259 2131 Natura
2293 2077 2700 2148 (indignantis)
2737 2077 2930 2143 animi,
2965 2075 3081 2131 sive
3103 2074 3218 2141 irae,
3255 2087 3338 2129 εει
3373 2071 3571 2128 adver-

301 2163 526 2239 ἧστινος
584 2165 674 2223 οῦν
727 2170 920 2240 ἡδονῆς
979 2169 1384 2238 ἀγωνίζεσθαιο
1439 2172 1630 2243 διόπερ
1680 2177 1728 2227 οἱ
1781 2176 1880 2244 μὲν

1985 2182 2080 2223 sus
2137 2169 2416 2225 daamonas
2458 2183 2722 2240 pugnare,
2760 2176 2814 2223 et
2865 2183 2964 2238 pro
3009 2168 3383 2238 qualicunque
3431 2165 3572 2219 dele-

294 2256 524 2324 ἄγγελοι
547 2258 642 2328 τὴν
664 2258 1043 2330 πνευματικὴν
1067 2262 1202 2330 ἡμῖν
1222 2261 1416 2332 ἡδονὴν
1441 2263 1836 2319 ὑποϐάλλονται
1861 2283 1875 2298 ·

1983 2260 2223 2315 ctatione
2257 2262 2561 2317 decertare.
2591 2259 2781 2330 Itaque
2819 2261 2998 2331 angeli
3043 2259 3383 2329 spiritualem
3411 2257 3570 2312 nobis

289 2348 390 2400 καὶ
424 2349 526 2418 τὴν
555 2350 623 2401 ὲκ
649 2350 858 2420 ταύτης
891 2351 1274 2423 μακαριότητα
1299 2353 1439 2425 πρὸς
1468 2355 1597 2418 τοὺς
1618 2355 1882 2426 δαίμονας

1982 2351 2321 2421 voluptatem
2378 2359 2703 2422 suggerunt,
2744 2359 2800 2406 et
2846 2351 3142 2405 hortantur
3169 2350 3336 2420 308
3361 2363 3482 2413 nos,
3512 2357 3574 2403 ut

279 2439 382 2492 τὸν
415 2438 588 2509 θυμὸν
616 2441 817 2512 τρέψαι
867 2443 1281 2512 παρακαλοῦσιν
1303 2460 1318 2475 ⁸
1349 2446 1548 2499 ἐκεῖνοι
1589 2446 1634 2500 δ’
1667 2443 1733 2501 αὖ
1772 2448 1875 2501 πά-

1982 2458 2083 2515 pro
2137 2455 2264 2499 nata
2318 2444 2445 2498 inde
2503 2444 2770 2500 beatitate
2821 2445 2957 2497 iram
2999 2443 3265 2497 adversus
3292 2442 3572 2496 daemones

275 2528 373 2582 λιν
421 2531 562 2599 πρὸς
613 2532 712 2594 τὰς
760 2536 1033 2603 κοσμικὰς
1083 2535 1383 2605 ἐπιθυμίας
1435 2537 1662 2592 ἕλκοντα
1711 2541 1871 2609 ἡμᾶς,

1982 2537 2228 2592 alamus:
2290 2549 2498 2603 contra,
2562 2536 2767 2592 diaboli
2799 2536 2865 2590 ad
2891 2536 3181 2590 saeculares
3217 2545 3270 2590 et
3311 2532 3571 2604 profanas

272 2622 377 2677 τὸν
432 2622 607 2694 θυμὸν
651 2628 767 2689 τοῖς
819 2625 1131 2698 ἀνθρώποις
1177 2628 1330 2699 παρὰ
1377 2613 1541 2700 (ῥύσιν
1606 2632 1868 2702 βιάζονται

1982 2629 2308 2700 cupiditates
2344 2632 2571 2687 trahunt
2609 2647 2734 2694 nos,
2798 2631 3047 2700 iramque
3100 2637 3453 2685 commovent
3511 2636 3571 2684 ut

277 2714 588 2784 μάχεσθαι,
634 2716 723 2770 ἵνα
773 2718 1081 2781 σκοτισθεὶς
1113 2722 1141 2772 ὁ
1174 2718 1300 2783 νοῦς
1346 2721 1442 2774 καὶ
1480 2725 1581 2794 τῆς
1625 2722 1873 2792 γνώσεως

1982 2723 2249 2777 adversus
2278 2723 2526 2780 homines
2551 2734 2894 2794 repugnante
2941 2732 3130 2777 natura
3172 2723 3569 2792 depugnemus,

273 2806 564 2876 ἐκπεσὼν,
606 2809 873 2878 προδότης
903 2810 1013 2865 τῶν
1040 2812 1253 2885 ἀρετῶν
1278 2813 1530 2886 γένηται.

1980 2816 2060 2870 uti
2095 2831 2252 2870 mens
2295 2815 2490 2871 otfusis
2543 2816 2783 2872 tenebris
2841 2816 3157 2886 amissaque
3201 2813 3430 2869 scientia
3465 2821 3571 2868 vir-

1981 2915 2160 2961 tutum
2191 2907 2458 2977 proditrix
2489 2907 2603 2962 ﬁat.

611 3020 802 3075 ’Άλλο
850 3023 1190 3092 Γρηγορίου
1233 3024 1555 3093 Θεολόγου.

1527 3043 1555 3078 ν.
2438 3025 2602 3079 Aliud
2653 3023 2696 3079 G
2703 3040 2810 3095 reg.
2858 3024 3123 3096 Theologi.

357 3113 544 3185 Θυμὺν
591 3115 831 3184 χαλινοῦ,
885 3117 959 3188 μὴ
1006 3117 1223 3188 φρενῶν
1268 3117 1375 3184 ἔξω
1424 3117 1633 3190 πέσῃςο
1683 3118 1878 3184 κόλαζε

2053 3115 2258 3170 Coerce
2299 3116 2438 3170 iram
2490 3131 2560 3170 ne
2604 3125 2785 3170 mente
2837 3117 3103 3182 excidas;
3150 3115 3359 3187 castiga
3400 3124 3454 3170 et
3481 3131 3571 3172 ro-

275 3204 376 3258 τδν
403 3204 598 3275 θυμὸν,
635 3212 832 3277 μανίας
861 3207 972 3278 γὰρ
1006 3207 1124 3261 ἐστι
1163 3208 1350 3279 πατὴρ
1397 3209 1460 3262 τὸ
1492 3209 1693 3282 μέτρον
1725 3209 1871 3282 ἐξερ-

1981 3210 2153 3266 tunde
2193 3209 2681 3266 excandescentem
2734 3211 3006 3273 animum,
3053 3219 3138 3266 est
3166 3212 3311 3266 enim
3343 3212 3575 3268 insaniae

273 3298 541 3370 χόμενος.

1980 3314 2182 3370 parens
2210 3300 2305 3369 qui
2331 3300 2554 3355 modum
2579 3314 2799 3353 omnem
2821 3299 3055 3354 excedit.

907 3389 1170 3457 Σχόλιον
1206 3395 1269 3442 ε’.

2603 3389 2849 3446 Scholion
2875 3391 2927 3446 5.

367 3478 439 3531 ἸΙ
463 3477 574 3546 γὰρ
603 3479 838 3550 πονηρία
868 3480 928 3533 οὐ
962 3483 1243 3552 συγχωρεῖ
1282 3479 1373 3534 διὰ
1424 3481 1718 3552 μετανοίας
1747 3483 1880 3537 ἅνα-

2054 3484 2254 3540 Malitia
2279 3486 2426 3540 enim
2458 3500 2570 3540 non
2593 3485 2726 3541 sinit
2751 3485 3030 3541 hominem
3059 3500 3155 3556 per
3189 3484 3565 3554 paenitentiam

280 3570 483 3633 στῆναι
503 3569 602 3623 τοῦ
631 3570 945 3643 πτώματος.

690 3570 748 3624 τὼ
754 3590 945 3643 ματος.
1902 3583 1946 3644 C
1979 3591 2286 3648 resurgere.

889 3669 1153 3738 Σχόλιον
1198 3676 1272 3734 ς’.

2582 3666 2840 3726 Scholion
2877 3666 2929 3722 6.

349 3753 639 3825 ’Υπουλος
661 3760 824 3833 ἀνὴρ,
849 3763 1066 3818 δικτύον
1097 3763 1509 3836 κεκρυμμένον.

2053 3758 2230 3816 Homo
2287 3758 2552 3816 subdolus
2604 3767 2658 3816 et
2719 3757 2889 3813 fallax
2933 3765 3018 3813 est
3088 3765 3203 3812 rete
3256 3755 3567 3812 abscondi-

1982 3863 2118 3910 tum.

907 3943 952 3994 Σ
954 3941 1165 4010 χόλων
1189 3941 1255 4006 ζ’.

2625 3941 2878 3998 Scholion
2906 3940 2959 3995 7.

377 4031 448 4085 Ἦ
484 4031 678 4103 φυσικὴ
703 4031 969 4104 ἁπλότης,
1016 4035 1172 4106 φησὶ,
1210 4033 1423 4090 πολλῶν
1469 4034 1660 4091 παθῶν
1688 4037 1876 4106 τηρεῖ-

2049 4034 2327 4090 Naturalis
2373 4031 2720 4104 simplicitas,
2755 4031 2961 4101 inquit,
2998 4044 3028 4084 a
3057 4028 3249 4086 multis
3296 4029 3447 4086 vitiis
3485 4041 3567 4088 est

283 4138 386 4176 ται
424 4121 701 4193 ἀμέτοχος.

664 4141 701 4183 ς.
1980 4126 2260 4182 immunis.

898 4221 945 4272 Σ
945 4221 1163 4289 χόλων
1196 4227 1270 4292 η’.
1949 4199 1953 4204 ἡ

1949 4199 1953 4204 “
2597 4215 2850 4272 Scholion
2875 4216 2929 4271 8.

365 4308 436 4361 Ἥ
465 4309 704 4382 ἁπλότης
720 4311 812 4364 καὶ
844 4310 905 4363 τὸ
936 4313 1011 4383 μὴ
1035 4316 1258 4385 μετρεῖν
1294 4315 1485 4369 ἑαυτὸν
1538 4311 1749 4385 ἁγνίζει
1776 4314 1876 4385 τὴν

2054 4310 2392 4382 Simplicitas
2418 4319 2472 4366 et
2498 4309 2739 4381 seipsum
2765 4324 2876 4365 non
2906 4308 3202 4374 testimare,
3231 4321 3262 4363 a
3280 4306 3424 4362 malo
3444 4307 3567 4363 ani-

275 4402 512 4474 καρδίαν
541 4405 650 4458 ἀπὸ
677 4403 774 4460 τοῦ
818 4405 1080 4477 πονηροῦ.

1977 4419 2130 4458 mllm
2155 4411 2437 4474 repurgat.
3329 4409 3337 4426 '

934 4499 1198 4567 Σχόλιον
1247 4500 1312 4553 θ’.

2603 4493 2856 4552 Scnolion
2895 4496 2945 4552 9.

348 4589 638 4655 Φευκτέον,
665 4592 990 4664 παρακαλῶ,
1040 4595 1168 4658 τοὺς
1214 4596 1418 4658 κακοὺς
1469 4583 1872 4666 συνδιαιτητὰς,

2049 4589 2360 4664 Fugiendos
2405 4589 2685 4661 improbos
2743 4591 3089 4646 convictores
3133 4599 3403 4660 quantum
3449 4588 3565 4644 ﬁeri

265 4687 385 4755 ὅση
442 4684 693 4756 δύναμις,
759 4687 846 4740 ἵνα
894 4686 971 4757 μὴ
1017 4688 1339 4759 συναλῶμεν
1391 4692 1456 4760 τῇ
1528 4689 1697 4759 κακίᾳ
1759 4690 1861 4746 αὐ-

1977 4691 2180 4756 potest,
2231 4698 2450 4748 moneo,
2507 4683 2815 4754 hortorque
2849 4698 2918 4738 ne
2947 4682 3167 4737 illorum
3198 4681 3345 4738 vitiis
3385 4686 3565 4753 capia-

267 4777 418 4832 τῶν.

1976 4791 2119 4830 mur.

887 4877 934 4928 Σ
936 4876 1148 4942 χόλιον
1182 4875 1233 4929 ι’.
1907 4937 1942 4942 _

1907 4937 1942 4942 _
2584 4862 2838 4919 Scholion
2872 4863 2959 4919 10.

350 4958 460 5012 Τὸν
489 4960 691 5030 τρόπον
721 4959 892 5028 λέγει,
1071 4961 1137 5015 ἂν
1167 4964 1215 5015 οἱ
1266 4965 1495 5033 πονηροὶ
1521 4965 1616 5018 καὶ
1647 4964 1872 5020 ὕπουλοι
1907 4937 1946 4992 Π

2054 4956 2131 5012 De
2163 4957 2413 5012 moribus
2456 4955 2718 5026 loquitur,
2772 4955 3050 5022 quomodo
3082 4957 3315 5026 improbi
3357 4964 3412 5012 et
3435 4956 3566 5013 sub-

261 5051 677 5127 μταὸληθείἑν
726 5071 880 5108 ποτε.
1747 5112 1754 5121 ,

1747 5112 1754 5121 Ι
1983 5047 2092 5103 doli
2130 5048 2364 5105 subinde
2392 5057 2674 5103 mutentur
2709 5057 2762 5102 et
2788 5047 3169 5102 emendentur.

879 5147 1144 5216 Σχόλιον
1171 5154 1261 5202 ια’.

2598 5137 2856 5193 Scholion
2893 5139 2979 5193 il.

349 5237 514 5302 Τινὲς
543 5237 866 5310 ,φρονίμους
904 5238 1124 5307 λέγουσι
1173 5239 1304 5302 τοὺς
1351 5239 1725 5314 διακριτικοὺς
1765 5245 1872 5298 τῶν

2051 5230 2307 5298 Quidam,
2366 5232 2664 5302 prudentes
2692 5231 3020 5286 existimant
3046 5231 3193 5296 illos,
3220 5229 3314 5300 qui
3344 5230 3563 5300 negotia

255 5326 555 5398 αἰσθητῶν
594 5325 943 5398 πραγμάτων
969 5339 984 5355 ⁸
1014 5327 1271 5396 φρόνιμοι
1293 5327 1350 5379 δέ
1372 5330 1512 5383 εἰσιν
1541 5332 1591 5384 οἱ
1623 5332 1851 5403 ἐπικρα-

1977 5327 2205 5372 externa
2263 5335 2526 5374 sensuum
2578 5318 2869 5374 commode
2907 5327 2961 5372 et
2999 5321 3298 5388 prudenter
3324 5317 3561 5374 admini-

255 5418 500 5484 τοῦντες
521 5419 635 5474 τῶν
662 5419 884 5474 οἰκείων
917 5416 1265 5490 θελημάτων.

1977 5403 2173 5463 διτοηι.
2208 5407 2314 5463 Sed
2354 5426 2544 5465 revera
2574 5411 2874 5480 prudentes
2902 5421 3053 5474 sunt,
3103 5409 3197 5479 qui
3230 5406 3561 5464 voluntatem

1970 5501 2250 5571 propriam
2283 5501 2336 5555 in
2366 5500 2542 5558 ollicio
2582 5503 2889 5559 continent.

827 5622 1090 5690 Σχόλιον
1134 5619 1310 5674 ἄλλο.
1901 5670 1931 5690 _
2041 5681 2072 5690 _
2143 5681 2200 5690 η

1901 5670 1931 5690 ⁸
2527 5591 2782 5649 Scholion
2837 5593 3010 5648 aliud.

348 5704 620 5778 ’Δφρονες
675 5670 912 5780 ἀληθῶς
1438 5709 1690 5782 φρόνιμοι
1719 5726 1731 5741 ο
1760 5709 1854 5764 καὶ
1901 5670 1931 5696 .

2039 5681 2202 5738 Stulti
2231 5699 2358 5740 vere
2383 5694 2513 5742 sunt
2538 5685 2618 5742 illi
2661 5686 2759 5756 qui
2797 5684 2903 5741 sibi
2955 5697 3148 5754 sapere
3201 5680 3478 5746 videntur,
3513 5689 3568 5736 et

253 5795 365 5853 τοῦ
387 5774 727 5871 προφητικοῦ
767 5774 903 5857 οὐαὶ
938 5774 1268 5873 κληρονόμοι
1301 5774 1533 5863 ἐπάξιοι.
1601 5774 1614 5782 ’

1962 5777 2112 5833 illius
2184 5779 2487 5852 prophetici
2559 5778 2769 5836 oraculi
2819 5777 2978 5850 (va)
3035 5775 3244 5833 'merito
3313 5774 3558 5832 haeredea

1965 5870 2120 5926 ﬁunt.
