4042 6418
503 349 606 406 987

1228 472 1410 526 Aliud.

588 550 712 610 Non
770 557 894 614 illos
950 561 1043 629 qui
1079 545 1206 617 vere
1238 562 1293 616 in
1321 561 1542 618 Christo
1575 565 1818 637 sapiunt,
1846 566 2096 634 damnat,

519 648 615 702 sed
659 663 795 717 quos
833 651 1070 706 mundus
1106 653 1321 708 videtur
1369 653 1553 710 dicere
1599 656 1918 727 prudentes,
1943 668 1998 713 et
2030 674 2100 714 ex

519 741 740 797 malitiae
779 744 1010 798 stultitia
1046 746 1161 800 noti
1195 745 1321 802 facti
1346 757 1495 803 sunt.

1118 839 1369 897 Scholion
1413 844 1499 900 12.

581 925 884 994 Contende,
934 928 1132 998 inquit,
1179 947 1247 986 ne
1272 931 1440 988 facias
1479 934 1623 1003 quod
1649 943 1754 988 tuze
1799 934 2101 1004 prudentiae

517 1019 753 1071 Occurrit
794 1018 910 1074 sine
959 1021 1230 1090 majorum
1270 1025 1502 1080 consilio
1535 1041 1630 1080 seu
1687 1026 2098 1096 approbatione.

951 1223 1117 1295 309
1155 1222 1441 1283 GRADUS
1488 1227 1658 1282 xxv.

1781 365 1840 426 s.
1875 364 2198 427 JOANNIS
2226 347 2533 427 CLIMACI

2129 485 2179 542 Δ

3682 358 3789 423 988

2910 476 3124 530 Ἀλλο.

2279 567 2354 621 Οὐ
2383 567 2509 629 τοὺς
2540 563 2828 636 ἀληθινοὺς
2877 565 2935 618 ὲν
2977 562 3200 637 Χριστῷ
3253 562 3553 635 φρονίμους
3590 560 3790 617 tueat-

2205 655 2311 723 λει,
2364 655 2482 711 ἀλλ’
2515 654 2609 720 οὒς
2634 657 2662 710 ό
2698 655 2901 726 κόσμος
2932 655 3079 710 δοκεῖ
3115 653 3299 723 λέγειν
3347 653 3669 725 φρονίμους,
3721 657 3788 729 τῇ

2207 750 2309 820 τῆς
2346 749 2617 821 πονηρίας
2643 747 2928 821 ἀφροσύνῃ
2951 746 3412 820 γνωριζομένους.

2813 843 3076 910 Σχόλιον
3103 841 3192 898 ι6’ς

2291 935 2609 1004 Ἀγωνίζου,
2669 935 2825 1011 φησὶ,
2873 935 2950 1007 μὴ
2987 937 3164 989 ποιεῖν
3203 934 3272 989 τὰ
3299 937 3368 1007 τῇ
3395 935 3660 1007 φρονήσει
3695 951 3789 988 σου

2209 1028 2597 1100 παριστάμενα
2643 1028 2772 1083 ἄνευ
2819 1027 2922 1096 τῆς
2977 1027 3086 1082 τῶν
3127 1027 3392 1100 μειζόνων
3440 1027 3788 1100 δοκιμασίας.

2577 1147 3790 1174 nm

2798 1229 3020 1284 ΛΟΓΟΣ
3068 1226 3199 1286 ΚΕ’.

513 1329 593 1384 De
659 1335 943 1412 perdilrice
1000 1338 1235 1412 omnium
1295 1319 1648 1412 uitiositalum
1703 1336 2095 1412 [interfectrice

2207 1338 2344 1406 Περὶ
2383 1337 2495 1407 τῆς
2527 1339 2646 1392 τῶν
2675 1339 2883 1412 παθῶν
2910 1339 3237 1412 ἀπωλείαςΔ
3257 1339 3366 1408 τῆς
3391 1341 3666 1412 ὑψίστου
3695 1357 3791 1394 τα.

585 1405 821 1481 omuinm
847 1405 1401 1481 vitiorumjaltissirna
1435 1405 1756 1477 humilitate,
1789 1405 2094 1481 incorporeo

581 1474 760 1552 sensui
812 1477 996 1552 insita,
1041 1474 1190 1552 quem
1221 1478 1442 1546 gradum
1469 1481 1558 1552 qui
1597 1474 1888 1552 superavit,
1933 1474 2091 1552 ﬁdat,

589 1542 861 1595 Christum
909 1542 1062 1598 cnim'
1091 1542 1355 1614 imitatus,
1398 1542 1573 1604 sali-us
1608 1542 1782 1620 [uetus
1815 1542 1912 1607 est.

588 1636 691 1702 Qui
742 1652 967 1692 sensum
1028 1649 1084 1694 et
1114 1640 1366 1696 eﬂ'ectum
1417 1645 1703 1700 cbaritatis
1732 1646 1933 1702 divina:
1964 1661 2096 1716 prov

513 1727 652 1796 prie,
682 1737 736 1782 et
773 1729 1098 1787 humilitatis
1130 1732 1385 1789 decenter
1423 1733 1534 1802 [uti
1579 1736 1794 1809 decet];
1834 1747 1888 1794 et
1921 1738 2096 1794 beata

2271 1412 2788 1479 πεινοφροσύνης,
2813 1409 3044 1478 ἀοράτῳ
3059 1409 3342 1474 αἰσθήσει
3357 1409 3754 1479 ἐγγινομένης
3769 1427 3786 1444 ·

2272 1479 2341 1545 ὃς
2368 1477 2670 1534 ἀνάϐασιν
2718 1477 3004 1548 ισχυσεν,
3029 1480 3342 1548 θαρσείτω,
3375 1477 3482 1534 τόν
3503 1477 3789 1536 διδάσκα-

2273 1554 2390 1604 λον
2419 1551 2532 1621 γὰρ
2559 1552 2822 1618 Χριστὸν
2873 1552 3294 1620 μιμησάμενος
3319 1553 3652 1607 σέσωσται.

2287 1641 2347 1695 '0
2372 1643 2597 1712 ἀγάπης
2645 1641 2854 1711 Κυρίου
2901 1639 3129 1711 κυρίως,
3161 1642 3257 1695 καὶ
3285 1643 3788 1715 ταπεινοφροσύνης

2209 1732 2551 1806 πρεπόντως,
2584 1732 2680 1787 καὶ
2735 1733 3015 1804 μακαρίας
3046 1734 3269 1802 ἁγνείας
3299 1733 3542 1805 ἀληθῶς,
3578 1736 3675 1788 καὶ
3701 1737 3784 1789 ἐλ-

515 1817 791 1874 castitatis
843 1837 1007 1889 vere;
1063 1832 1116 1877 et
1165 1823 1364 1880 divina:
1407 1825 1794 1884 illustrationis
1848 1830 1995 1886 clare
2045 1839 2101 1886 et

2207 1822 2460 1893 λάμψεως
2499 1821 2636 1876 Θεοῦ
2662 1821 2909 1892 ἐναργῶς
2960 1820 3065 1891 (τι),
3101 1823 3194 1875 καὶ
3227 1821 3394 1892 φόϐου
3422 1822 3593 1876 αὑτοῦ
3627 1823 3789 1892 ἀψευ-

515 1920 743 1978 aperte;
803 1921 856 1966 et
909 1914 1122 1969 timoris
1156 1915 1276 1985 ejus
1304 1932 1412 1972 non
1453 1919 1610 1984 ﬁcte;
1642 1929 1696 1975 ct
1725 1932 1888 1976 certae
1918 1923 2102 1978 cordis

516 1999 730 2053 ﬁducia:
777 2003 989 2057 sincere
1052 2005 1255 2070 verbis,
1309 2024 1432 2078 qua:
1485 2009 1590 2064 sub
1619 2027 1844 2067 sensum
1875 2015 2100 2081 cadunt,

513 2093 788 2161 explicare
819 2106 1072 2164 conatur,
1095 2112 1392 2168 eorumque
1429 2101 1664 2170 animos,
1687 2105 1781 2174 qui
1809 2105 1954 2160 hunc
1977 2121 2104 2162 sen-

513 2197 638 2237 sum
687 2195 742 2239 et
784 2187 1036 2243 effectum
1084 2205 1367 2261 nunquam
1402 2193 1786 2264 degustaruut,
1831 2198 2016 2254 dehis
2048 2207 2104 2254 et

513 2274 895 2346 hujuscemodi
956 2280 1255 2339 virtutibus
1316 2285 1594 2343 illustrare
1667 2297 1722 2343 et
1775 2289 1997 2346 erudire
2043 2305 2103 2346 se

510 2378 608 2431 per
637 2368 1075 2435 explanationem
1111 2375 1381 2430 orationis
1421 2391 1586 2446 posse
1625 2378 1926 2446 existimat,
1974 2397 2104 2451 per-

513 2455 643 2511 inde
687 2458 816 2513 facit
843 2475 908 2515 ac
934 2463 1028 2532 qui
1063 2465 1245 2521 verbis
1267 2475 1320 2521 et
1343 2466 1797 2527 similitudinibus
1823 2473 1940 2527 vult
1961 2474 2098 2530 mel-

511 2544 582 2601 lis
605 2546 946 2604 dulcediuem
979 2552 1048 2608 iis
1076 2553 1377 2621 declarare,
1403 2557 1497 2626 qui
1527 2557 1676 2612 illam
1700 2575 1979 2630 nunquam
1999 2577 2102 2632 gu-

511 2644 731 2693 starunt
755 2657 769 2694 :
801 2641 895 2696 sed
929 2642 1019 2698 hic
1039 2645 1263 2714 quidem
1291 2645 1498 2702 frustra
1517 2649 1841 2706 disserendo
1867 2652 2100 2719 laborat,

511 2747 584 2786 ne
617 2732 796 2786 dicam
829 2743 1071 2806 nugatur
1108 2745 1162 2793 ct
1180 2753 1400 2810 operam
1435 2741 1630 2810 perdit.
1664 2741 1767 2798 Sed
1809 2744 1900 2799 ille
1929 2745 2100 2814 prior,

513 2831 612 2877 aut
657 2825 837 2878 nescit
911 2826 1043 2896 quid
1083 2828 1298 2896 doceat,
1348 2841 1443 2885 aut
1470 2847 1565 2901 per
1591 2849 1745 2889 vana:
1784 2835 1974 2906 gloriae
2011 2852 2107 2892 cu-

511 2913 796 2982 piditatem
833 2916 1106 2973 subtiliter
1131 2921 1428 2976 deluditur.
1464 2923 1764 2994 Proposuit
1804 2927 1892 2983 hic
1917 2944 2104 2984 sermo

513 3004 842 3060 thesaurum
873 3008 941 3064 ad
970 3009 1338 3081 explorandas
1378 3015 1621 3086 reliquas
1669 3017 1899 3074 virtutes
1926 3019 1980 3074 in
2010 3035 2107 3075 va-

518 3102 596 3154 sis
661 3098 943 3165 ﬁctilibus,
993 3117 1089 3158 seu
1138 3107 1323 3175 potius
1355 3107 1409 3161 in
1460 3108 1788 3179 corporibus
1844 3110 2104 3168 humanis

2203 1915 2330 1982 δῶς,
2375 1917 2473 1970 καὶ
2504 1914 2884 1986 πληροφορίας
2917 1913 3146 1985 καρδίας
3199 1914 3511 1985 εἰλικρινῶς
3539 1915 3790 1985 αἴσθησιν

2204 2009 2298 2063 καὶ
2345 2009 2629 2079 ἐνέργειαν
2675 2007 2762 2061 διὰ
2806 2005 2966 2074 λόγου
3012 2006 3210 2078 ὁρατοῦ
3253 2007 3562 2075 διηγεῖσθαι
3609 2004 3788 2076 βουλό-

2207 2118 2367 2172 μενος
2421 2101 2522 2170 (1),
2555 2099 2651 2153 καὶ
2681 2099 2807 2162 τοὺς
2851 2097 3058 2168 ταύτης
3081 2097 3384 2165 ἀγεύστους
3413 2099 3470 2148 ὲν
3497 2099 3787 2168 ὲξηγήσεσι

2205 2189 2468 2260 περὶτῶν
2514 2187 2773 2241 τοιούτων
2815 2186 3072 2255 φωτίζειν
3107 2187 3301 2251 δοκῶν,
3337 2187 3523 2256 ὅμοιόν
3555 2205 3608 2240 τι
3649 2190 3790 2241 ποιεῖ

2205 2277 2384 2348 ἀνδρὶ,
2409 2275 2488 2348 τῷ
2513 2278 2639 2341 τοὺς
2670 2277 2745 2347 μὴ
2792 2275 3166 2346 γευσαμένους
3197 2275 3413 2347 μέλιτος
3445 2275 3663 2330 πώποτε
3695 2277 3790 2349 τὴν

2204 2369 2395 2422 τούτου
2429 2368 2746 2438 γλυκύτητα
2775 2369 2863 2423 διὰ
2890 2369 3086 2437 λόγων,
3133 2369 3228 2421 καὶ
3268 2368 3692 2438 ὑποδειγμάτων
3717 2368 3791 2422 δι-

2204 2457 2429 2512 δάσκειν
2455 2457 2684 2513 θέλοντι.
2741 2458 2881 2511 Ἀλλ’
2909 2460 2937 2511 ὁ
2963 2458 3062 2528 μὲν
3082 2456 3337 2527 δεύτερος
3373 2459 3455 2522 εἰς
3498 2460 3679 2529 μάτην
3707 2477 3791 2528 φι-

2205 2549 2440 2618 λολογεϊ,
2481 2549 2568 2601 ἵνα
2603 2549 2678 2620 μὴ
2707 2549 2850 2600 είπω
2896 2547 3212 2618 βαττολογεῖ
3237 2565 3252 2577 ⁵
3291 2551 3320 2602 ὁ
3346 2548 3403 2602 δὲ
3433 2549 3722 2620 πρότερος,
3757 2549 3787 2620 ἢ

2205 2641 2434 2712 ἄπειρος
2476 2639 2578 2710 τῆς
2635 2639 2832 2694 ἑαυτοῦ
2887 2641 3194 2711 διηγήσεως
3235 2641 3598 2712 κατέστηκεν,
3630 2642 3662 2712 ἢ
3689 2640 3788 2695 ὑπὸ

2208 2733 2514 2799 κενοδοξίας
2534 2732 2700 2798 ὀξέως
2723 2731 3070 2799 ὲμπαίζεται.
3099 2732 3409 2804 Προέθηκεν
3452 2735 3480 2786 ὁ
3505 2732 3664 2800 λόγος
3691 2731 3785 2804 θη·

2207 2825 2410 2896 σαυρδν
2439 2827 2520 2888 είς
2551 2825 2785 2894 βάσανον
2811 2826 2869 2876 ὲν
2910 2825 3255 2896 ὀστρακίνοις
3304 2825 3546 2888 σκεύεσι,
3596 2823 3788 2895 μᾶλλον

2205 2915 2264 2970 δὲ
2299 2915 2536 2985 σώμασι,
2576 2916 3092 2986 κατησφαλισμένον
3124 2916 3462 2987 ὑπάρχοντα,
3495 2918 3664 2971 παντὶ
3707 2917 3790 2970 λό-

2205 3021 2290 3078 γῳ
2321 3010 2384 3078 τῇ
2443 3007 2687 3076 ποιότητι
2733 3005 3072 3077 ἀγνώριστον
3111 3007 3458 3078 διαμένοντα.
3517 3009 3692 3079 μόνην
3734 3006 3787 3062 δὲ

2205 3100 2309 3170 τὴν
2357 3099 2563 3154 ἀνωθεν
2610 3098 2926 3170 ἐπιγραφὴν
2972 3099 3360 3170 ἀκατάληπτον
3393 3101 3784 3172 περικείμενον

512 3188 859 3244 reconditum
887 3163 943 3244 et
980 3163 1343 3262 custoditum,
1379 3196 1471 3252 sed
1511 3163 1671 3268 cujus
1704 3200 1813 3254 vim
1837 3209 1891 3255 et
1923 3201 2101 3271 quali-

2210 3163 2414 3258 πολλὴν
2440 3193 2536 3247 καὶ
2560 3163 2868 3264 ἀπέραντον
2882 3163 2994 3256 τοῖς
3009 3192 3156 3264 λόγῳ
3179 3163 3403 3264 ζητοῦσι
3422 3163 3523 3265 τήν
3545 3163 3789 3266 ἔρευναν,

514 3285 680 3332 tatem
732 3280 899 3337 nullis
949 3283 1133 3339 verbis
1159 3287 1499 3357 assequaris,
1525 3290 1618 3358 qui
1653 3298 1866 3346 tantum
1931 3295 2104 3350 coele-
2146 3321 2148 3323 ν

514 3376 657 3422 stem
686 3369 1106 3442 inscriptionem
1136 3376 1303 3433 habet
1351 3379 1645 3450 adjectam,
1674 3383 1768 3438 sed
1792 3399 1916 3454 quae
1947 3387 2102 3443 nullo

513 3459 759 3516 humano
794 3478 960 3519 sensu
1003 3469 1126 3538 capi
1172 3471 1370 3539 possit,
1421 3488 1652 3543 quaeque
1699 3477 1968 3532 infinitam
2017 3479 2104 3534 in-

513 3549 932 3620 vestigationem
989 3566 1044 3611 et
1082 3559 1325 3615 laborem
1391 3564 1666 3630 exhibeat,
1704 3566 1773 3622 iis
1819 3569 1912 3637 qui
1942 3569 2089 3624 illam

511 3641 681 3713 310
722 3647 902 3703 verbis
949 3660 1220 3706 conantur
1266 3654 1559 3724 explicare.
1617 3658 1759 3713 Sunt
1804 3670 1988 3715 autem
2021 3663 2105 3716 in-

513 3733 831 3803 scriptionis
875 3739 1038 3794 verba
1082 3740 1311 3798 istheec:
1359 3743 1563 3800 Sancta
1613 3748 1916 3806 humilitas.
1972 3751 2106 3818 Qui-

511 3842 731 3896 cunque
763 3827 858 3884 Dei
891 3831 1090 3901 spiritu
1122 3844 1385 3906 aguntur,
1443 3837 1496 3892 hi
1545 3839 1830 3895 nobiscum
1880 3842 1933 3896 iu
1965 3857 2105 3898 cou-

510 3916 697 3971 cilium
745 3921 1030 3990 spirituale
1059 3933 1114 3980 et
1161 3927 1382 3996 plenum
1423 3931 1704 4000 sapientiae
1746 3937 2101 4006 conveniant,

509 4022 808 4080 secumque
839 4013 1054 4070 tabulas
1081 4019 1415 4089 cognitionis
1445 4022 1711 4080 divinitus
1757 4027 2014 4097 scriptas,
2048 4038 2104 4086 et

509 4110 744 4172 utraque
777 4119 942 4159 manu
991 4109 1265 4177 spirituali
1309 4110 1506 4167 ferant.
1545 4113 1734 4170 Coacti
1767 4132 1898 4188 ergo
1929 4120 1983 4173 in
2013 4136 2104 4176 se—

511 4202 696 4247 natum
727 4199 1106 4266 convenimus,
1141 4211 1195 4256 et
1218 4201 1327 4257 vim
1359 4206 1686 4262 venerandae
1713 4209 2092 4281 inscriptionis

507 4298 575 4337 ac
607 4285 748 4340 tituli
787 4289 854 4342 ad
919 4305 1149 4349 examen
1199 4296 1543 4354 vocavimus.
1597 4299 1666 4355 Et
1724 4301 1814 4357 hic
1875 4304 2100 4373 quidem

505 4376 690 4432 aiebat
725 4379 1089 4438 humilitatem
1130 4400 1252 4442 esse
1293 4396 1613 4458 perpetuam
1654 4407 1750 4446 seu
1779 4395 2098 4450 continuam

2207 3282 2305 3334 καὶ
2358 3281 2452 3336 τὸν
2489 3283 2688 3353 μόχθον
2723 3283 2938 3356 [κόπον]
2983 3285 3357 3354 παρέχουσαν.
3392 3281 3523 3356 Εἶχε
3551 3285 3609 3339 δὲ
3638 3288 3670 3357 ή
3705 3285 3790 3341 λέ-

2210 3373 2293 3439 ξις
2341 3373 2548 3440 οὕτως·
2587 3376 2819 3444 Ὴάγία
2871 3377 3255 3444 ταπείνωσις.
3306 3377 3466 3432 Ὅσοι
3512 3379 3791 3449 Πνεύματι

2208 3469 2345 3522 Θεοῦ
2368 3469 2594 3538 ἄγονται
2627 3472 2729 3541 (2),
2758 3465 2904 3524 οῦτοι
2929 3471 3060 3542 ἡμῖν
3084 3471 3166 3534 είς
3193 3469 3254 3524 τὸ
3277 3471 3466 3541 νοερὸν
3509 3471 3671 3525 τοῦτο
3703 3472 3791 3527 καὶ

2208 3564 2484 3632 πάνσοφον
2515 3564 2942 3617 συνεισιέτωσαν
2961 3563 3263 3634 συνέδριον.
3291 3563 3512 3628 πλάκας
3535 3563 3790 3633 γνώσεως

2209 3652 2550 3726 θεογράφους
2593 3655 2694 3708 σὺν
2737 3655 2923 3719 αὐτοῖς
2976 3655 3116 3726 μετά
3143 3657 3338 3727 χεῖρας
3376 3657 3574 3727 νοεράς
3602 3657 3793 3727 ἐπιφε-

2209 3746 2426 3819 ρόμενοι
2451 3763 2464 3776 ·
2531 3747 2626 3802 καὶ
2679 3745 3123 3818 συνεληλύθαμεν
3175 3747 3273 3800 καὶ
3311 3747 3789 3820 συνεζητήκαμεν,

2208 3841 2303 3892 καὶ
2344 3839 2782 3912 βεϐασανίκαμεν
2811 3841 2912 3910 τῆς
2943 3841 3128 3909 τιμίας
3152 3841 3474 3912 ἐπιγραφῆς
3497 3841 3603 3913 τὴν
3633 3837 3792 3897 δύνα-

2211 3947 2322 4001 μιν.
2361 3931 2472 3984 Καὶ
2529 3933 2556 3985 ὁ
2601 3932 2702 4002 μὲν
2751 3931 2905 4002 ἔλεγε
2954 3931 3130 4004 λήθην
3182 3932 3293 3986 τῶν
3333 3933 3792 4006 κατορθουμένων

2205 4026 2486 4095 προσεχῆ·
2553 4025 2740 4095 ἕτερος
2785 4023 2841 4078 δὲ
2897 4024 2961 4078 τὸ
3000 4025 3220 4079 πάντων
3275 4025 3659 4097 ἐσχατώτερον
3699 4028 3790 4081 καὶ

2207 4117 2658 4188 ἁμαρτωλότερον
2685 4117 2878 4171 ἑαυτὸν
2921 4117 3235 4186 λογίζεσθαι
3257 4135 3270 4148 ·
3296 4117 3457 4183 ἄλλος
3486 4118 3784 4188 ἐπίγνωσιν

2205 4209 2325 4273 νοὸς
2377 4209 2476 4279 τῆς
2507 4209 2716 4272 οἰκείας
2742 4209 3031 4274 ἀσθενείας
3073 4210 3167 4263 καὶ
3189 4208 3497 4281 ἀδυναμίας
3523 4225 3538 4240 °
3566 4210 3775 4282 ⁸ἐτερος,

2203 4299 2265 4352 τὸ
2320 4299 2874 4371 προκαταλαμϐάνειν
2897 4299 2988 4354 τὸν
3014 4299 3243 4370 πλησίον
3269 4301 3329 4355 ὲν
3384 4303 3788 4372 παροργισμοὶξ

2203 4394 2298 4447 καὶ
2327 4392 2475 4446 λύειν
2505 4392 2722 4463 πρῶτον
2751 4391 2852 4464 τὴν
2888 4393 3052 4463 μῆνιν
3073 4407 3088 4424 ·
3127 4392 3317 4464 ἕτερος
3354 4393 3522 4448 πάλιν
3567 4394 3786 4467 χάριτος

503 4469 756 4523 omnium
789 4481 935 4527 recte
962 4473 1232 4532 factorum
1262 4479 1616 4539 oblivionem.
1645 4481 1804 4540 Alius
1831 4501 1959 4541 vero
1989 4488 2099 4558 (di-

2207 4483 2339 4537 Θεοῦ
2386 4485 2483 4537 καὶ
2518 4483 2865 4554 συμπαθείας
2895 4483 3192 4550 ἐπίγνωσιν
3219 4499 3232 4512 °
3277 4483 3437 4547 ἄλλος
3464 4501 3787 4556 συντετριμ-

505 4561 684 4634 cebat)
735 4567 982 4621 eamdem
1036 4583 1180 4636 esse,
1223 4570 1367 4627 inter
1413 4577 1881 4646 postremissimos
1924 4595 2005 4642 se,
2044 4591 2099 4634 et

503 4655 746 4720 peccatis
769 4658 942 4727 magis
971 4674 1137 4729 quam
1171 4671 1397 4720 cancros
1429 4663 1730 4721 obnoxium
1756 4669 2097 4725 existimare.

503 4742 687 4810 Alius,
715 4762 829 4802 suae
865 4749 1259 4811 imbecillitatis
1289 4763 1342 4811 et
1393 4755 1708 4828 fragilitatis
1730 4761 2097 4831 cegnitionem

505 4833 727 4891 habere.
765 4837 938 4908 Alius,
967 4851 1309 4900 antevertere
1354 4845 1588 4903 alterum
1623 4848 1677 4903 in
1723 4849 2101 4906 altercationis

504 4927 968 5000 reconciliatione,
1027 4935 1100 4991 ita
1130 4945 1220 4992 -ut
1263 4938 1416 5007 prior
1439 4939 1555 5010 ipse
1578 4941 1716 4995 iram
1747 4942 1973 4997 missam
2015 4941 2098 4997 fa-

502 5019 615 5072 ciat
656 5031 710 5076 et
755 5023 1038 5081 dissolvat.
1091 5028 1248 5085 Alius
1285 5046 1533 5098 rursum,
1583 5032 1783 5089 divina:
1815 5035 2005 5104 gratiae
2042 5044 2098 5090 et

501 5114 1004 5172 commiserationis
1025 5133 1120 5173 seu
1143 5120 1537 5178 misericordiae
1557 5123 1913 5194 agnitionem.
1938 5125 2094 5183 Alius

504 5199 638 5254 item
667 5207 918 5262 contritae
957 5208 1154 5265 animas
1184 5225 1408 5266 sensum
1448 5223 1504 5270 et
1529 5213 1827 5271 voluntatis
1856 5218 2094 5288 propria:

2208 4577 2376 4647 μένης
2401 4576 2580 4646 ψυχῆς
2608 4575 2883 4645 αἴσθησιν,
2917 4577 3013 4630 καὶ
3043 4575 3353 4646 θελήματος
3387 4577 3592 4630 οἰκείου
3626 4578 3790 4647 ἄρνηο

2206 4686 2310 4722 σιν.
2354 4667 2496 4736 Ἐγὼ
2539 4667 2597 4721 δὲ
2629 4667 2846 4722 πάντων
2868 4665 3144 4738 ἀκηκοὼς,
3176 4667 3272 4720 καὶ
3301 4667 3359 4720 ἐν
3394 4666 3574 4738 ἑαυτῴ
3613 4667 3784 4721 ταῦτα

2204 4760 2639 4831 ὲπεσκεμμένως
2669 4777 2728 4813 τε
2759 4761 2856 4813 καὶ
2909 4759 3200 4830 νηφάντως
3226 4758 3611 4830 βεδασανικὼς
3646 4797 3664 4826 ,
3695 4760 3791 4832 τὴν

2209 4849 2488 4919 μακαρίαν
2538 4848 2760 4918 ἐκείνης
2806 4846 3063 4916 αἴσθησιν
3090 4846 3158 4901 δι’
3188 4847 3364 4916 ἀκοῆς
3413 4846 3713 4919 μανθάνειν
3733 4849 3788 4901 οὺ

2203 4940 2524 5013 δεδύνημαι.
2552 4940 2750 5012 Διόπερ
2781 4940 2876 4994 καὶ
2911 4939 3142 5011 ἔσχατος
3184 4939 3407 4994 πάντων
3452 4940 3528 5003 ὡς
3552 4939 3704 4993 κύων
3731 4941 3789 4992 ὲκ

2202 5033 2402 5105 ψιχίων
2424 5033 2705 5105 τραπέζης
2732 5031 2843 5086 τῶν
2873 5030 3197 5102 γνωστικῶν
3243 5031 3340 5084 καὶ
3374 5030 3665 5102 μακαρίων
3702 5032 3793 5083 ὲκ-

2203 5125 2515 5180 πιπτόντων
2573 5123 2756 5178 αὐτῶν
2805 5126 2904 5178 τοῦ
2959 5123 3235 5195 στόματος
3279 5121 3616 5192 συλλελεχὼς
3664 5122 3791 5192 περὶ

2199 5217 2406 5289 ταύτης
2441 5217 2760 5290 ὁριζόμενος
2795 5213 2949 5271 εἷπον
2979 5231 2994 5246 ⁸

502 5294 930 5355 abdicationem.
972 5302 1107 5368 Quae
1151 5319 1254 5375 ego
1281 5322 1406 5362 cum
1475 5310 1662 5364 omnia
1712 5309 2071 5376 audivissem,
2101 5321 2157 5366 et
2194 5312 2545 5367 considerate
2574 5310 2869 5379 sobrieque
2913 5321 3132 5364 mecum
3177 5305 3615 5378 perpendissem,
3660 5303 3784 5360 bea-

504 5393 623 5438 tum
673 5388 826 5443 illum
878 5391 1207 5451 humilitatis
1251 5411 1474 5451 sensum
1538 5414 1638 5469 per
1695 5399 2033 5467 auditionem
2093 5402 2316 5472 assequi
2363 5415 2472 5455 non
2516 5403 2691 5472 potui.
2726 5401 2915 5472 Itaque
2985 5399 3135 5454 velut
3187 5399 3413 5453 ultimus
3453 5397 3705 5451 omnium
3736 5402 3788 5452 et

505 5480 810 5538 vilissimus
866 5494 1126 5556 tanquam
1174 5490 1403 5544 catellus
1444 5490 1512 5545 de
1566 5491 1723 5546 micis
1754 5506 1785 5546 e
1829 5507 2016 5548 mensa
2071 5503 2127 5550 et
2187 5509 2284 5549 ore
2347 5494 2660 5564 sapientum
2705 5495 2928 5550 illorum
2989 5501 3046 5548 et
3087 5493 3372 5548 beatorum
3418 5489 3647 5545 Patrum
3683 5503 3771 5545 ca-

499 5575 760 5634 dentibus
817 5581 1033 5652 collegi,
1092 5591 1146 5638 et
1195 5584 1263 5639 de
1328 5585 1630 5642 humilitate
1695 5587 2030 5646 disserturus
2066 5589 2220 5650 diui:

507 5815 612 5858 ιηι.

551 5732 655 5813 _(a)
686 5734 931 5808 ἐναργῶς
973 5739 1175 5797 habent
1208 5757 1400 5798 omnes
1438 5743 1673 5814 codices,
1702 5761 1808 5800 non
1837 5744 2096 5815 ἐνεργῶς,

2223 5745 2662 5806 Camaldulcusis
2720 5750 2932 5808 videtur
2957 5750 3173 5821 legisse,
3235 5748 3327 5821 qui
3365 5747 3774 5820 [irmitercxpo-
