4042 6464
266 412 383 480 989

1258 414 1487 475 SCALA
1535 412 1921 477 PARADISI.
1948 438 2023 452 ·-
2046 416 2355 481 GRADUS
2376 421 2554 483 XXV.

3446 422 3552 488 990

345 522 851 594 Ταπεινοφροσύνη
891 520 1009 575 ἐστὶ
1051 520 1332 593 ἀνώνυμος
1360 524 1520 594 χάρις
1551 523 1727 593 ψυχῆς
1753 522 1853 591 ('5),

2029 522 2323 582 Humilitas
2346 537 2431 582 est
2470 524 2645 599 gratia
2681 529 2882 585 animae
2903 531 3145 587 nominis
3170 546 3385 602 expers,
3416 534 3554 591 solis

270 621 467 692 μόνοις
505 617 787 686 εὐώνυμος
801 617 929 677 στοῖς
966 614 1062 685 τὴν
1088 617 1285 686 πεῖραν
1344 614 1650 684 εἰληφόσιν,
1684 615 1859 684 ἀφρα-

271 728 407 774 στος
436 707 668 772 πλοῦτος
709 706 843 760 Θεοῦ
886 705 1174 776 ὀνομασία,
1223 704 1317 758 καὶ
1346 704 1601 775 χορηγία.
1633 703 1862 757 Μὰθετε

272 802 412 872 γὰρ,
445 800 634 871 φησιν,
681 799 782 852 οὐκ
837 797 931 852 ἀπ’
960 797 1218 865 ἀγγέλου,
1266 796 1369 850 οὐκ
1406 786 1501 850 ἀπ⁴
1543 795 1860 868 ἀνθρώπου,

268 896 381 948 οὐκ
411 892 523 947 ἀπὸ
551 892 759 955 δέλτου,
795 890 910 944 ἀλλ’
944 890 1045 945 ἀπ’
1073 888 1243 960 ἐμοῦ,
1273 889 1422 942 τοῦτ’
1461 890 1630 955 ἐστιν,
1675 891 1741 943 ὲκ
1764 891 1865 960 τῆς

273 987 427 1056 ὲμῆς
453 986 513 1037 ὲν
539 985 668 1052 ὑμῖν
696 980 1084 1046 ἑνοικειώσεως
1106 982 1199 1036 καὶ
1230 981 1572 1052 stupeam,
1598 982 1692 1035 καὶ
1712 983 1866 1052 ἐνερ-

275 1078 442 1146 γείας
468 1093 484 1107 ·
531 1076 618 1129 ὅτι
667 1074 858 1143 πρᾶός
909 1075 1028 1142 ειμι
1063 1072 1162 1127 καί
1200 1073 1484 1139 ταπεινὸς
1511 1070 1586 1141 τῇ
1627 1071 1862 1140 καρδίᾳ,

275 1171 377 1223 καὶ
410 1168 489 1238 ’ξῷ
514 1165 786 1236 λογισμῷ,
818 1165 913 1218 καὶ
943 1164 1022 1235 τῷ
1062 1165 1395 1236 φρονήματι,
1440 1164 1535 1217 καὶ
1572 1164 1866 1233 εὑρήσετε

270 1261 633 1316 ἀνάπαυσιν
660 1258 935 1329 πολέμων.
969 1257 1065 1311 καὶ
1088 1257 1391 1326 κουφισμὸν
1425 1255 1704 1325 λογισμῶν
1734 1254 1865 1321 ταῖς

269 1349 510 1419 ψυχαῖς
535 1347 726 1418 ὑμῶν.
769 1346 938 1416 Ἀλλη
969 1347 1066 1416 τῆς
1114 1346 1267 1408 ὁσίας
1298 1346 1506 1416 ταύτης
1549 1343 1796 1415 ἀμπέλου
1831 1344 1865 1415 ἡ

270 1442 379 1495 θέα
399 1443 456 1494 ἐν
480 1438 713 1510 χειμῶνι
739 1438 925 1491 παθῶν
949 1437 1049 1502 ἔτι,
1071 1440 1165 1491 καὶ
1184 1436 1320 1507 ἄλλη
1340 1439 1396 1489 ὲν
1412 1438 1535 1506 ἔαρι
1554 1435 1740 1488 λοιπὸν
1758 1432 1865 1487 τῶν

272 1532 515 1603 καρπῶν
535 1549 550 1563 ο
582 1532 675 1585 καί
697 1531 859 1601 ἑτέρα
887 1530 920 1600 ἡ
943 1529 1000 1581 έν
1026 1528 1175 1597 θέρει
1196 1529 1303 1581 τῶν
1324 1528 1558 1599 ἀρετῶν,
1596 1529 1645 1580 εί
1664 1526 1759 1580 καὶ
1787 1527 1866 1589 είς

276 1625 415 1693 μίαν
459 1623 630 1688 πᾶσαι
682 1618 854 1691 αὐτῆς
888 1624 942 1673 αί
972 1621 1196 1690 θεωρίαι
1238 1619 1625 1689 συντρέχουσιν
1649 1619 1749 1688 τὴν
1774 1617 1866 1670 εύ-

275 1712 561 1785 φροσύνην
596 1713 692 1765 καὶ
720 1711 1123 1783 καρποφορίαψ
1147 1710 1270 1763 ὅθεν
1304 1712 1399 1763 καὶ
1437 1712 1615 1762 οἰκεῖα
1645 1707 1868 1778 ὡσπερ-

270 1811 327 1860 εὶ
384 1807 457 1860 τὰ
492 1804 739 1875 σύμϐολα
773 1803 868 1857 καὶ
896 1803 966 1857 τὰ
1019 1804 1295 1873 τεκμήρια
1340 1803 1447 1855 τῶν
1487 1800 1718 1872 καρπῶν
1771 1802 1867 1854 κέ-

274 1915 539 1968 κτηνται.
577 1898 748 1949 Ὅταν
779 1894 878 1966 μὲν
904 1894 1014 1969 γὰρ
1045 1896 1103 1948 ὲν
1127 1896 1257 1964 ἡμῖν
1282 1896 1309 1947 ὁ
1346 1895 1445 1964 τῆς
1475 1893 1626 1956 ὁσίας
1662 1891 1867 1962 ταύτης

279 1989 545 2043 έπανθεῖν
570 1985 762 2057 βότρυς
804 1986 1039 2056 ἄρξηται
1080 1985 1178 2056 (ὁ),
1208 1985 1474 2056 μισοῦμεν
1496 1984 1696 2047 εὐθέως
1726 1984 1865 2055 μετὰ

287 2080 468 2132 πόνου
503 2080 678 2132 πᾶσαν
704 2076 1054 2147 ἀνθρωπίνην
1099 2076 1256 2142 δόξαν
1285 2077 1378 2128 καὶ
1408 2075 1687 2145 εὐφημίαν
1716 2091 1730 2104 ·
1769 2074 1866 2127 θυ-

293 2167 403 2239 μὸν
442 2169 537 2220 καὶ
553 2166 712 2238 ὀργὴν
733 2164 789 2232 ἐξ
812 2166 1020 2220 ἑαυτῶν
1048 2166 1402 2237 ὲξορίζοντες.
1446 2166 1868 2237 Προκοπτούσης

285 2261 350 2313 δὲ
385 2258 572 2312 λοιπὸν
601 2258 694 2327 τῆς
716 2257 987 2327 βασιλίδος
1012 2257 1217 2330 ταύτης
1245 2258 1353 2312 τῶν
1380 2258 1592 2328 ἀρετῶν
1614 2261 1678 2329 τῇ
1703 2276 1871 2312 πνευ-

282 2352 504 2420 ματικῇ
558 2348 741 2420 ἡλικίᾳ
787 2349 847 2401 ὲν
901 2350 969 2419 τῇ
1012 2346 1183 2418 ψυχῇ,
1219 2348 1300 2409 είς
1328 2345 1503 2407 οὐδὲν,
1559 2345 1760 2416 μᾶλλον
1790 2345 1870 2410 είς

279 2442 594 2512 βδέλυγμα,
627 2441 805 2495 πάντα
834 2438 902 2494 τὰ
929 2439 1061 2511 παρ’
1087 2439 1247 2510 ἡμῶν
1290 2440 1657 2510 ὲκτελούμενα
1687 2438 1873 2506 ἀγαθὰ

279 2528 646 2601 λογιζόμεθα,
689 2530 867 2582 πᾶσαν
920 2528 1135 2599 ἡμέραν
1181 2526 1533 2598 προστιθέναι
1569 2526 1771 2597 μᾶλλον
1794 2524 1873 2595 τῷ

279 2620 503 2690 φορτίῳ
552 2620 612 2672 ἐν
667 2617 936 2689 ἀγνώστῳ
978 2616 1310 2688 σκορπισμῷ
1356 2617 1870 2686 ὑπολαμϐάνοντες⁸

278 2713 385 2784 τὴν
420 2712 480 2765 δὲ
528 2710 639 2764 τῶν
683 2712 742 2765 ἐν
790 2712 928 2781 ἡμῖν
955 2710 1367 2780 ἐπιδημούντων
1406 2711 1566 2763 θείων
1597 2711 1872 2780 χαρισμά-

278 2820 419 2881 των⁸
440 2802 785 2873 περιουσίαν,
825 2802 899 2865 ὡς
932 2801 1253 2874 προσθήκην
1301 2801 1545 2865 πλείονος
1571 2803 1868 2868 κολάσεως,

280 2894 362 2957 ὼς
391 2895 495 2948 οὐκ
516 2893 691 2958 ἀξίοις
727 2892 905 2949 αὐτῶν
929 2895 1329 2964 ὑποπτεύομεν.
1362 2894 1453 2947 Διὸ
1495 2894 1620 2947 τότε
1645 2895 1741 2947 καὶ
1778 2894 1874 2963 μέ-

200 3037 216 3049 ,
282 3002 371 3037 νει
410 2988 439 3039 ὁ
473 2984 601 3048 νοῦς
634 2984 832 3049 ἄσυλος
873 2985 931 3039 ὲν
966 2984 1238 3056 βαλαντίῳ
1284 2986 1643 3056 μετριότητος
1681 2986 1873 3039 ἑαυτὸν

286 3074 865 3145 κατασφαλισάμενος,
884 3076 1011 3138 τοὺς
1033 3075 1273 3140 κτύπους
1292 3076 1453 3146 μόνον
1499 3078 1683 3133 καὶτὰ
1705 3077 1876 3149 ἀθύρ-

286 3185 441 3239 ματα
480 3166 592 3220 τῶν
616 3165 864 3220 κλεπτῶν
894 3165 1129 3231 ἀκούων,
1167 3168 1263 3220 καὶ
1297 3168 1389 3220 ὑπ’
1426 3167 1639 3232 οὐδενὸς
1666 3168 1872 3222 τούτων

280 3258 710 3330 ὲπηρεασθῆναι
737 3257 1057 3329 δυνάμενος,
1081 3257 1240 3329 είπερ
1283 3260 1575 3331 μετριότης
1603 3262 1752 3314 ἐστὶν
1777 3277 1874 3313 τα-

280 3353 441 3423 μεῖον
477 3349 914 3421 ἀνεπιχείρητον.
948 3351 1085 3421 Περὶ
1124 3350 1222 3420 μὲν
1253 3345 1346 3404 οὖν
1389 3352 1490 3421 τῆς
1534 3350 1872 3423 ἀνθηφορίας

279 3442 385 3495 καὶ
423 3441 709 3510 προκοπῆς
740 3439 1000 3511 βραχείας
1039 3440 1133 3494 τοῦ
1183 3441 1468 3505 ἀειθαλοῦς
1510 3444 1726 3513 καρποῦ
1782 3443 1872 3497 διὰ

282 3532 652 3604 μικρολογίας
712 3530 1025 3601 φιλοσοφεῖν
1067 3532 1532 3604 τετολμήκαμενο
1563 3535 1616 3588 τί
1656 3536 1713 3589 δὲ
1756 3535 1873 3589 λοι-

278 3628 388 3680 πὸν
442 3624 505 3679 τὸ
554 3624 764 3678 τέλειον
812 3623 1049 3679 ἔπαθλον
1097 3625 1200 3695 τῆς
1254 3627 1428 3695 ίερᾶς,
1458 3626 1551 3680 τὸν
1583 3628 1790 3699 Κύριον
1819 3630 1870 3682 oi

274 3720 379 3775 τοῦ
421 3718 633 3791 Κυρίου
678 3719 867 3771 οἰκεῖοι
913 3718 1248 3789 ἐρωτήσατε.
1313 3719 1451 3788 Περὶ
1488 3718 1587 3789 μὲν
1635 3715 1731 3776 οῦν
1766 3719 1869 3790 τῆς

280 3809 589 3883 ποσότητος
632 3807 735 3879 τῆς
785 3808 973 3871 ούσίας
1020 3807 1227 3877 ταύτης
1276 3807 1455 3878 λέγειν
1499 3810 1561 3863 οὐ
1601 3812 1824 3865 δυνατόν
1851 3829 1867 3843 ·

289 3902 502 3973 περὶδὲ
536 3902 634 3972 τῆς
669 3900 954 3971 ποιότητος
992 3900 1402 3973 ἀδυνατώτερον
1437 3905 1668 3974 φράσαι.
1719 3905 1868 3978 Πλὴν

286 3996 353 4048 δὲ
379 3996 512 4065 περὶ
533 3996 625 4065 τῆς
655 3994 920 4065 ἰδιότητος
949 3994 1093 4050 κατά
1134 3995 1233 4065 τὴν
1275 3997 1706 4055 ὑπεισελθοῦσαν
1733 4004 1868 4073 ἡμῖν

282 4091 510 4143 ἔννοιαν
537 4087 706 4156 λέγειν
735 4088 1184 4160 ἐπιχειρήσομεν.

1967 616 2249 670 nominata
2308 617 2376 672 iis
2438 624 2535 688 qui
2578 620 2701 688 ejus
2754 622 3189 691 experimentum
3237 630 3550 692 ceperunt:

1970 704 2364 775 inexplicabilis
2398 708 2692 765 thesaurus
2739 727 2771 766 a
2801 710 2913 768 Deo
2952 727 3153 769 nomen
3193 714 3389 770 sortita
3439 717 3556 770 sin-

1969 796 2176 865 gulare,
2209 812 2409 853 munus
2434 798 2547 853 Dei.
2585 799 2804 866 Discite,
2840 801 3038 872 inquit,
3081 818 3187 858 non
3223 804 3294 858 ab
3325 806 3545 875 angelo,

1970 900 2082 940 non
2126 885 2195 940 ab
2225 885 2468 951 homine,
2503 886 2662 957 311
2695 904 2807 944 non
2851 904 2915 944 es
2952 891 3114 955 libro,
3140 891 3233 946 sed
3265 908 3298 945 a
3327 892 3559 957 me,hoc

1970 985 2077 1043 est,
2110 991 2179 1031 ex
2209 992 2329 1032 mea
2366 978 2421 1031 in
2462 979 2621 1034 vobis
2665 980 3037 1047 habitatione,
3087 982 3454 1038 illustratione
3498 991 3556 1039 et

1971 1067 2312 1138 operatione,
2350 1068 2479 1138 quia
2512 1069 2655 1123 mitis
2683 1086 2800 1123 sum
2832 1079 2883 1124 et
2911 1071 3126 1124 humilis
3152 1073 3332 1139 corde,
3366 1081 3421 1128 et
3455 1087 3555 1127 co-

1972 1164 2233 1234 gitatione
2268 1171 2324 1218 et
2367 1177 2558 1229 sensu,
2608 1170 2659 1216 et
2704 1163 2981 1217 invenietis
3022 1163 3290 1218 bellorum
3319 1165 3551 1220 interioo

1973 1270 2094 1309 rum
2125 1255 2356 1323 requiem
2384 1254 2659 1307 animabus
2694 1255 2877 1308 vestris
2915 1254 2981 1319 ",
3028 1263 3083 1309 ει
3129 1255 3372 1311 levamen
3410 1257 3554 1328 cogi-

1977 1347 2240 1401 talionum
2296 1360 2626 1401 veStrat-um.
2663 1346 2782 1399 Alia
2833 1353 2917 1399 est
2960 1346 3231 1416 religiosa:
3262 1355 3318 1400 et
3348 1355 3555 1401 sanctas

1974 1442 2141 1511 hujus
2166 1441 2340 1495 vineae
2360 1440 2413 1494 in
2462 1439 2663 1493 hiemis
2716 1439 2896 1493 adhuc
2928 1446 3247 1507 tempestate
3270 1447 3324 1491 ct
3355 1437 3553 1492 conﬂi-
3629 1472 3642 1482 .

1975 1544 2064 1588 ctu
2118 1533 2370 1587 vitiorum
2422 1530 2612 1595 facies,
2673 1530 2780 1585 alia
2815 1530 2929 1600 jam
2979 1530 3030 1582 in
3087 1544 3255 1584 verno
3278 1527 3574 1611 fructuum,

1974 1622 2130 1687 ﬂore,
2168 1624 2271 1677 alia
2296 1623 2532 1691 denique
2561 1623 2612 1674 in
2646 1622 2801 1691 plena
2834 1621 3100 1675 virtutum
3131 1628 3342 1682 testate,
3377 1634 3556 1688 quan-

1976 1731 2140 1786 quam
2174 1727 2229 1770 et
2274 1730 2466 1769 omnes
2516 1714 2598 1768 hae
2649 1712 3120 1769 considerationes
3161 1718 3218 1765 et
3246 1710 3556 1780 spectacula

1976 1806 2031 1860 in
2088 1820 2250 1858 uuam
2309 1804 2525 1873 frugum
2578 1804 2826 1858 omnium
2875 1802 3116 1856 laetitiam
3157 1808 3211 1855 ct
3256 1802 3558 1855 ubertatem

1900 1876 1944 1931 Β
1973 1910 2333 1961 concurrunt,
2383 1897 2527 1950 unde
2577 1904 2632 1952 et
2672 1895 2890 1966 propria
2931 1894 3097 1949 veluti
3167 1892 3414 1963 symbola
3461 1904 3558 1946 seu

1968 1992 2127 2060 signa
2175 2001 2230 2045 et
2287 1997 2607 2060 argumenta
2679 1987 2955 2042 fructuum
3029 1984 3254 2040 habent.
3329 1983 3559 2049 Quando

1968 2081 2115 2136 enim
2134 2079 2328 2133 divina:
2352 2078 2515 2148 hujus
2540 2079 2717 2133 vineae
2763 2092 2880 2131 uvae
2909 2076 3177 2145 ccepcrint
3198 2074 3556 2139 efﬂorescere,

1973 2181 2083 2226 tum
2111 2187 2239 2226 vero
2270 2171 2455 2226 statim
2493 2184 2686 2226 omnes
2726 2170 2998 2225 humanas
3044 2169 3238 2224 laudes
3279 2177 3333 2223 et
3357 2169 3561 2238 glorias

1970 2279 2077 2319 non
2121 2264 2239 2318 sine
2261 2263 2428 2317 animi
2461 2262 2650 2318 dolore
2697 2261 2938 2324 odimus,
2982 2260 3062 2315 ira
3097 2260 3251 2315 omni
3289 2258 3558 2316 etfurore

1970 2356 2214 2427 procula
2259 2355 2419 2411 nobis
2471 2354 2716 2424 expulsis
2767 2362 2823 2410 et
2865 2355 3103 2424 rejectis.
3160 2353 3434 2409 Caeterum
3465 2353 3562 2409 ubi

1974 2448 2158 2518 regina
2195 2448 2308 2502 haec
2330 2446 2594 2500 virtutum
2637 2445 2706 2501 ad
2746 2445 2952 2515 justam
2979 2445 3206 2516 spiritus
3243 2452 3456 2499 attatem
3504 2443 3563 2497 in

1975 2537 2158 2591 anima
2210 2534 2524 2606 profecerit,
2573 2542 2689 2589 tum
2741 2535 3000 2604 deinceps
3049 2534 3233 2589 omnia
3273 2549 3397 2604 qua:
3427 2531 3562 2587 faci-

1976 2644 2098 2683 mus
2130 2627 2271 2681 bona
2303 2627 2458 2682 nihili
2485 2627 2844 2694 aestimamus,
2881 2626 2992 2681 imo
3021 2625 3205 2696 potius
3231 2625 3379 2679 velut
3419 2622 3555 2679 abo-

1975 2719 2291 2774 minandum
2322 2718 2454 2787 quid
2499 2732 2870 2782 exsecramur,
2907 2725 2964 2771 et
2996 2716 3241 2786 quotidie
3275 2731 3376 2771 nos
3406 2713 3564 2769 oneri

1977 2817 2329 2880 peccatorum
2361 2808 2592 2880 aliquid,
2635 2823 2732 2879 per
2767 2809 3098 2878 incognitam
3123 2807 3563 2876 dissipationem,

1977 2900 2217 2969 adjicere
2244 2899 2579 2955 arbitramur
2607 2900 2707 2969 (a).
2738 2898 3058 2954 Coelestium
3098 2913 3231 2954 vero
3258 2897 3562 2970 gratiarum

1980 2989 2376 3043 redundantem
2430 2989 2484 3043 iu
2528 2988 2709 3056 nobis,
2760 2988 2963 3058 quibus
2993 2987 3204 3058 indigni
3232 3003 3445 3054 sumus,
3467 3000 3563 3041 co-

1974 3081 2141 3149 piam,
2164 3077 2310 3133 velut
2335 3077 2607 3148 majorum
2636 3078 3028 3147 suppliciorum
3053 3080 3358 3132 auctarium
3379 3089 3569 3145 suspe-

1977 3180 2120 3226 ctam
2177 3170 2465 3226 habemus.
2520 3169 2669 3237 Quas
2699 3170 2770 3225 ob
2811 3183 3011 3226 causas
3058 3183 3216 3225 mens
3274 3177 3467 3225 nostra
3497 3165 3570 3227 ab

1976 3263 2226 3318 hostibus
2273 3263 2568 3333 inspoliata
2616 3270 2822 3330 manet,
2872 3276 3103 3331 seseque
3134 3262 3276 3315 intra
3308 3275 3423 3316 suae
3460 3273 3572 3314 me-

1970 3357 2276 3411 diocritatis
2308 3355 2612 3423 pelliculam
2652 3362 2834 3408 tuetur
2869 3368 2934 3408 ac
2966 3362 3132 3421 tenet,
3163 3353 3411 3421 nihilque
3442 3349 3555 3406 nisi

1970 3445 2154 3502 furum
2208 3445 2491 3515 strepitus,
2538 3453 2593 3499 et
2639 3443 2877 3499 ludibria
2934 3444 3108 3509 audit,
3155 3443 3251 3498 sed
3292 3443 3363 3497 ab
3407 3442 3563 3497 nullo

1972 3538 2095 3593 laedi
2153 3537 2420 3592 violarive
2468 3545 2668 3606 potest,
2710 3534 2932 3605 quando
2995 3550 3161 3589 aurea
3208 3533 3302 3588 illa
3358 3533 3569 3588 medio-

1975 3630 2145 3684 critas
2174 3628 2339 3699 312
2371 3634 2457 3682 est
2512 3627 2665 3681 velut
2710 3626 3136 3696 inexpugnabile
3182 3623 3459 3678 aerarium.
3494 3622 3571 3677 De

1967 3721 2338 3777 eiﬂorescente
2374 3733 2505 3789 ergo
2542 3718 2644 3773 hac
2691 3718 2891 3772 virtute
2929 3715 3040 3788 [De
3082 3715 3256 3785 primo
3303 3727 3435 3785 ergo
3470 3713 3573 3767 hu-

1968 3814 2221 3871 militatis
2258 3811 2391 3866 ﬂore
2412 3808 2458 3882 ],
2489 3808 2766 3878 celerique
2796 3808 3011 3862 fructus
3041 3806 3207 3875 hujus
3239 3819 3456 3872 seraper
3481 3803 3565 3855 vi-

1967 3907 2139 3964 rentis
2195 3902 2466 3975 profectu,
2516 3901 2756 3955 breviter
2788 3900 3060 3953 disserere
3094 3904 3149 3950 et
3177 3893 3559 3966 philosophari

1973 4000 2094 4057 ausi
2147 4011 2361 4055 sumus.
2404 3992 2559 4056 Quod
2587 4006 2718 4046 vero
2750 4005 2897 4045 nunc
2927 3989 3001 4044 sit
3042 3987 3241 4042 divina:
3273 3984 3438 4052 hujus
3464 3982 3573 4037 vir-

1979 4095 2112 4154 tutis
2144 4089 2449 4162 perfectum
2480 4084 2794 4156 praemium,
2820 4080 3048 4151 qumrite
3089 4094 3156 4134 ex
3185 4080 3306 4149 ipso
3338 4075 3574 4131 Domino

288 4184 393 4256 qui
432 4184 578 4240 illius
632 4183 937 4239 familiares
976 4194 1030 4238 et
1068 4185 1356 4241 domestici
1406 4190 1561 4246 estis.
1636 4191 1957 4266 Magnitudo
1998 4193 2163 4264 hujus
2213 4182 2458 4241 thesauri
2505 4179 2670 4235 nullis
2728 4177 2911 4233 verbis
2964 4174 3197 4245 esprimi
3253 4178 3466 4242 potest:
3515 4184 3574 4228 et

278 4281 464 4336 multo
502 4281 685 4336 minus
715 4282 915 4337 modus
947 4296 1045 4336 seu
1084 4283 1322 4352 qualitas
1353 4284 1621 4357 ejusdem.
1688 4292 1763 4349 De
1821 4300 2154 4367 proprietate
2200 4284 2369 4356 igitur
2428 4275 2776 4341 humilitatis,
2811 4282 2975 4345 prout
3029 4270 3189 4327 nobis
3227 4282 3412 4325 mens-
3440 4282 3574 4341 sug-

276 4379 546 4449 gesserit,
584 4377 769 4433 dicere
801 4378 1008 4449 aliquid
1040 4378 1367 4464 conabimur

354 4473 657 4533 Μετάνοια,
681 4490 994 4544 μεμεριμνη
1005 4460 1139 4546 μένη
1159 4476 1367 4546 μέντοι,
1411 4477 1507 4530 καὶ
1550 4478 1746 4546 πένθος
1769 4485 1868 4554 ἀφ-

2048 4470 2370 4531 Ρωηὶιεηιίιι
2404 4482 2593 4522 verum
2639 4471 2936 4529 accurata,
2988 4462 3173 4517 luctus
3208 4460 3305 4531 qui
3349 4475 3572 4517 omnem

276 4563 618 4636 ηγνισμένον
651 4564 833 4634 πάσης
862 4562 1097 4634 κηλῖδος,
1148 4569 1243 4619 καὶ
1288 4568 1320 4636 ἡ
1360 4568 1616 4633 πανόσιος
1650 4573 1872 4640 εἰσαγο-

279 4658 473 4729 μένων
502 4656 852 4720 ταπείνωσις,
883 4656 1157 4726 τοσαύτην
1206 4658 1302 4711 ἀπ⁹
1334 4659 1580 4730 ἀλλήλων
1613 4661 1712 4732 τὴν
1749 4662 1870 4717 δια-

277 4746 488 4817 φορὰν,
552 4745 650 4799 καὶ
692 4745 792 4815 τὴν
844 4745 1120 4817 διάκρισιν
1187 4747 1507 4820 κέκτηνται,
1575 4751 1708 4821 ὅσην
1753 4751 1868 4822 ἔχει

277 4836 442 4908 παρὰ
477 4834 569 4889 τὸν
608 4835 771 4908 ἄρτον
811 4838 845 4907 ἠ
890 4836 1036 4909 ζύμη
1079 4839 1174 4891 καὶ
1208 4840 1237 4891 ό
1267 4839 1517 4912 ἄλευρος.
1580 4842 1873 4913 Συντρίϐε-

278 4946 380 4982 ται
431 4927 530 4993 μὲν
570 4927 679 4998 γὰρ
723 4927 871 5000 ψυχὴ
904 4931 997 4983 καὶ
1058 4928 1383 4983 λεπτύνεται
1440 4932 1527 4985 διὰ
1585 4934 1874 5001 μετανοίας

278 5018 558 5092 ἐναργοῦς
577 5038 589 5051 ·
619 5021 835 5074 ἑνοῦται
860 5022 918 5075 δέ
939 5039 1077 5088 πως,
1116 5022 1207 5075 καὶ
1251 5023 1319 5075 ἵν’
1348 5022 1521 5088 οὕτως
1555 5027 1696 5080 εἴπω
1727 5044 1869 5099 συμ-

279 5110 526 5185 φύρεται
571 5112 691 5185 Θεῷ
731 5113 797 5166 δι’
846 5112 1038 5176 ὓδατος
1068 5113 1297 5179 πένθους
1344 5110 1607 5186 ἀψευδοῦς
1638 5133 1654 5148 ⁸
1700 5117 1761 5183 ἐξ
1808 5110 1869 5171 οὗ

282 5204 389 5261 καὶ
412 5203 662 5275 ἐξάψασα
690 5205 802 5277 πῦρ
836 5206 1046 5268 Κυρίου
1079 5209 1455 5278 ἁρτοποιεῖται
1484 5208 1581 5262 καὶ
1615 5209 1872 5281 στερεοῦ-

281 5314 383 5351 ται
424 5298 460 5369 ἡ
503 5298 752 5370 μακαρία
792 5299 1119 5363 ταπείνωσις
1172 5301 1205 5371 ἡ
1249 5298 1459 5370 ἀζυμος
1500 5301 1597 5354 καὶ
1641 5300 1868 5372 ἄτυφοςο

281 5388 415 5443 ὅθεν
462 5389 557 5443 καὶ
598 5389 675 5454 ὡς
717 5391 798 5453 είς
838 5389 968 5460 μίαν
999 5388 1250 5461 δύναμιν,
1295 5390 1391 5444 καὶ
1428 5390 1732 5462 ἐνέργειαν,
1778 5391 1875 5445 καὶ

285 5480 594 5536 οδνθέουσα
615 5483 787 5556 ἑαυτῇ
816 5484 850 5554 ή
885 5483 1146 5546 πανόσιος
1177 5481 1316 5554 αὕτη
1357 5482 1634 5556 τρίσειρος
1655 5482 1869 5551 ἅλυσις,

363 5603 410 5638 ⁸³
455 5604 648 5661 Matth.
682 5620 763 5673 xx,
794 5604 894 5664 9.5.

880 5710 905 5748 ὶ

370 5766 449 5838 (α)
474 5768 676 5824 Vultne
696 5769 802 5825 hoc
834 5772 1041 5835 dicere,
1070 5783 1172 5824 nos
1204 5783 1299 5838 per
1324 5767 1742 5838 incognitamet
1779 5780 1875 5820 oc-

282 5835 500 5896 cultam
577 5840 992 5912 dissipationem
1051 5835 1483 5910 onus'quotidic
1542 5835 1867 5903 diminttcre,

1971 4565 2141 4620 animi
2171 4562 2349 4616 labem
2376 4556 2543 4621 eluit,
2598 4552 2946 4609 sanctissima
2984 4552 3222 4606 tironum
3255 4550 3571 4619 humilitas,

1973 4665 2125 4710 tanto
2165 4653 2310 4710 inter
2352 4664 2411 4704 se
2451 4645 2773 4702 discrimine
2810 4653 2864 4699 et
2902 4641 3238 4699 discretione
3274 4642 3570 4709 differunt,

1974 4756 2182 4819 quanto
2216 4744 2546 4800 fermentum
2576 4747 2632 4794 et
2666 4737 2844 4793 farina
2878 4751 2911 4791 a
2961 4751 3123 4807 pane.
3160 4736 3265 4791 Per
3302 4750 3485 4791 veram
3517 4745 3572 4790 et

1973 4840 2249 4896 ellicacem
2280 4832 2658 4904 paenitentiam
2692 4830 2873 4885 anima
2903 4829 3205 4885 conteritur
3230 4836 3287 4883 et
3310 4837 3573 4884 extenua-

1979 4940 2089 4994 tur,
2121 4931 2395 4984 adunatur
2418 4939 2549 4980 vero
2591 4930 2647 4978 et
2670 4963 2685 4988 ,
2722 4930 2781 4976 ut
2816 4921 2898 4977 sic
2930 4921 3125 4991 loquar
3149 4960 3165 4987 ,
3208 4921 3572 4992 permiScetur

1977 5019 2385 5093 quodammodo
2428 5016 2540 5071 Deo
2583 5029 2679 5085 per
2718 5013 2925 5069 sinceri
2977 5013 3161 5069 luctus
3229 5027 3465 5082 aquam,
3502 5026 3571 5064 ex

1975 5129 2088 5186 quo
2115 5119 2381 5181 concepto
2419 5107 2633 5163 Domini
2678 5107 2800 5176 igne
2845 5105 2902 5159 in
2961 5099 3188 5175 panem'
3219 5103 3489 5159 formatur
3515 5109 3569 5156 et

1978 5206 2205 5261 excluso
2243 5203 2358 5272 jam
2400 5199 2571 5255 'omni
2617 5197 2890 5254 fermento
2936 5207 2991 5251 ct
3038 5205 3254 5251 tumore
3299 5191 3569 5262 superbiae

1979 5294 2248 5351 solidatur
2281 5292 2437 5346 beata
2482 5290 2791 5345 humilitas.
2830 5286 2983 5343 Unde
3020 5297 3278 5357 tanquam
3312 5287 3365 5340 in
3401 5300 3565 5339 uuam

1980 5385 2093 5439 vim
2138 5392 2195 5439 et
2238 5382 2499 5437 virtutem
2545 5378 2604 5432 in
2651 5379 2885 5448 seipsam
2928 5376 3171 5432 revoluta
3219 5372 3568 5429 sanctissima

1980 5479 2099 5535 haec
2124 5485 2178 5532 et
2209 5476 2355 5530 trilix
2385 5482 2578 5530 catena
2606 5512 2623 5540 ,
2653 5472 2737 5527 \el
2771 5471 2955 5541 potius
2987 5468 3085 5524 iris
3104 5506 3119 5534 ,
3149 5481 3279 5524 suas
3299 5463 3566 5538 quasdam

2378 5566 2397 5597 Ι

1980 5760 2110 5815 dum
2144 5768 2403 5831 putamus
2422 5773 2534 5831 n_os_
2558 5769 2789 5831 augere;
2818 5769 2884 5809 an
2918 5749 3099 5822 potius
3129 5734 3562 5831 pcrdissipatio:

1981 5814 2108 5887 nem
2139 5814 2411 5887 donorum
2444 5828 2538 5885 Dei
2561 5814 2830 5884 occultam
2888 5814 3087 5894 augere
3127 5814 3271 5878 enus
3303 5814 3516 5891 peccati
3538 5814 3568 5870 τ
