4042 6494
501 422 603 491 991

1761 425 1822 484 S.
1859 422 2182 486 JOANNIS
2207 423 2519 484 CLIMACI

3671 425 3786 490 992

503 548 561 597 et
589 536 894 607 singulares
930 536 1092 594 habet
1117 537 1362 593 actiones
1396 543 1450 592 et
1479 536 1845 608 proprietates
1871 578 1884 595 ,
1920 536 2096 606 quod-

2224 537 2408 592 ιᾶλλον
2438 539 2497 593 δὲ
2525 535 2875 607 (permixtim;
2902 552 3020 599 πως
3039 534 3131 589 καὶ
3149 534 3249 599 τὰς
3263 537 3526 606 ἐργασίας
3546 538 3651 610 (5),
3686 539 3788 594 καὶ

506 645 615 693 que
642 629 857 701 signum
890 630 1046 684 alteri
1076 644 1144 684 ex
1173 628 1280 683 illis
1309 627 1599 682 convenire
1631 628 1866 692 dixeris,
1901 629 2005 681 hoc
2035 636 2092 681 et

507 722 564 776 in
604 720 770 775 altera
819 734 1039 790 quoque
1074 718 1467 789 deprehendes.
1518 718 1709 789 Itaque
1747 718 1895 789 quod
1933 734 1965 773 a
2009 734 2097 774 me

502 814 618 885 jam
646 814 880 869 breviter
910 814 1115 867 dictum
1144 821 1247 877 est,
1285 813 1390 867 hoc
1415 811 1799 868 demonstrare
1826 812 2095 867 conabor.

506 906 688 962 Prima
727 915 783 961 et
832 906 1087 975 princeps
1118 904 1437 959 excellentis
1466 905 1634 974 hujus
1676 913 1729 960 et
1762 904 2100 960 admirandae

510 993 717 1047 triados
745 993 1046 1062 proprietas
1067 1000 1122 1046 et
1150 999 1346 1046 natura
1372 1001 1480 1056 est,
1508 992 1923 1062 promptissima
1947 993 2100 1062 igno-

510 1084 693 1137 miniaa
748 1084 1068 1153 perpessio,
1128 1098 1293 1153 quam
1343 1084 1558 1153 supinis
1610 1084 1864 1139 manibus
1918 1085 2100 1139 anima

508 1173 669 1244 313
707 1173 921 1244 excepit
951 1183 1005 1228 et
1034 1174 1378 1244 amplexatur
1398 1214 1413 1241 ,
1448 1184 1509 1229 ut
1538 1190 1660 1244 quae
1687 1175 1949 1229 omnibus
1981 1175 2099 1229 ani-

509 1280 615 1320 ma:
643 1266 854 1321 morbis
885 1266 1171 1321 medeatur
1194 1305 1209 1331 ,
1248 1275 1303 1320 et
1341 1281 1538 1336 magna
1577 1275 1800 1337 peccata
1840 1267 2017 1321 deleat
2049 1275 2105 1323 et

510 1357 785 1413 absumat.
811 1358 997 1415 Altera
1039 1359 1223 1414 omnis
1253 1359 1349 1413 irae
1378 1359 1523 1414 illius
1551 1360 1843 1415 exstinctio
1868 1366 1923 1413 et
1953 1359 2007 1413 in
2039 1374 2104 1413 ea

512 1451 882 1521 consopienda
939 1462 1155 1507 servata
1204 1452 1471 1507 modestia
1534 1460 1589 1507 et
1636 1451 1852 1508 modus.
1890 1451 2109 1508 Tertius

514 1548 571 1595 et
603 1529 1095 1611 praestantissimus
1131 1542 1297 1611 hujus
1338 1541 1541 1613 gradus
1567 1550 1650 1597 est
1679 1542 1821 1597 bona
1850 1542 1955 1597 fide
1983 1557 2107 1597 cre-

514 1632 647 1687 dere
686 1647 747 1688 se
793 1649 899 1687 non
931 1649 1056 1690 esse
1101 1633 1307 1689 bonum
1331 1674 1348 1698 ,
1384 1650 1507 1689 cum
1557 1644 1817 1705 perpetuo
1858 1633 2107 1690 discendi

516 1723 812 1780 desiderio.
846 1722 1002 1779 Finis
1023 1726 1242 1801 quidem
1276 1727 1405 1797 legis
1432 1736 1488 1782 et
1516 1728 1909 1797 prophetarum
1942 1726 2107 1782 Chri-

518 1823 638 1870 stus
677 1815 735 1869 in
765 1815 1217 1886 justiﬁcationem
1245 1820 1391 1873 onmi
1423 1819 1658 1873 credenti
1687 1819 1751 1874 ³⁸.
1790 1817 1942 1876 Finis
1979 1834 2110 1876 vero

2203 630 2471 701 ίδιότητας
2485 629 2748 700 κέκτηται
2768 645 2782 658 ’
2803 629 2898 682 καὶ
2911 629 3049 700 ὅπερ
3067 627 3134 682 ἂν
3150 627 3386 700 θατέρας
3415 632 3592 694 εἴποις
3608 631 3787 702 ὑπάρ-

2198 736 2317 790 χειν
2336 720 2626 790 σύμ6ολον,
2643 720 2804 773 τοῦτο
2826 719 3034 791 καὶτῆς
3049 718 3241 788 ἑτέρας
3262 718 3446 790 εὕροις
3467 720 3536 775 ἃν
3559 723 3786 791 γινόμε-

2198 830 2288 868 νον
2303 813 2612 885 γνώρισμα.
2631 813 2722 866 Διὸ
2733 812 2827 866 καὶ
2843 813 2900 865 ὲν
2914 813 3164 883 συντόμῳ
3177 811 3237 865 τὸ
3249 812 3540 884 εἰρημένον
3560 814 3630 868 δι’
3644 816 3784 869 ἀπο·

2198 903 2417 969 δείξεως
2436 904 2681 976 κυρῶσαι
2697 903 3055 974 πειράσομαι.
3073 902 3293 971 ’ἰδίωμα
3314 903 3413 973 μὲν
3429 904 3540 976 γὰρ
3556 904 3661 975 τῆς
3679 921 3780 957 κα-

2198 996 2299 1066 λῆς
2326 994 2536 1079 ταύτης
2565 995 2662 1050 καὶ
2680 994 3017 1064 ἀξιαγάστου
3041 992 3273 1065 Τριάδος
3313 994 3534 1065 πρῶτον
3560 997 3658 1049 καὶ
3692 997 3779 1061 ἐξ·
3828 1060 3835 1079 ,

2200 1076 2418 1160 αίρετον
2456 1087 2679 1157 ἀτιμίας
2696 1084 2932 1156 ὑποδοχὴ
2957 1086 3361 1156 ἀσμενεστάτη,
3385 1086 3611 1150 ὑπτίαις
3631 1088 3791 1158 χερσὶ

2199 1180 2381 1252 ψυχῆς
2398 1179 2832 1250 προσδεχομένης
2848 1178 2942 1233 καὶ
2959 1178 3470 1250 περιπτυσσομένης
3489 1178 3702 1248 ταύτην
3719 1180 3793 1243 (τις

2202 1271 2630 1328 καταπαύουσαν
2688 1270 2783 1325 καὶ
2839 1269 3292 1339 καταφλέγουσαν
3323 1269 3515 1334 νόσους
3578 1270 3788 1339 ψυχῆς,

2203 1365 2300 1419 καὶ
2338 1363 2615 1436 ἁμαρτίας
2644 1361 2925 1436 μεγάλαςλι
2960 1361 3214 1431 δεύτερον
3245 1359 3301 1413 δὲ
3328 1361 3423 1414 ἀπ’
3449 1361 3665 1413 ἐκείνου
3700 1360 3790 1413 θυ-

2207 1461 2312 1533 μοῦ
2344 1434 2548 1525 παντὸς
2593 1456 2842 1513 ἀπώλεια
2885 1434 3141 1528 [θνῆσις],
3171 1454 3266 1507 καὶ
3296 1454 3592 1525 μετριότης
3634 1454 3694 1505 ὲν
3726 1456 3788 1524 τῇ

2186 1553 2399 1614 ,τούτου
2428 1552 2752 1608 κατευνάσει
2773 1566 2787 1582 ·
2818 1548 3003 1619 τρίτος
3020 1545 3077 1600 δὲ
3113 1544 3320 1617 saepe;
3343 1544 3652 1607 κάλλιστος,
3684 1544 3789 1596 τῶν

2206 1643 2426 1698 οἰκείων
2479 1640 2664 1696 καλῶν
2696 1638 2927 1695 ἀπιστία
2980 1635 3167 1706 πιστὴ,
3212 1635 3308 1688 καὶ
3335 1634 3592 1704 διηνεκὴς
3626 1633 3791 1704 μαθή-

2208 1753 2346 1799 σεως
2372 1734 2571 1807 ὄρεξις.
2604 1731 2787 1797 Τέλος
2813 1729 2911 1800 μὲν
2930 1727 3121 1797 νόμου
3169 1724 3263 1778 κα)⁵
3292 1721 3617 1795 προφητῶν,
3658 1723 3789 1789 Χρι-

2208 1827 2358 1893 στὸς
2407 1827 2497 1892 είς
2548 1823 2955 1889 δικαιοσύνην
3001 1817 3183 1874 παντὶ
3244 1814 3328 1880 τῷ
3394 1813 3746 1868 πιστεύοντι
3774 1829 3787 1842 ’

519 1906 880 1963 vitiositatum
937 1916 994 1965 et
1047 1909 1388 1981 impurarum
1441 1911 1918 1981 perturbationum
1968 1926 2110 1967 vana

2224 1920 2365 1983 τέλος
2395 1918 2453 1972 δὲ
2496 1914 2689 1971 παθῶν
2726 1913 3056 1985 ἀκαθάρτων
3081 1905 3486 2010 κενοδοξίαηκαὶ
3505 1906 3610 2010 esse
3621 1920 3791 2010 ρηφα-

520 1996 694 2068 gloria
717 2009 770 2055 et
799 2000 1056 2070 superbia
1085 2002 1235 2056 omni
1267 2017 1378 2057 non
1404 2003 1727 2068 attendenti,
1753 2019 1893 2075 quas
1919 2017 2112 2060 omnes

520 2099 706 2159 pestes
729 2091 1040 2147 animorum
1065 2102 1256 2149 enecat
1282 2094 1586 2165 spiritualis
1616 2095 1708 2151 illa
1736 2111 1895 2152 cerva
1925 2112 2115 2153 suum-

521 2195 633 2250 que
671 2182 1043 2239 convictorem
1085 2185 1154 2239 ab
1205 2187 1354 2240 omni
1420 2187 1565 2241 letali
1606 2202 1813 2243 veneno
1848 2189 2114 2244 intactum

520 2281 579 2328 et
606 2272 836 2329 illaesum
869 2284 1178 2332 conservat.
1221 2275 1324 2333 Ubi
1369 2278 1514 2333 enim
1566 2279 1622 2334 in
1671 2279 1762 2334 illa
1808 2278 2117 2352 hypocrisis

521 2364 676 2422 virus
701 2367 973 2437 apparet?
1009 2368 1100 2424 ubi
1133 2370 1596 2427 obtrectationis?
1643 2370 1736 2426 ubi
1784 2386 2015 2443 serpens
2060 2372 2117 2427 in

521 2470 759 2511 caverna
784 2457 1003 2514 latitat?
1040 2459 1174 2530 quin
1207 2460 1391 2531 petius
1414 2475 1479 2515 ex
1508 2461 1626 2531 ipsa
1657 2471 1818 2517 terra:
1847 2469 1903 2517 et
1931 2461 2118 2517 cordis

521 2546 728 2603 latebra
759 2548 813 2604 in
844 2550 1125 2619 publicum
1158 2552 1533 2621 protrahitur,
1575 2552 1910 2607 interimitur
1939 2563 1993 2607 et
2021 2553 2121 2609 ab-

525 2639 792 2695 sumitur.
848 2638 968 2696 Non
1008 2650 1238 2711 apparet
1278 2641 1334 2697 in
1386 2644 1491 2697 hoc
1538 2644 1906 2699 contubernio
1954 2644 2119 2699 ullius

523 2729 637 2785 odii
668 2731 887 2801 signum
909 2772 925 2798 ,
966 2747 1078 2787 non
1111 2734 1484 2790 oblocutionis
1526 2736 1737 2805 species
1762 2776 1777 2800 ,
1833 2753 1941 2793 non
1983 2738 2120 2793 odor

524 2824 890 2880 contumacia;
937 2833 1034 2880 aut
1081 2826 1595 2898 tergiversationis,
1645 2828 1752 2883 nisi
1804 2828 1944 2886 forte
1991 2846 2120 2886 cum

524 2913 663 2971 ﬁdes
685 2919 834 2973 venit
858 2917 913 2973 in
949 2918 1278 2988 periculum.
1310 2919 1414 2987 Qui
1449 2936 1574 2977 cum
1596 2908 1710 2977 hac
1735 2924 1882 2978 velut
1918 2940 2122 2994 sponsa

527 3024 767 3079 sponsus
798 3010 1093 3080 capulatus
1121 3023 1206 3069 est
1232 3054 1248 3080 ,
1282 3013 1421 3071 lenis
1446 3055 1461 3080 ,
1501 3015 1786 3086 placidus,
1830 3034 2035 3089 pronus
2067 3021 2123 3075 in

527 3101 1051 3170 compunctionem,
1117 3103 1471 3173 misericors,
1526 3122 1693 3177 super
1755 3111 1942 3165 omnia
1993 3126 2124 3165 vero

529 3206 758 3249 serenus
789 3205 846 3249 et
881 3195 1244 3266 tranquillus,
1276 3197 1434 3255 laetus
1472 3207 1527 3255 et
1557 3200 1759 3268 alacer,
1791 3202 2124 3274 obsequens,

2213 2011 2305 2066 νία
2332 2009 2498 2065 παντὶ
2544 2008 2624 2079 τῷ
2673 2006 2749 2078 μὴ
2796 2005 3117 2078 προσέχοντι
3176 1999 3296 2071 (6)·
3346 1993 3423 2053 ὧν
3479 1997 3794 2069 καθαιρέτις

2214 2098 2350 2157 οὖσα
2370 2103 2404 2173 ἡ
2436 2099 2601 2171 νοερά
2628 2098 2768 2170 αὕτη
2794 2098 2993 2165 έλαφος
3027 2090 3394 2166 φυλάττειτδν
3427 2089 3631 2159 ἑαυτῆς
3666 2088 3793 2156 σύμο

2217 2193 2332 2249 διον
2355 2191 2554 2255 παντὸς
2575 2188 2655 2243 ίοῦ
2673 2187 3050 2258 θανατηφόρου
3073 2183 3451 2254 ἀνεπίδηκτον.
3475 2179 3590 2234 Ποῦ
3613 2181 3727 2250 γὰρ
3743 2181 3795 2231 ἐν

2216 2287 2356 2356 αὐτῇ
2382 2280 2727 2354 ὑποκρίσεως
2760 2279 2840 2342 ίδς
2873 2273 3271 2348 ὲμφανίζεταις
3300 2271 3404 2327 ποῦ
3425 2270 3796 2335 καταλαλιᾶςς

2217 2375 2321 2430 ποῦ
2348 2375 2472 2443 δφις
2501 2373 2560 2425 ὲν
2602 2369 2788 2439 φωλεᾷ
2815 2365 3159 2439 κρύπτεται;
3204 2361 3300 2417 καὶ
3341 2360 3465 2430 οὐχὶ
3513 2357 3719 2430 μᾶλλον
3744 2357 3800 2408 ἐκ

2216 2469 2319 2540 τῆς
2351 2468 2457 2537 γῆς
2508 2464 2610 2534 τῆς
2652 2462 2882 2534 καρδίας
2960 2455 3427 2531 δημοσιευόμενος
3479 2447 3801 2509 θανατοῦται

2219 2561 2315 2615 καὶ
2348 2556 2698 2613 ἀναλίσκεται
2725 2571 2738 2586 ·
2793 2553 2893 2607 οὐκ
2922 2551 3070 2605 ἔστιν
3126 2551 3182 2604 ὲν
3232 2550 3298 2619 τῇ
3330 2545 3507 2617 ταύτῃ
3536 2540 3803 2612 ωναφεία

2226 2652 2424 2723 μίσους
2449 2648 2744 2720 ὲμφάνεια,
2763 2646 2865 2699 οὐκ
2890 2641 3200 2711 ἀντιλογίας
3215 2634 3495 2703 εἶδος,οὺκ
3522 2631 3802 2693 ἀπειθείας

2220 2743 2385 2817 ὀσμὴ.
2418 2744 2466 2795 εί
2497 2742 2573 2813 μή
2608 2756 2710 2793 που
2742 2738 2771 2791 ὁ
2820 2736 2979 2804 λόγος
3024 2734 3151 2804 περ).
3210 2731 3469 2792 πίστεως.
3526 2727 3589 2781 '0
3636 2723 3801 2795 ταύτῃ

2221 2835 2509 2911 νυμφικῶς
2528 2833 2772 2897 ένωθεὶς,
2815 2830 2997 2899 ἡπιος,
3047 2824 3350 2897 προσηνὴς,
3382 2820 3803 2911 εὐκατάνυκτος,

2224 2910 2540 3002 συμπαθὴς,
2564 2924 2706 2995 ὑπὲρ
2749 2923 2966 2977 ἅπαντα
2994 2917 3251 2989 γαληνὸς,
3301 2912 3546 2984 φαιδρὸς,
3572 2910 3804 3002 εὐήνιος,

2225 2997 2454 3081 ἀλυπος,
2477 3015 2779 3086 ἄγρυπνος,
2820 3010 3015 3072 ἄοκνος
3043 3007 3199 3060 πέλει
3223 3022 3238 3037 ο
3286 3004 3383 3058 κα)⁵
3419 3002 3471 3056 τί
3505 3002 3591 3054 δεῖ
3646 2997 3805 3052 πολλὰ

2224 3110 2427 3179 λέγειν,
2480 3106 2724 3175 ἀπαθὴς,
2764 3104 2924 3172 εἴπερ
2959 3103 3065 3156 Ἐν
3098 3099 3176 3169 τῇ
3226 3095 3588 3152 ταπεινώσει
3647 3088 3806 3161 ἡμῶν

2227 3201 2502 3273 ἐμνήσθη
2532 3198 2705 3270 ἡμῶν
2724 3200 2757 3252 ό
2787 3196 3025 3264 Κύριος,
3090 3190 3191 3246 καὶ
3216 3187 3605 3257 ἐλυτρώσατο
3661 3181 3808 3273 ἡμεῖς

528 3285 778 3339 omnium
815 3287 1189 3343 molestiarum
1219 3304 1419 3360 expers
1443 3330 1458 3356 ,
1491 3291 1623 3362 vigil
1655 3302 1710 3348 et
1743 3272 1977 3365 impiger
1999 3305 2122 3364 est,

2229 3272 2297 3348 ἐκ
2320 3291 2438 3347 τῶν
2460 3288 2711 3360 ἐχθρῶν,
2738 3286 2832 3341 καὶ
2857 3284 2969 3338 τῶν
2991 3280 3207 3348 παθῶν,
3240 3281 3334 3334 καὶ
3370 3277 3478 3331 τῶν
3521 3272 3811 3346 μολυσμῶν

529 3384 585 3430 et
620 3384 681 3431 ut
712 3392 822 3436 uno
850 3378 1018 3435 verbo
1055 3380 1389 3451 complectar
1416 3383 1603 3438 omnia
1625 3425 1640 3449 ,
1674 3387 2128 3456 imperturbatus.

534 3466 818 3539 Siquidem
862 3472 921 3525 in
964 3473 1269 3528 humilitate
1326 3484 1514 3529 nostra
1565 3493 1765 3532 memor
1810 3480 1910 3550 fuit
1967 3483 2135 3536 nostri

534 3560 828 3629 Dominus,
872 3573 924 3618 et
955 3564 1200 3621 liberauit
1231 3583 1326 3622 nos
1367 3567 1432 3622 de
1459 3568 1695 3623 inimicis
1733 3575 1928 3627 nostris
1960 3574 2037 3643 ",
2081 3584 2138 3630 et

534 3654 706 3709 animi
730 3656 939 3713 morbis
962 3665 1018 3713 et
1044 3658 1480 3728 inquinamentis
1503 3661 1735 3717 nostris.
1757 3661 1994 3719 Humilis
2024 3681 2137 3721 mo-

534 3746 747 3801 nachus
777 3761 888 3801 non
919 3747 1137 3803 curiose
1171 3748 1403 3818 inquirit
1435 3748 1489 3802 iu
1528 3763 1734 3804 arcana
1771 3748 1890 3805 Dei.
1933 3749 2139 3822 Super—

535 3837 642 3894 bus
667 3848 850 3894 autem
877 3840 1043 3894 etiam
1072 3840 1285 3911 judicia
1309 3849 1708 3911 perscrutatur.
1742 3842 1908 3915 315.
1932 3841 2139 3910 Quem-

537 3929 663 3986 dam
703 3946 766 3986 ex
808 3933 1312 4002 providentissimis
1349 3932 1616 3989 fratribus
1647 3935 1871 4005 maligni
1911 3936 2142 4006 spiritus

537 4023 715 4079 oculis
767 4023 890 4094 ejus
937 4026 1225 4097 spectabili
1281 4024 1458 4082 forma
1509 4026 1869 4085 observantes
1919 4028 2142 4086 beatum

537 4116 948 4187 praedicabant;
990 4119 1196 4190 quibus
1242 4119 1333 4175 ille
1379 4119 1865 4190 sapientissimus:
1917 4121 1977 4179 Si
2007 4138 2096 4179 me
2122 4163 2139 4190 ,

541 4208 741 4280 inquit,
769 4210 824 4266 iu
852 4211 1035 4267 anima
1062 4227 1182 4267 mea
1209 4211 1435 4268 laudare
1455 4212 1765 4282 desieritis,
1791 4229 1859 4270 ex
1889 4213 2141 4273 discessu

541 4308 729 4357 vestro
753 4317 841 4358 me
870 4319 1129 4376 magnum
1159 4312 1215 4358 et
1244 4304 1508 4360 eximium
1532 4306 1901 4374 existimabo;
1934 4307 1983 4364 si
2009 4322 2142 4365 vero

541 4389 770 4448 laudare
816 4392 1208 4463 perrexeritis,
1240 4407 1309 4448 ex
1370 4403 1553 4450 vestra
1618 4395 1934 4453 laudatione
1988 4414 2142 4456 meas

539 4480 715 4552 ipsius
739 4482 933 4539 sordes
962 4493 1017 4540 et
1049 4484 1423 4556 impuritatem
1464 4485 1627 4542 facile
1651 4486 1998 4560 conjectabo.
2028 4490 2140 4545 lm-

2233 3382 2411 3455 ήμῶν.
2448 3378 2701 3450 Μοναχδς
2739 3374 3124 3445 ταπεινόφρων
3177 3370 3239 3424 οὐ
3295 3366 3814 3455 πολυπραγμονήσει

2233 3454 2452 3548 ἄρρητα
2512 3471 2630 3543 (7)’
2684 3473 2712 3523 ὁ
2759 3468 2817 3523 δὲ
2878 3465 3231 3535 ὑπερήφανος
3296 3454 3819 3548 πολυπραγμονῄσει

2235 3544 2497 3641 κρίματα.
2539 3562 2676 3618 Τινά
2707 3560 2814 3616 τῶν
2840 3554 3310 3628 γνωστικωτάτων
3343 3548 3596 3620 ἀδελφῶν
3625 3544 3818 3641 ὁφθαλῖ

2240 3639 2495 3733 μοφανῶς
2523 3657 2574 3709 οἱ
2607 3655 2863 3725 δαίμονες
2913 3647 3260 3721 ὲμακάρισαν
3312 3643 3640 3705 ἐπιστάντες
3668 3658 3681 3673 ο
3711 3641 3740 3693 6
3765 3639 3816 3692 δὲ

2237 3749 2512 3816 πάνσοφός
2544 3762 2677 3817 φησι
2703 3743 2841 3816 πρὸς
2877 3739 3078 3803 αὐτούς
3097 3754 3112 3769 ο
3148 3738 3213 3792 El
3240 3735 3338 3807 μὲν
3353 3733 3448 3788 τοῦ
3479 3734 3730 3786 ὲπαινεῖν
3757 3746 3819 3800 με

2239 3846 2297 3898 ὲν
2317 3845 2382 3915 τῇ
2414 3843 2521 3912 ὲμῇ
2551 3839 2699 3910 ψυχῇ
2739 3832 3078 3896 ἐπαύσασθε,
3105 3832 3169 3886 ὲκ
3215 3830 3316 3899 τῆς
3346 3826 3504 3899 ὑμῶν
3534 3826 3823 3915 ὑποχωρήο

2241 3914 2380 3998 σεως
2415 3931 2588 4006 μέγαν
2630 3926 2773 3984 εἶναι
2827 3925 3023 3980 ἑαυτὸν
3064 3922 3298 3994 νενόηκα
3351 3914 3685 3992 [ἡγήσομαι]
3710 3932 3726 3946 ·
3776 3914 3821 3968 εί

2240 4025 2300 4079 δὲ
2323 4021 2673 4084 ἐπαινοῦντες
2712 4019 2774 4073 οὺ
2824 4013 3088 4081 παύεσθε,
3120 4015 3186 4067 ὲκ
3242 4009 3337 4065 τοῦ
3392 4008 3552 4080 ὑμῶν
3604 4007 3820 4061 ἐπαίνου

2242 4114 2344 4188 τὴν
2414 4109 2608 4168 ἑαυτοῦ
2667 4106 3011 4181 ἀκαθαρσίαν
3059 4101 3417 4174 στοχάσομαι.
3492 4097 3824 4188 ’ῥκάθαρτος

2238 4185 2348 4283 γάρ
2373 4206 2528 4279 παρά
2554 4204 2749 4277 Κυρίῳ
2777 4202 2885 4266 πᾶς
2924 4195 3343 4269 ύψηλοκάρδιος.
3375 4192 3448 4245 Ἦ
3491 4185 3585 4244 οὖν
3612 4191 3822 4259 ὑποχω-

2240 4307 2406 4378 ρεῖτε,
2428 4301 2524 4357 καὶ
2581 4299 2690 4354 ίδοὺ
2714 4297 2890 4369 μέγας
2928 4293 3151 4364 γέγονα,
3203 4291 3238 4362 ἢ
3279 4288 3577 4378 ἐπαινεῖτε,
3628 4284 3723 4338 καὶ
3757 4283 3823 4378 δι’

2239 4374 2399 4470 ύμῶν
2427 4391 2759 4448 ταπείνωσιν
2790 4388 3012 4459 κτῶμαι
3033 4402 3048 4419 ·
3098 4385 3196 4439 καὶ¹
3238 4377 3691 4449 καταπλαγέντες
3732 4374 3821 4444 τὴν

2237 4488 2476 4563 ἀπορίαν
2510 4486 2740 4557 ἄφαντοι
2767 4480 3046 4551 γεγόνασι.

541 4576 785 4633 mutidus
835 4578 982 4633 enim
1035 4580 1217 4634 omnis
1292 4582 1437 4652 apud
1500 4580 1796 4638 Dominum
1859 4587 2133 4656 superbus
2184 4588 2373 4645 corde.
2416 4585 2525 4639 Aut
2588 4594 2719 4651 ergo
2784 4574 3053 4634 discedite
3082 4613 3098 4640 ,
3150 4583 3205 4628 et
3240 4584 3373 4628 ecce
3415 4583 3652 4641 magnus
3688 4582 3819 4631 sum,

543 4681 641 4728 aut
663 4673 910 4740 laudate,
941 4683 996 4730 et
1028 4689 1127 4745 per
1154 4690 1257 4731 vos
1285 4677 1512 4733 humilis
1552 4678 1643 4734 lio.
1684 4679 1808 4747 Quo
1837 4680 2158 4741 dilemmate
2194 4682 2436 4757 perculsi
2467 4689 2523 4735 et
2552 4675 2771 4734 attoniti
2802 4674 3080 4730 daemones
3129 4684 3199 4725 ex
3246 4666 3424 4722 oculis
3462 4671 3819 4757 evanuerunt.

615 4761 735 4818 Non
760 4763 833 4820 sit
859 4764 1041 4821 anima
1071 4776 1162 4823 tua
1184 4767 1421 4824 cisterna
1449 4785 1606 4841 aqua:
1627 4772 1800 4838 vivae;
1832 4789 1954 4844 quae
1981 4776 2125 4832 modt

2316 4773 2411 4845 Μὴ
2436 4770 2633 4842 έστωή
2661 4765 2811 4839 ψυχὴ
2849 4764 3055 4827 λάκκος
3083 4759 3179 4815 τοῦ
3215 4754 3486 4825 (marroon
3520 4754 3716 4809 τούτου
3749 4752 3824 4807 νά-

546 4856 780 4913 fontium
805 4858 1052 4914 vitalium
1077 4861 1417 4932 scaturigine
1453 4864 1749 4933 redundet,
1798 4867 1962 4923 modo
1992 4883 2148 4925 vana:

545 4952 738 5024 gloria:
779 4964 836 5009 et
870 4955 1141 5024 superbia:
1179 4956 1473 5013 ardoribus
1509 4959 1783 5015 exhausta
1819 4971 2145 5029 exarescat,

546 5046 644 5104 sed
679 5045 803 5104 fons
836 5049 1020 5117 potius
1051 5051 1302 5107 omnium
1341 5053 1818 5122 perturbationum
1872 5055 2006 5112 limo
2052 5071 2148 5111 ca-

546 5154 698 5208 rens,
729 5142 825 5212 qui
850 5139 1052 5197 ﬂumen
1081 5144 1423 5214 paupertatis
1453 5160 1517 5199 ex
1548 5160 1609 5201 se
1631 5154 1896 5216 perpetuo
1931 5145 2145 5203 fundat.

548 5229 668 5286 Non
703 5231 924 5302 ignores
947 5273 964 5300 ,
1000 5233 1210 5301 amice,
1249 5234 1587 5291 frumentum
1619 5244 1675 5292 et
1707 5235 1948 5293 fructum
1982 5238 2149 5308 spiri-

550 5325 752 5380 tnalem
798 5325 854 5381 in
909 5326 1150 5384 vallibus
1197 5329 1484 5400 copiosum
1533 5329 1787 5400 proferri.
1840 5329 2015 5387 Vallis
2066 5340 2155 5387 est

552 5414 774 5473 humilis
807 5417 990 5473 anima
1012 5459 1027 5483 ,
1061 5433 1186 5491 quae
1230 5421 1375 5476 inter
1422 5431 1638 5477 montes
1676 5423 1927 5479 laborum
1955 5432 2011 5478 et
2043 5423 2155 5478 vir-

552 5518 733 5564 tutum
760 5525 979 5582 semper
993 5512 1274 5582 depressa,
1302 5512 1527 5569 humilis
1547 5523 1600 5570 et
1623 5515 1923 5572 immobilis
1947 5523 2151 5572 manet.

553 5600 674 5658 Non
695 5602 939 5674 jejunavi
965 5643 982 5671 ,
1015 5620 1126 5660 non
1171 5605 1532 5677 pervigilavi,
1581 5621 1689 5663 non
1718 5608 1875 5664 humi
1920 5609 1975 5665 in
2006 5609 2155 5664 nudo

556 5693 675 5748 solo
712 5709 968 5752 somnum
1014 5696 1134 5767 cepi
1187 5715 1199 5751 :
1237 5698 1331 5753 sed
1389 5697 1703 5756 huntiliatus
1749 5716 1867 5754 sum
1931 5700 2151 5771 (inquit

637 5867 680 5901 "
710 5868 873 5927 Rom.
916 5889 968 5944 si,
1002 5874 1054 5930 ι.
1137 5875 1180 5909 ¹⁵
1207 5875 1353 5934 Psal.
1407 5889 1604 5938 cxvxv,
1636 5874 1727 5937 25.
1759 5873 1849 5930 24.

2248 4883 2444 4939 ματος,
2501 4861 2637 4918 ποτε
2671 4859 2771 4932 μὲν
2815 4856 2977 4912 τοῦτο
3004 4853 3245 4928 βρύουσα
3279 4850 3381 4922 (8),
3415 4847 3547 4902 ποτὲ
3583 4846 3645 4899 δὲ
3678 4845 3826 4939 πάλιν

2241 4935 2490 5032 λήγουσα
2538 4954 2644 5010 ὑπὸ
2687 4950 2972 5013 καύσωνος
2999 4947 3159 5017 δόξης
3194 4944 3291 4999 καὶ
3336 4943 3673 5032 ὲπάρσεωςᾷ·
3705 4935 3826 5032 ἀλλά

2246 5027 2400 5123 «ait;
2448 5046 2742 5111 ἀπαθείας,
2803 5039 3050 5112 ποταμὸν
3101 5035 3379 5107 πτωχείας
3426 5032 3488 5099 ἐξ
3520 5030 3699 5123 αὐτῆς
3753 5027 3825 5123 διά

2247 5118 2452 5209 παντδς
2516 5139 2889 5212 ἀναφέρουσα.
2936 5135 3201 5196 Γίνωσκε,
3247 5123 3294 5183 ὦ
3364 5125 3609 5197 φιλότης,
3657 5122 3736 5183 ὡς
3779 5118 3823 5212 ei

2248 5236 2495 5299 κοιλάδες
2521 5210 2856 5305 πληθύνουσι
2886 5228 3031 5280 σῖτον
3079 5222 3176 5278 καὶ
3207 5218 3424 5292 καρπὸν
3470 5210 3823 5305 πνευματικὸν

2249 5334 2308 5385 ὲν
2337 5329 2552 5391 αὑταῖς.
2606 5300 2812 5387 Keue;
2856 5321 2976 5375 ἐστι
3040 5313 3188 5388 ψυχὴ
3228 5307 3681 5379 τεταπεινωμένη
3740 5300 3823 5391 ἀνά

2257 5422 2422 5495 μέσον
2464 5387 2658 5488 ὁρέων,
2689 5413 2871 5468 πόνων
2923 5407 3022 5463 καὶ
3058 5387 3293 5478 ἀρετῶν,
3351 5401 3558 5495 ἄτυφος
3593 5394 3704 5495 ’ἀεὶ
3749 5387 3821 5446 καὶ

2252 5488 2510 5584 ἀκίνητος
2553 5508 2811 5582 μένουσα.
2856 5502 2935 5561 Οὐ
2972 5501 3334 5573 νενήστευκα,
3370 5493 3474 5546 οὐκ
3506 5488 3817 5584 ὴγρύπνικαι

2253 5608 2355 5662 οὐκ
2400 5579 2757 5676 εχαμεύνικα,
2794 5597 2912 5655 ἀλλ’
2965 5589 3393 5659 ἐταπεινώθην,
3420 5584 3521 5640 καί
3549 5579 3745 5676 ἔσωσέ
3758 5586 3817 5676 μξ

2250 5663 2571 5793 σι’ντᾶιιὲς
2611 5697 2643 5751 ὀ
2687 5663 2922 5763 Κύριος.
2968 5689 3037 5743 'il
3096 5685 3195 5759 μὲν
3240 5678 3501 5755 μετάνοια
3530 5663 3814 5743 ἀνιστᾷστδ

2485 5962 2517 5976 Α
