  <div class='ocr_page' id='page_1' title='image "/cluster/home/n/w/nwhite01/storage/ocr_20150623/88/coo.31924054869924/518.png"; bbox 0 0 4042 6420; ppageno 0'>
   <div class='ocr_carea' id='block_1_1' title="bbox 230 318 354 382">
    <p class='ocr_par' dir='ltr' id='par_1_1' title="bbox 230 318 354 382">
     <span class='ocr_line' id='line_1_1' title="bbox 230 318 354 382; baseline -0.024 0"><span class='ocrx_word' id='word_1_1' title='bbox 230 318 354 382; x_wconf 68' lang='lat'><strong>993</strong></span> 
     </span>
    </p>
   </div>
   <div class='ocr_carea' id='block_1_2' title="bbox 1237 320 2525 395">
    <p class='ocr_par' dir='ltr' id='par_1_2' title="bbox 1237 320 2525 395">
     <span class='ocr_line' id='line_1_2' title="bbox 1237 320 2525 395; baseline 0.012 -18"><span class='ocrx_word' id='word_1_2' title='bbox 1237 320 1468 379; x_wconf 78' lang='lat' dir='ltr'><strong>SCALA</strong></span> <span class='ocrx_word' id='word_1_3' title='bbox 1497 321 1878 385; x_wconf 82' lang='lat' dir='ltr'><strong>PARADISI.</strong></span> <span class='ocrx_word' id='word_1_4' title='bbox 1912 351 1980 362; x_wconf 83' lang='lat'><strong>-</strong></span> <span class='ocrx_word' id='word_1_5' title='bbox 2006 327 2319 392; x_wconf 83' lang='lat' dir='ltr'><strong>GRADUS</strong></span> <span class='ocrx_word' id='word_1_6' title='bbox 2349 332 2525 395; x_wconf 79' lang='lat' dir='ltr'><strong>XXV.</strong></span> 
     </span>
    </p>
   </div>
   <div class='ocr_carea' id='block_1_3' title="bbox 3408 344 3514 409">
    <p class='ocr_par' dir='ltr' id='par_1_3' title="bbox 3408 344 3514 409">
     <span class='ocr_line' id='line_1_3' title="bbox 3408 344 3514 409; baseline 0.009 -1"><span class='ocrx_word' id='word_1_7' title='bbox 3408 344 3514 409; x_wconf 62' lang='lat'><strong>994</strong></span> 
     </span>
    </p>
   </div>
   <div class='ocr_carea' id='block_1_4' title="bbox 227 439 1818 520">
    <p class='ocr_par' dir='ltr' id='par_1_4' title="bbox 227 439 1812 512">
     <span class='ocr_line' id='line_1_4' title="bbox 227 439 1812 512; baseline 0.004 -23"><span class='ocrx_word' id='word_1_8' title='bbox 227 439 286 489; x_wconf 82' lang='grc' dir='ltr'><strong>δὲ</strong></span> <span class='ocrx_word' id='word_1_9' title='bbox 318 440 519 504; x_wconf 80' lang='grc' dir='ltr'><strong>πένθος</strong></span> <span class='ocrx_word' id='word_1_10' title='bbox 539 441 618 504; x_wconf 84' lang='grc' dir='ltr'><strong>εἰς</strong></span> <span class='ocrx_word' id='word_1_11' title='bbox 639 440 900 512; x_wconf 81' lang='grc' dir='ltr'>οὐρανοὺς</span> <span class='ocrx_word' id='word_1_12' title='bbox 930 440 1113 512; x_wconf 82' lang='grc' dir='ltr'>κρούει</span> <span class='ocrx_word' id='word_1_13' title='bbox 1135 457 1148 472; x_wconf 86' lang='grc'><strong>·</strong></span> <span class='ocrx_word' id='word_1_14' title='bbox 1185 441 1216 511; x_wconf 78' lang='grc' dir='ltr'>ἡ</span> <span class='ocrx_word' id='word_1_15' title='bbox 1245 442 1299 493; x_wconf 81' lang='grc' dir='ltr'><strong>δὲ</strong></span> <span class='ocrx_word' id='word_1_16' title='bbox 1328 442 1452 493; x_wconf 83' lang='grc' dir='ltr'>ὁσία</span> <span class='ocrx_word' id='word_1_17' title='bbox 1480 443 1812 508; x_wconf 81' lang='grc' dir='ltr'><strong>ταπείνωσις</strong></span> 
     </span>
    </p>
   </div>
   <div class='ocr_carea' id='block_1_5' title="bbox 1919 439 3512 520">
    <p class='ocr_par' dir='ltr' id='par_1_5' title="bbox 1919 446 3512 520">
     <span class='ocr_line' id='line_1_5' title="bbox 1919 446 3512 520; baseline 0.007 -19"><span class='ocrx_word' id='word_1_18' title='bbox 1919 446 2239 520; x_wconf 74' lang='lat' dir='ltr'><strong>Scriptura)</strong></span> <span class='ocrx_word' id='word_1_19' title='bbox 2297 459 2349 505; x_wconf 77' lang='lat' dir='ltr'><strong>et</strong></span> <span class='ocrx_word' id='word_1_20' title='bbox 2403 453 2650 507; x_wconf 78' lang='lat' dir='ltr'><strong>velociter</strong></span> <span class='ocrx_word' id='word_1_21' title='bbox 2709 457 2932 511; x_wconf 77' lang='lat' dir='ltr'><strong>saluauit</strong></span> <span class='ocrx_word' id='word_1_22' title='bbox 2989 474 3070 511; x_wconf 87' lang='lat' dir='ltr'><strong>me</strong></span> <span class='ocrx_word' id='word_1_23' title='bbox 3129 458 3396 518; x_wconf 87' lang='lat' dir='ltr'><strong>Dominus</strong></span> <span class='ocrx_word' id='word_1_24' title='bbox 3448 468 3512 512; x_wconf 73' lang='grc' dir='ltr'>υ.</span> 
     </span>
    </p>
   </div>
   <div class='ocr_carea' id='block_1_6' title="bbox 225 528 1818 602">
    <p class='ocr_par' dir='ltr' id='par_1_6' title="bbox 225 528 1818 602">
     <span class='ocr_line' id='line_1_6' title="bbox 225 528 1818 602; baseline 0.003 -21"><span class='ocrx_word' id='word_1_25' title='bbox 225 528 465 597; x_wconf 81' lang='grc' dir='ltr'>ἀνοίγει.</span> <span class='ocrx_word' id='word_1_26' title='bbox 505 529 646 598; x_wconf 87' lang='grc' dir='ltr'><strong>Ἐγὼ</strong></span> <span class='ocrx_word' id='word_1_27' title='bbox 675 531 731 583; x_wconf 83' lang='grc' dir='ltr'><strong>δὲ</strong></span> <span class='ocrx_word' id='word_1_28' title='bbox 787 530 950 600; x_wconf 78' lang='grc' dir='ltr'>λέγω,</span> <span class='ocrx_word' id='word_1_29' title='bbox 1007 532 1104 584; x_wconf 82' lang='grc' dir='ltr'>καὶ</span> <span class='ocrx_word' id='word_1_30' title='bbox 1138 531 1431 600; x_wconf 82' lang='grc' dir='ltr'>προσκυνῶ</span> <span class='ocrx_word' id='word_1_31' title='bbox 1481 532 1688 602; x_wconf 82' lang='grc' dir='ltr'>Τριάδα</span> <span class='ocrx_word' id='word_1_32' title='bbox 1759 535 1818 586; x_wconf 90' lang='grc' dir='ltr'><strong>ἐν</strong></span> 
     </span>
    </p>
   </div>
   <div class='ocr_carea' id='block_1_7' title="bbox 228 622 1816 696">
    <p class='ocr_par' dir='ltr' id='par_1_7' title="bbox 228 622 1816 696">
     <span class='ocr_line' id='line_1_7' title="bbox 228 622 1816 696; baseline 0.003 -20"><span class='ocrx_word' id='word_1_33' title='bbox 228 624 426 690; x_wconf 80' lang='grc' dir='ltr'><strong>μονάδι</strong></span> <span class='ocrx_word' id='word_1_34' title='bbox 462 622 561 694; x_wconf 88' lang='grc'><strong>(9),</strong></span> <span class='ocrx_word' id='word_1_35' title='bbox 601 625 694 678; x_wconf 74' lang='grc' dir='ltr'>καὶ</span> <span class='ocrx_word' id='word_1_36' title='bbox 722 624 928 696; x_wconf 85' lang='grc' dir='ltr'>μονάδα</span> <span class='ocrx_word' id='word_1_37' title='bbox 989 626 1048 678; x_wconf 88' lang='grc' dir='ltr'><strong>ἐν</strong></span> <span class='ocrx_word' id='word_1_38' title='bbox 1099 625 1311 696; x_wconf 86' lang='grc' dir='ltr'>Τριάδι.</span> <span class='ocrx_word' id='word_1_39' title='bbox 1369 625 1557 679; x_wconf 82' lang='grc' dir='ltr'><strong>Πάντα</strong></span> <span class='ocrx_word' id='word_1_40' title='bbox 1609 626 1709 696; x_wconf 82' lang='grc' dir='ltr'>μὲν</span> <span class='ocrx_word' id='word_1_41' title='bbox 1744 627 1816 680; x_wconf 76' lang='grc' dir='ltr'><strong>τά</strong></span> 
     </span>
    </p>
   </div>
   <div class='ocr_carea' id='block_1_8' title="bbox 221 713 1815 788">
    <p class='ocr_par' dir='ltr' id='par_1_8' title="bbox 221 713 1815 788">
     <span class='ocr_line' id='line_1_8' title="bbox 221 713 1815 788; baseline 0.002 -22"><span class='ocrx_word' id='word_1_42' title='bbox 221 713 486 786; x_wconf 79' lang='grc' dir='ltr'>ὁρώμενα</span> <span class='ocrx_word' id='word_1_43' title='bbox 509 714 733 784; x_wconf 75' lang='grc' dir='ltr'><strong>φωτίζει</strong></span> <span class='ocrx_word' id='word_1_44' title='bbox 756 717 784 768; x_wconf 99' lang='lat'><strong>6</strong></span> <span class='ocrx_word' id='word_1_45' title='bbox 822 715 974 785; x_wconf 75' lang='grc' dir='ltr'>ἣλιος</span> <span class='ocrx_word' id='word_1_46' title='bbox 1005 733 1019 746; x_wconf 74' lang='grc' dir='ltr'>ο</span> <span class='ocrx_word' id='word_1_47' title='bbox 1046 715 1225 770; x_wconf 89' lang='grc' dir='ltr'>πάντα</span> <span class='ocrx_word' id='word_1_48' title='bbox 1271 715 1329 768; x_wconf 76' lang='grc' dir='ltr'><strong>δὲ</strong></span> <span class='ocrx_word' id='word_1_49' title='bbox 1361 715 1430 767; x_wconf 88' lang='grc' dir='ltr'><strong>τὰ</strong></span> <span class='ocrx_word' id='word_1_50' title='bbox 1463 715 1605 786; x_wconf 84' lang='grc' dir='ltr'>λόγῳ</span> <span class='ocrx_word' id='word_1_51' title='bbox 1637 734 1815 788; x_wconf 84' lang='grc' dir='ltr'>πρατ-</span> 
     </span>
    </p>
   </div>
   <div class='ocr_carea' id='block_1_9' title="bbox 229 805 1814 878">
    <p class='ocr_par' dir='ltr' id='par_1_9' title="bbox 229 805 1814 878">
     <span class='ocr_line' id='line_1_9' title="bbox 229 805 1814 878; baseline 0.002 -21"><span class='ocrx_word' id='word_1_52' title='bbox 229 805 436 875; x_wconf 85' lang='grc' dir='ltr'>τόμενα</span> <span class='ocrx_word' id='word_1_53' title='bbox 488 805 750 878; x_wconf 82' lang='grc' dir='ltr'>κρατύνει</span> <span class='ocrx_word' id='word_1_54' title='bbox 778 805 1124 870; x_wconf 77' lang='grc' dir='ltr'>ταπείνωσις.</span> <span class='ocrx_word' id='word_1_55' title='bbox 1173 807 1264 876; x_wconf 84' lang='grc' dir='ltr'><strong>Μὴ</strong></span> <span class='ocrx_word' id='word_1_56' title='bbox 1315 806 1584 875; x_wconf 84' lang='grc' dir='ltr'>παρόντος</span> <span class='ocrx_word' id='word_1_57' title='bbox 1613 808 1814 875; x_wconf 77' lang='grc' dir='ltr'>φωτὸς,</span> 
     </span>
    </p>
   </div>
   <div class='ocr_carea' id='block_1_10' title="bbox 230 893 1817 968">
    <p class='ocr_par' dir='ltr' id='par_1_10' title="bbox 230 893 1817 968">
     <span class='ocr_line' id='line_1_10' title="bbox 230 893 1817 968; baseline 0.001 -20"><span class='ocrx_word' id='word_1_58' title='bbox 230 895 412 948; x_wconf 82' lang='grc' dir='ltr'>πάντα</span> <span class='ocrx_word' id='word_1_59' title='bbox 443 893 656 965; x_wconf 75' lang='grc' dir='ltr'>ζοφώδη</span> <span class='ocrx_word' id='word_1_60' title='bbox 692 910 705 922; x_wconf 91' lang='grc'><strong>·</strong></span> <span class='ocrx_word' id='word_1_61' title='bbox 739 897 834 948; x_wconf 81' lang='grc' dir='ltr'>καὶ</span> <span class='ocrx_word' id='word_1_62' title='bbox 859 896 933 966; x_wconf 80' lang='grc' dir='ltr'>μὴ</span> <span class='ocrx_word' id='word_1_63' title='bbox 964 895 1247 966; x_wconf 80' lang='grc' dir='ltr'><strong>παρούσης</strong></span> <span class='ocrx_word' id='word_1_64' title='bbox 1289 896 1817 968; x_wconf 81' lang='grc' dir='ltr'>ταπεινοφροσύνης,</span> 
     </span>
    </p>
   </div>
   <div class='ocr_carea' id='block_1_11' title="bbox 230 982 1822 1059">
    <p class='ocr_par' dir='ltr' id='par_1_11' title="bbox 230 982 1822 1059">
     <span class='ocr_line' id='line_1_11' title="bbox 230 982 1822 1059; baseline 0.001 -21"><span class='ocrx_word' id='word_1_65' title='bbox 230 987 414 1040; x_wconf 82' lang='grc' dir='ltr'>πάντα</span> <span class='ocrx_word' id='word_1_66' title='bbox 442 987 597 1056; x_wconf 80' lang='grc' dir='ltr'>ἡμῶν</span> <span class='ocrx_word' id='word_1_67' title='bbox 625 985 788 1039; x_wconf 75' lang='grc' dir='ltr'>ἕωλα.</span> <span class='ocrx_word' id='word_1_68' title='bbox 826 982 920 1049; x_wconf 82' lang='grc' dir='ltr'><strong>Εἷς</strong></span> <span class='ocrx_word' id='word_1_69' title='bbox 949 988 1008 1039; x_wconf 83' lang='grc' dir='ltr'><strong>ἐν</strong></span> <span class='ocrx_word' id='word_1_70' title='bbox 1037 986 1188 1059; x_wconf 80' lang='grc' dir='ltr'>πάσῃ</span> <span class='ocrx_word' id='word_1_71' title='bbox 1217 989 1282 1057; x_wconf 82' lang='grc' dir='ltr'><strong>τῇ</strong></span> <span class='ocrx_word' id='word_1_72' title='bbox 1311 987 1486 1040; x_wconf 87' lang='grc' dir='ltr'>κτίσει</span> <span class='ocrx_word' id='word_1_73' title='bbox 1520 987 1594 1058; x_wconf 92' lang='lat' dir='ltr'><strong>(a)</strong></span> <span class='ocrx_word' id='word_1_74' title='bbox 1642 987 1822 1058; x_wconf 89' lang='grc' dir='ltr'>χῶρος</span> 
     </span>
    </p>
   </div>
   <div class='ocr_carea' id='block_1_12' title="bbox 228 1074 1822 1149">
    <p class='ocr_par' dir='ltr' id='par_1_12' title="bbox 228 1074 1822 1149">
     <span class='ocr_line' id='line_1_12' title="bbox 228 1074 1822 1149; baseline 0.001 -17"><span class='ocrx_word' id='word_1_75' title='bbox 228 1078 384 1142; x_wconf 70' lang='grc' dir='ltr'>ἅπαξ</span> <span class='ocrx_word' id='word_1_76' title='bbox 409 1078 666 1131; x_wconf 81' lang='grc' dir='ltr'>τεθέαται</span> <span class='ocrx_word' id='word_1_77' title='bbox 721 1077 907 1149; x_wconf 83' lang='grc' dir='ltr'>ἥλιον⁶</span> <span class='ocrx_word' id='word_1_78' title='bbox 967 1080 1061 1132; x_wconf 71' lang='grc' dir='ltr'><strong>καὶ</strong></span> <span class='ocrx_word' id='word_1_79' title='bbox 1121 1074 1206 1142; x_wconf 76' lang='grc' dir='ltr'>εἷς</span> <span class='ocrx_word' id='word_1_80' title='bbox 1251 1079 1511 1149; x_wconf 85' lang='grc' dir='ltr'>λογισμὸς</span> <span class='ocrx_word' id='word_1_81' title='bbox 1565 1079 1822 1144; x_wconf 81' lang='grc' dir='ltr'><strong>πολλάκις</strong></span> 
     </span>
    </p>
   </div>
   <div class='ocr_carea' id='block_1_13' title="bbox 226 1168 1822 1242">
    <p class='ocr_par' dir='ltr' id='par_1_13' title="bbox 226 1168 1822 1242">
     <span class='ocr_line' id='line_1_13' title="bbox 226 1168 1822 1242; baseline 0.002 -22"><span class='ocrx_word' id='word_1_82' title='bbox 226 1169 566 1222; x_wconf 72' lang='grc' dir='ltr'>ταπείνωσιν</span> <span class='ocrx_word' id='word_1_83' title='bbox 593 1169 781 1222; x_wconf 84' lang='grc' dir='ltr'>τέτοκε</span> <span class='ocrx_word' id='word_1_84' title='bbox 813 1168 1048 1238; x_wconf 76' lang='grc'><strong>(10-11).</strong></span> <span class='ocrx_word' id='word_1_85' title='bbox 1068 1171 1183 1241; x_wconf 77' lang='grc' dir='ltr'>Μιᾷ</span> <span class='ocrx_word' id='word_1_86' title='bbox 1202 1171 1297 1223; x_wconf 75' lang='grc' dir='ltr'>καὶ</span> <span class='ocrx_word' id='word_1_87' title='bbox 1309 1170 1447 1242; x_wconf 83' lang='grc' dir='ltr'>μόνῃ</span> <span class='ocrx_word' id='word_1_88' title='bbox 1471 1170 1654 1241; x_wconf 77' lang='grc' dir='ltr'>ἡμέρᾳ</span> <span class='ocrx_word' id='word_1_89' title='bbox 1671 1171 1777 1235; x_wconf 83' lang='grc' dir='ltr'><strong>πᾶς</strong></span> <span class='ocrx_word' id='word_1_90' title='bbox 1793 1171 1822 1223; x_wconf 88' lang='lat'><strong>6</strong></span> 
     </span>
    </p>
   </div>
   <div class='ocr_carea' id='block_1_14' title="bbox 229 1259 1822 1331">
    <p class='ocr_par' dir='ltr' id='par_1_14' title="bbox 229 1259 1822 1331">
     <span class='ocr_line' id='line_1_14' title="bbox 229 1259 1822 1331; baseline 0.001 -20"><span class='ocrx_word' id='word_1_91' title='bbox 229 1259 440 1330; x_wconf 74' lang='grc' dir='ltr'>κόσμος</span> <span class='ocrx_word' id='word_1_92' title='bbox 469 1259 830 1328; x_wconf 75' lang='grc' dir='ltr'>ἡγαλλίαται³</span> <span class='ocrx_word' id='word_1_93' title='bbox 869 1261 961 1314; x_wconf 79' lang='grc' dir='ltr'>καὶ</span> <span class='ocrx_word' id='word_1_94' title='bbox 993 1260 1091 1325; x_wconf 90' lang='grc' dir='ltr'>μία</span> <span class='ocrx_word' id='word_1_95' title='bbox 1110 1260 1249 1330; x_wconf 84' lang='grc' dir='ltr'>αῦτη</span> <span class='ocrx_word' id='word_1_96' title='bbox 1303 1261 1452 1313; x_wconf 81' lang='grc' dir='ltr'>ἐστὶν</span> <span class='ocrx_word' id='word_1_97' title='bbox 1498 1260 1666 1331; x_wconf 82' lang='grc' dir='ltr'>ἀρετὴ</span> <span class='ocrx_word' id='word_1_98' title='bbox 1704 1263 1822 1324; x_wconf 88' lang='grc' dir='ltr'>τοῖς</span> 
     </span>
    </p>
   </div>
   <div class='ocr_carea' id='block_1_15' title="bbox 227 1349 1821 1422">
    <p class='ocr_par' dir='ltr' id='par_1_15' title="bbox 227 1349 1821 1422">
     <span class='ocr_line' id='line_1_15' title="bbox 227 1349 1821 1422; baseline 0.001 -19"><span class='ocrx_word' id='word_1_99' title='bbox 227 1351 456 1420; x_wconf 67' lang='grc' dir='ltr'>δαίμοσι</span> <span class='ocrx_word' id='word_1_100' title='bbox 483 1353 783 1421; x_wconf 83' lang='grc' dir='ltr'>ἀμίμητος.</span> <span class='ocrx_word' id='word_1_101' title='bbox 813 1351 977 1404; x_wconf 78' lang='grc' dir='ltr'>’Δλλο</span> <span class='ocrx_word' id='word_1_102' title='bbox 1007 1350 1068 1403; x_wconf 84' lang='grc' dir='ltr'>τὸ</span> <span class='ocrx_word' id='word_1_103' title='bbox 1099 1349 1428 1422; x_wconf 74' lang='grc' dir='ltr'>ἐπαίρεσθαι</span> <span class='ocrx_word' id='word_1_104' title='bbox 1459 1367 1472 1382; x_wconf 74' lang='grc' dir='ltr'><strong>ο</strong></span> <span class='ocrx_word' id='word_1_105' title='bbox 1507 1352 1600 1404; x_wconf 81' lang='grc' dir='ltr'>καὶ</span> <span class='ocrx_word' id='word_1_106' title='bbox 1634 1351 1821 1420; x_wconf 74' lang='grc' dir='ltr'>ἕτερον</span> 
     </span>
    </p>
   </div>
   <div class='ocr_carea' id='block_1_16' title="bbox 229 1441 1820 1514">
    <p class='ocr_par' dir='ltr' id='par_1_16' title="bbox 229 1441 1820 1514">
     <span class='ocr_line' id='line_1_16' title="bbox 229 1441 1820 1514; baseline 0.003 -21"><span class='ocrx_word' id='word_1_107' title='bbox 229 1443 290 1494; x_wconf 84' lang='grc' dir='ltr'><strong>τὸ</strong></span> <span class='ocrx_word' id='word_1_108' title='bbox 325 1441 403 1512; x_wconf 81' lang='grc' dir='ltr'>μὴ</span> <span class='ocrx_word' id='word_1_109' title='bbox 447 1442 798 1513; x_wconf 78' lang='grc' dir='ltr'>ἐπαίρεσθαι,</span> <span class='ocrx_word' id='word_1_110' title='bbox 835 1443 928 1496; x_wconf 78' lang='grc' dir='ltr'>καὶ</span> <span class='ocrx_word' id='word_1_111' title='bbox 956 1442 1084 1495; x_wconf 81' lang='grc' dir='ltr'>ἄλλο</span> <span class='ocrx_word' id='word_1_112' title='bbox 1113 1442 1174 1495; x_wconf 84' lang='grc' dir='ltr'>τὸ</span> <span class='ocrx_word' id='word_1_113' title='bbox 1190 1442 1580 1497; x_wconf 81' lang='grc' dir='ltr'>ταπεινοῦσθαι</span> <span class='ocrx_word' id='word_1_114' title='bbox 1605 1458 1618 1472; x_wconf 89' lang='grc'><strong>·</strong></span> <span class='ocrx_word' id='word_1_115' title='bbox 1650 1445 1679 1497; x_wconf 88' lang='grc' dir='ltr'>ὁ</span> <span class='ocrx_word' id='word_1_116' title='bbox 1719 1443 1820 1514; x_wconf 83' lang='grc' dir='ltr'>μὲν</span> 
     </span>
    </p>
   </div>
   <div class='ocr_carea' id='block_1_17' title="bbox 231 1534 1822 1608">
    <p class='ocr_par' dir='ltr' id='par_1_17' title="bbox 231 1534 1822 1608">
     <span class='ocr_line' id='line_1_17' title="bbox 231 1534 1822 1608; baseline 0.001 -21"><span class='ocrx_word' id='word_1_117' title='bbox 231 1535 338 1606; x_wconf 78' lang='grc' dir='ltr'><strong>γὰρ</strong></span> <span class='ocrx_word' id='word_1_118' title='bbox 370 1535 546 1605; x_wconf 90' lang='grc' dir='ltr'>κρίνει</span> <span class='ocrx_word' id='word_1_119' title='bbox 576 1537 755 1588; x_wconf 78' lang='grc' dir='ltr'>πᾶσαν</span> <span class='ocrx_word' id='word_1_120' title='bbox 781 1534 993 1606; x_wconf 77' lang='grc' dir='ltr'>ἡμέραν</span> <span class='ocrx_word' id='word_1_121' title='bbox 1014 1551 1029 1566; x_wconf 76' lang='grc'><strong><em>⁸</em></strong></span> <span class='ocrx_word' id='word_1_122' title='bbox 1050 1536 1079 1588; x_wconf 88' lang='grc' dir='ltr'>ὁ</span> <span class='ocrx_word' id='word_1_123' title='bbox 1103 1535 1160 1588; x_wconf 83' lang='grc' dir='ltr'>δὲ</span> <span class='ocrx_word' id='word_1_124' title='bbox 1189 1535 1250 1588; x_wconf 82' lang='grc' dir='ltr'><strong>οὐ</strong></span> <span class='ocrx_word' id='word_1_125' title='bbox 1281 1535 1490 1608; x_wconf 87' lang='grc' dir='ltr'>κρίνει·</span> <span class='ocrx_word' id='word_1_126' title='bbox 1525 1535 1588 1588; x_wconf 80' lang='grc' dir='ltr'>ού</span> <span class='ocrx_word' id='word_1_127' title='bbox 1636 1535 1822 1604; x_wconf 83' lang='grc' dir='ltr'>μέντοι</span> 
     </span>
    </p>
   </div>
   <div class='ocr_carea' id='block_1_18' title="bbox 232 1625 1820 1698">
    <p class='ocr_par' dir='ltr' id='par_1_18' title="bbox 232 1625 1820 1698">
     <span class='ocr_line' id='line_1_18' title="bbox 232 1625 1820 1698; baseline 0.001 -19"><span class='ocrx_word' id='word_1_128' title='bbox 232 1628 330 1679; x_wconf 69' lang='grc' dir='ltr'>καὶ</span> <span class='ocrx_word' id='word_1_129' title='bbox 363 1626 557 1678; x_wconf 76' lang='grc' dir='ltr'>ἑαυτὸν</span> <span class='ocrx_word' id='word_1_130' title='bbox 579 1627 932 1698; x_wconf 81' lang='grc' dir='ltr'>κατακρίνει’</span> <span class='ocrx_word' id='word_1_131' title='bbox 961 1628 989 1679; x_wconf 88' lang='lat'><strong>6</strong></span> <span class='ocrx_word' id='word_1_132' title='bbox 1026 1625 1084 1678; x_wconf 80' lang='grc' dir='ltr'><strong>δὲ</strong></span> <span class='ocrx_word' id='word_1_133' title='bbox 1119 1627 1555 1690; x_wconf 83' lang='grc' dir='ltr'>ἀκαταδίκαστος</span> <span class='ocrx_word' id='word_1_134' title='bbox 1599 1625 1675 1679; x_wconf 82' lang='grc' dir='ltr'>ὢν</span> <span class='ocrx_word' id='word_1_135' title='bbox 1731 1626 1820 1680; x_wconf 80' lang='grc' dir='ltr'>διὰ</span> 
     </span>
    </p>
   </div>
   <div class='ocr_carea' id='block_1_19' title="bbox 231 1714 1819 1788">
    <p class='ocr_par' dir='ltr' id='par_1_19' title="bbox 231 1714 1819 1788">
     <span class='ocr_line' id='line_1_19' title="bbox 231 1714 1819 1788; baseline 0.003 -22"><span class='ocrx_word' id='word_1_136' title='bbox 231 1714 435 1776; x_wconf 84' lang='grc' dir='ltr'>παντὸς</span> <span class='ocrx_word' id='word_1_137' title='bbox 462 1714 653 1767; x_wconf 79' lang='grc' dir='ltr'>ἑαυτὸν</span> <span class='ocrx_word' id='word_1_138' title='bbox 670 1714 1042 1779; x_wconf 80' lang='grc' dir='ltr'>καταδικάζει.</span> <span class='ocrx_word' id='word_1_139' title='bbox 1062 1715 1226 1768; x_wconf 82' lang='grc' dir='ltr'>Ἀλλο</span> <span class='ocrx_word' id='word_1_140' title='bbox 1247 1715 1308 1769; x_wconf 84' lang='grc' dir='ltr'>τὸ</span> <span class='ocrx_word' id='word_1_141' title='bbox 1344 1719 1784 1788; x_wconf 83' lang='grc' dir='ltr'>ταπεινοφρονεῖν</span> <span class='ocrx_word' id='word_1_142' title='bbox 1803 1734 1819 1749; x_wconf 79' lang='lat'><strong><em>°</em></strong></span> 
     </span>
    </p>
   </div>
   <div class='ocr_carea' id='block_1_20' title="bbox 229 1789 1896 1879">
    <p class='ocr_par' dir='ltr' id='par_1_20' title="bbox 229 1789 1896 1879">
     <span class='ocr_line' id='line_1_20' title="bbox 229 1789 1896 1879; baseline 0.002 -21"><span class='ocrx_word' id='word_1_143' title='bbox 229 1805 326 1858; x_wconf 75' lang='grc' dir='ltr'>καὶ</span> <span class='ocrx_word' id='word_1_144' title='bbox 359 1805 488 1859; x_wconf 78' lang='grc' dir='ltr'>ἀλλο</span> <span class='ocrx_word' id='word_1_145' title='bbox 539 1805 602 1858; x_wconf 83' lang='grc' dir='ltr'>τὸ</span> <span class='ocrx_word' id='word_1_146' title='bbox 637 1805 1001 1874; x_wconf 77' lang='grc' dir='ltr'>ἀγωνίζεσθαι</span> <span class='ocrx_word' id='word_1_147' title='bbox 1044 1809 1490 1879; x_wconf 63' lang='grc' dir='ltr'>ταπεινοφῳνείν</span> <span class='ocrx_word' id='word_1_148' title='bbox 1519 1824 1533 1836; x_wconf 89' lang='grc'><strong>·</strong></span> <span class='ocrx_word' id='word_1_149' title='bbox 1569 1809 1665 1861; x_wconf 77' lang='grc' dir='ltr'>καὶ</span> <span class='ocrx_word' id='word_1_150' title='bbox 1699 1809 1817 1861; x_wconf 77' lang='grc' dir='ltr'>ἐτε-</span> <span class='ocrx_word' id='word_1_151' title='bbox 1853 1789 1896 1843; x_wconf 76' lang='grc' dir='ltr'><strong>Β</strong></span> 
     </span>
    </p>
   </div>
   <div class='ocr_carea' id='block_1_21' title="bbox 230 1897 1814 1971">
    <p class='ocr_par' dir='ltr' id='par_1_21' title="bbox 230 1897 1814 1971">
     <span class='ocr_line' id='line_1_21' title="bbox 230 1897 1814 1971; baseline 0.003 -23"><span class='ocrx_word' id='word_1_152' title='bbox 230 1913 326 1966; x_wconf 90' lang='grc' dir='ltr'><strong>ρον</strong></span> <span class='ocrx_word' id='word_1_153' title='bbox 360 1897 423 1949; x_wconf 82' lang='grc' dir='ltr'>τὸ</span> <span class='ocrx_word' id='word_1_154' title='bbox 449 1899 693 1950; x_wconf 83' lang='grc' dir='ltr'>ἐπαινεῖν</span> <span class='ocrx_word' id='word_1_155' title='bbox 737 1897 829 1950; x_wconf 80' lang='grc' dir='ltr'>τὸν</span> <span class='ocrx_word' id='word_1_156' title='bbox 876 1898 1301 1970; x_wconf 83' lang='grc' dir='ltr'>ταπεινόφρονα.</span> <span class='ocrx_word' id='word_1_157' title='bbox 1336 1900 1409 1953; x_wconf 87' lang='grc' dir='ltr'>Τὸ</span> <span class='ocrx_word' id='word_1_158' title='bbox 1464 1899 1563 1969; x_wconf 88' lang='grc' dir='ltr'>μὲν</span> <span class='ocrx_word' id='word_1_159' title='bbox 1597 1899 1814 1971; x_wconf 88' lang='grc' dir='ltr'>πρῶτον</span> 
     </span>
    </p>
   </div>
   <div class='ocr_carea' id='block_1_22' title="bbox 233 1986 1814 2061">
    <p class='ocr_par' dir='ltr' id='par_1_22' title="bbox 233 1986 1814 2061">
     <span class='ocr_line' id='line_1_22' title="bbox 233 1986 1814 2061; baseline 0.002 -22"><span class='ocrx_word' id='word_1_160' title='bbox 233 1987 458 2040; x_wconf 82' lang='grc' dir='ltr'>τελείων</span> <span class='ocrx_word' id='word_1_161' title='bbox 483 2003 500 2017; x_wconf 87' lang='grc'><strong>·</strong></span> <span class='ocrx_word' id='word_1_162' title='bbox 534 1988 593 2040; x_wconf 83' lang='grc' dir='ltr'>τὸ</span> <span class='ocrx_word' id='word_1_163' title='bbox 618 1987 674 2041; x_wconf 87' lang='grc' dir='ltr'><strong>δέ</strong></span> <span class='ocrx_word' id='word_1_164' title='bbox 703 1986 955 2060; x_wconf 89' lang='grc' dir='ltr'>δεύτερον</span> <span class='ocrx_word' id='word_1_165' title='bbox 1004 1989 1386 2044; x_wconf 84' lang='grc' dir='ltr'>ὑποτακτικῶν</span> <span class='ocrx_word' id='word_1_166' title='bbox 1411 1989 1683 2061; x_wconf 83' lang='grc' dir='ltr'>ἀληθινῶς</span> <span class='ocrx_word' id='word_1_167' title='bbox 1704 2007 1716 2020; x_wconf 90' lang='grc'><strong>·</strong></span> <span class='ocrx_word' id='word_1_168' title='bbox 1750 1990 1814 2042; x_wconf 82' lang='grc' dir='ltr'>τὸ</span> 
     </span>
    </p>
   </div>
   <div class='ocr_carea' id='block_1_23' title="bbox 237 2079 1813 2149">
    <p class='ocr_par' dir='ltr' id='par_1_23' title="bbox 237 2079 1813 2149">
     <span class='ocr_line' id='line_1_23' title="bbox 237 2079 1813 2149; baseline 0.001 -18"><span class='ocrx_word' id='word_1_169' title='bbox 237 2079 293 2131; x_wconf 68' lang='grc' dir='ltr'><strong>δὲ</strong></span> <span class='ocrx_word' id='word_1_170' title='bbox 309 2079 518 2149; x_wconf 87' lang='grc' dir='ltr'>τρίτον,</span> <span class='ocrx_word' id='word_1_171' title='bbox 558 2081 768 2132; x_wconf 82' lang='grc' dir='ltr'>πάντων</span> <span class='ocrx_word' id='word_1_172' title='bbox 791 2081 1021 2136; x_wconf 88' lang='grc' dir='ltr'>πιστῶν.</span> <span class='ocrx_word' id='word_1_173' title='bbox 1053 2082 1112 2134; x_wconf 87' lang='lat'><strong>&#39;0</strong></span> <span class='ocrx_word' id='word_1_174' title='bbox 1145 2082 1215 2136; x_wconf 83' lang='grc' dir='ltr'>τὰ</span> <span class='ocrx_word' id='word_1_175' title='bbox 1241 2080 1349 2135; x_wconf 74' lang='grc' dir='ltr'>ἔσω</span> <span class='ocrx_word' id='word_1_176' title='bbox 1375 2081 1813 2147; x_wconf 85' lang='grc' dir='ltr'>τεταπεινωκὼς,</span> 
     </span>
    </p>
   </div>
   <div class='ocr_carea' id='block_1_24' title="bbox 233 2169 1815 2244">
    <p class='ocr_par' dir='ltr' id='par_1_24' title="bbox 233 2169 1815 2244">
     <span class='ocr_line' id='line_1_24' title="bbox 233 2169 1815 2244; baseline 0 -20"><span class='ocrx_word' id='word_1_177' title='bbox 233 2169 347 2224; x_wconf 79' lang='grc' dir='ltr'><strong>ὑπὸ</strong></span> <span class='ocrx_word' id='word_1_178' title='bbox 379 2169 599 2241; x_wconf 82' lang='grc' dir='ltr'>χειλέων</span> <span class='ocrx_word' id='word_1_179' title='bbox 638 2171 695 2225; x_wconf 83' lang='grc' dir='ltr'>οὐ</span> <span class='ocrx_word' id='word_1_180' title='bbox 726 2171 1018 2225; x_wconf 79' lang='grc' dir='ltr'>κλέπτεται</span> <span class='ocrx_word' id='word_1_181' title='bbox 1037 2187 1052 2202; x_wconf 83' lang='lat'><strong><em>°</em></strong></span> <span class='ocrx_word' id='word_1_182' title='bbox 1084 2171 1113 2225; x_wconf 87' lang='grc' dir='ltr'><strong>ὃ</strong></span> <span class='ocrx_word' id='word_1_183' title='bbox 1139 2172 1251 2244; x_wconf 86' lang='grc' dir='ltr'><strong>γὰρ</strong></span> <span class='ocrx_word' id='word_1_184' title='bbox 1280 2173 1380 2226; x_wconf 84' lang='grc' dir='ltr'><strong>οὐκ</strong></span> <span class='ocrx_word' id='word_1_185' title='bbox 1408 2171 1522 2243; x_wconf 75' lang='grc' dir='ltr'>ἔχει</span> <span class='ocrx_word' id='word_1_186' title='bbox 1555 2174 1583 2226; x_wconf 87' lang='lat'><strong>6</strong></span> <span class='ocrx_word' id='word_1_187' title='bbox 1610 2171 1815 2242; x_wconf 88' lang='grc' dir='ltr'>θησαυ-</span> 
     </span>
    </p>
   </div>
   <div class='ocr_carea' id='block_1_25' title="bbox 232 2259 1816 2331">
    <p class='ocr_par' dir='ltr' id='par_1_25' title="bbox 232 2259 1816 2331">
     <span class='ocr_line' id='line_1_25' title="bbox 232 2259 1816 2331; baseline 0.001 -19"><span class='ocrx_word' id='word_1_188' title='bbox 232 2259 352 2330; x_wconf 82' lang='grc' dir='ltr'>ρὸς,</span> <span class='ocrx_word' id='word_1_189' title='bbox 393 2261 453 2312; x_wconf 84' lang='grc' dir='ltr'>ού</span> <span class='ocrx_word' id='word_1_190' title='bbox 486 2259 800 2331; x_wconf 68' lang='grc' dir='ltr'>προφέρειη</span> <span class='ocrx_word' id='word_1_191' title='bbox 834 2259 993 2330; x_wconf 87' lang='grc' dir='ltr'>θύρα.</span> <span class='ocrx_word' id='word_1_192' title='bbox 1031 2261 1436 2331; x_wconf 82' lang='grc' dir='ltr'>Μεμονωμένος</span> <span class='ocrx_word' id='word_1_193' title='bbox 1473 2261 1641 2325; x_wconf 82' lang='grc' dir='ltr'>ἵππος</span> <span class='ocrx_word' id='word_1_194' title='bbox 1689 2261 1816 2314; x_wconf 86' lang='grc' dir='ltr'>πολ-</span> 
     </span>
    </p>
   </div>
   <div class='ocr_carea' id='block_1_26' title="bbox 228 2350 1812 2424">
    <p class='ocr_par' dir='ltr' id='par_1_26' title="bbox 228 2350 1812 2424">
     <span class='ocr_line' id='line_1_26' title="bbox 228 2350 1812 2424; baseline 0.002 -23"><span class='ocrx_word' id='word_1_195' title='bbox 228 2350 394 2412; x_wconf 74' lang='grc' dir='ltr'>λάκις</span> <span class='ocrx_word' id='word_1_196' title='bbox 423 2350 636 2422; x_wconf 86' lang='grc' dir='ltr'>τρέχειν</span> <span class='ocrx_word' id='word_1_197' title='bbox 665 2350 829 2417; x_wconf 85' lang='grc' dir='ltr'>δοκεῖ,</span> <span class='ocrx_word' id='word_1_198' title='bbox 885 2352 1389 2422; x_wconf 83' lang='grc' dir='ltr'>συναγελαζόμενος</span> <span class='ocrx_word' id='word_1_199' title='bbox 1439 2352 1496 2406; x_wconf 78' lang='grc' dir='ltr'><strong>δὲ</strong></span> <span class='ocrx_word' id='word_1_200' title='bbox 1549 2353 1672 2406; x_wconf 85' lang='grc' dir='ltr'>τότε</span> <span class='ocrx_word' id='word_1_201' title='bbox 1711 2353 1812 2424; x_wconf 84' lang='grc' dir='ltr'>τὴν</span> 
     </span>
    </p>
   </div>
   <div class='ocr_carea' id='block_1_27' title="bbox 226 2441 1817 2516">
    <p class='ocr_par' dir='ltr' id='par_1_27' title="bbox 226 2441 1817 2516">
     <span class='ocr_line' id='line_1_27' title="bbox 226 2441 1817 2516; baseline 0.001 -20"><span class='ocrx_word' id='word_1_202' title='bbox 226 2441 427 2496; x_wconf 74' lang='grc' dir='ltr'>ἑαυτοῦ</span> <span class='ocrx_word' id='word_1_203' title='bbox 473 2442 688 2509; x_wconf 80' lang='grc' dir='ltr'>ἐπέγνω</span> <span class='ocrx_word' id='word_1_204' title='bbox 729 2443 1065 2514; x_wconf 85' lang='grc' dir='ltr'>νωθρότητα.</span> <span class='ocrx_word' id='word_1_205' title='bbox 1131 2443 1258 2497; x_wconf 83' lang='grc' dir='ltr'>Ἐὰν</span> <span class='ocrx_word' id='word_1_206' title='bbox 1331 2444 1528 2516; x_wconf 83' lang='grc' dir='ltr'>μηκέτι</span> <span class='ocrx_word' id='word_1_207' title='bbox 1585 2445 1644 2497; x_wconf 83' lang='grc' dir='ltr'><strong>ἐν</strong></span> <span class='ocrx_word' id='word_1_208' title='bbox 1697 2447 1817 2508; x_wconf 88' lang='grc' dir='ltr'>τοῖς</span> 
     </span>
    </p>
   </div>
   <div class='ocr_carea' id='block_1_28' title="bbox 225 2533 1819 2605">
    <p class='ocr_par' dir='ltr' id='par_1_28' title="bbox 225 2533 1819 2605">
     <span class='ocr_line' id='line_1_28' title="bbox 225 2533 1819 2605; baseline 0.002 -20"><span class='ocrx_word' id='word_1_209' title='bbox 225 2534 483 2601; x_wconf 67' lang='grc' dir='ltr'>φυσικοῖς</span> <span class='ocrx_word' id='word_1_210' title='bbox 527 2533 554 2584; x_wconf 85' lang='lat'><strong>6</strong></span> <span class='ocrx_word' id='word_1_211' title='bbox 583 2533 844 2603; x_wconf 78' lang='grc' dir='ltr'>λογισμὸς</span> <span class='ocrx_word' id='word_1_212' title='bbox 887 2533 1272 2605; x_wconf 80' lang='grc' dir='ltr'>ἐναϐρύνηται,</span> <span class='ocrx_word' id='word_1_213' title='bbox 1303 2534 1477 2605; x_wconf 84' lang='grc' dir='ltr'>ἀρχῆς</span> <span class='ocrx_word' id='word_1_214' title='bbox 1512 2535 1707 2603; x_wconf 84' lang='grc' dir='ltr'>ὑγείας</span> <span class='ocrx_word' id='word_1_215' title='bbox 1731 2552 1819 2588; x_wconf 84' lang='grc' dir='ltr'>τε·</span> 
     </span>
    </p>
   </div>
   <div class='ocr_carea' id='block_1_29' title="bbox 224 2623 1815 2695">
    <p class='ocr_par' dir='ltr' id='par_1_29' title="bbox 224 2623 1815 2695">
     <span class='ocr_line' id='line_1_29' title="bbox 224 2623 1815 2695; baseline 0.002 -19"><span class='ocrx_word' id='word_1_216' title='bbox 224 2624 475 2693; x_wconf 87' lang='grc' dir='ltr'>κμήριον</span> <span class='ocrx_word' id='word_1_217' title='bbox 503 2640 515 2652; x_wconf 92' lang='grc'><strong>·</strong></span> <span class='ocrx_word' id='word_1_218' title='bbox 560 2624 664 2687; x_wconf 77' lang='grc' dir='ltr'>ἕως</span> <span class='ocrx_word' id='word_1_219' title='bbox 695 2625 752 2678; x_wconf 84' lang='grc' dir='ltr'>δὲ</span> <span class='ocrx_word' id='word_1_220' title='bbox 774 2625 874 2693; x_wconf 81' lang='grc' dir='ltr'>τῆς</span> <span class='ocrx_word' id='word_1_221' title='bbox 913 2623 1138 2689; x_wconf 80' lang='grc' dir='ltr'>ὁζωδίας</span> <span class='ocrx_word' id='word_1_222' title='bbox 1161 2624 1378 2695; x_wconf 86' lang='grc' dir='ltr'>ἐκείνης</span> <span class='ocrx_word' id='word_1_223' title='bbox 1405 2625 1815 2693; x_wconf 83' lang='grc' dir='ltr'>ἐπαισθάνεται,</span> 
     </span>
    </p>
   </div>
   <div class='ocr_carea' id='block_1_30' title="bbox 225 2713 1816 2787">
    <p class='ocr_par' dir='ltr' id='par_1_30' title="bbox 225 2713 1816 2787">
     <span class='ocr_line' id='line_1_30' title="bbox 225 2713 1816 2787; baseline 0.004 -23"><span class='ocrx_word' id='word_1_224' title='bbox 225 2714 406 2784; x_wconf 81' lang='grc' dir='ltr'>ὀσμῆς</span> <span class='ocrx_word' id='word_1_225' title='bbox 437 2713 610 2785; x_wconf 82' lang='grc' dir='ltr'>μύρου</span> <span class='ocrx_word' id='word_1_226' title='bbox 649 2715 748 2768; x_wconf 86' lang='grc' dir='ltr'>οὐκ</span> <span class='ocrx_word' id='word_1_227' title='bbox 778 2715 1112 2770; x_wconf 76' lang='grc' dir='ltr'>αἰσθάνεται.</span> <span class='ocrx_word' id='word_1_228' title='bbox 1152 2716 1268 2769; x_wconf 88' lang='grc' dir='ltr'><strong>Ούκ</strong></span> <span class='ocrx_word' id='word_1_229' title='bbox 1319 2715 1398 2768; x_wconf 79' lang='grc' dir='ltr'><strong>ἐτι</strong></span> <span class='ocrx_word' id='word_1_230' title='bbox 1452 2716 1646 2787; x_wconf 81' lang='grc' dir='ltr'>πλήξει</span> <span class='ocrx_word' id='word_1_231' title='bbox 1680 2717 1816 2787; x_wconf 69' lang='lat'><strong>(1‘2),</strong></span> 
     </span>
    </p>
   </div>
   <div class='ocr_carea' id='block_1_31' title="bbox 225 2805 1820 2879">
    <p class='ocr_par' dir='ltr' id='par_1_31' title="bbox 225 2805 1820 2879">
     <span class='ocr_line' id='line_1_31' title="bbox 225 2805 1820 2879; baseline 0.004 -22"><span class='ocrx_word' id='word_1_232' title='bbox 225 2808 283 2858; x_wconf 77' lang='grc' dir='ltr'>οὐ</span> <span class='ocrx_word' id='word_1_233' title='bbox 315 2806 554 2867; x_wconf 77' lang='grc' dir='ltr'>δικάσει,</span> <span class='ocrx_word' id='word_1_234' title='bbox 589 2807 686 2859; x_wconf 71' lang='grc' dir='ltr'><strong>οὐκ</strong></span> <span class='ocrx_word' id='word_1_235' title='bbox 703 2806 877 2876; x_wconf 77' lang='grc' dir='ltr'>ἄρξει,</span> <span class='ocrx_word' id='word_1_236' title='bbox 909 2807 968 2859; x_wconf 82' lang='grc' dir='ltr'>ού</span> <span class='ocrx_word' id='word_1_237' title='bbox 994 2805 1384 2877; x_wconf 84' lang='grc' dir='ltr'>σοφισθήσεται</span> <span class='ocrx_word' id='word_1_238' title='bbox 1417 2808 1445 2860; x_wconf 88' lang='lat'><strong>6</strong></span> <span class='ocrx_word' id='word_1_239' title='bbox 1501 2809 1632 2877; x_wconf 83' lang='grc' dir='ltr'>ἐμὸς</span> <span class='ocrx_word' id='word_1_240' title='bbox 1689 2811 1820 2879; x_wconf 80' lang='grc' dir='ltr'>ἐρα-</span> 
     </span>
    </p>
   </div>
   <div class='ocr_carea' id='block_1_32' title="bbox 227 2897 1819 2970">
    <p class='ocr_par' dir='ltr' id='par_1_32' title="bbox 227 2897 1819 2970">
     <span class='ocr_line' id='line_1_32' title="bbox 227 2897 1819 2970; baseline 0.003 -21"><span class='ocrx_word' id='word_1_241' title='bbox 227 2899 387 2969; x_wconf 81' lang='grc' dir='ltr'>στὴς,</span> <span class='ocrx_word' id='word_1_242' title='bbox 412 2900 446 2968; x_wconf 83' lang='grc' dir='ltr'><strong>ἡ</strong></span> <span class='ocrx_word' id='word_1_243' title='bbox 475 2898 597 2951; x_wconf 78' lang='grc' dir='ltr'>ὁσία</span> <span class='ocrx_word' id='word_1_244' title='bbox 632 2898 856 2968; x_wconf 77' lang='grc' dir='ltr'>ἔφησεν,</span> <span class='ocrx_word' id='word_1_245' title='bbox 909 2897 1069 2968; x_wconf 86' lang='grc' dir='ltr'>ἄχρις</span> <span class='ocrx_word' id='word_1_246' title='bbox 1105 2898 1171 2952; x_wconf 81' lang='grc' dir='ltr'>ἂν</span> <span class='ocrx_word' id='word_1_247' title='bbox 1208 2899 1332 2970; x_wconf 76' lang='grc' dir='ltr'>ἐμοὶ</span> <span class='ocrx_word' id='word_1_248' title='bbox 1360 2899 1630 2969; x_wconf 81' lang='grc' dir='ltr'>συναφθῇ.</span> <span class='ocrx_word' id='word_1_249' title='bbox 1664 2901 1819 2955; x_wconf 87' lang='grc' dir='ltr'>Μετά</span> 
     </span>
    </p>
   </div>
   <div class='ocr_carea' id='block_1_33' title="bbox 225 2990 1814 3062">
    <p class='ocr_par' dir='ltr' id='par_1_33' title="bbox 225 2990 1814 3062">
     <span class='ocr_line' id='line_1_33' title="bbox 225 2990 1814 3062; baseline -0.001 -18"><span class='ocrx_word' id='word_1_250' title='bbox 225 2992 336 3058; x_wconf 71' lang='grc' dir='ltr'>γὰρ</span> <span class='ocrx_word' id='word_1_251' title='bbox 386 2991 485 3062; x_wconf 77' lang='grc' dir='ltr'>τὴν</span> <span class='ocrx_word' id='word_1_252' title='bbox 519 2992 660 3062; x_wconf 78' lang='grc' dir='ltr'>ἐμὴν</span> <span class='ocrx_word' id='word_1_253' title='bbox 725 2992 1022 3060; x_wconf 81' lang='grc' dir='ltr'>συνάφειαν</span> <span class='ocrx_word' id='word_1_254' title='bbox 1085 2990 1258 3062; x_wconf 86' lang='grc' dir='ltr'>τούτῳ</span> <span class='ocrx_word' id='word_1_255' title='bbox 1307 2990 1495 3044; x_wconf 80' lang='grc' dir='ltr'>λοιπὸν</span> <span class='ocrx_word' id='word_1_256' title='bbox 1537 2991 1701 3061; x_wconf 81' lang='grc' dir='ltr'>νόμος</span> <span class='ocrx_word' id='word_1_257' title='bbox 1754 2991 1814 3044; x_wconf 85' lang='grc' dir='ltr'>οὐ</span> 
     </span>
    </p>
   </div>
   <div class='ocr_carea' id='block_1_34' title="bbox 163 3080 1810 3154">
    <p class='ocr_par' dir='ltr' id='par_1_34' title="bbox 163 3080 1810 3154">
     <span class='ocr_line' id='line_1_34' title="bbox 163 3080 1810 3154; baseline 0.004 -24"><span class='ocrx_word' id='word_1_258' title='bbox 163 3123 174 3130; x_wconf 97' lang='grc'><strong>.</strong></span> <span class='ocrx_word' id='word_1_259' title='bbox 225 3084 426 3136; x_wconf 84' lang='grc' dir='ltr'>κεῖται.</span> <span class='ocrx_word' id='word_1_260' title='bbox 458 3082 578 3134; x_wconf 80' lang='grc' dir='ltr'>Τινὶ</span> <span class='ocrx_word' id='word_1_261' title='bbox 626 3080 735 3134; x_wconf 89' lang='grc' dir='ltr'><strong>τῶν</strong></span> <span class='ocrx_word' id='word_1_262' title='bbox 773 3082 868 3135; x_wconf 77' lang='grc' dir='ltr'>ἐπὶ</span> <span class='ocrx_word' id='word_1_263' title='bbox 892 3082 990 3153; x_wconf 82' lang='grc' dir='ltr'>τὴν</span> <span class='ocrx_word' id='word_1_264' title='bbox 1018 3082 1296 3154; x_wconf 89' lang='grc' dir='ltr'>μακαρίαν</span> <span class='ocrx_word' id='word_1_265' title='bbox 1333 3082 1537 3153; x_wconf 84' lang='grc' dir='ltr'>ταύτην</span> <span class='ocrx_word' id='word_1_266' title='bbox 1572 3083 1810 3136; x_wconf 88' lang='grc' dir='ltr'>σπουδα-</span> 
     </span>
    </p>
   </div>
   <div class='ocr_carea' id='block_1_35' title="bbox 224 3172 1811 3244">
    <p class='ocr_par' dir='ltr' id='par_1_35' title="bbox 224 3172 1811 3244">
     <span class='ocr_line' id='line_1_35' title="bbox 224 3172 1811 3244; baseline 0.001 -20"><span class='ocrx_word' id='word_1_267' title='bbox 224 3172 451 3239; x_wconf 79' lang='grc' dir='ltr'>ζόντων,</span> <span class='ocrx_word' id='word_1_268' title='bbox 479 3173 634 3244; x_wconf 81' lang='grc' dir='ltr'>ἀνδρὶ</span> <span class='ocrx_word' id='word_1_269' title='bbox 669 3174 940 3244; x_wconf 81' lang='grc' dir='ltr'>ἀγωνιστῇ</span> <span class='ocrx_word' id='word_1_270' title='bbox 974 3173 1196 3228; x_wconf 81' lang='grc' dir='ltr'>ἔπαινον</span> <span class='ocrx_word' id='word_1_271' title='bbox 1215 3174 1276 3226; x_wconf 87' lang='grc' dir='ltr'><strong>ἐν</strong></span> <span class='ocrx_word' id='word_1_272' title='bbox 1310 3172 1511 3244; x_wconf 74' lang='grc' dir='ltr'>καρδίᾳ</span> <span class='ocrx_word' id='word_1_273' title='bbox 1536 3174 1585 3226; x_wconf 84' lang='grc' dir='ltr'><strong>οἱ</strong></span> <span class='ocrx_word' id='word_1_274' title='bbox 1606 3173 1811 3226; x_wconf 85' lang='grc' dir='ltr'>ἀνόσιοι</span> 
     </span>
    </p>
   </div>
   <div class='ocr_carea' id='block_1_36' title="bbox 221 3264 1803 3336">
    <p class='ocr_par' dir='ltr' id='par_1_36' title="bbox 221 3264 1803 3336">
     <span class='ocr_line' id='line_1_36' title="bbox 221 3264 1803 3336; baseline 0.001 -19"><span class='ocrx_word' id='word_1_275' title='bbox 221 3265 569 3334; x_wconf 79' lang='grc' dir='ltr'>ὑπέσπειραν</span> <span class='ocrx_word' id='word_1_276' title='bbox 600 3264 851 3334; x_wconf 86' lang='grc' dir='ltr'>δαίμονες</span> <span class='ocrx_word' id='word_1_277' title='bbox 884 3281 896 3294; x_wconf 88' lang='grc'><strong>·</strong></span> <span class='ocrx_word' id='word_1_278' title='bbox 935 3265 963 3317; x_wconf 90' lang='lat'><strong>6</strong></span> <span class='ocrx_word' id='word_1_279' title='bbox 992 3264 1049 3318; x_wconf 82' lang='grc' dir='ltr'><strong>δὲ</strong></span> <span class='ocrx_word' id='word_1_280' title='bbox 1087 3266 1396 3336; x_wconf 79' lang='grc' dir='ltr'>μηχανᾶται</span> <span class='ocrx_word' id='word_1_281' title='bbox 1426 3267 1490 3318; x_wconf 85' lang='grc' dir='ltr'><strong>ἐκ</strong></span> <span class='ocrx_word' id='word_1_282' title='bbox 1520 3264 1671 3328; x_wconf 85' lang='grc' dir='ltr'>θείας</span> <span class='ocrx_word' id='word_1_283' title='bbox 1701 3267 1803 3336; x_wconf 85' lang='grc' dir='ltr'>ἐμ-</span> 
     </span>
    </p>
   </div>
   <div class='ocr_carea' id='block_1_37' title="bbox 220 3357 1812 3430">
    <p class='ocr_par' dir='ltr' id='par_1_37' title="bbox 220 3357 1812 3430">
     <span class='ocr_line' id='line_1_37' title="bbox 220 3357 1812 3430; baseline -0.001 -18"><span class='ocrx_word' id='word_1_284' title='bbox 220 3358 506 3422; x_wconf 75' lang='grc' dir='ltr'>πνεύσεως</span> <span class='ocrx_word' id='word_1_285' title='bbox 529 3358 856 3429; x_wconf 83' lang='grc' dir='ltr'>πνευμάτων</span> <span class='ocrx_word' id='word_1_286' title='bbox 878 3357 1139 3430; x_wconf 85' lang='grc' dir='ltr'>πονηρίαν</span> <span class='ocrx_word' id='word_1_287' title='bbox 1159 3359 1378 3429; x_wconf 79' lang='grc' dir='ltr'>νικῆσαι</span> <span class='ocrx_word' id='word_1_288' title='bbox 1419 3358 1634 3411; x_wconf 80' lang='grc' dir='ltr'>εὐσεϐεῖ</span> <span class='ocrx_word' id='word_1_289' title='bbox 1676 3357 1812 3429; x_wconf 85' lang='grc' dir='ltr'>μεθ-</span> 
     </span>
    </p>
   </div>
   <div class='ocr_carea' id='block_1_38' title="bbox 219 3448 1813 3522">
    <p class='ocr_par' dir='ltr' id='par_1_38' title="bbox 219 3448 1813 3522">
     <span class='ocr_line' id='line_1_38' title="bbox 219 3448 1813 3522; baseline -0.001 -18"><span class='ocrx_word' id='word_1_290' title='bbox 219 3449 380 3522; x_wconf 71' lang='grc' dir='ltr'>οδείᾳ</span> <span class='ocrx_word' id='word_1_291' title='bbox 401 3467 414 3480; x_wconf 89' lang='grc'><strong>·</strong></span> <span class='ocrx_word' id='word_1_292' title='bbox 451 3449 543 3502; x_wconf 74' lang='grc' dir='ltr'>καὶ</span> <span class='ocrx_word' id='word_1_293' title='bbox 569 3449 634 3520; x_wconf 85' lang='grc' dir='ltr'><strong>δὴ</strong></span> <span class='ocrx_word' id='word_1_294' title='bbox 670 3448 908 3512; x_wconf 85' lang='grc' dir='ltr'>ἀναστὰς</span> <span class='ocrx_word' id='word_1_295' title='bbox 958 3451 1286 3503; x_wconf 86' lang='grc' dir='ltr'>κατατάττει</span> <span class='ocrx_word' id='word_1_296' title='bbox 1315 3450 1375 3501; x_wconf 87' lang='grc' dir='ltr'><strong>ἐν</strong></span> <span class='ocrx_word' id='word_1_297' title='bbox 1395 3448 1472 3518; x_wconf 83' lang='grc' dir='ltr'><strong>τῷ</strong></span> <span class='ocrx_word' id='word_1_298' title='bbox 1515 3450 1679 3521; x_wconf 86' lang='grc' dir='ltr'>τοίχῳ</span> <span class='ocrx_word' id='word_1_299' title='bbox 1711 3450 1813 3522; x_wconf 83' lang='grc' dir='ltr'>τῆς</span> 
     </span>
    </p>
   </div>
   <div class='ocr_carea' id='block_1_39' title="bbox 221 3540 1813 3614">
    <p class='ocr_par' dir='ltr' id='par_1_39' title="bbox 221 3540 1813 3614">
     <span class='ocr_line' id='line_1_39' title="bbox 221 3540 1813 3614; baseline 0 -18"><span class='ocrx_word' id='word_1_300' title='bbox 221 3542 426 3599; x_wconf 74' lang='grc' dir='ltr'>ἑαυτοῦ</span> <span class='ocrx_word' id='word_1_301' title='bbox 453 3542 648 3612; x_wconf 73' lang='grc' dir='ltr'>χελλης</span> <span class='ocrx_word' id='word_1_302' title='bbox 681 3543 778 3601; x_wconf 80' lang='grc' dir='ltr'>τὰς</span> <span class='ocrx_word' id='word_1_303' title='bbox 813 3541 922 3596; x_wconf 86' lang='grc' dir='ltr'><strong>τῶν</strong></span> <span class='ocrx_word' id='word_1_304' title='bbox 986 3540 1338 3612; x_wconf 81' lang='grc' dir='ltr'>ὑψηλοτάτων</span> <span class='ocrx_word' id='word_1_305' title='bbox 1389 3541 1602 3612; x_wconf 85' lang='grc' dir='ltr'>ἀρετῶν</span> <span class='ocrx_word' id='word_1_306' title='bbox 1642 3559 1813 3614; x_wconf 89' lang='grc' dir='ltr'>προσ-</span> 
     </span>
    </p>
   </div>
   <div class='ocr_carea' id='block_1_40' title="bbox 225 3632 1812 3707">
    <p class='ocr_par' dir='ltr' id='par_1_40' title="bbox 225 3632 1812 3707">
     <span class='ocr_line' id='line_1_40' title="bbox 225 3632 1812 3707; baseline 0 -19"><span class='ocrx_word' id='word_1_307' title='bbox 225 3636 478 3707; x_wconf 80' lang='grc' dir='ltr'>ηγορίας·</span> <span class='ocrx_word' id='word_1_308' title='bbox 496 3635 640 3698; x_wconf 82' lang='grc' dir='ltr'>λέγω</span> <span class='ocrx_word' id='word_1_309' title='bbox 667 3634 724 3687; x_wconf 84' lang='grc' dir='ltr'>δὲ</span> <span class='ocrx_word' id='word_1_310' title='bbox 743 3634 844 3703; x_wconf 77' lang='grc' dir='ltr'>τῆς</span> <span class='ocrx_word' id='word_1_311' title='bbox 865 3632 1077 3697; x_wconf 86' lang='grc' dir='ltr'>τελείας</span> <span class='ocrx_word' id='word_1_312' title='bbox 1109 3633 1354 3703; x_wconf 87' lang='grc' dir='ltr'>ἀγάπης,</span> <span class='ocrx_word' id='word_1_313' title='bbox 1384 3633 1484 3703; x_wconf 82' lang='grc' dir='ltr'>τῆς</span> <span class='ocrx_word' id='word_1_314' title='bbox 1511 3632 1812 3704; x_wconf 83' lang='grc' dir='ltr'>ἀγγελικῆς</span> 
     </span>
    </p>
   </div>
   <div class='ocr_carea' id='block_1_41' title="bbox 221 3726 1809 3799">
    <p class='ocr_par' dir='ltr' id='par_1_41' title="bbox 221 3726 1809 3799">
     <span class='ocr_line' id='line_1_41' title="bbox 221 3726 1809 3799; baseline -0.003 -16"><span class='ocrx_word' id='word_1_315' title='bbox 221 3727 752 3799; x_wconf 79' lang='grc' dir='ltr'>ταπεινοφροσύνης,</span> <span class='ocrx_word' id='word_1_316' title='bbox 807 3726 906 3796; x_wconf 82' lang='grc' dir='ltr'>τῆς</span> <span class='ocrx_word' id='word_1_317' title='bbox 996 3726 1244 3797; x_wconf 79' lang='grc' dir='ltr'>καθαρᾶς</span> <span class='ocrx_word' id='word_1_318' title='bbox 1320 3726 1651 3796; x_wconf 83' lang='grc' dir='ltr'>προσευχῆς,</span> <span class='ocrx_word' id='word_1_319' title='bbox 1708 3727 1809 3797; x_wconf 79' lang='grc' dir='ltr'>τῆς</span> 
     </span>
    </p>
   </div>
   <div class='ocr_carea' id='block_1_42' title="bbox 228 3816 1812 3892">
    <p class='ocr_par' dir='ltr' id='par_1_42' title="bbox 228 3816 1812 3892">
     <span class='ocr_line' id='line_1_42' title="bbox 228 3816 1812 3892; baseline -0.003 -16"><span class='ocrx_word' id='word_1_320' title='bbox 228 3822 506 3892; x_wconf 49' lang='grc' dir='ltr'>ἀφθάβου</span> <span class='ocrx_word' id='word_1_321' title='bbox 548 3820 790 3889; x_wconf 84' lang='grc' dir='ltr'>ἁγνείας,</span> <span class='ocrx_word' id='word_1_322' title='bbox 837 3822 932 3872; x_wconf 81' lang='grc' dir='ltr'>καὶ</span> <span class='ocrx_word' id='word_1_323' title='bbox 976 3819 1085 3872; x_wconf 90' lang='grc' dir='ltr'><strong>τῶν</strong></span> <span class='ocrx_word' id='word_1_324' title='bbox 1129 3817 1410 3872; x_wconf 81' lang='grc' dir='ltr'>τοιούτων.</span> <span class='ocrx_word' id='word_1_325' title='bbox 1477 3818 1671 3872; x_wconf 87' lang='grc' dir='ltr'>Ἠνίκα</span> <span class='ocrx_word' id='word_1_326' title='bbox 1719 3816 1812 3872; x_wconf 79' lang='grc' dir='ltr'><strong>οὖν</strong></span> 
     </span>
    </p>
   </div>
   <div class='ocr_carea' id='block_1_43' title="bbox 231 3909 1808 3984">
    <p class='ocr_par' dir='ltr' id='par_1_43' title="bbox 231 3909 1808 3984">
     <span class='ocr_line' id='line_1_43' title="bbox 231 3909 1808 3984; baseline -0.003 -17"><span class='ocrx_word' id='word_1_327' title='bbox 231 3914 398 3967; x_wconf 80' lang='grc' dir='ltr'>αὑτὸν</span> <span class='ocrx_word' id='word_1_328' title='bbox 445 3916 493 3966; x_wconf 72' lang='grc' dir='ltr'>οι</span> <span class='ocrx_word' id='word_1_329' title='bbox 532 3913 783 3984; x_wconf 73' lang='grc' dir='ltr'>λογισμοὶ</span> <span class='ocrx_word' id='word_1_330' title='bbox 814 3913 1060 3965; x_wconf 79' lang='grc' dir='ltr'>ἐπαινεῖν</span> <span class='ocrx_word' id='word_1_331' title='bbox 1098 3911 1348 3983; x_wconf 76' lang='grc' dir='ltr'>ἡρχοντο,</span> <span class='ocrx_word' id='word_1_332' title='bbox 1384 3909 1569 3979; x_wconf 76' lang='grc' dir='ltr'>ἔλεγεν</span> <span class='ocrx_word' id='word_1_333' title='bbox 1603 3911 1808 3974; x_wconf 78' lang='grc' dir='ltr'>αὐτοῖς’</span> 
     </span>
    </p>
   </div>
   <div class='ocr_carea' id='block_1_44' title="bbox 234 3999 1813 4071">
    <p class='ocr_par' dir='ltr' id='par_1_44' title="bbox 234 3999 1813 4071">
     <span class='ocr_line' id='line_1_44' title="bbox 234 3999 1813 4071; baseline -0.001 -16"><span class='ocrx_word' id='word_1_334' title='bbox 234 4002 502 4070; x_wconf 72' lang='grc' dir='ltr'>Ἄγωμεν</span> <span class='ocrx_word' id='word_1_335' title='bbox 540 4002 626 4054; x_wconf 80' lang='grc' dir='ltr'>ἐπὶ</span> <span class='ocrx_word' id='word_1_336' title='bbox 653 4002 743 4055; x_wconf 82' lang='grc' dir='ltr'>τὸν</span> <span class='ocrx_word' id='word_1_337' title='bbox 772 3999 1144 4071; x_wconf 80' lang='grc' dir='ltr'>ἐλεγχον(15),</span> <span class='ocrx_word' id='word_1_338' title='bbox 1176 3999 1272 4054; x_wconf 81' lang='grc' dir='ltr'>καὶ</span> <span class='ocrx_word' id='word_1_339' title='bbox 1297 4000 1591 4070; x_wconf 73' lang='grc' dir='ltr'>ἐρχόμενος</span> <span class='ocrx_word' id='word_1_340' title='bbox 1625 3999 1813 4054; x_wconf 75' lang='grc' dir='ltr'>λοιπὸν</span> 
     </span>
    </p>
   </div>
   <div class='ocr_carea' id='block_1_45' title="bbox 228 4090 1816 4164">
    <p class='ocr_par' dir='ltr' id='par_1_45' title="bbox 228 4090 1816 4164">
     <span class='ocr_line' id='line_1_45' title="bbox 228 4090 1816 4164; baseline -0.004 -16"><span class='ocrx_word' id='word_1_341' title='bbox 228 4095 334 4158; x_wconf 82' lang='grc' dir='ltr'><strong>τὰς</strong></span> <span class='ocrx_word' id='word_1_342' title='bbox 357 4094 720 4164; x_wconf 88' lang='grc' dir='ltr'>προσηγορίας</span> <span class='ocrx_word' id='word_1_343' title='bbox 747 4094 1082 4162; x_wconf 89' lang='grc' dir='ltr'>ἀνεγίνωσκε</span> <span class='ocrx_word' id='word_1_344' title='bbox 1103 4109 1117 4122; x_wconf 90' lang='grc'><strong>·</strong></span> <span class='ocrx_word' id='word_1_345' title='bbox 1142 4092 1238 4146; x_wconf 80' lang='grc' dir='ltr'>καὶ</span> <span class='ocrx_word' id='word_1_346' title='bbox 1263 4090 1395 4144; x_wconf 83' lang='grc' dir='ltr'>ἐϐόα</span> <span class='ocrx_word' id='word_1_347' title='bbox 1421 4091 1573 4162; x_wconf 79' lang='grc' dir='ltr'>αὐτῷ</span> <span class='ocrx_word' id='word_1_348' title='bbox 1594 4105 1611 4120; x_wconf 76' lang='grc'><em>⁸</em></span> <span class='ocrx_word' id='word_1_349' title='bbox 1652 4091 1816 4160; x_wconf 86' lang='grc' dir='ltr'>Ὀπη-</span> 
     </span>
    </p>
   </div>
   <div class='ocr_carea' id='block_1_46' title="bbox 232 4177 1814 4256">
    <p class='ocr_par' dir='ltr' id='par_1_46' title="bbox 232 4177 1814 4256">
     <span class='ocr_line' id='line_1_46' title="bbox 232 4177 1814 4256; baseline -0.004 -18"><span class='ocrx_word' id='word_1_350' title='bbox 232 4185 362 4238; x_wconf 86' lang='grc' dir='ltr'>νίκα</span> <span class='ocrx_word' id='word_1_351' title='bbox 412 4183 609 4248; x_wconf 86' lang='grc' dir='ltr'>ταύτας</span> <span class='ocrx_word' id='word_1_352' title='bbox 664 4186 861 4256; x_wconf 84' lang='grc' dir='ltr'>κτήσῃ,</span> <span class='ocrx_word' id='word_1_353' title='bbox 903 4183 1070 4252; x_wconf 84' lang='grc' dir='ltr'>γνῶθι</span> <span class='ocrx_word' id='word_1_354' title='bbox 1100 4182 1181 4236; x_wconf 83' lang='grc' dir='ltr'>ὅτι</span> <span class='ocrx_word' id='word_1_355' title='bbox 1224 4181 1443 4252; x_wconf 81' lang='grc' dir='ltr'>μακρὰν</span> <span class='ocrx_word' id='word_1_356' title='bbox 1474 4177 1526 4234; x_wconf 77' lang='grc' dir='ltr'>εἷ</span> <span class='ocrx_word' id='word_1_357' title='bbox 1571 4180 1652 4234; x_wconf 74' lang='grc' dir='ltr'><strong>ἔτι</strong></span> <span class='ocrx_word' id='word_1_358' title='bbox 1704 4179 1814 4235; x_wconf 82' lang='grc' dir='ltr'>ἀπὸ</span> 
     </span>
    </p>
   </div>
   <div class='ocr_carea' id='block_1_47' title="bbox 226 4271 1810 4346">
    <p class='ocr_par' dir='ltr' id='par_1_47' title="bbox 226 4271 1810 4346">
     <span class='ocr_line' id='line_1_47' title="bbox 226 4271 1810 4346; baseline -0.001 -18"><span class='ocrx_word' id='word_1_359' title='bbox 226 4275 325 4328; x_wconf 80' lang='grc' dir='ltr'><strong>τοῦ</strong></span> <span class='ocrx_word' id='word_1_360' title='bbox 373 4275 530 4329; x_wconf 84' lang='grc' dir='ltr'>Θεοῦ.</span> <span class='ocrx_word' id='word_1_361' title='bbox 565 4275 661 4339; x_wconf 84' lang='grc' dir='ltr'><strong>Τίς</strong></span> <span class='ocrx_word' id='word_1_362' title='bbox 707 4276 807 4346; x_wconf 82' lang='grc' dir='ltr'>μὲν</span> <span class='ocrx_word' id='word_1_363' title='bbox 864 4277 898 4344; x_wconf 80' lang='grc' dir='ltr'>ἡ</span> <span class='ocrx_word' id='word_1_364' title='bbox 936 4271 1030 4328; x_wconf 87' lang='grc' dir='ltr'><strong>τοῦ</strong></span> <span class='ocrx_word' id='word_1_365' title='bbox 1061 4273 1212 4344; x_wconf 87' lang='grc' dir='ltr'>ήλίου</span> <span class='ocrx_word' id='word_1_366' title='bbox 1259 4272 1488 4342; x_wconf 87' lang='grc' dir='ltr'>δύναμις</span> <span class='ocrx_word' id='word_1_367' title='bbox 1511 4274 1605 4325; x_wconf 78' lang='grc' dir='ltr'>καὶ</span> <span class='ocrx_word' id='word_1_368' title='bbox 1631 4271 1810 4336; x_wconf 79' lang='grc' dir='ltr'>οὐσία,</span> 
     </span>
    </p>
   </div>
   <div class='ocr_carea' id='block_1_48' title="bbox 225 4363 1811 4438">
    <p class='ocr_par' dir='ltr' id='par_1_48' title="bbox 225 4363 1811 4438">
     <span class='ocr_line' id='line_1_48' title="bbox 225 4363 1811 4438; baseline -0.001 -18"><span class='ocrx_word' id='word_1_369' title='bbox 225 4370 406 4422; x_wconf 81' lang='grc' dir='ltr'>εἰπεῖν</span> <span class='ocrx_word' id='word_1_370' title='bbox 455 4370 620 4438; x_wconf 80' lang='grc' dir='ltr'>ἡμεῖς</span> <span class='ocrx_word' id='word_1_371' title='bbox 670 4368 731 4420; x_wconf 85' lang='grc' dir='ltr'>οὐ</span> <span class='ocrx_word' id='word_1_372' title='bbox 783 4366 1060 4437; x_wconf 80' lang='grc' dir='ltr'>δυνάμεθα</span> <span class='ocrx_word' id='word_1_373' title='bbox 1090 4381 1106 4398; x_wconf 82' lang='grc'>·</span> <span class='ocrx_word' id='word_1_374' title='bbox 1165 4367 1231 4418; x_wconf 89' lang='grc' dir='ltr'><strong>ἐκ</strong></span> <span class='ocrx_word' id='word_1_375' title='bbox 1282 4365 1390 4419; x_wconf 85' lang='grc' dir='ltr'><strong>τῶν</strong></span> <span class='ocrx_word' id='word_1_376' title='bbox 1419 4365 1476 4418; x_wconf 77' lang='grc' dir='ltr'><strong>δὲ</strong></span> <span class='ocrx_word' id='word_1_377' title='bbox 1510 4363 1811 4434; x_wconf 84' lang='grc' dir='ltr'>ἐνεργειῶν</span> 
     </span>
    </p>
   </div>
   <div class='ocr_carea' id='block_1_49' title="bbox 224 4454 1893 4533">
    <p class='ocr_par' dir='ltr' id='par_1_49' title="bbox 224 4454 1893 4533">
     <span class='ocr_line' id='line_1_49' title="bbox 224 4454 1893 4533; baseline -0.003 -20"><span class='ocrx_word' id='word_1_378' title='bbox 224 4459 397 4514; x_wconf 82' lang='grc' dir='ltr'>αὑτοῦ</span> <span class='ocrx_word' id='word_1_379' title='bbox 429 4458 616 4512; x_wconf 79' lang='grc' dir='ltr'>λοιπὸν</span> <span class='ocrx_word' id='word_1_380' title='bbox 671 4459 766 4512; x_wconf 75' lang='grc' dir='ltr'>καὶ</span> <span class='ocrx_word' id='word_1_381' title='bbox 827 4458 1132 4528; x_wconf 78' lang='grc' dir='ltr'>ἰδιωμάτων</span> <span class='ocrx_word' id='word_1_382' title='bbox 1157 4455 1258 4527; x_wconf 84' lang='grc' dir='ltr'>τὴν</span> <span class='ocrx_word' id='word_1_383' title='bbox 1304 4454 1529 4510; x_wconf 84' lang='grc' dir='ltr'>ἐνοῦσαν</span> <span class='ocrx_word' id='word_1_384' title='bbox 1555 4455 1706 4525; x_wconf 85' lang='grc' dir='ltr'>αύτῷ</span> <span class='ocrx_word' id='word_1_385' title='bbox 1735 4455 1818 4508; x_wconf 80' lang='grc' dir='ltr'><strong>ού·</strong></span> <span class='ocrx_word' id='word_1_386' title='bbox 1849 4478 1893 4533; x_wconf 75' lang='lat' dir='ltr'><strong>D</strong></span> 
     </span>
    </p>
   </div>
   <div class='ocr_carea' id='block_1_50' title="bbox 224 4544 1814 4620">
    <p class='ocr_par' dir='ltr' id='par_1_50' title="bbox 224 4544 1814 4620">
     <span class='ocr_line' id='line_1_50' title="bbox 224 4544 1814 4620; baseline -0.004 -16"><span class='ocrx_word' id='word_1_387' title='bbox 224 4551 352 4604; x_wconf 85' lang='grc' dir='ltr'>σίαν</span> <span class='ocrx_word' id='word_1_388' title='bbox 391 4547 884 4620; x_wconf 83' lang='grc' dir='ltr'>πεφανερώκαμεν.</span> <span class='ocrx_word' id='word_1_389' title='bbox 939 4544 1424 4617; x_wconf 83' lang='grc' dir='ltr'>Ταπεινοφροσύνη</span> <span class='ocrx_word' id='word_1_390' title='bbox 1482 4545 1602 4598; x_wconf 79' lang='grc' dir='ltr'>ἐστὶ</span> <span class='ocrx_word' id='word_1_391' title='bbox 1677 4544 1814 4600; x_wconf 77' lang='grc' dir='ltr'>σκέ-</span> 
     </span>
    </p>
   </div>
   <div class='ocr_carea' id='block_1_51' title="bbox 226 4636 1811 4713">
    <p class='ocr_par' dir='ltr' id='par_1_51' title="bbox 226 4636 1811 4713">
     <span class='ocr_line' id='line_1_51' title="bbox 226 4636 1811 4713; baseline -0.003 -19"><span class='ocrx_word' id='word_1_392' title='bbox 226 4658 312 4713; x_wconf 78' lang='grc' dir='ltr'><strong>πη</strong></span> <span class='ocrx_word' id='word_1_393' title='bbox 341 4641 489 4707; x_wconf 86' lang='grc' dir='ltr'>θεία,</span> <span class='ocrx_word' id='word_1_394' title='bbox 516 4643 608 4694; x_wconf 70' lang='grc' dir='ltr'>ἐπὶ</span> <span class='ocrx_word' id='word_1_395' title='bbox 638 4640 872 4710; x_wconf 79' lang='grc' dir='ltr'>ἀϐλεψίᾳ</span> <span class='ocrx_word' id='word_1_396' title='bbox 919 4638 1027 4692; x_wconf 87' lang='grc' dir='ltr'><strong>τῶν</strong></span> <span class='ocrx_word' id='word_1_397' title='bbox 1081 4637 1297 4691; x_wconf 85' lang='grc' dir='ltr'>οἰκείων</span> <span class='ocrx_word' id='word_1_398' title='bbox 1345 4636 1811 4708; x_wconf 86' lang='grc' dir='ltr'>κατορθωμάτων.</span> 
     </span>
    </p>
   </div>
   <div class='ocr_carea' id='block_1_52' title="bbox 219 4725 1812 4803">
    <p class='ocr_par' dir='ltr' id='par_1_52' title="bbox 219 4725 1812 4803">
     <span class='ocr_line' id='line_1_52' title="bbox 219 4725 1812 4803; baseline -0.004 -19"><span class='ocrx_word' id='word_1_399' title='bbox 219 4731 717 4803; x_wconf 83' lang='grc' dir='ltr'>Ταπεινοφροσύνη</span> <span class='ocrx_word' id='word_1_400' title='bbox 764 4730 912 4783; x_wconf 78' lang='grc' dir='ltr'>ἐστὶν</span> <span class='ocrx_word' id='word_1_401' title='bbox 942 4729 1178 4790; x_wconf 79' lang='grc' dir='ltr'>ἄϐυσσος</span> <span class='ocrx_word' id='word_1_402' title='bbox 1217 4727 1497 4790; x_wconf 83' lang='grc' dir='ltr'>εὐτελείας</span> <span class='ocrx_word' id='word_1_403' title='bbox 1530 4727 1664 4780; x_wconf 80' lang='grc' dir='ltr'>πᾶσι</span> <span class='ocrx_word' id='word_1_404' title='bbox 1687 4725 1812 4780; x_wconf 80' lang='grc' dir='ltr'>κλέ-</span> 
     </span>
    </p>
   </div>
   <div class='ocr_carea' id='block_1_53' title="bbox 218 4816 1815 4893">
    <p class='ocr_par' dir='ltr' id='par_1_53' title="bbox 218 4816 1815 4893">
     <span class='ocr_line' id='line_1_53' title="bbox 218 4816 1815 4893; baseline -0.007 -14"><span class='ocrx_word' id='word_1_405' title='bbox 218 4842 398 4889; x_wconf 82' lang='grc' dir='ltr'>πταις</span> <span class='ocrx_word' id='word_1_406' title='bbox 458 4819 594 4878; x_wconf 80' lang='grc' dir='ltr'>οὖσα</span> <span class='ocrx_word' id='word_1_407' title='bbox 639 4822 1071 4893; x_wconf 84' lang='grc' dir='ltr'>ἀνεπιχείρητος.</span> <span class='ocrx_word' id='word_1_408' title='bbox 1159 4816 1644 4888; x_wconf 86' lang='grc' dir='ltr'>Ταπεινοφροσύνη</span> <span class='ocrx_word' id='word_1_409' title='bbox 1696 4817 1815 4869; x_wconf 78' lang='grc' dir='ltr'>ἐστὶ</span> 
     </span>
    </p>
   </div>
   <div class='ocr_carea' id='block_1_54' title="bbox 216 4906 1816 4986">
    <p class='ocr_par' dir='ltr' id='par_1_54' title="bbox 216 4906 1816 4986">
     <span class='ocr_line' id='line_1_54' title="bbox 216 4906 1816 4986; baseline -0.007 -17"><span class='ocrx_word' id='word_1_410' title='bbox 216 4917 446 4986; x_wconf 80' lang='grc' dir='ltr'>πύργος</span> <span class='ocrx_word' id='word_1_411' title='bbox 464 4913 644 4986; x_wconf 76' lang='grc' dir='ltr'>ἰσχύος</span> <span class='ocrx_word' id='word_1_412' title='bbox 660 4913 769 4968; x_wconf 75' lang='grc' dir='ltr'>ἀπὸ</span> <span class='ocrx_word' id='word_1_413' title='bbox 794 4912 1093 4984; x_wconf 87' lang='grc' dir='ltr'>προσώπου</span> <span class='ocrx_word' id='word_1_414' title='bbox 1108 4907 1324 4980; x_wconf 80' lang='grc' dir='ltr'>ἐχθροῦ.</span> <span class='ocrx_word' id='word_1_415' title='bbox 1369 4910 1492 4962; x_wconf 83' lang='grc' dir='ltr'><strong>Οὐκ</strong></span> <span class='ocrx_word' id='word_1_416' title='bbox 1513 4906 1816 4976; x_wconf 75' lang='grc' dir='ltr'>ὠφελήσει</span> 
     </span>
    </p>
   </div>
   <div class='ocr_carea' id='block_1_55' title="bbox 215 4997 1812 5079">
    <p class='ocr_par' dir='ltr' id='par_1_55' title="bbox 215 4997 1812 5079">
     <span class='ocr_line' id='line_1_55' title="bbox 215 4997 1812 5079; baseline -0.009 -16"><span class='ocrx_word' id='word_1_417' title='bbox 215 5007 448 5079; x_wconf 78' lang='grc' dir='ltr'>ἐχθρὸς</span> <span class='ocrx_word' id='word_1_418' title='bbox 477 5007 547 5059; x_wconf 79' lang='grc' dir='ltr'><strong>ἐν</strong></span> <span class='ocrx_word' id='word_1_419' title='bbox 577 5004 760 5070; x_wconf 84' lang='grc' dir='ltr'>αὐτῷ,</span> <span class='ocrx_word' id='word_1_420' title='bbox 809 5004 909 5058; x_wconf 78' lang='grc' dir='ltr'>καὶ</span> <span class='ocrx_word' id='word_1_421' title='bbox 954 5001 1104 5067; x_wconf 81' lang='grc' dir='ltr'>υίὸς,</span> <span class='ocrx_word' id='word_1_422' title='bbox 1163 4999 1366 5071; x_wconf 83' lang='grc' dir='ltr'>μᾶλλον</span> <span class='ocrx_word' id='word_1_423' title='bbox 1414 4999 1473 5053; x_wconf 80' lang='grc' dir='ltr'><strong>δὲ</strong></span> <span class='ocrx_word' id='word_1_424' title='bbox 1530 4997 1812 5066; x_wconf 85' lang='grc' dir='ltr'>λογισμὸς,</span> 
     </span>
    </p>
   </div>
   <div class='ocr_carea' id='block_1_56' title="bbox 215 5087 1819 5166">
    <p class='ocr_par' dir='ltr' id='par_1_56' title="bbox 215 5087 1819 5166">
     <span class='ocr_line' id='line_1_56' title="bbox 215 5087 1819 5166; baseline -0.009 -12"><span class='ocrx_word' id='word_1_425' title='bbox 215 5098 493 5166; x_wconf 74' lang='grc' dir='ltr'>ἀνομίαν</span> <span class='ocrx_word' id='word_1_426' title='bbox 531 5099 604 5151; x_wconf 79' lang='grc' dir='ltr'><strong>οὐ</strong></span> <span class='ocrx_word' id='word_1_427' title='bbox 635 5093 970 5164; x_wconf 80' lang='grc' dir='ltr'>προσθήσει</span> <span class='ocrx_word' id='word_1_428' title='bbox 1021 5091 1128 5146; x_wconf 83' lang='grc' dir='ltr'><strong>τοῦ</strong></span> <span class='ocrx_word' id='word_1_429' title='bbox 1158 5087 1429 5145; x_wconf 83' lang='grc' dir='ltr'>κακῶσαι</span> <span class='ocrx_word' id='word_1_430' title='bbox 1457 5088 1663 5152; x_wconf 84' lang='grc' dir='ltr'>αὑτὸν,</span> <span class='ocrx_word' id='word_1_431' title='bbox 1717 5087 1819 5139; x_wconf 75' lang='grc' dir='ltr'>καὶ</span> 
     </span>
    </p>
   </div>
   <div class='ocr_carea' id='block_1_57' title="bbox 215 5178 1820 5260">
    <p class='ocr_par' dir='ltr' id='par_1_57' title="bbox 215 5178 1820 5260">
     <span class='ocr_line' id='line_1_57' title="bbox 215 5178 1820 5260; baseline -0.011 -12"><span class='ocrx_word' id='word_1_432' title='bbox 215 5192 542 5260; x_wconf 74' lang='grc' dir='ltr'>συγκόψαι</span> <span class='ocrx_word' id='word_1_433' title='bbox 587 5189 708 5244; x_wconf 79' lang='grc' dir='ltr'>ἀπὸ</span> <span class='ocrx_word' id='word_1_434' title='bbox 767 5186 1093 5257; x_wconf 77' lang='grc' dir='ltr'>προσώπου</span> <span class='ocrx_word' id='word_1_435' title='bbox 1139 5183 1328 5239; x_wconf 83' lang='grc' dir='ltr'>αὐτοῦ</span> <span class='ocrx_word' id='word_1_436' title='bbox 1366 5181 1509 5247; x_wconf 80' lang='grc' dir='ltr'>τοὺς</span> <span class='ocrx_word' id='word_1_437' title='bbox 1563 5178 1820 5248; x_wconf 81' lang='grc' dir='ltr'>ἐχθροὺς</span> 
     </span>
    </p>
   </div>
   <div class='ocr_carea' id='block_1_58' title="bbox 217 5268 1818 5346">
    <p class='ocr_par' dir='ltr' id='par_1_58' title="bbox 217 5268 1818 5346">
     <span class='ocr_line' id='line_1_58' title="bbox 217 5268 1818 5346; baseline -0.009 -12"><span class='ocrx_word' id='word_1_438' title='bbox 217 5278 446 5342; x_wconf 82' lang='grc' dir='ltr'>αὑτοῦ,</span> <span class='ocrx_word' id='word_1_439' title='bbox 540 5279 636 5332; x_wconf 77' lang='grc' dir='ltr'>καὶ</span> <span class='ocrx_word' id='word_1_440' title='bbox 711 5278 840 5340; x_wconf 86' lang='grc' dir='ltr'>τοὺς</span> <span class='ocrx_word' id='word_1_441' title='bbox 906 5273 1204 5346; x_wconf 85' lang='grc' dir='ltr'>μισοῦντας</span> <span class='ocrx_word' id='word_1_442' title='bbox 1301 5269 1467 5324; x_wconf 84' lang='grc' dir='ltr'>αὐτὸν</span> <span class='ocrx_word' id='word_1_443' title='bbox 1534 5268 1818 5339; x_wconf 84' lang='grc' dir='ltr'>τροπώσε-</span> 
     </span>
    </p>
   </div>
   <div class='ocr_carea' id='block_1_59' title="bbox 219 5388 347 5424">
    <p class='ocr_par' dir='ltr' id='par_1_59' title="bbox 219 5388 347 5424">
     <span class='ocr_line' id='line_1_59' title="bbox 219 5388 347 5424; baseline -0.016 0"><span class='ocrx_word' id='word_1_444' title='bbox 219 5388 347 5424; x_wconf 77' lang='grc' dir='ltr'>ται.</span> 
     </span>
    </p>
   </div>
   <div class='ocr_carea' id='block_1_60' title="bbox 1921 540 3510 623">
    <p class='ocr_par' dir='ltr' id='par_1_60' title="bbox 1921 540 3510 623">
     <span class='ocr_line' id='line_1_60' title="bbox 1921 540 3510 623; baseline 0.009 -27"><span class='ocrx_word' id='word_1_445' title='bbox 1921 540 2250 598; x_wconf 72' lang='grc' dir='ltr'>Ρωηῑιοηῑίε</span> <span class='ocrx_word' id='word_1_446' title='bbox 2285 545 2549 612; x_wconf 75' lang='lat' dir='ltr'><strong>suscitat,</strong></span> <span class='ocrx_word' id='word_1_447' title='bbox 2598 546 2780 602; x_wconf 90' lang='lat' dir='ltr'><strong>luctus</strong></span> <span class='ocrx_word' id='word_1_448' title='bbox 2823 549 2891 603; x_wconf 91' lang='lat' dir='ltr'><strong>ad</strong></span> <span class='ocrx_word' id='word_1_449' title='bbox 2941 548 3090 606; x_wconf 83' lang='lat' dir='ltr'><strong>fores</strong></span> <span class='ocrx_word' id='word_1_450' title='bbox 3129 553 3255 608; x_wconf 64' lang='grc' dir='ltr'><strong>θεειί</strong></span> <span class='ocrx_word' id='word_1_451' title='bbox 3289 557 3469 623; x_wconf 88' lang='lat' dir='ltr'><strong>pulsat</strong></span> <span class='ocrx_word' id='word_1_452' title='bbox 3496 599 3510 617; x_wconf 86' lang='lat'><strong>.</strong></span> 
     </span>
    </p>
   </div>
   <div class='ocr_carea' id='block_1_61' title="bbox 1922 635 3516 709">
    <p class='ocr_par' dir='ltr' id='par_1_61' title="bbox 1922 635 3516 709">
     <span class='ocr_line' id='line_1_61' title="bbox 1922 635 3516 709; baseline 0.008 -22"><span class='ocrx_word' id='word_1_453' title='bbox 1922 644 2111 689; x_wconf 89' lang='lat' dir='ltr'><strong>sancta</strong></span> <span class='ocrx_word' id='word_1_454' title='bbox 2159 635 2440 691; x_wconf 78' lang='lat' dir='ltr'><strong>humilitas</strong></span> <span class='ocrx_word' id='word_1_455' title='bbox 2495 639 2693 707; x_wconf 87' lang='lat' dir='ltr'><strong>aperit.</strong></span> <span class='ocrx_word' id='word_1_456' title='bbox 2741 638 2855 709; x_wconf 82' lang='lat' dir='ltr'><strong>Ego</strong></span> <span class='ocrx_word' id='word_1_457' title='bbox 2893 657 3021 695; x_wconf 86' lang='lat' dir='ltr'><strong>vero</strong></span> <span class='ocrx_word' id='word_1_458' title='bbox 3063 642 3188 699; x_wconf 89' lang='lat' dir='ltr'><strong>dico</strong></span> <span class='ocrx_word' id='word_1_459' title='bbox 3237 655 3292 698; x_wconf 88' lang='lat' dir='ltr'><strong>et</strong></span> <span class='ocrx_word' id='word_1_460' title='bbox 3345 646 3516 699; x_wconf 86' lang='lat' dir='ltr'><strong>adoro</strong></span> 
     </span>
    </p>
   </div>
   <div class='ocr_carea' id='block_1_62' title="bbox 1921 723 3513 795">
    <p class='ocr_par' dir='ltr' id='par_1_62' title="bbox 1921 723 3513 795">
     <span class='ocr_line' id='line_1_62' title="bbox 1921 723 3513 795; baseline 0.008 -17"><span class='ocrx_word' id='word_1_461' title='bbox 1921 723 2245 780; x_wconf 69' lang='lat' dir='ltr'><strong>Trinitatem</strong></span> <span class='ocrx_word' id='word_1_462' title='bbox 2297 727 2350 780; x_wconf 92' lang='lat' dir='ltr'><strong>in</strong></span> <span class='ocrx_word' id='word_1_463' title='bbox 2397 732 2646 795; x_wconf 88' lang='lat' dir='ltr'><strong>unitate,</strong></span> <span class='ocrx_word' id='word_1_464' title='bbox 2706 743 2762 786; x_wconf 88' lang='lat' dir='ltr'><strong>et</strong></span> <span class='ocrx_word' id='word_1_465' title='bbox 2811 733 3071 788; x_wconf 88' lang='lat' dir='ltr'><strong>unitatem</strong></span> <span class='ocrx_word' id='word_1_466' title='bbox 3120 736 3174 788; x_wconf 91' lang='lat' dir='ltr'><strong>in</strong></span> <span class='ocrx_word' id='word_1_467' title='bbox 3225 735 3513 791; x_wconf 88' lang='lat' dir='ltr'><strong>Trinitate.</strong></span> 
     </span>
    </p>
   </div>
   <div class='ocr_carea' id='block_1_63' title="bbox 1923 813 3515 896">
    <p class='ocr_par' dir='ltr' id='par_1_63' title="bbox 1923 813 3515 896">
     <span class='ocr_line' id='line_1_63' title="bbox 1923 813 3515 896; baseline 0.008 -28"><span class='ocrx_word' id='word_1_468' title='bbox 1923 813 2118 869; x_wconf 90' lang='lat' dir='ltr'><strong>Omnia</strong></span> <span class='ocrx_word' id='word_1_469' title='bbox 2153 831 2276 885; x_wconf 59' lang='lat' dir='ltr'><strong>qua</strong></span> <span class='ocrx_word' id='word_1_470' title='bbox 2311 829 2612 873; x_wconf 89' lang='lat' dir='ltr'><strong>cernuntur</strong></span> <span class='ocrx_word' id='word_1_471' title='bbox 2637 861 2652 886; x_wconf 95' lang='lat'><strong>,</strong></span> <span class='ocrx_word' id='word_1_472' title='bbox 2701 821 2783 876; x_wconf 91' lang='lat' dir='ltr'><strong>sol</strong></span> <span class='ocrx_word' id='word_1_473' title='bbox 2820 823 3090 878; x_wconf 87' lang='lat' dir='ltr'><strong>illuminat</strong></span> <span class='ocrx_word' id='word_1_474' title='bbox 3119 841 3133 877; x_wconf 92' lang='lat'><em>:</em></span> <span class='ocrx_word' id='word_1_475' title='bbox 3176 828 3359 880; x_wconf 88' lang='lat' dir='ltr'><strong>omnia</strong></span> <span class='ocrx_word' id='word_1_476' title='bbox 3393 842 3515 896; x_wconf 77' lang='lat' dir='ltr'><strong>quze</strong></span> 
     </span>
    </p>
   </div>
   <div class='ocr_carea' id='block_1_64' title="bbox 1922 906 3510 984">
    <p class='ocr_par' dir='ltr' id='par_1_64' title="bbox 1922 906 3510 984">
     <span class='ocr_line' id='line_1_64' title="bbox 1922 906 3510 984; baseline 0.009 -26"><span class='ocrx_word' id='word_1_477' title='bbox 1922 906 2134 962; x_wconf 84' lang='lat' dir='ltr'><strong>ratione</strong></span> <span class='ocrx_word' id='word_1_478' title='bbox 2179 908 2340 973; x_wconf 88' lang='lat' dir='ltr'><strong>liunt,</strong></span> <span class='ocrx_word' id='word_1_479' title='bbox 2388 909 2671 966; x_wconf 86' lang='lat' dir='ltr'><strong>humilitas</strong></span> <span class='ocrx_word' id='word_1_480' title='bbox 2733 915 3042 969; x_wconf 84' lang='lat' dir='ltr'><strong>conﬁrmat.</strong></span> <span class='ocrx_word' id='word_1_481' title='bbox 3101 916 3340 971; x_wconf 79' lang='lat' dir='ltr'><strong>Absente</strong></span> <span class='ocrx_word' id='word_1_482' title='bbox 3374 919 3510 984; x_wconf 89' lang='lat' dir='ltr'><strong>sole,</strong></span> 
     </span>
    </p>
   </div>
   <div class='ocr_carea' id='block_1_65' title="bbox 1923 1000 3509 1075">
    <p class='ocr_par' dir='ltr' id='par_1_65' title="bbox 1923 1000 3509 1075">
     <span class='ocr_line' id='line_1_65' title="bbox 1923 1000 3509 1075; baseline 0.008 -22"><span class='ocrx_word' id='word_1_483' title='bbox 1923 1000 2108 1054; x_wconf 83' lang='lat' dir='ltr'><strong>omnia</strong></span> <span class='ocrx_word' id='word_1_484' title='bbox 2163 1002 2402 1056; x_wconf 85' lang='lat' dir='ltr'><strong>tenebris</strong></span> <span class='ocrx_word' id='word_1_485' title='bbox 2447 1003 2870 1073; x_wconf 86' lang='lat' dir='ltr'><strong>inhorrescunt;</strong></span> <span class='ocrx_word' id='word_1_486' title='bbox 2909 1010 3132 1063; x_wconf 88' lang='lat' dir='ltr'><strong>absente</strong></span> <span class='ocrx_word' id='word_1_487' title='bbox 3179 1011 3509 1075; x_wconf 83' lang='lat' dir='ltr'><strong>humilitate,</strong></span> 
     </span>
    </p>
   </div>
   <div class='ocr_carea' id='block_1_66' title="bbox 1922 1089 3510 1164">
    <p class='ocr_par' dir='ltr' id='par_1_66' title="bbox 1922 1089 3510 1164">
     <span class='ocr_line' id='line_1_66' title="bbox 1922 1089 3510 1164; baseline 0.009 -23"><span class='ocrx_word' id='word_1_488' title='bbox 1922 1089 2110 1144; x_wconf 88' lang='lat' dir='ltr'><strong>omnia</strong></span> <span class='ocrx_word' id='word_1_489' title='bbox 2163 1100 2352 1146; x_wconf 86' lang='lat' dir='ltr'><strong>nostra</strong></span> <span class='ocrx_word' id='word_1_490' title='bbox 2399 1091 2563 1162; x_wconf 81' lang='lat'><strong>315</strong></span> <span class='ocrx_word' id='word_1_491' title='bbox 2614 1109 2775 1164; x_wconf 85' lang='lat' dir='ltr'><strong>opera</strong></span> <span class='ocrx_word' id='word_1_492' title='bbox 2825 1109 3069 1152; x_wconf 87' lang='lat' dir='ltr'><strong>marcent</strong></span> <span class='ocrx_word' id='word_1_493' title='bbox 3115 1111 3168 1153; x_wconf 91' lang='lat' dir='ltr'><strong>et</strong></span> <span class='ocrx_word' id='word_1_494' title='bbox 3221 1100 3408 1156; x_wconf 84' lang='lat' dir='ltr'><strong>fetent.</strong></span> <span class='ocrx_word' id='word_1_495' title='bbox 3454 1103 3510 1155; x_wconf 92' lang='lat' dir='ltr'><strong>In</strong></span> 
     </span>
    </p>
   </div>
   <div class='ocr_carea' id='block_1_67' title="bbox 1924 1186 3512 1261">
    <p class='ocr_par' dir='ltr' id='par_1_67' title="bbox 1924 1186 3512 1261">
     <span class='ocr_line' id='line_1_67' title="bbox 1924 1186 3512 1261; baseline 0.009 -27"><span class='ocrx_word' id='word_1_496' title='bbox 1924 1189 2040 1236; x_wconf 91' lang='lat' dir='ltr'><strong>toto</strong></span> <span class='ocrx_word' id='word_1_497' title='bbox 2092 1193 2364 1238; x_wconf 90' lang='lat' dir='ltr'><strong>terrarum</strong></span> <span class='ocrx_word' id='word_1_498' title='bbox 2420 1186 2554 1240; x_wconf 91' lang='lat' dir='ltr'><strong>orbe</strong></span> <span class='ocrx_word' id='word_1_499' title='bbox 2607 1187 2802 1242; x_wconf 88' lang='lat' dir='ltr'><strong>unicus</strong></span> <span class='ocrx_word' id='word_1_500' title='bbox 2839 1199 2922 1242; x_wconf 74' lang='grc' dir='ltr'><strong>εει</strong></span> <span class='ocrx_word' id='word_1_501' title='bbox 2972 1190 3124 1244; x_wconf 86' lang='lat' dir='ltr'><strong>locus</strong></span> <span class='ocrx_word' id='word_1_502' title='bbox 3154 1232 3169 1256; x_wconf 97' lang='lat'><strong>,</strong></span> <span class='ocrx_word' id='word_1_503' title='bbox 3217 1195 3309 1261; x_wconf 88' lang='lat' dir='ltr'><strong>qui</strong></span> <span class='ocrx_word' id='word_1_504' title='bbox 3339 1194 3512 1248; x_wconf 89' lang='lat' dir='ltr'><strong>solem</strong></span> 
     </span>
    </p>
   </div>
   <div class='ocr_carea' id='block_1_68' title="bbox 1923 1272 3512 1354">
    <p class='ocr_par' dir='ltr' id='par_1_68' title="bbox 1923 1272 3512 1354">
     <span class='ocr_line' id='line_1_68' title="bbox 1923 1272 3512 1354; baseline 0.007 -27"><span class='ocrx_word' id='word_1_505' title='bbox 1923 1272 2193 1328; x_wconf 78' lang='lat' dir='ltr'><strong>duntaxat</strong></span> <span class='ocrx_word' id='word_1_506' title='bbox 2239 1275 2409 1330; x_wconf 90' lang='lat' dir='ltr'><strong>semel</strong></span> <span class='ocrx_word' id='word_1_507' title='bbox 2457 1278 2704 1346; x_wconf 84' lang='lat' dir='ltr'><strong>aspexit,</strong></span> <span class='ocrx_word' id='word_1_508' title='bbox 2753 1288 2810 1333; x_wconf 91' lang='lat' dir='ltr'><strong>et</strong></span> <span class='ocrx_word' id='word_1_509' title='bbox 2859 1281 3017 1334; x_wconf 89' lang='lat' dir='ltr'><strong>unica</strong></span> <span class='ocrx_word' id='word_1_510' title='bbox 3066 1297 3207 1350; x_wconf 76' lang='lat' dir='ltr'><strong>saepe</strong></span> <span class='ocrx_word' id='word_1_511' title='bbox 3251 1285 3512 1354; x_wconf 78' lang='lat' dir='ltr'><strong>cogitatio</strong></span> 
     </span>
    </p>
   </div>
   <div class='ocr_carea' id='block_1_69' title="bbox 1922 1367 3512 1440">
    <p class='ocr_par' dir='ltr' id='par_1_69' title="bbox 1922 1367 3512 1440">
     <span class='ocr_line' id='line_1_69' title="bbox 1922 1367 3512 1440; baseline 0.008 -20"><span class='ocrx_word' id='word_1_512' title='bbox 1922 1367 2132 1436; x_wconf 86' lang='lat' dir='ltr'><strong>peperit</strong></span> <span class='ocrx_word' id='word_1_513' title='bbox 2155 1367 2541 1424; x_wconf 84' lang='lat' dir='ltr'><strong>humilitatem.</strong></span> <span class='ocrx_word' id='word_1_514' title='bbox 2565 1369 2682 1424; x_wconf 92' lang='lat' dir='ltr'><strong>Uno</strong></span> <span class='ocrx_word' id='word_1_515' title='bbox 2707 1372 2944 1440; x_wconf 87' lang='lat' dir='ltr'><strong>quodam</strong></span> <span class='ocrx_word' id='word_1_516' title='bbox 2980 1373 3070 1427; x_wconf 91' lang='lat' dir='ltr'><strong>die</strong></span> <span class='ocrx_word' id='word_1_517' title='bbox 3095 1385 3147 1428; x_wconf 87' lang='lat' dir='ltr'><strong>et</strong></span> <span class='ocrx_word' id='word_1_518' title='bbox 3178 1379 3339 1431; x_wconf 90' lang='lat' dir='ltr'><strong>unico</strong></span> <span class='ocrx_word' id='word_1_519' title='bbox 3367 1387 3512 1432; x_wconf 84' lang='lat' dir='ltr'><strong>totus</strong></span> 
     </span>
    </p>
   </div>
   <div class='ocr_carea' id='block_1_70' title="bbox 1923 1457 3512 1528">
    <p class='ocr_par' dir='ltr' id='par_1_70' title="bbox 1923 1457 3512 1528">
     <span class='ocr_line' id='line_1_70' title="bbox 1923 1457 3512 1528; baseline 0.008 -19"><span class='ocrx_word' id='word_1_520' title='bbox 1923 1457 2090 1510; x_wconf 89' lang='lat' dir='ltr'><strong>simul</strong></span> <span class='ocrx_word' id='word_1_521' title='bbox 2121 1458 2358 1512; x_wconf 89' lang='lat' dir='ltr'><strong>mundus</strong></span> <span class='ocrx_word' id='word_1_522' title='bbox 2389 1459 2605 1528; x_wconf 77' lang='lat' dir='ltr'><strong>gaudiis</strong></span> <span class='ocrx_word' id='word_1_523' title='bbox 2623 1462 2939 1516; x_wconf 76' lang='lat' dir='ltr'><strong>exsultavit.</strong></span> <span class='ocrx_word' id='word_1_524' title='bbox 2973 1463 3037 1515; x_wconf 86' lang='lat' dir='ltr'><strong>Et</strong></span> <span class='ocrx_word' id='word_1_525' title='bbox 3067 1479 3171 1517; x_wconf 89' lang='lat' dir='ltr'><strong>una</strong></span> <span class='ocrx_word' id='word_1_526' title='bbox 3199 1466 3314 1520; x_wconf 66' lang='lat' dir='ltr'><strong>haec</strong></span> <span class='ocrx_word' id='word_1_527' title='bbox 3339 1468 3512 1522; x_wconf 87' lang='lat' dir='ltr'><strong>virtus</strong></span> 
     </span>
    </p>
   </div>
   <div class='ocr_carea' id='block_1_71' title="bbox 1923 1549 3515 1628">
    <p class='ocr_par' dir='ltr' id='par_1_71' title="bbox 1923 1549 3515 1628">
     <span class='ocr_line' id='line_1_71' title="bbox 1923 1549 3515 1628; baseline 0.006 -24"><span class='ocrx_word' id='word_1_528' title='bbox 1923 1549 2250 1606; x_wconf 85' lang='lat' dir='ltr'><strong>humilitatis</strong></span> <span class='ocrx_word' id='word_1_529' title='bbox 2286 1561 2388 1614; x_wconf 89' lang='lat' dir='ltr'><strong>est,</strong></span> <span class='ocrx_word' id='word_1_530' title='bbox 2419 1567 2584 1620; x_wconf 88' lang='lat' dir='ltr'><strong>quam</strong></span> <span class='ocrx_word' id='word_1_531' title='bbox 2619 1568 2779 1607; x_wconf 89' lang='lat' dir='ltr'><strong>nemo</strong></span> <span class='ocrx_word' id='word_1_532' title='bbox 2808 1553 3152 1609; x_wconf 87' lang='lat' dir='ltr'><strong>&#39;diabolorum</strong></span> <span class='ocrx_word' id='word_1_533' title='bbox 3185 1557 3385 1612; x_wconf 89' lang='lat' dir='ltr'><strong>imitari</strong></span> <span class='ocrx_word' id='word_1_534' title='bbox 3417 1575 3515 1628; x_wconf 89' lang='lat' dir='ltr'><strong>po-</strong></span> 
     </span>
    </p>
   </div>
   <div class='ocr_carea' id='block_1_72' title="bbox 1922 1641 3517 1711">
    <p class='ocr_par' dir='ltr' id='par_1_72' title="bbox 1922 1641 3517 1711">
     <span class='ocr_line' id='line_1_72' title="bbox 1922 1641 3517 1711; baseline 0.008 -18"><span class='ocrx_word' id='word_1_535' title='bbox 1922 1647 2049 1696; x_wconf 88' lang='lat' dir='ltr'><strong>test.</strong></span> <span class='ocrx_word' id='word_1_536' title='bbox 2079 1641 2239 1696; x_wconf 87' lang='lat' dir='ltr'><strong>Aliud</strong></span> <span class='ocrx_word' id='word_1_537' title='bbox 2265 1649 2350 1696; x_wconf 90' lang='lat' dir='ltr'><strong>est</strong></span> <span class='ocrx_word' id='word_1_538' title='bbox 2372 1644 2582 1706; x_wconf 79' lang='lat' dir='ltr'><strong>extolli,</strong></span> <span class='ocrx_word' id='word_1_539' title='bbox 2613 1645 2759 1697; x_wconf 89' lang='lat' dir='ltr'><strong>aliud</strong></span> <span class='ocrx_word' id='word_1_540' title='bbox 2786 1660 2892 1698; x_wconf 88' lang='lat' dir='ltr'><strong>non</strong></span> <span class='ocrx_word' id='word_1_541' title='bbox 2921 1646 3126 1711; x_wconf 84' lang='lat' dir='ltr'><strong>extolli,</strong></span> <span class='ocrx_word' id='word_1_542' title='bbox 3162 1649 3310 1702; x_wconf 88' lang='lat' dir='ltr'><strong>aliud</strong></span> <span class='ocrx_word' id='word_1_543' title='bbox 3335 1650 3517 1705; x_wconf 84' lang='lat' dir='ltr'><strong>humi-</strong></span> 
     </span>
    </p>
   </div>
   <div class='ocr_carea' id='block_1_73' title="bbox 1924 1731 3514 1807">
    <p class='ocr_par' dir='ltr' id='par_1_73' title="bbox 1924 1731 3514 1807">
     <span class='ocr_line' id='line_1_73' title="bbox 1924 1731 3514 1807; baseline 0.008 -22"><span class='ocrx_word' id='word_1_544' title='bbox 1924 1732 2065 1786; x_wconf 87' lang='lat' dir='ltr'><strong>liari.</strong></span> <span class='ocrx_word' id='word_1_545' title='bbox 2107 1731 2199 1786; x_wconf 92' lang='lat' dir='ltr'><strong>Ille</strong></span> <span class='ocrx_word' id='word_1_546' title='bbox 2243 1734 2390 1787; x_wconf 91' lang='lat' dir='ltr'><strong>enim</strong></span> <span class='ocrx_word' id='word_1_547' title='bbox 2440 1736 2650 1803; x_wconf 91' lang='lat' dir='ltr'><strong>primus</strong></span> <span class='ocrx_word' id='word_1_548' title='bbox 2695 1737 2908 1805; x_wconf 85' lang='lat' dir='ltr'><strong>judicat</strong></span> <span class='ocrx_word' id='word_1_549' title='bbox 2947 1740 3166 1807; x_wconf 81' lang='lat' dir='ltr'><strong>Omnia;</strong></span> <span class='ocrx_word' id='word_1_550' title='bbox 3224 1742 3364 1796; x_wconf 91' lang='lat' dir='ltr'><strong>alter</strong></span> <span class='ocrx_word' id='word_1_551' title='bbox 3405 1758 3514 1798; x_wconf 90' lang='lat' dir='ltr'><strong>non</strong></span> 
     </span>
    </p>
   </div>
   <div class='ocr_carea' id='block_1_74' title="bbox 1918 1820 3518 1899">
    <p class='ocr_par' dir='ltr' id='par_1_74' title="bbox 1918 1820 3518 1899">
     <span class='ocr_line' id='line_1_74' title="bbox 1918 1820 3518 1899; baseline 0.009 -25"><span class='ocrx_word' id='word_1_552' title='bbox 1918 1820 2130 1890; x_wconf 90' lang='lat' dir='ltr'><strong>judicat</strong></span> <span class='ocrx_word' id='word_1_553' title='bbox 2157 1838 2514 1892; x_wconf 88' lang='lat' dir='ltr'><strong>quemquam,</strong></span> <span class='ocrx_word' id='word_1_554' title='bbox 2566 1825 2660 1879; x_wconf 91' lang='lat' dir='ltr'><strong>sed</strong></span> <span class='ocrx_word' id='word_1_555' title='bbox 2709 1825 2953 1894; x_wconf 88' lang='lat' dir='ltr'><strong>seipsum</strong></span> <span class='ocrx_word' id='word_1_556' title='bbox 2991 1830 3358 1899; x_wconf 87' lang='lat' dir='ltr'><strong>condemnat;</strong></span> <span class='ocrx_word' id='word_1_557' title='bbox 3407 1840 3518 1888; x_wconf 85' lang='lat' dir='ltr'><strong>ter-</strong></span> 
     </span>
    </p>
   </div>
   <div class='ocr_carea' id='block_1_75' title="bbox 1918 1913 3515 1990">
    <p class='ocr_par' dir='ltr' id='par_1_75' title="bbox 1918 1913 3515 1990">
     <span class='ocr_line' id='line_1_75' title="bbox 1918 1913 3515 1990; baseline 0.008 -22"><span class='ocrx_word' id='word_1_558' title='bbox 1918 1914 2026 1968; x_wconf 88' lang='lat' dir='ltr'><strong>tius</strong></span> <span class='ocrx_word' id='word_1_559' title='bbox 2056 1913 2404 1971; x_wconf 78' lang='lat' dir='ltr'><strong>indemnatus</strong></span> <span class='ocrx_word' id='word_1_560' title='bbox 2439 1926 2493 1970; x_wconf 91' lang='lat' dir='ltr'><strong>et</strong></span> <span class='ocrx_word' id='word_1_561' title='bbox 2528 1917 2794 1974; x_wconf 86' lang='lat' dir='ltr'><strong>innocens</strong></span> <span class='ocrx_word' id='word_1_562' title='bbox 2841 1935 3059 1989; x_wconf 90' lang='lat' dir='ltr'><strong>semper</strong></span> <span class='ocrx_word' id='word_1_563' title='bbox 3088 1923 3329 1990; x_wconf 89' lang='lat' dir='ltr'><strong>seipsum</strong></span> <span class='ocrx_word' id='word_1_564' title='bbox 3363 1925 3515 1980; x_wconf 86' lang='lat' dir='ltr'><strong>velut</strong></span> 
     </span>
    </p>
   </div>
   <div class='ocr_carea' id='block_1_76' title="bbox 1918 2008 3513 2084">
    <p class='ocr_par' dir='ltr' id='par_1_76' title="bbox 1918 2008 3513 2084">
     <span class='ocr_line' id='line_1_76' title="bbox 1918 2008 3513 2084; baseline 0.008 -25"><span class='ocrx_word' id='word_1_565' title='bbox 1918 2015 2209 2062; x_wconf 89' lang='lat' dir='ltr'><strong>nocentem</strong></span> <span class='ocrx_word' id='word_1_566' title='bbox 2262 2008 2612 2065; x_wconf 83' lang='lat' dir='ltr'><strong>condemnat.</strong></span> <span class='ocrx_word' id='word_1_567' title='bbox 2666 2011 2827 2066; x_wconf 85' lang='lat' dir='ltr'><strong>Aliud</strong></span> <span class='ocrx_word' id='word_1_568' title='bbox 2883 2024 2967 2067; x_wconf 83' lang='lat' dir='ltr'><strong>est</strong></span> <span class='ocrx_word' id='word_1_569' title='bbox 3032 2015 3292 2069; x_wconf 87' lang='lat' dir='ltr'><strong>humilem</strong></span> <span class='ocrx_word' id='word_1_570' title='bbox 3349 2032 3513 2084; x_wconf 89' lang='lat' dir='ltr'><strong>esse;</strong></span> 
     </span>
    </p>
   </div>
   <div class='ocr_carea' id='block_1_77' title="bbox 1919 2096 3516 2168">
    <p class='ocr_par' dir='ltr' id='par_1_77' title="bbox 1919 2096 3516 2168">
     <span class='ocr_line' id='line_1_77' title="bbox 1919 2096 3516 2168; baseline 0.008 -18"><span class='ocrx_word' id='word_1_571' title='bbox 1919 2096 2068 2150; x_wconf 87' lang='lat' dir='ltr'><strong>aliud</strong></span> <span class='ocrx_word' id='word_1_572' title='bbox 2097 2105 2182 2150; x_wconf 89' lang='lat' dir='ltr'><strong>est</strong></span> <span class='ocrx_word' id='word_1_573' title='bbox 2213 2098 2431 2151; x_wconf 87' lang='lat' dir='ltr'><strong>studere</strong></span> <span class='ocrx_word' id='word_1_574' title='bbox 2473 2109 2530 2152; x_wconf 91' lang='lat' dir='ltr'><strong>ut</strong></span> <span class='ocrx_word' id='word_1_575' title='bbox 2561 2100 2638 2154; x_wconf 91' lang='lat' dir='ltr'><strong>sis</strong></span> <span class='ocrx_word' id='word_1_576' title='bbox 2675 2101 2931 2168; x_wconf 86' lang='lat' dir='ltr'><strong>humilis;</strong></span> <span class='ocrx_word' id='word_1_577' title='bbox 2963 2105 3108 2158; x_wconf 89' lang='lat' dir='ltr'><strong>aliud</strong></span> <span class='ocrx_word' id='word_1_578' title='bbox 3146 2106 3370 2160; x_wconf 88' lang='lat' dir='ltr'><strong>laudare</strong></span> <span class='ocrx_word' id='word_1_579' title='bbox 3407 2108 3516 2162; x_wconf 82' lang='lat' dir='ltr'><strong>btt-</strong></span> 
     </span>
    </p>
   </div>
   <div class='ocr_carea' id='block_1_78' title="bbox 1918 2189 3515 2262">
    <p class='ocr_par' dir='ltr' id='par_1_78' title="bbox 1918 2189 3515 2262">
     <span class='ocr_line' id='line_1_78' title="bbox 1918 2189 3515 2262; baseline 0.008 -21"><span class='ocrx_word' id='word_1_580' title='bbox 1918 2189 2102 2242; x_wconf 90' lang='lat' dir='ltr'><strong>milem</strong></span> <span class='ocrx_word' id='word_1_581' title='bbox 2137 2207 2150 2242; x_wconf 88' lang='lat'><strong>:</strong></span> <span class='ocrx_word' id='word_1_582' title='bbox 2201 2190 2438 2259; x_wconf 88' lang='lat' dir='ltr'><strong>primum</strong></span> <span class='ocrx_word' id='word_1_583' title='bbox 2483 2201 2567 2245; x_wconf 84' lang='lat' dir='ltr'><strong>est</strong></span> <span class='ocrx_word' id='word_1_584' title='bbox 2609 2192 3010 2262; x_wconf 81' lang='lat' dir='ltr'><strong>perfecturum;</strong></span> <span class='ocrx_word' id='word_1_585' title='bbox 3059 2197 3291 2252; x_wconf 87' lang='lat' dir='ltr'><strong>alterum</strong></span> <span class='ocrx_word' id='word_1_586' title='bbox 3322 2212 3515 2255; x_wconf 88' lang='lat' dir='ltr'><strong>eorum</strong></span> 
     </span>
    </p>
   </div>
   <div class='ocr_carea' id='block_1_79' title="bbox 1918 2281 3510 2359">
    <p class='ocr_par' dir='ltr' id='par_1_79' title="bbox 1918 2281 3510 2359">
     <span class='ocr_line' id='line_1_79' title="bbox 1918 2281 3510 2359; baseline 0.008 -26"><span class='ocrx_word' id='word_1_587' title='bbox 1918 2281 2011 2350; x_wconf 88' lang='lat' dir='ltr'><strong>qui</strong></span> <span class='ocrx_word' id='word_1_588' title='bbox 2041 2296 2166 2335; x_wconf 87' lang='lat' dir='ltr'><strong>vere</strong></span> <span class='ocrx_word' id='word_1_589' title='bbox 2195 2297 2253 2336; x_wconf 89' lang='lat' dir='ltr'><strong>se</strong></span> <span class='ocrx_word' id='word_1_590' title='bbox 2282 2283 2601 2338; x_wconf 72' lang='lat' dir='ltr'><strong>obedientiae</strong></span> <span class='ocrx_word' id='word_1_591' title='bbox 2630 2285 2760 2356; x_wconf 82' lang='lat' dir='ltr'><strong>jugo</strong></span> <span class='ocrx_word' id='word_1_592' title='bbox 2792 2289 3121 2356; x_wconf 84' lang='lat' dir='ltr'><strong>subjiciunt;</strong></span> <span class='ocrx_word' id='word_1_593' title='bbox 3165 2299 3510 2359; x_wconf 90' lang='lat' dir='ltr'><strong>postremum</strong></span> 
     </span>
    </p>
   </div>
   <div class='ocr_carea' id='block_1_80' title="bbox 1919 2372 3518 2442">
    <p class='ocr_par' dir='ltr' id='par_1_80' title="bbox 1919 2372 3518 2442">
     <span class='ocr_line' id='line_1_80' title="bbox 1919 2372 3518 2442; baseline 0.009 -17"><span class='ocrx_word' id='word_1_594' title='bbox 1919 2373 2167 2427; x_wconf 89' lang='lat' dir='ltr'><strong>omnium</strong></span> <span class='ocrx_word' id='word_1_595' title='bbox 2205 2372 2677 2431; x_wconf 90' lang='lat' dir='ltr'><strong>Christianorum.</strong></span> <span class='ocrx_word' id='word_1_596' title='bbox 2709 2377 2812 2442; x_wconf 86' lang='lat' dir='ltr'><strong>Qui</strong></span> <span class='ocrx_word' id='word_1_597' title='bbox 2847 2393 2912 2432; x_wconf 77' lang='lat' dir='ltr'><strong>ex</strong></span> <span class='ocrx_word' id='word_1_598' title='bbox 2947 2381 3134 2435; x_wconf 87' lang='lat' dir='ltr'><strong>animo</strong></span> <span class='ocrx_word' id='word_1_599' title='bbox 3175 2383 3398 2437; x_wconf 85' lang='lat' dir='ltr'><strong>humilis</strong></span> <span class='ocrx_word' id='word_1_600' title='bbox 3429 2397 3518 2440; x_wconf 83' lang='lat' dir='ltr'><strong>est</strong></span> 
     </span>
    </p>
   </div>
   <div class='ocr_carea' id='block_1_81' title="bbox 1918 2464 3515 2542">
    <p class='ocr_par' dir='ltr' id='par_1_81' title="bbox 1918 2464 3515 2542">
     <span class='ocr_line' id='line_1_81' title="bbox 1918 2464 3515 2542; baseline 0.008 -26"><span class='ocrx_word' id='word_1_601' title='bbox 1918 2479 2016 2533; x_wconf 88' lang='lat' dir='ltr'><strong>per</strong></span> <span class='ocrx_word' id='word_1_602' title='bbox 2057 2464 2301 2533; x_wconf 80' lang='lat' dir='ltr'><strong>linguam</strong></span> <span class='ocrx_word' id='word_1_603' title='bbox 2347 2481 2442 2521; x_wconf 90' lang='lat' dir='ltr'><strong>seu</strong></span> <span class='ocrx_word' id='word_1_604' title='bbox 2488 2467 2632 2522; x_wconf 85' lang='lat' dir='ltr'><strong>labia</strong></span> <span class='ocrx_word' id='word_1_605' title='bbox 2678 2485 2788 2523; x_wconf 93' lang='lat' dir='ltr'><strong>non</strong></span> <span class='ocrx_word' id='word_1_606' title='bbox 2831 2471 3134 2539; x_wconf 89' lang='lat' dir='ltr'><strong>spoliatur,</strong></span> <span class='ocrx_word' id='word_1_607' title='bbox 3173 2475 3320 2542; x_wconf 91' lang='lat' dir='ltr'><strong>quod</strong></span> <span class='ocrx_word' id='word_1_608' title='bbox 3366 2476 3515 2530; x_wconf 88' lang='lat' dir='ltr'><strong>enim</strong></span> 
     </span>
    </p>
   </div>
   <div class='ocr_carea' id='block_1_82' title="bbox 1921 2556 3515 2633">
    <p class='ocr_par' dir='ltr' id='par_1_82' title="bbox 1921 2556 3515 2633">
     <span class='ocr_line' id='line_1_82' title="bbox 1921 2556 3515 2633; baseline 0.008 -24"><span class='ocrx_word' id='word_1_609' title='bbox 1921 2556 2212 2613; x_wconf 88' lang='lat' dir='ltr'><strong>thesaurus</strong></span> <span class='ocrx_word' id='word_1_610' title='bbox 2254 2574 2360 2612; x_wconf 91' lang='lat' dir='ltr'><strong>non</strong></span> <span class='ocrx_word' id='word_1_611' title='bbox 2398 2559 2598 2624; x_wconf 89' lang='lat' dir='ltr'><strong>habet,</strong></span> <span class='ocrx_word' id='word_1_612' title='bbox 2635 2562 2740 2614; x_wconf 90' lang='lat' dir='ltr'><strong>hoc</strong></span> <span class='ocrx_word' id='word_1_613' title='bbox 2771 2561 2942 2629; x_wconf 86' lang='lat' dir='ltr'><strong>janua</strong></span> <span class='ocrx_word' id='word_1_614' title='bbox 2990 2565 3043 2616; x_wconf 90' lang='lat' dir='ltr'><strong>in</strong></span> <span class='ocrx_word' id='word_1_615' title='bbox 3092 2565 3369 2633; x_wconf 88' lang='lat' dir='ltr'><strong>publicum</strong></span> <span class='ocrx_word' id='word_1_616' title='bbox 3403 2581 3515 2622; x_wconf 86' lang='lat' dir='ltr'><strong>non</strong></span> 
     </span>
    </p>
   </div>
   <div class='ocr_carea' id='block_1_83' title="bbox 1919 2651 3518 2726">
    <p class='ocr_par' dir='ltr' id='par_1_83' title="bbox 1919 2651 3518 2726">
     <span class='ocr_line' id='line_1_83' title="bbox 1919 2651 3518 2726; baseline 0.009 -24"><span class='ocrx_word' id='word_1_617' title='bbox 1919 2651 2145 2719; x_wconf 82' lang='lat' dir='ltr'><strong>profert.</strong></span> <span class='ocrx_word' id='word_1_618' title='bbox 2169 2651 2357 2722; x_wconf 82' lang='lat' dir='ltr'><strong>Equus</strong></span> <span class='ocrx_word' id='word_1_619' title='bbox 2383 2655 2664 2710; x_wconf 87' lang='lat' dir='ltr'><strong>solitarius</strong></span> <span class='ocrx_word' id='word_1_620' title='bbox 2696 2672 2839 2726; x_wconf 66' lang='lat' dir='ltr'><strong>saepe</strong></span> <span class='ocrx_word' id='word_1_621' title='bbox 2875 2658 2981 2712; x_wconf 88' lang='lat' dir='ltr'><strong>sibi</strong></span> <span class='ocrx_word' id='word_1_622' title='bbox 3016 2659 3264 2714; x_wconf 87' lang='lat' dir='ltr'><strong>celeriter</strong></span> <span class='ocrx_word' id='word_1_623' title='bbox 3294 2677 3518 2717; x_wconf 86' lang='lat' dir='ltr'><strong>currere</strong></span> 
     </span>
    </p>
   </div>
   <div class='ocr_carea' id='block_1_84' title="bbox 1920 2745 3518 2822">
    <p class='ocr_par' dir='ltr' id='par_1_84' title="bbox 1920 2745 3518 2822">
     <span class='ocr_line' id='line_1_84' title="bbox 1920 2745 3518 2822; baseline 0.008 -25"><span class='ocrx_word' id='word_1_624' title='bbox 1920 2745 2135 2799; x_wconf 85' lang='lat' dir='ltr'><strong>videtur</strong></span> <span class='ocrx_word' id='word_1_625' title='bbox 2160 2785 2175 2811; x_wconf 92' lang='lat'><strong>,</strong></span> <span class='ocrx_word' id='word_1_626' title='bbox 2210 2749 2306 2800; x_wconf 90' lang='lat' dir='ltr'><strong>sed</strong></span> <span class='ocrx_word' id='word_1_627' title='bbox 2347 2749 2570 2817; x_wconf 85' lang='lat' dir='ltr'><strong>quando</strong></span> <span class='ocrx_word' id='word_1_628' title='bbox 2620 2765 2743 2803; x_wconf 79' lang='lat' dir='ltr'><strong>cum</strong></span> <span class='ocrx_word' id='word_1_629' title='bbox 2789 2766 2950 2822; x_wconf 86' lang='lat' dir='ltr'><strong>grege</strong></span> <span class='ocrx_word' id='word_1_630' title='bbox 2984 2753 3370 2822; x_wconf 75' lang='lat' dir='ltr'><strong>coniungitur,</strong></span> <span class='ocrx_word' id='word_1_631' title='bbox 3400 2765 3518 2811; x_wconf 88' lang='lat' dir='ltr'><strong>tum</strong></span> 
     </span>
    </p>
   </div>
   <div class='ocr_carea' id='block_1_85' title="bbox 1920 2838 3513 2912">
    <p class='ocr_par' dir='ltr' id='par_1_85' title="bbox 1920 2838 3513 2912">
     <span class='ocr_line' id='line_1_85' title="bbox 1920 2838 3513 2912; baseline 0.007 -20"><span class='ocrx_word' id='word_1_632' title='bbox 1920 2838 2141 2892; x_wconf 89' lang='lat' dir='ltr'><strong>demum</strong></span> <span class='ocrx_word' id='word_1_633' title='bbox 2177 2855 2334 2894; x_wconf 89' lang='lat' dir='ltr'><strong>suam</strong></span> <span class='ocrx_word' id='word_1_634' title='bbox 2383 2842 2634 2912; x_wconf 80' lang='lat' dir='ltr'><strong>agnoscit</strong></span> <span class='ocrx_word' id='word_1_635' title='bbox 2665 2843 3043 2899; x_wconf 90' lang='lat' dir='ltr'><strong>lentitudinem</strong></span> <span class='ocrx_word' id='word_1_636' title='bbox 3088 2858 3143 2900; x_wconf 91' lang='lat' dir='ltr'><strong>et</strong></span> <span class='ocrx_word' id='word_1_637' title='bbox 3179 2848 3513 2903; x_wconf 89' lang='lat' dir='ltr'><strong>tarditatem.</strong></span> 
     </span>
    </p>
   </div>
   <div class='ocr_carea' id='block_1_86' title="bbox 1921 2929 3518 2999">
    <p class='ocr_par' dir='ltr' id='par_1_86' title="bbox 1921 2929 3518 2999">
     <span class='ocr_line' id='line_1_86' title="bbox 1921 2929 3518 2999; baseline 0.009 -14"><span class='ocrx_word' id='word_1_638' title='bbox 1921 2929 2153 2997; x_wconf 86' lang='lat' dir='ltr'><strong>Quando</strong></span> <span class='ocrx_word' id='word_1_639' title='bbox 2189 2949 2346 2989; x_wconf 85' lang='lat' dir='ltr'><strong>mens</strong></span> <span class='ocrx_word' id='word_1_640' title='bbox 2391 2936 2460 2990; x_wconf 92' lang='lat' dir='ltr'><strong>de</strong></span> <span class='ocrx_word' id='word_1_641' title='bbox 2501 2945 2714 2992; x_wconf 58' lang='lat' dir='ltr'><strong>natura;</strong></span> <span class='ocrx_word' id='word_1_642' title='bbox 2744 2938 2905 2993; x_wconf 89' lang='lat' dir='ltr'><strong>donis</strong></span> <span class='ocrx_word' id='word_1_643' title='bbox 2935 2949 2988 2994; x_wconf 91' lang='lat' dir='ltr'><strong>et</strong></span> <span class='ocrx_word' id='word_1_644' title='bbox 3027 2944 3370 2998; x_wconf 88' lang='lat' dir='ltr'><strong>ornamentis</strong></span> <span class='ocrx_word' id='word_1_645' title='bbox 3411 2944 3518 2999; x_wconf 88' lang='lat' dir='ltr'><strong>sibi</strong></span> 
     </span>
    </p>
   </div>
   <div class='ocr_carea' id='block_1_87' title="bbox 1922 3029 3517 3104">
    <p class='ocr_par' dir='ltr' id='par_1_87' title="bbox 1922 3029 3517 3104">
     <span class='ocr_line' id='line_1_87' title="bbox 1922 3029 3517 3104; baseline 0.008 -25"><span class='ocrx_word' id='word_1_646' title='bbox 1922 3041 2031 3080; x_wconf 90' lang='lat' dir='ltr'><strong>non</strong></span> <span class='ocrx_word' id='word_1_647' title='bbox 2080 3029 2317 3098; x_wconf 90' lang='lat' dir='ltr'><strong>amplius</strong></span> <span class='ocrx_word' id='word_1_648' title='bbox 2363 3029 2645 3085; x_wconf 89' lang='lat' dir='ltr'><strong>blanditur</strong></span> <span class='ocrx_word' id='word_1_649' title='bbox 2687 3043 2782 3086; x_wconf 87' lang='lat' dir='ltr'><strong>aut</strong></span> <span class='ocrx_word' id='word_1_650' title='bbox 2832 3033 3042 3101; x_wconf 87' lang='lat' dir='ltr'><strong>placet,</strong></span> <span class='ocrx_word' id='word_1_651' title='bbox 3087 3035 3300 3104; x_wconf 88' lang='lat' dir='ltr'><strong>signum</strong></span> <span class='ocrx_word' id='word_1_652' title='bbox 3355 3036 3517 3092; x_wconf 91' lang='lat' dir='ltr'><strong>habet</strong></span> 
     </span>
    </p>
   </div>
   <div class='ocr_carea' id='block_1_88' title="bbox 1838 3119 3514 3192">
    <p class='ocr_par' dir='ltr' id='par_1_88' title="bbox 1838 3119 3514 3192">
     <span class='ocr_line' id='line_1_88' title="bbox 1838 3119 3514 3192; baseline 0.005 -16"><span class='ocrx_word' id='word_1_653' title='bbox 1838 3119 1881 3176; x_wconf 87' lang='lat' dir='ltr'>C</span> <span class='ocrx_word' id='word_1_654' title='bbox 1915 3121 2166 3177; x_wconf 89' lang='lat' dir='ltr'><strong>sanitatis</strong></span> <span class='ocrx_word' id='word_1_655' title='bbox 2195 3133 2249 3176; x_wconf 91' lang='lat' dir='ltr'><strong>et</strong></span> <span class='ocrx_word' id='word_1_656' title='bbox 2279 3123 2631 3180; x_wconf 88' lang='lat' dir='ltr'><strong>humilitatis.</strong></span> <span class='ocrx_word' id='word_1_657' title='bbox 2669 3124 2922 3192; x_wconf 90' lang='lat' dir='ltr'><strong>Quandiu</strong></span> <span class='ocrx_word' id='word_1_658' title='bbox 2955 3143 3086 3182; x_wconf 90' lang='lat' dir='ltr'><strong>vero</strong></span> <span class='ocrx_word' id='word_1_659' title='bbox 3117 3128 3328 3182; x_wconf 91' lang='lat' dir='ltr'><strong>hircum</strong></span> <span class='ocrx_word' id='word_1_660' title='bbox 3359 3130 3514 3185; x_wconf 90' lang='lat' dir='ltr'><strong>illum</strong></span> 
     </span>
    </p>
   </div>
   <div class='ocr_carea' id='block_1_89' title="bbox 1918 3215 3515 3289">
    <p class='ocr_par' dir='ltr' id='par_1_89' title="bbox 1918 3215 3515 3289">
     <span class='ocr_line' id='line_1_89' title="bbox 1918 3215 3515 3289; baseline 0.004 -18"><span class='ocrx_word' id='word_1_661' title='bbox 1918 3215 2188 3286; x_wconf 67' lang='lat' dir='ltr'><strong>superbiae</strong></span> <span class='ocrx_word' id='word_1_662' title='bbox 2217 3215 2326 3271; x_wconf 84' lang='lat' dir='ltr'><strong>olet</strong></span> <span class='ocrx_word' id='word_1_663' title='bbox 2351 3225 2406 3271; x_wconf 82' lang='lat' dir='ltr'><strong>et</strong></span> <span class='ocrx_word' id='word_1_664' title='bbox 2444 3217 2626 3283; x_wconf 89' lang='lat' dir='ltr'><strong>sentit,</strong></span> <span class='ocrx_word' id='word_1_665' title='bbox 2659 3218 2890 3287; x_wconf 81' lang='lat' dir='ltr'><strong>gratiam</strong></span> <span class='ocrx_word' id='word_1_666' title='bbox 2937 3219 3156 3289; x_wconf 89' lang='lat' dir='ltr'><strong>pretiosi</strong></span> <span class='ocrx_word' id='word_1_667' title='bbox 3192 3221 3515 3278; x_wconf 82' lang='lat' dir='ltr'><strong>humilitatis</strong></span> 
     </span>
    </p>
   </div>
   <div class='ocr_carea' id='block_1_90' title="bbox 1918 3311 3517 3393">
    <p class='ocr_par' dir='ltr' id='par_1_90' title="bbox 1918 3311 3517 3393">
     <span class='ocr_line' id='line_1_90' title="bbox 1918 3311 3517 3393; baseline 0.006 -28"><span class='ocrx_word' id='word_1_668' title='bbox 1918 3311 2180 3393; x_wconf 79' lang='lat' dir='ltr'><strong>unguenti</strong></span> <span class='ocrx_word' id='word_1_669' title='bbox 2209 3312 2416 3367; x_wconf 91' lang='lat' dir='ltr'><strong>sentire</strong></span> <span class='ocrx_word' id='word_1_670' title='bbox 2451 3328 2560 3366; x_wconf 89' lang='lat' dir='ltr'><strong>non</strong></span> <span class='ocrx_word' id='word_1_671' title='bbox 2591 3323 2789 3383; x_wconf 90' lang='lat' dir='ltr'><strong>potest.</strong></span> <span class='ocrx_word' id='word_1_672' title='bbox 2841 3314 2946 3380; x_wconf 89' lang='lat' dir='ltr'><strong>Qui</strong></span> <span class='ocrx_word' id='word_1_673' title='bbox 2997 3331 3084 3370; x_wconf 92' lang='lat' dir='ltr'><strong>me</strong></span> <span class='ocrx_word' id='word_1_674' title='bbox 3127 3327 3304 3383; x_wconf 88' lang='lat' dir='ltr'><strong>amat,</strong></span> <span class='ocrx_word' id='word_1_675' title='bbox 3339 3318 3517 3388; x_wconf 86' lang='lat' dir='ltr'><strong>inquit</strong></span> 
     </span>
    </p>
   </div>
   <div class='ocr_carea' id='block_1_91' title="bbox 1919 3407 3516 3484">
    <p class='ocr_par' dir='ltr' id='par_1_91' title="bbox 1919 3407 3516 3484">
     <span class='ocr_line' id='line_1_91' title="bbox 1919 3407 3516 3484; baseline 0.004 -22"><span class='ocrx_word' id='word_1_676' title='bbox 1919 3418 2110 3462; x_wconf 88' lang='lat' dir='ltr'><strong>sancta</strong></span> <span class='ocrx_word' id='word_1_677' title='bbox 2141 3407 2443 3470; x_wconf 87' lang='lat' dir='ltr'><strong>humilitas,</strong></span> <span class='ocrx_word' id='word_1_678' title='bbox 2467 3424 2577 3462; x_wconf 86' lang='lat' dir='ltr'><strong>nun</strong></span> <span class='ocrx_word' id='word_1_679' title='bbox 2611 3410 2925 3480; x_wconf 86' lang='lat' dir='ltr'><strong>objurgabit</strong></span> <span class='ocrx_word' id='word_1_680' title='bbox 2954 3411 3149 3477; x_wconf 91' lang='lat' dir='ltr'><strong>ullum,</strong></span> <span class='ocrx_word' id='word_1_681' title='bbox 3189 3414 3396 3466; x_wconf 90' lang='lat' dir='ltr'><strong>nullum</strong></span> <span class='ocrx_word' id='word_1_682' title='bbox 3423 3415 3516 3484; x_wconf 82' lang='lat' dir='ltr'><strong>ju-</strong></span> 
     </span>
    </p>
   </div>
   <div class='ocr_carea' id='block_1_92' title="bbox 1920 3501 3517 3577">
    <p class='ocr_par' dir='ltr' id='par_1_92' title="bbox 1920 3501 3517 3577">
     <span class='ocr_line' id='line_1_92' title="bbox 1920 3501 3517 3577; baseline 0.005 -21"><span class='ocrx_word' id='word_1_683' title='bbox 1920 3501 2126 3556; x_wconf 90' lang='lat' dir='ltr'><strong>dicabit</strong></span> <span class='ocrx_word' id='word_1_684' title='bbox 2151 3542 2167 3566; x_wconf 92' lang='lat'><strong>,</strong></span> <span class='ocrx_word' id='word_1_685' title='bbox 2216 3516 2322 3555; x_wconf 89' lang='lat' dir='ltr'><strong>n0n</strong></span> <span class='ocrx_word' id='word_1_686' title='bbox 2372 3503 2744 3572; x_wconf 80' lang='lat' dir='ltr'><strong>imperitabit,</strong></span> <span class='ocrx_word' id='word_1_687' title='bbox 2779 3520 2886 3558; x_wconf 89' lang='lat' dir='ltr'><strong>non</strong></span> <span class='ocrx_word' id='word_1_688' title='bbox 2923 3506 3301 3577; x_wconf 87' lang='lat' dir='ltr'><strong>argutabitur,</strong></span> <span class='ocrx_word' id='word_1_689' title='bbox 3342 3507 3517 3564; x_wconf 88' lang='lat' dir='ltr'><strong>donec</strong></span> 
     </span>
    </p>
   </div>
   <div class='ocr_carea' id='block_1_93' title="bbox 1921 3594 3513 3671">
    <p class='ocr_par' dir='ltr' id='par_1_93' title="bbox 1921 3594 3513 3671">
     <span class='ocr_line' id='line_1_93' title="bbox 1921 3594 3513 3671; baseline 0.005 -23"><span class='ocrx_word' id='word_1_690' title='bbox 1921 3595 2054 3648; x_wconf 90' lang='lat' dir='ltr'><strong>mihi</strong></span> <span class='ocrx_word' id='word_1_691' title='bbox 2099 3594 2314 3666; x_wconf 90' lang='lat' dir='ltr'><strong>penitus</strong></span> <span class='ocrx_word' id='word_1_692' title='bbox 2344 3595 2636 3665; x_wconf 87' lang='lat' dir='ltr'><strong>cupuletur</strong></span> <span class='ocrx_word' id='word_1_693' title='bbox 2679 3604 2733 3650; x_wconf 93' lang='lat' dir='ltr'><strong>et</strong></span> <span class='ocrx_word' id='word_1_694' title='bbox 2765 3597 3159 3667; x_wconf 70' lang='lat' dir='ltr'><strong>conjungatur,</strong></span> <span class='ocrx_word' id='word_1_695' title='bbox 3193 3610 3310 3668; x_wconf 85' lang='lat' dir='ltr'><strong>post</strong></span> <span class='ocrx_word' id='word_1_696' title='bbox 3341 3616 3513 3671; x_wconf 84' lang='lat' dir='ltr'><strong>copu-</strong></span> 
     </span>
    </p>
   </div>
   <div class='ocr_carea' id='block_1_94' title="bbox 1921 3683 3508 3759">
    <p class='ocr_par' dir='ltr' id='par_1_94' title="bbox 1921 3683 3508 3759">
     <span class='ocr_line' id='line_1_94' title="bbox 1921 3683 3508 3759; baseline 0.006 -22"><span class='ocrx_word' id='word_1_697' title='bbox 1921 3683 2182 3738; x_wconf 85' lang='lat' dir='ltr'><strong>lationem</strong></span> <span class='ocrx_word' id='word_1_698' title='bbox 2217 3699 2347 3738; x_wconf 89' lang='lat' dir='ltr'><strong>vero</strong></span> <span class='ocrx_word' id='word_1_699' title='bbox 2377 3700 2552 3738; x_wconf 87' lang='lat' dir='ltr'><strong>meam</strong></span> <span class='ocrx_word' id='word_1_700' title='bbox 2589 3685 2736 3738; x_wconf 90' lang='lat' dir='ltr'><strong>nulla</strong></span> <span class='ocrx_word' id='word_1_701' title='bbox 2780 3685 3039 3756; x_wconf 88' lang='lat' dir='ltr'><strong>deinceps</strong></span> <span class='ocrx_word' id='word_1_702' title='bbox 3074 3687 3156 3740; x_wconf 90' lang='lat' dir='ltr'><strong>illi</strong></span> <span class='ocrx_word' id='word_1_703' title='bbox 3207 3690 3290 3742; x_wconf 88' lang='lat' dir='ltr'><strong>lex</strong></span> <span class='ocrx_word' id='word_1_704' title='bbox 3331 3693 3508 3759; x_wconf 83' lang='lat' dir='ltr'><strong>posita</strong></span> 
     </span>
    </p>
   </div>
   <div class='ocr_carea' id='block_1_95' title="bbox 1921 3775 3508 3848">
    <p class='ocr_par' dir='ltr' id='par_1_95' title="bbox 1921 3775 3508 3848">
     <span class='ocr_line' id='line_1_95' title="bbox 1921 3775 3508 3848; baseline 0.004 -17"><span class='ocrx_word' id='word_1_705' title='bbox 1921 3785 2024 3831; x_wconf 91' lang='lat' dir='ltr'><strong>est.</strong></span> <span class='ocrx_word' id='word_1_706' title='bbox 2057 3775 2182 3831; x_wconf 87' lang='lat' dir='ltr'><strong>Fuit</strong></span> <span class='ocrx_word' id='word_1_707' title='bbox 2221 3792 2287 3831; x_wconf 84' lang='lat' dir='ltr'><strong>ex</strong></span> <span class='ocrx_word' id='word_1_708' title='bbox 2322 3777 2390 3833; x_wconf 91' lang='lat' dir='ltr'><strong>iis</strong></span> <span class='ocrx_word' id='word_1_709' title='bbox 2417 3777 2508 3846; x_wconf 90' lang='lat' dir='ltr'><strong>qui</strong></span> <span class='ocrx_word' id='word_1_710' title='bbox 2557 3777 2722 3848; x_wconf 78' lang='lat'><strong>316</strong></span> <span class='ocrx_word' id='word_1_711' title='bbox 2745 3779 2812 3832; x_wconf 89' lang='lat' dir='ltr'><strong>ad</strong></span> <span class='ocrx_word' id='word_1_712' title='bbox 2847 3778 2988 3834; x_wconf 88' lang='lat' dir='ltr'><strong>hanc</strong></span> <span class='ocrx_word' id='word_1_713' title='bbox 3017 3780 3230 3834; x_wconf 89' lang='lat' dir='ltr'><strong>beatam</strong></span> <span class='ocrx_word' id='word_1_714' title='bbox 3255 3782 3508 3837; x_wconf 69' lang='lat' dir='ltr'><strong>virtutem</strong></span> 
     </span>
    </p>
   </div>
   <div class='ocr_carea' id='block_1_96' title="bbox 1921 3869 3514 3942">
    <p class='ocr_par' dir='ltr' id='par_1_96' title="bbox 1921 3869 3514 3942">
     <span class='ocr_line' id='line_1_96' title="bbox 1921 3869 3514 3942; baseline 0.005 -20"><span class='ocrx_word' id='word_1_715' title='bbox 1921 3869 2304 3935; x_wconf 86' lang='lat' dir='ltr'><strong>enitebantur,</strong></span> <span class='ocrx_word' id='word_1_716' title='bbox 2339 3869 2569 3938; x_wconf 82' lang='lat' dir='ltr'><strong>insignis</strong></span> <span class='ocrx_word' id='word_1_717' title='bbox 2615 3871 2817 3923; x_wconf 85' lang='lat' dir='ltr'><strong>athleta</strong></span> <span class='ocrx_word' id='word_1_718' title='bbox 2841 3909 2855 3934; x_wconf 94' lang='lat'><strong>,</strong></span> <span class='ocrx_word' id='word_1_719' title='bbox 2885 3871 2973 3924; x_wconf 87' lang='lat' dir='ltr'><strong>cui</strong></span> <span class='ocrx_word' id='word_1_720' title='bbox 3025 3872 3257 3940; x_wconf 90' lang='lat' dir='ltr'><strong>improbi</strong></span> <span class='ocrx_word' id='word_1_721' title='bbox 3287 3874 3514 3942; x_wconf 77' lang='lat' dir='ltr'><strong>spiritus</strong></span> 
     </span>
    </p>
   </div>
   <div class='ocr_carea' id='block_1_97' title="bbox 1919 3961 3515 4030">
    <p class='ocr_par' dir='ltr' id='par_1_97' title="bbox 1919 3961 3515 4030">
     <span class='ocr_line' id='line_1_97' title="bbox 1919 3961 3515 4030; baseline 0.002 -13"><span class='ocrx_word' id='word_1_722' title='bbox 1919 3963 2138 4017; x_wconf 90' lang='lat' dir='ltr'><strong>laudem</strong></span> <span class='ocrx_word' id='word_1_723' title='bbox 2182 3963 2236 4016; x_wconf 93' lang='lat' dir='ltr'><strong>in</strong></span> <span class='ocrx_word' id='word_1_724' title='bbox 2286 3963 2453 4016; x_wconf 88' lang='lat' dir='ltr'><strong>corde</strong></span> <span class='ocrx_word' id='word_1_725' title='bbox 2498 3961 2787 4017; x_wconf 86' lang='lat' dir='ltr'><strong>subserere</strong></span> <span class='ocrx_word' id='word_1_726' title='bbox 2829 3962 3012 4016; x_wconf 89' lang='lat' dir='ltr'><strong>conati</strong></span> <span class='ocrx_word' id='word_1_727' title='bbox 3057 3973 3223 4030; x_wconf 87' lang='lat' dir='ltr'><strong>sunt,</strong></span> <span class='ocrx_word' id='word_1_728' title='bbox 3277 3965 3372 4019; x_wconf 87' lang='lat' dir='ltr'><strong>sed</strong></span> <span class='ocrx_word' id='word_1_729' title='bbox 3422 3966 3515 4020; x_wconf 84' lang='lat' dir='ltr'><strong>ille</strong></span> 
     </span>
    </p>
   </div>
   <div class='ocr_carea' id='block_1_98' title="bbox 1921 4051 3514 4124">
    <p class='ocr_par' dir='ltr' id='par_1_98' title="bbox 1921 4051 3514 4124">
     <span class='ocr_line' id='line_1_98' title="bbox 1921 4051 3514 4124; baseline 0.003 -18"><span class='ocrx_word' id='word_1_730' title='bbox 1921 4052 2163 4107; x_wconf 81' lang='lat' dir='ltr'><strong>vicissim</strong></span> <span class='ocrx_word' id='word_1_731' title='bbox 2197 4052 2506 4106; x_wconf 63' lang='lat' dir='ltr'><strong>damonum</strong></span> <span class='ocrx_word' id='word_1_732' title='bbox 2539 4051 2805 4106; x_wconf 89' lang='lat' dir='ltr'><strong>malitiam</strong></span> <span class='ocrx_word' id='word_1_733' title='bbox 2839 4053 2928 4122; x_wconf 94' lang='lat' dir='ltr'><strong>pio</strong></span> <span class='ocrx_word' id='word_1_734' title='bbox 2961 4051 3226 4123; x_wconf 78' lang='lat' dir='ltr'><strong>divinitus</strong></span> <span class='ocrx_word' id='word_1_735' title='bbox 3255 4059 3514 4124; x_wconf 73' lang='lat' dir='ltr'><strong>sugge’sto</strong></span> 
     </span>
    </p>
   </div>
   <div class='ocr_carea' id='block_1_99' title="bbox 1922 4144 3513 4215">
    <p class='ocr_par' dir='ltr' id='par_1_99' title="bbox 1922 4144 3513 4215">
     <span class='ocr_line' id='line_1_99' title="bbox 1922 4144 3513 4215; baseline -0.001 -16"><span class='ocrx_word' id='word_1_736' title='bbox 1922 4144 2155 4199; x_wconf 80' lang='lat' dir='ltr'><strong>artiﬁcio</strong></span> <span class='ocrx_word' id='word_1_737' title='bbox 2186 4144 2474 4199; x_wconf 90' lang='lat' dir='ltr'><strong>retundere</strong></span> <span class='ocrx_word' id='word_1_738' title='bbox 2507 4158 2800 4215; x_wconf 80' lang='lat' dir='ltr'><strong>aggressus</strong></span> <span class='ocrx_word' id='word_1_739' title='bbox 2821 4184 2835 4209; x_wconf 91' lang='lat'><strong>,</strong></span> <span class='ocrx_word' id='word_1_740' title='bbox 2875 4147 3147 4211; x_wconf 81' lang='lat' dir='ltr'><strong>surrexit,</strong></span> <span class='ocrx_word' id='word_1_741' title='bbox 3188 4154 3241 4200; x_wconf 88' lang='lat' dir='ltr'><strong>et</strong></span> <span class='ocrx_word' id='word_1_742' title='bbox 3279 4147 3332 4200; x_wconf 91' lang='lat' dir='ltr'><strong>in</strong></span> <span class='ocrx_word' id='word_1_743' title='bbox 3362 4147 3513 4200; x_wconf 80' lang='lat' dir='ltr'><strong>cella</strong></span> 
     </span>
    </p>
   </div>
   <div class='ocr_carea' id='block_1_100' title="bbox 1923 4239 3514 4310">
    <p class='ocr_par' dir='ltr' id='par_1_100' title="bbox 1923 4239 3514 4310">
     <span class='ocr_line' id='line_1_100' title="bbox 1923 4239 3514 4310; baseline 0.001 -15"><span class='ocrx_word' id='word_1_744' title='bbox 1923 4256 2036 4296; x_wconf 69' lang='lat' dir='ltr'><strong>suae</strong></span> <span class='ocrx_word' id='word_1_745' title='bbox 2067 4241 2275 4310; x_wconf 88' lang='lat' dir='ltr'><strong>pariete</strong></span> <span class='ocrx_word' id='word_1_746' title='bbox 2314 4254 2657 4294; x_wconf 89' lang='lat' dir='ltr'><strong>summarum</strong></span> <span class='ocrx_word' id='word_1_747' title='bbox 2697 4248 2751 4294; x_wconf 88' lang='lat' dir='ltr'><strong>et</strong></span> <span class='ocrx_word' id='word_1_748' title='bbox 2784 4239 3363 4310; x_wconf 60' lang='lat' dir='ltr'><strong>prastantissimarum</strong></span> <span class='ocrx_word' id='word_1_749' title='bbox 3400 4242 3514 4296; x_wconf 88' lang='lat' dir='ltr'><strong>vir-</strong></span> 
     </span>
    </p>
   </div>
   <div class='ocr_carea' id='block_1_101' title="bbox 1923 4332 3512 4402">
    <p class='ocr_par' dir='ltr' id='par_1_101' title="bbox 1923 4332 3512 4402">
     <span class='ocr_line' id='line_1_101' title="bbox 1923 4332 3512 4402; baseline 0.001 -14"><span class='ocrx_word' id='word_1_750' title='bbox 1923 4343 2099 4389; x_wconf 87' lang='lat' dir='ltr'><strong>tutum</strong></span> <span class='ocrx_word' id='word_1_751' title='bbox 2134 4333 2344 4388; x_wconf 89' lang='lat' dir='ltr'><strong>indices</strong></span> <span class='ocrx_word' id='word_1_752' title='bbox 2382 4341 2436 4387; x_wconf 88' lang='lat' dir='ltr'><strong>et</strong></span> <span class='ocrx_word' id='word_1_753' title='bbox 2476 4332 2702 4387; x_wconf 84' lang='lat' dir='ltr'><strong>nomina</strong></span> <span class='ocrx_word' id='word_1_754' title='bbox 2742 4333 3067 4402; x_wconf 86' lang='lat' dir='ltr'><strong>descripsit,</strong></span> <span class='ocrx_word' id='word_1_755' title='bbox 3119 4332 3393 4402; x_wconf 56' lang='lat' dir='ltr'><strong>perfecta,</strong></span> <span class='ocrx_word' id='word_1_756' title='bbox 3427 4334 3512 4390; x_wconf 87' lang='lat' dir='ltr'><strong>in-</strong></span> 
     </span>
    </p>
   </div>
   <div class='ocr_carea' id='block_1_102' title="bbox 1923 4425 3509 4498">
    <p class='ocr_par' dir='ltr' id='par_1_102' title="bbox 1923 4425 3509 4498">
     <span class='ocr_line' id='line_1_102' title="bbox 1923 4425 3509 4498; baseline -0.001 -16"><span class='ocrx_word' id='word_1_757' title='bbox 1923 4443 2110 4498; x_wconf 87' lang='lat' dir='ltr'><strong>quam,</strong></span> <span class='ocrx_word' id='word_1_758' title='bbox 2143 4427 2424 4483; x_wconf 87' lang='lat' dir='ltr'><strong>charitatis</strong></span> <span class='ocrx_word' id='word_1_759' title='bbox 2445 4465 2460 4492; x_wconf 89' lang='lat'><strong>,</strong></span> <span class='ocrx_word' id='word_1_760' title='bbox 2493 4434 2547 4482; x_wconf 87' lang='lat' dir='ltr'><strong>et</strong></span> <span class='ocrx_word' id='word_1_761' title='bbox 2580 4425 2841 4497; x_wconf 63' lang='lat' dir='ltr'><strong>angelicae</strong></span> <span class='ocrx_word' id='word_1_762' title='bbox 2871 4425 3231 4492; x_wconf 80' lang='lat' dir='ltr'><strong>humilitatis,</strong></span> <span class='ocrx_word' id='word_1_763' title='bbox 3265 4441 3368 4481; x_wconf 89' lang='lat' dir='ltr'><strong>nec</strong></span> <span class='ocrx_word' id='word_1_764' title='bbox 3401 4441 3509 4481; x_wconf 89' lang='lat' dir='ltr'><strong>non</strong></span> 
     </span>
    </p>
   </div>
   <div class='ocr_carea' id='block_1_103' title="bbox 1919 4518 3506 4590">
    <p class='ocr_par' dir='ltr' id='par_1_103' title="bbox 1919 4518 3506 4590">
     <span class='ocr_line' id='line_1_103' title="bbox 1919 4518 3506 4590; baseline -0.001 -16"><span class='ocrx_word' id='word_1_765' title='bbox 1919 4535 2070 4590; x_wconf 68' lang='lat' dir='ltr'><strong>purae</strong></span> <span class='ocrx_word' id='word_1_766' title='bbox 2111 4519 2418 4582; x_wconf 89' lang='lat' dir='ltr'><strong>orationis,</strong></span> <span class='ocrx_word' id='word_1_767' title='bbox 2467 4519 2799 4590; x_wconf 54' lang='lat' dir='ltr'><strong>intactaque</strong></span> <span class='ocrx_word' id='word_1_768' title='bbox 2847 4527 2902 4573; x_wconf 92' lang='lat' dir='ltr'><strong>et</strong></span> <span class='ocrx_word' id='word_1_769' title='bbox 2949 4518 3167 4573; x_wconf 68' lang='lat' dir='ltr'><strong>illibatae</strong></span> <span class='ocrx_word' id='word_1_770' title='bbox 3204 4519 3506 4586; x_wconf 86' lang='lat' dir='ltr'><strong>castitatis,</strong></span> 
     </span>
    </p>
   </div>
   <div class='ocr_carea' id='block_1_104' title="bbox 1919 4613 3508 4686">
    <p class='ocr_par' dir='ltr' id='par_1_104' title="bbox 1919 4613 3508 4686">
     <span class='ocr_line' id='line_1_104' title="bbox 1919 4613 3508 4686; baseline 0 -17"><span class='ocrx_word' id='word_1_771' title='bbox 1919 4625 1976 4669; x_wconf 89' lang='lat' dir='ltr'><strong>et</strong></span> <span class='ocrx_word' id='word_1_772' title='bbox 2017 4616 2121 4670; x_wconf 92' lang='lat' dir='ltr'><strong>hoc</strong></span> <span class='ocrx_word' id='word_1_773' title='bbox 2162 4631 2334 4686; x_wconf 88' lang='lat' dir='ltr'><strong>genus</strong></span> <span class='ocrx_word' id='word_1_774' title='bbox 2377 4615 2630 4668; x_wconf 90' lang='lat' dir='ltr'><strong>aliarum.</strong></span> <span class='ocrx_word' id='word_1_775' title='bbox 2677 4613 2910 4681; x_wconf 90' lang='lat' dir='ltr'><strong>Quando</strong></span> <span class='ocrx_word' id='word_1_776' title='bbox 2942 4629 3072 4684; x_wconf 86' lang='lat' dir='ltr'><strong>ergo</strong></span> <span class='ocrx_word' id='word_1_777' title='bbox 3115 4613 3265 4667; x_wconf 90' lang='lat' dir='ltr'><strong>illum</strong></span> <span class='ocrx_word' id='word_1_778' title='bbox 3295 4615 3508 4682; x_wconf 81' lang='lat' dir='ltr'><strong>cogita-</strong></span> 
     </span>
    </p>
   </div>
   <div class='ocr_carea' id='block_1_105' title="bbox 1920 4707 3509 4776">
    <p class='ocr_par' dir='ltr' id='par_1_105' title="bbox 1920 4707 3509 4776">
     <span class='ocr_line' id='line_1_105' title="bbox 1920 4707 3509 4776; baseline 0.001 -17"><span class='ocrx_word' id='word_1_779' title='bbox 1920 4709 2096 4762; x_wconf 88' lang='lat' dir='ltr'><strong>tiones</strong></span> <span class='ocrx_word' id='word_1_780' title='bbox 2131 4707 2400 4776; x_wconf 77' lang='lat' dir='ltr'><strong>superbia:</strong></span> <span class='ocrx_word' id='word_1_781' title='bbox 2425 4707 2683 4760; x_wconf 82' lang='lat' dir='ltr'><strong>extollere</strong></span> <span class='ocrx_word' id='word_1_782' title='bbox 2707 4707 3089 4760; x_wconf 85' lang='lat' dir='ltr'><strong>conabantur:</strong></span> <span class='ocrx_word' id='word_1_783' title='bbox 3128 4708 3260 4776; x_wconf 82' lang='lat' dir='ltr'><strong>Age,</strong></span> <span class='ocrx_word' id='word_1_784' title='bbox 3294 4707 3509 4775; x_wconf 89' lang='lat' dir='ltr'><strong>inquie-</strong></span> 
     </span>
    </p>
   </div>
   <div class='ocr_carea' id='block_1_106' title="bbox 1919 4796 3509 4866">
    <p class='ocr_par' dir='ltr' id='par_1_106' title="bbox 1919 4796 3509 4866">
     <span class='ocr_line' id='line_1_106' title="bbox 1919 4796 3509 4866; baseline -0.004 -10"><span class='ocrx_word' id='word_1_785' title='bbox 1919 4800 2046 4865; x_wconf 87' lang='lat' dir='ltr'><strong>bat,</strong></span> <span class='ocrx_word' id='word_1_786' title='bbox 2077 4813 2266 4852; x_wconf 88' lang='lat' dir='ltr'><strong>eamus</strong></span> <span class='ocrx_word' id='word_1_787' title='bbox 2294 4798 2358 4852; x_wconf 91' lang='lat' dir='ltr'><strong>ad</strong></span> <span class='ocrx_word' id='word_1_788' title='bbox 2387 4796 2624 4866; x_wconf 75' lang='lat' dir='ltr'><strong>iudicem</strong></span> <span class='ocrx_word' id='word_1_789' title='bbox 2650 4815 2666 4864; x_wconf 92' lang='lat'><strong>;</strong></span> <span class='ocrx_word' id='word_1_790' title='bbox 2699 4797 3077 4866; x_wconf 89' lang='lat' dir='ltr'><strong>accedensque</strong></span> <span class='ocrx_word' id='word_1_791' title='bbox 3110 4797 3296 4850; x_wconf 89' lang='lat' dir='ltr'><strong>titulos</strong></span> <span class='ocrx_word' id='word_1_792' title='bbox 3330 4798 3509 4850; x_wconf 86' lang='lat' dir='ltr'><strong>virtu-</strong></span> 
     </span>
    </p>
   </div>
   <div class='ocr_carea' id='block_1_107' title="bbox 1921 4888 3507 4961">
    <p class='ocr_par' dir='ltr' id='par_1_107' title="bbox 1921 4888 3507 4961">
     <span class='ocr_line' id='line_1_107' title="bbox 1921 4888 3507 4961; baseline -0.003 -13"><span class='ocrx_word' id='word_1_793' title='bbox 1921 4904 2037 4948; x_wconf 91' lang='lat' dir='ltr'><strong>tum</strong></span> <span class='ocrx_word' id='word_1_794' title='bbox 2090 4891 2539 4961; x_wconf 84' lang='lat' dir='ltr'><strong>recognoscebat,</strong></span> <span class='ocrx_word' id='word_1_795' title='bbox 2587 4897 2642 4944; x_wconf 87' lang='lat' dir='ltr'><strong>et</strong></span> <span class='ocrx_word' id='word_1_796' title='bbox 2690 4891 3006 4944; x_wconf 85' lang='lat' dir='ltr'><strong>exclamans</strong></span> <span class='ocrx_word' id='word_1_797' title='bbox 3051 4907 3065 4943; x_wconf 90' lang='lat'><strong>:</strong></span> <span class='ocrx_word' id='word_1_798' title='bbox 3127 4888 3317 4956; x_wconf 88' lang='lat' dir='ltr'><strong>Quoad</strong></span> <span class='ocrx_word' id='word_1_799' title='bbox 3369 4889 3507 4953; x_wconf 88' lang='lat' dir='ltr'><strong>has,</strong></span> 
     </span>
    </p>
   </div>
   <div class='ocr_carea' id='block_1_108' title="bbox 1917 4981 3509 5057">
    <p class='ocr_par' dir='ltr' id='par_1_108' title="bbox 1917 4981 3509 5057">
     <span class='ocr_line' id='line_1_108' title="bbox 1917 4981 3509 5057; baseline -0.003 -16"><span class='ocrx_word' id='word_1_800' title='bbox 1917 4987 2137 5057; x_wconf 88' lang='lat' dir='ltr'><strong>inquit,</strong></span> <span class='ocrx_word' id='word_1_801' title='bbox 2172 4987 2406 5040; x_wconf 76' lang='lat' dir='ltr'><strong>virtutes</strong></span> <span class='ocrx_word' id='word_1_802' title='bbox 2448 4983 2762 5052; x_wconf 88' lang='lat' dir='ltr'><strong>possederis</strong></span> <span class='ocrx_word' id='word_1_803' title='bbox 2803 4981 3087 5054; x_wconf 87' lang='lat' dir='ltr'><strong>[quandiu</strong></span> <span class='ocrx_word' id='word_1_804' title='bbox 3143 4984 3240 5038; x_wconf 91' lang='lat' dir='ltr'><strong>has</strong></span> <span class='ocrx_word' id='word_1_805' title='bbox 3279 4983 3509 5036; x_wconf 84' lang='lat' dir='ltr'><strong>virtutes</strong></span> 
     </span>
    </p>
   </div>
   <div class='ocr_carea' id='block_1_109' title="bbox 1917 5071 3508 5148">
    <p class='ocr_par' dir='ltr' id='par_1_109' title="bbox 1917 5071 3508 5148">
     <span class='ocr_line' id='line_1_109' title="bbox 1917 5071 3508 5148; baseline -0.004 -17"><span class='ocrx_word' id='word_1_806' title='bbox 1917 5093 2028 5131; x_wconf 93' lang='lat' dir='ltr'><strong>non</strong></span> <span class='ocrx_word' id='word_1_807' title='bbox 2057 5073 2445 5148; x_wconf 88' lang='lat' dir='ltr'><strong>possederis],</strong></span> <span class='ocrx_word' id='word_1_808' title='bbox 2491 5074 2630 5128; x_wconf 89' lang='lat' dir='ltr'><strong>scito</strong></span> <span class='ocrx_word' id='word_1_809' title='bbox 2676 5074 2822 5143; x_wconf 89' lang='lat' dir='ltr'><strong>quod</strong></span> <span class='ocrx_word' id='word_1_810' title='bbox 2864 5075 3055 5144; x_wconf 89' lang='lat' dir='ltr'><strong>procul</strong></span> <span class='ocrx_word' id='word_1_811' title='bbox 3100 5075 3277 5128; x_wconf 83' lang='lat' dir='ltr'><strong>adhuc</strong></span> <span class='ocrx_word' id='word_1_812' title='bbox 3322 5087 3353 5126; x_wconf 87' lang='lat' dir='ltr'><strong>a</strong></span> <span class='ocrx_word' id='word_1_813' title='bbox 3398 5071 3508 5125; x_wconf 82' lang='lat' dir='ltr'><strong>Deo</strong></span> 
     </span>
    </p>
   </div>
   <div class='ocr_carea' id='block_1_110' title="bbox 1917 5164 3505 5234">
    <p class='ocr_par' dir='ltr' id='par_1_110' title="bbox 1917 5164 3505 5234">
     <span class='ocr_line' id='line_1_110' title="bbox 1917 5164 3505 5234; baseline -0.004 -11"><span class='ocrx_word' id='word_1_814' title='bbox 1917 5170 2088 5226; x_wconf 88' lang='lat' dir='ltr'><strong>absis.</strong></span> <span class='ocrx_word' id='word_1_815' title='bbox 2134 5168 2266 5234; x_wconf 74' lang='lat' dir='ltr'><strong>Qua:</strong></span> <span class='ocrx_word' id='word_1_816' title='bbox 2298 5168 2382 5220; x_wconf 86' lang='lat' dir='ltr'><strong>vis</strong></span> <span class='ocrx_word' id='word_1_817' title='bbox 2411 5174 2466 5220; x_wconf 91' lang='lat' dir='ltr'><strong>et</strong></span> <span class='ocrx_word' id='word_1_818' title='bbox 2505 5175 2698 5220; x_wconf 88' lang='lat' dir='ltr'><strong>natura</strong></span> <span class='ocrx_word' id='word_1_819' title='bbox 2733 5165 2865 5222; x_wconf 89' lang='lat' dir='ltr'><strong>solis</strong></span> <span class='ocrx_word' id='word_1_820' title='bbox 2896 5167 2967 5221; x_wconf 92' lang='lat' dir='ltr'><strong>sit</strong></span> <span class='ocrx_word' id='word_1_821' title='bbox 3004 5181 3165 5219; x_wconf 88' lang='lat' dir='ltr'><strong>nemo</strong></span> <span class='ocrx_word' id='word_1_822' title='bbox 3192 5164 3505 5218; x_wconf 86' lang='lat' dir='ltr'><strong>mortalium</strong></span> 
     </span>
    </p>
   </div>
   <div class='ocr_carea' id='block_1_111' title="bbox 1919 5252 3507 5328">
    <p class='ocr_par' dir='ltr' id='par_1_111' title="bbox 1919 5252 3507 5328">
     <span class='ocr_line' id='line_1_111' title="bbox 1919 5252 3507 5328; baseline -0.004 -14"><span class='ocrx_word' id='word_1_823' title='bbox 1919 5259 2192 5328; x_wconf 80' lang='lat' dir='ltr'><strong>explicare</strong></span> <span class='ocrx_word' id='word_1_824' title='bbox 2219 5266 2414 5326; x_wconf 88' lang='lat' dir='ltr'><strong>potest,</strong></span> <span class='ocrx_word' id='word_1_825' title='bbox 2447 5255 2540 5310; x_wconf 90' lang='lat' dir='ltr'><strong>sed</strong></span> <span class='ocrx_word' id='word_1_826' title='bbox 2578 5270 2642 5308; x_wconf 86' lang='lat' dir='ltr'><strong>ex</strong></span> <span class='ocrx_word' id='word_1_827' title='bbox 2675 5253 2983 5310; x_wconf 89' lang='lat' dir='ltr'><strong>actionibus</strong></span> <span class='ocrx_word' id='word_1_828' title='bbox 3008 5256 3151 5309; x_wconf 90' lang='lat' dir='ltr'><strong>illius</strong></span> <span class='ocrx_word' id='word_1_829' title='bbox 3181 5263 3235 5307; x_wconf 91' lang='lat' dir='ltr'><strong>et</strong></span> <span class='ocrx_word' id='word_1_830' title='bbox 3264 5252 3507 5322; x_wconf 85' lang='lat' dir='ltr'><strong>proprie-</strong></span> 
     </span>
    </p>
   </div>
   <div class='ocr_carea' id='block_1_112' title="bbox 1931 5345 3502 5419">
    <p class='ocr_par' dir='ltr' id='par_1_112' title="bbox 1931 5345 3502 5419">
     <span class='ocr_line' id='line_1_112' title="bbox 1931 5345 3502 5419; baseline -0.006 -13"><span class='ocrx_word' id='word_1_831' title='bbox 1931 5353 2166 5415; x_wconf 87' lang='lat' dir='ltr'><strong>tatibus,</strong></span> <span class='ocrx_word' id='word_1_832' title='bbox 2199 5365 2320 5419; x_wconf 64' lang='grc' dir='ltr'><strong>ηοω</strong></span> <span class='ocrx_word' id='word_1_833' title='bbox 2345 5349 2422 5402; x_wconf 90' lang='lat' dir='ltr'><strong>illi</strong></span> <span class='ocrx_word' id='word_1_834' title='bbox 2451 5347 2582 5402; x_wconf 90' lang='lat' dir='ltr'><strong>insit</strong></span> <span class='ocrx_word' id='word_1_835' title='bbox 2606 5355 2798 5400; x_wconf 88' lang='lat' dir='ltr'><strong>natura</strong></span> <span class='ocrx_word' id='word_1_836' title='bbox 2825 5383 2840 5409; x_wconf 92' lang='lat'><strong>,</strong></span> <span class='ocrx_word' id='word_1_837' title='bbox 2870 5345 3066 5400; x_wconf 87' lang='lat' dir='ltr'><strong>docere</strong></span> <span class='ocrx_word' id='word_1_838' title='bbox 3097 5345 3502 5401; x_wconf 69' lang='lat' dir='ltr'><strong>consuevimus.</strong></span> 
     </span>
    </p>
   </div>
   <div class='ocr_carea' id='block_1_113' title="bbox 222 5434 3505 5520">
    <p class='ocr_par' dir='ltr' id='par_1_113' title="bbox 222 5434 3505 5520">
     <span class='ocr_line' id='line_1_113' title="bbox 222 5434 3505 5520; baseline -0.01 0"><span class='ocrx_word' id='word_1_839' title='bbox 222 5463 530 5520; x_wconf 85' lang='lat' dir='ltr'><strong>Humilitas</strong></span> <span class='ocrx_word' id='word_1_840' title='bbox 574 5470 660 5518; x_wconf 83' lang='lat' dir='ltr'><strong>est</strong></span> <span class='ocrx_word' id='word_1_841' title='bbox 742 5459 908 5514; x_wconf 85' lang='lat' dir='ltr'><strong>tutela</strong></span> <span class='ocrx_word' id='word_1_842' title='bbox 952 5454 1176 5520; x_wconf 85' lang='lat' dir='ltr'><strong>divina,</strong></span> <span class='ocrx_word' id='word_1_843' title='bbox 1225 5461 1281 5509; x_wconf 90' lang='lat' dir='ltr'><strong>et</strong></span> <span class='ocrx_word' id='word_1_844' title='bbox 1322 5450 1500 5507; x_wconf 89' lang='lat' dir='ltr'><strong>velum</strong></span> <span class='ocrx_word' id='word_1_845' title='bbox 1552 5464 1661 5518; x_wconf 90' lang='lat' dir='ltr'><strong>quo</strong></span> <span class='ocrx_word' id='word_1_846' title='bbox 1701 5463 1868 5518; x_wconf 86' lang='lat' dir='ltr'><strong>opera</strong></span> <span class='ocrx_word' id='word_1_847' title='bbox 1902 5447 2167 5501; x_wconf 86' lang='lat' dir='ltr'><strong>virtutum</strong></span> <span class='ocrx_word' id='word_1_848' title='bbox 2221 5455 2535 5497; x_wconf 87' lang='lat' dir='ltr'><strong>nostrarum</strong></span> <span class='ocrx_word' id='word_1_849' title='bbox 2581 5448 2841 5510; x_wconf 85' lang='lat' dir='ltr'><strong>teguntur</strong></span> <span class='ocrx_word' id='word_1_850' title='bbox 2867 5478 2881 5504; x_wconf 93' lang='lat'><strong>,</strong></span> <span class='ocrx_word' id='word_1_851' title='bbox 2915 5453 2982 5492; x_wconf 90' lang='lat' dir='ltr'><strong>ne</strong></span> <span class='ocrx_word' id='word_1_852' title='bbox 3028 5438 3117 5490; x_wconf 86' lang='lat' dir='ltr'><strong>illa</strong></span> <span class='ocrx_word' id='word_1_853' title='bbox 3199 5434 3505 5488; x_wconf 75' lang='lat' dir='ltr'><strong>videamus.</strong></span> 
     </span>
    </p>
   </div>
   <div class='ocr_carea' id='block_1_114' title="bbox 225 5530 3505 5616">
    <p class='ocr_par' dir='ltr' id='par_1_114' title="bbox 225 5530 3505 5616">
     <span class='ocr_line' id='line_1_114' title="bbox 225 5530 3505 5616; baseline -0.009 -2"><span class='ocrx_word' id='word_1_854' title='bbox 225 5556 531 5615; x_wconf 83' lang='lat' dir='ltr'><strong>Humilitas</strong></span> <span class='ocrx_word' id='word_1_855' title='bbox 558 5567 642 5615; x_wconf 84' lang='lat' dir='ltr'><strong>est</strong></span> <span class='ocrx_word' id='word_1_856' title='bbox 669 5556 931 5611; x_wconf 86' lang='lat' dir='ltr'><strong>altissima</strong></span> <span class='ocrx_word' id='word_1_857' title='bbox 957 5565 1011 5609; x_wconf 87' lang='lat' dir='ltr'><strong>et</strong></span> <span class='ocrx_word' id='word_1_858' title='bbox 1043 5550 1410 5610; x_wconf 89' lang='lat' dir='ltr'><strong>subtilissima</strong></span> <span class='ocrx_word' id='word_1_859' title='bbox 1445 5547 1670 5604; x_wconf 88' lang='lat' dir='ltr'><strong>vilitatis</strong></span> <span class='ocrx_word' id='word_1_860' title='bbox 1734 5544 1970 5616; x_wconf 56' lang='lat' dir='ltr'><strong>propria</strong></span> <span class='ocrx_word' id='word_1_861' title='bbox 2002 5539 2265 5613; x_wconf 84' lang='lat' dir='ltr'><strong>cognitio,</strong></span> <span class='ocrx_word' id='word_1_862' title='bbox 2338 5539 2550 5593; x_wconf 82' lang='lat' dir='ltr'><strong>furibus</strong></span> <span class='ocrx_word' id='word_1_863' title='bbox 2584 5537 2802 5594; x_wconf 90' lang='lat' dir='ltr'><strong>cunctis</strong></span> <span class='ocrx_word' id='word_1_864' title='bbox 2869 5536 3171 5589; x_wconf 89' lang='lat' dir='ltr'><strong>inaccessa.</strong></span> <span class='ocrx_word' id='word_1_865' title='bbox 3211 5530 3505 5592; x_wconf 80' lang='lat' dir='ltr'><strong>llumilitas</strong></span> 
     </span>
    </p>
   </div>
   <div class='ocr_carea' id='block_1_115' title="bbox 316 5670 794 5736">
    <p class='ocr_par' dir='ltr' id='par_1_115' title="bbox 316 5670 794 5736">
     <span class='ocr_line' id='line_1_115' title="bbox 316 5670 794 5736; baseline 0.002 -13"><span class='ocrx_word' id='word_1_866' title='bbox 316 5673 357 5703; x_wconf 65' lang='grc' dir='ltr'><strong>λε</strong></span> <span class='ocrx_word' id='word_1_867' title='bbox 383 5671 530 5726; x_wconf 83' lang='lat' dir='ltr'><strong>Psal.</strong></span> <span class='ocrx_word' id='word_1_868' title='bbox 565 5687 710 5736; x_wconf 78' lang='lat' dir='ltr'><strong>cxtv,</strong></span> <span class='ocrx_word' id='word_1_869' title='bbox 739 5670 794 5724; x_wconf 86' lang='lat'><strong>6.</strong></span> 
     </span>
    </p>
   </div>
   <div class='ocr_carea' id='block_1_116' title="bbox 314 5739 3059 5828">
    <p class='ocr_par' dir='ltr' id='par_1_116' title="bbox 314 5739 3059 5828">
     <span class='ocr_line' id='line_1_116' title="bbox 314 5739 3059 5828; baseline -0.01 -5"><span class='ocrx_word' id='word_1_870' title='bbox 314 5766 395 5824; x_wconf 72' lang='lat' dir='ltr'><strong>(al</strong></span> <span class='ocrx_word' id='word_1_871' title='bbox 431 5767 712 5822; x_wconf 76' lang='lat' dir='ltr'><strong>Schol-ium</strong></span> <span class='ocrx_word' id='word_1_872' title='bbox 745 5765 1092 5822; x_wconf 88' lang='lat' dir='ltr'><strong>ouccimum</strong></span> <span class='ocrx_word' id='word_1_873' title='bbox 1121 5756 1432 5828; x_wconf 12' lang='lat' dir='ltr'><strong>advnullum</strong></span> <span class='ocrx_word' id='word_1_874' title='bbox 1489 5755 1704 5822; x_wconf 80' lang='lat' dir='ltr'><strong>signum</strong></span> <span class='ocrx_word' id='word_1_875' title='bbox 1743 5752 1978 5808; x_wconf 77' lang='lat' dir='ltr'><strong>refertur</strong></span> <span class='ocrx_word' id='word_1_876' title='bbox 2016 5763 2115 5808; x_wconf 85' lang='lat' dir='ltr'><strong>nec</strong></span> <span class='ocrx_word' id='word_1_877' title='bbox 2146 5755 2209 5808; x_wconf 85' lang='lat' dir='ltr'><strong>ad</strong></span> <span class='ocrx_word' id='word_1_878' title='bbox 2232 5756 2555 5820; x_wconf 62' lang='lat' dir='ltr'><strong>prtesentcm</strong></span> <span class='ocrx_word' id='word_1_879' title='bbox 2593 5744 2876 5801; x_wconf 83' lang='lat' dir='ltr'><strong>materiam</strong></span> <span class='ocrx_word' id='word_1_880' title='bbox 2907 5739 3059 5798; x_wconf 75' lang='lat' dir='ltr'><strong>facit.</strong></span> 
     </span>
    </p>
   </div>
  </div>
