4042 6422
538 315 647 382 999
1803 322 1862 381 S.
1891 320 2112 383 JOAND

2213 353 2216 372 ›
2243 321 2551 385 CLIMACI
3683 323 3817 391 1000

533 427 699 484 simul
759 443 867 484 uno
930 444 1098 500 passu
1167 428 1331 502 [saltu
1397 447 1488 485 seu
1537 429 1732 503 gradu]
1790 439 1956 486 totam
2005 448 2112 488 sca-

2230 434 2301 488 ὲν
2324 435 2405 502 τῷ
2428 439 2664 505 οὐρανῳ
2701 435 2802 506 τῆς
2847 434 3252 499 ταπεινώσεως.
3295 434 3358 488 Ἦ
3421 436 3522 507 μὲν
3569 436 3820 508 ἀκαρπία

533 515 640 572 lam
672 521 1036 576 conscendere
1063 522 1259 591 potuit.
1316 520 1374 574 ln
1427 523 1532 576 hoc
1582 536 1979 591 cognoscemus
2024 538 2112 579 nos

2235 527 2399 595 φύσει
2424 531 2506 592 εἰς
2547 528 2681 598 ὕψος
2703 531 2829 592 τοὺς
2857 528 2964 581 τῶν
3005 528 3316 599 λεγομένων
3351 528 3553 600 κίτρων
3587 528 3815 594 κλάδους

532 607 626 664 Dei
654 611 951 680 discipulos
991 627 1132 676 esse,
1168 626 1277 665 non
1303 613 1453 680 quod
1496 613 1654 668 nobis
1676 613 1953 668 daunoues
1996 615 2112 670 sub

2235 619 2472 689 ἀνυψοῦν
2501 621 2714 690 πέφυκε
2733 636 2746 649 ⁸
2779 620 3270 690 κατακαμφθέντες
3296 621 3354 674 δέ
3383 621 3581 675 θᾶττον
3605 637 3817 691 καρπο-

525 702 815 771 jiciautur,
907 703 999 757 sed
1034 704 1173 773 quod
1197 705 1411 757 nomina
1442 714 1624 757 nostra
1678 706 1877 774 scripta
1927 707 2033 759 sint
2071 708 2112 760 ἐκ

2237 710 2396 781 φόροι
2427 712 2690 780 γίνονται.
2746 711 2807 765 Ὀ
2837 712 3103 783 νουνεχῶς
3131 713 3293 780 γνοὺς
3319 712 3635 768 ἐπίσταται.

531 795 662 850 malo
724 795 1048 860 humilitatis
1074 797 1144 850 υ.
1193 795 1352 865 321
1407 796 1680 852 Sterilitas
1727 797 1985 852 arborum
2042 806 2232 855 natura
2299 818 2400 858 sua
2449 818 2634 860 ramos
2707 805 3004 870 citrorum,
3037 814 3097 860 ut
3124 806 3485 875 appellantur,
3529 807 3585 861 in
3641 807 3816 861 altum

532 888 726 942 tollere
780 886 941 951 solet,
969 898 1350 944 curvescentes
1385 904 1515 946 vero
1543 891 1706 947 citius
1753 889 1966 947 fructus
2007 903 2394 962 progenerant.
2447 895 2590 962 Quid
2653 897 2758 952 hoc
2811 897 2918 953 sibi
2959 898 3088 953 velit
3159 899 3438 970 intelligit,
3492 901 3586 971 qui
3663 916 3818 954 men-

531 989 638 1033 tem
664 979 914 1034 advertit.

598 1068 813 1124 Gradus
844 1069 934 1124 hic
959 1079 1164 1126 sanctae
1194 1071 1362 1142 hujus
1425 1073 1648 1130 virtutis
1684 1073 1886 1145 praebet
1927 1091 2122 1132 ascen-

530 1175 651 1216 sum
702 1159 793 1229 (ad
816 1159 1009 1230 Deum)
1050 1177 1178 1217 cum
1215 1163 1396 1218 fructu
1428 1165 1731 1228 tricesimo,
1772 1169 2115 1238 sexagesimo

530 1261 585 1306 et
620 1252 941 1308 centesimo.
975 1253 1058 1309 Ad
1087 1269 1365 1310 summum
1393 1258 1630 1312 evadunt
1666 1258 1705 1312 ii
1745 1258 1840 1328 qui
1895 1261 2121 1316 devictis

533 1345 788 1400 omnibus
815 1346 985 1400 animi
1013 1349 1518 1417 perturbationibus
1539 1352 1606 1405 ad
1641 1367 1917 1407 summam
1962 1368 2120 1407 men-

534 1434 606 1488 tis
637 1435 1085 1504 tranquillitatem
1103 1448 1487 1506 pervenerunt.
1518 1437 1576 1493 In
1597 1441 1776 1494 medio
1807 1443 2121 1498 consistunt

534 1527 784 1596 generosi
834 1527 1072 1583 athleta}.
1139 1529 1225 1584 Ad
1275 1531 1512 1600 primum
1567 1530 1864 1607 [inﬁmum]
1933 1550 2125 1592 omnes

531 1619 774 1688 aspirare
822 1629 1069 1689 possunt.
1111 1620 1214 1686 Qui
1271 1637 1332 1677 se
1390 1624 1571 1692 ipsum
1618 1627 1789 1691 novit,
1838 1642 2121 1697 nunquam

531 1715 833 1769 committet
863 1725 922 1769 ut
958 1715 1217 1770 illudatur
1245 1717 1297 1770 in
1333 1717 1499 1774 rebus
1549 1734 1672 1789 quae
1714 1719 1890 1790 ipsius
1945 1722 2120 1778 facul-

535 1815 699 1862 tatem
757 1821 1019 1877 superant
1062 1809 1461 1880 aggrediendis,
1520 1812 1615 1867 sed
1655 1814 1844 1882 pedem
1898 1814 2013 1884 jam
2060 1816 2115 1870 in

2302 1076 2587 1148 Κέκτηται
2633 1081 2663 1131 ό
2687 1079 2786 1149 τῆς
2817 1080 2975 1144 ὁσίας
3012 1079 3216 1152 ταύτης
3247 1083 3398 1154 παρά
3445 1083 3566 1154 Θεῷ
3610 1085 3821 1158 saepe;

2227 1168 2287 1221 ἐν
2315 1169 2613 1238 τριάκοντα
2660 1172 2757 1224 κα)⁵
2803 1171 2863 1224 ἐν
2913 1171 3179 1242 ἐξήκοντα
3210 1173 3349 1244 (27),
3392 1177 3487 1228 καὶ
3521 1179 3579 1229 ἐν
3617 1179 3818 1232 ἑκατὸν

2227 1259 2328 1330 τὴν
2361 1260 2652 1326 ἀνάϐασιν,
2698 1262 2792 1314 καὶ
2831 1265 2888 1315 ἐν
2913 1263 2992 1332 τῷ
3037 1263 3251 1335 ἐσχάτῳ
3291 1267 3338 1318 oi
3379 1266 3630 1332 ἀπαθεῖς,
3665 1270 3726 1322 ἐν
3761 1271 3816 1324 δὲ

2226 1353 2306 1424 τῷ
2338 1354 2488 1424 μέσῳ
2529 1355 2580 1406 oi
2615 1354 2871 1426 ἀνδρεῖοι.
2914 1356 3004 1409 Ἐν
3029 1355 3086 1409 δὲ
3119 1356 3198 1427 τῷ
3230 1358 3433 1428 πρώτῳ
3479 1361 3683 1424 πάντες
3727 1363 3816 1416 dv-

2227 1445 2404 1499 ελθεῖν
2457 1445 2747 1500 δύνανται·
2778 1447 2808 1498 ὁ
2845 1449 3007 1515 γνοὺς
3044 1449 3237 1505 ἑαυτὸν
3294 1451 3552 1505 οὐδέποτε
3604 1457 3814 1525 ἐμπαι-

2223 1537 2373 1606 χθεὶς
2401 1540 2460 1591 ὲν
2490 1541 2603 1601 τοῖς
2639 1537 2780 1608 ὑπὲρ
2826 1538 3018 1592 ἐαυτὸν
3051 1541 3458 1613 ἐπιχειρήσειεν
3487 1559 3500 1572 ⁸
3531 1543 3669 1597 ἀλλὰ
3718 1546 3809 1616 βέ-

2223 1628 2364 1698 ϐηκε
2392 1628 2579 1682 λοιπὸν
2608 1628 2700 1682 τὸν
2729 1629 2866 1682 πόδα
2891 1630 2986 1683 ἐπὶ
3008 1631 3108 1702 τὴν
3136 1633 3418 1701 μακαρίαν
3451 1634 3662 1705 ταύτην
3702 1639 3810 1708 τρί-

2221 1719 2336 1773 ϐον.
2360 1721 2674 1774 Δεδείκασιν
2705 1720 2798 1793 [al.
2827 1721 3154 1794 δεδοίκασιν]
3181 1722 3363 1792 ὄρνεις
3399 1724 3622 1794 ἱέρακος
3644 1721 3804 1790 εἶδος,

2219 1812 2448 1884 ἐργάται
2477 1812 2534 1866 δὲ
2573 1811 2777 1883 ταύτης
2817 1812 3126 1882 ἀντιλογίας
3157 1809 3291 1884 ἦχον
3329 1813 3463 1884 (28).
3501 1816 3664 1868 'Aveu
3714 1819 3808 1887 μὲν

531 1910 734 1953 sanctae
769 1900 1094 1956 humilitatis
1148 1902 1342 1956 semita
1377 1901 1633 1959 ﬁrmavit.
1670 1903 1940 1960 Tremunt
1991 1909 2111 1961 avi-

2217 1903 2598 1974 προρρήσεων,
2632 1901 2727 1955 κα)⁵
2749 1901 3090 1972 ὲλλάμψεων,
3119 1904 3210 1956 καὶ
3242 1903 3507 1974 σημείων,
3527 1905 3623 1956 καὶ
3651 1907 3808 1975 τερά-

527 1990 666 2044 culae
692 1991 760 2044 ad
791 1992 1065 2060 accipitris
1091 2002 1466 2061 conspectum,
1528 2003 1580 2049 et
1616 1995 1943 2051 humilitatis
1995 2005 2116 2052 stu-

527 2081 666 2135 diosi
708 2082 773 2136 ad
811 2099 998 2137 vocem
1026 2084 1394 2152 obloquentis.
1459 2083 1589 2142 Sine
1644 2087 2112 2158 praedictionibus,

527 2171 984 2229 illustrationibus
1016 2173 1216 2230 divinis
1235 2192 1332 2231 seu
1374 2177 1530 2244 visis,
1552 2179 1726 2247 signis
1747 2189 1801 2235 et
1857 2181 2117 2252 prodigiis

527 2262 684 2316 multi
721 2263 952 2317 salutem
978 2266 1262 2320 consecuti
1295 2276 1444 2334 sunt,
1483 2268 1578 2323 sed
1624 2269 1744 2324 sine
1798 2270 2111 2327 humilitate

518 2369 692 2408 nemo
756 2370 1000 2425 unquam
1067 2358 1123 2411 in
1166 2358 1464 2414 thalamum
1525 2361 1716 2430 sponsi
1757 2362 2111 2432 ingredietur.

526 2444 663 2500 Nam
698 2447 913 2501 illorum
956 2448 1198 2518 priorum
1241 2452 1524 2520 signorum
1600 2454 1714 2508 haec
1772 2455 1946 2512 altera
2006 2457 2115 2512 ﬁda

523 2549 711 2595 custos
753 2549 855 2595 est.
907 2538 1063 2596 Hauc
1092 2552 1274 2597 autem
1307 2545 1398 2599 illa
1466 2546 1522 2599 in
1576 2561 1689 2602 non
1750 2550 1888 2604 satis
1941 2549 2114 2606 ﬁrmis

524 2631 985 2686 exterminarunt.
1013 2631 1242 2687 Factum
1273 2645 1356 2690 est
1387 2636 1554 2690 etiam
1583 2638 1845 2694 divinitus
1903 2641 1970 2695 ad
2010 2642 2114 2696 hu-

524 2735 816 2792 miliandos
850 2752 952 2792 nos
985 2739 1148 2792 etiam
1181 2739 1380 2794 invitos
1409 2741 1531 2808 hoc,
1583 2754 1642 2797 ut
1676 2759 1837 2799 nemo
1886 2761 2113 2802 suorum

523 2832 812 2886 vulnerum
851 2833 1001 2887 labes
1031 2842 1141 2888 tam
1183 2837 1320 2890 bene
1377 2836 1648 2907 inspicere
1690 2842 1887 2909 possit,
1945 2858 2112 2912 quam

525 2926 594 2983 ab
620 2928 792 2983 altero
826 2928 1099 2984 videntur.
1144 2928 1383 2986 Proinde
1422 2948 1646 2990 necesse
1676 2945 1761 2990 est
1786 2946 1843 2991 ut
1872 2948 2106 3010 receptae

523 3021 775 3078 sanitatis
806 3023 1038 3092 gratiam
1069 3039 1176 3078 non
1212 3026 1370 3080 nobis
1396 3029 1760 3098 ascribamus,
1794 3033 1890 3088 sed
1953 3035 2109 3092 alteri

523 3122 579 3168 et
609 3112 722 3168 Deo
747 3114 802 3167 in
836 3116 1074 3184 acceptis
1106 3115 1433 3174 referamus.
1465 3117 1701 3178 Humilis
1737 3125 1900 3180 corde
1953 3143 2107 3185 suam

523 3206 858 3260 voluntatem
896 3223 1112 3276 semper
1143 3218 1404 3280 tanquam
1439 3212 1800 3282 deceptricem
1856 3232 2112 3274 exsecra-

523 3320 635 3377 tur,
661 3320 715 3366 et
742 3313 794 3366 in
818 3314 1071 3382 precibus
1093 3315 1208 3370 suis
1227 3317 1293 3369 ad
1314 3315 1481 3371 Deum
1501 3319 1805 3375 certissima
1824 3321 1924 3376 ﬁde
1950 3324 2111 3381 nixus

525 3413 581 3459 et
611 3415 914 3473 opportuna
947 3407 1052 3461 sibi
1091 3407 1300 3462 discere
1344 3408 1720 3482 [cognoscere]
1778 3421 1833 3467 et
1889 3416 2113 3472 obedire

533 3497 840 3562 consuevit,
877 3499 1083 3552 nonad
1127 3514 1309 3555 mores
1343 3510 1398 3556 ct
1454 3503 1616 3557 vitam
1669 3504 1831 3576 322
1882 3523 2109 3564 suorum

523 3599 916 3658 praeceptorum
948 3599 1205 3657 attentus,
1254 3593 1347 3648 sed
1379 3596 1528 3648 omni
1554 3611 1685 3650 cura
1718 3597 1829 3653 Deo
1855 3601 2113 3657 commis-

523 3697 608 3746 sa,
642 3683 736 3752 qui
769 3683 930 3738 etiam
963 3700 1058 3754 per
1084 3686 1294 3741 asinam
1345 3697 1526 3743 vatem
1589 3689 1809 3746 Balaam
1865 3709 2113 3749 necessa-

522 3775 606 3829 ria
650 3773 859 3828 docuit.
901 3775 1229 3846 Hujusmodi
1291 3794 1483 3836 servus
1513 3781 1604 3837 Dei
1663 3783 1879 3839 etiamsi
1926 3787 2110 3842 omnia

521 3883 590 3924 ex
625 3868 716 3923 Dei
753 3870 1032 3926 voluntate
1063 3882 1207 3942 agat,
1281 3876 1482 3944 cogitet
1529 3886 1583 3932 et
1637 3878 1914 3948 loquatur,
1972 3882 2111 3938 nihil

524 3971 705 4016 tamen
737 3962 841 4016 sibi
875 3965 1126 4020 ascribit.
1165 3965 1308 4021 Crux
1338 3976 1420 4023 est
1445 3979 1498 4023 et
1531 3984 1694 4040 grave
1724 3987 1865 4027 onus
1894 3972 2108 4040 humili,

522 4053 743 4123 quando
767 4055 870 4110 sibi
905 4057 1129 4111 credere
1157 4059 1388 4129 cogitur,
1444 4061 1525 4116 uti
1574 4063 1830 4132 superbo,
1889 4068 2111 4136 quando

522 4148 746 4202 alterius
784 4152 1051 4205 sententia
1083 4153 1505 4223 starejubetur.
1563 4155 1693 4210 Mihi
1756 4160 1932 4228 angeli
1989 4175 2112 4217 esse

521 4239 761 4306 videtur,
794 4256 1074 4312 nunquam
1102 4244 1266 4296 etiam
1321 4243 1505 4298 furtim
1546 4245 1601 4300 in
1652 4258 1935 4316 peccatum
1985 4266 2112 4320 per-

523 4331 688 4397 trahi,
737 4347 860 4386 cum
923 4333 1140 4387 audiam
1197 4335 1267 4389 ab
1315 4337 1508 4405 angelo
1568 4342 1808 4394 terrestri
1857 4341 2107 4398 dictum:

527 4420 680 4475 Nihil
713 4424 842 4477 mihi
875 4427 1114 4480 conscius
1143 4443 1281 4491 sum,
1315 4429 1406 4482 sed
1429 4444 1533 4482 non
1571 4431 1626 4483 in
1657 4431 1754 4484 hoc
1773 4433 2108 4502 Jusliﬁcatus

523 4529 676 4579 sum;
713 4515 803 4583 qui
831 4523 1005 4569 autem
1022 4516 1231 4586 judtcat
1259 4535 1359 4585 me,
1397 4520 1650 4575 Dominus
1692 4534 1771 4576 est
1820 4525 1886 4579 “.
1924 4524 2109 4595 Itaque

527 4619 748 4661 necesse
778 4615 860 4660 est
910 4608 988 4661 uti
1043 4619 1302 4678 perpetuo
1338 4627 1439 4667 nos
1484 4613 1634 4682 ipsos
1677 4617 2108 4675 condemnemus
2139 4606 2183 4661 Ῑ)

524 4707 579 4751 et
601 4698 1080 4768 reprehendamus,
1118 4710 1177 4754 ut
1205 4717 1301 4771 per
1331 4705 1692 4761 voluntariam
1727 4709 1898 4762 nostri
1954 4711 2108 4781 abje-

525 4790 759 4846 ctionem
793 4798 848 4844 et
877 4791 1139 4846 vilitatem
1187 4795 1256 4848 ab
1313 4812 1422 4851 non
1489 4799 1814 4856 voluntariis
1863 4801 2110 4871 lapsibus

524 4884 880 4940 defendamur
910 4896 965 4940 et
1017 4902 1366 4943 excusemur.
1415 4891 1572 4956 Quod
1625 4894 1732 4949 nisi
1788 4896 2105 4963 fecerimus,

524 4977 579 5033 in
628 4979 776 5032 exitu
803 4979 926 5032 vita:
947 4979 1129 5049 gravis
1163 4981 1388 5036 omnino
1411 4984 1478 5038 de
1537 4985 1605 5039 iis
1681 5002 1711 5040 a
1764 4990 1923 5045 nobis
1967 4993 2108 5047 ratio

521 5073 788 5144 exigetur.
836 5073 940 5140 Qui
986 5089 1016 5128 a
1057 5073 1170 5129 Deo
1207 5075 1412 5146 aliquid
1441 5079 1595 5149 petit,
1653 5084 1798 5152 quod
1828 5085 1968 5139 infra
2001 5101 2102 5140 sua

521 5166 715 5220 merita
750 5176 853 5230 est,
890 5167 1009 5222 sine
1037 5167 1381 5226 dubitatione
1415 5173 1644 5244 accipiet
1673 5194 1796 5247 qua:
1822 5196 1986 5249 supra
2021 5181 2103 5251 ip-

521 5261 636 5317 sius
683 5263 979 5331 promerita
1012 5271 1161 5320 sunt.
1195 5266 1374 5336 Atque
1414 5269 1516 5325 hoc
1571 5273 1900 5341 publicanus
1958 5287 2101 5333 atte-

521 5361 698 5409 statur
724 5354 791 5420 ",
819 5356 912 5425 qui
941 5371 1064 5410 cum
1104 5358 1482 5415 remissionem
1526 5363 1790 5421 duntaxat
1847 5378 2104 5438 peccato-

521 5459 645 5498 rum
687 5445 958 5514 pctiisset,
1001 5447 1270 5516 justitiam
1303 5456 1622 5517 reportavit.
1654 5456 1819 5512 Latro
1863 5459 1953 5514 ille
1979 5471 2100 5515 lan-

520 5542 636 5590 tum
670 5545 893 5607 rogarat
921 5537 1198 5594 Christum
1233 5549 1290 5596 ut
1338 5544 1420 5597 sui
1456 5561 1667 5602 memor
1717 5560 1862 5605 esset
1906 5551 1960 5605 in
2013 5568 2101 5607 re-

522 5641 631 5697 gno
664 5643 785 5695 suo,
833 5638 887 5685 et
917 5632 1084 5688 totius
1112 5635 1350 5704 paradisi
1383 5637 1576 5704 haeres,
1613 5650 1668 5695 et
1697 5644 1911 5712 primus
1969 5645 2098 5715 qui-

2215 2011 2325 2048 των
2349 1993 2534 2047 πολλοὶ
2562 1996 2661 2066 τῆς
2695 1996 2970 2065 σωτηρίας
2991 1996 3353 2065 τετυχήκασιν
3377 2013 3394 2028 ο
3426 1996 3557 2050 ἄνευ
3583 1997 3642 2050 δὲ
3675 1998 3802 2051 ταύ-

2215 2102 2314 2155 της
2359 2086 2535 2149 οὐδεὶς
2585 2089 2644 2140 έν
2687 2087 2766 2158 τῷ
2801 2085 3051 2158 νυμφῶνι
3097 2087 3487 2142 εἰσελεύσεται.
3534 2087 3659 2142 Τῶν
3712 2089 3804 2160 μὲν

2216 2177 2327 2248 γὰρ
2371 2177 2655 2248 προτέρων
2704 2180 2738 2249 ή
2793 2178 3022 2250 δευτέρα
3077 2177 3251 2248 φύλαξ
3281 2178 3394 2248 (29)
3429 2196 3444 2212 ·
3497 2180 3706 2250 ταύτης
3752 2181 3804 2233 δὲ

2216 2266 2478 2330 πολλάκις
2503 2267 2571 2320 τὰ
2601 2267 2862 2338 πρότερα,
2889 2267 2946 2318 ἐν
2974 2269 3086 2328 τοῖς
3109 2266 3458 2337 κουφοτέροις
3490 2267 3804 2338 ἀναίρετικά

2215 2358 2522 2427 γεγόνασιν.
2563 2359 2926 2429 ᾯκονόμησεν
2962 2361 2991 2412 6
3026 2357 3230 2429 Κύριος
3261 2359 3399 2427 πρὸς
3427 2358 3489 2412 τὸ
3513 2361 3664 2429 ἡμᾶς
3691 2361 3798 2427 (50)

2214 2449 2312 2503 καὶ
2343 2449 2418 2519 μὴ
2447 2447 2696 2512 θέλοντας
2719 2448 3108 2504 ταπεινοῦσθαι
3148 2449 3241 2502 κιίι)⁵
3271 2449 3456 2503 τοῦτο·
3487 2449 3668 2513 οὐδεὶς
3699 2452 3802 2521 γὰρ

2215 2539 2341 2602 τοὺς
2374 2537 2570 2591 ἑαυτοῦ
2607 2539 2902 2608 μώλωπας,
2943 2540 3018 2605 ὡς
3049 2541 3077 2593 ό
3105 2540 3334 2611 πλησίον
3368 2541 3504 2612 όρᾷν
3545 2541 3800 2595 δύναται·

2213 2629 2404 2701 διόπερ
2437 2632 2652 2701 ἀνάγκη
2677 2633 2847 2702 ἡμᾶς,
2878 2633 2952 2702 μὴ
2981 2634 3214 2696 ἑαυτοῖς.
3237 2633 3352 2686 ἀλλ’
3373 2633 3570 2704 ἐκείνῳ
3591 2634 3690 2705 τὴν
3709 2635 3802 2705 τῆς

2217 2723 2429 2792 ὑγιείας
2463 2723 2644 2794 χάριν,
2676 2725 2772 2777 καὶ
2807 2724 2926 2794 Θεῷ
2957 2724 3154 2778 διδόναι
3175 2741 3188 2754 ·
3234 2727 3262 2778 6
3290 2726 3640 2790 ταπεινόνους
3663 2727 3800 2805 ,πάνο

2213 2829 2335 2865 τοτε
2364 2811 2424 2865 τὸ
2462 2813 2655 2866 ἐαυτοῦ
2702 2813 2915 2884 θέλημα
2947 2815 3024 2878 ὡς
3069 2815 3268 2870 πλάνον
3299 2815 3682 2884 βδελύττεται*
3712 2817 3800 2871 καὶ

2211 2904 2271 2960 ἐν
2298 2907 2413 2968 τοῖς
2456 2906 2754 2975 αἰτήμασιν
2796 2906 2961 2959 αὐτοῦ
3016 2909 3130 2971 τοῖς
3177 2907 3314 2978 πρὸς
3357 2908 3581 2979 Κύριον,
3627 2910 3801 2963 πίστει

2211 2994 2531 3066 ἀδιστάκτῳ
2570 2996 2640 3050 τὰ
2676 2998 3045 3068 προσήκοντα“
3075 2998 3368 3068 μανθάνειν
3401 2999 3538 3069 (51),
3581 3001 3677 3052 καὶ
3706 3001 3802 3053 ύπ-

2212 3087 2435 3141 ακούειν
2467 3087 2714 3158 πέφυκεν
2741 3105 2755 3118 ο
2785 3090 2844 3142 ού
2872 3092 2937 3160 τῇ
2967 3091 3214 3162 πολιτείᾳ
3260 3092 3550 3162 προσέχων
3587 3093 3696 3146 τῶν
3727 3094 3802 3147 δι-

2211 3179 2498 3233 δασκάλων
2521 3195 2537 3212 ο
2566 3180 2703 3234 ἀλλά
2731 3180 2850 3251 Θεῷ
2878 3182 3098 3244 ἀναθεὶς
3127 3183 3225 3254 τὴν
3263 3183 3558 3255 μέριμναν,
3589 3184 3669 3254 τῷ
3708 3186 3801 3239 καὶ

2136 3244 2182 3304 α
2214 3271 2282 3324 δι’
2315 3272 2438 3325 ινου
2480 3272 2575 3326 ἐπὶ
2610 3273 2704 3326 τοῦ
2731 3244 2961 3345 Βαλαὰμ
2987 3276 3055 3329 τὰ
3083 3244 3656 3347 χρευιὼδηθδίδάξαντιί
3689 3279 3802 3332 Κᾶν

2216 3364 2432 3418 ἅπαντα
2464 3366 2492 3418 ό
2531 3365 2770 3430 τοιοῦτος
2807 3368 3046 3439 ἐργάτης
3073 3368 3215 3422 κατά
3249 3369 3381 3424 Θεὸν
3408 3371 3500 3424 καὶ
3531 3375 3680 3442 ποιῇ,
3709 3375 3801 3426 καὶ

2213 3459 2332 3527 νοῇ,
2365 3458 2458 3510 καὶ
2500 3443 2830 3528 φθέγγηται,
2871 3461 2981 3514 οὐδ’
3018 3460 3192 3525 οὕτως
3241 3463 3422 3533 ἑαυτῷ
3461 3465 3755 3519 ἀποδίδωσι
3783 3483 3796 3495 °

2216 3549 2417 3620 σκόλοψ
2444 3552 2539 3605 καὶ
2573 3552 2738 3623 βάρος
2772 3551 2849 3623 τῷ
2877 3553 3118 3623 ταπεινῷ
3150 3554 3211 3608 τὸ
3247 3557 3612 3611 οίκειόπιστον
3641 3574 3654 3587 ·
3693 3558 3799 3611 ῶσ-

2217 3658 2326 3713 περ
2365 3642 2442 3713 τῷ
2466 3643 2805 3716 ὑπερηφάνῳ
2835 3645 2896 3698 τὺ
2923 3646 3270 3717 ἐτερόλεκτον
3299 3649 3437 3720 (52).
3475 3650 3632 3719 Ἐμοὶ⁵
3657 3651 3804 3704 δοκεῖ

2214 3734 2468 3803 ἀγγέλου,
2513 3737 2574 3790 τὸ
2605 3738 2680 3809 μὴ
2711 3739 3040 3794 κλέπτεσθαι
3073 3742 3158 3808 ἐφ’
3185 3742 3582 3813 ἁμαρτήμασιν
3616 3739 3756 3797 εἶναι
3781 3785 3794 3810 ,

2211 3825 2462 3880 ἀκούοντι
2509 3827 2603 3881 τοῦ
2648 3829 2890 3898 ἐπιγείου
2946 3831 3183 3901 ἀγγέλου
3250 3834 3538 3902 λέγοντος⁶
3605 3838 3796 3892 Οὐδὲν

2213 3916 2450 3986 ἐμαυτῷ
2488 3921 2747 3976 σύνοιδα
2778 3938 2792 3952 ο
2828 3923 2968 3976 ἀλλ’
3009 3926 3119 3978 οὐκ
3167 3925 3238 3978 ἐν
3274 3928 3466 3994 τούτῳ
3496 3928 3796 3984 δεδικαίω-

2207 4026 2348 4080 μαι·
2399 4015 2434 4065 ό
2491 4011 2561 4064 δὲ
2615 4013 2961 4082 ἀνακρίνων
3016 4033 3115 4085 με,
3166 4018 3383 4086 Κύριός
3425 4021 3596 4076 ἐστιν
3633 4040 3648 4055 ·
3674 4023 3792 4076 ὅθεν

2211 4102 2497 4174 ὀφείλομεν
2526 4103 2791 4174 διηνεκῶς
2832 4108 3062 4172 ἑαυτοὺς
3104 4112 3460 4183 κατακρίνειν
3505 4115 3600 4168 καὶ
3655 4117 3788 4186 μέμ-

2213 4197 2410 4263 φεσθαι
2443 4195 2574 4265 (55),
2637 4196 2723 4250 ἵνα
2777 4197 2867 4252 διὰ
2911 4199 3013 4268 τῆς
3061 4201 3308 4256 ἑκουσίου
3355 4205 3652 4271 εὐτελείας,
3697 4206 3790 4270 τὰς

2211 4279 2500 4346 ἀκουσίους
2547 4284 2821 4354 ἁμαρτίας
2858 4287 3398 4361 άπολογηθησώμεθα
3427 4293 3527 4364 [αι.
3564 4296 3792 4367 ἀπορρί-

2209 4369 2424 4443 ψωμεν]
2455 4388 2470 4402 ο
2525 4375 2573 4426 εί
2613 4371 2670 4426 δὲ
2705 4373 2802 4444 μὴ,
2855 4377 3073 4441 πάντως
3120 4380 3178 4433 ἐν
3226 4385 3290 4452 τῇ
3335 4383 3498 4455 ἐξόδῳ
3542 4387 3796 4455 χαλεπῶς

2211 4462 2353 4533 ὑπὲρ
2381 4464 2563 4517 αὐτῶν
2607 4467 3097 4541 λογοθετησόμεθα.
3157 4473 3216 4526 Ὀ
3271 4476 3420 4546 παρὰ
3454 4478 3554 4549 τὴν
3595 4480 3786 4534 ἐαυτοῦ

2211 4552 2368 4618 ἀξίαν
2391 4553 2458 4606 τὰ
2489 4557 2552 4608 ἐκ
2581 4556 2716 4610 Θεοῦ
2750 4561 3026 4630 αἰτήματα
3052 4563 3372 4633 αἰτούμενος
3404 4567 3538 4637 (54),
3574 4571 3787 4634 πάντως

2211 4645 2320 4698 τῶν
2346 4645 2487 4716 ὑπὲρ
2523 4648 2710 4701 ἑαυτὸν
2737 4649 2983 4715 τεύξεται
3010 4669 3024 4683 ·
3067 4656 3160 4707 καί⁷
3191 4656 3350 4709 τοῦτο
3380 4658 3622 4730 τελώνης
3653 4680 3788 4732 μαρ-

2204 4740 2362 4806 τυρεῖ
2389 4779 2402 4804 ,
2431 4738 2625 4808 ἄφεσιν
2673 4741 2770 4810 μὲν
2798 4744 3186 4814 αἰτησάμενος,
3215 4749 3566 4820 δικαιοσύνην
3605 4754 3663 4808 δὲ
3703 4773 3788 4808 κο·

2210 4829 2508 4900 μισάμενος
2532 4831 2642 4901 (55)
2669 4847 2685 4864 ⁸
2721 4835 2942 4904 μνήμην
2973 4837 3142 4906 μόνην
3177 4841 3206 4891 6
3238 4841 3439 4912 λῃστὴς
3489 4846 3700 4908 ἐκεῖνος
3735 4849 3787 4898 ἐν

2205 4921 2273 4988 τῇ
2309 4919 2556 4992 βασιλείᾳ
2590 4923 2849 4993 ᾐτήσατο,
2891 4927 2985 4980 καὶ
3007 4927 3127 4981 ὅλον
3155 4929 3247 4983 τὸν
3278 4933 3612 5003 παράδεισον
3640 4937 3785 5006 πρῶ-

2206 5027 2296 5073 τος
2326 5013 2788 5085 ἐκληρονόμησεν·
2821 5019 2934 5072 Οὐκ
2985 5019 3134 5073 ἔστιν
3179 5022 3239 5076 ἐν
3280 5026 3347 5094 τῇ
3382 5026 3560 5079 κτίσει
3596 5028 3785 5099 μικρὸν

2208 5103 2302 5154 καὶ
2340 5102 2482 5172 μέγα
2504 5103 2616 5176 πῦρ
2645 5105 2941 5162 θεάσασθαι
2977 5111 3077 5180 τὴν
3102 5111 3265 5179 φύσιν
3290 5130 3306 5146 ο
3340 5115 3432 5167 καὶ
3454 5117 3557 5170 οὐκ
3593 5119 3710 5171 ἔστι
3733 5121 3784 5170 ἐν

2205 5197 2272 5265 τῇ
2313 5194 2586 5265 ἁνοθεύτῳ
2637 5201 3103 5272 ταπεινοφροσύνῃ
3152 5202 3287 5274 ὕλης
3320 5202 3460 5270 εἶδος
3497 5209 3782 5280 ἑναπομεῖ-

2205 5301 2293 5340 ναι
2321 5285 2382 5339 τὸ
2430 5285 2668 5343 σύνολον.
2701 5291 2849 5354 Ἕως
2893 5287 2953 5347 οὗ
2989 5295 3253 5358 ἑκουσίως
3294 5299 3598 5369 πταίωμεν,
3634 5300 3782 5354 τοῦτο

2207 5377 2265 5428 ἐν
2288 5379 2418 5448 ἡμῖν
2440 5380 2499 5431 οὐ
2533 5381 2796 5452 πρόσεστι
2841 5384 2973 5452 (56),
3007 5387 3100 5439 καὶ
3128 5388 3286 5443 τοῦτο
3312 5390 3373 5442 τὸ
3417 5396 3645 5462 σημεῖον
3691 5393 3780 5458 τῆς

2210 5471 2515 5540 παρουσίας
2547 5474 2734 5529 αὐτοῦ.
2793 5476 3080 5533 Γινώσκων
3109 5481 3138 5532 6
3165 5482 3442 5555 Δεσπότης
3478 5487 3546 5554 τῇ
3589 5484 3777 5551 ἔξωθεν

2207 5563 2451 5635 διαγωγῇ
2477 5567 2976 5638 συσχηματίζεσθαι
2997 5569 3092 5639 τὴν
3118 5572 3215 5642 τῆς
3237 5574 3416 5643 ψυχῆς
3438 5575 3638 5643 ἀρετὴν
3651 5574 3771 5645 (57),

2207 5653 2388 5710 λαϐὼν
2414 5656 2619 5712 λεντίον
2649 5659 2928 5725 ὑπέδειξεν
2958 5663 3092 5734 ἡμῖν
3132 5665 3351 5735 μέθοδον
3377 5666 3497 5719 ὁδοῦ
3524 5663 3775 5720 ταπεινὼ-

489 5827 504 5870 i
597 5759 642 5792 ιι
664 5759 798 5819 Luc,
824 5765 986 5833 1,20.
1062 5771 1106 5802 "
1135 5771 1154 5824 l
1182 5771 1308 5828 Cor.
1351 5789 1422 5840 tv,
1464 5776 1512 5829 4.
1592 5779 1636 5809 ’³
1667 5778 1797 5836 Luc.
1831 5799 1982 5852 xvm,
2041 5786 2106 5842 10
2138 5804 2289 5863 seqq.
