4042 6446
362 319 497 385 1001
516 336 531 346 ’
1432 320 1665 381 SCALA
1693 314 2083 379 PARADISI.
2103 314 2499 376 —GRADUS
2528 316 2702 376 XXV.
3512 316 3653 381 1002

358 443 542 494 σεως·
595 430 708 494 τοίς
756 430 864 499 γὰρ
915 429 1010 484 τοῦ
1068 428 1318 500 σώματος
1376 427 1811 499 ἐπιτηδεύμασιν
1871 424 1954 492 ἐξ-

2057 414 2412 489 (ὶεηι,’ῑιιοιιιε
2453 430 2556 479 est.
2611 421 2731 478 Non
2764 428 2847 476 est
2880 420 2936 475 in
2963 420 3171 475 mundo
3229 419 3417 476 videre
3462 422 3646 494 ignem

355 519 647 592 ομοιοῦται
675 522 708 593 ἡ
730 520 900 592 ψυχὴ,
924 521 1018 575 καὶ
1041 521 1179 591 πρὸς
1208 519 1244 573 ἃ
1270 519 1526 589 πράττει,
1550 518 1836 583 τυποῦται,
1859 516 1951 571 καὶ

2058 526 2250 573 natura
2284 531 2514 588 parvum
2544 527 2599 571 et
2632 529 2890 585 magnum
2918 530 2933 569 :
2975 528 3078 569 nec
3119 513 3173 568 in
3206 514 3517 569 humilitate
3555 531 3650 571 ve-

354 614 501 686 πρὸς
530 611 668 666 αύτὰ
695 613 1117 684 σχηματίζεται.
1157 611 1327 683 Ἀρχὴ
1357 610 1610 680 ἀγγέλων
1652 609 1759 663 τινὶ
1792 607 1950 677 γέγο-

2057 625 2117 664 ra
2144 617 2203 665 et
2225 611 2440 664 sincera
2481 609 2647 663 ullam
2682 607 2901 679 penitus
2931 607 3176 662 materia
3214 607 3457 677 speciem
3515 605 3645 679 ([a]

354 724 453 760 νεν
505 704 956 777 ὑψηλοφροσύνης
988 704 1241 768 ὑπόθεσις
1264 743 1279 767 ,
1307 705 1369 757 οὑ
1402 703 1491 757 διὰ
1527 703 1687 757 τοῦτο
1726 718 1950 772 κομισα-

2059 702 2337 767 vitiorum)
2363 717 2485 772 quae
2530 701 2609 755 illi
2661 699 2924 755 inhaerere
2961 700 3156 770 possit,
3183 696 3351 772 324
3371 707 3457 756 est
3512 701 3655 754 reci-

358 802 516 873 μένῳ
537 800 728 871 αὑτήν.
761 799 974 860 Ἀλλως
1007 798 1036 851 ὁ
1081 798 1176 853 ἐπὶ
1218 797 1434 870 θρόνου,
1470 798 1565 851 ml.
1595 795 1773 860 ἄλλως
1803 796 1832 847 ό
1864 795 1954 848 ἐπὶ

2060 806 2209 863 pere.
2243 790 2501 858 Quandiu
2532 800 2727 861 sponte
2772 805 3068 861 peccamus
3101 799 3158 847 et
3215 790 3487 856 cadimus,
3547 790 3656 847 hoc

353 892 599 964 κοπρίας
638 889 950 963 καθήμενος
981 890 1273 945 διάκειται.
1306 891 1416 944 Καὶ
1460 889 1591 952 ἴσως
1624 887 1714 941 διὰ
1742 885 1899 940 τοῦτο
1930 887 1949 939 ί

2059 884 2115 939 in
2138 884 2297 940 nobis
2345 898 2453 939 non
2486 891 2589 948 est,
2641 882 2695 938 et
2723 883 2830 938 hoc
2857 892 2943 939 est
2985 883 3206 954 signum
3230 883 3538 953 praesentiae
3586 881 3655 936 il-

359 984 543 1055 μέγας
576 986 785 1045 ἐκεῖνος
817 982 1028 1047 δίκαιος
1055 985 1113 1036 ὲν
1141 984 1208 1054 τῇ
1244 981 1449 1054 κοπρίᾳ
1476 980 1580 1045 ἔξω
1613 980 1712 1051 τῆς
1749 977 1955 1041 πόλεως

2060 978 2188 1034 lius.
2242 977 2381 1033 Cum
2414 975 2682 1032 Dominus
2713 985 2903 1033 noster
2931 991 3041 1030 non
3082 975 3362 1047 ignoraret
3405 989 3503 1045 per
3555 989 3655 1029 ex-

354 1075 679 1140 ὲκαθέζετο.
736 1074 869 1128 Τότε
903 1074 1013 1149 γὰρ
1052 1075 1152 1142 τὴν
1198 1074 1412 1129 τελείαν
1453 1071 1950 1145 ταπεινοφροσύνην

2061 1068 2317 1124 teriorem
2342 1067 2591 1139 corporis
2651 1065 2893 1122 habitum
2957 1067 3187 1122 formari
3247 1067 3396 1122 intus
3451 1066 3652 1120 animae

357 1169 734 1239 κτησάμενος,
764 1161 918 1219 εἶπεν
958 1166 1017 1218 ὲν
1044 1164 1295 1235 αἰσθήσει
1339 1164 1519 1236 ψυχῆς
1549 1180 1562 1195 ο
1624 1164 1953 1234 Ἐεραύλισα

2060 1163 2342 1229 virtutem,
2382 1168 2612 1230 accepto
2660 1158 2851 1226 linteo,
2905 1160 3147 1214 ostendit
3200 1158 3361 1215 nobis
3392 1171 3656 1228 compen-

355 1260 633 1331 ἐμαυτὸν
680 1256 783 1313 καὶ
812 1257 1037 1324 anian
1070 1256 1181 1329 (58)
1207 1274 1221 1287 ο
1256 1258 1473 1328 ἥγημαι
1500 1257 1557 1310 δὲ
1591 1256 1827 1325 ἐμαυτὸν
1855 1254 1951 1325 γῆν

2061 1254 2274 1311 diosam
2319 1254 2461 1311 viam
2508 1257 2576 1308 ad
2599 1252 2988 1308 humilitatem.
3008 1250 3329 1306 Actionibus
3355 1250 3501 1305 enim
3528 1266 3657 1306 cor-

358 1353 466 1407 καὶ
495 1351 714 1408 σποδόν.
753 1350 1011 1421 Εὑρίσκω
1046 1351 1351 1422 Μανασσῆν
1384 1351 1593 1403 ἐκεῖνον
1651 1351 1708 1400 ὲν
1744 1345 1954 1416 ἀνθρὼ-

2064 1348 2215 1419 poris
2245 1346 2519 1402 formatur
2548 1345 2754 1411 anima,
2781 1353 2836 1401 et
2881 1345 2948 1400 ad
2979 1359 3044 1400 ea
3074 1359 3198 1414 quae
3226 1343 3337 1415 agit
3375 1342 3660 1413 componi-

359 1462 495 1508 ποις
519 1446 594 1508 ὡς
633 1443 804 1496 οὐδέν’
845 1442 1036 1509 ἓτερον
1079 1441 1174 1514 [aL
1207 1439 1400 1494 οὐδένα
1437 1438 1667 1511 τούτων]
1714 1439 1955 1509 ἁμαρτή-

2065 1450 2155 1495 tur
2208 1437 2523 1513 [etiigiatur]
2583 1446 2640 1494 et
2695 1438 2985 1509 ﬁguratur.
3037 1435 3384 1505 Principatus
3453 1450 3660 1491 nonne-

366 1551 571 1599 σαντα,
607 1533 703 1587 καὶ
739 1532 831 1586 τὸν
865 1533 994 1585 ναὸν
1029 1533 1124 1584 τοῦ
1157 1529 1295 1584 Θεοῦ
1331 1533 1388 1583 ὲν
1420 1530 1682 1593 εἰδώλοις,
1721 1530 1816 1582 καὶ
1859 1529 1962 1581 πᾶ-

2065 1536 2201 1591 mini
2248 1536 2570 1607 angelorum
2613 1532 2716 1589 fuit
2747 1532 2967 1590 occasio
3032 1540 3089 1588 et
3143 1545 3311 1587 causa
3372 1530 3660 1600 superbiae,

365 1643 471 1679 σαν
498 1625 596 1695 τὴν
635 1624 932 1695 θρησκείαν
970 1622 1272 1694 μολύναντα
1292 1640 1305 1654 ·
1332 1623 1472 1695 ὑπὲρ
1503 1616 1561 1677 οὗ
1593 1620 1639 1674 εί
1666 1623 1776 1685 πᾶς
1804 1624 1831 1674 ὁ
1866 1620 1961 1674 κό-

2066 1644 2228 1700 quem
2268 1636 2451 1684 tamen
2478 1642 2588 1683 non
2620 1635 2909 1698 acceperat
2937 1633 2996 1680 ut
3025 1622 3548 1695 superbiretaAliter
3568 1622 3661 1693 qui

368 1731 512 1785 σμος
564 1713 948 1782 νενήστευκεν,
1009 1711 1163 1765 οὐδὲν
1212 1711 1280 1767 ἂν
1328 1711 1480 1777 ἄξιον
1528 1712 1964 1780 ἀντεισενεγκεῑν

2068 1721 2124 1775 in
2164 1720 2327 1786 solio,
2378 1721 2540 1776 aliter
2566 1720 2660 1791 qui
2696 1720 2751 1774 in
2791 1717 3138 1789 sterquilinio
3193 1715 3375 1784 sedit,
3441 1730 3664 1786 compa-

366 1805 623 1874 ἠδύνατο,
659 1803 773 1857 ἀλλ’
795 1803 1020 1873 ἴσχυσεν
1047 1805 1080 1873 ἡ
1109 1804 1439 1867 ταπείνωσις
1470 1802 1667 1857 ἀνίατα
1710 1802 1962 1858 ἰάσασθαι

2073 1826 2227 1873 ratus
2260 1823 2364 1872 est.
2407 1815 2476 1870 Et
2512 1817 2753 1871 fortasse
2778 1816 2969 1886 justus
3033 1813 3126 1869 ille
3184 1821 3239 1869 et
3291 1825 3526 1884 magnus
3580 1810 3665 1865 vir

367 1898 430 1949 ὲν
458 1893 607 1966 αὺτῷ
631 1915 646 1928 ο
671 1894 798 1947 Ὅτι
819 1896 873 1947 ει
901 1893 1212 1962 ἠθέλησας
1238 1894 1464 1948 θυσίαν
1484 1893 1622 1963 (59),
1644 1893 1841 1948 ἔδωκα
1865 1892 1963 1961 ἂν,

2067 1906 2278 1979 (Jobus)
2308 1918 2597 1978 propterea
2651 1909 2708 1962 in
2773 1906 3120 1977 sterquilinio
3173 1914 3326 1962 extra
3387 1904 3663 1960 civitatem

371 1987 457 2058 τῷ
503 1985 644 2057 Θεῷ,
695 1984 863 2057 φησὶν
897 1987 926 2039 ὁ
970 1983 1153 2050 Δαυῖδ,
1208 1983 1696 2054 ὁλοκαυτώματα,
1738 1984 1966 2054 σώματα

2068 2002 2225 2058 sedit.
2264 2000 2420 2057 Tunc
2455 2002 2602 2057 enim
2641 1997 2947 2071 perfectam
2987 2009 3319 2055 consecutus
3382 1995 3664 2052 humilita-

378 2078 474 2130 διὰ
499 2078 767 2147 νηστείας,
802 2078 919 2131 οὐκ
944 2075 1323 2146 εὐδοκήσειςο
1359 2078 1553 2132 Θυσία
1578 2074 1660 2142 τῷ
1689 2074 1833 2142 Θεῷ.
1872 2076 1968 2129 καὶ
2068 2104 2200 2162 lem,
2239 2112 2304 2152 ex
2362 2105 2475 2152 toto
2533 2096 2716 2153 cordis
2754 2095 2954 2151 affectu
3019 2093 3201 2149 dixit:
3266 2091 3533 2163 Viiipendi
3580 2106 3666 2145 me

380 2170 449 2222 τὸ
486 2169 603 2238 ἑξῆς
640 2169 903 2239 ,νενόηται
954 2171 1142 2225 πᾶσιν.
1234 2170 1582 2244 Ἠμάρτηκα
1626 2169 1708 2235 τῷ
1744 2170 1963 2238 Κυρίῳ,

2066 2190 2239 2259 ipsum
2267 2196 2316 2243 et
2340 2187 2588 2243 contabui
2627 2189 2718 2255 “;
2759 2188 3007 2258 reputavi
3044 2201 3135 2241 me
3173 2195 3377 2241 terram
3407 2195 3463 2239 et
3499 2183 3660 2239 cine-

380 2263 514 2315 ποτὲ
539 2263 568 2332 ή
600 2262 845 2332 μακαρία
864 2263 1195 2326 ταπείνωσις
1221 2264 1359 2335 πρὸς
1384 2263 1517 2316 Θεὸν
1539 2263 1681 2332 ὑπὲρ
1715 2262 1966 2334 μοιχείας

2074 2297 2218 2337 rem.
2259 2281 2654 2337 Animadverte
2689 2279 2980 2336 Manassen
3019 2279 3174 2339 illum
3239 2293 3307 2335 ex
3345 2275 3668 2332 hominibus

373 2363 474 2415 καὶ
506 2364 667 2432 φόνου
698 2365 894 2435 ἐϐόησε
914 2407 930 2432 ,
963 2367 1056 2420 καὶ
1087 2365 1283 2421 θᾶττον
1316 2367 1520 2439 ἤκουσε
1545 2382 1558 2397 °
1593 2367 1812 2435 Κύριος
1849 2365 1963 2436 ἁφ-

2077 2376 2297 2445 gravius
2321 2390 2484 2446 quam
2512 2374 2723 2429 nullum
2762 2374 2929 2429 alium
2969 2386 3250 2444 peccasse,
3295 2371 3667 2441 templumque

367 2460 502 2518 εἷλε
532 2464 597 2518 τὸ
626 2465 944 2535 ἁμάρτημά
975 2481 1111 2521 σου.

2082 2467 2177 2522 Dei
2218 2468 2378 2523 idolis
2414 2476 2470 2523 et
2530 2482 2753 2523 omnem
2819 2468 3030 2523 cultum
3094 2465 3343 2522 divinum
3379 2463 3663 2534 polluisse,

372 2569 477 2622 pro
514 2568 624 2626 quo
665 2557 711 2609 si
748 2565 896 2613 totus
944 2558 1187 2611 mundus
1255 2571 1315 2613 se
1372 2556 1602 2628 jejuniis
1664 2556 1968 2624 amisisset,
2012 2576 2122 2615 non
2163 2560 2437 2632 potuisset
2502 2560 2803 2630 quidquam
2880 2560 3107 2631 dignum
3148 2557 3357 2614 rel‘ene
3396 2556 3523 2630 [pro
3573 2553 3671 2608 illo

370 2654 437 2699 ut
477 2660 576 2714 par
611 2656 733 2700 erat
769 2643 1138 2719 satisfacere].
1183 2646 1291 2703 Sed
1334 2649 1515 2719 potuit
1565 2647 1849 2706 humilitas
1909 2649 2199 2722 desperata
2236 2659 2293 2706 et
2329 2651 2757 2708 immedicabilis
2796 2650 2904 2708 illis
2949 2651 3178 2707 vulnera
3245 2663 3462 2706 curare.
3527 2639 3669 2707 Qun-

367 2739 523 2793 niant
551 2741 598 2793 si
628 2738 881 2794 voluisses
922 2740 1274 2809 sacriﬁcium,
1304 2740 1565 2795 dedissem
1598 2742 1803 2812 utique,
1840 2742 1973 2810 Deo,
2015 2743 2211 2814 inquit,
2242 2741 2415 2798 David
2461 2760 2475 2797 :
2517 2742 2865 2811 holocaustis,
2903 2756 3002 2799 seu
3042 2740 3290 2813 ieiuniis,
3328 2737 3669 2810 quibusom-

368 2848 509 2902 pora
547 2842 892 2902 torquentur,
939 2849 1045 2887 non
1081 2835 1445 2913 delectaberis.
1512 2835 1852 2907 Sacriﬁcium
1886 2836 1996 2892 Deo
2035 2838 2103 2906 ³⁸,
2152 2847 2208 2894 et
2248 2853 2372 2909 quae
2403 2848 2734 2909 sequuntur,
2770 2837 3026 2894 omnibus
3059 2842 3221 2891 uota.
3255 2830 3478 2888 Peccavi
3534 2826 3654 2885 Do.

372 2927 540 2992 mino,
582 2927 740 2981 beata
779 2927 910 2981 olim
942 2927 1232 2984 humilitas
1292 2930 1366 2986 ob
1404 2931 1734 2988 adulterium
1776 2940 1833 2988 et
1900 2932 2104 2990 caedem
2173 2933 2549 2999 commissam,
2625 2933 2698 2988 ad
2767 2931 2943 2988 Deum
2997 2928 3303 2995 clamavit;
3359 2936 3420 2984 et
3480 2922 3666 2983 statim

369 3022 585 3075 audivit
618 3035 633 3073 :
675 3020 837 3091 323
866 3020 1120 3076 Dominus
1154 3023 1374 3078 abstulit
1412 3036 1690 3095 peccatum
1724 3035 1872 3080 tuum
1903 3026 1972 3082 “.

458 3112 609 3166 Ὀδὸν
636 3114 735 3183 μὲν
767 3113 974 3182 ταύτης
1023 3114 1119 3167 καί⁵
1160 3116 1421 3171 ὑπόθεσιν
1454 3119 1583 3184 τοὺς
1615 3120 1965 3192 σωματικοὺς

2147 3120 2300 3176 Viam
2334 3119 2556 3193 quidem
2596 3118 2666 3175 ad
2721 3120 2864 3174 hanc
2901 3115 3317 3187 (humilitatem)
3377 3123 3436 3173 et
3468 3112 3670 3170 funda-

371 3207 582 3270 κόπους
614 3208 666 3259 οἱ
694 3207 1017 3278 ἀείμνηστοι
1046 3208 1320 3279 ὡρίσαντο
1348 3210 1596 3283 Πατέρες
1614 3227 1628 3243 ο
1657 3211 1770 3281 ἐγὼ
1794 3211 1852 3265 δὲ
1879 3212 1967 3266 λέ-

2071 3224 2315 3272 mentum
2341 3215 2531 3270 Patres
2553 3226 2769 3283 semper
2790 3211 3144 3283 praedicandi,
3168 3209 3386 3266 labores
3413 3217 3468 3265 et
3504 3222 3667 3265 uer-

369 3316 458 3367 τω
486 3298 738 3370 ὑπακοὴν
778 3298 872 3353 καὶ
901 3298 1176 3369 εὐθύτητα
1212 3300 1464 3371 καρδίας,
1496 3302 1551 3355 αἳ
1584 3304 1680 3357 καὶ
1711 3302 1965 3372 φυσικῶς

2074 3308 2360 3364 citationes
2428 3306 2677 3378 corporis
2745 3305 3143 3360 aﬂirmarunt:
3183 3317 3287 3375 ego
3348 3315 3483 3357 vero
3537 3301 3670 3356 obe-

348 3393 440 3459 ·τῇ
474 3390 654 3460 οίήσει
682 3389 1017 3443 ἀντίκεινται
1043 3403 1056 3415 ’
1085 3390 1134 3442 σί
1164 3390 1224 3457 ἐξ
1247 3391 1499 3460 ἀγγέλων
1526 3391 1787 3462 δαίμονάς
1812 3409 1944 3446 τινας

2076 3399 2342 3457 dientiam
2395 3406 2451 3453 et
2511 3412 2704 3454 verum
2745 3398 3137 3467 sincerumque
3171 3403 3228 3451 et
3267 3403 3475 3451 rectum
3545 3407 3663 3460 cor,

370 3479 516 3551 αὕτη
565 3481 840 3551 πεποίηκε
876 3480 1022 3553 (40),
1058 3481 1280 3547 πάντως
1317 3484 1499 3555 εκείνη
1539 3486 1633 3539 καὶ
1677 3487 1743 3538 ὲκ
1774 3485 1966 3557 δαιμό-

2072 3493 2221 3564 quod
2260 3503 2458 3550 natura
2497 3491 2664 3547 etiam
2703 3505 2807 3547 sua
2873 3497 3144 3561 repugnat
3203 3486 3459 3559 superbae
3512 3487 3665 3543 aestio

372 3591 486 3629 νων
504 3546 784 3643 ἀγγέλους
807 3546 1030 3643 ποιῆσαι
1058 3546 1283 3627 δύναται
1309 3575 1422 3646 (ﬂ)
1449 3591 1463 3606 ·
1486 3546 1568 3631 διὸ
1618 3577 1670 3630 oi
1711 3546 1968 3641 πεσόντες

2074 3546 2305 3641 mationi
2344 3592 2550 3640 rectam
2586 3582 2659 3639 ad
2686 3546 3050 3639 humilitatem
3093 3579 3239 3635 viam
3272 3546 3400 3636 esse
3449 3578 3663 3650 judico.

371 3668 778 3739 θαρσείτωσαν.
823 3665 1162 3737 Σπεύσωμεν
1196 3667 1345 3739 πάσῃ
1392 3667 1666 3739 δυνάμει,
1722 3668 1818 3721 ἐπὶ
1869 3667 1967 3741 τὴν

2074 3675 2134 3732 Si
2168 3679 2429 3748 superbia
2467 3693 2535 3734 ex
2567 3677 2783 3749 angelis
2822 3676 3104 3732 daemones
3142 3672 3412 3744 quosdam
3474 3670 3666 3737 elicit,

370 3762 582 3831 ταύτης
627 3757 876 3830 κορυφὴν
900 3757 1194 3828 ἀναϐῆναι.
1228 3760 1292 3813 Et
1319 3759 1377 3813 δὲ
1420 3758 1516 3830 μὴ,
1552 3761 1657 3813 κᾶν
1690 3758 1966 3830 ὲποχηθῆ-

2072 3769 2218 3826 haud
2256 3770 2423 3826 dubie
2460 3770 2746 3827 humilitas
2798 3768 2969 3825 etiam
3029 3780 3099 3822 ex
3155 3763 3503 3822 daemonibus
3566 3778 3668 3818 an-

373 3870 471 3910 ναι
511 3854 626 3915 τοῖς
659 3849 850 3921 ὤμοις.
896 3849 959 3902 Ei
1000 3849 1058 3902 δέ
1100 3867 1154 3902 τι
1192 3848 1516 3921 emacem,
1551 3851 1662 3904 τῶν
1711 3850 1969 3920 ἀγκαλῶν

2071 3863 2221 3935 gelos
2258 3862 2438 3919 facere
2476 3863 2703 3934 poterit.
2760 3860 2915 3916 Bono
2979 3872 3112 3929 ergo
3166 3857 3358 3914 animo
3415 3856 3530 3911 sint
3566 3855 3665 3926 qui

380 3942 516 4012 γοῦν
541 3941 706 4013 αὐτῆς
752 3941 827 4012 μὴ
870 3942 1238 4012 ἀποπέσωμεν
1278 3957 1292 3973 ο
1337 3944 1367 3997 ὁ
1393 3941 1503 4012 γάρ
1531 3941 1743 3996 ἐκεῖθεν
1771 3942 1971 4031 ἀποίπί-

2071 3962 2391 4024 peccarunt.
2431 3952 2820 4023 Properemus,
2859 3961 2917 4007 et
2953 3951 3083 4005 totis
3133 3948 3346 4004 viribus
3419 3946 3667 4002 decerte-

378 4055 564 4105 πτων,
586 4041 843 4115 θαυμάζω
864 4048 911 4099 εἰ
936 4045 1278 4111 ὲπιτεύξεταί
1301 4062 1449 4107 τινος
1479 4043 1698 4098 αἰωνίου
1721 4043 1930 4115 δωρεᾶς
1953 4056 1968 4074 '

2072 4063 2218 4113 mus,
2259 4055 2320 4102 ut
2350 4048 2406 4101 in
2446 4047 2614 4116 hujus
2641 4045 2903 4101 verticem
2924 4043 3246 4100 evadamus.
3278 4039 3439 4107 Quod
3478 4040 3665 4095 sinon

378 4131 555 4204 νεῦρα
579 4137 772 4209 ταύτης
809 4139 906 4191 καὶ
942 4138 1072 4200 ὁδοὶ,
1113 4137 1174 4190 οὐ
1209 4137 1391 4207 μέντοι
1422 4136 1518 4188 καὶ
1558 4133 1805 4206 σύμϐολα
1829 4133 1967 4206 (42),

2070 4153 2388 4208 possumus,
2429 4137 2622 4193 saltem
2649 4135 2896 4192 humeris
2934 4133 3085 4191 illius
3121 4131 3280 4190 evehi
3321 4130 3663 4190 studeamus.

375 4224 760 4299 ἀκτημοσύνη,
810 4227 1086 4294 ξενιτεία,
1140 4224 1353 4296 ἀφανὴς
1402 4226 1596 4296 σοφίας
1650 4224 1967 4298 (ἵππω)φῶ

2069 4228 2179 4283 Aut
2212 4228 2258 4282 si
2292 4227 2580 4283 deﬁcimus
2629 4232 2684 4282 et
2717 4223 3155 4288 succumbimus,
3213 4235 3509 4279 caveamus
3578 4228 3664 4275 ta-

372 4318 634 4389 προφορά
684 4321 988 4386 ἀποίκιλος,
1036 4318 1408 4393 ὲλεημοσύνης
1457 4319 1725 4391 ζήτησις,
1767 4318 1968 4390 κρύψις

2071 4336 2200 4376 men
2234 4335 2304 4376 ne
2337 4319 2481 4375 ulnis
2518 4320 2667 4375 illius
2698 4318 3042 4374 excidamus.
3073 4315 3183 4384 Qui
3218 4315 3365 4373 enim
3397 4313 3529 4370 inde
3563 4327 3665 4369 ex-

369 4409 684 4477 εὐγενείας,
724 4412 1037 4484 παρρησίας
1061 4413 1374 4486 ἐξορισμδς,
1402 4410 1731 4479 πολυλογίας
1750 4428 1965 4484 μακρυ-

2072 4410 2293 4479 ciderit,
2335 4409 2583 4469 mirabor
2620 4411 2668 4466 si
2700 4409 2833 4481 quid
2896 4408 3147 4467 muneris
3206 4404 3399 4464 aeterni
3454 4418 3667 4463 scenae-

372 4499 521 4565 σμός
543 4515 556 4528 ·
606 4500 761 4555 οὐδὲν
790 4503 900 4574 γὰρ
943 4501 1117 4565 οὕτως
1149 4503 1228 4567 ὡς
1273 4502 1465 4572 πτωχὴ
1508 4502 1845 4566 κατάστασις
1874 4502 1968 4556 καὶ

2072 4513 2296 4576 quatur.
2321 4502 2487 4560 Nervi
2525 4502 2693 4571 hujus
2740 4510 2871 4558 sunt
2907 4508 2965 4556 et
3016 4499 3142 4566 vite,
3209 4512 3321 4557 non
3361 4497 3520 4568 signa
3582 4505 3666 4552 ta-

372 4591 697 4661 προσαιτῶν
731 4594 914 4648 δίαιτα
947 4596 1085 4667 (45),
1113 4595 1293 4665 ψυχὴν
1317 4595 1655 4649 ταπεινῶσαι
1683 4595 1968 4667 δεδύνηται

2072 4613 2222 4663 men,
2278 4606 2573 4668 paupertas
2627 4594 2865 4661 occulta,
2916 4592 3312 4664 peregrinatio,
3378 4591 3667 4662 sapientia

373 4683 629 4738 πώποτε·
668 4687 791 4739 τότε
818 4687 954 4758 γὰρ,
988 4687 1112 4741 τότε
1147 4690 1428 4758 φιλόσοφοι
1460 4691 1555 4743 καὶ
1590 4688 1827 4758 φιλόθεοι
1860 4688 1969 4742 δει-

2074 4689 2391 4756 occultatio,
2428 4703 2615 4749 sermo
2654 4700 2765 4743 non
2801 4683 2976 4750 vafer,
3016 4684 3112 4741 sed
3164 4684 3454 4751 sincerus,
3530 4685 3670 4741 elec-

371 4775 651 4846 κνύμεθα,
687 4779 776 4832 ὅτε
818 4780 1108 4851 δυνάμενοι
1142 4781 1412 4851 ὑψοῦσθαι
1448 4782 1509 4835 τὸ
1539 4781 1674 4852 ὕψος
1723 4782 1967 4851 ἀποφεύ-

2112 4796 2303 4855 tosyna
2340 4782 2590 4853 quaesita,
2630 4779 2939 4836 nobilitatis
2972 4777 3371 4843 dissimulatio,
3437 4776 3671 4832 audacis
3704 4842 3708 4855 ί

367 4884 552 4937 γομεν
599 4866 1052 4942 ἀνεπιστρόφως·
1104 4873 1152 4925 εἰ
1199 4871 1409 4945 ὁπλίζῃ
1447 4873 1580 4928 ποτὲ
1632 4875 1776 4931 κατά
1821 4891 1963 4938 τινος

371 4960 590 5005 πάθους
621 4960 713 5005 ’παῦ
753 4963 867 5005 ῆῖηυ
908 4963 1104 5005 δῆπῆεσ
1166 4965 1372 5005 cnt'mnu
1404 4967 1694 5005 minuam-su
1729 4967 1963 5005 ὶιπίηπη-

2117 4852 2418 4927 oniidentiae
2455 4870 2741 4941 relegatio,
2804 4866 3156 4938 loquacitatis
3215 4864 3473 4923 remotio.
3522 4852 3713 5005 Nihil!I

2117 4966 2275 5005 “inm
2313 4966 2452 5005 mlan
2489 4964 2726 5005 aniQO
2761 4962 3022 5005 humilem
3072 4959 3277 5005 reddit-
3318 4956 3512 5005 ‘nuam
3554 4965 3667 5005 sta-

371 4960 590 5024 πάθους
621 4960 713 5014 τοῦ
753 4963 867 5015 οἵου
908 4963 1128 5035 δήποτε,
1166 4965 1372 5037 ταύτην
1404 4967 1694 5039 σύμμαχον
1728 4967 1967 5021 ὲπίσπα·

2074 4966 2275 5036 quippe
2313 4966 2452 5021 adeo
2488 4964 2727 5019 animam
2759 4962 3026 5019 humilem
3072 4959 3278 5026 reddit,
3318 4956 3512 5029 ‘quam
3554 4965 3666 5011 sta-

375 5067 473 5103 σαι
506 5066 519 5079 ·
548 5052 683 5105 Ἐπὶ
726 5052 960 5108 ἀσπίδα
988 5055 1097 5126 γὰρ
1128 5055 1232 5109 καὶ
1260 5056 1644 5120 ,βασιλίσκον
1682 5055 1967 5124 eximios-

2078 5070 2166 5114 tus
2206 5058 2416 5113 ultima:
2454 5054 2794 5128 paupertatis
2817 5063 2872 5111 et
2893 5053 3072 5109 victus
3087 5051 3487 5109 emendicatas.
3512 5046 3665 5101 Tunc

453 5208 504 5240 ”'
543 5206 649 5264 Job
680 5225 814 5275 xm,
836 5209 870 5264 6
893 5225 960 5266 ex
998 5210 1352 5284 LXX;Vulg.
1395 5211 1735 5283 Repreheudo
1768 5215 1971 5285 meipsu

379 5279 474 5335 18.
551 5281 597 5312 ⁸⁸
628 5278 675 5334 ll
706 5279 839 5351 Reg.
883 5282 1094 5346 111,15.

2066 5224 2104 5270 ιι
2140 5232 2241 5287 ago
2267 5214 2638 5285 penitentiam
2681 5212 2742 5266 in
2775 5208 2965 5281 [cuius
2998 5217 3048 5263 at
3093 5207 3290 5263 cinere.
3365 5164 3411 5236 ’ί
3437 5201 3582 5258 Psal.
3609 5219 3662 5266 ι..

453 5388 535 5463 (a)
566 5389 725 5466 Hunc
764 5393 944 5448 locum
968 5402 1140 5466 totum
1165 5391 1826 5466 omisit'Camaldulensis.
1860 5392 1975 5446 An-
2074 5409 2140 5449 ac
2169 5396 2425 5466 magnus)
2457 5408 2691 5465 magnus
2718 5404 2903 5451 autem
2925 5403 2981 5466 et
3007 5402 3212 5466 partus
3224 5392 3284 5449 llt
3303 5403 3384 5466 ea
3405 5387 3665 5466 mmet“.

373 5457 647 5536 tiquiores
675 5464 1004 5536 interpretes
1043 5465 1267 5536 habent,
1296 5464 1448 5536 sicut
1479 5471 1535 5517 et
1572 5463 1757 5517 omnia
1790 5477 1976 5518 exem-
2075 5466 2150 5520 ita
2184 5466 2238 5519 in
2262 5457 2485 5536 sincera
2509 5457 2578 5521 εἴ
2586 5481 2697 5522 non
2732 5466 2922 5536 spuria
2944 5457 3255 5536 humilitate
3273 5460 3424 5517 nulla
3439 5457 3667 5514 omnino

379 5533 557 5602 plaria
581 5543 771 5588 nostra
800 5533 1011 5589 Graeca.
1050 5533 1255 5589 Sensus
1298 5533 1693 5605 perobscurus‘
1719 5544 1826 5605 est,
1874 5548 1976 5588 nec
2078 5536 2289 5605 species
2307 5546 2363 5592 et
2391 5535 2571 5591 forma
2604 5533 2869 5600 materiae,
2902 5534 3160 5590 vitiorum
3198 5546 3415 5605 nempe.
3446 5543 3665 5605 Ρεηηεξ·

379 5601 723 5679 comparatio
756 5605 1060 5679 satisuapta
1082 5601 1321 5679 videtur.
1350 5604 1433 5679 An
1458 5603 1565 5679 hoc
1603 5602 1722 5657 vult
1759 5602 1974 5670 dicere,
2076 5601 2208 5679 nere
2230 5606 2342 5662 ullo
2366 5606 2531 5679 modo
2572 5614 2775 5679 potest.
2796 5605 3114 5679 jlumilitas
3141 5604 3293 5679 enim
3323 5612 3545 5679 omne"!
3587 5601 3665 5656 νε.

382 5669 542 5726 Sicut
565 5673 831 5729 in-creata
861 5669 1044 5746 aliqua
1072 5688 1135 5730 re
1161 5675 1346 5748 nullus
1371 5674 1513 5744 ignis
1538 5682 1733 5748 natura
1767 5688 1865 5748 sua
1894 5669 1979 5748 est
2077 5678 2280 5748 tiorun:
2305 5669 2593 5735 materiam
2615 5676 2882 5745 excludit,
2907 5676 2989 5734 vel
3013 5690 3112 5748 per
3140 5674 3469 5732 charitatem
3496 5669 3659 5726 absu-

382 5756 620 5813 magnus
638 5755 694 5801 et
721 5758 927 5814 parvus
954 5743 1132 5817 (aeque
1149 5743 1294 5800 enim
1331 5743 1536 5814 parvus
1561 5744 1705 5816 ignis
1733 5752 1818 5802 est
1834 5744 1978 5815 ignis
2078 5747 2218 5803 mit?

699 5852 973 5918 Panos.
1006 5853 1124 5917 Gn.
1158 5852 1550 5919 LXXXVIII

2256 5951 2269 5954 -
2474 5944 2519 5955 -.ν
2552 5946 2557 5951 τ
2589 5939 2611 5953 ,ι
