4042 6466
369 342 509 408 1005
1327 338 1560 399 SCALA
1595 336 1983 398 PARADISI.
2009 359 2078 374 -ο
2108 336 2420 399 GRADUS
2442 339 2617 401 XXV.
3515 341 3650 407 10οὖ

859 456 1122 524 Σχόλιον
1161 451 1371 507 Ἰσαὰκ
1405 457 1480 516 ς’.
1988 456 2038 511 Α

1405 457 1480 516 ς’.
1988 456 2038 511 Α
2718 448 2899 505 Isaaci
2936 450 2986 506 6.

450 547 838 618 ’Υπερηφανία
870 547 1041 611 ἐστὶν,
1085 545 1207 616 οὐχὶ
1243 545 1333 597 ὅτε
1378 539 1612 613 περάζει
1646 540 1705 592 ὲν
1744 541 1810 609 τῇ
1845 539 1961 591 δια-

2141 541 2408 615 Superbia
2438 553 2540 608 est,
2560 558 2673 599 non
2696 544 2919 615 quando
2942 542 3205 615 cogitatio
3227 541 3374 599 illius
3396 544 3449 597 in
3476 556 3654 600 meme

369 642 490 714 νοίᾳ
518 644 549 696 ὁ
576 640 837 711 λογισμὸς
859 639 1053 710 αὐτῆς,
1084 639 1208 692 οὐδὲ
1251 638 1348 691 ἐὰν
1378 633 1603 689 νικᾶται
1646 649 1729 695 τις
1760 632 1820 697 ἐξ
1860 634 1961 686 αὒ-

2067 638 2362 704 pcrtransit
2393 654 2407 705 ;
2441 652 2618 708 neque
2653 637 2876 708 quando
2903 636 3029 706 quis
3058 637 3128 692 ab
3160 636 3250 691 illa
3278 645 3501 708 repente
3528 637 3654 691 data

366 736 472 808 τῆς
497 733 643 789 κατά
669 734 900 805 καιρόνο
947 732 1064 786 ἀλλ’
1093 731 1274 801 ἐκείνη
1321 731 1359 800 ἠ
1404 728 1738 799 διαμένουσα
1786 727 1845 779 ὲν
1887 724 1962 808 τῷ

2067 729 2248 799 aliqua
2290 732 2605 797 occasione,
2636 731 2893 786 vincitur.
2930 729 3036 785 Sed
3071 731 3161 785 illa
3199 746 3321 800 quae
3373 739 3560 785 manet
3604 741 3658 785 et

367 806 670 891 ἀνθρώπῳ.
737 815 966 887 Ἐκείνῳ
1027 816 1129 886 μὲν
1174 813 1252 884 τῷ
1315 811 1519 885 πρώτῳ
1571 813 1606 881 ἡ
1667 806 1963 872 κατάνυξις

2067 822 2235 879 haeret
2266 823 2320 877 in
2354 824 2597 879 homine.
2631 823 2786 880 Illum
2819 824 3060 896 primum
3091 823 3204 894 (qui
3241 823 3445 895 cogitat
3468 823 3535 879 de
3567 840 3659 879 su-

367 911 702 968 ἀκολουθεῖ·
740 902 893 975 οὗτος
929 910 985 965 δὲ
1023 913 1051 964 ὁ
1079 910 1372 980 ἀγαπήσας
1398 907 1567 978 αὐτὴν
1593 906 1693 960 οὐκ
1725 900 1835 958 οἶδε
1869 919 1963 957 κα-

2066 911 2276 982 perbia,
2333 923 2429 968 aut
2479 924 2701 985 repente
2763 915 3016 970 obruitur
3052 914 3166 986 illa)
3198 915 3453 986 sequitur
3500 915 3658 970 dolor

367 1005 618 1070 τάνυξιν.
2068 1006 2236 1060 animi
2270 1020 2362 1060 seu
2394 1007 2775 1075 cmnpunctio;
2823 1007 2926 1062 iste
2951 1008 3088 1063 alter
3116 1008 3211 1078 qui
3260 1016 3407 1061 amat
3465 1022 3660 1077 super-

2068 1096 2236 1161 biam,
2271 1112 2379 1151 non
2416 1099 2567 1152 novit
2596 1100 3095 1168 compunetionem.

982 1180 1244 1248 Σχόλιον
1297 1178 1363 1242 ζ’.
2451 1190 2454 1193 '

2451 1190 2454 1193 ’
2699 1189 2948 1244 Scholion
2977 1189 3027 1244 7.

460 1274 715 1345 ’Υψηλῶν
748 1275 919 1346 ἀρετῇ
949 1273 1042 1327 καὶ
1073 1268 1537 1342 κατορθωμάτων.

2140 1279 2263 1335 Alta
2317 1289 2370 1335 et
2420 1281 2683 1351 praeclara
2724 1281 2866 1334 facta
2917 1281 2984 1334 de
3020 1281 3222 1337 virtute
3252 1281 3662 1352 (inenarrabilia

2076 1368 2315 1442 [ἄρρητα
2346 1370 2564 1444 nempe]
2600 1387 2694 1428 seu
2718 1387 2918 1426 arcana
2948 1371 3081 1444 [b]).

987 1448 1250 1517 Σχόλιον
1281 1444 1352 1514 η’.

2702 1463 2953 1519 Scholion
2984 1465 3037 1520 8.

461 1546 744 1617 Ἀχρηστα
774 1543 868 1597 καὶ
897 1541 1113 1611 χυδαῖα,
1155 1540 1248 1593 καὶ
1286 1539 1515 1609 μάταια.

1286 1539 1515 1609 μάταια·
2144 1549 2385 1619 lnutilia,
2418 1538 2670 1619 confusa,
2699 1568 2861 1607 vana.

995 1632 1254 1700 Σχόλιον
1304 1630 1369 1683 θ’.

2699 1640 2950 1697 Scholion
2982 1644 3034 1699 9.

481 1731 554 1792 Ως
575 1730 609 1799 ἡ
640 1726 771 1795 ἁγία
794 1724 966 1795 Τριὰς
996 1722 1106 1777 τῶν
1131 1720 1488 1776 ὐποστάσεων
1516 1720 1575 1771 ἐν
1620 1719 1723 1790 μιᾷ
1758 1718 1876 1770 ἐστι
1905 1720 1972 1788 τῇ

2146 1732 2622 1800 Quemadmodum
2644 1747 2831 1790 sancta
2848 1735 3091 1792 Trinitas
3113 1737 3276 1791 trium
3304 1749 3666 1807 personarum

374 1824 632 1890 Θεότητι,
661 1820 756 1874 καὶ
789 1819 887 1889 μία
913 1815 1117 1887 Θεό-της
1141 1817 1198 1869 ἐν
1225 1817 1347 1870 ταῖς
1367 1814 1549 1884 τρισὶν
1580 1811 1968 1874 ὑποστάσεσιν,

2077 1825 2130 1878 in
2163 1840 2270 1879 una
2302 1838 2385 1879 εει
2416 1824 2646 1889 Deitate,
2669 1834 2723 1880 et
2755 1841 2861 1879 una
2897 1824 3082 1881 Deitas
3110 1827 3164 1880 in
3197 1828 3373 1882 tribus
3393 1828 3665 1897 personis,

375 1916 557 1979 οὕτως
586 1912 683 1966 καὶ
717 1914 750 1982 ἡ
800 1910 1080 1981 μετάνοια,
1115 1908 1210 1961 καὶ
1244 1907 1306 1960 τὸ
1338 1905 1556 1971 πένθος,
1593 1904 1686 1957 καὶ
1714 1906 1748 1974 ἡ
1780 1901 1971 1954 ταπεί-

2079 1915 2151 1971 ita
2182 1916 2505 1986 poenitentia
2532 1925 2587 1971 et
2620 1917 2824 1984 luctus,
2876 1926 2931 1972 et
2987 1917 3269 1974 humilitas
3301 1919 3442 1974 inter
3471 1933 3531 1974 se
3579 1933 3671 1974 co-

301 2050 313 2058 .
384 2027 549 2072 vum;
572 2005 809 2077 συγγενῆ
839 2003 1091 2072 ἀλλήλοις
1132 2001 1261 2067 εἰσὶ,
1292 2001 1388 2053 καὶ
1431 1999 1490 2053 ὲν
1524 2000 1590 2069 τῇ
1621 1996 1743 2068 Θείᾳ
1771 2012 1897 2066 κραι

2079 2017 2257 2080 gnatae
2286 2018 2434 2075 sunt,
2482 2019 2537 2065 et
2586 2009 2641 2063 in
2694 2009 2879 2064 divina
2931 2010 3104 2081 gratia
3152 2010 3520 2076 contlnentur,
3556 2025 3674 2082 gra-

391 2120 544 2156 νεται
574 2101 776 2172 χάριτι,
824 2099 920 2151 καὶ
944 2098 979 2168 ἡ
1011 2096 1171 2167 χάρις
1205 2095 1442 2148 ἑνοποιεί
1468 2092 1667 2159 ταῦτα,
1712 2091 1775 2143 τὸ
1806 2090 1865 2143 ἓν
1896 2088 1975 2160 τῷ

2080 2101 2268 2171 tiaque
2316 2116 2486 2156 unum
2545 2100 2678 2156 facit
2731 2100 2867 2168 haec,
2925 2110 2981 2158 et
3038 2102 3268 2157 alterum
3326 2116 3451 2158 cum
3501 2103 3673 2159 altero

395 2198 567 2268 ἑτέρῳ
591 2195 952 2258 συνάπτουσα,
987 2194 1079 2244 καὶ
1109 2190 1247 2263 πρὸς
1279 2188 1369 2243 τὸν
1402 2189 1537 2242 Θεὸν
1564 2185 1658 2240 τὸν
1678 2183 1814 2239 νοῦν
1842 2184 1976 2237 ἀνα-

2114 2189 2380 2261 onjungil,
2412 2190 2688 2261 mittitque
2714 2191 2959 2246 animum
2984 2192 3050 2247 ad
3084 2192 3274 2247 Deum.
3698 2184 3710 2193 ’

391 2293 704 2364 πέμπουσα.

1000 2379 1266 2448 Σχόλιον
1324 2382 1378 2431 ι’.

2689 2380 2943 2436 Scholion
2978 2381 3064 2437 10.

462 2471 557 2540 Εἷς
586 2475 784 2547 χῶρος,
813 2472 1079 2543 ὁπυθμὴν
1103 2471 1199 2541 τῆς
1226 2468 1495 2541 Ἐρυθρᾶς
1525 2464 1799 2536 θαλάσσης
1831 2465 1889 2518 ὲν
1910 2464 1977 2536 τῇ

2159 2470 2363 2528 Unicus
2385 2473 2477 2528 ille
2507 2473 2663 2528 locus
2686 2481 2771 2529 est
2794 2473 2994 2529 fundus
3015 2472 3186 2528 Rubri
3222 2473 3393 2531 maris
3418 2474 3470 2528 in
3493 2483 3674 2532 trans—

381 2568 634 2624 διαὸἀσει
667 2565 763 2620 τοῦ
803 2563 1043 2638 Ἰσραήλ.
1089 2565 1153 2616 Ἠ
1185 2562 1244 2616 δὲ
1281 2561 1381 2631 τῆς
1430 2558 1777 2628 παγκοσμίου
1804 2557 1977 2628 χαρᾶς

2085 2561 2162 2615 itu
2192 2561 2373 2631 populi
2427 2562 2818 2617 lsraelitarum.
2872 2559 2999 2617 Dies
3051 2556 3233 2617 autem
3283 2578 3394 2633 quo
3439 2563 3677 2618 mundus

381 2660 490 2714 οῠιι
514 2658 651 2727 ἄλλη
694 2657 900 2729 ἡμέρα,
935 2656 970 2726 ἢ
1013 2656 1047 2726 ἡ
1089 2654 1190 2724 τῆς
1231 2650 1587 2713 ἀναστάσεως
1624 2647 1719 2703 τοῦ
1773 2648 1977 2720 Κυρίου

2087 2649 2379 2704 universus
2418 2648 2617 2719 gaudio
2668 2648 2984 2714 exsultavit,
3034 2664 3143 2703 non
3189 2658 3275 2704 cst
3319 2649 3462 2706 alius
3511 2666 3675 2721 quam

384 2758 487 2813 καὶ
508 2756 764 2827 Σωτῆρος
793 2753 972 2824 ἡμῶν,
998 2755 1056 2805 ὲν
1151 2751 1211 2803 τὸ
1233 2750 1392 2817 γένος
1416 2746 1576 2819 ἡμῶν
1607 2744 1720 2799 τῶν
1746 2746 1980 2800 αἰωνίων

2087 2740 2207 2796 dies
2262 2740 2683 2795 resurrectionis
2746 2739 2962 2795 Domini
3022 2749 3077 2796 et
3125 2740 3425 2798 Salvatoris
3482 2743 3675 2808 nostri,

382 2847 485 2903 τοῦ
510 2847 640 2920 ᾅδου
663 2842 1017 2916 ἠλευθερώθη
1048 2839 1285 2911 δεσμῶν.
1332 2838 1488 2901 Τινὲς
1513 2835 1573 2889 δὲ
1601 2835 1700 2906 τὴν
1722 2834 1827 2904 τῆς
1856 2851 1978 2903 γεν-

2087 2848 2416 2904 quo,genus
2463 2832 2764 2888 humanum
2811 2832 2880 2888 ab
2916 2832 3079 2904 327
3123 2836 3344 2890 aeternis
3374 2833 3678 2890 inferorum

384 2942 605 3014 νήσεως
627 2928 843 3009 ἡμέραν
867 2935 1143 3004 λέγουσιν,
1158 2934 1216 2985 ὲν
1301 2931 1397 2984 καὶ
1427 2928 1582 2998 παρὰ
1602 2926 1712 2980 τῶν
1734 2925 1980 2995 ἀγγέλων

2090 2925 2325 2980 vinculis
2360 2934 2444 2981 est
2477 2925 2791 2980 liberatum.
2840 2923 2945 2979 Alii
2989 2925 3132 2980 diem
3183 2925 3387 2981 Christi
3443 2927 3679 2980 natalem

385 3032 628 3105 ἠκούετο
652 3030 716 3084 τό
745 3045 762 3061 ·
796 3027 955 3093 Δόξα
987 3028 1057 3080 ἐν
1101 3024 1393 3093 ὑψίστοις
1440 3019 1597 3105 aedi,
1631 3018 1831 3105 ⁸ξλιξεροι
1884 3016 1981 3105 τῂν

2090 3016 2423 3087 intelligunt,
2446 3030 2555 3085 quo
2578 3016 2648 3070 ab
2676 3015 2886 3087 angelis
2908 3016 3040 3071 illud
3064 3017 3312 3074 auditum
3342 3027 3462 3075 est:
3495 3017 3680 3074 Gloria

387 3100 629 3189 ἡμέραν,
663 3108 781 3189 ὲνῇ
809 3112 931 3166 Νῶε
968 3108 1108 3182 μετὰ
1147 3106 1258 3160 τῶν
1291 3106 1388 3159 σὺν
1430 3102 1581 3171 αὐτῷ
1627 3100 1827 3172 ἐξῆλθε
1882 3100 1983 3171 τῆς

2090 3108 2146 3162 in
2193 3109 2412 3162 excelsis
2461 3106 2568 3162 Deo
2623 3106 2691 3161 ³⁸.
2731 3106 2838 3163 Alii
2881 3108 3023 3164 diem
3072 3110 3519 3183 interpretantur,
3566 3128 3678 3183 quo

393 3164 629 3189 ἸΓ”Γ’“’¹
665 3164 713 3169 ⁷⁷
750 3164 878 3189 ἰι“⁷“
968 3164 982 3182 ι
1551 3164 1565 3171 '
1670 3164 1728 3172 ’⁷
1938 3164 1951 3171 ⁷

388 3206 656 3263 κιϐωτοῦ.
1122 3254 1123 3257 η

2010 3164 2053 3227 C'
2087 3192 2201 3252 Noe
2234 3211 2361 3251 cum
2394 3196 2511 3252 suis
2545 3211 2611 3250 ex
2646 3211 2774 3252 arca
2801 3212 3056 3266 egressus
3078 3208 3186 3255 est.

752 3298 1011 3367 Σχόλιον
1050 3291 1489 3363 Χρυσοστόμου
1525 3286 1615 3343 ια’.

2475 3284 2731 3341 Scholion
2781 3285 3149 3358 σὴν-νεοδιοωὶ
3169 3288 3259 3343 Η.

465 3391 547 3466 (α)
568 3391 638 3447 El
675 3407 780 3444 που
811 3390 914 3459 τὴν
948 3386 1232 3441 εὐσέϐειαν
1265 3378 1802 3454 παραϐλαπτομένην
1836 3375 1987 3440 ἴδοις,

2166 3375 2352 3432 Sicubi
2379 3375 2697 3447 religionem
2732 3378 2918 3435 laasam
2943 3377 3168 3446 videris,
3201 3388 3343 3445 tum,
3368 3388 3682 3452 contempta

352 3502 370 3513 ο
394 3486 478 3559 μὴ
515 3483 760 3556 προτίμα
781 3482 883 3553 τὴν
913 3480 1167 3551 ὁμόνοιαν
1194 3476 1295 3546 τῆς
1328 3472 1612 3546 ἀληθείας,
1658 3469 1772 3523 ἀλλ’
1802 3468 1948 3559 ἵσταο

2093 3467 2324 3522 aliorum
2388 3466 2817 3536 conspiratione,
2872 3470 3159 3525 veritatem
3217 3478 3406 3537 tuere,
3476 3487 3686 3543 proque.

390 3556 663 3646 γενναίως
687 3572 794 3635 ἕως
828 3571 1061 3625 θανάτου
1082 3587 1097 3601 ο
1144 3567 1242 3621 καὶ
1274 3563 1409 3636 μηδὲ
1435 3562 1610 3626 οὕτως
1655 3561 1802 3631 ψυχῇ
1832 3556 1986 3611 τσολέ-

2096 3559 2188 3613 illa
2212 3572 2477 3628 generose
2509 3557 2576 3611 ad
2607 3556 2840 3614 mortem
2885 3576 3060 3631 usque
3096 3562 3315 3618 decerta
3350 3582 3364 3618 :
3397 3577 3576 3634 neque
3606 3575 3687 3619 s‘tc

395 3686 515 3740 μει,
553 3666 692 3738 μηδὲ
721 3664 1068 3735 ἀποστρέφου
1103 3660 1324 3733 γνώμῃ,
1375 3656 1513 3711 ἀλλὰ
1537 3657 1654 3716 τοῖς
1699 3652 1991 3723 πράγμασι

2092 3666 2217 3706 cum
2276 3651 2458 3705 anima
2497 3659 2587 3704 tua
2628 3666 2832 3722 pugna,
2868 3667 3047 3724 neque
3089 3653 3157 3708 de
3186 3655 3454 3710 sententia
3492 3665 3581 3711 tua
3635 3665 3688 3711 te

397 3738 579 3830 μάχου
621 3756 780 3828 μόνον
805 3773 819 3786 ·
866 3754 1027 3808 τοῦτο
1055 3753 1166 3825 γάρ
1214 3754 1332 3804 ἐστι
1365 3747 1460 3804 τό·
1506 3744 1602 3810 Ἐξ
1631 3742 1801 3814 ὑμῶν
1845 3741 1993 3810 μετὰ

2093 3738 2359 3795 dimoveri
2389 3748 2594 3809 patere,
2627 3741 2720 3795 sed
2754 3739 2913 3798 factis
2944 3743 3076 3813 ipsis
3109 3754 3163 3799 et
3198 3745 3333 3801 solis
3378 3761 3685 3817 propngna.

397 3829 645 3904 πάντων
674 3847 1002 3917 ἀνθρώπων
1043 3843 1491 3914 εἰρηνεύοντεςο
1527 3835 1632 3892 κᾶν
1676 3836 1883 3895 ἐκεῖνος
1919 3833 1993 3903 μὴ

2094 3829 2211 3887 Ηοο
2242 3830 2391 3886 enim
2434 3836 2518 3884 est
2557 3829 2692 3885 illud
2724 3848 2739 3884 :
2790 3830 3065 3897 Quantum
3101 3834 3159 3889 in
3189 3836 3333 3891 vobis
3366 3845 3466 3902 est,
3500 3852 3688 3907 pacem

405 3941 682 4013 εἰρηνεύῃ,
742 3941 807 3994 σὺ
862 3938 937 4010 μὴ
986 3937 1284 4008 πληρώσῃς
1324 3929 1595 4004 χειμῶνος
1636 3928 1739 4000 τὴν
1781 3926 1993 3997 ψυχήν·

2095 3939 2216 3977 cum
2245 3923 2488 3978 omnibus
2518 3921 2767 3978 habentes
2797 3923 2865 3990 ",
2897 3925 3149 3995 quamvis
3169 3925 3260 3981 ille
3280 3926 3544 4007 pacificus
3576 3940 3687 3981 non

404 4031 548 4101 ὅπερ
572 4030 743 4102 ἔφθην
766 4029 935 4083 εἰπὼν
953 4069 968 4094 ,
992 4029 1091 4099 τὴν
1117 4026 1379 4097 ἀλήθειαν
1407 4019 1662 4094 μηδαμοῦ
1694 4017 1998 4090 προδιδούς.

2108 4017 2196 4072 sit.
2233 4013 2345 4070 Nec
2380 4024 2439 4071 tu
2470 4015 2697 4085 impleas
2723 4015 2962 4070 animam
3006 4024 3326 4086 tempestate
3360 4016 3453 4089 {Et
3482 4029 3537 4074 ιιι
3566 4019 3689 4073 ani-

400 4142 552 4183 mam
595 4135 744 4181 tuam
779 4141 851 4181 ne
880 4125 1033 4196 gravi
1093 4129 1419 4192 tempestate
1484 4120 1682 4182 imbre,
1741 4114 1937 4186 spiritu
2003 4110 2370 4184 procellarum
2421 4108 2729 4184 concutias]
2766 4111 3279 4186 (perturbationum)
3332 4112 3481 4185 quod
3525 4130 3690 4173 occu-

398 4221 527 4293 pavi
577 4221 759 4276 dicere
796 4234 1146 4290 nequaquam
1202 4217 1408 4273 violata
1467 4223 1563 4271 aut
1610 4213 1826 4286 prodita
1862 4210 2115 4266 veritate.

1008 4329 1270 4399 Σχόλιον
1305 4328 1392 4400 ιβ’.
2028 4328 2073 4382 D

2028 4328 2073 4382 ι)
2709 4321 2956 4378 Scholion
2989 4324 3075 4377 12.

470 4420 601 4475 Ὀτι
632 4422 772 4486 τινὲς
815 4422 925 4475 τῶν
957 4421 1304 4492 ἀναισθήτως
1346 4419 1809 4492 ὲπιπληττόντων,
1846 4418 1878 4489 ἢ
1909 4417 1991 4472 δι-

2172 4413 2447 4481 Quosdam
2480 4416 2575 4485 qui
2619 4416 2758 4472 alios
2789 4416 2889 4487 ipsi
2940 4416 3143 4488 stupidi
3174 4418 3446 4491 castigant
3475 4430 3570 4475 aut
3591 4420 3683 4490 ju-

395 4516 683 4580 καζόντων
723 4517 756 4587 ἢ
802 4515 1197 4585 σοφιζομένων,
1234 4515 1268 4586 ἢ
1301 4515 1476 4587 ἀρχῆς
1520 4513 1867 4585 ὀρεγομένων
1899 4526 1991 4563 τα-

2103 4508 2310 4576 dicant,
2344 4518 2439 4564 aut
2478 4509 2630 4564 vafre
2678 4518 3027 4581 argutantur,
3054 4519 3149 4566 aut
3184 4511 3554 4582 principatum
3597 4530 3692 4585 ap-

395 4604 719 4667 πεινώσεώς
765 4608 905 4659 εἰσιν
939 4606 1237 4677 ἀμέτοχον
1288 4605 1405 4659 ἔστι
1448 4604 1493 4657 δ’
1547 4606 1635 4658 ὅτε
1669 4602 1764 4657 καὶ
1810 4601 1991 4673 ἔργοις

2101 4610 2313 4672 petunt,
2381 4602 2711 4660 humilitatis
2771 4618 2895 4660 esse
2945 4616 3198 4675 expertes
3243 4605 3497 4661 atiirmat.
3557 4605 3694 4663 Esse

394 4695 647 4751 διδάσκει
674 4699 786 4760 τοῖς
816 4695 1103 4767 προσιοῦσι
1149 4696 1249 4768 τὴν
1279 4695 1635 4750 ταπείνωσιν.

2103 4702 2283 4749 autem
2314 4696 2409 4765 qui
2436 4695 2828 4764 humilitatem,
2860 4711 2994 4753 suos
3034 4697 3337 4768 discipulos
3361 4699 3522 4757 factis
3558 4699 3694 4772 ipsis

2102 4793 2155 4839 et
2178 4787 2436 4856 operibus
2460 4787 2713 4844 doceant.

1001 4881 1047 4932 Σ
1049 4880 1265 4949 χόλων
1312 4877 1401 4946 ιγ’.

2677 4880 2931 4937 Scholion
2964 4880 3050 4936 13.

474 4964 645 5023 Εἶπεν
678 4971 704 5022 ὁ
732 4968 906 5033 ἀ66ας
946 4969 1176 5032 Ἡσαΐας
1204 4968 1292 5022 διὰ
1329 4967 1427 5038 τὴν
1472 4968 1995 5041 ταπεινοφροσύνην,

2166 4968 2350 5026 Abbas
2394 4968 2565 5026 Isaias
2612 4969 2681 5027 de
2730 4972 3039 5028 humilitate
3092 4971 3254 5041 dixit,
3307 4974 3455 5044 quod
3507 4974 3692 5045 lingua

397 5059 490 5112 ὅτι
522 5059 777 5128 γλῶσσαν
809 5062 912 5113 οὐκ
943 5059 1057 5130 ἔχει
1101 5059 1337 5131 λαλῆσαι
1386 5059 1522 5131 πρός
1569 5077 1691 5113 τινα
1738 5060 1814 5125 ὡς
1860 5064 1993 5133 ἀμε-

2096 5071 2287 5120 careat
2337 5063 2405 5119 ad
2454 5065 2966 5136 reprehendendum
3009 5066 3247 5137 aliquem
3304 5067 3688 5136 negligentem,

397 5151 641 5219 λοῦντα,
698 5151 732 5224 ἢ
794 5153 930 5224 πρὸς
983 5153 1142 5207 ἀλλον
1200 5153 1277 5217 ὡς
1339 5152 1816 5225 καταφρονοῦντα·
1871 5153 1993 5208 οὔτε

2096 5165 2191 5210 aut
2219 5156 2411 5222 alium,
2434 5156 2529 5228 qui
2554 5158 2695 5214 alios
2716 5158 2967 5214 videatur
2983 5169 3355 5224 contemnere,
3374 5173 3474 5215 nec
3499 5163 3691 5217 oculos

466 5332 519 5367 ³⁸
557 5330 693 5389 Luc.
713 5349 775 5395 tt,
820 5332 903 5387 14.
982 5333 1028 5365 ⁸³
1061 5331 1224 5389 Rom.
1257 5333 1472 5395 $11.18.

497 5535 552 5606 a)
585 5534 699 5615 Hoc
731 5535 1001 5615 scholium
1026 5535 1092 5615 a_d
1121 5534 1333 5590 nullum
1352 5535 1566 5605 signum
1601 5536 1862 5607 refertur,
1890 5554 1991 5596 nec

2101 5540 2290 5597 liastes
2314 5541 2455 5615 infra
2482 5542 2677 5615 posuit
2714 5543 2937 5614 ὑψηλῶν
2974 5545 3144 5615 ἀρετῇ
3190 5544 3286 5598 καὶ
3318 5542 3684 5614 κατορθωμάι

497 5535 552 5606 a)
585 5535 699 5592 Hoc
731 5535 1001 5592 scholium
1026 5535 1092 5590 ad
1121 5535 1333 5590 nullum
1352 5535 1566 5605 signum
1601 5536 1862 5607 refertur,
1890 5554 1991 5596 nec
2101 5540 2290 5597 liastes
2314 5541 2455 5597 infra
2527 5542 2677 5599 osuit
2714 5543 2937 5614 ὑψηλῶν
2974 5545 3075 5615 ἀρε
3190 5544 3286 5598 καὶ
3318 5542 3685 5614 κατορθωμά·

397 5535 733 5697 vitieturnhic
756 5606 1193 5697 locumbaﬂbere.
1241 5676 1434 5697 “MA
1456 5693 1473 5697 Δ
1508 5694 1641 5697 μμ
1676 5677 1731 5697 Α
1758 5696 1765 5697 7
1967 5681 1980 5697 ο
2098 5630 2227 5679 των,
2247 5628 2369 5682 quae
2393 5546 3328 5697 cbﬁgpnra‘eﬁplicarent.ﬁumilis
3351 5629 3458 5696 non
3489 5626 3690 5697 tractat

473 5678 548 5755 (ο)
573 5678 729 5748 Apud
757 5674 1064 5755 Clintacunt
1096 5685 1200 5743 est,
1230 5676 1474 5755 povaxb;
1505 5677 1903 5755 «tunstvécppwv
1926 5681 1989 5735 οὐ

2215 5674 2302 5755 in'a
2328 5698 2431 5755 seu,
2458 5674 2866 5755 in'e'n'arrabi'l'ia,
2907 5686 3016 5741 alta
3064 5700 3260 5755 nempe
3297 5686 3365 5741 de
3398 5686 3600 5741 virtute
3630 5694 3691 5740 et
3790 5726 3811 5737 -

391 5745 925 5819 πολυπραγμονήσει
954 5746 1190 5820 ἄρρητα.
1213 5745 1296 5803 Ad
1338 5745 1525 5809 vocem
1553 5745 1791 5834 ἇρῤητάί
1827 5751 1987 5811 scho-

997 5749 1190 5820 ρρητα.
1213 5745 1296 5803 Ad
1338 5745 1525 5809 vocem
1553 5745 1791 5834 ἄρρητα
1827 5751 1990 5811 scho-
2101 5754 2380 5823 praeclaris
2410 5745 2593 5812 factis.
