4042 6426
433 301 574 368 1037

1705 299 1765 359 S-
1800 294 2127 360 JOANNIS
2162 294 2478 358 CLIMACI

3571 293 3703 359 1008

431 415 650 478 habeat,
675 412 879 484 quibus
920 412 988 468 ad
1029 412 1265 470 aliorum
1309 408 1557 464 delectus
1599 405 1883 471 attendat;
1927 417 2030 458 nec

2134 402 2449 474 ὀφθαλμοὺς
2479 402 2593 474 ἔχει
2639 401 2802 458 ἄλλου
2834 400 3194 472 ἐλαττώματα
3242 404 3552 475 προσέχειν,
3597 406 3714 460 οὔτε

429 519 592 560 aures
638 502 841 575 quibus
878 518 943 559 ea
993 517 1118 573 qua:
1151 501 1349 556 animae
1378 513 1487 553 non
1522 502 1775 567 prosunt,
1817 492 2024 557 audiat,

425 611 532 653 nec
562 612 688 653 cum
721 597 832 652 ullo
859 610 976 651 rem
1019 603 1115 653 aut
1147 591 1580 650 controversiam
1612 587 1721 645 nisi
1756 601 1881 642 cum
1907 582 2027 641 suis

419 688 689 776 peccatis.
725 688 832 745 Sed
868 701 1057 757 pacem
1082 700 1207 742 cum
1239 681 1494 740 omnibus
1523 679 1847 736 mortalibus
1873 678 2025 776 colit,

433 790 655 853 propter
679 790 1012 852 praceptum
1044 776 1286 843 Domini,
1314 785 1370 832 et
1413 789 1523 830 non
1556 780 1781 845 propter
1831 770 2028 825 amici-

434 875 587 930 tiam.
624 873 681 930 Si
717 873 843 945 quis
884 872 1030 929 enim
1062 868 1257 926 diebus
1283 883 1377 924 sex
1403 877 1458 925 et
1483 866 1669 923 alteris
1707 880 1803 921 sex
1842 879 1873 919 a
1902 862 2027 918 cibo

430 967 720 1029 abstineat,
758 978 990 1035 seseque
1033 962 1345 1035 ingentibus
1389 959 1692 1025 laboribus,
1738 954 2026 1029 praeceptis

431 1066 485 1113 et
516 1055 780 1112 molestiis
806 1060 1245 1126 exponat,extra
1277 1060 1460 1108 tamen
1495 1051 1636 1105 hanc
1662 1048 1804 1104 viam
1836 1044 2025 1102 omnia

433 1157 561 1205 sunt
583 1148 800 1204 inutilia
824 1156 879 1203 et
898 1144 1109 1202 inania.

1128 1235 1314 1290 Aliud.

505 1332 564 1390 Si
613 1331 836 1406 quidem
901 1330 1146 1388 nondum
1207 1327 1546 1400 acquisivisti
1599 1325 1722 1398 (has
1751 1324 2023 1394 virtutes),

431 1427 629 1498 procul
682 1427 815 1482 abes
851 1441 883 1481 a
913 1423 1204 1496 praeceptis
1232 1421 1365 1490 Dei;
1396 1420 1441 1476 si
1480 1433 1610 1475 vero
1635 1418 1749 1489 jam
1783 1416 2027 1487 acquisi-

436 1521 583 1586 visti,
618 1533 810 1576 servus
856 1517 1072 1572 inutilis
1114 1531 1213 1582 es;
1251 1512 1399 1585 quod
1443 1510 1681 1568 debuisti
1712 1508 1890 1563 facere
1944 1505 2028 1562 fe-

433 1613 560 1670 cisti
592 1612 658 1677 ³⁰,
714 1610 838 1667 aliis
866 1610 1038 1665 multa
1070 1623 1238 1678 supra
1266 1612 1539 1678 praecepta
1565 1600 1913 1659 facientibus.

1044 1701 1295 1758 Scholion
1322 1701 1409 1756 14.

2133 486 2250 548 ὦτα
2291 493 2408 564 ἔχει
2455 494 2689 548 ἀκοῦσαι
2719 493 2789 547 τὰ
2822 494 2898 564 μὴ
2934 493 3252 564 ὠφελοῦντα
3293 495 3393 567 τὴν
3416 495 3597 567 ψυχὴν
3627 499 3718 551 αὐ-

2132 587 2228 640 τοῦ
2253 599 2268 616 '
2302 587 2400 639 καὶ
2442 586 2544 640 οῦκ
2593 585 2708 658 ἔχει
2762 586 2903 654 μετά
2947 603 3095 650 τινος
3125 588 3379 657 πρᾶγμα,
3427 588 3569 658 πλὴν
3613 589 3719 644 τῶν

2135 676 2420 753 ἁμαρτιῶν
2445 676 2610 731 αὐτοῦ
2631 695 2645 708 ·
2670 676 2809 731 ἀλλὰ
2830 678 2968 750 πρὸς
2989 680 3196 742 πάντας
3221 678 3543 751 ἀνθρώπους
3573 681 3718 734 ἐστὶν

2134 771 2411 844 εἰρηνικὸς
2441 769 2531 825 διὰ
2572 770 2672 843 τὴν
2703 770 2923 843 ἐντολὴν
2953 770 3047 825 τοῦ
3078 772 3234 837 Θεοῦ,
3268 773 3363 826 καί
3410 772 3474 826 οὺ
3502 772 3591 826 διὰ
3622 774 3719 844 τὴν

2134 862 2340 933 φιλίαν.
2391 862 2519 916 Ἐὰν
2548 863 2659 934 γάρ
2692 880 2775 926 τις
2805 862 3042 937 νηστεύῃ
3075 862 3154 928 ἒξ,
3207 863 3301 917 καὶ
3346 862 3428 931 ἒξ,
3460 863 3553 916 καὶ
3582 861 3717 930 ἐκδῷ

2120 954 2326 1011 ’ἑαυτὸν
2385 955 2467 1019 εἰς
2525 953 2797 1025 μεγάλους
2854 955 3057 1020 κόπους
3119 955 3215 1009 καὶ
3268 955 3510 1020 ἐντολὰς,
3566 955 3718 1019 ἐκτὸς

2132 1048 2232 1119 τῆς
2274 1046 2397 1101 ὀδοῦ
2435 1047 2661 1118 ταύτης,
2704 1046 2908 1112 πάντες
2962 1049 3011 1101 οἱ
3063 1047 3223 1102 κόποι
3249 1046 3414 1101 αὐτοῦ
3459 1046 3720 1119 ἄχρηστοι

2133 1139 2289 1195 εἰσιν.

2818 1234 3031 1287 Ἀλλο.

2818 1236 2842 1255 .
2978 1251 3031 1287 ο.
3222 1250 3225 1257 λ

2203 1325 2266 1379 Εἰ
2301 1324 2401 1395 μὲν
2438 1324 2514 1396 μὴ
2546 1325 2745 1397 κτήσῃ,
2779 1236 3000 1395 put:th
3045 1318 3100 1378 εἴ
3141 1323 3371 1377 ἐντολῶν
3416 1322 3510 1377 τοῦ
3547 1322 3717 1378 Θεοῦ·

2134 1414 2272 1467 εἰδὲ
2318 1415 2516 1485 κτήσῃ,
2562 1415 2781 1486 ἀχρεῖος
2825 1407 2877 1466 εί
2902 1412 3110 1477 δοῦλος·
3153 1414 3182 1467 ὃ
3218 1412 3449 1483 ὡφειλες
3477 1415 3719 1485 ποιῆσαι,
3812 1460 3821 1465 _

2133 1506 2466 1577 πεποίηκας,
2518 1506 2723 1578 ἑτέρων
2774 1506 2865 1560 καὶ
2917 1506 3058 1578 ὑπὲρ
3118 1506 3229 1559 τῶν
3282 1504 3514 1560 ἐντολῶν
3566 1524 3719 1581 ποιη-

2138 1613 2365 1651 σαντων.

2737 1692 2999 1761 Σχολιον
3033 1690 3117 1747 ιδ’.

507 1795 713 1850 Omnes
761 1792 1127 1865 proprietates
1159 1804 1324 1861 supra
1360 1792 1416 1858 (a
1442 1785 1708 1857 Climaco)
1745 1783 2031 1856 explicata:

2203 1783 2285 1838 Τὰ
2319 1782 2738 1855 προδηλωθέντα
2775 1784 3063 1854 ἰδιώματα,
3096 1781 3273 1854 πάρεξ
3313 1781 3410 1838 τοῦ
3455 1783 3599 1837 κατὰ
3636 1783 3719 1837 δό-

437 1897 631 1959 praeter
654 1903 843 1953 unam,
889 1900 1012 1957 quae
1040 1892 1125 1940 est
1157 1882 1366 1954 opinio,
1425 1878 1729 1936 ostendunt
1787 1889 1943 1947 opes,
1972 1880 2030 1929 et

448 1982 769 2036 thesaurum
795 1975 1154 2043 humilitatis;
1178 1974 1283 2031 hoc
1307 1973 1454 2029 enim
1486 1971 1571 2043 (ut
1603 1967 1750 2040 reor)
1778 1974 1865 2024 est
1894 1965 2029 2023 illud

442 2084 608 2126 unum
636 2068 846 2140 (opinio
873 2065 1147 2139 inquam).

1051 2154 1300 2212 Scholion
1335 2153 1423 2209 15.

521 2252 656 2309 Vera
691 2250 973 2308 humilitas
1006 2248 1222 2305 soboles
1254 2253 1339 2302 est
1388 2240 1752 2315 cognitionis;
1790 2237 2029 2310 cognitio

442 2364 571 2406 vera
604 2346 771 2420 328
802 2351 992 2416 partus
1024 2340 1411 2399 tentationum.

1048 2500 1301 2559 Scholion
1340 2495 1429 2553 16.

509 2600 615 2671 Qui
644 2615 742 2673 per
790 2597 935 2653 viam
974 2593 1183 2651 Christi
1226 2597 1283 2646 et
1334 2584 1663 2644 humilitatis
1716 2580 2028 2654 religiosam

439 2696 611 2752 vitam
646 2701 733 2748 est
757 2690 1063 2762 ingressus,
1098 2685 1188 2740 hic
1218 2683 1358 2738 bene
1387 2680 1441 2735 in
1468 2677 1561 2734 illa
1583 2673 1943 2747 ingredietur,
1976 2680 2032 2727 et

442 2793 766 2859 praesentem
818 2782 989 2837 vitam
1027 2777 1356 2850 egredietur,
1391 2782 1446 2829 et
1486 2784 1690 2844 pascua
1737 2781 1864 2824 cum
1896 2780 2031 2837 gau-

443 2880 533 2936 dio
564 2874 798 2949 reperiet
826 2873 881 2929 in
919 2871 1197 2945 paradiso.

1040 3048 1288 3107 Scholion
1335 3047 1424 3101 17.

513 3145 708 3203 Oleum
771 3141 1021 3216 appellat,
1063 3141 1427 3197 humilitatem
1492 3153 1615 3210 quae
1673 3134 1871 3189 animae
1934 3144 2033 3202 per

446 3237 676 3311 gratiam
738 3234 1071 3291 infunditur.
1103 3229 1245 3287 Tum
1307 3240 1492 3285 autem
1554 3226 1838 3283 humilitas
1873 3221 2033 3277 nobis

445 3327 750 3395 confertur,
781 3324 999 3398 quando
1030 3338 1131 3380 nos
1159 3321 1419 3378 omnibus
1459 3318 1784 3376 mortalibus
1813 3314 2034 3371 viliores

446 3420 851 3478 existimamus.

716 3510 725 3519 ’
1053 3504 1305 3563 Scholion
1341 3503 1427 3560 i8.

518 3600 813 3659 Humilitas
857 3615 963 3655 non
1015 3606 1101 3655 est
1156 3597 1509 3671 conscientiae
1555 3593 1888 3667 desperatio,
1938 3590 2035 3648 sed

447 3693 648 3752 divinae
675 3692 960 3749 charitatis
983 3701 1037 3748 et
1068 3688 1570 3748 commiserationis
1600 3687 1864 3760 cognitio.

1104 3870 1284 3929 Isaaci
1312 3872 1398 3929 19.

520 3967 627 4036 Qui
658 3967 934 4025 sustinere
962 3975 1141 4038 potest
1177 3966 1415 4022 hominis
1441 3963 1739 4038 importuni
1765 3972 1821 4021 et
1846 3965 2036 4020 incon-

450 4058 677 4115 siderati
713 4059 940 4116 verbum
981 4058 1181 4116 durum
1221 4068 1445 4132 propter
1476 4058 1670 4125 Deum,
1712 4066 1767 4113 et
1812 4067 2036 4130 propter

451 4150 812 4223 cogitationes
855 4151 909 4206 in
958 4165 1091 4221 pace
1128 4150 1557 4218 conservandas,
1611 4150 1701 4207 hic
1750 4151 2037 4207 vocabitur

360 4230 371 4239 “
453 4243 596 4301 [ilius
632 4246 806 4315 pacis,
840 4257 1140 4314 pacemque
1184 4243 1487 4315 possidebit
1534 4245 1752 4311 anima),
1786 4244 2036 4315 corporis

450 4350 507 4393 et
533 4337 779 4409 spiritus.

1145 4430 1329 4485 Aliud.

520 4521 627 4590 Qui
673 4522 916 4579 laborem
966 4530 1021 4579 et
1066 4521 1455 4579 contumeliam
1519 4537 1615 4579 seu
1674 4523 2032 4593 ignominiam

448 4618 553 4673 abs
581 4624 636 4673 te
663 4615 870 4688 rejicis,
897 4631 1008 4671 non
1038 4625 1124 4673 est
1154 4615 1302 4688 quod
1331 4617 1624 4688 promittas
1669 4615 1766 4670 tibi
1824 4624 1879 4670 te
1935 4630 2032 4686 per

451 4709 695 4782 reliquas
715 4709 947 4766 virtutes
975 4710 1352 4781 paenitentiam
1383 4718 1655 4767 acturum.
1681 4705 1835 4762 Vana
1865 4707 2035 4780 gloria

450 4803 625 4870 enim,
658 4811 714 4858 et
744 4811 931 4875 stupor
959 4802 1142 4860 cordis
1187 4802 1400 4860 servire
1437 4803 1615 4860 solent
1642 4809 1868 4872 peccato
1910 4813 2040 4872 pro-

455 4899 577 4961 pter
594 4889 846 4963 gloriam.

1158 4984 1340 5040 Aliud.

528 5072 587 5129 Si
615 5087 780 5145 quem
801 5073 1004 5131 videris
1035 5074 1093 5130 in
1116 5074 1290 5130 multa
1328 5072 1626 5145 ignominia
1676 5073 2039 5129 constitutum

2067 4457 2114 4515 D

2130 1892 2319 1947 κησιν,
2356 1873 2451 1930 τοῦ
2483 1875 2717 1930 πλούτου
2753 1875 3067 1948 οημαντικὰ
3091 1876 3191 1946 τῆς
3230 1874 3612 1941 ταπεινώσεως
3641 1876 3717 1930 εἰ·

2132 1986 2217 2023 σιν
2237 1985 2250 2000 ·
2283 1968 2416 2023 αὐτὸ
2445 1970 2557 2040 γάρ
2585 1971 2701 2022 ἐστι
2735 1969 2796 2022 τὸ
2821 1968 2900 2036 ἓν,
2929 1968 3007 2033 ὡς
3037 1964 3211 2040 οἶμαι.

2734 2149 3001 2218 Σχόλιον
3034 2146 3119 2202 ιε’.

2213 2241 2280 2296 Ἦ
2327 2239 2558 2313 ἀληθινὴ
2605 2239 2937 2303 ταπείνωσις
2987 2236 3236 2310 γέννημα
3278 2237 3397 2291 ἐστι
3432 2237 3534 2308 τῆς
3576 2236 3715 2306 γνώ-

2132 2349 2291 2399 σεως,
2344 2337 2440 2387 καί
2489 2333 2524 2403 ή
2570 2331 2774 2401 γνῶσις
2820 2332 2854 2402 η
2897 2328 3128 2402 ἀληθινὴ
3169 2330 3415 2401 γέννημα
3454 2330 3566 2385 τῶν
3596 2346 3716 2387 πει-

2134 2425 2385 2496 ρασμῶν.

2720 2512 2983 2581 Σχόλιον
3030 2512 3128 2579 ις’.
3426 2568 3443 2573 κ

2216 2608 2275 2661 '0
2304 2607 2395 2662 διὰ
2425 2606 2865 2681 χριστομιμήτου
2912 2605 3191 2669 πολιτείας
3219 2604 3315 2659 καὶ
3339 2603 3715 2669 ταπεινώσεως

2133 2697 2318 2753 εἰσιὼν
2341 2702 2421 2764 εἰς
2452 2699 2544 2753 τὸν
2583 2698 2700 2770 βίον
2741 2698 2850 2752 τῶν
2893 2698 3168 2770 μοναχῶν,
3199 2691 3354 2761 οὗτος
3384 2696 3568 2762 καλῶς
3610 2698 3716 2751 εἰσ-

2132 2791 2409 2847 ελεύσεται
2451 2792 2510 2846 ἑν
2541 2790 2710 2862 αὐτῷ,
2759 2790 2856 2844 καὶ
2901 2789 3243 2858 ἐξελεύσεται
3290 2790 3391 2861 τῆς
3440 2790 3715 2862 παρούσης

2134 2886 2278 2958 ζωῆς
2299 2902 2311 2915 ’
2344 2887 2438 2940 καὶ
2460 2883 2632 2957 νομὴν
2666 2884 2782 2955 μετ’
2814 2884 3157 2957 εὐφροσύνης
3185 2884 3411 2956 εὑρήσει
3431 2884 3532 2955 τὴν
3563 2885 3622 2939 ὲν
3643 2880 3716 2954 τῷ

2135 2975 2469 3047 παραδείσῳ.

2729 3067 2993 3135 Σχόλιον
3042 3063 3130 3128 ιζ’.

2209 3159 2400 3225 Ἔλεος
2454 3158 2606 3229 λέγει
2666 3158 2769 3231 τὴν
2825 3155 3265 3229 προσγινομένην
3308 3156 3375 3226 τῇ
3433 3154 3583 3225 ψυχῇ
3632 3152 3716 3206 διὰ

2134 3254 2234 3326 τῆς
2264 3254 2484 3326 χάριτος
2505 3250 2836 3306 ταπείνωσιν
2855 3267 2872 3284 θ
2901 3247 3255 3320 προσγίνεται
3282 3244 3361 3311 δὲ,
3402 3246 3494 3299 ὅτε
3523 3244 3716 3308 παντὸς

2136 3346 2426 3420 ἀνθρώπου
2460 3344 2879 3423 εὐτελεστέρους
2910 3342 3138 3407 ἑαυτοὺς
3165 3338 3507 3414 ἡγησόμεθα.

2737 3522 2999 3591 Σχόλιον
3031 3518 3122 3591 ιη’.

2209 3616 2325 3672 Οὐκ
2373 3615 2490 3669 ἐστι
2550 3612 2912 3685 συνειδήσεως
2974 3611 3324 3681 κατάγνωσις
3374 3610 3409 3681 ἡ
3464 3621 3715 3662 ταπεινοο

2138 3706 2404 3781 φροσύνη,
2452 3705 2593 3761 ἀλλὰ
2637 3705 2858 3777 χάριτος
2903 3702 3041 3757 Θεοῦ
3088 3703 3182 3759 καὶ
3221 3698 3569 3773 συμπαθείας
3605 3697 3713 3753 Ertio

2137 3814 2342 3872 γνωσις
2354 3830 2373 3850 .

2623 3887 2872 3958 216.1407-
2918 3885 3127 3943 Ἰσαὰκ
3165 3885 3252 3941 ιϐ’.

2223 3982 2280 4036 '0
2303 3979 2599 4052 δυνάμενος
2630 3980 2818 4054 φέρειν
2851 3978 3005 4051 ῥῆμα
3035 3978 3272 4050 σκληρὸν
3295 3975 3593 4049 δυσχεροῦς
3632 3975 3718 4029 καὶ

2142 4073 2408 4130 ἀσυνέτου
2450 4072 2539 4128 διὰ
2583 4072 2676 4127 τὸν
2712 4070 2866 4138 Θεὸν,
2914 4070 3010 4125 καὶ
3040 4069 3128 4123 διὰ
3164 4068 3225 4122 τὸ
3255 4069 3560 4138 εἰρηνεύειν
3598 4065 3716 4126 τοὺς

2141 4165 2454 4236 λογισμοὺς,
2484 4157 2640 4228 οὗτος
2666 4162 3002 4235 κληθήσεται
3033 4162 3149 4228 υἱὸς
3193 4161 3294 4233 τῆς
3340 4159 3587 4231 εἰρήνης,
3632 4155 3719 4209 καὶ

2141 4258 2364 4322 δυνατός
2396 4257 2544 4312 ἐστιν
2575 4259 2603 4311 ὸ
2639 4254 2881 4320 τοιοῦτος
2922 4254 3229 4327 κτήσασθαι
3268 4253 3495 4325 εἰρήνην
3523 4251 3716 4321 ψυχῆς.

2139 4352 2235 4406 καὶ
2264 4349 2534 4421 σώματος,
2559 4349 2656 4403 καὶ
2684 4347 3016 4420 πνεύματος.

2826 4436 3037 4493 Ἀλλο.

2216 4528 2529 4586 Ἀποσαλὼν
2570 4528 2731 4585 πόνον
2773 4531 2867 4583 καὶ
2894 4529 3142 4598 ἀτιμίαν,
3173 4528 3251 4601 μὴ
3283 4528 3623 4599 ἐπαγγέλλου
3650 4527 3721 4582 δι’

2135 4622 2339 4693 ἐτέρων
2386 4619 2598 4692 ἀρετῶν
2637 4623 2938 4692 μετανοεῖν.
2987 4621 3282 4687 Κενοδοξία
3332 4621 3442 4691 γὰρ
3490 4620 3586 4674 καὶ
3631 4620 3721 4674 ἁν-

2137 4715 2376 4786 αλγησία
2440 4712 2713 4768 δουλεύειν
2756 4716 2823 4785 τῇ
2874 4713 3118 4786 ἁμαρτίᾳ
3179 4711 3270 4767 διὰ
3335 4711 3496 4778 δόξαν
3557 4708 3723 4779 πεφύ-

2138 4824 2248 4862 κασ
2255 4826 2323 4862 ιν.

2833 4985 3035 5044 Ἄλλο.

2220 5080 2390 5135 Ὀταν
2420 5078 2535 5152 ἴδῃς
2575 5077 2700 5133 τινὰ
2726 5079 2783 5133 ὲν
2811 5078 2980 5152 πολλῇ
3023 5078 3219 5152 ἀτιμίᾳ
3251 5076 3606 5147 ὀδυνώμενον,
3638 5073 3724 5141 γί-

455 5166 767 5235 lamentari,
803 5167 946 5224 scito
982 5167 1137 5223 illum
1178 5179 1333 5222 vana:
1387 5166 1574 5237 gloriae
1618 5165 2031 5237 cogitationibus

2143 5188 2323 5229 νωσκε
2364 5173 2448 5226 ὅτι
2493 5171 2773 5243 λογισμοῖς
2815 5171 3122 5237 κενοδοξίας
3155 5168 3516 5242 κατασχεθεὶς
3549 5166 3722 5240 ἀηδῶς

456 5268 807 5331 occupatum,
831 5259 900 5315 de
926 5259 1278 5315 interioribus
1308 5259 1494 5315 cordis
1522 5258 1822 5330 manipulis
1862 5259 2041 5315 mani-

460 5351 614 5421 pulos
636 5366 762 5407 cum
791 5350 983 5407 dolore
1005 5360 1230 5405 metere.

1152 5440 1334 5498 Aliud.

529 5536 650 5600 Quo
673 5535 972 5607 improbior
992 5549 1071 5601 es,
1099 5534 1202 5590 hoc
1236 5535 1418 5593 minus
1443 5550 1635 5594 recusa
1681 5539 1852 5598 multa
1896 5540 2038 5598 mala

538 5756 580 5787 ³⁸
611 5754 744 5811 Luc.
776 5773 910 5825 xvu,
938 5758 1026 5814 10.

2143 5265 2255 5321 τῶν
2284 5263 2598 5337 καρδιακῶν
2638 5263 2968 5335 δραγμάτων
3001 5263 3206 5336 θερίζει
3231 5263 3305 5318 τὰ
3343 5263 3653 5336 δράγματα.

2848 5448 3049 5502 Ἄλλο.

2219 5540 2383 5596 Ὅσον
2425 5535 2480 5594 ετ
2522 5537 2883 5609 κακότροπος,
2916 5535 2978 5591 τὸ
3008 5535 3345 5593 κακοπαθεῖν
3374 5532 3453 5610 μὴ
3490 5533 3728 5591 ἀπαναίσ
