4042 6464
372 513 514 578 1009

1336 514 1578 576 SCALA
1609 512 1992 578 PARADISI.
2022 539 2092 550 -·-
2125 514 2433 577 GRADUS
2460 515 2636 578 XXV.

3507 519 3642 586 1010

369 643 490 690 νου,
544 623 632 678 ἵνα
680 621 752 679 δι’
804 620 977 694 αὐτῆς
1026 621 1388 686 ταπεινωθεὶς
1434 622 1534 692 τὴν
1580 621 1961 692 ὑπερηφανίαν

2072 622 2199 690 pati,
2232 631 2290 677 ut
2339 638 2435 692 per
2482 639 2604 680 eam
2667 624 3032 699 (patientiam)
3071 627 3364 700 depressus
3422 644 3645 688 evomas

371 719 599 789 ἐμέσῃς.

849 808 1105 877 Σχόλιον
1160 807 1367 863 Ἰσαὰκ
1397 813 1463 860 κ’.

448 906 932 978 Ταπεινοφροσύνη
965 905 1081 959 ἐστὶ
1127 906 1251 959 κατ’
1274 903 1550 975 ἀλήθειαν,
1585 904 1732 966 ὅστις
1765 902 1878 972 ἔχει
1904 902 1963 956 ὲν

371 997 453 1069 τῷ
493 996 724 1068 κρυπτῷ
768 1013 820 1049 τι
870 995 1020 1063 ἄξιον
1068 995 1462 1067 ὑπερηφανίας,
1507 995 1602 1048 καὶ
1648 993 1746 1064 οὐχ
1787 993 1958 1064 ὑπερ·

373 1089 734 1160 ηφανεύεται,
763 1085 879 1141 ἀλλ’
900 1085 976 1150 ὡς
1005 1085 1134 1156 χοῦν
1165 1084 1278 1155 ἔχει
1313 1084 1504 1139 ἑαυτὸν
1538 1084 1596 1136 ὲν
1617 1081 1696 1153 τῷ
1720 1080 1965 1153 λογισμῷ

374 1177 565 1233 αὑτοῦ.
1921 1182 1930 1188 ’

673 1267 934 1338 Σχόλιον
959 1264 1207 1334 Μάρκου
1249 1262 1522 1334 μοναχοῦ
1555 1259 1663 1316 κα’.

461 1359 650 1423 Ἐκτὺς
677 1356 1019 1431 συντριμμοῢ
1068 1355 1316 1427 καρδίας,
1353 1355 1615 1408 ἀδύνατον
1643 1352 1705 1407 τὸ
1734 1351 1964 1408 καθόλου

371 1452 767 1523 ἀπαλλαγῆναι
811 1451 1033 1516 κακίας,
1086 1450 1360 1521 συντρίϐει
1397 1448 1454 1502 δὲ
1482 1445 1707 1518 καρδίαν
1758 1447 1792 1517 ἡ
1831 1463 1964 1517 τρι-

376 1545 556 1616 μερὴς
600 1544 918 1616 ἐγκράτεια,
953 1541 1122 1596 ὕπνου
1149 1541 1312 1611 λέγω,
1348 1541 1441 1595 καὶ
1469 1539 1700 1612 τροφῆς,
1735 1537 1830 1591 καὶ
1861 1553 1964 1590 σω-

377 1635 620 1707 ματικῆς
654 1635 914 1700 ἀνέσεως.
969 1635 1035 1688 Ἦ
1079 1634 1187 1705 γὰρ
1239 1631 1444 1686 τούτων
1497 1629 1786 1700 περισσεία
1837 1628 1965 1699 ἡδυ-

377 1725 614 1780 πάθειαν
645 1725 925 1796 ἐκτίθησιν
947 1740 958 1753 ·
992 1727 1026 1796 ἡ
1058 1725 1115 1784 δὲ
1161 1723 1464 1795 ἡδυπάθεια
1513 1721 1640 1784 τοὺς
1693 1719 1965 1790 πονηροὺς

376 1817 679 1891 λογισμοὺς
709 1817 1108 1888 παραδέχεται·
1148 1815 1450 1869 ἀντίκειται
1483 1813 1540 1869 δὲ
1578 1814 1672 1868 κα)⁸
1695 1815 1762 1884 τῇ
1800 1829 1966 1885 προσ-

377 1913 539 1980 ευχῇ,
570 1909 666 1964 καὶ
697 1912 764 1982 τῇ
791 1909 1147 1982 προσηκούσῃ
1173 1908 1438 1980 διακονίᾳ.

980 2005 1026 2055 Σ
1028 2001 1239 2070 χόλων
1268 1999 1373 2070 κβ’.

460 2094 573 2146 Οὐκ
602 2092 950 2164 ἀναισθητεῖν
995 2091 1229 2158 κελεύει,
1263 2091 1378 2146 ἀλλ’
1408 2090 1704 2162 ἐπιμελῶς,
1732 2091 1808 2155 ὡς
1836 2089 1968 2160 ἀλη-

395 2184 542 2237 θέσιν
579 2187 684 2248 τοῖς
714 2184 979 2249 ἐπαίνοις,
1027 2184 1317 2256 προσέχειν
1363 2184 1457 2238 καὶ
1507 2181 1799 2253 ἐφήδεσθαι
1848 2198 1968 2234 τινα

388 2276 485 2328 καὶ
528 2275 675 2340 ἄξιον
724 2271 863 2331 εἶναι
909 2275 1016 2332 τῶν
1064 2275 1318 2330 τοιούτων
1366 2273 1560 2330 ἑαυτὸν
1617 2271 1969 2327 ὑποτίθεσθαι

381 2370 561 2438 λόγων
591 2367 809 2424 κωλύει.

977 2463 1025 2516 Σ
1027 2460 1240 2530 χόλιον
1271 2457 1377 2529 κγ’.

453 2550 561 2606 Τὸν
591 2550 747 2622 ἅγιον
781 2552 1106 2624 Σεραπίωνα
1125 2550 1445 2606 αἰνίττεται.

983 2646 1030 2698 Σ
1032 2644 1244 2713 χόλων
1275 2642 1376 2696 κδ’.

462 2734 526 2792 Ὅ
559 2739 704 2802 ὅσιος
743 2736 947 2808 Σιμῶν.

988 2829 1250 2897 Σχόλιον
1277 2831 1378 2880 κε’.

466 2917 531 2974 '0
574 2916 1072 2990 ταπεινοφροσύνης
1119 2913 1549 2986 ἐπιμελούμενος
1574 2913 1634 2966 οὐ
1695 2912 1972 2984 φροντίζει

386 3005 737 3079 ἀνθρωπίνου
765 3007 1217 3080 προσκόμματος,
1261 3005 1294 3076 ἢ
1333 3004 1614 3077 μέμψεως.

982 3100 1244 3170 Σχόλιον
1270 3104 1386 3164 κς’.

455 3189 687 3264 Χαίρει,
743 3189 941 3263 φησὶν,
989 3192 1018 3243 ὁ
1063 3190 1199 3254 Θεὸς
1240 3189 1335 3243 ἐπὶ
1378 3191 1486 3254 τοῖς
1529 3189 1970 3259 ταπεινόφροσιν,

381 3281 530 3353 ὀρῶν
558 3281 757 3346 αὐτοὺς
789 3281 1218 3353 χλευαζομένους
1261 3280 1358 3335 καὶ
1383 3279 1774 3351 ὑπομένοντας.
1818 3277 1972 3332 Ἐπεὶ

382 3375 442 3428 δὲ
488 3373 647 3428 τοῦτο
692 3375 751 3428 ὲν
797 3376 910 3438 τοῖς
955 3372 1176 3437 οἰκείοις
1227 3371 1638 3444 κατορθωθῆναι
1688 3371 1970 3438 ἀδύνατον,

383 3466 475 3519 διὰ
498 3464 656 3519 τοῦτο
678 3465 910 3533 ξενιτεία
931 3463 1210 3536 ἀκροτάτη
1230 3462 1611 3527 ταπεινώσεως
1635 3462 1974 3533 καθέστηκεν

387 3556 557 3611 αίτία.

972 3645 1233 3716 Σχόλιον
1273 3644 1356 3710 κζ’
1371 3690 1386 3705 ,

461 3738 575 3813 Τὴν
608 3739 766 3811 βάσιν
792 3737 887 3801 τοῦ
916 3737 1008 3793 νοῦ
1055 3739 1148 3793 ἐπὶ
1177 3737 1277 3811 τὴν
1315 3734 1613 3792 ἀνώλισθον
1637 3735 1844 3809 τρίϐον,
1876 3733 1976 3807 τῆς

391 3830 774 3896 ταπεινώσεως
810 3831 1075 3903 δηλονότι.

983 3926 1248 3996 Σχόλιον
1277 3933 1383 3999 κη’.

476 4015 584 4086 Τῆς
625 4014 1130 4088 ταπεινοφροσύνης
1174 4017 1453 4089 δηλονότι’
1501 4016 1643 4073 ὥστε
1696 4014 1836 4088 μηδὲ
1887 4016 1975 4072 ἐν·

407 4126 548 4162 δοιαν
595 4109 908 4180 ἀντιλογίας
956 4109 1342 4182 λαμϐάνομεν·
1393 4111 1554 4166 τοῦτο
1596 4112 1706 4183 γάρ
1749 4113 1899 4167 ἐστιν
1949 4113 1978 4165 ὁ

400 4195 554 4272 ἦχος-

989 4295 1250 4364 Σχόλιον
1287 4291 1390 4350 κθ¹.

482 4382 727 4437 Ἀκούων
769 4382 927 4452 λόγον
958 4383 1252 4453 ὠφέλιμον,
1301 4383 1376 4457 μὴ
1410 4385 1559 4457 κρίνε
1591 4387 1684 4441 τὸν
1728 4387 1976 4459 λέγοντα,

399 4475 491 4530 ινα
539 4473 618 4548 μὴ
659 4475 758 4548 τῆς
788 4475 1104 4547 ὲπωφελοῢς
1146 4476 1432 4542 νουθεσίας
1477 4479 1700 4533 σεαυτὸν
1743 4481 1980 4534 ἀποστε-

400 4566 598 4638 ρήσῐιςο

1013 4660 1272 4727 Σχόλιον
1299 4656 1374 4713 λ’.

474 4746 820 4820 Σκεπόμενος
848 4749 953 4802 ὑπὸ
980 4750 1079 4820 τῆς
1109 4751 1607 4823 ταπεινοφροσύνης
1634 4755 1663 4807 ὁ
1692 4756 1987 4826 σημειοφό-

2065 715 2401 785 superbiam.

2699 808 2882 866 Isaaci
2917 813 3008 867 20.

2139 895 2433 953 Humilitas
2462 913 2591 953 vera
2641 909 2746 968 est,
2789 903 3011 972 quando
3059 904 3184 974 quis
3235 905 3370 975 quid
3419 906 3642 978 dignum

2064 989 2324 1059 superbia
2353 990 2408 1044 in
2441 991 2653 1046 occulto
2680 992 2864 1058 habet,
2908 1003 2962 1050 et
2993 1002 3174 1050 tamen
3222 1012 3331 1051 non
3377 1000 3643 1069 superbit,

2067 1083 2164 1138 sed
2193 1083 2431 1153 seipsum
2464 1084 2518 1138 in
2546 1084 2733 1140 animo
2762 1086 3036 1155 pulverem
3068 1090 3319 1144 aestimat.

2563 1174 2740 1230 Marci
2774 1178 3017 1232 monachi
3046 1179 3134 1234 21.

2137 1265 2302 1322 Extra
2332 1267 2716 1324 contritionem
2750 1271 2953 1337 cordis,
3000 1269 3115 1326 ﬁeri
3150 1273 3300 1328 nullo
3346 1274 3509 1330 modo
3547 1290 3645 1345 po-

2069 1366 2167 1414 test
2203 1359 2279 1414 uti
2309 1359 2512 1414 malitia
2536 1361 2751 1430 penitus
2778 1361 3047 1418 libereris.
3069 1361 3316 1418 Conterit
3341 1374 3523 1421 autem
3551 1383 3643 1422 cor

2069 1451 2262 1520 triplex
2308 1451 2636 1506 abstinentia
2661 1494 2676 1520 ,
2706 1453 2888 1509 somni
2934 1455 3180 1524 inquam,
3221 1456 3326 1510 cibi
3353 1469 3407 1512 et
3437 1459 3644 1512 relaxa-

2071 1541 2236 1596 tionis
2269 1542 2539 1612 corporis.
2568 1541 2776 1597 Horum
2816 1543 2962 1598 enim
2997 1544 3162 1614 329
3181 1548 3335 1614 cepia
3363 1548 3640 1603 mollitiem

2068 1635 2232 1704 parit,
2281 1633 2510 1689 mollitia
2551 1634 2726 1692 malas
2770 1635 3129 1706 cogitationes
3177 1638 3388 1707 recipit,
3420 1653 3542 1709 quae
3569 1641 3643 1694 si-

2069 1723 2181 1777 mul
2219 1731 2484 1793 repugnat
2511 1723 2692 1779 studio
2724 1723 3002 1792 precandi,
3033 1733 3086 1779 et
3126 1725 3516 1782 convenienter
3544 1729 3646 1780 mi-

2069 1815 2358 1873 nistrandi.

2678 1997 2929 2054 Scholion
2953 1998 3044 2054 22.

2139 2086 2257 2142 Non
2286 2087 2529 2158 prmcipit
2563 2096 2624 2142 ut
2659 2102 2880 2143 sensum
2931 2103 3230 2156 exuamus;
3272 2089 3364 2145 sed
3396 2089 3646 2160 prohibet

2070 2188 2347 2247 accurate,
2416 2193 2486 2234 ne
2544 2187 2802 2249 tanquam
2853 2180 3000 2236 veris
3049 2181 3304 2237 laudibus
3352 2182 3643 2252 quisquam

2069 2272 2314 2328 animum
2350 2271 2596 2327 advertat
2636 2279 2691 2325 et
2718 2271 3039 2341 delectetur,
3071 2287 3304 2344 seseque
3326 2273 3642 2345 hujusmodi

2071 2366 2251 2423 verbis
2284 2366 2506 2437 dignum
2532 2367 2827 2423 existimet.

2673 2457 2922 2515 Scholion
2946 2458 3036 2514 25.

2145 2547 2411 2604 Sanctum
2451 2547 2804 2620 Serapionem
2846 2550 3114 2623 intelligit.

2677 2640 2928 2696 Scholion
2958 2642 3051 2698 24.

2147 2728 2479 2788 Venerabilis
2510 2731 2697 2788 Simon
2731 2731 2913 2792 Salus.

2678 2823 2927 2881 Scholion
2950 2826 3043 2884 25.

2148 2911 2250 2982 Qui
2282 2915 2467 2972 studet
2493 2917 2810 2983 humilitati,
2865 2935 2974 2975 non
3031 2927 3191 2976 curat
3247 2932 3552 2980 scommata
3593 2932 3648 2979 et

2073 3004 2334 3072 convitia,
2376 3006 2774 3078 hominumque
2803 3011 3280 3079 reprehensiones.

2671 3099 2924 3155 Scholion
2950 3101 3043 3160 26.

2179 3189 2524 3260 Delectatur,
2577 3195 2794 3268 inquit,
2845 3195 2990 3253 Deus
3054 3195 3396 3264 humilibus,
3435 3199 3656 3268 quando

2073 3282 2223 3340 videt
2273 3285 2397 3341 illos
2449 3301 2652 3343 sannas
2680 3289 2948 3358 patienter
2978 3287 3143 3345 ferre.
3187 3288 3292 3345 Sed
3331 3304 3458 3345 eum
3513 3290 3655 3344 inter

2074 3376 2406 3434 domesticos
2429 3387 2576 3434 recte
2597 3379 2714 3434 ﬁeri
2741 3397 2850 3435 non
2878 3383 3075 3452 possit,
3092 3390 3378 3452 propterea
3402 3395 3657 3436 secessus

2075 3469 2437 3540 longissimus
2467 3485 2498 3526 a
2528 3473 2724 3541 patria,
2757 3487 2924 3529 causa
2953 3483 3039 3529 est
3068 3473 3414 3530 humilitatis.

2674 3645 2924 3703 Scholion
2952 3646 3044 3703 27.

2147 3735 2386 3792 Gradum
2410 3736 2480 3792 ad
2493 3736 2788 3795 salutarem
2812 3738 3084 3804 semitam.
3102 3733 3428 3796 humilitatis
3443 3751 3657 3811 nempe,

2077 3825 2353 3898 intelligit.

2689 3916 2934 3972 Scholion
2957 3917 3046 3973 28.

2147 4009 2485 4066 Humilitatis
2513 4010 2741 4077 scilicet,
2774 4020 2833 4066 ut
2887 4026 3065 4082 neque
3115 4011 3498 4083 cogitationem
3532 4015 3657 4085 qui-

2076 4103 2200 4158 dem
2279 4103 2690 4160 contradicendi
2759 4105 3136 4169 admittamus,
3195 4104 3300 4160 hoc
3360 4104 3511 4160 enim
3569 4117 3661 4163 est

2080 4209 2272 4252 εοῐιιιε.

2683 4289 2936 4373 Scholion
2960 4289 3050 4345 29.

2150 4380 2380 4448 Quando
2433 4395 2744 4438 sermonem
2791 4382 2979 4437 utilem
3027 4383 3205 4448 audis,
3268 4383 3536 4439 dicentem
3586 4399 3660 4441 ne

2077 4473 2302 4544 judiea,
2387 4488 2458 4530 ne
2524 4474 2755 4543 teipsum
2817 4474 2967 4532 utilis
3028 4475 3419 4531 admonitionis
3477 4473 3655 4531 fructu

2080 4567 2282 4637 prives.

2686 4657 2935 4715 Scholion
2969 4659 3056 4716 50.

2158 4748 2478 4806 Humilitate
2523 4759 2713 4821 septus
2755 4751 3076 4818 salvabitur,
3111 4753 3204 4824 qui
3258 4752 3518 4808 miracula
3566 4768 3661 4823 pa-

400 4855 501 4913 ρος
549 4839 948 4911 περισώζεταιο
981 4841 1030 4894 εἰ
1072 4841 1131 4896 δέ
1173 4860 1283 4898 τινι
1314 4844 1423 4898 τῶν
1472 4845 1815 4916 κουφοτέρων
1859 4846 1967 4919 δοθῇ

2088 4853 2213 4902 tt'at.
2247 4843 2403 4910 Quod
2451 4842 2497 4899 si
2538 4843 2643 4899 hoc
2687 4843 2896 4899 donum
2949 4843 3115 4899 alicui
3170 4843 3304 4900 levis
3359 4844 3525 4898 animi
3559 4844 3663 4896 im~

397 4932 467 4986 τὸ
491 4931 733 4987 τοιοῦτον
761 4933 1028 5005 χάρισμα,
1059 4933 1146 4988 διὰ
1173 4933 1279 4988 τῶν
1313 4935 1704 5006 πραττομένων
1735 4938 1818 5001 είς
1839 4937 1981 5010 ὑψη-

399 5023 645 5094 λόφρονα
686 5022 929 5097 γνώμην,
956 5024 1376 5096 ὑπερεκπίπτων
1405 5027 1771 5099 καταφέρεται
1792 5030 1984 5102 ἀπερι-

401 5114 716 5188 φρούρητος
743 5116 951 5185 φανείς.

511 5221 550 5260 ⁸.
999 5207 1259 5276 Σχόλιον
1293 5207 1374 5263 λα’
1387 5248 1404 5264 .

479 5297 550 5351 Τί
594 5297 888 5370 μανθάνειν
939 5298 974 5371 ἢ
1030 5299 1247 5364 πάντως
1296 5299 1366 5355 τὰ
1415 5301 1762 5373 προσήκοντα
1793 5302 1907 5378 [μή
1935 5323 1992 5361 τι

408 5393 631 5458 πάντως
655 5391 729 5446 τὰ
755 5389 1199 5464 «poenicea-ta];

1012 5485 1273 5553 Σχόλιον
1303 5481 1403 5553 λβ’.

489 5579 696 5649 Ἥγουν
725 5579 786 5633 τὸ
817 5578 922 5632 ὑπὸ
951 5576 1111 5633 ἄλλου
1153 5575 1342 5646 λεχθὲν
1371 5575 1520 5649 αὐτῷ
1543 5577 1864 5651 ἐπιτραπέν.

1001 5669 1263 5738 Σχόλιον
1298 5668 1399 5737 λγ¹.

488 5763 623 5833 Οὐχὶ
662 5762 818 5832 ἁπλῷ
858 5762 1000 5832 λόγῳ
1026 5759 1316 5831 ὀφείλομεν
1346 5759 1610 5829 διηνεκῶς
1640 5761 1864 5828 ἑαυτοὺς
1892 5781 1991 5818 κα-

2085 4935 2344 5007 pertitum
2375 4934 2562 5003 fuerit,
2601 4949 2698 5004 per
2730 4948 2793 4989 ea
2844 4948 2968 5005 quae
3010 4933 3149 4990 ﬁunt
3195 4934 3446 4989 miranda
3484 4933 3538 4986 in
3569 4947 3662 4987 su-

2085 5026 2329 5098 perbiam
2366 5025 2565 5081 mentis
2599 5024 2793 5089 elatus,
2826 5039 3174 5095 praecepsque
3202 5024 3256 5079 in
3292 5023 3399 5078 ima
3427 5021 3663 5082 delatus.

2088 5118 2413 5174 immunitus
2443 5114 2716 5189 [inermis]
2743 5117 3098 5188 comparebit.

2684 5205 2932 5262 Scholion
2975 5207 3064 5262 51.

2159 5300 2300 5369 Quid
2349 5299 2599 5358 discere?
2635 5308 2731 5355 aut
2778 5299 3003 5356 omnino
3042 5305 3346 5369 opportuna
3395 5292 3662 5366 [nunquid

2088 5410 2190 5449 non
2230 5403 2522 5464 opportuna
2541 5392 2604 5466 η.

2701 5481 2951 5540 Scholion
2975 5481 3066 5538 52.
3181 5526 3186 5531 .

2166 5576 2290 5633 Sive
2317 5578 2384 5632 ab
2407 5575 2512 5631 alio
2544 5576 2773 5641 dictum,
2812 5573 2915 5645 ipsi
2945 5580 3003 5630 et
3036 5571 3412 5630 commissum.

2694 5666 2942 5721 Scholion
2975 5665 3067 5722 35.

2167 5761 2284 5817 Non
2319 5760 2437 5816 solo
2481 5769 2533 5815 et
2583 5759 2734 5815 nudo
2787 5758 2954 5814 verbo
2994 5764 3223 5827 oportet,
3258 5764 3320 5812 ut
3366 5771 3468 5812 nos
3509 5754 3665 5826 330

414 5858 716 5929 τακρίνειν,
749 5856 862 5910 ἀλλ’
895 5857 953 5910 ὲν
995 5855 1241 5926 αἰσθήσει
1281 5854 1374 5909 καὶ
1399 5853 1636 5908 διαθέσει
1671 5856 1930 5927 καρδίας·
1964 5883 1967 5902 η

2097 5857 2248 5927 ipsos
2277 5855 2621 5919 damnemus,
2657 5851 2750 5907 sed
2781 5865 2847 5906 ex
2887 5850 3055 5905 animi
3091 5848 3384 5916 sententia,
3419 5863 3582 5904 sensu
3615 5858 3664 5901 cl

420 5952 531 6022 γὰρ
559 5949 700 6003 οὕτω
728 5947 1072 6020 μεμψόμενος
1099 5946 1311 6011 ἑαυτὸν,
1341 5946 1432 6001 καὶ
1465 5946 1588 6012 τοὺς
1613 5945 1929 6019 ἐλέγχοντας
1957 5951 1967 6002 1‘

2095 5943 2291 6002 affectu
2324 5942 2524 6010 cordis,
2550 5942 2654 6008 Qui
2680 5940 2827 5997 enim
2881 5941 2956 5997 ita
3012 5940 3254 6012 seipsum
3301 5936 3666 6010 reprehendit.
