4042 6450
433 496 569 566 Mli

1664 500 1725 563 S.
1759 501 2085 563 JOANNIS
2143 503 2451 569 CLIMACI
3084 520 3117 546 "

3563 500 3699 565 1012

434 625 493 670 ct
543 607 842 683 redarguit,
898 618 954 667 et
1006 601 1465 681 reprehendentes
1523 616 1619 664 aut
1683 610 2052 674 contumelia,

2158 614 2446 687 ὁρίζοντας
2493 618 2592 687 οὐχ
2637 617 2713 681 ὡς
2758 614 2989 687 ἐχθροὺς
3014 612 3437 685 ἀποστρέφεται,
3470 610 3587 668 ἀλλ’
3624 615 3699 677 ὡς

436 704 758 768 allicientes,
794 719 901 758 non
946 712 1008 758 ut
1047 705 1233 759 hostes
1279 711 1568 757 aversatur
1595 741 1610 768 ,
1635 702 1729 759 sed
1765 712 1825 757 ut
1856 703 2021 758 bene-

2158 709 2419 781 ὐεργέτας
2464 710 2526 763 ἐκ
2557 708 2736 781 ψυχῆς
2770 709 2979 779 ἀγαπᾷ.

439 799 676 854 factores
701 814 764 853 ex
787 798 973 852 animo
1004 796 1198 864 diligit.

1040 884 1287 941 Scholion
1319 886 1411 943 34.

508 978 614 1044 Qui
645 993 704 1032 se
730 976 1011 1045 indignum
1033 976 1270 1046 iudicat,
1297 978 1393 1048 qui
1447 978 1532 1033 vel
1580 978 1806 1033 minima
1844 993 1874 1032 a
1909 977 2023 1034 Deo

440 1075 605 1137 petat,
650 1074 705 1120 et
754 1066 884 1120 dum
936 1065 1070 1136 petit
1115 1066 1345 1121 minima
1400 1067 1547 1123 velut
1607 1067 1880 1135 peccator,
1911 1081 2028 1121 ma-

2654 963 2659 966 _
2713 893 2974 961 Σχόλιον
3013 889 3107 944 λδν.

2204 981 2272 1037 Ὅ
2313 983 2533 1050 ἀνάξιον
2572 982 2762 1037 ἐαυτὸν
2792 983 2995 1054 κρίνων
3035 982 3131 1036 καὶ
3160 982 3270 1036 τῶν
3306 980 3520 1052 μικρῶν
3551 982 3707 1052 αίτη-

2132 1077 2339 1147 μάτων,
2379 1076 2477 1129 καὶ
2530 1074 2851 1146 αἰτούμενος
2896 1074 2972 1139 ὼς
3017 1071 3337 1146 ἁμαρτωλὸς
3378 1074 3448 1127 τά
3477 1074 3710 1145 σμικρό-

440 1175 601 1230 gnam
635 1158 864 1230 gratiam
899 1158 1227 1229 veniamque
1257 1173 1288 1212 a
1323 1158 1434 1214 Deo
1483 1160 1699 1229 accipit.
1736 1159 2030 1230 Promptus

2158 1186 2288 1234 ἀτα,
2342 1168 2539 1238 ἀφεσιν
2590 1166 2834 1238 μεγάλην
2877 1165 3173 1237 λαμϐάνει⁹
3222 1165 3415 1228 πιστὸς
3454 1165 3564 1235 γάρ
3597 1166 3711 1219 ἐστι

439 1252 585 1305 enim
637 1257 720 1305 est
767 1249 912 1305 Deus
948 1250 1080 1305 dare
1112 1250 1272 1305 nobis
1306 1250 1516 1321 majora
1553 1266 1716 1321 quam
1767 1251 2026 1321 petimus.

2158 1258 2314 1313 οὖναι
2362 1260 2494 1330 ἡμῖν
2550 1260 2578 1312 ὁ
2637 1258 2793 1322 Θεὸς,
2848 1258 2945 1311 καὶ
2988 1256 3131 1329 ὑπὲρ
3187 1257 3222 1310 ἂ
3279 1256 3603 1327 αἰτούμεθα,
3652 1257 3712 1310 ού

443 1345 550 1402 Sed
619 1346 736 1402 haec
804 1346 979 1418 gratia
1035 1346 1194 1403 nobis
1250 1361 1361 1400 non
1425 1345 1707 1427 confertur
1766 1347 2030 1416 quamdiu

2158 1352 2487 1424 προσγίνεται
2535 1350 2592 1405 δέ
2636 1354 2772 1423 ἡμῖν
2811 1352 2984 1406 ταῦτα
3017 1352 3124 1417 ἕως
3153 1351 3219 1406 ἂν
3259 1348 3524 1414 ἑκουσίως
3550 1350 3715 1403 πταί-

443 1451 642 1510 sponte
681 1455 997 1511 peccamus.

2158 1461 2307 1512 ομεν.

1053 1535 1306 1594 Scholion
1338 1537 1428 1593 55.

2730 1538 2778 1589 Σ
2780 1537 2994 1604 χόλιον
3024 1534 3118 1587 λε’.

516 1630 622 1696 Qui
642 1631 792 1700 juste
824 1630 978 1696 vivit,
1008 1639 1063 1685 et
1094 1631 1303 1686 nullam
1353 1646 1454 1702 pro
1500 1641 1647 1688 recte
1695 1631 1853 1688 factis
1883 1645 2036 1688 com-

2222 1629 2281 1683 '0
2325 1628 2676 1698 δικαιοσύνην
2722 1626 3112 1698 ἐργαζόμενος,
3163 1626 3259 1681 καὶ
3291 1627 3412 1697 οὐχὶ
3453 1626 3720 1681 ἀντίδοσιν

448 1728 851 1793 pensationem,
905 1726 1000 1781 sed
1056 1726 1272 1781 veniam
1348 1727 1616 1784 duntaxat
1671 1728 1739 1784 de
1794 1728 2037 1800 peccatis

2158 1721 2247 1777 τῶν
2276 1720 2742 1794 κατορθωμάτων,
2786 1719 2923 1773 ἀλλά
2952 1720 3300 1790 συγχώρησιν
3332 1718 3442 1772 τῶν
3472 1719 3719 1790 ἁμαρτη-

450 1816 767 1873 commissis
824 1818 978 1888 petit,
1037 1820 1197 1888 quasi
1255 1826 1455 1889 praeter
1508 1820 1827 1892 dignitatem
1881 1835 2035 1877 suam

2158 1813 2332 1869 ιάτων
2370 1813 2713 1883 αἰτούμενος,
2765 1812 2917 1884 παρά
2959 1813 3059 1884 τὴν
3102 1811 3295 1864 ἐαυτοῦ
3330 1810 3487 1876 ἀξίαν
3524 1812 3724 1864 ὡσανεὶ

452 1911 608 1978 petit,
634 1918 923 1980 propterea
953 1910 1182 1980 accipiet
1206 1926 1235 1965 a
1259 1909 1373 1967 Deo
1408 1912 1638 1983 majora,
1664 1929 1829 1984 quam
1867 1913 2039 1984 ipsius

2158 1907 2317 1961 ιίτεϊ·
2351 1905 2433 1961 διὸ
2465 1906 2561 1959 καὶ
2601 1906 2710 1959 τῶν
2757 1906 2899 1977 ὑπὲρ
2943 1904 3106 1959 αὐτὸν
3147 1903 3395 1970 τεύξεται
3442 1901 3596 1973 παρά
3629 1903 3723 1956 τοῦ

454 2006 629 2071 status
690 2000 950 2070 postulat,
1004 2000 1149 2070 quod
1212 2001 1387 2057 soleat
1440 2001 1584 2059 Deus
1627 2019 1692 2059 ex
1738 2004 2036 2060 abundanti

453 2092 585 2148 dare
616 2092 737 2163 plus
763 2109 927 2165 quam
963 2095 1204 2163 petinius
1233 2105 1329 2150 aut
1368 2096 1749 2167 intelligimus.

749 2254 757 2262 '
1061 2185 1308 2242 Scholion
1348 2188 1438 2244 56.

525 2272 698 2342 Quale
726 2275 973 2332 esthoc?
1009 2277 1153 2347 quod
1194 2279 1331 2335 dixit
1367 2296 1582 2353 nempe,
1617 2296 1731 2338 non
1779 2281 1918 2339 allici
1971 2282 2040 2338 ad

454 2380 657 2439 corpus
694 2366 769 2439 (et
806 2368 934 2424 vitia
967 2371 1266 2441 corporis).

1060 2459 1313 2519 Scholion
1344 2466 1435 2520 57.

527 2550 684 2618 Quod
712 2554 894 2610 anima
922 2570 1067 2626 sape
1107 2557 1255 2611 norit
1292 2572 1352 2614 se
1384 2558 1452 2612 ad
1480 2566 1760 2615 externam
1794 2560 2043 2630 corporis

460 2644 696 2701 formam
733 2655 789 2703 et
819 2647 1000 2725 studia
1034 2649 1404 2717 eonformare,
1432 2651 1580 2708 clara
1612 2660 1787 2708 estex
1819 2650 2040 2709 Domini

460 2738 604 2795 facto
628 2739 1051 2797 demonstratio.

1057 2824 1435 2892 'Scholionﬁs.

532 2925 919 2983 Animadverte
981 2935 1238 2999 quantam
1286 2929 1353 2986 ad
1392 2929 1771 2999 pmnitentiam
1838 2931 2042 2986 contri-

459 3018 666 3073 tionem
708 3019 885 3089 pariat
929 3021 1170 3092 seipsum
1204 3021 1362 3076 nihili
1397 3022 1634 3093 pendere
1681 3032 1737 3078 et
1783 3022 2041 3089 abjicere.

459 3109 599 3167 Nam
649 3128 717 3169 ex
746 3128 813 3170 eo
839 3115 982 3184 quod
1010 3117 1135 3185 quis
1161 3118 1401 3186 seipsum
1433 3117 1812 3187 reprehendat,
1848 3116 2048 3179 transit

463 3203 638 3260 virtus
662 3206 936 3275 patientiae
972 3210 1136 3264 etiam
1166 3209 1223 3264 in
1246 3224 1373 3265 eum
1410 3209 1506 3281 qui
1538 3209 1886 3281 reprehendit
1913 3210 2048 3266 alte-

464 3314 588 3356 rum
619 3308 675 3356 et
703 3304 1027 3359 contemnit.

1067 3396 1314 3453 Scholion
1356 3398 1446 3453 59.

542 3484 836 3543 Humilitas
888 3488 1009 3545 sine
1052 3490 1314 3561 operibus
1363 3488 1535 3545 multa
1585 3490 1779 3546 delicta
1809 3490 1990 3546 abolet
2032 3507 2047 3544 :

465 3591 634 3646 opera
665 3578 784 3635 sine
809 3580 1115 3636 humilitate
1148 3590 1278 3636 sunt
1309 3582 1455 3637 velut
1494 3582 1729 3646 inutilia,
1769 3583 1881 3637 imo
1909 3597 2054 3651 saepe

471 3669 637 3724 multa
667 3671 811 3726 mala
840 3672 1062 3742 pariunt
1090 3673 1270 3729 nobis.
1315 3673 1609 3743 Caeterum,
1642 3683 1702 3731 ut
1728 3673 1865 3742 dixi,
1895 3675 2052 3730 abole

473 3772 694 3833 peccata
724 3773 817 3821 tua
858 3764 912 3820 in
942 3766 1269 3825 humilitate.

1077 4013 1327 4069 Scholion
1354 4012 1444 4069 40.

543 4102 812 4178 Superbia
840 4120 907 4162 ex
936 4106 1143 4178 angelis
1173 4104 1306 4161 facit
1331 4105 1626 4163 daemones.

1075 4201 1322 4258 Scholion
1359 4203 1452 4264 41.

545 4295 838 4353 llumilitas
884 4313 951 4353 ex
994 4299 1337 4354 daemonibus
1391 4297 1521 4353 facrt
1580 4298 1824 4369 angelos,
1880 4295 2057 4366 inquit

472 4386 771 4443 Climacus.
1808 4410 1813 4415 υ

1080 4478 1328 4535 Scholion
1367 4480 1457 4535 42.

552 4569 741 4641 Signa,
768 4571 1187 4637 declarationes,
1213 4572 1534 4629 occasiones
1563 4572 1629 4627 ad
1670 4570 2049 4626 humilitatem.

970 4753 1129 4825 331
1161 4754 1408 4810 Scholion
1452 4754 1542 4808 45.

549 4847 684 4907 Nam
724 4846 791 4903 ad
835 4846 1018 4903 studia
1050 4847 1474 4917 occupationum
1528 4845 1708 4899 anima
1743 4859 1801 4899 se
1840 4859 2059 4900 accom-

479 4939 686 5004 modat,
720 4948 777 4994 et
821 4940 886 4996 ad
921 4955 985 4995 ea
1033 4955 1155 5010 qua:
1212 4938 1361 5004 facit,
1405 4938 1693 5009 eﬂigiatur,
1741 4945 1795 4993 et
1838 4938 1905 4993 ad
1946 4937 2064 4992 haec

480 5050 599 5092 sese
618 5033 841 5106 eliingit.

1184 5123 1366 5178 Aliud.

552 5219 635 5274 Sit
678 5220 774 5273 tibi
811 5218 1050 5279 habitus.
1084 5227 1138 5272 et
1183 5217 1451 5281 incessus,
1491 5225 1546 5269 et
1570 5218 1760 5283 vestis,
1806 5226 1861 5272 et
1907 5216 2061 5279 sella,

480 5322 535 5367 et
568 5313 746 5368 victus
779 5312 940 5376 ratio,
968 5319 1024 5365 et
1073 5308 1195 5364 lecti
1249 5317 1565 5379 apparatus,
1629 5320 1685 5363 et
1734 5309 1954 5375 domus,
2010 5317 2067 5363 et

481 5406 666 5459 «ninia
704 5420 828 5475 quae
871 5404 925 5457 in
971 5403 1138 5457 domo
1194 5409 1325 5457 sunt
1367 5417 1516 5469 vasa,
1551 5401 1620 5457 ad
1669 5403 1961 5457 utilitatem
2013 5410 2067 5456 et

483 5505 858 5567 paupertatem
888 5493 1191 5564 composita
1222 5509 1236 5560 ;
1268 5492 1400 5562 quin
1426 5500 1482 5546 et
1512 5508 1714 5559 sermo,
1756 5502 1809 5547 et
1850 5501 2065 5556 cantus,

482 5597 691 5644 etcum
726 5588 901 5643 altero
922 5600 1249 5657 congressus
1288 5600 1391 5643 seu
1430 5584 1785 5655 colloquium,
1837 5584 1904 5640 ad
1949 5599 2068 5637 me-

484 5683 828 5738 diocritatem
864 5682 1048 5754 potius
1079 5696 1245 5751 quam
1269 5681 1335 5735 ad
1363 5680 1564 5736 fastum
1597 5680 1707 5735 sint
1732 5685 2065 5749 comparata.

1088 5773 1338 5828 Scholion
1382 5773 1470 5828 Η.

558 5867 809 5924 Deﬁnitio
888 5866 1209 5924 humilitatis
1270 5884 1334 5923 ex
1409 5868 1651 5938 potentia
1736 5883 1829 5925 seu
1900 5866 2067 5922 facul-

491 5969 601 6020 tate
629 5960 894 6022 eﬂiciente
926 5963 1015 6039 [ex
1040 5979 1207 6020 causa
1233 5963 1540 6036 cﬂicientc].

2144 1997 2306 2064 Θεοῦ,
2340 1997 2438 2051 τοῦ
2484 1997 2717 2061 διδόντος
2766 1994 3238 2069 ὑπερεκπερισσοῦ
3278 1987 3357 2051 ὧν
3402 1994 3725 2067 αἰτούμεθα,

2146 2089 2181 2161 ἦ
2210 2089 2459 2163 νοοῦμεν.

2734 2184 2992 2255 Σχόλιον
3021 2183 3131 2249 λς’.

2218 2275 2378 2329 Ποῖον
2432 2273 2624 2342 τοῦτο;
2662 2275 2728 2331 "0
2778 2272 2920 2341 εἷπε,
2967 2273 3028 2328 τὸ
3063 2273 3139 2345 μὴ
3186 2272 3563 2346 προσπάσχειν
3608 2275 3727 2337 ταῖς

2150 2366 2325 2432 ὕλαις.
2736 2434 2741 2437 Α
2869 2428 2888 2442 δ
2994 2434 2995 2437 η
3096 2436 3099 2437 ν
3284 2378 3289 2385 ‘

2736 2460 3001 2529 Σχόλιον
3034 2456 3132 2524 λζ’.

2222 2552 2347 2609 Ὀτι
2378 2554 2437 2607 ἐν
2476 2554 2589 2617 τοῖς
2618 2552 2777 2615 ἐκτὸς
2819 2551 3249 2623 ἐπιτηδεύμασιν
3275 2545 3385 2605 οἶδε
3414 2549 3673 2614 πολλάκις
3696 2552 3728 2621 ἡ

2148 2644 2295 2716 ψυχὴ
2341 2641 2859 2715 συσχηματίζεσθαι,
2921 2641 3099 2712 σαφὴς
3139 2640 3204 2694 ἐκ
3254 2641 3352 2712 τῆς
3398 2639 3729 2711 Δεσποτικῆς

2151 2733 2461 2796 ὑποθέσεως
2493 2732 2527 2802 ἡ
2557 2730 2851 2797 ἀπόδειξις.

2746 2824 3008 2894 Σχόλιον
3033 2822 3133 2894 λη’.

2226 2902 2370 2986 Ὀρα
2400 2914 2498 2972 καὶ
2527 2913 2590 2967 τὸ
2623 2910 2926 2978 ἐξουθενεῒν
2960 2911 3173 2973 ἐαυτὸν,
3204 2909 3370 2963 πόσον
3396 2909 3534 2981 πρὸς
3575 2910 3731 2981 μετά-

2152 3025 2300 3064 νοιαν
2350 3006 2688 3080 συντριμμδν
2736 3004 2913 3078 φέρει.
2957 3004 3053 3058 Ἐκ
3094 3002 3201 3074 γὰρ
3235 2999 3332 3055 τοῦ
3366 3000 3558 3055 ἑαυτὸν
3601 3001 3733 3073 μέμ-

2155 3105 2351 3176 φεσθαί
2380 3121 2524 3170 τινα,
2560 3103 2777 3175 ἔρχεται
2834 3104 2915 3167 είς
2960 3101 3023 3155 τὸ
3067 3101 3162 3155 καὶ
3191 3099 3284 3155 τὸν
3317 3097 3611 3171 ἐλέγχοντα
3645 3099 3734 3152 καὶ

2152 3197 2243 3253 τὸν
2277 3194 2658 3265 ἐξουθενοῦντα
2688 3182 3001 3267 ὑπομένειν.

2752 3379 3013 3446 Σχόλιον
3039 3376 3137 3431 λθ’.

2240 3471 2304 3525 Ἥ
2376 3469 2705 3533 ταπείνωσις
2784 3470 2958 3541 χωρὶς
3028 3469 3205 3540 ἔργων
3294 3465 3739 3539 πλημμελήματα

2159 3562 2329 3618 πολλά
2364 3564 2669 3634 συγχωρεῖν
2720 3561 2923 3633 ίσχύειο
2971 3561 3041 3617 τά
3088 3560 3227 3632 ἔργα
3267 3560 3323 3614 δὲ
3353 3559 3525 3631 χωρὶς
3554 3572 3739 3611 ταπει-

2158 3656 2378 3720 νώσεως
2427 3655 2488 3720 ἐξ
2530 3653 2777 3718 ἐναντίας
2826 3653 2901 3719 ὡς
2956 3653 3208 3725 ἀνωφελῆ
3253 3654 3424 3706 είσινο
3474 3650 3611 3705 ἀλλά
3649 3651 3740 3704 καὶ

2160 3747 2332 3802 πολλά
2360 3746 2506 3801 κακά
2550 3745 3058 3808 κατασκευάζουσιν
3103 3745 3267 3815 ὴμῐνο
3311 3742 3499 3797 λοιπὸν
3528 3742 3740 3813 συγχώο

2164 3854 2327 3909 ρησον
2368 3836 2469 3900 τὰς
2511 3836 2783 3912 ἁμαρτίας
2828 3852 2922 3889 σου
2968 3835 3027 3888 ἐν
3071 3835 3137 3905 τῇ
3181 3830 3530 3899 ταπεινώσει,
3563 3830 3739 3895 καθὼς

2160 3925 2337 3983 εἷπον.

2763 4024 2810 4074 Σ
2812 4021 3023 4088 χόλιον
3068 4018 3142 4088 μ’.

2245 4118 2311 4172 Ἦ
2341 4115 2693 4189 ὑπερηφανία
2728 4113 2807 4184 (ἐξ
2841 4112 3092 4181 ἀγγέλων
3124 4112 3270 4165 ποιεῖ
3293 4108 3599 4181 δαίμονας).

2755 4208 2801 4259 Σ
2803 4206 3016 4274 χόλων
3051 4208 3140 4273 μα’
3150 4242 3164 4258 .

2241 4305 2304 4357 Ἡ
2339 4301 2667 4362 ταπείνωσις
2698 4299 2763 4351 ἐκ
2794 4294 3066 4367 δαιμόνων
3096 4294 3244 4348 ποιεῖ
3277 4293 3567 4362 ἀγγέλους,
3598 4292 3738 4360 λέγει

2164 4400 2193 4453 ό
2220 4398 2318 4467 τῆς
2350 4393 2655 4464 Κλίμακος.

2751 4486 3012 4553 Σχολιον
3046 4481 3153 4553 ppu

2238 4579 2447 4650 Σημεῖα
2473 4616 2488 4641 ,
2563 4573 2969 4645 φανερὼματα,
3046 4571 3182 4643 πρὸς
3248 4565 3743 4636 ταπεινοφροσύνην

2091 4679 2136 4736 Ι)
2166 4669 2435 4743 ἀφορμαί.

2753 4758 3013 4825 Σχόλιον
3052 4762 3162 4826 μγ’.

2233 4856 2359 4919 Τοῖς
2408 4852 2517 4925 γὰρ
2554 4851 2982 4924 ἐπιτηδεύμασιν
3020 4848 3301 4918 ὁμοιοῦται
3362 4850 3396 4919 ἡ
3442 4846 3609 4919 ψυχὴ,
3661 4845 3748 4899 καὶ

2165 4947 2302 5021 πρὸς
2342 4945 2512 5001 ταῦτα
2545 4944 2582 5000 ἃ
2630 4943 2861 5015 πράττει
2912 4939 3199 5005 τυποῦται,
3258 4940 3350 4994 καὶ
3400 4939 3536 5010 πρὸς
3580 4937 3748 4990 ταῦτα

2167 5037 2585 5112 σχηματίζεται.

2858 5127 3067 5181 Ἀλλο.

2244 5222 2425 5276 Ἔστω
2471 5237 2551 5273 σοι
2586 5219 2681 5273 καὶ
2714 5218 2921 5289 σχῆμα,
2966 5217 3061 5270 καὶ
3096 5216 3355 5288 βάδισμα,
3387 5215 3482 5269 καὶ
3514 5216 3748 5286 ἱμάτιον.

2168 5314 2265 5370 καὶ
2294 5313 2554 5384 καθέδρα,
2582 5312 2679 5365 καὶ
2709 5310 2916 5382 τροφῆς
2941 5309 3276 5372 κατάστασις
3294 5350 3308 5375 ,
3349 5309 3442 5361 καὶ
3466 5308 3753 5378 στρωμνῆς

2172 5405 2514 5479 παρασκευὴ,
2551 5405 2644 5459 καὶ
2672 5399 2841 5467 οἷκος,
2872 5402 2966 5457 καὶ
2998 5400 3068 5454 τὰ
3102 5401 3161 5455 ὲν
3188 5399 3326 5470 οἴκῳ
3372 5400 3542 5469 σκεύη
3578 5401 3755 5453 πάντα

2171 5499 2307 5571 πρὸς
2335 5497 2610 5551 εὐτέλειαν
2637 5494 2839 5567 ἐξησκη
2849 5495 2983 5566 μένα
3004 5510 3017 5524 ’
3045 5492 3141 5547 καὶ
3171 5491 3350 5563 λόγος,
3373 5492 3469 5545 καὶ
3488 5491 3601 5564 ᾠδὴ
3617 5531 3633 5553 ,
3662 5493 3753 5543 καὶ

2171 5592 2204 5660 ἠ
2244 5589 2337 5643 τοῦ
2366 5588 2593 5660 πλησίον
2625 5585 2887 5652 ἔντευξις*
2922 5587 3019 5640 καὶ
3050 5584 3184 5656 πρὸς
3225 5581 3552 5654 μετριότητα
3582 5580 3752 5635 ταῦτα

2176 5681 2396 5755 μᾶλλον,
2429 5681 2462 5751 ἢ
2512 5680 2648 5752 πρὸς
2680 5679 2845 5748 όγκον
2877 5678 3078 5752 ὁράτω.

2769 5772 3030 5840 Σχόλιον
3063 5770 3163 5840 μδ’.

2248 5872 2412 5941 Ὄρος
2474 5863 3009 5934 ταπεινοφροσύνης·
3080 5863 3200 5915 κατ’
3258 5856 3614 5931 ἐνεργητικὴν
3661 5850 3747 5907 δύο

2176 5974 2359 6028 ναμιν.
