4042 6436
294 506 305 523 “
394 515 540 583 tota
1346 518 1577 578 SCALA
1607 518 1991 581 PARADISI.
2025 544 2093 552 —
2114 519 2424 581 ΘΒΜ)Πὸ
2452 519 2659 583 XXVI.-
3395 580 3399 585 .
3534 518 3671 584 101'.

429 661 3661 692 .—____.—___————_——_______.__.______._________________

987 743 1213 796 ΛΟΓΟΣ
1244 743 1391 811 Kq'.

2616 746 2900 825 omnes
2946 748 3138 806 XXVI.

388 834 541 904 Περὶ
554 832 908 902 διακρίσεως
928 833 1257 905 λογισμῶν,
1273 835 1371 889 καί
1389 834 1617 901 παθῶν,
1632 835 1729 890 καί
1744 836 1988 907 ἀρετῶν.

2105 838 2171 893 De
2224 839 2538 895 discretione
2589 843 2994 913 cogitationum,
3035 845 3281 901 vitiorum
3316 854 3366 900 et
3395 846 3671 901 uirtutum.

470 925 758 997 Διάκρισίς
793 927 939 980 ἐστιν
972 928 1030 980 ὲν
1075 925 1177 997 μὲν
1224 928 1338 991 τοῖς
1383 927 1779 998 εἰσαγομένοις,
1814 930 1849 1000 ή
1884 929 1992 982 τῶν

2161 929 2431 988 Discretio
2459 933 2513 987 in
2544 934 2818 991 tironibus
2851 951 2947 992 seu
2981 938 3211 996 rudibus
3240 949 3325 995 est
3356 939 3596 1009 perfecta
3623 949 3677 994 et

394 1020 527 1074 καθ’
576 1020 806 1083 ἑαυτοὺς
849 1018 1055 1091 ἀληθὴς
1100 1019 1428 1087 ἐπίγνωσις·
1476 1020 1535 1074 έν
1567 1021 1679 1081 τοῖς
1716 1018 1774 1073 δὲ
1809 1018 1993 1090 μέσοις

2105 1037 2217 1078 rera
2249 1032 2430 1081 status
2473 1024 2560 1081 sui
2607 1025 2887 1081 interioris
2968 1029 3227 1099 cognitio.
3257 1029 3313 1084 In
3345 1027 3540 1085 mediis
3578 1045 3674 1086 seu

394 1115 434 1183 ἡ
469 1111 532 1165 τὸ
575 1110 784 1183 κυρίως
811 1110 1018 1180 ἀγαθὸν
1061 1112 1126 1165 ὲκ
1168 1111 1264 1165 τοῦ
1299 1111 1552 1182 φυσικοῦ,
1582 1112 1677 1165 καὶ
1712 1114 1804 1165 τοῦ
1838 1113 1994 1165 ἐναν-

2105 1115 2525 1185 proficientibus,
2552 1125 2657 1174 est.
2670 1132 2864 1175 sensus
2894 1119 3117 1190 quidam
3146 1122 3312 1177 animi
3345 1122 3441 1192 qui
3470 1123 3675 1178 bonum

390 1200 518 1254 τίου
550 1201 867 1266 ἀπταίστως
893 1200 1244 1273 διακρίνουσα
1273 1201 1435 1275 νοερὰ
1463 1202 1743 1276 αἴσθησιςο
1777 1204 1838 1257 ὲν
1880 1207 1994 1269 τοῖς

2105 1209 2313 1278 proprie
2341 1209 2549 1266 dictum
2599 1225 2632 1266 a
2684 1211 2912 1283 physico
2958 1222 3013 1268 et
3061 1213 3180 1285 ejus
3230 1215 3513 1270 contrario
3559 1214 3678 1271 sine

392 1292 456 1346 δὲ
486 1290 716 1356 τελείοις
748 1293 846 1362 (Ι),
879 1294 914 1365 ή
957 1292 1044 1347 διὰ
1078 1292 1229 1357 θείας
1254 1293 1575 1364 ὲλλάμψεως
1611 1294 1994 1366 ἐνυπάρχουσα

2105 1316 2284 1358 errore
2306 1301 2677 1374 dijudicat...ln
2707 1302 2968 1375 perfectis
2997 1314 3082 1362 est
3107 1307 3374 1377 cognitio,
3399 1323 3468 1363 ex
3493 1307 3677 1363 divina

394 1382 631 1452 γνῶσις,
684 1383 809 1454 ἣτις
854 1383 949 1437 καὶ
981 1382 1049 1438 τὰ
1099 1385 1157 1439 ὲν
1195 1385 1376 1448 ἄλλοις
1413 1386 1703 1451 σκοτεινῶς
1753 1387 1993 1458 ἐνυπάρ-

2105 1394 2458 1452 lllustratione
2479 1405 2600 1452 orta
2628 1412 2880 1467 quaeque,
2922 1408 2978 1453 et
3020 1399 3083 1453 in-
3129 1400 3252 1455 aliis
3298 1401 3532 1456 obscura
3577 1416 3680 1456 suo

396 1493 570 1546 χοντα
623 1474 704 1546 τῷ
770 1477 969 1548 ἑαυτῆς
1025 1476 1204 1550 λύχνῳ
1257 1479 1657 1547 καταφωτίςειν
1712 1479 1991 1550 ἰσχύουσα.

2105 1489 2303 1544 lumine
2328 1489 2609 1546 illustrare
2641 1500 2856 1562 potest..
2877 1491 2987 1547 Aut
3016 1490 3250 1549 fortasse
3277 1493 3603 1562 generatim,
3626 1503 3681 1549 et

398 1571 475 1623 ’Ἡ
520 1571 667 1640 τάχα
696 1568 1002 1633 καθολικῶς
1046 1570 1204 1623 τοῦτο
1238 1571 1333 1624 καὶ
1362 1569 1497 1633 ἐστι,
1550 1570 1645 1624 καὶ
1671 1571 1995 1644 γνωρίζεται

2105 1583 2284 1638 omnia
2316 1583 2731 1653 complectendo
2763 1584 2870 1640 hoc
2895 1593 3080 1649 et-est,
3111 1592 3167 1639 et
3186 1594 3187 1597 ‘
3209 1585 3685 1657 intelligitunesse

396 1662 701 1732 διάκρισις,
744 1662 776 1732 ἡ
826 1659 922 1713 τοῦ
959 1660 1101 1714 θείου
1142 1661 1445 1733 θελήματος
1476 1662 1725 1733 ἀσφαλὴς
1752 1664 1996 1736 κατάλη-

2105 1675 2377 1742 tliscretio,
2413 1677 2614 1733 divinae
2640 1677 2904 1735 nimirum
2939 1679 3237 1735 voluntatis
3268 1689 3421 1735 certe
3442 1688 3500 1734 et
3527 1678 3682 1734 firma

397 1751 495 1821 ψις
523 1753 585 1804 ἐν
619 1755 785 1806 παντὶ
834 1752 1033 1826 καιρῷ,
1083 1754 1178 1811 καὶ
1207 1754 1377 1826 τόπῳ,
1406 1756 1502 1809 καὶ
1541 1755 1849 1829 πράγματι,
1874 1758 1997 1829 ἥτις

2105 1770 2539 1840 comprehensio,
2565 1771 2763 1841 quovis
2793 1780 3058 1843 tempore,
3090 1786 3418 1843 quocunque
3446 1771 3501 1827 in
3535 1772 3682 1839 loco,

398 1844 708 1917 ἐνυπάρχει
762 1845 947 1914 μόνοις
974 1847 1085 1909 τοῖς
1128 1846 1386 1918 καθαροῖς
1403 1849 1473 1918 τῇ
1522 1848 1720 1920 καρδίᾳ
1755 1851 1851 1920 (2),
1902 1851 1998 1905 καὶ

2105 1871 2153 1918 et
2188 1865 2430 1933 negotio,
2471 1878 2634 1933 quam
2673 1873 2887 1921 tantum
2938 1865 3219 1935 possident
3268 1865 3457 1919 mundi
3498 1866 3681 1931 corde,

399 1934 484 2006 τῷ
522 1935 757 2006 σώματι,
803 1937 898 1993 καὶ
928 1936 1007 2007 τῷ
1039 1938 1289 2008 στόματι.
1327 1939 1382 1991 Ὀ
1409 1938 1507 2010 μὲν
1536 1942 1666 2003 τοὺς
1710 1943 1861 2012 τρεῖς
1906 1943 1998 1995 εὖ-

2105 1970 2329 2027 corpore
2353 1966 2407 2012 et
2433 1971 2551 2012 ore.
2585 1957 2689 2023 Qui
2731 1964 2846 2014 tres
2871 1934 3059 2014 hostes
3087 1958 3339 2029 religiose
3374 1959 3683 2029 prostrarit,

411 2025 586 2086 σεῦῶς
615 2025 860 2080 καθελὼν
895 2027 1218 2096 συγκαθεῖλε
1251 2028 1326 2099 (ὅ)
1349 2069 1364 2093 ,
1408 2029 1504 2082 καὶ
1552 2030 1679 2093 τοὺς
1725 2031 1887 2085 πέντε
1913 2046 1927 2062 ·
1969 2034 1998 2086 ό

2105 2025 2403 2119 prostravit
2424 2058 2481 2105 et
2510 2050 2775 2121 quinque.
2811 2050 2915 2117 Qui
2966 2051 3090 2107 illos
3147 2025 3391 2123 negligit,
3426 2060 3683 2106 neutrum

416 2118 477 2170 δὲ
505 2119 717 2172 ἐκείνων
748 2094 1277 2192 ἀμελῶννοὺδέτερον
1303 2121 1537 2192 νικήσει.
1568 2122 1850 2194 Διάκρισίς
1880 2126 1996 2177 ἐστι

2105 2094 2403 2119 ,....--.-..-
2427 2094 2481 2105 ν-
2512 2094 2775 2121 .,......,..--
2816 2094 2915 2117 κ...
2967 2094 3090 2107 .......
3147 2094 3391 2123 ....,,..,,..,
3426 2094 3683 2106 ..υ-υ...-

2105 2142 2299 2198 vincet.
2331 2142 2494 2214 332
2533 2142 2800 2200 Diseretio
2844 2153 2929 2202 est
2972 2146 3307 2202 conscientia
3354 2144 3687 2200 incontami-

419 2210 714 2283 συνείδησις
742 2212 1065 2282 ἀμόλυντος,
1101 2213 1195 2269 καὶ
1246 2212 1464 2284 καθαρά
1490 2214 1776 2287 uicena-tr
1811 2217 2001 2288 μηδεὶς

2105 2244 2249 2302 nata,
2280 2210 2535 2306 et‘pinms
2567 2245 2864 2308 castusque
2893 2253 3111 2294 sensus.
3154 2237 3349 2305 Nemo,
3379 2254 3504 2293 cum
3537 2252 3688 2308 quaa-

408 2305 472 2355 ἐν
498 2304 566 2372 τῇ
597 2303 859 2375 μοναδικῇ
893 2302 1139 2375 πολιτείᾳ
1183 2304 1325 2375 ὑπὲρ
1365 2304 1527 2374 φύσιν
1555 2307 1677 2391 τινὰ
1703 2307 1917 2363 ἀκούων
1964 2310 1997 2380 ἢ

2105 2329 2224 2384 dam
2258 2329 2313 2383 in
2340 2329 2593 2399 religioso
2637 2330 2762 2385 vita
2805 2339 2950 2386 statu
2996 2347 3160 2401 supra
3194 2343 3405 2386 naturae
3426 2332 3539 2385 vim
3570 2329 3688 2386 fieri

403 2394 577 2465 ὁρῶν,
620 2396 683 2463 ἐξ
730 2397 1010 2466 ἀγνωσίας
1053 2397 1134 2460 είς
1176 2398 1437 2452 ἀπιστίαν
1488 2400 1815 2472 περιπέσοι·
1864 2401 1999 2456 ὅπου

403 2485 518 2555 γὰρ
553 2486 850 2558 ὲνδημήσει
875 2489 905 2542 ὁ
944 2488 1085 2560 ὑπὲρ
1129 2488 1291 2558 φύσιν
1324 2490 1478 2555 Θεὸς,
1528 2493 1667 2565 ὑπὲρ
1701 2491 1863 2561 φύσιν
1895 2493 2003 2548 λοι·-

402 2575 514 2627 πὸν
540 2575 611 2629 τὰ
651 2576 879 2629 πλείστα
907 2575 1019 2629 τῶν
1046 2577 1387 2648 πραγμάτων
1431 2579 1692 2646 γίνονται.
1736 2579 1826 2633 Ἐν
1856 2580 2004 2651 τρισὶ

402 2663 624 2729 τούτοις
659 2667 1047 2733 γενικωτάτοις
1091 2664 1314 2735 τρόποις
1368 2666 1476 2729 πᾶς
1525 2665 1763 2736 πόλεμος
1816 2664 2006 2736 δαιμο-

400 2756 612 2826 νιώδης
659 2758 715 2809 ὲν
758 2757 891 2828 ἡμῖν
944 2757 1282 2822 συνίσταται,
1334 2756 1367 2828 ἢ
1422 2757 1480 2823 ἐξ
1532 2757 1815 2826 ἀμελείας,
1862 2756 1895 2827 ἢ
1944 2756 2005 2822 ἐξ

406 2848 816 2919 ὑπερηφανίας,
847 2850 880 2920 ἢ
909 2852 974 2904 ἐκ
1005 2849 1200 2918 φθόνου
1237 2849 1346 2903 τῶν
1379 2849 1649 2921 δαιμόνων
1668 2867 1681 2881 ·
1715 2849 1810 2904 καὶ
1837 2850 2006 2904 ἐλεειο

403 2941 501 3004 νὸς
549 2941 651 3011 μὲν
686 2942 715 2994 ὀ
758 2940 975 3012 πρῶτος
999 2957 1011 2969 ·
1051 2939 1346 3005 πανάθλιος
1376 2943 1405 2995 ό
1429 2940 1679 3012 δεύτερος
1700 2958 1713 2972 ο
1748 2943 1776 2996 ὁ
1806 2942 1862 2996 δὲ
1891 2941 2006 3014 τρί-

404 3051 507 3098 τος
551 3033 1044 3105 τρισμακάριστος.
1079 3033 1276 3106 Σκοπῷ
1306 3035 1400 3088 καὶ
1428 3035 1614 3090 κανόνι
1644 3034 1722 3107 τῷ
1749 3036 2005 3107 ἡμετέρῳ

406 3123 559 3177 κατὰ
611 3123 744 3178 Θεὸν
790 3124 1050 3178 συνειδότι
1108 3126 1246 3196 πρὸς
1301 3127 1480 3180 πάντα
1528 3126 1860 3198 χρησώμεθα
1905 3127 2003 3200 (4),

407 3216 503 3269 ἵνα
558 3216 773 3285 γνόντες
806 3216 902 3287 τὴν
932 3216 1039 3270 τῶν
1076 3218 1295 3283 ἀνέμων
1336 3218 1503 3289 πνοὴν
1554 3218 1716 3272 πόθεν
1761 3218 2000 3292 ἔρχεται,

409 3307 555 3331 ..-λι
608 3307 733 3331 -.ε-ι
789 3306 977 3331 \--_l-.
1037 3308 1124 3331 --_\
1166 3308 1229 3331 _l_
1281 3310 1422 3331 !-_!..
1485 3311 1662 3331 ’.η-..-Ι
1703 3328 1810 3331 ,,_,_
1917 3313 2001 3331 vn,

2112 3216 2425 3227 -.μη-νη
2448 3216 2499 3227 υ.
2529 3216 2734 3228 -..ηνη
2771 3216 2866 3228 νυ..
2906 3216 3111 3243 Nam“,
3155 3216 3457 3226 --ν-ηπ.--
3499 3216 3693 3237 _-_---,

2108 3272 2332 3320 utamur
2392 3265 2732 3321 conscientia
2805 3274 3018 3331 nostra,
3080 3273 3141 3319 ut
3196 3263 3697 3317 animadvertamus

407 3307 555 3377 πρὸς
603 3307 737 3361 αὐτὸ
789 3306 999 3374 λοιπὸν,
1036 3308 1230 3363 καὶτὰ
1281 3310 1427 3363 ἱστία
1477 3311 1868 3381 ἀνατείνωμεν.
1917 3313 2004 3366 Ἑν

408 3397 623 3430 σμῗνκηιρ
666 3399 823 3430 «ιη-ιτ...
854 3402 976 3430 -..τι
1023 3400 1162 3430 ..-ι-Α.
1212 3400 1346 3430 Ωιι)...
1392 3402 1678 3430 ι-....-ι...-
1735 3404 1807 3430 Ib.“
1857 3408 2004 3430 _--!_

2113 3306 2321 3320 πη.-.
2393 3306 2732 3321 “usus...”
2807 3306 3018 3331 .....,....,
3083 3306 3141 3319 ...
3196 3306 3697 3317 .............-......._..

2110 3358 2256 3413 unde
2310 3365 2599 3414 ventorum
2645 3358 2873 3430 spirit-us
2905 3356 3194 3421 exsistam,
3217 3356 3420 3411 et'vela
3463 3354 3531 3409 ad
3574 3354 3698 3409 illos

408 3397 623 3461 πάσαις
666 3399 823 3469 ήμῶν
854 3402 976 3464 ταῖς
1023 3400 1165 3454 κατά
1212 3400 1346 3454 Θεὸν
1391 3402 1678 3473 ἐργασίαις
1734 3404 1809 3475 (5)
1855 3408 2004 3478 τρεῖς

409 3489 549 3522 διαίτη
594 3486 850 3522 ευριπ-...ηρ
889 3492 935 3522 ,ις
983 3491 1234 3522 sum-.."
1263 3491 1551 3522 ληπρρλη...
1634 3494 1739 3522 ιτ..ι
1791 3494 2004 3522 --.τ...-.,

2113 3397 2256 3413 ..των
2319 3397 2598 3414 unus.-."
2645 3397 2873 3430 svum...
2905 3397 3272 3421 s-...........,...
3313 3397 3420 3409 ω...
3464 3397 3531 3409 ....
3576 3397 3697 3409 ...νυ

2112 3452 2420 3507 tendamus.
2469 3453 2526 3507 In
2557 3453 2814 3508 omnibus
2877 3451 3153 3522 religiosis
3208 3447 3697 3504 exercitationibus

409 3489 549 3558 ἡμῖν
593 3486 850 3557 βοθύνους
888 3492 938 3544 οἱ
982 3491 1234 3561 δαίμονες
1262 3491 1576 3561 ὀρύσσουσιο
1634 3494 1744 3551 Καὶ
1790 3494 2007 3565 πρῶτον
2035 3486 2076 3504 “⁴
2108 3486 3160 3565 ΪἿἾῙὛἺῘΣῘῘΪῨῘ¹¹Ῑ’,’ΪΣ”.μΪΪ⁵¹.’Ϊ⁵ΖΪζῗ
3189 3486 3537 3565 itif”fo

414 3542 521 3649 μὲν
569 3542 1035 3644 παλαίουσιν,-ίνα
1164 3542 2003 3652 ἀγαθὸνξέν’λῌᾷωὲῖνγενὲξῦᾆξί

2108 3547 2314 3601 nostris
2334 3546 2613 3603 daemones
2635 3546 2793 3602 nobis
2817 3555 2926 3602 tres
2950 3544 3163 3599 fodiunt
3187 3543 3432 3600 scrobes.
3453 3542 3696 3596 Primum

409 3636 672 3739 δεύτερον
698 3669 758 3724 δὲ
798 3636 937 3741 μετά
967 3669 1066 3742 τὴν
1112 3636 1341 3743 πρῶτην
1370 3636 1773 3745 αὐτῶντήτταν,

2108 3640 2465 3695 contendunt-
2495 3642 2737 3713 rte-quid
2785 3642 2914 3697 boni
2962 3640 3251 3697 faciamus.
3292 3640 3560 3695 Caeterum
3605 3636 3695 3692 ubi

411 3761 570 3814 κατὰ,
590 3759 724 3814 Θεὸν
748 3760 809 3813 τὸ
838 3761 1000 3831 τυχὸν
1037 3742 1282 3832 γένηται.
1319 3762 1489 3821 Ὅταν
1509 3763 1580 3817 ,δὲ
1606 3742 1701 3823 καὶ
1735 3742 2004 3820 τούτουνοί

2108 3756 2286 3824 primo
2318 3757 2502 3825 praelio
2538 3757 2731 3813 devicti
2773 3766 3076 3823 cesserunt,
3111 3763 3382 3812 conantur
3410 3752 3537 3810 boni
3564 3767 3699 3824 ope-

414 3852 652 3905 κλέπται
695 3852 791 3906 τοῦ
836 3852 1041 3906 σκοποῦ
1090 3852 1432 3925 ἀποτύχωσι,
1481 3854 1602 3910 τότε
1652 3856 1841 3913 λοιπὸν
1872 3859 2004 3929 ήσυ-

2109 3848 2188 3904 ris
2221 3849 2381 3904 finem
2414 3866 2786 3921 corrumpere,
2813 3865 2880 3906 ne
2926 3851 3019 3906 fiat
3047 3848 3113 3903 ad
3145 3850 3357 3904 laudem
3389 3846 3504 3902 Dei.
3539 3845 3696 3912 Quod

428 3944 557 4014 χίως
588 3943 906 4009 ἐπιστάντες
934 3947 992 4000 ἐν
1039 3947 1104 4017 τῇ
1149 3946 1393 4018 ἡμετέρα
1420 3946 1566 4018 ψυχῇ
1611 3949 2004 4021 μακαρίζουσιν

2111 3941 2155 3996 si
2181 3950 2235 3997 et
2265 3941 2356 3997 hic
2390 3941 2541 3999 fures
2583 3957 2613 3997 a
2655 3957 2823 4013 scopo
2851 3943 3202 4006 aberrarunt,
3228 3948 3344 3996 tum
3374 3939 3595 3995 demum
3642 3938 3694 3990 iu

422 4037 594 4107 ἡμᾶς,
624 4037 701 4101 ὡς
736 4037 877 4090 κατὰ
908 4036 1042 4091 Θεὸν
1085 4037 1143 4090 ἐν
1190 4039 1359 4094 πᾶσιν
1389 4038 1858 4111 πολιτευομένους.
1902 4041 2004 4096 Τοῦ

2111 4034 2329 4090 silentio
2378 4036 2577 4105 quietis
2634 4036 2855 4102 adsunt,
2897 4043 2951 4090 et
2998 4033 3187 4089 beatos
3247 4049 3349 4088 nos
3402 4032 3457 4085 in
3511 4030 3695 4085 anima

419 4124 525 4195 μὲν
551 4125 820 4199 προτέρου
851 4124 1065 4197 ἐχθρὸς,
1102 4127 1308 4198 σπουδή
1334 4126 1427 4183 καὶ
1456 4127 1699 4200 μέριμνα
1739 4130 1971 4186 θανάτου
1991 4149 2004 4164 ·

2110 4126 2428 4198 praedicant,
2460 4127 2599 4198 quod
2633 4128 2818 4183 omnia
2871 4127 2937 4183 ad
2984 4136 3177 4182 nutum
3219 4134 3273 4180 et
3305 4125 3569 4181 honorem
3602 4122 3698 4179 Dei

415 4217 514 4271 τοῦ
548 4218 608 4271 δὲ
649 4217 927 4289 δευτέρου,
957 4218 1208 4290 ὑποταγὴ
1260 4222 1353 4273 καὶ
1400 4217 1784 4285 ὲξουδένωσιςο
1809 4221 1904 4275 τοῦ
1952 4222 2004 4276 δὲ

2112 4235 2387 4291 geramus.
2434 4219 2616 4275 Primo
2666 4220 2993 4275 adversatur
3039 4219 3283 4274 studium
3319 4217 3613 4288 diligentiae
3644 4226 3699 4273 ct

411 4308 630 4379 τρίτου,
656 4308 718 4362 τὸ
764 4308 957 4363 ἑαυτὸν
990 4309 1253 4380 διηνεκῶς
1286 4310 1767 4383 καταμέμφεσθαι.
1819 4313 2003 4369 Τοῦτο

2112 4309 2395 4364 meditatio
2444 4309 2675 4377 mortis;
2727 4309 2882 4363 alteri
2927 4307 3194 4379 sultjectio
3249 4318 3304 4364 et
3354 4314 3698 4376 contemptus

412 4398 612 4464 κόπος
640 4398 817 4453 ἐστίν
846 4399 1104 4453 ἐνώπιον
1143 4398 1334 4469 ἡμῶν,
1364 4401 1476 4468 ἕως
1523 4398 1595 4458 οὗ
1638 4403 1884 4473 εἰσέλθῃ
1922 4407 2004 4472 είς

2112 4399 2234 4465 sui;
2261 4409 2539 4468 postremo
2569 4400 2948 4459 continuasui
2982 4399 3155 4468 ipsius
3185 4398 3557 4469 reprehensio.
3585 4396 3700 4451 ΙΙυο

412 4488 489 4541 τὸ
523 4487 916 4557 ἁγιαστήριον
961 4487 1132 4559 ἡμῶν
1168 4490 1231 4543 τὸ
1283 4489 1395 4563 πῦρ
1445 4492 1507 4545 τὸ
1558 4492 1653 4547 τοῦ
1680 4493 1837 4548 Θεοῦ.
1897 4496 2004 4550 Οὐκ

2113 4490 2264 4545 labor
2314 4501 2387 4545 est
2429 4500 2550 4545 ante
2582 4507 2696 4554 nos,
2723 4491 2886 4545 denso
2918 4491 3059 4562 ignis
3114 4490 3207 4546 Dei
3262 4493 3419 4545 intret
3474 4490 3529 4542 in
3572 4505 3701 4544 san-

415 4578 638 4632 εσονται
667 4578 777 4650 γὰρ
799 4579 983 4633 λοιπὸν
1009 4580 1129 4634 τότε
1160 4581 1484 4657 προλήψεων
1504 4585 1562 4639 ἐν
1590 4586 1724 4657 ήμῖν
1753 4586 2004 4656 ἀνάγκαι.

2115 4584 2380 4637 ctuarium
2439 4592 2677 4637 nostrum
2722 4582 2790 4637 ".
2829 4581 3015 4655 Neque
3057 4583 3203 4637 enim
3278 4582 3385 4641 ulla
3437 4581 3698 4651 deinceps

424 4673 499 4724 Ὀ
538 4670 646 4741 γὰρ
677 4670 823 4737 Θεὸς
853 4672 1010 4743 ήμῶν
1042 4673 1162 4742 πῦρ
1197 4675 1592 4733 καταναλίσκον
1620 4680 1802 4734 πᾶσαν
1825 4680 2004 4752 πύρω-

2113 4689 2245 4730 cura
2308 4682 2404 4729 aut
2472 4674 2776 4731 necessitas
2857 4676 2964 4729 erit
3027 4673 3099 4729 ob
3163 4681 3464 4744 praeceptas
3517 4673 3705 4727 animo

417 4780 511 4816 σιν
544 4763 639 4816 καὶ
687 4763 923 4835 κίνησιν,
978 4766 1071 4820 καὶ
1112 4766 1405 4839 πρόληψιν,
1442 4768 1537 4823 καὶ
1582 4770 1864 4842 πώρωσιν,
1914 4773 2004 4844 τὴν

2118 4763 2318 4836 prioris
2351 4765 2472 4819 vitae
2518 4764 2746 4821 vitiosas
2791 4763 3106 4821 aliectiones
3134 4772 3229 4821 aut
3251 4762 3697 4819 consuetudines.

414 4852 579 4916 ἐντὸς
634 4854 732 4905 καὶ
780 4854 937 4919 ὲκτὸς
989 4854 1278 4928 ὁρωμένην
1328 4874 1389 4910 τε
1442 4858 1537 4912 καὶ
1584 4860 1901 4933 νοουμένην.
1952 4864 2004 4916 0|

2118 4855 2279 4928 333
2319 4856 2460 4911 Deus
2487 4857 2632 4911 enim
2672 4866 2751 4911 est
2782 4858 2920 4928 ignis
2950 4872 3170 4915 omnem
3205 4872 3402 4912 sensus
3424 4857 3700 4920 ardorem,

413 4942 681 5011 δαίμονες
721 4943 781 4997 τὸ
826 4946 1070 4999 ἐναντίον
1123 4946 1289 5002 πάλιν
1342 4947 1453 5003 τῶν
1491 4950 1798 5020 εἰρημένων
1847 4955 2004 5009 ποιείτ

2118 4964 2420 5019 omnesque
2451 4958 2636 5006 motus
2666 4964 2887 5019 pravos,
2920 4950 3423 5020 przesumptionem,
3454 4961 3699 5003 occaeca-

418 5036 760 5103 πεξύκασιν.
824 5038 993 5093 Ἐπάν
1053 5040 1163 5111 γὰρ
1209 5041 1309 5110 τῆς
1366 5041 1549 5114 ψυχῆς
1603 5043 2004 5114 περιγένωνται

2117 5042 2323 5096 tionem
2354 5056 2478 5095 cum
2508 5041 2823 5096 interiorem
2857 5052 2969 5097 tum
3002 5042 3326 5095 exteriorem
3360 5039 3544 5104 etiam,
3582 5054 3704 5108 qua:

417 5130 523 5183 καὶ
558 5129 620 5183 τὸ
643 5130 737 5183 τοῦ
764 5130 885 5195 νοὸς
914 5131 1031 5200 φῶς
1065 5132 1491 5204 περιτρέψωσιν,
1525 5135 1626 5188 οὐκ
1659 5134 1740 5189 ἔτι
1768 5135 1920 5190 ἔσται
1953 5139 2004 5192 ὲν

2117 5132 2171 5188 in
2206 5132 2536 5203 cogitatione
2564 5141 2836 5198 versatur,
2872 5148 3203 5186 consumens.
3247 5130 3531 5187 Daemones
3565 5148 3701 5187 con-
3735 5177 3741 5209 ε

416 5222 562 5292 ἡμῖν
590 5222 702 5285 τοῖς
734 5221 963 5288 ἀθλίοις,
992 5223 1059 5276 οὖ
1099 5222 1280 5293 νῆψις,
1311 5225 1372 5278 οὐ
1417 5225 1710 5297 διάκρισις,
1758 5229 1859 5282 οὑκ
1892 5230 2004 5283 ἐπί·

2122 5226 2289 5281 traria
2327 5225 2587 5279 omnibus
2619 5223 2733 5293 jam
2766 5224 2930 5279 dictis
2961 5225 3014 5277 in
3049 5224 3208 5279 nobis
3251 5224 3429 5279 facere
3467 5238 3703 5279 consue-

419 5329 650 5380 γνωςις,
682 5312 781 5366 οὐκ
806 5313 1042 5384 ὲντροπή
1065 5329 1080 5343 ·
1106 5312 1223 5366 ἀλλ’
1253 5314 1575 5382 ἁναλγησία,
1626 5317 1720 5369 καὶ
1752 5318 2004 5390 ἀναισθη·

2121 5324 2334 5371 verunt.
2354 5313 2490 5373 Nam
2522 5315 2615 5370 ubi
2634 5315 2875 5370 animam
2900 5316 3001 5370 sibi
3026 5316 3320 5369 obnoxiam
3348 5315 3703 5371 reddiderunt

422 5405 545 5470 σία,
579 5406 671 5458 καί
702 5404 1036 5477 ἀδιακρισία,
1068 5405 1161 5459 καὶ
1184 5405 1435 5475 ἀϐλεψία.

2121 5410 2428 5483 mentisque
2461 5409 2645 5464 lumen
2690 5408 3090 5473 exstinxerunt,
3129 5418 3242 5462 tum
3288 5409 3435 5462 nulla
3466 5409 3701 5479 amplius

423 5511 519 5558 est
552 5504 605 5557 in
637 5502 797 5560 nobis
822 5503 1041 5560 miseris
1071 5501 1361 5567 sobrietas,
1387 5503 1534 5558 nulla
1560 5502 1841 5570 discretio,
1871 5506 2016 5563 nulla
2058 5506 2319 5580 cognitio,
2356 5504 2504 5560 nulla
2538 5504 2865 5572 reverentia,
2902 5503 2995 5559 sed
3039 5503 3358 5573 indolentia,
3401 5512 3702 5575 stuporque

420 5594 624 5661 animi,
654 5596 991 5664 indiscretio,
1031 5605 1085 5652 et
1111 5596 1328 5652 caecitas
1360 5597 1577 5653 mentis.

503 5684 690 5739 Οἴδασι
729 5686 837 5759 γὰρ
885 5686 953 5740 τὰ
1005 5686 1273 5757 εἰρημένα
1320 5681 1379 5740 εὗ
1436 5685 1580 5757 μάλα
1627 5687 1811 5756 σαφῶς
1854 5689 1902 5742 oi
1951 5690 2004 5743 ὲκ

2195 5686 2319 5741 Haec
2348 5685 2533 5739 omnia
2560 5699 2681 5753 quae
2721 5684 2833 5754 jam
2880 5694 3305 5738 commemorata
3339 5693 3498 5753 sunt,
3536 5684 3702 5756 probe

422 5778 691 5848 ⁴ιιῖορνείας
738 5778 1134 5850 ἀνανήψαντες,
1181 5779 1273 5834 καὶ
1322 5781 1384 5833 ἐκ
1418 5779 1727 5851 παρρησίας
1776 5781 2004 5836 ὑποστα-

2125 5786 2323 5837 norunt
2370 5777 2409 5833 ii
2434 5777 2525 5849 qui
2558 5793 2624 5834 ex
2654 5777 2963 5846 impunitate
3006 5776 3070 5830 ad
3123 5776 3471 5833 sobrietatem
3524 5776 3704 5832 redic-

2106 2422 2188 2478 vel
2222 2422 2458 2477 audierit
2487 2429 2584 2478 aut
2616 2423 2832 2491 viderit,
2865 2439 2932 2478 ex
2960 2439 3142 2479 rerum
3173 2423 3480 2493 ignorantia
3515 2424 3569 2476 in
3601 2423 3690 2477 in-

2103 2517 2480 2573 credulitatem
2535 2517 2741 2573 incidat
2785 2536 2798 2572 :
2837 2518 3347 2588 ubicunque'enim
3395 2516 3563 2581 Deus,
3593 2519 3688 2587 qui

2105 2626 2271 2681 supra
2319 2623 2571 2667 naturam
2601 2623 2707 2680 est,
2746 2620 2994 2668 versatur
3045 2620 3391 2682 etxprcsens
3447 2618 3552 2676 est,
3613 2610 3689 2665 ibi

2104 2704 2365 2775 pleraque
2392 2704 2575 2760 omnia
2605 2705 2878 2776 deinceps
2912 2719 3078 2776 supra
3124 2713 3336 2760 natura:
3376 2702 3688 2759 facultatem

2105 2798 2220 2852 fieri
2253 2799 2450 2855 solent.
2482 2797 2688 2856 Tribus
2739 2800 2893 2855 hisce
2926 2798 3113 2855 modis
3136 2798 3222 2853 vel
3261 2798 3500 2853 maxime
3525 2811 3692 2867 gene-

2106 2891 2314 2967 ralibus
2361 2893 2502 2947 bello
2549 2907 2656 2949 nos
2705 2892 2955 2948 diabolus
2992 2899 3299 2963 oppugnat,
3344 2890 3691 2962 negligentia,

2107 2984 2365 3054 superbia
2403 2994 2459 3039 et
2508 2986 2768 3055 sua-ipse
2809 2984 3035 3040 invidia.
3068 2983 3412 3039 Mi‘serandus
3458 2983 3691 3052 primus,

2106 3076 2451 3134 miserrimus
2498 3079 2655 3143 alter,
2701 3077 3057 3134 felicissimus
3097 3085 3151 3133 et
3200 3076 3553 3131 beatissimus
3579 3083 3693 3129 ter-

2111 3170 2425 3227 tiuleeta
2446 3182 2499 3227 et
2529 3172 2734 3228 amussi
2770 3187 2866 3228 seu
2902 3172 3111 3243 regula,
3154 3170 3457 3226 secundum
3499 3168 3693 3237 Deum,

506 5936 546 5966 "
576 5933 913 6002 Psal.uxu,
948 5936 1035 6004 16,
1079 5937 1159 5991 17.
