4042 6454
459 468 609 535 1015

1672 476 1733 526 ὃ·
1754 477 1995 530 JUANN
2012 479 2081 529 ιδ
2148 478 2454 534 ιιιΜΑω

3587 472 3715 538 1016

452 583 605 643 runt,
640 574 846 647 quique
888 590 953 631 ex
1000 576 1167 631 nimia
1207 574 1532 631 conﬁdentia
1576 575 1643 633 ad
1683 581 2028 646 modestiam,

2142 556 2339 649 λέντες,
2374 586 2468 640 καὶ
2501 584 2550 638 οἱ
2595 585 2655 651 ἐξ
2700 585 2974 649 ἀναιδείας
3021 584 3101 650 εἰς
3138 584 3491 657 συναίσθησιν
3530 586 3717 659 ἐληλυ-

453 670 522 722 ab
557 669 889 737 impudentia
926 669 993 724 ad
1030 668 1291 738 pudorem
1333 669 1707 736 transierunt,
1759 677 2033 743 quomodo

450 769 577 830 post
610 768 884 827 receptam
918 748 1117 815 mentis
1145 761 1459 829 sanitatem,
1508 771 1561 818 et
1597 765 1830 819 solutam
1874 767 2033 821 ειερὶ-

451 860 643 915 tatem,
677 864 774 906 seu
802 849 987 920 potius
1014 852 1423 921 wrruptionem
1467 854 1615 923 ipsos
1658 857 1743 910 sui
1788 855 2032 928 ipsorum

451 942 672 1010 pudeat,
707 941 780 998 ob
807 956 872 997 ea
906 956 1030 1013 quae
1058 942 1235 1013 prius,
1291 961 1416 1001 cum
1468 947 1521 1000 in
1574 950 1813 1004 caecitate
1852 965 2035 1005 versa-

452 1042 664 1097 rentur,
691 1033 1058 1104 loquebantur
1080 1044 1138 1090 et
1162 1035 1414 1106 agebant.
1447 1036 1563 1092 Nisi
1590 1049 1952 1109 vesperascat,
1982 1048 2035 1096 et

451 1133 734 1181 noctescat
777 1126 952 1196 prius,
998 1125 1150 1184 iures
1183 1128 1237 1183 in
1279 1128 1402 1185 luce
1444 1131 1644 1185 anima:
1688 1142 1742 1187 et
1781 1133 1868 1187 die
1898 1132 2034 1188 nihil

450 1216 611 1273 facile
636 1217 984 1285 furabuntur,
1013 1228 1111 1274 aut
1133 1220 1471 1284 mactabunt,
1501 1232 1594 1277 aut
1621 1224 1868 1293 perdent.
1902 1223 2036 1280 Fur-

450 1317 565 1362 tum
597 1317 702 1371 est,
743 1324 870 1365 cum
917 1309 1102 1374 anima
1148 1325 1254 1364 non
1293 1312 1534 1367 sentiens
1564 1310 1697 1384 [non
1726 1314 2034 1387 advertens]

450 1399 507 1453 in
540 1400 913 1471 captivitatem
968 1402 1209 1457 trahitur
1251 1421 1267 1456 :
1314 1410 1590 1459 mactatur
1637 1407 1855 1472 animo,
1909 1421 2033 1461 cum

450 1506 656 1548 sensus
690 1493 890 1549 mentis
921 1494 1310 1565 exstinguitur,
1353 1495 1426 1550 ita
1472 1504 1535 1550 ut
1570 1497 1625 1551 in
1660 1497 1802 1552 foeda
1841 1508 1896 1552 et
1939 1514 2037 1553 ne-

450 1583 590 1640 l‘aria
624 1599 792 1656 opera
837 1586 1066 1642 incidat.
1100 1587 1354 1642 Perditur
1386 1588 1606 1644 demum
1653 1604 1777 1644 cum
1826 1606 1890 1644 ex
1937 1591 2037 1645 ad-

448 1677 625 1734 misso
672 1679 884 1735 scelere
931 1680 1000 1735 de
1053 1681 1231 1737 salute
1280 1680 1507 1737 omnino
1561 1681 1835 1750 desperat.
1868 1680 2039 1736 Nemo

448 1770 648 1825 virium
680 1786 905 1828 suarum
930 1772 1355 1843 imbecillitatem
1379 1782 1663 1844 praetexat,
1688 1776 1845 1843 quasi
1872 1791 2040 1831 evan-

447 1863 622 1933 gelica
658 1879 923 1937 precepta
962 1881 1181 1923 servare
1202 1882 1311 1921 non
1338 1866 1531 1936 possit.
1576 1867 1715 1921 Sunt
1758 1868 1901 1922 enim
1946 1869 2038 1937 qui

2135 676 2320 741 θότες·
2373 676 2492 741 πῶς
2538 694 2596 731 τε
2648 679 2788 748 μετὰ
2833 677 2931 748 τὴν
2972 676 3135 747 νῆψιν
3165 677 3259 730 τοῦ
3306 678 3449 741 νοὸς,
3498 678 3716 750 καὶτῆς

2135 768 2466 839 πωρώσεως,
2493 770 2693 840 μᾶλλον
2718 769 2775 823 δὲ
2809 768 3111 841 πηρώσεως
3142 769 3305 822 αὑτοῦ
3328 769 3595 836 διάλυσιν,
3625 772 3717 824 καὶ

2135 848 2359 925 ἑαυτοὺς
2385 863 2525 916 κατὰ
2570 862 2694 916 νοῦν
2722 861 3013 926 αἰδοῦνται,
3042 862 3126 930 ἐφ’
3172 854 3253 924 οἷς
3279 861 3469 931 πρώην
3500 860 3718 915 ἐλάλουν

2135 956 2228 1009 καὶ
2244 955 2509 1027 ἔπραττον
2538 959 2596 1011 ἐν
2617 956 2892 1026 τυφλώσει
2917 957 3220 1024 διάγοντες.
3252 956 3317 1008 Εἰ
3345 956 3420 1025 μὴ
3443 954 3621 1023 aetas:
3638 955 3713 1025 (6)

2138 1048 2230 1102 καὶ
2270 1050 2521 1103 σκοτάσει
2572 1050 2789 1121 πρῶτον
2841 1053 2897 1103 ἐν
2944 1052 3010 1121 τῇ
3060 1049 3248 1122 ἡμέρα
3291 1048 3391 1119 τῆς
3415 1047 3616 1119 ψυχῆς,
3656 1049 3716 1102 οὗ

2140 1141 2215 1212 μὴ
2237 1143 2285 1195 οί
2317 1141 2549 1195 κλέπται
2578 1141 2817 1212 κλέψωσι
2837 1182 2852 1207 ,
2886 1142 2977 1195 καὶ
3005 1140 3232 1205 θύσωσι,
3268 1142 3362 1193 καὶ
3392 1140 3716 1194 ἀπολέσωσι.

2136 1234 2326 1304 Κλοπή
2359 1236 2507 1287 ἐστιν
2532 1235 2807 1303 ἄγνωστος
2836 1234 3184 1305 αἰχμαλωσία
3210 1234 3407 1305 ψυχῆςο
3432 1232 3593 1286 θυσία
3618 1232 3721 1301 ψυ-

2137 1329 2239 1398 χῆς
2283 1327 2400 1379 ἐστι
2448 1325 2666 1394 λογικοῦ
2700 1326 2819 1389 νοὸς
2853 1324 3040 1395 θνῆσις
3080 1327 3137 1379 ὲν
3186 1324 3452 1396 πράξεσιν
3501 1324 3719 1387 ἀτόποις

2139 1416 2559 1487 περιπεσόντος⁸
2607 1415 2850 1469 ἀπώλεια
2884 1415 2941 1469 δὲ
2973 1417 3006 1489 ἡ
3039 1415 3178 1486 μετὰ
3203 1415 3301 1486 τὴν
3329 1415 3559 1485 ἀνομίαν
3588 1416 3719 1467 ἑαυ-

2137 1506 2231 1561 τοῦ
2278 1508 2609 1576 ἀπόγνωσις.
2653 1508 2860 1577 Μηδεὶς
2891 1510 2981 1561 ἐπὶ
3012 1511 3129 1569 ταῖς
3158 1496 3544 1576 εὐαγγελικαῖς
3574 1508 3720 1559 ἐντο-

2138 1599 2257 1661 λαῖς
2295 1598 2595 1667 ἀδυναμίαν
2640 1598 3012 1670 προδάληται·
3046 1600 3157 1652 εἰσί
3186 1600 3295 1670 γάρ
3326 1597 3496 1667 ψυχαὶ
3543 1598 3598 1649 αἳ
3631 1597 3719 1648 καὶ

2142 1689 2282 1760 ὑπὲρ
2314 1689 2412 1759 τὴν
2439 1690 2658 1760 ἐντολὴν
2689 1689 3066 1761 διεπράξαντο.
3110 1691 3295 1744 Πείσει
3327 1706 3386 1742 σε
3424 1689 3638 1752 πάντως
3663 1687 3721 1739 τὸ

2142 1783 2430 1853 εἰρημένον
2479 1784 2507 1835 ὁ
2560 1782 2699 1852 ὑπὲρ
2748 1782 2940 1835 ἑαυτὸν
2984 1782 3078 1835 τὸν
3134 1781 3363 1851 πλησίον
3407 1781 3718 1847 ἀγαπήσας,

2146 1872 2239 1926 καὶ
2268 1873 2408 1944 ὑπὲρ
2437 1871 2629 1926 τούτου
2668 1872 2768 1945 τὴν
2816 1872 2995 1943 ψυχὴν
3022 1870 3359 1944 προθέμενος
3388 1871 3487 1939 (7),
3522 1870 3722 1941 καίπερ

445 1958 603 2026 plura
619 1973 783 2029 quam
807 1958 1162 2030 Evangelium
1180 1959 1441 2029 praecipit,
1462 1958 1669 2013 faciant
1682 1967 1737 2015 et
1756 1967 2034 2030 praestent.

2143 1941 2411 2035 ἐπιταγὴν
2461 1964 2668 2035 Κυρίου
2715 1941 2795 2029 εἰς
2832 1941 3000 2018 τοῦτο
3030 1941 3107 2035 μὴ
3152 1941 3541 2034 κομισάμενος.
3579 1962 3721 2033 Θαρ-

448 2049 807 2107 Persuadebit
841 2051 941 2108 tibi
976 2052 1080 2108 hoc
1124 2053 1352 2107 omnino
1394 2053 1541 2123 quod
1584 2053 1790 2107 dictum
1834 2062 1952 2115 est,
1989 2054 2036 2109 is

446 2142 543 2211 qui
580 2144 891 2212 proximum
923 2159 1086 2201 suum
1118 2144 1240 2215 plus
1277 2159 1442 2215 quam
1475 2145 1714 2214 seipsum
1753 2144 1918 2217 33‘.
1949 2144 2036 2200 di-

448 2229 599 2296 lexit,
621 2232 844 2302 quando
876 2233 1119 2289 animam
1148 2250 1304 2290 suam
1331 2250 1433 2304 pro
1460 2236 1580 2304 ipso
1605 2237 1808 2306 posuit,
1841 2251 2037 2306 quam-

447 2324 532 2379 vis
571 2333 899 2394 pmeptum
934 2341 967 2381 a
992 2325 1231 2380 Domino
1250 2342 1416 2397 super
1437 2327 1541 2382 hoc
1572 2343 1681 2383 non
1715 2329 2034 2398 accepisset.

447 2413 698 2470 Habeant
740 2415 944 2471 bonum
991 2417 1238 2473 animum
1287 2418 1542 2480 humiles,
1581 2421 1834 2488 quamvis
1863 2421 2037 2477 animi

446 2506 959 2575 perturbationibus
991 2509 1175 2566 adhuc
1207 2511 1456 2566 obnoxii.
1496 2510 1553 2565 Si
1594 2510 1649 2565 in
1684 2526 1877 2568 omnes
1906 2528 2036 2584 pec-

445 2609 697 2655 calorum
747 2601 934 2658 foveas
971 2602 1240 2669 incidant,
1301 2604 1668 2675 omnibusque
1712 2604 2035 2675 laqueorum

450 2693 670 2750 insidiis
703 2693 1008 2750 induantur
1034 2702 1090 2750 et
1117 2694 1426 2764 capiantur,
1475 2696 1841 2766 omnibusque
1867 2698 2035 2752 animi

448 2786 660 2842 morbis
687 2784 1019 2858 amigantur,
1076 2795 1136 2842 at
1167 2797 1456 2857 postquam
1505 2790 1795 2845 sanitatem
1839 2806 2037 2846 conse-

449 2877 563 2932 cuti
604 2876 829 2945 l‘uerint,
882 2878 1139 2935 omnibus
1181 2880 1305 2935 aliis
1350 2882 1661 2947 luminaria,
1697 2882 1914 2950 medici,
1952 2884 2037 2938 lu-

449 2984 631 3026 cernae
688 2978 745 3026 et
793 2970 1053 3028 ductores
1103 2971 1257 3039 liant,
1311 2974 1669 3043 omniumque
1719 2976 2033 3030 morborum

448 3076 654 3133 genera
679 3073 778 3119 seu
802 3062 1124 3121 discrimina
1151 3065 1407 3129 doceant,
1438 3080 1645 3136 eosque
1674 3067 1767 3136 qui
1796 3066 1848 3120 in
1873 3083 2035 3123 casus

451 3154 702 3225 periculo
715 3165 865 3223 sunt,
892 3155 1269 3227 experimento
1284 3172 1387 3213 suo
1416 3166 1657 3213 servent.
1679 3156 1834 3226 Quod
1862 3160 1906 3213 si
1936 3160 2030 3229 qui

451 3247 524 3302 ob
568 3247 873 3316 praeteritas
918 3248 1181 3317 peccandi
1227 3250 1658 3307 consuetudines
1703 3250 1885 3307 adhuc
1924 3254 2032 3308 vim

450 3339 761 3406 patiuntur,
801 3350 858 3396 et
890 3341 1091 3399 docere
1121 3341 1258 3398 alios
1297 3342 1445 3398 nudo
1487 3342 1835 3413 simplicique
1872 3346 2041 3400 verbo

451 3442 710 3502 possunt,
747 3431 1005 3500 doceant,
1038 3433 1276 3491 fortasse
1303 3437 1452 3490 enim
1486 3435 1783 3505 aliquando
1816 3438 1885 3492 ob
1913 3453 2042 3494 suas

451 3524 559 3593 ipsi
612 3524 1033 3582 adhortationes
1089 3526 1442 3581 verecundati
1528 3526 1794 3597 incipient
1845 3529 2044 3585 melius

451 3629 619 3685 agere
650 3624 705 3671 et
734 3617 925 3672 vivere
977 3616 1278 3688 (enimvero
1319 3617 1454 3673 tales
1493 3634 1603 3674 non
1652 3619 1921 3687 imperent
1948 3630 2044 3677 aut

453 3707 784 3779 gubernem)
821 3726 836 3763 :
870 3719 925 3765 et
953 3708 1167 3765 accidet
1195 3708 1305 3764 illis
1336 3709 1482 3780 quod
1523 3711 1851 3780 quibusdam
1891 3713 2040 3765 acci-

452 3800 602 3856 disse
626 3801 882 3868 vidimus,
906 3800 999 3873 qui
1027 3800 1083 3855 in
1111 3814 1271 3857 coeno
1294 3801 1537 3857 sordium
1563 3803 1829 3873 voluptati
1858 3815 2039 3860 trans-

451 3900 650 3948 euntes
684 3892 825 3948 alios
860 3892 1185 3960 docuerunt,
1225 3908 1337 3963 quo
1377 3903 1535 3965 pacto
1571 3895 1672 3965 ipsi
1706 3896 1759 3949 in
1792 3911 1911 3951 eam
1941 3910 2039 3951 vo-

453 3983 695 4055 raginem
728 3984 1075 4048 incidissent,
1111 3985 1258 4056 quod
1296 3984 1564 4054 fecerunt,
1605 3994 1666 4042 ut
1704 3988 1825 4045 illos
1857 3989 2037 4045 salvos

2145 2057 2413 2109 σείτωσαν
2447 2057 2497 2109 οἰ
2525 2055 2985 2125 τεταπεινωμένοι
3012 2054 3297 2125 ἐμπαθεῖςο
3331 2055 3379 2105 εἰ
3405 2052 3511 2122 γάρ
3542 2054 3636 2105 καὶ
3666 2054 3723 2106 ἐν

2145 2150 2281 2201 πᾶσι
2309 2150 2421 2211 τοῖς
2469 2147 2712 2218 βοθύνοις
2758 2146 3119 2217 περιπέσωσι,
3153 2146 3246 2198 καλ¹
3276 2147 3333 2198 ὲν
3364 2144 3568 2207 πάσαις
3605 2144 3722 2207 ταῖς

2144 2240 2338 2309 παγίσι
2392 2239 2751 2310 βροχισθῶσι,
2803 2239 2898 2291 καὶ
2952 2238 3133 2291 πᾶσαν
3178 2239 3334 2289 νόσον
3388 2236 3719 2307 νοσήσωσιν·

2142 2332 2282 2387 ἀλλά
2310 2350 2371 2400 γε
2406 2333 2544 2403 μετὰ
2567 2333 2667 2403 τὴν
2698 2332 2886 2401 ὑγείαν
2918 2332 3052 2383 πᾶσι
3076 2331 3381 2399 φωστῆρες,
3407 2330 3500 2381 καί
3530 2330 3721 2399 ἰατροὶ,

2143 2425 2238 2477 καὶ
2268 2422 2470 2494 λύχνοι,
2505 2424 2599 2476 καὶ
2648 2421 2977 2493 κυϐερνῆται
3005 2421 3264 2490 γίνονται,
3308 2421 3545 2488 ἑκάστης
3570 2420 3719 2473 νόσου

2141 2514 2269 2578 τοὺς
2315 2515 2550 2585 τρόπους
2594 2514 2964 2579 διδάσκοντες,
3015 2513 3263 2574 καὶτοὺς
3310 2512 3599 2583 μέλλοντας
3632 2511 3720 2565 πί-

2144 2622 2320 2671 πτειν,
2368 2608 2431 2659 ἐκ
2474 2607 2571 2677 τῆς
2619 2606 2828 2669 οἰκείας
2859 2606 3056 2678 πείρας
3095 2605 3484 2669 διασώζοντες·
3533 2606 3582 2656 εἰ
3628 2605 3720 2674 μὲν

2142 2699 2209 2752 ὲκ
2267 2682 2761 2769 προγεγενημένων
2814 2697 3140 2769 προλήψεων
3193 2694 3585 2766 τυραννοῦνταί
3647 2712 3719 2746 rt-

2142 2809 2233 2847 vec
2268 2793 2343 2862 (8)
2376 2792 2469 2845 καὶ
2500 2791 2773 2846 διδάσκειν
2795 2793 2897 2845 κάν
2920 2789 3059 2861 ψιλῷ
3083 2789 3227 2860 λόγῳ
3264 2789 3548 2847 δύνανται,
3585 2786 3719 2839 sed.

2144 2885 2328 2953 ξωσιν.
2361 2886 2522 2947 Ἴσως
2564 2885 2674 2958 γάρ
2714 2900 2843 2937 ποτε
2878 2883 2981 2937 κᾶν
3012 2883 3137 2945 τοὺς
3161 2882 3391 2943 οἰκείους
3419 2880 3609 2946 λόγους
3640 2879 3720 2932 αί-

2146 2976 2466 3047 σχυνθέντες
2508 2976 2605 3046 τῆς
2650 2975 2958 3045 πρακτικῆς
2989 2973 3261 3044 ἄρξωνται
3297 2971 3370 3040 (9)
3406 2971 3501 3039 (μὴ
3542 2969 3718 3039 μέντοι

2143 3070 2236 3123 καὶ
2270 3068 2520 3140 ἄρξωσι),
2566 3067 2658 3121 καὶ
2698 3068 2990 3135 γενήσεται
3021 3065 3116 3119 καὶ
3162 3066 3219 3117 ἐν
3263 3064 3446 3126 αὐτοῖς
3474 3063 3612 3131 ὅπερ
3637 3059 3719 3113 ἐπί

2142 3177 2303 3213 τινων
2337 3161 2394 3213 ὲν
2428 3158 2673 3230 βορϐόρῳ
2707 3155 3044 3225 κυλιομένων
3086 3148 3224 3206 εἶδον
3269 3151 3556 3221 γινόμενον
3579 3168 3593 3181 ·
3626 3153 3719 3220 ep-

2146 3248 2533 3319 πεπηλωμένοι
2562 3248 2671 3319 γάρ
2696 3247 3031 3316 ὑπάρχοντες
3064 3244 3154 3297 τὸν
3178 3243 3379 3313 τρόπον
3412 3244 3511 3306 τῆς
3550 3243 3721 3295 ἐκεῖσε

2144 3338 2324 3393 αὐτῶν
2351 3336 2791 3398 καταποντίσεως
2818 3336 2945 3399 τοὺς
2976 3334 3420 3406 παρερχομένους
3448 3327 3722 3383 ἐδίδασκον

2140 3431 2279 3502 ὑπὲρ
2313 3431 2410 3502 τῆς
2441 3430 2717 3500 σωτηρίας
2764 3426 2942 3482 αὐτῶν
2982 3427 3139 3481 τοῦτο
3186 3424 3720 3496 πραγματευόμενοι,

2136 3525 2286 3588 ὅπως
2318 3524 2392 3595 μὴ
2432 3523 2677 3578 κάκεῖνοι
2707 3524 2773 3595 τῇ
2808 3523 2946 3593 αὐτῇ
2977 3521 3081 3591 ὁδῷ
3126 3520 3373 3574 πέσωσι·
3409 3520 3503 3571 καὶ
3545 3515 3723 3587 μέντοι

2136 3617 2225 3672 διὰ
2267 3618 2366 3688 τὴν
2395 3618 2597 3688 ἐτέρων
2630 3615 2925 3687 σωτηρίαν,
2971 3615 3064 3667 καὶ
3096 3613 3296 3676 αὐτοὺς
3340 3615 3366 3664 ὁ
3400 3608 3724 3665 παντοδύνα-

2149 3727 2248 3780 μσς
2289 3708 2381 3764 τοῦ
2424 3707 2597 3781 πηλοῦ
2638 3705 3002 3776 ὲλυτρώσατο.
3050 3706 3112 3760 Ei
3157 3705 3213 3760 δέ
3259 3721 3324 3773 γε
3369 3704 3418 3756 οἰ
3462 3701 3726 3773 ἐμπαθεῖς

2148 3804 2410 3865 ἑκουσίως
2437 3801 2662 3864 ἑαυτοὺς
2693 3802 2813 3863 ταῖς
2856 3799 3070 3870 ἡδοναῖς
3107 3799 3513 3869 ἐπιρρίπτουσι,
3549 3796 3722 3865 σιωπῇ

2145 3894 2243 3966 τὴν
2291 3893 2639 3948 διδασκαλίαν
2691 3891 3032 3956 ὲνδείξονται.
3079 3882 3179 3941 Ὧν
3204 3890 3364 3961 χάριν
3413 3886 3638 3957 ἤρξατο
3694 3888 3725 3939 ὁ

2156 3984 2390 4053 Ἰησοῦς
2425 3985 2619 4040 ποιεῖν
2645 4002 2705 4039 τε
2743 3984 2839 4039 καὶ
2888 3981 3221 4039 διδάσκειν.

450 4088 796 4147 praestarent,
828 4096 897 4137 ne
920 4081 976 4135 in
1001 4083 1246 4137 eamdem
1274 4084 1538 4154 peccandi
1596 4083 1807 4140 foveam
1861 4086 2105 4155 ipsorum
2141 4084 2391 4155 exemplo
2418 4083 2533 4153 pari
2561 4082 2774 4137 ratione
2795 4080 3113 4137 ceciderint.
3144 4079 3247 4137 Sed
3276 4079 3422 4135 enim
3454 4079 3555 4133 hos
3582 4079 3721 4148 ipsos

453 4168 599 4224 Deus
633 4172 726 4239 qui
758 4173 943 4227 omnia
981 4181 1179 4243 potest,
1215 4184 1439 4244 propter
1478 4175 1711 4229 aliorum
1782 4176 2014 4243 salutem
2075 4191 2107 4232 e
2145 4190 2306 4232 cteno
2358 4184 2708 4246 peccatorum
2761 4172 3029 4231 liberavit.
3083 4171 3185 4240 Qui
3234 4187 3363 4228 vero
3406 4187 3474 4227 ex
3516 4174 3724 4229 vitiosis

464 4269 661 4330 sponte
737 4278 797 4318 se
864 4263 1239 4333 voluptatibus
1314 4263 1522 4320 dedunt
1567 4274 1622 4320 ct
1665 4265 2021 4338 immergunt,
2078 4274 2314 4334 taceant,
2374 4276 2429 4322 ct
2480 4266 2699 4323 silentio
2749 4280 2852 4322 suo
2904 4265 3153 4321 doceant.
3207 4263 3506 4335 Propterea
3559 4263 3717 4321 Jesus

453 4356 607 4426 capit
639 4356 814 4426 facere
844 4365 894 4410 et
928 4356 1114 4411 docere
1137 4356 1208 4413 “.

526 4446 740 4502 Saevum
773 4460 961 4501 revera
1010 4455 1066 4502 et
1107 4446 1368 4514 immane,
1405 4463 1439 4503 ο
1476 4448 1714 4505 humiles
1754 4450 2034 4518 monachi,

2211 4448 2481 4513 Χαλεπὸν,
2518 4449 2687 4513 ὅντως
2728 4446 2964 4518 χαλεπὸν
2997 4446 3392 4519 περαιούμεθα,
3423 4440 3468 4502 ὧ
3508 4447 3733 4518 μονα-χοὶ

455 4537 685 4610 pelagus
717 4537 1047 4608 trajicimus,
1092 4539 1282 4596 multis
1314 4547 1603 4596 ventorum
1640 4541 1951 4597 turbinibus
1990 4549 2044 4596 ct

456 4629 719 4699 scopulis,
747 4628 910 4700 335
943 4630 1268 4695 vorticibus,
1290 4631 1508 4702 piratis,
1539 4631 1887 4703 siphonibus,
1922 4633 2044 4688 bre-

455 4721 618 4776 vibus
643 4733 743 4778 seu
774 4719 1040 4792 syrtibus,
1073 4721 1445 4791 monstrisque
1468 4729 1522 4776 et
1547 4721 1804 4778 ﬂuctibus
1838 4723 2043 4777 redun-

456 4816 616 4870 dans.
677 4812 979 4882 Scopulum
1037 4812 1409 4884 intelligamus
1461 4829 1658 4869 saevam
1706 4824 1762 4869 et
1823 4824 2044 4883 repente

456 4907 912 4962 intumescentem
962 4905 1139 4971 iram;
1200 4905 1465 4961 vorticem
1512 4920 1643 4961 vero
1687 4921 1811 4959 cum
1847 4921 2044 4976 exspes

455 4996 669 5068 vertigo
699 5006 937 5054 mentem
982 4994 1226 5064 undique
1257 4995 1632 5061 circumsistit,
1673 5003 1727 5051 et
1771 4996 1824 5049 in
1877 4996 2045 5050 altam

460 5088 865 5159 desperationis
892 5087 1210 5159 voraginem
1247 5087 1592 5159 praecipitare
1623 5098 1873 5143 conatur.
1916 5086 2047 5143 Bre-

460 5182 549 5237 via
582 5191 637 5237 et
669 5192 848 5254 syrtes
878 5189 1009 5236 sunt
1038 5178 1365 5251 ignorantiae
1394 5194 1516 5250 qua:
1541 5178 1745 5234 malum
1779 5194 1876 5249 pro
1899 5178 2046 5233 bono

462 5275 733 5346 arripiunt
767 5284 821 5330 et
867 5273 1173 5330 continent.
1211 5262 1455 5326 Monstra
1510 5286 1636 5327 vero
1686 5272 1899 5326 marina
1942 5270 2047 5325 hoc

462 5385 627 5442 grave
661 5378 717 5425 et
751 5367 927 5423 ferum
974 5379 1196 5436 corpus.
1241 5362 1439 5419 Piratae
1472 5364 1863 5435 improbissimi
1897 5379 2051 5419 vana;

461 5462 650 5534 gloriae
684 5458 922 5516 ministri
955 5467 1011 5514 et
1043 5456 1301 5522 artiﬁces,
1342 5455 1435 5527 qui
1470 5455 1717 5512 sarcinas
1749 5465 1969 5511 nostras
1996 5464 2052 5509 et

464 5553 708 5607 omnium
769 5551 1037 5607 virtutum
1102 5548 1317 5603 labores
1372 5554 1428 5601 et
1492 5545 1704 5602 fructus
1763 5546 2046 5616 diripiunt.

460 5640 686 5696 Fluctus
728 5640 1153 5709 interpretemur
1194 5633 1442 5690 inﬂatum
1486 5646 1537 5690 et
1576 5644 1875 5691 tumentem
1916 5648 2049 5689 ven-

462 5742 628 5799 trem,
658 5733 752 5803 qui
798 5743 991 5802 suopte
1035 5747 1136 5787 nos
1183 5730 1387 5801 impetu
1416 5727 1483 5784 ad
1531 5728 1679 5783 illam
1722 5727 1955 5784 belluam
1993 5736 2047 5782 et

543 5914 586 5946 "
623 5920 744 5973 Act.
784 5932 824 5983 ι,
850 5914 897 5969 Ι.

2139 4527 2405 4605 ταπεινοῖ,
2443 4539 2680 4609 πέλαγος
2724 4538 2818 4593 καὶ
2858 4538 3070 4592 πολλῶν
3101 4539 3449 4609 πνευμάτων,
3487 4539 3581 4592 καὶ
3609 4555 3733 4593 σπι-

2139 4631 2333 4696 λάδων,
2366 4631 2461 4685 καὶ
2489 4630 2731 4699 ἰλίγγων,
2759 4630 2853 4683 καὶ
2886 4628 3183 4701 πειρατῶν,
3217 4630 3309 4683 καὶ
3334 4627 3608 4696 σιφώνων,
3640 4631 3732 4683 καὶ

2143 4721 2383 4793 βραχῶν,
2434 4721 2530 4775 καὶ
2558 4719 2787 4792 θηρίων,
2838 4718 2932 4774 καὶ
2963 4719 3223 4790 κυμάτων
3271 4719 3727 4791 πεπληρωμένον.

2140 4812 2378 4867 Σπιλάδα
2408 4813 2505 4882 μὲν
2543 4812 2635 4865 ἐπὶ
2681 4811 2879 4881 ψυχῆς,
2920 4810 3011 4864 τὸν
3036 4810 3228 4882 ἄγριον
3255 4811 3428 4883 θυμὸν
3478 4806 3574 4866 καὶ
3602 4813 3730 4880 αἰφ-

2147 4908 2308 4961 νίδιον
2352 4906 2672 4977 νοήσωμενο
2719 4903 2904 4973 ῐλιγγα
2952 4903 3009 4957 δὲ
3054 4904 3155 4975 τὴν
3201 4905 3583 4959 ἀνελπιστείαν
3636 4904 3737 4974 τὴν

2146 4995 2582 5070 περικυκλοῦσαν
2622 4996 2714 5051 τὸν
2758 4994 2903 5061 νοῦν,
2938 4996 3033 5049 καὶ
3063 4994 3255 5049 τοῦτον
3302 4996 3465 5049 αὐτὸν
3495 4999 3553 5050 ὲν
3585 4995 3739 5066 βυθῷ

2145 5087 2510 5159 ἀπογνώσεως
2563 5088 2893 5158 κατενέγκαι
2940 5087 3349 5152 σπουδάζουσαν
3373 5105 3387 5119 ·
3429 5086 3632 5158 βράχος
3678 5086 3739 5140 5s

2144 5184 2242 5255 τὴν
2272 5182 2517 5250 ἄγνοιαν,
2562 5180 2661 5252 τὴν
2693 5179 2753 5233 τὸ
2802 5179 2969 5233 κακὸν
3015 5179 3093 5243 ὡς
3139 5178 3305 5233 καλὸν
3361 5178 3733 5250 κατέχουσαν

2149 5269 2314 5341 θηρία
2342 5270 2419 5334 δὲ,
2449 5270 2511 5323 τὸ
2541 5268 2678 5341 βαρὺ
2700 5267 2858 5321 τοῦτο
2892 5268 2986 5321 καὶ
3015 5268 3207 5339 ἄγριον
3241 5268 3401 5337 σῶμα
3424 5284 3439 5298 ’
3467 5268 3737 5339 πειρατὰς

2148 5362 2205 5417 δὲ
2257 5363 2381 5426 τοὺς
2430 5362 2531 5431 τῆς
2598 5361 2904 5426 κενοδοξίας
2956 5360 3375 5431 χαλεπωτάτους
3428 5359 3737 5432 ὑπουργοὺς

2149 5454 2275 5517 τοὺς
2302 5452 2393 5506 τὸν
2423 5453 2620 5523 φόρτον
2644 5450 2822 5522 ἡμῶν,
2864 5450 2959 5504 καὶ
2986 5449 3077 5503 τὸν
3106 5449 3353 5520 κάματον
3388 5448 3497 5501 τῶν
3518 5445 3736 5518 ἀρετῶν

2150 5544 2602 5615 ἁφαρπάζοντας·
2683 5542 2836 5614 κῦμα
2891 5541 2947 5595 δὲ
3020 5542 3118 5612 τὴν
3174 5539 3572 5613 πεφυσημένην
3641 5536 3736 5591 καὶ

2149 5636 2489 5708 ὁγκουμὲνην
2521 5634 2729 5688 κοιλίαν
2761 5633 2895 5704 (10),
2926 5632 3025 5704 τὴν
3057 5634 3121 5687 ἐκ
3147 5632 3245 5704 τῆς
3282 5632 3417 5695 ἰδίας
3452 5632 3625 5702 ὁρμῆς
3653 5625 3732 5695 τῷ

2155 5729 2330 5802 θηρίῳ
2378 5727 2882 5801 παραπέμπουσανυ
2943 5727 3150 5795 σίφωνα
3184 5724 3262 5793 δὲ,
3293 5725 3390 5780 τὶν
3422 5725 3485 5777 ὲκ
3525 5720 3613 5776 τοῦ
3640 5719 3729 5770 οὐ·
