4042 6492
329 467 475 534 1017

1343 479 1574 541 SCALA
1606 483 2063 545 PARADISI.-
2081 484 2393 547 GRADUS
2417 486 2623 548 XXVI.

3476 487 3615 557 1918

332 576 507 671 pa.va
540 579 792 671 ριςρεῖσαν
815 581 1215 653 ὑπερηφανίαν,
1238 584 1337 656 τὴν
1369 587 1752 660 ἀναφέρουσαν
1773 592 1909 663 ἡμᾶς

2025 601 2338 650 monstrum
2388 594 2586 652 defert.
2643 595 2943 668 Siphonem
2991 596 3180 671 accipe
3231 598 3543 669 superbiam
3582 615 3616 656 e

321 667 522 723 λοιπὸν
554 668 648 723 καὶ
679 670 1099 743 καταφέρουσαν
1142 673 1249 738 ἕως
1280 674 1390 729 τῶν
1414 675 1690 732 ἀῦύσσων.

402 953 662 1026 Γνὼριμα
698 954 1071 1026 καθεστήκασι
1113 960 1227 1025 τοῖς
1256 961 1565 1033 γράμματα
1595 964 1928 1038 παιδευομέ-

313 1062 443 1109 νοις
476 1045 610 1117 (ll),
658 1048 787 1100 ποτα
828 1048 930 1117 μὲν
967 1051 1374 1122 εἰσαγομένων,
1422 1056 1552 1108 ποία
1604 1055 1661 1109 δὲ
1701 1056 1918 1128 μέσων,

316 1137 461 1187 ποῖα
488 1134 545 1187 δὲ
578 1133 918 1190 διδασκάλων
942 1139 1275 1209 τυγχάνουσι
1316 1142 1389 1195 τὰ
1414 1142 1739 1215 μαθήματα.
1780 1147 1922 1217 Πρό-

319 1243 557 1297 σχωμεν
577 1228 864 1299 νουνεχῶς,
903 1230 1103 1301 μήπως
1125 1233 1185 1285 ἐν
1219 1235 1285 1305 τῇ
1306 1233 1542 1306 μαθήσει
1572 1238 1920 1308 χρονίσαντες

313 1317 412 1372 ἔτι
445 1320 507 1372 έν
544 1321 658 1384 τοῖς
687 1322 1071 1390 είσαγωγικοῖς
1101 1323 1471 1396 διατρίϐωμεν
1505 1329 1915 1400 ἐπαγγέλμασιο

313 1412 465 1480 ὅπερ
495 1411 728 1484 αἰσχύνῃ
756 1415 892 1467 πᾶσι
930 1414 1258 1485 γνωρίζεται
1309 1419 1580 1489 γηραλέον
1617 1421 1819 1476 ἰδέσθαι
1840 1426 1921 1487 εἰς

314 1504 717 1577 παιδευτήριον
755 1505 1147 1577 πορευόμενον.

407 1684 633 1757 Ἀρίστη
673 1687 841 1740 πᾶσιν
868 1686 1184 1758 ἀλφάόητος
1229 1688 1368 1761 αῦτη
1403 1689 1539 1761 (l2).
1564 1692 1611 1744 A
1638 1689 1873 1763 ,ὑπακοὴ
1897 1731 1914 1759 ,

316 1776 371 1827 Β
404 1775 655 1844 νηστεία,
685 1777 736 1829 Γ
766 1777 987 1843 σάκκος,
1018 1780 1056 1830 Δ
1095 1777 1309 1846 σποδὸς,
1369 1782 1419 1834 Ε
1444 1779 1673 1850 δάκρυα,
1716 1785 1765 1834 Ζ
1802 1782 1915 1847 ἐξοο

319 1866 646 1935 μολόγησις,
696 1869 752 1920 Η
800 1868 999 1939 σιωπὴ,
1053 1870 1097 1921 Θ
1142 1869 1494 1935 ταπείνωσις,
1540 1872 1575 1924 I
1615 1871 1911 1939 ἀγρυπνία,

318 1959 377 2010 Κ
401 1957 648 2027 ἀνδρεία,
667 1961 713 2012 Λ
748 1956 939 2027 ψύχος,
970 1958 1234 2024 Μκόπος,
1271 1959 1708 2031 Νταλαιπωρία,
1750 1960 1797 2015 Ξ
1822 1962 1911 2028 ἐξ·

322 2048 635 2110 ουδένωσις,
687 2052 730 2101 O
781 2050 1063 2122 ωντριὸὴ,
1132 2054 1184 2104 ΙΙ
1227 2050 1643 2122 ἀμνησικακία,
1690 2056 1738 2107 Ρ
1788 2070 1914 2107 συν-

327 2135 553 2204 αδελφία
573 2136 709 2206 (l5),
738 2138 1054 2209 Σὴπιότης,
1095 2140 1339 2205 Τπίστις
1366 2142 1513 2213 ἁπλῆ
1539 2143 1631 2197 καὶ
1652 2143 1914 2216 ἀπερίερ-

323 2239 445 2290 γος,
477 2226 518 2276 Υ
550 2227 855 2297 ἀμεριμνία
902 2229 1130 2300 κόσμου,
1170 2233 1219 2283 Φ
1254 2233 1409 2299 μῖσος
1444 2232 1642 2304 ἅμισον
1688 2235 1911 2302 γονέων,

314 2315 375 2367 Χ
397 2315 801 2386 ἀπροσπάθεια,
840 2321 897 2372 Ψ
920 2321 1162 2393 ἁπλότης
1200 2324 1300 2379 σὺν
1324 2326 1551 2396 ἀκακία,
1586 2327 1631 2379 Ω
1668 2327 1914 2393 ἑκούσιος

314 2406 593 2464 εὐτέλεια.
627 2407 806 2482 [Καλὴ
839 2411 995 2479 τάξις
1028 2413 1143 2486 ὅροι
1189 2414 1420 2485 μέσων.]
1466 2418 1788 2489 Κατάληψις
1822 2422 1915 2473 καὶ

314 2499 508 2570 ψῆφος
558 2504 999 2572 προκοπτόντων,
1058 2507 1391 2575 ἁκενοδοξία,
1429 2510 1724 2582 ἀοργησία,
1760 2513 1913 2566 εύελ-

312 2588 547 2654 πιστία,
580 2593 816 2663 ἡσυχία,
858 2594 1153 2667 διάκρισις,
1207 2597 1442 2668 κρίσεως
1478 2601 1668 2671 μνήμη
1719 2602 1910 2670 παγία,

307 2679 724 2753 εὐσπλαγχνία,
758 2684 1054 2754 φιλοξενία,
1089 2688 1339 2742 νουθεσία
1374 2690 1710 2764 σύμμετρος,
1752 2712 1913 2767 προσσ

307 2769 459 2841 ευχὴ
496 2771 747 2844 ἀπαθὴς,
799 2775 1191 2848 ἀφιλαργυρία.
1248 2772 1417 2846 Οὗτος
1462 2783 1605 2854 ὄρος,
1655 2785 1810 2855 λόγος
1854 2805 1911 2840 τε

307 2861 419 2913 καὶ
449 2862 611 2931 νόμος
657 2866 986 2933 πνευμάτων
1027 2870 1124 2923 καὶ
1158 2871 1428 2942 σωμάτων
1468 2876 1524 2926 ἐν
1560 2877 1723 2948 σαρκὶ
1754 2879 1913 2930 εύσε-

307 2949 434 3013 δὼς
463 2952 673 3006 τελειου
684 2956 863 3022 μένων
883 2972 894 2983 ·
927 2959 1434 3029 ἀναιχμαλὼτιστος
1454 2967 1500 3017 Α
1530 2967 1747 3037 καρδία,
1769 2971 1818 3022 Β
1833 2985 1913 3021 τε-

300 3041 660 3113 τελειωμένη
691 3044 903 3116 ἀγάπη,
948 3048 1000 3100 Γ
1042 3041 1541 3125 ταπεινοφροσύνης
1589 3058 1760 3129 πηγὴ,
1793 3060 1911 3125 νοὸς

302 3134 356 3187 Δ
390 3133 632 3203 ἐκδημία
679 3135 940 3206 Χριστοῦ,
966 3141 1011 3192 Ε
1037 3140 1266 3211 ὲνδημία
1298 3144 1493 3213 φωτὸς,
1528 3148 1622 3200 καὶ
1665 3151 1713 3201 Ζ
1744 3167 1914 3220 προσ-

303 3223 487 3294 ευχῆς
524 3224 742 3290 ἀσυλία,
776 3227 1097 3300 ἐλλάμψεως
1144 3235 1197 3288 Η
1224 3233 1359 3288 Θεοῦ
1401 3239 1710 3306 περιουσία,
1745 3241 1911 3307 πόθος

307 3319 365 3370 Θ
397 3315 652 3427 θανιάῖου,
681 3321 890 3427 μίσος]
914 3320 1081 3427 ζωης,
1112 3326 1259 3393 φυγὴ
1302 3329 1355 3379 Κ
1388 3326 1660 3398 σώματος,
1704 3333 1909 3403 κόσμου
1938 3365 1983 3427 C

304 3414 364 3463 Λ
398 3409 663 3479 πρέσϐυς,
715 3411 851 3464 Θεοῦ
905 3417 965 3467 Μ
1005 3412 1254 3487 βιαστὴς,
1308 3419 1554 3487 ἀγγέλων
1600 3424 1656 3475 Ν
1700 3423 1908 3478 συλλει-

301 3498 569 3569 τουργὸς,
617 3499 874 3569 γνώσεως
904 3500 952 3556 Ξ
997 3502 1255 3572 ἄϐυσσος,
1303 3509 1618 3580 μυστηρίων
1662 3514 1705 3563 0
1738 3507 1903 3577 οἶκος,

307 3592 575 3665 ἀρρήτων
605 3595 662 3645 Π
691 3591 886 3662 φύλαξ,
928 3595 1232 3667 ἀνθρώπων
1274 3601 1323 3652 Ρ
1371 3602 1575 3672 σωτὴρ,
1635 3602 1906 3674 δαιμόνων

309 3687 363 3739 Σ
399 3684 557 3752 Θεὸς,
592 3686 782 3741 παθῶν
840 3691 884 3742 Τ
932 3689 1157 3758 Κύριος,
1203 3692 1484 3764 Δεσπότης
1542 3696 1588 3750 Υ
1632 3696 1904 3767 σώματος,

311 3775 534 3847 φύσεως
569 3780 616 3831 Φ
648 3778 963 3851 ὲπίτροφος,
1014 3783 1289 3854 ἁμαρτίας
1320 3786 1371 3837 Χ
1417 3785 1588 3853 ξένος,
1635 3789 1907 3853 ἀπαθείας

322 3871 382 3922 Ψ
416 3866 585 3934 οἶκος,
640 3872 886 3943 μιμητὴς
912 3873 954 3925 Ω
984 3874 1278 3942 Δεσπότου,
1310 3877 1376 3930 ἐκ
1403 3876 1653 3948 βοηθείας
1697 3882 1904 3935 Δεσπό-

321 3976 442 4026 του,
471 3960 528 4012 οὐ
560 3962 764 4031 μικρᾶς
791 3964 925 4033 ἡμῖν
966 3963 1102 4035 (id),
1138 3965 1226 4018 ὅτε
1258 3966 1316 4018 τὸ
1356 3966 1516 4039 σῶμα
1555 3972 1718 4037 νοσεῖ,
1749 3973 1907 4042 χρεία

312 4051 420 4120 τῆς
472 4050 703 4123 νήψεως.
756 4053 948 4124 Χαμαὶ
997 4055 1106 4126 γὰρ
1163 4058 1214 4109 oi
1267 4057 1521 4128 δαίμονες
1579 4062 1905 4134 θεασάμενοι

308 4146 467 4215 ἡμᾶς
504 4146 604 4199 ’καὶ
658 4144 991 4218 [κειμένους]
1042 4147 1117 4220 μὴ
1163 4149 1495 4221 δυναμένους
1538 4153 1675 4218 τέως
1711 4156 1776 4209 ἐκ
1806 4157 1905 4225 τῆς

305 4234 538 4301 ἀτονίας
588 4238 821 4309 ἀσκήσει
873 4238 998 4292 καθ’
1028 4241 1218 4294 ἑαυτὸν
1261 4243 1594 4315 χρήσασθαι,
1645 4245 1903 4316 χαλεπῶς

300 4327 437 4382 τότε
468 4327 742 4398 πολεμοῦν
765 4330 1191 4402 δοκιμάζωσιν
1218 4333 1310 4389 Ἐν
1358 4335 1458 4405 μὲν
1497 4339 1611 4400 τοῖς
1640 4339 1781 4391 κατὰ
1808 4340 1905 4393 κό-

303 4436 456 4491 σμον
509 4419 540 4472 ό
567 4420 661 4473 τοῦ
696 4421 890 4492 θυμοῦ,
934 4421 1048 4476 ἐστι
1076 4423 1134 4476 δὲ
1178 4423 1266 4477 ὅτε
1306 4426 1398 4478 καὶ⁵
1426 4410 1905 4501 τῆςβλασφημίας

296 4513 340 4568 ὁ
386 4511 601 4583 δαίμων
651 4516 710 4566 ὲν
744 4516 855 4578 τοῖς
901 4513 1115 4569 νοσοῦσι
1174 4518 1503 4588 παρέπεται.
1552 4521 1638 4576 Ἐν
1683 4518 1742 4576 δὲ
1789 4526 1903 4588 τοῖς

296 4602 421 4670 ἔξω
465 4604 693 4675 κόσμου,
726 4608 776 4659 εί
828 4604 927 4676 μὲν
953 4606 1063 4662 τῶν
1109 4609 1311 4681 χρειῶν
1352 4611 1679 4683 εὐποροῦσιν
1708 4614 1843 4686 (15),
1875 4617 1904 4669 ὁ

2026 683 2169 739 coelo
2197 684 2492 756 dejectam,
2524 702 2646 758 quae
2668 702 2770 745 nos
2798 690 3027 746 nuncin
3061 688 3262 747 coelum
3283 688 3458 759 effert,
3483 704 3615 747 mox

2025 774 2095 830 ad
2135 783 2341 832 tartara
2373 777 2651 849 deprimit.

2094 950 2312 1009 Nor-unt
2347 969 2540 1013 omnes
2568 956 2825 1024 litterati,
2858 974 2981 1029 quae
3022 960 3325 1033 disciplinae
3353 962 3609 1032 rudibus,

2022 1059 2150 1115 quae
2179 1044 2618 1115 proﬁcientibus,
2639 1063 2763 1118 quae
2788 1049 2926 1120 ipsis
2955 1052 3230 1122 magistris
3258 1056 3609 1112 conveniant.

2022 1136 2326 1206 Diligenter
2354 1138 2729 1204 attendamus,
2771 1155 2841 1194 ne
2870 1140 2963 1195 diu
2992 1141 3186 1199 litteris
3212 1145 3489 1201 immorati
3512 1147 3610 1201 ad-

2020 1228 2131 1283 huc
2163 1227 2219 1283 in
2253 1228 2584 1284 rudimentis
2631 1228 3129 1301 deprehendamur,
3162 1235 3308 1304 quod
3349 1235 3609 1292 omnibus

2020 1331 2180 1389 turpe
2208 1334 2318 1375 non
2358 1321 2664 1391 ignoratur,
2697 1321 2885 1378 videre
2914 1337 3101 1380 senem
3144 1325 3202 1380 in
3237 1325 3426 1383 ludum
3458 1327 3608 1383 litte-

2022 1412 2235 1467 rarium
2274 1412 2523 1468 itantem.

2092 1732 2376 1805 Optimum
2406 1734 2653 1790 omnium
2686 1735 3082 1790 elementorum
3123 1734 3469 1805 alphabetum
3501 1737 3608 1793 hoc

2017 1837 2119 1894 est,
2156 1826 2202 1880 A
2231 1827 2568 1895 obedientia,
2602 1827 2649 1881 Β
2675 1826 2968 1897 jejunium,
2997 1825 3039 1883 C
3071 1826 3337 1893 cilicium,
3367 1826 3417 1881 D
3439 1826 3604 1893 cinis,

2019 1917 2070 1973 E
2097 1920 2371 1990 lacr‘ymw,
2406 1916 2456 1970 F
2480 1917 2783 1982 confessio,
2815 1916 2860 1973 G
2888 1918 3191 1983 silentium,
3220 1917 3274 1972 H
3301 1918 3603 1984 humilitas,

1946 2021 1988 2076 Β
2019 2011 2049 2065 I
2079 2011 2301 2081 vigiliae,
2337 2009 2389 2064 K
2424 2010 2709 2073 fortitudo.
2736 2008 2781 2063 L
2813 2008 3008 2079 frigus,
3051 2008 3107 2063 Μ
3152 2010 3308 2065 labor
3338 2025 3433 2066 seu
3475 2010 3605 2066 fati-

2015 2105 2180 2175 gatio,
2228 2103 2282 2157 Ν
2322 2119 2586 2169 aerumna,
2630 2103 2674 2159 Ο
2719 2110 3087 2173 contemptus,
3130 2102 3178 2157 P
3232 2103 3511 2170 contritio,
3554 2103 3602 2171 ρ

2016 2197 2341 2267 injuriarum
2396 2198 2621 2265 oblivio,
2686 2196 2733 2251 Β
2776 2195 3015 2251 fraterna
3080 2197 3345 2262 charitas,
3416 2196 3456 2252 S
3520 2197 3605 2252 le-

2015 2291 2180 2355 nitas,
2220 2289 2263 2343 T
2292 2290 2426 2346 ﬁdes
2471 2291 2704 2361 simplex
2750 2298 2807 2346 et
2850 2290 3148 2356 incuriosa,
3191 2288 3237 2343 U
3270 2289 3460 2345 mundi
3504 2304 3609 2346 ne-

2015 2385 2227 2454 glectus
2251 2385 2438 2456 336,
2468 2383 2519 2438 X
2543 2393 2835 2456 parentum
2859 2384 3043 2439 odium
3067 2384 3295 2438 minime
3320 2384 3603 2447 odiosum,

2019 2476 2061 2529 Y
2095 2478 2232 2532 liber
2277 2478 2346 2531 ab
2380 2477 2638 2532 omnibus
2675 2477 2840 2533 rebus
2889 2476 3137 2542 aﬁ‘ectus,
3182 2475 3226 2530 Ζ
3274 2476 3598 2547 simplicitas

2015 2584 2137 2624 cum
2170 2568 2480 2623 innocentia
2512 2568 2807 2638 conjuncta
2832 2567 2977 2640 [sine
3005 2566 3259 2642 malitia],
3285 2567 3598 2625 voluntaria

2014 2662 2218 2716 vilitas.
2278 2660 2694 2716 Proﬁcieutium
2741 2676 2874 2716 vero
2927 2677 3049 2717 sors
3102 2671 3156 2717 et
3221 2661 3360 2716 ratio
3398 2670 3483 2716 est
3529 2662 3601 2718 de

2016 2755 2165 2810 inani
2199 2754 2372 2824 gloria
2395 2762 2451 2809 et
2477 2753 2758 2809 iracundia
2786 2756 3036 2819 victoria,
3066 2755 3204 2808 bona
3232 2767 3355 2822 spes
3382 2752 3598 2818 salutis,

2014 2846 2169 2916 quies
2202 2848 2392 2913 animi,
2421 2847 2708 2921 discretio,
2741 2847 2897 2902 ﬁrma
2930 2856 2985 2902 et
3013 2847 3119 2901 ﬁxa
3142 2847 3337 2917 judicii
3370 2846 3602 2903 extremi

2014 2940 2300 3005 memoria,
2318 2940 2699 2996 misericordia
2724 2939 3204 3012 [commiseratio],
3227 2938 3598 3010 hospitalitas,

2012 3033 2261 3088 modesta
2294 3032 2625 3102 obiurgatio,
2659 3033 2837 3087 oratio
2868 3033 3018 3087 omni
3053 3033 3254 3088 vitioso
3285 3046 3482 3088 carens
3513 3029 3598 3087 af-

2016 3123 2181 3191 fectu,
2213 3133 2563 3195 contemptus
2591 3126 2859 3196 pecuniae.
2882 3124 3155 3181 Caeterum
3187 3124 3598 3197 (perfectorem)

2012 3216 2176 3281 ratio,
2204 3213 2384 3270 ﬁnitio
2413 3225 2470 3271 et
2497 3215 2584 3269 lex
2609 3216 2919 3270 animorum
2944 3223 2998 3269 et
3026 3229 3319 3284 corporum
3341 3214 3600 3284 religiose

2014 3308 2067 3362 in
2098 3322 2262 3363 carne
2289 3307 2630 3364 versantium
2660 3307 2778 3363 hrec
2801 3314 2884 3363 est
2913 3325 2929 3363 :
2961 3307 3070 3362 Cor
3097 3308 3143 3360 A
3178 3306 3246 3362 ab
3275 3306 3425 3361 omni
3469 3318 3602 3377 cap-

2016 3400 2225 3456 tivitate
2258 3401 2516 3469 liberum,
2551 3398 2794 3471 perfecta
2829 3398 2876 3453 Β
2900 3399 3160 3465 charitas,
3195 3398 3318 3453 fons
3343 3396 3384 3454 C
3414 3399 3600 3453 humi-

2009 3494 2201 3561 litatis,
2226 3493 2426 3550 mentis
2447 3492 2501 3565 (e
2527 3492 2997 3575 mundivanitate)
3015 3490 3602 3562 Demigratio,Christi

2009 3586 2058 3640 E
2080 3587 2439 3657 immigratio,
2471 3587 2615 3643 lucis
2642 3592 2695 3641 et
2719 3586 2986 3641 orationis
3006 3586 3204 3640 divinae
3238 3583 3283 3638 F
3305 3584 3599 3641 thesaurus

2008 3697 2036 3736 a
2069 3681 2422 3752 praedonibus
2468 3694 2719 3743 securus,
2774 3677 3158 3735 illustrationis
3205 3678 3405 3733 divinae
3430 3677 3474 3733 G
3499 3692 3599 3733 co-

2006 3775 2117 3844 pia,
2155 3775 2349 3829 mortis
2374 3772 2426 3827 Η
2458 3773 2811 3838 desiderium,
2842 3766 2874 3825 Ι
2897 3772 3083 3827 odium
3109 3772 3253 3835 vitae,
3278 3771 3328 3825 K
3352 3772 3599 3843 corporis

2008 3864 2158 3935 fuga,
2190 3865 2233 3919 L
2266 3866 2477 3936 legatus
2514 3879 2612 3921 seu
2660 3872 2922 3935 patronus
2954 3872 3009 3919 et
3041 3865 3341 3920 advocatus
3380 3864 3593 3930 mundi,

2008 3959 2101 4025 qui
2137 3956 2197 4011 Μ
2226 3956 2396 4013 Deum
2430 3956 2884 4028 (quodammodo)
2918 3971 3113 4026 cogere
3141 3957 3337 4025 pOSsit,
3371 3956 3595 4027 angelo-

2009 4065 2129 4104 rum
2172 4049 2225 4103 N
2252 4050 2461 4116 collega
2493 4057 2549 4104 et
2581 4058 2908 4121 symmysta,
2952 4048 3380 4119 profundissima
3411 4048 3594 4104 scien-

2006 4143 2094 4200 tiae
2127 4141 2171 4197 0
2195 4143 2449 4208 altitudo,
2496 4141 2805 4197 caelestium
2841 4139 2890 4193 P
2931 4142 3315 4211 mysteriorum
3359 4141 3593 4196 domici-

2006 4236 2165 4300 lium,
2203 4237 2248 4301 Ω
2281 4244 2469 4292 custos
2499 4235 2813 4290 divinorum
2854 4249 3184 4289 arcanorum
3217 4235 3354 4305 (sive
3387 4233 3495 4289 Deo
3523 4235 3593 4289 ab

2006 4331 2277 4402 secretis),
2309 4331 2594 4386 hominum
2622 4328 2667 4383 R
2700 4330 2868 4395 salus,
2900 4330 3209 4385 daemonum
3235 4329 3274 4385 S
3306 4330 3464 4395 deus,
3510 4331 3590 4383 vi-

2006 4425 2209 4480 tiorum
2243 4422 2286 4479 T
2313 4423 2591 4491 dominus,
2626 4421 2671 4477 U
2695 4423 2993 4493 imperator
3026 4422 3297 4493 corporis,
3326 4437 3591 4494 procura-

2006 4528 2094 4571 tor
2143 4515 2198 4571 Χ
2226 4524 2454 4581 naturae,
2492 4516 2706 4570 alienus
2739 4530 2770 4569 a
2811 4512 2854 4566 Y
2888 4524 3135 4584 peccato,
3171 4513 3330 4571 sedes
3369 4514 3414 4570 Ζ
3445 4525 3593 4570 tran-

2006 4609 2161 4679 quilli
2192 4608 2360 4663 animi
2391 4616 2445 4663 et
2472 4607 2543 4662 ab
2588 4607 2847 4663 omnibus
2898 4607 3287 4676 cupiditatibus
3331 4608 3590 4678 expediti,

294 4695 416 4765 τῆς
445 4697 894 4768 γαστριμαργίας
936 4699 1031 4752 καὶ
1067 4702 1354 4772 πορνείας·
1400 4705 1449 4756 εί
1492 4705 1549 4757 δὲ
1571 4706 1648 4758 ’έν
1679 4707 1901 4779 ἀπαραο

2011 4700 2252 4755 imitator
2276 4699 2511 4766 Domini,
2539 4698 2758 4753 Domini
2788 4699 2960 4770 ipsius
2982 4698 3220 4766 auxilio;
3250 4700 3405 4754 valde
3434 4700 3590 4755 nobis

295 4787 538 4859 κλήτοις
586 4790 697 4843 τισὶ
741 4789 836 4843 καὶ
883 4790 1196 4863 ἀθλητικοῖς
1238 4794 1570 4867 διατρίϐουσι
1621 4797 1826 4866 τόποις,
1873 4801 1902 4853 ὁ

291 4878 416 4950 τῆς
482 4879 713 4951 ἀκηδίας
784 4882 880 4936 καὶ
931 4882 1259 4953 ἀχαριστίας
1316 4886 1643 4957 παρεδρεύει
1699 4887 1901 4960 τύραν-

294 4987 408 5034 νος
457 4969 608 5042 (16)·
644 4972 1082 5045 ἐπεσημηνάμην
1139 4973 1229 5029 τὸν
1275 4974 1378 5045 τῆς
1430 4978 1687 5049 πορνείας
1739 4979 1901 5035 λύκον

294 5060 511 5125 ὀδύνας
563 5061 926 5132 προστιθέντα
967 5062 1045 5136 τῷ
1091 5063 1356 5136 κάμνοντι
1382 5080 1397 5098 ⁸
1455 5070 1549 5122 καὶ
1605 5072 1662 5123 ἐν
1711 5071 1901 5135 αὑταῖς

296 5154 436 5216 ταῖς
466 5151 681 5215 ὀδύναις
708 5156 956 5223 κινήσεις
986 5156 1133 5228 αύτῷ
1170 5158 1264 5212 καὶ
1301 5160 1576 5231 ἐκκρίσεις
1609 5142 1896 5218 ποιοῦνταέ

300 5238 413 5293 καὶ
440 5233 507 5310 ἦν
537 5241 846 5312 ἐκπληκτόν
878 5259 931 5296 τι
960 5244 1244 5316 γινόμενον
1280 5247 1484 5303 ἰδέσθαι
1534 5252 1593 5304 ὲν
1637 5253 1897 5322 ἀλγηδόσι

304 5328 579 5400 σφοδραῖς
633 5332 734 5406 τὴν
796 5334 975 5404 σάρκα
1035 5337 1351 5408 σφριγῶσαν
1398 5342 1491 5394 καὶ
1544 5345 1896 5417 μαινομένην.

305 5417 430 5473 Καὶ
479 5419 794 5494 ἐπέστρεψα
841 5423 935 5477 καὶ
978 5419 1115 5478 εἶδον
1166 5430 1616 5498 κατακειμένους,
1667 5433 1760 5485 καὶ
1806 5434 1900 5488 ἐπὶ

308 5510 420 5579 τῆς
453 5509 640 5584 κλίνης
687 5513 861 5585 αὐτῆς
903 5514 1009 5569 ὑπὸ
1049 5516 1149 5586 τῆς
1194 5516 1342 5582 θείας
1380 5520 1675 5592 ἐνεργείας,
1710 5524 1741 5595 ἢ
1796 5524 1900 5578 ὑπὸ

313 5603 663 5670 κατανύξεως
711 5608 1268 5679 παρακαλουμένους·
1321 5612 1413 5663 καὶ
1462 5612 1761 5683 μέντοιδιά
1802 5617 1899 5688 τῆς

314 5694 722 5765 παρακλήσεως
779 5696 881 5762 τὰς
937 5698 1128 5763 ὀδύνας
1178 5699 1555 5772 διεκρούοντοο
1601 5703 1678 5767 ὡς
1727 5705 1901 5770 οὕτως

310 5781 641 5851 διακεῖσθαι,
666 5785 743 5852 ὡς
785 5787 861 5859 μὴ
901 5788 1077 5843 θέλειν
1106 5791 1303 5855 αὐτοὺς
1329 5792 1428 5862 τῆς
1460 5792 1616 5846 νόσου
1651 5795 1897 5850 ἀπαλλα-

310 5874 480 5947 γῆναί
529 5894 680 5933 ποτε.
737 5879 847 5933 Καὶ
881 5881 1212 5953 ἐπέστρεψα,
1268 5883 1361 5938 καὶ
1393 5879 1533 5939 εἶδον
1573 5890 1896 5960 κεκακωμέ-

304 5976 461 6031 νους,
509 5969 603 6021 καὶ
644 5967 731 6023 διὰ
760 5968 860 6039 τῆς
888 5971 1041 6026 νόσου
1073 5974 1149 6038 ὡς
1195 5975 1262 6029 δι’
1307 5976 1584 6046 ἐπιτιμίου
1617 5979 1758 6045 τινὸς
1790 5981 1894 6036 πά-

2005 4788 2188 4845 sobrie
2211 4790 2611 4860 advigilandum
2635 4800 2739 4857 est,
2762 4790 2982 4861 quando
3011 4804 3214 4860 corpus
3243 4806 3370 4847 cum
3397 4792 3590 4846 morbo

2005 4880 2371 4937 conﬂictatur.
2409 4881 2699 4937 Daemones
2729 4883 2875 4937 enim
2909 4888 3217 4953 prostratos
3249 4898 3351 4939 nos
3381 4882 3590 4947 intuiti,

2004 4987 2130 5028 cum
2154 4988 2218 5028 ex
2244 4960 2620 5030 imbecillitate
2646 4975 2961 5048 viriumque
2987 4974 3290 5030 defectione
3311 4977 3592 5031 consuetis

2004 5066 2467 5122 exercitationum
2502 5068 2673 5124 armis
2707 5068 2973 5125 adversus
3010 5069 3160 5139 ipsos
3185 5069 3264 5124 uti
3294 5083 3402 5122 non
3430 5083 3591 5138 posse

2004 5156 2213 5221 vident,
2252 5159 2524 5213 acerrime
2559 5167 2673 5213 tum
2708 5173 3024 5230 oppugnare
3056 5160 3256 5215 solent.
3287 5160 3345 5211 ln
3388 5158 3589 5212 sarculo

2003 5248 2166 5320 337
2200 5260 2502 5317 versantes,
2550 5249 2646 5306 ine
2675 5260 2727 5306 et
2756 5251 3086 5322 quandoque
3124 5250 3287 5307 etiam
3331 5249 3589 5319 blasphe-

2005 5346 2127 5398 miae
2154 5345 2381 5414 spiritus
2414 5354 2650 5418 a'grotos
2684 5346 2917 5402 invadit.
2943 5346 3249 5418 Religiosos
3279 5360 3410 5400 vero
3434 5352 3591 5401 extra

2006 5438 2190 5491 saeculi
2226 5438 2417 5494 turbas
2438 5439 2718 5510 degentes,
2752 5440 2797 5495 si
2827 5440 2919 5512 qui
2951 5439 3098 5495 victu
3128 5447 3183 5493 et
3212 5430 3377 5493 rebus
3400 5452 3589 5492 neces-

2005 5530 2165 5586 sariis
2217 5531 2476 5588 omnibus
2520 5533 2821 5601 abundant,
2856 5533 3049 5604 genius
3078 5532 3220 5604 gulm
3247 5540 3304 5587 et
3346 5530 3588 5586 libidinis
3662 5552 3671 5562 -

2005 5630 2183 5674 vexat.
2220 5620 2370 5676 Alios
2395 5630 2602 5689 autem,
2637 5624 2732 5694 qui
2765 5624 2916 5678 omni
2945 5623 3191 5693 corporis
3223 5622 3421 5677 solatio
3461 5631 3590 5677 sunt

2003 5708 2269 5773 destituti,
2298 5712 2621 5783 asperisque
2657 5713 2710 5766 in
2736 5712 2873 5768 locis
2915 5719 2969 5769 et
3001 5710 3205 5767 Christi
3239 5711 3458 5767 athletis
3487 5725 3587 5781 op-

2004 5800 2254 5871 portunis
2283 5802 2554 5869 habitant,
2587 5813 2850 5874 tyrannus
2892 5801 3233 5874 negligentia:
3261 5809 3315 5857 et
3355 5801 3588 5857 tristitia:

2005 5888 2247 5944 infestat.
2279 5887 2577 5945 Observavi
2605 5900 2660 5945 et
2686 5893 2866 5946 notavi
2900 5905 3190 5949 venereum
3217 5891 3403 5961 lupum
3435 5890 3587 5944 labo-

2006 5979 2256 6037 rantibus
2281 5981 2495 6037 dolores
2523 5994 2741 6051 augere,
2766 5981 2900 6038 etin
2932 5981 3062 6054 ipsis
3092 5980 3372 6038 doloribus
3403 5986 3585 6034 motus
