4042 6470
458 430 461 515 Ῐ
488 463 624 532 tota
654 508 663 523 ι
1745 469 1804 529 s.
1830 468 2150 531 IOANNIS
2176 467 2487 529 CLIMACI
2964 454 2967 457 '
3611 453 3734 521 meo

485 591 671 652 turpes
693 583 960 650 excitare,
986 582 1184 654 quibus
1200 580 1375 639 l'aados
1397 583 1654 640 humores
1679 590 2060 647 excernerent,

2176 580 2295 645 aeu;
2344 580 2576 652 ψυχικοῦ
2628 579 3060 648 ἀπαλλαγέντας,
3115 580 3210 632 καὶ
3247 572 3472 643 ἐδόξασα
3521 570 3615 626 τδν
3654 575 3736 626 διὰ

426 740 431 745 ν
483 682 708 744 eratque
742 676 1070 746 stupendum
1098 674 1282 729 videre
1308 675 1452 745 quod
1484 676 1665 743 ﬂebat,
1694 675 1747 728 in
1780 672 2062 729 acerrimis

2176 673 2267 743 τῆς
2300 672 2478 744 πηλοῦ
2505 671 2675 744 πηλὸν
2712 670 3114 741 ὲκκαθάραντα.
3451 760 3463 773 .

484 769 731 837 corporis
770 768 1104 824 cruciatibus
1132 783 1357 824 carnem
1434 770 1810 825 lascivientem
1878 776 1935 823 et
1986 766 2279 821 furentem.
2314 766 2578 823 Revisens
2610 768 2736 823 dein
2764 767 2876 823 vidi
2907 765 3296 822 decumbentes
3355 772 3412 817 et
3451 761 3506 814 in
3548 761 3742 815 lectulo

424 874 425 879 ‘
485 878 586 918 suo
614 862 683 917 ab
717 862 930 919 caelesti
964 863 1162 918 virtute
1192 864 1276 919 vel
1306 867 1727 932 compunctione
1766 873 2064 928 recreatos,
2103 861 2176 916 ita
2219 870 2277 943 ut
2312 878 2410 933 per
2468 865 2706 920 divinam
2775 862 3209 920 consolationem
3258 873 3451 915 omnes
3494 858 3743 926 corporis

484 953 703 1008 dolores
733 954 1106 1018 excluderent,
1136 955 1382 1025 adeoque
1405 959 1543 1011 bene
1569 956 1746 1012 allecti
1809 964 2011 1020 essent,
2080 960 2142 1008 ut
2173 955 2383 1010 nollem
2427 971 2670 1026 unquam
2724 971 2755 1011 a
2817 955 3013 1010 morbo
3063 951 3305 1008 liberari.
3363 948 3747 1049 Reversusque

484 1043 683 1097 iterum
751 1044 1113 1101 animadverti
1163 1048 1349 1120 amigi,
1402 1049 1496 1104 sed
1543 1065 1638 1120 per
1683 1049 1934 1103 morbum
2015 1044 2265 1113 corporis
2331 1047 2498 1103 veluti
2560 1047 2823 1103 inﬂictam
2871 1046 3114 1115 aliquam
3169 1057 3387 1114 prunam
3432 1058 3463 1097 a
3516 1039 3752 1094 morbis-

481 1133 649 1186 animi
682 1143 930 1201 curatos,
963 1135 1134 1191 Deum
1168 1147 1457 1195 veneratus
1486 1139 1716 1211 gratiam
1745 1139 1920 1209 ipsius
1945 1133 2162 1191 laudavi
2194 1136 2341 1206 quod
2367 1138 2543 1194 lutum
2570 1139 2686 1195 luto
2715 1137 3041 1208 repurgarit.

552 1222 786 1277 Animus
831 1226 1135 1296 spiritualis
1164 1229 1326 1283 etiam
1358 1244 1524 1285 sensu
1572 1230 1836 1302 spirituali
1872 1227 2068 1300 praedi-

2244 1228 2390 1292 Νοῦς
2428 1230 2614 1301 νοερδς
2665 1230 2882 1292 πάντως
2920 1228 3017 1282 καὶ
3069 1225 3264 1298 νοεράν
3314 1225 3572 1294 αἴσθησιν
3605 1241 3763 1295 περι·-

483 1318 574 1367 tus
617 1320 720 1379 est,
760 1321 822 1368 ut
871 1316 1019 1371 hunc
1065 1316 1118 1370 in
1169 1317 1328 1373 nobis
1363 1334 1672 1389 nunquam,
1718 1318 1970 1389 quamvis
2009 1316 2065 1370 in

2176 1317 2435 1389 ϐέϐληται
2465 1320 2600 1388 (l7),
2633 1320 2699 1374 ἵν’
2730 1321 2789 1374 ὲν
2819 1322 2975 1391 ἡμῖν,
3015 1318 3105 1372 καὶ
3153 1318 3254 1371 οὐκ
3298 1317 3359 1369 ὲν
3404 1319 3538 1388 ἡμῖν
3584 1311 3751 1370 οὖσαν

485 1403 646 1455 nobis
676 1418 783 1457 non
812 1404 900 1458 sit.
938 1407 1219 1475 requirere
1237 1408 1573 1464 desinamus.
1604 1410 1697 1463 Illo
1719 1409 1863 1463 enim
1899 1421 2065 1464 sensu

2176 1410 2527 1481 ὲκζητοῦντες
2565 1412 2641 1483 μὴ
2684 1410 3029 1482 παυσώμεθα
3052 1426 3066 1440 °
3115 1409 3332 1478 ἐκείνης
3363 1407 3475 1479 γὰρ
3504 1423 3755 1478 φανερω-

486 1493 710 1545 invento
747 1490 1163 1565 [deprehenso],
1198 1497 1310 1566 jam
1345 1499 1554 1554 externi
1587 1499 1833 1569 corporis
1871 1514 2066 1554 sensus

2176 1500 2383 1572 θείσης,
2411 1503 2467 1556 αἱ
2495 1503 2654 1567 ἐκτὸς
2682 1503 2923 1566 πάντως,
2962 1504 3031 1556 τὰ
3059 1502 3235 1555 οἰκεῖα
3262 1501 3507 1573 ἐνεργεῖν
3535 1498 3752 1560 οἰκείως

485 1582 557 1636 ab
587 1584 704 1638 suis
736 1583 931 1642 olIiciis
978 1590 1293 1643 cessabunt.
1332 1591 1395 1645 Et
1441 1592 1545 1649 hoc
1574 1602 1684 1658 est,
1723 1592 1868 1661 quod
1911 1606 1940 1645 e
1976 1606 2053 1646 sa-

2178 1594 2501 1649 παύσονται.
2536 1596 2646 1649 Καὶ
2691 1594 2852 1649 τοῦτό
2886 1597 3056 1662 ἐστιν,
3087 1596 3116 1649 ὃ
3161 1594 3446 1665 γινώσκων
3476 1610 3561 1657 τις
3587 1591 3751 1660 σοφὸς

489 1675 767 1743 pientibus
795 1676 1017 1746 quidam
1051 1678 1364 1751 intelligens
1390 1680 1640 1737 dixit:Et
1672 1652 1917 1738 divinum
1942 1699 2066 1738 sen-
2098 1652 2139 1706 Β

2170 1708 2362 1780 ἔφησε,
2391 1709 2502 1762 Καὶ
2529 1708 2677 1761 θείαν
2699 1708 2953 1779 αἴσθησιν
2989 1708 3266 1779 εὑρήσεις.
3305 1705 3427 1768 Βίος
3463 1701 3752 1776 μοναδικὺς

489 1781 612 1820 sum
650 1767 914 1824 invenies.
952 1770 1072 1825 Vita
1117 1773 1415 1827 monastiea
1447 1774 1501 1828 in
1546 1790 1708 1830 sensu
1737 1776 1920 1830 cordis
1961 1790 2066 1844 qua

487 1853 673 1923 factis,
704 1873 811 1928 qua
848 1859 1052 1927 verbis,
1079 1877 1186 1932 qua
1218 1864 1666 1935 cogitationibus,
1696 1882 1803 1936 qua
1832 1867 2070 1923 motibus

489 1958 739 2004 versetur
783 1959 1018 2020 oportet,
1071 1962 1166 2008 aut
1204 1970 1312 2010 non
1360 1957 1465 2010 erit
1501 1960 1840 2024 monastica,
1897 1959 2070 2013 multo

489 2039 675 2094 minus
710 2041 973 2112 angelica.
1002 2042 1168 2113 338
1196 2045 1354 2101 Aliud
1385 2057 1468 2103 est
1489 2049 1825 2118 providentia
1854 2050 2061 2116 divina,

488 2131 638 2186 aliud
670 2132 957 2199 auxilium,
984 2136 1131 2191 aliud
1160 2138 1348 2204 tutela,
1375 2139 1521 2195 aliud
1551 2142 1928 2201 misericordia
1954 2142 2067 2209 Dei,

487 2222 638 2285 aliud
671 2226 997 2282 consolatio.
1032 2227 1377 2286 Providentia
1408 2231 1503 2289 Dei
1534 2234 1586 2287 in
1618 2243 1731 2289 toto
1772 2250 1936 2305 opere
1967 2250 2069 2291 na-

489 2324 626 2370 tura;
659 2329 908 2388 apparet,
936 2320 1202 2375 auxilium
1244 2324 1596 2383 credentibus
1635 2326 1938 2395 duntaxat;
1984 2337 2073 2383 tu—

491 2409 595 2463 tela
625 2410 678 2463 in
713 2410 1043 2468 Christianis
1082 2414 1333 2472 ﬁdelibus
1366 2419 1460 2488 qui
1507 2434 1633 2475 vere
1683 2420 1869 2476 fideles
1911 2430 2068 2488 sunt;

495 2500 875 2558 misericordia
911 2502 966 2558 in
1017 2504 1238 2563 famulis
1284 2508 1377 2562 Dei
1424 2510 1835 2579 singularibus;
1873 2527 2072 2569 conso-

490 2593 628 2648 latio
658 2595 712 2649 in
744 2597 1102 2668 diligentibus
1138 2597 1310 2655 Deum
1361 2602 1688 2660 ostenditur.
1725 2602 1867 2661 Fieri
1897 2620 2073 2675 quan-

489 2688 669 2760 doque
698 2690 857 2757 solet,
900 2699 960 2746 ut
995 2693 1138 2761 quod
1172 2694 1264 2748 uni
1297 2694 1416 2751 loco
1447 2695 1733 2752 medicina:
1763 2708 1879 2764 est,
1915 2699 2072 2754 alteri

488 2792 759 2832 venenum
790 2778 906 2835 ﬁat.
958 2779 1218 2847 Quinimo
1246 2784 1385 2839 idem
1414 2788 1743 2858 quandoque
1768 2789 1945 2844 eidem
1972 2806 2073 2846 suo

491 2879 742 2941 tempore
777 2873 1128 2943 propinatum
1155 2886 1240 2932 est
1268 2868 1592 2948 remedium,
1625 2880 1802 2937 alieno
1830 2891 2072 2952 tempore

2170 1799 2227 1850 ἐν
2264 1799 2516 1869 αἰσθήσει
2577 1798 2808 1870 καρδίας
2850 1798 3088 1869 γινέσθω
3138 1799 3276 1868 (l8),
3323 1797 3380 1851 ἐν
3439 1796 3627 1867 ἔργοις
3661 1794 3752 1847 καὶ

2170 1889 2348 1957 λόγοις
2373 1891 2468 1944 καὶ
2510 1889 2879 1962 ἐνθυμήμασι,
2931 1892 3024 1945 καὶ
3054 1892 3341 1961 κινήμασι.
3374 1889 3438 1941 Εί
3469 1887 3527 1945 δὲ
3566 1887 3661 1958 μὴ,
3686 1887 3743 1939 οὐ

2175 1981 2483 2050 μοναδικὸς,
2514 1982 2601 2036 ἵνα
2636 1982 2713 2054 μὴ
2757 1984 2921 2052 λέγω,
2972 1981 3282 2051 ἀγγελικός.
3321 1980 3484 2033 Ἀλλο
3528 1979 3751 2050 πρόνοια

2169 2071 2305 2125 Θεοῦ
2338 2071 2473 2144 (19),
2518 2073 2615 2126 καὶ
2664 2073 2793 2127 ἄλλο
2841 2073 3146 2143 ἀντίληψις,
3202 2074 3297 2125 καὶ
3347 2071 3476 2126 ἄλλο
3515 2070 3748 2140 φυλακὴ,

2171 2164 2266 2217 καὶ
2297 2164 2483 2234 ἕτερον
2537 2162 2687 2227 ἔλεος
2732 2163 2892 2228 Θεοῦ,
2927 2164 3020 2217 καὶ
3078 2162 3205 2222 ἀλλο
3241 2161 3611 2234 παράκλησις.
3646 2159 3751 2213 Kai

2170 2256 2231 2309 τὸ
2268 2255 2368 2325 μὲν
2398 2257 2456 2307 ὲν
2486 2255 2637 2327 πάσῃ
2677 2258 2746 2327 τῇ
2796 2254 2975 2325 φύσει,
3017 2256 3075 2309 τὸ
3116 2255 3173 2308 δὲ
3202 2255 3259 2308 ὲν
3296 2254 3508 2316 πιστοῖς
3538 2250 3637 2305 καὶ
3664 2251 3753 2321 μό-

2173 2364 2281 2412 νον,
2319 2348 2377 2400 τὸ
2410 2347 2596 2419 ἕτερον
2642 2350 2699 2401 ὲν
2738 2349 2975 2414 πιστοῖς,
3016 2348 3230 2409 πιστοῖς
3277 2343 3532 2415 ἀληθῶς·
3570 2343 3631 2395 τὸ
3670 2342 3752 2395 τέ-

2169 2454 2367 2510 ταρτον
2396 2440 2455 2493 ὲν
2488 2442 2603 2502 τοῖς
2636 2439 2977 2493 δουλεύουσιν
3004 2438 3153 2509 αὐτῷ
3181 2455 3195 2470 ·
3230 2438 3291 2490 τὸ
3320 2436 3377 2490 δὲ
3416 2435 3669 2505 ἔσχατον,
3698 2433 3751 2485 ὲν

2170 2531 2284 2594 τοῖς
2305 2529 2596 2601 ἀγαπῶσιν
2618 2530 2781 2585 αὐτὸν
2814 2531 3167 2585 ἐνδείκνυται.
3203 2530 3392 2582 Ἔστιν
3424 2528 3515 2581 ὅτε
3541 2526 3606 2579 τὸ
3640 2524 3750 2577 ἐτέ-

2175 2640 2270 2693 ρου
2296 2624 2586 2694 φάρμακον
2616 2624 2751 2695 (20),
2786 2624 2975 2695 ἑτέρου
3005 2625 3333 2696 δηλητήριον
3368 2620 3580 2690 γίνεται
3605 2636 3618 2648 ·
3643 2617 3748 2671 ἔστι

2172 2713 2232 2766 δὲ
2266 2708 2356 2764 ὅτε
2390 2716 2483 2769 καὶ
2512 2716 2572 2770 τδ
2606 2717 2740 2771 αὐτὸ
2769 2716 2846 2787 τῷ
2870 2715 3018 2786 αὺτῷ
3044 2718 3101 2770 ὲν
3128 2716 3226 2785 μὲν
3256 2713 3332 2784 τῷ
3371 2712 3556 2783 οικείῳ
3582 2708 3750 2781 καιρῷ

2174 2806 2639 2878 προοσφρὸμενον,
2688 2809 2983 2881 φάρμακον
3028 2806 3272 2876 γίνεται·
3312 2808 3369 2859 ὲν
3406 2804 3468 2858 οὐ
3499 2801 3681 2874 καιρῷ
3698 2802 3751 2855 δὲ

2174 2896 2339 2950 πάλιν
2366 2897 2694 2971 δηλητήριον
2730 2899 2963 2968 γίνεται.
3000 2895 3156 2953 Εἶδον
3202 2897 3351 2967 ἀφυῆ
3393 2895 3579 2966 ἰατρὸν
3624 2893 3750 2966 (21),

489 2971 546 3019 et
578 2962 959 3035 intempestive
987 2979 1301 3038 porrectum
1330 2971 1387 3027 ﬁt
1424 2988 1718 3029 venenum.
1746 2973 1862 3029 Vidi
1902 2975 2073 3030 medi-

2176 2962 2460 3064 ἀρρωστον
2489 2962 2984 3064 ’συντεθλασμένον
3034 2962 3403 3062 ἀτιμάσαντα,
3448 2962 3545 3041 καὶ
3594 2962 3753 3056 μηδὲν

492 3070 615 3109 cum
650 3056 891 3127 ineptum
924 3068 980 3115 et
1013 3061 1410 3132 importunum,
1446 3066 1540 3135 qui
1571 3083 1775 3137 aegrum
1810 3066 2070 3123 aﬂlictum

492 3146 891 3204 contumeliose
934 3150 1191 3219 incessit,
1230 3170 1331 3211 nec
1371 3157 1520 3213 aliud
1559 3157 1761 3222 eil‘ecit,
1802 3174 1966 3226 quam
2013 3166 2074 3215 ut

494 3236 650 3291 illum
686 3238 740 3293 in
770 3239 1208 3312 desperationem
1245 3247 1566 3318 conjiceret.
1600 3248 1720 3305 Vidi
1762 3251 1995 3321 peritum
2019 3260 2075 3306 ct

496 3329 866 3398 ingeniosum,
915 3336 1010 3405 qui
1044 3336 1213 3394 inﬂati
1264 3342 1521 3411 superbia
1569 3344 1753 3399 cordis
1789 3361 1885 3414 per
1935 3345 2074 3400 irro-

493 3430 672 3491 gatam
723 3426 1083 3495 ignominiam
1117 3448 1332 3487 Otllllcm
1367 3435 1575 3490 saniem
1607 3446 1661 3491 et
1691 3436 1922 3492 fetorem
1972 3453 2073 3492 ex-

495 3513 682 3571 hausit
707 3526 761 3574 et
790 3520 1070 3580 abstersit.
1104 3523 1226 3581 Vidi
1271 3543 1439 3582 unum
1471 3530 1836 3601 eumdemque
1866 3547 2073 3602 aegrum

493 3607 793 3677 aliquando
839 3623 1062 3684 propter
1104 3618 1293 3674 sordes
1331 3620 1500 3675 animi
1530 3606 1836 3679 'abluendas
1878 3639 2074 3682 sanum

495 3698 819 3759 obedientia:
868 3706 1229 3775 pbarmacum
1266 3711 1470 3780 bibere,
1516 3714 1752 3785 indeque
1793 3725 2072 3785 vegetum,

496 3801 831 3863 promptum,
878 3798 1250 3859 ambulantem
1290 3813 1343 3858 et
1392 3804 1706 3875 vigilantem
1752 3805 2075 3863 redditum:

491 3884 789 3954 aliquando
835 3890 905 3946 ab
936 3892 1136 3949 animae
1185 3896 1345 3951 oculo
1376 3895 1736 3966 laborantem,
1787 3899 2071 3953 immotum

491 3985 547 4031 et
605 3979 832 4037 tacitum
883 3983 1003 4040 sine
1058 4001 1293 4043 occursu
1342 3996 1399 4043 et
1442 3990 1717 4060 colloquio
1749 3991 2071 4063 cujusquam

492 4078 894 4133 perseverasse.
947 4070 1053 4137 Qui
1099 4073 1254 4128 habet
1300 4092 1453 4131 aures
1495 4076 1748 4131 audiendi
1788 4078 1974 4131 audiat
2003 4076 2071 4135 ³³.

494 4155 636 4212 Sunt
664 4161 759 4230 qui
796 4162 928 4233 (sed
959 4164 1104 4222 unde
1138 4168 1325 4225 nescio
1346 4207 1362 4235 ,
1403 4183 1582 4239 neque
1620 4168 1767 4224 enim
1801 4168 1895 4225 Dei
1929 4170 2073 4226 dona

494 4245 776 4324 [superbe]
813 4269 930 4310 mea
966 4259 1327 4315 aestimatione
1355 4269 1410 4316 et
1431 4261 1644 4330 judicio
1689 4271 1948 4318 excutere
1978 4271 2074 4317 aut

2180 3081 2361 3146 πλέον,
2402 3084 2451 3136 εί
2499 3083 2574 3156 μὴ
2622 3085 2721 3155 τὴν
2769 3085 3081 3153 ἀπόγνωσιν
3132 3082 3280 3153 αὐτῷ
3326 3079 3750 3150 προξενήσαντα.

2181 3171 2296 3226 Καὶ
2333 3167 2471 3227 εἶδον
2502 3176 2698 3245 εὐφυῆ,
2737 3175 3134 3246 πεφυσημένην
3185 3173 3414 3244 καρδίαν
3438 3171 3505 3224 δι’
3535 3169 3752 3239 ἀτιμίας

2180 3266 2673 3337 χειρουργήσαντα,
2734 3264 2827 3318 καὶ
2896 3265 3079 3318 πᾶσαν
3133 3263 3304 3332 αὐτῆς
3375 3261 3475 3331 τὴν
3531 3258 3755 3324 ὀζωδίαν

2181 3352 2517 3410 κενώσαντα.
2566 3352 2820 3426 Ἑώρακα
2843 3354 2936 3407 τὸν
2971 3352 3137 3407 αὑτὸν
3164 3354 3469 3424 ἄρρωστον,
3498 3349 3631 3403 ποτὲ
3665 3347 3755 3420 μὲν

2181 3441 2269 3496 διὰ
2290 3441 2563 3512 κάθαρσιν
2594 3443 2766 3513 ῥύπου
2812 3441 3005 3495 πιόντα
3047 3440 3294 3509 ὑπακοῆς
3345 3438 3485 3507 ῖαμα
3533 3437 3631 3493 καὶ
3678 3450 3756 3487 κι-

2181 3531 2461 3601 νούμενον,
2493 3534 2585 3587 καὶ
2612 3530 3020 3605 περιπατοῦντα
3049 3532 3146 3585 κα).
3186 3531 3261 3602 μὴ
3291 3528 3565 3583 ὑπνοῦντα
3589 3542 3607 3557 ο
3633 3525 3756 3580 ποτὲ

2180 3626 2238 3681 δὲ
2258 3625 2354 3680 τὸν
2392 3626 2669 3696 ὀφθαλμὸν
2702 3627 2801 3697 τῆς
2837 3626 3015 3698 ψυχῆς
3060 3623 3174 3694 (22)
3209 3621 3470 3676 νοσοῦντα
3520 3620 3614 3674 καὶ
3640 3618 3758 3695 ἀκί-

2182 3733 2342 3787 νητον
2390 3718 2485 3770 καὶ
2527 3714 2869 3787 ἡσυχάζοντα
2934 3715 3071 3788 (25),
3122 3715 3217 3768 καὶ
3251 3714 3309 3766 ἐν
3360 3714 3543 3782 σιωπῇ
3586 3711 3764 3767 διατε-

2180 3804 2392 3859 λοῦντα.
2442 3806 2498 3858 '0
2534 3805 2691 3872 ἔχων
2741 3799 2862 3859 ὦτα
2928 3804 3196 3868 ἀκούειν,
3242 3799 3531 3855 ἀκουέτω.
3580 3798 3756 3860 Τινὲς,

2181 3896 2345 3951 πόθεν
2373 3898 2475 3951 οὐκ
2502 3892 2796 3973 οῖδα(οὐδὲ
2846 3895 2954 3966 γὰρ
2991 3895 3167 3965 οἰήσει
3207 3891 3341 3945 Θεοῦ
3386 3891 3539 3960 δῶρα
3576 3888 3757 3959 ζητεῖν

2180 3975 2276 4043 κα).
2325 3989 2800 4061 πολυπραγμονεῖν
2854 3985 3214 4058 μεμάθηκα),
3259 3983 3441 4052 φύσει,
3492 3981 3755 4042 ἴνόὓτως

2180 4082 2342 4147 εἴπω,
2371 4082 2503 4154 περὶ
2551 4080 2612 4134 τὺ
2652 4076 3002 4155 ὲγκρατὲς,ἥ
3039 4076 3167 4148 περὶ
3190 4068 3264 4129 ’τὸ
3306 4069 3751 4146 ἠσυχαστικὸν,ἢ

2180 4175 2276 4229 καὶ
2307 4175 2491 4243 ἁγνὸν,
2525 4173 2558 4245 ἢ
2595 4171 3070 4243 ἀπαρρησίαστον,
3103 4169 3136 4240 ἢ
3169 4167 3425 4239 πρᾶον,ἢ
3456 4164 3756 4219 εὐκατάνυ-

2183 4282 2309 4319 κτον
2333 4262 2876 4336 ὲπιρῤεπῶς-έχουσι.
2914 4261 3020 4313 Καί
3050 4262 3187 4312 εἰσιν
3212 4258 3390 4329 ἕτεροι
3417 4255 3587 4319 αὐτὴν
3635 4271 3755 4325 σχευ

494 4339 768 4397 curiosius
795 4343 1123 4416 investigare
1149 4349 1349 4421 didici)
1387 4360 1581 4406 natura
1617 4367 1738 4418 sua,
1784 4364 1840 4409 ut
1882 4353 1956 4408 ita
1987 4354 2070 4408 lo-

2176 4358 2264 4411 δὸν
2292 4357 2391 4428 τὴν
2421 4354 2631 4410 ἑαυτῶν
2653 4353 2839 4425 φύσιν
2866 4352 3002 4431 προς
3034 4350 3206 4404 ταῦτα
3229 4349 3416 4412 αὐτοῖς
3463 4347 3751 4417 ἀντιπράτ-

492 4450 653 4503 quar,
689 4437 757 4492 ad
797 4439 1220 4511 continentiam,
1259 4456 1354 4501 aut
1383 4447 1646 4517 quietem,
1685 4458 1780 4504 aut
1812 4450 2072 4505 castimo-

494 4531 664 4599 niam,
715 4544 813 4589 aut
862 4539 1216 4609 modestiam,
1268 4552 1364 4598 aut
1415 4546 1931 4613 mansuetudinem,
1979 4556 2074 4602 aut

491 4625 972 4690 compunctionem
1009 4629 1361 4687 inclinantur.
1414 4633 1479 4690 Et
1522 4646 1649 4691 sunt
1680 4637 1772 4707 qui
1810 4637 2072 4692 retracta-

492 4714 629 4769 riam
662 4718 728 4772 ad
762 4719 875 4775 haec
900 4724 1081 4778 omnia
1116 4736 1366 4783 naturam
1413 4730 1654 4800 experti,
1700 4731 1803 4787 sibi
1836 4732 1936 4801 ipsi
1975 4748 2073 4802 pro

494 4809 700 4868 viribus
733 4812 838 4866 vim
871 4814 1129 4883 inferunt,
1161 4819 1326 4893 339
1354 4838 1492 4892 quos
1552 4807 1709 4896 (iicet
1743 4826 2076 4895 quandoque

489 4901 802 4965 vincantur)
838 4906 1200 4969 nihilominus
1229 4922 1292 4967 ut
1324 4922 1533 4971 naturae
1572 4915 1873 4972 domitores
1929 4918 2077 4987 prio—

491 4996 647 5053 ribus
675 5000 945 5056 anteferre
969 5002 1140 5058 soleo.
1188 5003 1269 5059 Ne
1311 5014 1366 5059 tu
1403 5006 1535 5062 mihi
1580 5008 1748 5064 homo
1775 5009 1844 5064 de
1872 5011 2074 5080 opibus

491 5097 556 5138 ac
585 5089 860 5146 thesauris
894 5092 1014 5148 sine
1064 5094 1250 5151 labore
1294 5096 1466 5166 partis
1517 5099 1777 5169 gloriare.
1821 5100 2071 5158 Caelestis

490 5180 639 5235 enim
688 5183 1038 5239 munerarius
1070 5201 1196 5240 cum
1247 5187 1657 5259 detrimentum,
1694 5200 1750 5246 et
1781 5192 2070 5248 imbecilli-

491 5276 681 5337 tatem,
718 5281 774 5328 et
818 5273 1047 5329 exitium
1095 5284 1251 5330 tuum
1309 5280 1587 5348 praenorit,
1636 5282 1796 5340 donis
1851 5286 1967 5341 suis
2018 5293 2072 5340 et

490 5362 680 5430 gratiis
703 5363 821 5419 sine
847 5373 940 5420 tuo
968 5365 1159 5421 labore
1184 5367 1353 5437 gratis
1378 5370 1591 5427 collatis
1617 5372 2073 5442 aliquadanteuus

493 5453 683 5507 saltem
722 5465 773 5510 te
801 5457 1059 5511 servavit.
1088 5457 1242 5512 Valet
1267 5458 1431 5513 etiam
1479 5459 1750 5518 institutio
1796 5479 1827 5517 a
1871 5468 2072 5520 teneris

490 5549 543 5596 tl
576 5544 846 5612 educatio,
882 5557 934 5601 et
958 5547 1275 5616 quotidiana
1307 5549 1430 5605 vita:
1474 5551 1653 5607 studia
1684 5569 1804 5623 quae
1850 5556 1915 5609 ad
1950 5556 2062 5609 vir-

491 5643 666 5690 tutem
695 5640 1119 5706 comparandam
1156 5652 1209 5695 et
1255 5643 1612 5698 monasticam
1660 5647 1824 5700 vitam
1870 5648 2068 5703 adultis

492 5726 650 5783 nobis
693 5728 1005 5799 adiumento
1054 5740 1221 5798 sunt,
1257 5734 1338 5788 vel
1390 5734 1881 5809 impedimento(si
1930 5739 2069 5795 mala

565 5897 609 5933 ³³
650 5902 786 5960 Luc.
817 5921 925 5971 xiv,
953 5906 1042 5962 55.

2176 4464 2378 4503 τουσαν
2418 4446 2655 4519 ἔχοντες,
2711 4445 2808 4500 καὶ
2844 4442 2988 4498 κατὰ
3016 4442 3248 4511 δύναμιν
3293 4441 3525 4502 ἑαυτοὺς
3573 4437 3753 4507 βιαξόν

2181 4554 2330 4614 μενοι
2357 4557 2371 4572 °
2417 4543 2466 4595 εί
2506 4542 2603 4595 καὶ
2650 4541 2708 4594 ὲν
2754 4538 2933 4610 καιρῷ
2990 4534 3279 4607 ἡττῶνται,
3325 4532 3442 4586 ἀλλ’
3490 4533 3642 4601 ὅμως
3687 4530 3760 4593 ὡς

2180 4633 2406 4706 βιαστάς
2437 4632 2537 4703 τῆς
2570 4629 2787 4700 φύσεως
2812 4627 2950 4698 (24),
2974 4627 3173 4689 αὐτοὺς
3190 4625 3300 4678 τῶν
3319 4622 3603 4695 προτέρων
3622 4621 3746 4692 μᾶλ-

2176 4726 2267 4781 λον
2297 4723 2656 4793 ἀποδέχομαι.
2690 4719 2784 4790 Μὴ
2816 4716 3154 4789 μεγαλαύχει
3188 4715 3284 4767 ἐπὶ
3313 4714 3500 4783 ἀπόνῳ
3521 4711 3757 4781 πλούτῳ,

2177 4813 2472 4881 ἄνθρωπ’
2501 4809 2603 4880 τὴν
2655 4808 2764 4879 γὰρ
2800 4807 3004 4876 πολλήν
3052 4822 3147 4858 σου
3192 4802 3421 4874 βλάϐην,
3468 4801 3564 4856 καὶ
3598 4802 3759 4856 ἀσθέ-

2180 4922 2351 4969 νειαν,
2409 4903 2504 4957 καὶ
2549 4900 2828 4955 ἀπώλειαν
2894 4898 3163 4970 προγνοὺς
3213 4897 3242 4949 ὀ
3291 4894 3594 4967 δωροδότης
3651 4896 3755 4956 τοῖς

2180 4996 2651 5066 πλεονεκτήμασιν
2692 4991 2856 5046 αὐτοῦ
2917 4991 3147 5053 ἐκείνοις
3199 4991 3313 5052 τοῖς
3362 4984 3762 5059 ἀμίσθοιςχκᾶν

2176 5089 2361 5153 ποσῶς
2393 5105 2452 5143 σε
2477 5087 2706 5140 διέσωσε
2739 5085 2877 5158 (25).
2910 5084 3023 5138 Kal.
3052 5084 3109 5136 αί
3143 5082 3208 5135 ὲκ
3253 5079 3457 5152 νηπίου
3490 5077 3765 5147 παιδεῖαι,

2172 5184 2269 5238 καὶ
2293 5179 2597 5251 ἀνατροφαὶ
2626 5177 2762 5248 (26),
2794 5176 2891 5230 καὶ
2923 5174 2992 5228 τὰ
3032 5170 3443 5244 ἐπιτηδεύματα
3472 5170 3763 5240 συνέρχον·

2171 5293 2283 5341 ται,
2307 5275 2341 5345 ἢ
2379 5274 2473 5327 κα)¹
2500 5270 2979 5341 ἀντιπράττουσιν,
3006 5268 3138 5338 ἡμῖν
3177 5262 3449 5334 αὐξήσασι
3490 5261 3630 5333 πρὸς
3661 5259 3758 5326 τὴν

2174 5368 2379 5438 ἀρετήν
2419 5383 2479 5418 τε
2526 5365 2621 5418 κα).
2655 5363 2791 5433 πρὸς
2832 5361 2928 5432 τὴν
2962 5358 3261 5428 μοναδικὴν
3295 5355 3572 5409 πολιτείαν
3596 5371 3610 5386 ·
3642 5351 3757 5419 φῶς

2180 5462 2281 5530 μὲν
2309 5458 2570 5530 μοναχοῖς
2598 5452 2820 5525 ἄγγελοι
2843 5454 2953 5524 (:17)
2976 5468 2987 5480 '
3028 5451 3143 5521 φῶς
3190 5449 3247 5503 δὲ
3290 5450 3509 5502 πάντων
3544 5442 3753 5513 ἀνθρώ-

2179 5570 2295 5606 πων
2333 5550 2592 5624 μοναδικὴ
2620 5548 2883 5606 πολιτεία.
2919 5545 3127 5600 Οὐκοῦν
3181 5547 3238 5598 ὲν
3267 5544 3400 5599 πᾶσι
3420 5542 3589 5604 τύπος
3619 5540 3749 5606 ἀγα-

2179 5646 2267 5709 θὸς
2297 5643 2541 5714 γίνεσθαι
2582 5638 3056 5711 ἁγωνιζέσθωσαν,
3104 5636 3293 5708 μηδεν).
3322 5634 3653 5707 πρόσκομμα
3692 5628 3750 5680 ἐν

2180 5739 2370 5811 μηδενὶ
2418 5736 2670 5802 διδόντες,
2701 5736 2758 5789 ὲν
2793 5728 2875 5796 οἷς
2909 5731 2973 5785 ἂν
3011 5728 3371 5801 ἐργάζωνται,
3401 5727 3433 5799 ἢ
3473 5721 3742 5795 ἀποφθέγ-
