4042 6454
256 499 396 567 1021
1259 496 1495 557 SCALA
1523 492 1906 555 PARADISI.
1942 515 2012 526 -
2039 491 2349 553 GRADUS
2407 492 2607 553 XXVI.
3414 490 3546 551 1022

251 629 494 685 γωνται.
529 611 594 664 Ei
626 607 737 682 γὰρ
758 608 821 663 τό
861 609 979 680 φῶς
1005 607 1196 672 σκότος
1222 607 1435 677 γίνεται
1470 606 1607 679 (‘28),
1636 606 1698 659 τὸ
1729 604 1855 659 σκό-
1884 648 1893 666 ι

1996 605 2240 676 terunt).
2267 604 2479 660 Lumen
2509 603 2909 659 monachorum
2931 610 3061 659 sunt
3082 602 3279 675 angeli,
3302 603 3547 657 omnium

252 722 379 770 τος,
412 703 607 774 ῆγουν,
636 703 686 755 οἱ
720 700 863 756 κατά
896 701 1122 771 κόσμον,
1157 700 1322 755 πόσον
1356 698 1848 770 σκοτισθήσονταις

1996 714 2090 754 ero
2128 698 2449 755 mortalium
2483 699 2573 752 lux
2603 707 2685 754 est
2717 699 2826 753 vita
2862 696 3139 769 religiosa.
3192 697 3383 765 Itaque
3413 678 3549 749 con-

255 794 326 847 Et
378 793 492 863 ἄρα
528 792 655 861 ἐμοὶ
697 791 971 859 πείθεσθε,
1011 793 1060 845 οἱ
1108 790 1447 861 πειθόμενοι,
1486 787 1686 860 μᾶλλον
1720 787 1777 841 δὲ
1804 787 1855 839 oi

1996 791 2185 847 :ndant
2212 798 2274 844 ut
2305 790 2564 845 omnibus
2589 790 2795 861 optima
2842 790 2968 844 vita:
3000 786 3177 844 forma
3218 788 3375 851 fiant,
3413 785 3547 840 nulli

259 882 607 953 βουλόμενοι,
642 880 810 935 καλὸν
842 883 990 952 ἡμᾶς
1036 882 1113 953 μὴ
1153 880 1453 935 ποικίλλειν
1483 880 1737 943 ἑαυτοὺς,
1762 878 1859 932 καὶ

1998 893 2150 939 antes
2184 883 2351 938 ullam
2398 881 2788 948 oﬂ‘ensionem,
2822 881 2877 936 in
2920 882 2989 938 iis
3031 897 3152 952 qua=
3190 878 3419 937 fecerint
3455 890 3549 933 aut

256 975 368 1046 τὴν
397 973 591 1029 ἀθλίαν
620 973 783 1046 ήμῶν
822 974 1002 1046 ψυχὴν
1051 971 1416 1045 διαμερίζειν,
1458 974 1555 1027 καὶ
1597 971 1859 1043 πολεμεῖν

1996 975 2128 1031 )cuti
2163 974 2387 1030 fuerint.
2427 974 2486 1031 Si
2523 976 2669 1030 enim
2704 975 2888 1043 lumen
2922 974 2976 1029 in
3002 974 3256 1029 tenebras
3290 982 3548 1029 vertatur.

261 1069 474 1141 χιλίαις
511 1065 741 1136 χιλιάσι,
790 1067 887 1120 καὶ
940 1066 1164 1138 μυρίαις
1205 1065 1464 1137 μυριάσιν
1510 1062 1762 1135 ἐχθρῶν·
1796 1063 1859 1116 οὑ

1996 1077 2231 1125 ‘uautum
2267 1069 2401 1139 ipsae
2446 1069 2707 1133 tenebrae,
2761 1068 2864 1123 hoc
2897 1076 3001 1132 est,
3030 1068 3075 1122 'ii
3118 1069 3212 1137 qui
3250 1068 3302 1121 in
3351 1066 3554 1120 saeculo

261 1156 383 1227 γὰρ
409 1154 779 1226 ἑξαρκέσομεν
817 1155 1000 1219 πάσας
1036 1154 1218 1210 αὐτῶν
1254 1156 1355 1219 τὰς
1392 1153 1735 1224 πανουργίας
1753 1169 1859 1207 κα-

1996 1163 2196 1234 legunt,
2231 1162 2710 1216 obtenebrescent.
2752 1160 2968 1215 Atenim
3001 1160 3046 1216 si
3084 1174 3170 1214 me
3204 1159 3422 1224 auditis,
3460 1165 3555 1211 aut

261 1247 564 1319 ταμαθεῖν,
605 1247 639 1320 ἢ
667 1248 804 1311 ὅλως
840 1247 1041 1320 εὑρεῖν.
1072 1250 1152 1320 Τῇ
1192 1246 1399 1319 Τριάδι·
1434 1248 1500 1318 τῇ
1534 1245 1668 1316 ἁγίᾳ
1721 1242 1865 1299 κατά

1996 1251 2153 1305 μοιίιιε
2183 1251 2334 1305 dicto
2368 1250 2658 1304 audientes
2692 1263 2815 1304 esse
2839 1248 3025 1313 vultis,
3061 1248 3166 1302 erit
3193 1261 3223 1300 e
3254 1264 3311 1300 re
3342 1255 3551 1308 nostra,

262 1343 384 1396 τῶν
413 1341 583 1413 τριῶν
612 1340 749 1413 (29),
805 1343 895 1397 διὰ
938 1342 1048 1396 τῶν
1092 1342 1258 1411 τριῶν
1299 1341 1673 1412 ὁπλισώμεθα.
1716 1338 1782 1393 Εἰ
1808 1340 1866 1395 δὲ

266 1436 377 1505 μὴ,
403 1434 636 1497 πολλοὺς
657 1435 861 1498 κόπους
890 1436 1104 1498 ἑαυτοῖς
1129 1435 1243 1504 (50)
1289 1434 1701 1505 προξενήσομεν
1737 1449 1752 1464 ·
1780 1432 1869 1485 ὃν·

264 1544 385 1589 τως
416 1524 513 1581 ἐὰν
532 1527 626 1581 καὶ
668 1528 729 1581 ὲν
774 1529 907 1597 ήμῖν
951 1528 1199 1599 γένηται,
1225 1529 1257 1581 ὁ
1281 1523 1716 1596 μεταστρέφων
1754 1524 1870 1593 τὴν

269 1616 606 1673 θάλασσαν
619 1620 706 1683 εἰς
728 1615 944 1685 ξηρὰν,
966 1616 1283 1688 διαϐήσεται
1302 1616 1519 1679 πάντως
1536 1616 1632 1669 καὶ
1650 1616 1678 1668 ό
1706 1615 1869 1685 ἡμῶν

282 1705 532 1777 Ἰσραὴλ,
569 1706 738 1777 ήγουν
761 1704 887 1771 νοῦς
914 1707 1059 1778 ὀρῶν
1085 1706 1239 1771 Θεὸν,
1291 1704 1463 1777 αὐτὴν
1503 1706 1857 1776 ὰκυμάντως,

271 1798 374 1851 καὶ
411 1796 609 1866 ὄψεται
649 1796 777 1860 τοὺς
819 1797 1157 1865 Αἰγυπτίους
1190 1798 1248 1848 ὲν
1297 1795 1377 1866 τῷ
1417 1794 1571 1850 ὕδατι
1625 1795 1734 1849 τῶν
1781 1796 1876 1848 δα-

270 1889 471 1961 κρύων
496 1888 908 1957 ἀποπνιγέντας
933 1905 948 1921 ·
980 1889 1193 1943 ἐκείνου
1240 1888 1297 1942 δὲ
1339 1889 1398 1941 ὲν
1443 1890 1580 1959 ἡμῖν
1621 1890 1697 1960 μὴ
1724 1889 1879 1960 ἐνδη-

283 1984 540 2056 μοῦντος,
571 1985 741 2055 ἤχους
772 1984 1034 2055 κυμάτων
1072 1983 1266 2053 αὐτῆς,
1318 1983 1489 2053 ἤγουν
1527 1983 1626 2054 τῆς
1674 1984 1876 2053 σαρκὸς

286 2076 492 2148 ταύτης
535 2077 619 2140 τίς
672 2077 1079 2147 ὑποστήσεται;
1123 2075 1248 2129 Ἐὰν
1299 2075 1507 2146 ἀναστῇ
1561 2076 1620 2128 ὲν
1669 2077 1803 2146 ἡμῖν
1833 2077 1863 2129 ὁ

289 2168 431 2232 Θεὸς
460 2170 543 2223 διὰ
584 2169 838 2241 πράξεως
881 2168 1016 2239 (51),
1057 2167 1652 2239 διασκορπισθήσονται
1698 2171 1746 2222 οἱ
1788 2171 1878 2240 ἐχ-

289 2260 413 2331 θροὶ
448 2260 640 2325 αὐτοῦ,
664 2262 759 2315 καὶ
785 2262 881 2315 ἐὰν
905 2261 994 2314 διὰ
1018 2261 1254 2333 θεωρίας
1283 2261 1753 2332 προσπελάσωμεν
1782 2261 1882 2315 αὑ-

281 2352 386 2423 τῷ,
439 2352 769 2418 Φεύξονται
824 2357 879 2408 οὶ
921 2355 1252 2424 μισοῦντες
1303 2354 1649 2411 αὺτὸν-’ἀπὸ
1692 2367 1881 2423 προσ-

284 2445 460 2500 ώπου
491 2444 693 2515 αὑτοῦ,
736 2446 833 2500 καὶ
873 2447 1054 2516 ήμῶν.
1092 2448 1305 2520 Ἱδρῶτι
1348 2444 1549 2519 μᾶλλον
1600 2446 1737 2517 (‘52),
1787 2445 1884 2499 καὶ

289 2536 371 2610 μή
394 2536 542 2607 ψιλῷ
599 2537 766 2610 λόγῳ,
819 2537 891 2591 τὰ
944 2538 1066 2594 θεῖα
1113 2539 1409 2610 μανθάνειν
1461 2538 1880 2607 σπουδάσωμεν.

285 2627 369 2679 Οὐ
410 2627 522 2699 γὰρ
564 2628 776 2696 λόγους,
832 2627 948 2681 ἀλλ’
997 2629 1135 2700 ἔργα
1175 2632 1233 2684 ὲν
1270 2631 1449 2701 καιρῷ
1493 2629 1676 2694 ἐξόδου
1726 2629 1887 2701 χρεία

286 2714 660 2780 ἐνδείξασθαι.
690 2718 754 2770 Οἱ
804 2716 1081 2788 θησαυρὸν
1127 2722 1514 2792 κεκρυμμένον
1553 2720 1888 2784 ἀκούσαντες

286 2807 355 2860 ιν
388 2806 469 2878 τῷ
501 2807 673 2878 τόπῳ,
714 2807 960 2883 ζητοῦσι,
990 2812 1085 2867 καὶ
1116 2812 1182 2865 ὲκ
1227 2812 1331 2882 τῆς
1375 2812 1657 2884 ζητήσεως
1688 2813 1751 2867 τὸ
1794 2814 1881 2866 εὑ-

292 2898 461 2971 ρεθὲν
518 2900 658 2971 μετὰ
719 2901 885 2955 πόνου
937 2901 1341 2970 φυλάττουσινο
1389 2905 1439 2957 οἱ
1488 2903 1597 2975 γὰρ
1659 2903 1882 2966 ἀπόνως

291 2991 708 3062 πλουτήσαντες
758 2993 1115 3065 σκορπίξουσι
1158 2993 1292 3063 (55).
1348 2994 1622 3064 Δυσχερὲς
1682 2995 1782 3066 μὲν
1827 2994 1890 3048 τὸ

290 3083 406 3138 τῶν
449 3083 778 3155 προλήψεων
819 3083 1064 3157 εὐχερῶς
1092 3084 1478 3155 περιγενέσθαι
1537 3087 1687 3157 (ὅθ’
1735 3089 1785 3140 οἱ
1833 3087 1891 3141 δὲ

293 3175 381 3231 ἔτι
437 3176 669 3241 ταύταις
712 3164 1069 3250 πρόστιθέναι
1123 3178 1198 3249 μὴ
1255 3179 1575 3248 παυόμενοι,
1610 3179 1643 3249 ἢ
1683 3179 1892 3235 ἑαυτῶν

292 3266 714 3341 ἀπεγνώκασιν,
750 3268 783 3338 ἢ
825 3268 981 3321 οὐδὲν
1022 3269 1087 3321 ἐκ
1126 3269 1226 3340 τῆς
1272 3268 1553 3339 ὑποταγῆς
1607 3269 1892 3342 ὠφελήθη-

295 3374 425 3413 σαν.
479 3358 629 3429 Πλὴν
669 3354 807 3422 οἶδα,
860 3358 945 3412 ὅτι
983 3361 1012 3412 ό
1044 3358 1180 3423 Θεὸς
1228 3359 1410 3413 πάντα
1454 3357 1718 3413 δύναται·
1757 3360 1890 3414 ἀδυ-

292 3452 457 3504 νατεῖ
481 3450 540 3504 δὲ
572 3450 722 3522 αὐτῷ
754 3449 930 3505 οὐδέν.

1970 1357 2038 1397 ne
2076 1343 2213 1397 varii
2252 1350 2309 1396 et
2355 1342 2732 1396 inconstantes
2768 1340 2965 1401 simus,
3015 1338 3383 1405 miseramque
3432 1337 3556 1389 atti-

1971 1451 2116 1492 tnam
2150 1444 2395 1491 nostram
2420 1435 2757 1501 dividamus,
2784 1444 2841 1489 ut
2868 1449 2991 1489 cum
3022 1432 3259 1486 millenis
3290 1431 3555 1492 millibus,

1972 1528 2217 1599 adeoque
2266 1528 2451 1585 decies
2497 1527 2738 1582 millenis
2798 1525 3044 1580 millibus
3097 1521 3337 1578 hostium
3398 1520 3559 1574 simul

1974 1620 2228 1691 congredi
2258 1627 2314 1677 et
2343 1634 2590 1691 pugnare
2618 1634 2905 1690 cogamur,
2940 1629 3223 1687 nunquam
3270 1613 3416 1667 enim
3443 1625 3567 1665 om-

1978 1729 2075 1768 nes
2112 1713 2329 1767 illorum
2374 1721 2519 1768 artes
2563 1711 2737 1767 malas
2779 1709 3083 1782 poterimus
3119 1705 3433 1778 perdiscere
3471 1714 3564 1759 aut

1977 1805 2198 1875 penitus
2226 1804 2636 1873 deprehendere
2666 1812 2721 1857 et
2750 1800 3020 1857 invenire.
3059 1798 3261 1855 Sancta
3295 1795 3566 1849 Trinitale

1979 1899 2245 1955 adversus
2286 1897 2555 1968 triplicem
2595 1896 2808 1951 hostem
2854 1907 2953 1963 per
2995 1900 3106 1945 tres
3138 1891 3369 1943 virtutes
3403 1888 3567 1942 obar-

1982 2007 2217 2048 memur.
2253 1990 2410 2058 Quod
2442 1989 2547 2045 nisi
2578 1987 2892 2049 fecerimus,
2926 1984 3133 2039 multos
3159 1981 3320 2036 nobis
3355 1980 3572 2039 labores

1980 2084 2308 2141 creabimus.
2341 2081 2597 2137 Profecto
2618 2080 2662 2135 si
2691 2076 2975 2133 nubiscum
3011 2086 3233 2149 quoque
3268 2071 3431 2133 fuerit
3479 2071 3572 2140 qui

1980 2178 2145 2251 340
2175 2178 2428 2232 convertit
2459 2191 2604 2229 mare
2638 2174 2695 2228 in
2729 2172 2940 2227 aridam
2968 2170 3034 2236 “,
3069 2166 3297 2222 omnino
3318 2162 3575 2221 transibit

1982 2274 2145 2326 etiam
2180 2277 2364 2327 noster
2389 2268 2577 2334 Israel,
2611 2281 2708 2324 seu
2741 2279 2899 2320 mens
2932 2270 3123 2318 nostra
3156 2260 3324 2315 Deum
3357 2256 3574 2325 videns,

1982 2379 2136 2419 mare
2160 2364 2278 2419 sine
2300 2363 2564 2417 ﬂuctuum
2592 2358 2866 2431 procellis,
2888 2353 3267 2426 spectabitque
3288 2348 3577 2419 Egyptios

1986 2456 2041 2511 in
2098 2457 2467 2528 lacrymarum
2515 2452 2676 2523 aquis
2723 2449 3043 2513 suﬂ‘ocatos;
3088 2445 3183 2499 sed
3230 2441 3323 2496 illo
3355 2441 3578 2494 absente

1986 2546 2271 2602 fremitum
2315 2542 2618 2606 ﬂuctuum,
2669 2540 2787 2595 sive
2829 2535 3015 2592 carnis
3064 2542 3265 2587 nostrae
3312 2529 3576 2598 impetum

1989 2633 2115 2703 quis
2147 2630 2485 2686 sustinebit?
2514 2628 2571 2682 Si
2607 2628 2749 2682 Deus
2785 2625 2838 2679 in
2873 2622 3031 2678 nobis
3060 2637 3157 2692 per
3188 2634 3352 2689 Opera
3385 2632 3579 2673 exsur-

1992 2726 2214 2790 rexerit,
2249 2724 2668 2793 dissipabuntur
2702 2718 2914 2775 inimici
2947 2716 3090 2787 ejus,
3127 2722 3180 2769 et
3220 2713 3266 2770 si
3312 2727 3409 2782 per
3442 2725 3576 2765 con-

1990 2817 2397 2887 templationem
2428 2813 2866 2872 invocaverimus
2899 2824 3046 2874 eum,
3081 2805 3310 2878 Fugient
3340 2805 3430 2876 qui
3453 2803 3581 2857 ode-

1992 2919 2114 2964 runt
2142 2926 2261 2963 eum
2292 2925 2325 2963 a
2351 2910 2488 2981 facie
2520 2909 2632 2978 ejus
2657 2908 2702 2940 ³⁸
2732 2915 2782 2962 et
2819 2913 3025 2959 nostra.
3063 2898 3367 2954 Laboribus
3402 2895 3583 2967 potius

1991 3009 2044 3055 et
2072 3001 2367 3057 sudoribus
2402 3015 2509 3055 non
2561 3001 2725 3056 nudis
2758 2995 2941 3054 verbis
2974 2990 3216 3050 coelestia
3255 3000 3584 3061 cognoscere

1995 3094 2334 3150 Studeamus.
2383 3094 2558 3163 Opera
2602 3094 2771 3158 enim,
2830 3104 2944 3145 non
2992 3086 3159 3142 verba
3213 3080 3485 3154 oportebit
3526 3078 3583 3132 in

1995 3185 2145 3241 exitu
2164 3187 2290 3242 vitae
2307 3186 2568 3241 exhibere
2587 3184 2783 3256 judici.
2809 3181 2914 3248 Qui
2943 3180 3113 3235 latere
3134 3174 3338 3231 alicubi
3362 3173 3587 3229 thesau-

1997 3292 2119 3331 rum
2145 3279 2394 3342 audiunt,
2419 3276 2571 3331 illum
2618 3277 2741 3331 loco
2777 3289 2879 3330 suo
2900 3278 3175 3343 quaerunt,
3198 3276 3253 3323 et
3273 3265 3456 3325 labore
3485 3273 3588 3316 suo

1996 3379 2276 3440 repertum
2301 3370 2642 3425 custodiunt.
2657 3366 2795 3422 Nam
2820 3367 2913 3437 qui
2937 3366 3057 3421 sine
3077 3364 3266 3417 labore
3287 3358 3587 3414 ditescunt,

1919 3450 1961 3507 C
1996 3458 2136 3515 bona
2165 3458 2456 3530 dissipant.
2499 3457 2729 3515 Diliicile
2761 3466 2846 3513 est
2872 3458 3209 3512 inveteratas
3243 3466 3341 3506 seu
3368 3445 3595 3501 vitiosas

294 3542 738 3599 consuetudines
774 3542 896 3597 sine
921 3551 1123 3597 conatu
1145 3541 1386 3597 vincere.
1424 3539 1531 3607 Qui
1559 3555 1689 3596 vero
1710 3540 1780 3598 iis
1803 3545 2051 3613 quotidie
2087 3563 2258 3606 novas
2287 3550 2572 3622 adjiciunt,
2600 3559 2693 3603 aut
2717 3548 2785 3604 de
2814 3562 2873 3602 se
2902 3546 3285 3616 desperarunt,
3309 3553 3376 3593 ex
3407 3533 3591 3604 subje-

295 3638 509 3705 ctione,
562 3652 661 3695 seu
742 3636 1009 3709 religione
1086 3636 1298 3693 nullum
1350 3636 1598 3693 fructum
1633 3638 1978 3708 retulerunt.
2013 3642 2127 3701 Nec
2170 3653 2353 3702 tamen
2405 3646 2600 3718 ignoro
2650 3642 2823 3700 Deum
2865 3639 3052 3696 omnia
3101 3650 3264 3709 posse
3283 3674 3305 3700 ,
3346 3629 3595 3699 nihilque

298 3733 462 3789 illum
507 3745 619 3787 non
662 3744 846 3801 posse.

381 3827 773 3905 Δυσδιάκριτόν
818 3826 911 3897 μοι
972 3842 1121 3891 τινες
1178 3825 1443 3898 θεώρημα
1515 3825 1902 3898 ἐπηπόρησαν,

310 3923 413 3978 καὶ
444 3922 569 3985 τοὺς
617 3921 743 3975 κατ’
794 3920 897 3990 ἐμὲ
936 3921 1147 3984 πάντας
1198 3920 1527 3993 ὑπερὸαἴνον
1550 3961 1566 3985 ,
1625 3918 1804 3973 οὐδενὶ
1847 3917 1906 3993 δέ

308 4015 427 4067 τῶν
474 4013 548 4077 εις
588 4012 691 4077 ἐμὲ
733 4010 1070 4082 ἐληλυθότων
1120 3991 1321 4066 δέλτων
1373 4011 1766 4082 περιεχόμενον
1817 3991 1907 4061 λέξ

268 4104 525 4174 ’γοντες.
560 4103 712 4157 Ποῖοι
756 4101 866 4156 τῶν
910 4101 1057 4155 ὀκτὼ
1096 4100 1377 4172 λογισμῶν
1427 4101 1733 4172 ἱδιαιρέτως
1768 4097 1905 4153 ἀπό-

301 4213 463 4267 γονοι
493 4196 864 4266 τυγχάνουσι;
906 4193 939 4265 ἢ
992 4195 1141 4257 ποῖος
1186 4193 1449 4246 τοιούτων
1496 4192 1661 4245 πέντε
1692 4192 1757 4244 ὲκ
1797 4189 1906 4243 τῶν

301 4286 483 4359 τριῶν
519 4286 629 4340 τῶν
669 4283 995 4358 προστατῶν
1025 4284 1310 4354 γεννήτωρ
1337 4281 1719 4353 καθέστηκεν;
1765 4279 1908 4348 Ἐγὼ

304 4379 370 4433 δὲ
416 4378 558 4449 πρὸς
599 4377 700 4448 τὴν
740 4376 977 4449 ἀπορίαν
1034 4376 1330 4447 ἐπαινέτην
1371 4375 1596 4444 ἄγνοιαν
1640 4373 1902 4444 προϐαλόσ

311 4488 505 4540 μενος,
540 4469 694 4541 παρά
729 4468 840 4523 τῶν
888 4468 1167 4523 πανοσίων
1215 4466 1427 4538 ἀνδρῶν
1468 4465 1675 4538 ἔμαθον
1708 4464 1905 4528 οὕτως.

308 4563 520 4633 Μήτηρ
554 4561 652 4631 μὲν
677 4559 938 4632 πορνείας
972 4558 1411 4630 γαστριμαργία,
1452 4552 1682 4627 ἀκηδίας
1716 4556 1774 4609 δὲ
1811 4573 1905 4609 κε-

309 4653 528 4718 νοδοξία
546 4670 560 4685 ·
585 4652 729 4724 λύπη
752 4653 810 4705 δὲ
848 4650 958 4706 τῶν
989 4650 1158 4723 τριῶν
1187 4651 1393 4705 τούτων
1424 4650 1693 4721 γέννημα,
1720 4649 1910 4715 ὥσπερ

309 4745 413 4798 κα)⁸
440 4744 618 4815 ὀργή·
654 4744 1036 4814 ὑπερηφανίας
1061 4742 1119 4796 δὲ
1152 4743 1341 4815 μήτηρ
1375 4740 1673 4806 κενοδοξία.
1691 4741 1834 4809 Ἐγὼ
1854 4741 1910 4794 δὲ

313 4833 487 4888 πάλιν
515 4835 652 4905 πρὸς
672 4834 802 4898 τοὺς
822 4835 1187 4905 ἀειμνήστους
1216 4832 1457 4895 ἐκείνους
1481 4832 1910 4903 ἀποκρινόμενος

309 4928 583 4998 ἔφασκον,
631 4926 881 5000 λιπαρῶν
929 4926 1223 4996 μανθάνειν
1264 4925 1451 4980 λοιπὸν
1486 4927 1582 4980 καὶ
1622 4925 1732 4980 τῶν
1766 4925 1910 4979 ὀκτὼ

311 5020 672 5091 γεννήματα,
713 5019 812 5075 καὶ
842 5022 996 5073 ποῖον
1038 5019 1193 5072 ποίου
1229 5018 1464 5090 ὑπάρχει
1502 5017 1713 5091 κύημα.
1770 5018 1907 5072 Ἐδί-

2081 3825 2453 3893 Quaestionem
2478 3840 2572 3880 seu
2597 3819 3113 3892 contemplationem
3139 3814 3272 3870 mihi
3295 3812 3593 3882 dijudicatu

2008 3918 2304 3983 dillicilem,
2353 3932 2586 3989 qumque
2625 3918 2872 3970 omnium
2923 3912 3028 3967 mei
3073 3909 3336 3966 similium
3382 3904 3595 3975 ingenia

2008 4020 2250 4081 superet,
2283 4026 2386 4065 nec
2413 4011 2529 4063 ullo
2548 4009 2836 4071 librorum,
2867 4004 2961 4075 qui
2985 4001 3051 4058 ad
3081 4014 3184 4055 nos
3208 4005 3596 4068 pervenerunt,

2008 4105 2379 4169 contineatur,
2430 4101 2680 4156 nonnulli
2726 4102 3157 4170 proposuerunt.
3203 4093 3465 4158 Quaenam
3514 4089 3600 4141 iu-

2008 4197 2228 4267 qniunt,
2250 4192 2514 4250 suntocto
2536 4193 2850 4264 capitalium
2874 4186 3129 4243 vitiorum
3155 4178 3599 4258 [cogitationum]

2007 4288 2231 4360 pr0prie
2283 4285 2565 4359 germina?
2616 4293 2713 4339 aut
2772 4281 2897 4351 quis
2956 4279 3300 4360 reliquorum,
3357 4273 3601 4344 quinque

2009 4358 2074 4438 ex
2130 4380 2307 4437 tribus
2349 4378 2678 4449 capitalibus
2728 4375 2942 4443 genitor
2993 4370 3240 4426 exstitit?
3297 4358 3377 4421 Ad
3434 4381 3601 4437 quam

2009 4473 2281 4545 egregiam
2328 4471 2688 4541 quaestionem
2737 4483 2836 4537 ego
2881 4480 3057 4520 meam
3108 4460 3390 4533 professus
3436 4458 3602 4512 insci-

2011 4566 2141 4620 tiam
2171 4604 2186 4629 ,
2233 4563 2302 4618 ab
2346 4558 2713 4617 sanctissimis
2754 4555 3009 4611 Patribus
3057 4552 3131 4607 ita
3187 4549 3390 4618 accepi.
3443 4545 3601 4618 34],

2010 4655 2279 4712 Libidinis
2335 4649 2756 4723 procreatricem
2824 4660 2948 4701 esse
3004 4640 3210 4696 ventris
3291 4633 3606 4707 ingluviem,

2009 4748 2211 4804 acediae
2260 4758 2390 4800 vero
2441 4757 2538 4798 seu
2599 4738 2845 4802 desidiat,
2906 4747 3102 4789 vanam
3159 4728 3441 4801 gloriam:
3505 4724 3606 4777 tri-

2012 4854 2102 4893 um
2137 4850 2266 4891 vero
2321 4834 2515 4888 harum
2567 4829 2810 4885 sobolem
2870 4840 2992 4881 esse
3028 4821 3331 4883 tristitiam,
3395 4817 3613 4871 sicutet

2014 4930 2193 4984 iram:
2223 4926 2493 4999 superbia;
2519 4932 2700 4977 autem
2737 4916 3054 4990 genitricem
3098 4927 3296 4967 vanam
3356 4907 3607 4979 gloriam.

2018 5026 2130 5093 Ego
2181 5036 2311 5075 vero
2331 5031 2526 5073 rursus
2553 5014 2617 5069 ad
2645 5026 2859 5081 semper
2885 5007 3143 5065 colendos
3168 5006 3290 5059 illos
3318 5001 3506 5056 Patres
3528 5012 3614 5052 re»

311 5114 523 5166 δασκον
581 5112 639 5165 δὲ
675 5112 922 5184 εὐμενῶς
961 5115 1010 5167 οἱ
1050 5112 1281 5176 ἀπαθεῖς
1329 5099 1604 5181 λέγοντες,
1649 5112 1724 5184 μὴ
1774 5107 1890 5164 εἷνα

2019 5110 2338 5183 spondendo
2385 5106 2723 5179 inquiebam,
2784 5116 2981 5171 cupere
3034 5115 3119 5153 me
3161 5109 3325 5167 porro
3363 5093 3577 5147 discere
3588 5129 3610 5163 ρ

314 5204 480 5273 τάξιν
527 5207 562 5278 ή
615 5205 832 5260 σύνεσιν
875 5208 933 5259 ἐν
985 5207 1269 5271 άσυνέτοις
1298 5222 1312 5236 ⁸
1352 5208 1534 5261 πᾶσαν
1582 5206 1641 5260 δὲ
1680 5205 1911 5270 ἀταξίαν

316 5297 421 5350 καὶ
449 5296 893 5351 ἀκαταστασίαψ
924 5298 1020 5350 καὶ
1061 5296 1312 5361 πιθόντες
1355 5300 1402 5351 οἱ
1438 5298 1701 5369 μακάριοι
1748 5292 1912 5349 πιθα-

319 5388 438 5450 vui;
483 5387 882 5458 ὑποδείγμασιν
927 5388 1134 5458 ἔλεγον,
1180 5392 1259 5452 εἰς
1289 5389 1456 5460 μέσον
1486 5389 1915 5460 προενεγκόντες

318 5480 561 5545 πιθανὰς
602 5480 909 5547 ἀποδείξεις
948 5482 1044 5535 καὶ
1090 5481 1367 5545 πλείονας,
1402 5480 1463 5549 ἐξ
1503 5473 1578 5534 ὧν
1604 5497 1726 5534 τινα
1751 5481 1808 5533 ὲν
1836 5478 1913 5549 τῷ

234 5596 245 5603 ·
320 5572 563 5644 παρόντι
600 5571 747 5644 λόγῳ
798 5575 1188 5645 συντάττομεν,
1232 5574 1321 5627 ἴνα
1370 5573 1429 5640 ἐξ
1471 5573 1699 5628 ἐκείνων
1727 5573 1913 5626 λοιπὸν

323 5665 424 5718 καὶ
453 5666 585 5735 περὶ
610 5664 722 5719 τῶν
752 5666 955 5720 λοιπῶν
984 5666 1367 5737 φωτισθῶμεν.
1397 5660 1521 5721 Οἷόν
1545 5684 1598 5719 τι
1626 5666 1768 5734 λέγω
1796 5682 1806 5694 ·
1857 5664 1915 5717 '0

323 5752 526 5823 γέλως,
554 5755 585 5808 ὁ
616 5754 844 5828 ἄκαιρος
878 5756 1014 5828 (35),
1050 5756 1181 5809 ποτὲ
1212 5757 1313 5827 μὲν
1344 5757 1409 5811 ἐκ
1450 5758 1706 5826 πορνείας
1730 5756 1918 5826 δαίμο-

403 5934 452 5966 ”
482 5933 605 5990 [δεδι
667 5951 792 6002 va,
819 5935 870 5991 6.
949 5935 994 5966 ³⁸
1030 5951 1200 6000 txvu,
1233 5935 1285 5989 ἓ.

2019 5181 2142 5261 octo
2173 5204 2429 5257 vitiorum
2459 5199 2728 5270 germina,
2762 5205 2815 5248 et
2844 5192 2991 5264 quod
3015 5190 3173 5261 cujus
3202 5184 3444 5258 parentis
3473 5181 3614 5237 fetus

2021 5300 2113 5354 sit.
2164 5295 2267 5363 Qui
2317 5301 2662 5364 per-amanter
2712 5295 2767 5342 et
2819 5283 3079 5341 benevole
3127 5296 3216 5334 tne
3281 5278 3610 5335 docuerunt,

2019 5360 2402 5458 negaruntque
2453 5381 2624 5434 ullum
2678 5376 2927 5430 ordinem
2966 5379 3060 5424 aut
3090 5364 3390 5439 prudentiae
3440 5360 3612 5458 ratio-

2024 5449 2147 5536 nem
2178 5479 2235 5533 in
2273 5449 2489 5532 stolidis
2510 5472 2617 5526 illis
2645 5467 2794 5523 vitiis
2830 5465 3036 5525 inesse,
3074 5458 3168 5515 sed
3188 5469 3396 5511 meram
3422 5449 3617 5508 confu—

2026 5574 2233 5630 sionem
2263 5576 2318 5622 et
2359 5560 2810 5621 inconstantiam,
2863 5553 3010 5625 quod
3071 5549 3212 5607 beati
3253 5546 3331 5601 illi
3389 5544 3532 5614 aptis
3562 5550 3615 5595 et

2026 5659 2349 5733 opportunis
2372 5654 2639 5725 exemplis
2690 5646 3072 5709 ostendebant,
3121 5638 3457 5711 prolatisque
3492 5648 3614 5689 cre-

2031 5729 2167 5821 bris,
2212 5750 2400 5808 multis
2431 5756 2486 5805 ct
2516 5745 2679 5803 certis
2708 5738 3012 5798 rationibus
3042 5729 3515 5794 demonstrabant,
3546 5739 3613 5778 ex
