4042 6444
539 416 679 490 1023

1796 438 1857 499 S.
1880 436 2202 502 JOANNIS
2231 439 2547 505 CIJMACI

3672 448 3805 516 1024

533 538 735 609 quibus
766 541 1029 598 nonnulla
1060 541 1113 597 in
1143 542 1249 601 hoc
1274 542 1413 603 libro
1437 546 1794 621 collocamus,
1817 560 1880 607 ut
1908 567 1976 609 ex
2005 552 2106 610 illis

2221 570 2313 620 νος
2355 554 2623 623 τίκτεται,
2667 558 2796 613 ποτὲ
2844 558 2905 614 δὲ
2950 560 3016 616 ἐκ
3055 561 3385 628 κενοδοξίας,
3432 562 3560 619 ὅταν
3602 583 3685 631 τις
3719 567 3802 639 ἐφ’

529 642 696 699 etiam
727 643 797 700 de
823 645 1051 716 reliquis
1081 645 1256 703 lucem
1286 650 1597 720 capiamus.
1647 651 1895 725 Exempli
1920 655 2116 727 gratia,

533 734 882 804 importunus
901 745 955 791 et
988 737 1405 808 intempestivus
1430 740 1577 799 risus
1600 744 1738 802 alias
1784 760 1852 801 ex
1903 746 2120 818 impuro

532 822 726 891 spiritu
785 826 1020 894 exsistit;
1057 828 1193 885 alias
1225 844 1293 885 ex
1317 848 1455 890 vana
1488 835 1688 906 gloria,
1744 839 1968 909 quando
1995 839 2123 910 quis

532 918 590 975 in
621 936 681 976 se
704 920 824 992 ipso
850 925 988 981 clam
1018 928 1387 989 inverecunde
1418 943 1474 989 et
1538 935 1885 1006 impudenter
1918 938 2123 1009 gloria-

535 1018 624 1104 tur
648 1029 663 1079 ;
691 1014 827 1070 alias
855 1031 921 1071 ex
948 1019 1073 1089 gula
1111 1031 1166 1078 et
1188 1012 1401 1083 deliciis
1438 1027 1708 1087 ciborum.
1745 1029 1904 1089 Sicut
1929 1041 1984 1089 et
2001 1049 2125 1104 pro-

531 1099 697 1192 lixior
722 1119 974 1175 somnus,
996 1126 1146 1169 nunc
1170 1128 1236 1171 ex
1268 1117 1518 1176 ciborum
1540 1122 1720 1192 copia,
1758 1139 1907 1180 nunc
1933 1135 2124 1183 contra

527 1204 591 1244 ex
617 1190 853 1286 jejunio,
879 1201 1105 1268 quando
1135 1204 1230 1275 qui
1273 1220 1304 1260 a
1328 1208 1467 1265 cibis
1518 1190 1818 1282 abstinent,
1874 1229 1972 1286 per
2028 1233 2124 1274 su-

526 1282 772 1349 perbiam
830 1287 1324 1362 eﬂ‘eruntur;nune
1367 1316 1437 1356 ex
1486 1296 1716 1370 desidia,
1757 1282 1906 1363 nunc
1957 1309 2122 1366 etiam

522 1386 595 1427 ex
632 1374 751 1469 ipsa
780 1390 1002 1439 natura.
1034 1385 1364 1459 Loquacitas
1412 1392 1707 1465 aliquando
1724 1412 1793 1452 ex
1845 1399 1993 1469 gula,
2023 1401 2126 1456 ali-

526 1466 839 1563 quandoex
856 1488 1004 1563 vana
1046 1479 1217 1551 gloria
1286 1484 1480 1542 oritur.
1540 1486 1754 1545 Desidia
1796 1466 2126 1563 quandoque

526 1566 597 1644 ea
624 1555 796 1614 nimio
850 1562 1006 1635 luxu,
1032 1573 1363 1644 quandoque
1391 1591 1457 1631 ex
1496 1578 1711 1634 defectu
1757 1555 1973 1637 timoris
2019 1555 2111 1639 Dei

527 1640 746 1744 initium
804 1656 993 1712 sumit.
1052 1640 1401 1735 Blasphemia
1466 1670 1686 1740 proprie
1721 1681 1807 1729 est
1855 1676 2127 1744 superbiae

526 1730 710 1840 fetus:
744 1755 854 1800 non
885 1762 1014 1805 raro
1061 1730 1243 1811 tamen
1277 1772 1344 1813 ex
1378 1730 1589 1829 judicio
1633 1730 1942 1823 temerario.
1960 1784 2126 1840 super

525 1822 714 1926 eadem
741 1847 802 1890 re
830 1840 1097 1926 sequitur.
1122 1822 1432 1917 Aliquando
1476 1866 1541 1907 ex
1570 1853 1817 1926 improba

526 1913 730 2006 invidia
769 1924 1008 1983 exsistit.
1036 1913 1669 2005 342'Cordisduriiia'
1714 1945 1796 2000 vel
1822 1962 1854 2003 e
1899 1913 2118 2006 suis:

523 2003 729 2077 tietate,
762 2011 848 2068 vel
875 2024 1096 2088 stupore
1120 2003 1370 2094 quodam
1399 2029 1591 2098 animi,
1619 2033 1705 2089 vel
1730 2003 1927 2093 aﬂ‘ectu
2031 2003 2120 2098 res

519 2107 752 2197 creatas.
778 2102 1020 2167 Affectus
1064 2129 1196 2169 vero
1220 2132 1349 2189 erga
1378 2135 1467 2178 res
1522 2122 1648 2180 illas
1671 2142 1818 2183 nunc
1851 2145 1883 2184 a
1918 2131 2115 2203 spiritu

519 2200 756 2289 impuro,
792 2211 938 2256 nunc
964 2216 1029 2257 ex
1066 2208 1317 2277 avaritia,
1354 2221 1448 2268 aut
1485 2218 1696 2273 ventris
1730 2200 1988 2289 ingluvie,
2016 2232 2112 2280 aut

518 2280 668 2378 inani
694 2282 889 2357 gloria,
926 2292 1172 2366 adeoque
1195 2315 1261 2355 ex
1301 2302 1422 2360 aliis
1453 2307 1642 2364 multis
1673 2280 1924 2379 pullulat.
1952 2280 2110 2370 Diali-

516 2380 593 2470 tia
616 2387 811 2470 rursus
844 2395 909 2436 ex
939 2386 1110 2443 animi
1175 2399 1389 2450 tumore
1408 2406 1464 2451 et
1503 2399 1589 2453 sui
1632 2402 2039 2461 existimatione
2062 2406 2115 2463 et

513 2462 617 2566 ira.
647 2462 963 2566 Hypoerisis
992 2491 1058 2531 ex
1088 2495 1154 2536 eo
1188 2484 1392 2552 prodit,
1428 2489 1573 2556 quod
1622 2490 1726 2545 sibi
1772 2494 1898 2562 quis
1935 2510 2114 2566 quan-

513 2550 692 2655 doque
713 2558 946 2618 nimium
1014 2550 1227 2638 placeat
1282 2584 1378 2630 aut
1412 2550 1617 2643 credat,
1664 2550 1807 2650 quod
1868 2550 2114 2655 ipsesﬁibi

512 2640 763 2732 suﬂieiat,
795 2659 849 2705 et
880 2652 996 2722 ipse
1040 2658 1126 2712 sui
1160 2663 1423 2732 magister
1445 2674 1499 2721 et
1554 2640 1696 2724 vitae.
1729 2640 1945 2729 arbiter?
1968 2640 2106 2732 esse

513 2730 706 2793 possit.
755 2733 933 2794 Vit-tut
973 2757 1001 2798 s
1039 2760 1168 2800 vero
1222 2730 1345 2819 qua:
1391 2755 1536 2810 vitiis
1570 2772 1601 2812 e
1635 2763 1907 2818 contrario
1947 2730 2109 2835 repu-

511 2834 709 2891 gnant,
771 2845 835 2886 ex
891 2840 1185 2897 contrariis
1239 2842 1485 2904 fontibus
1546 2853 1875 2911 scaturiunt.
1932 2834 2110 2915 Etiut

512 2928 626 3013 rem
688 2917 743 3020 in
801 2937 972 2992 pauca
1022 2930 1326 3002 conferam,
1377 2947 1623 3011 tempore
1680 2944 1825 2999 enim
1858 2946 2104 3016 deﬁcior,

508 3019 556 3057 si
592 3019 776 3066 omnia
808 3028 1055 3074 seorsum
1077 3029 1131 3077 et
1163 3024 1437 3095 sigillatim
1471 3033 1727 3103 persequi
1757 3034 1940 3101 velim,
1981 3051 2104 3094 om-

2223 647 2403 719 ὲαυτῷ
2429 648 2641 706 ἔνδοθεν
2668 651 3007 725 σεμνύνηται
3040 653 3317 727 ἀσέμνως’
3345 655 3476 710 ποτὲ
3501 657 3557 711 δὲ
3583 658 3651 712 ὲκ
3678 674 3806 731 τρυ-

2224 741 2352 812 φῆς.
2385 744 2413 795 ὁ
2449 740 2615 810 ὕπνος
2645 745 2674 799 ό
2720 744 2890 810 πολύς
2933 745 3069 818 (56).
3118 747 3259 803 Ποτὲ
3312 747 3413 819 μὲν
3453 750 3520 804 ἐκ
3559 754 3808 822 τρυφῆς,

2226 836 2358 889 ποτὲ
2375 836 2432 891 δὲ
2450 841 2513 891 ὲκ
2536 837 2815 908 νηστείας,
2840 839 2969 893 ὅταν
2991 841 3043 894 οἱ
3070 841 3428 912 νηστεύοντες
3446 843 3809 914 ἐπαίρωνται·

2226 930 2359 985 ποτὲ
2392 931 2451 985 δὲ
2487 930 2548 999 ἐξ
2574 930 2824 1001 ἀκηδίας,
2857 932 2989 986 ποτὲ
3025 933 3083 987 δὲ
3121 934 3216 988 καὶ
3238 935 3304 989 ἐκ
3331 934 3571 1004 φύσεως.
3615 935 3682 989 Ἦ
3714 952 3810 989 πο-

2224 1021 2449 1093 λυλογία
2483 1024 2614 1079 ποτὲ
2640 1024 2739 1094 μὲν
2779 1024 2889 1079 ἀπὸ
2923 1026 3395 1098 γαστριμαργίας,
3445 1027 3581 1081 ποτὲ
3615 1025 3676 1080 δὲ
3706 1027 3811 1080 ἀπὸ

2225 1116 2533 1183 κενοδοξίας
2555 1135 2570 1150 ο
2600 1118 2635 1188 ἡ
2665 1117 2867 1188 ἀκηδία
2907 1118 3040 1173 ποτὲ
3093 1118 3193 1189 μὲν
3230 1118 3341 1175 ἀπὸ
3385 1121 3627 1190 τρυφῆς,
3683 1118 3813 1172 ποτὲ

2224 1207 2282 1261 δὲ
2318 1207 2379 1274 ἐξ
2405 1208 2638 1278 ἀφοϐίας
2662 1208 2798 1264 Θεοῦ
2823 1227 2836 1240 ο
2868 1211 2902 1281 ή
2928 1209 3249 1282 βλασφημία
3276 1211 3427 1267 ἐστιν
3470 1212 3570 1283 μὲν
3603 1211 3812 1283 κυρίως
3871 1289 3880 1298 .

2225 1298 2419 1370 κύημα
2453 1300 2835 1372 ὑπερηφανίας
2856 1317 2870 1330 ’
2906 1300 3169 1366 πολλάκις
3196 1301 3255 1357 δὲ
3278 1302 3375 1356 καλ⁸
3411 1302 3477 1356 ὲκ
3495 1301 3596 1356 τοῦ
3630 1303 3814 1372 κρῖναι

2226 1389 2388 1461 ὲντῷ
2416 1389 2569 1461 αὑτῷ
2604 1390 2697 1445 τὸν
2754 1391 3005 1461 πλησίον,
3046 1393 3079 1464 ἢ
3116 1393 3211 1447 καὶ
3256 1392 3367 1447 ἀπὸ
3406 1392 3607 1462 φθόνου
3653 1391 3814 1445 ἀκαί-

2228 1499 2325 1554 ρου
2352 1482 2460 1537 τῶν
2508 1482 2780 1553 δαιμόνων
2801 1499 2814 1513 ·
2850 1486 2884 1554 ἡ
2946 1483 3353 1556 σκληροκαρδία
3391 1484 3543 1538 ἐστὶν
3575 1483 3671 1538 ὅτε
3708 1483 3815 1537 ἀπὸ

2227 1571 2416 1644 κόρου,
2453 1572 2561 1626 ἀπὺ
2601 1573 2984 1646 ἀναισθησίας,
3030 1575 3140 1629 ἀπὸ
3192 1573 3578 1646 προσπαθείας
3605 1592 3621 1607 °
3648 1574 3814 1629 πάλιν

2225 1662 2282 1716 δὲ
2314 1664 2348 1735 ή
2377 1664 2722 1734 προσπάθεια
2746 1664 2862 1719 ἐστι
2904 1668 3005 1737 μὲν
3033 1667 3125 1721 ὅτε
3168 1667 3278 1722 ἀπὸ
3314 1668 3595 1738 πορνείας,
3623 1666 3658 1737 ἢ
3695 1664 3815 1736 φιλ-

2226 1750 2515 1824 αργυρίας,
2567 1752 2600 1824 ἢ
2646 1753 3116 1825 γαστριμαργίας,
3153 1754 3184 1823 ἢ
3224 1752 3554 1821 κενοδοξίας,
3608 1750 3710 1806 καὶ
3760 1748 3819 1817 ἐξ

2228 1844 2432 1915 ἑτέρων
2476 1844 2687 1898 πολλῶν
2713 1860 2728 1875 ο
2766 1846 2798 1915 ἡ
2835 1844 3074 1915 πονηρία
3105 1844 3269 1898 πάλιν
3315 1843 3425 1897 ἀπὸ
3451 1844 3687 1915 οἰήσεως
3722 1840 3816 1894 καὶ

2222 1935 2412 2007 ὀργῆς.
2454 1937 2520 1989 Ἦ
2559 1936 2672 2008 (57)
2711 1936 3003 2008 ὑπόκρισις
3045 1936 3105 2004 ἐξ
3153 1936 3491 2007 αὐταρκείας
3540 1935 3639 1988 καὶ
3685 1934 3814 1988 ἰδιο-

2225 2027 2487 2100 ρυθμίαςο
2525 2028 2595 2081 τὰ
2634 2027 2689 2080 δὲ
2739 2026 2949 2081 τούτων
2995 2028 3213 2082 ἐναντία
3260 2029 3327 2081 ὲκ
3379 2027 3492 2080 τῶν
3543 2025 3814 2080 ἐναντίων

2218 2117 2560 2188 γεννητόρων
2590 2116 2770 2171 αὐτῶν
2800 2116 3211 2172 ἀποτίκτονται.
3248 2116 3361 2171 Καὶ
3402 2117 3490 2171 ἵνα
3519 2114 3598 2186 μὴ
3639 2113 3815 2170 πολλὰ
3850 2146 3853 2153 -

2216 2206 2663 2276 λέγω,έπιλείψει
2692 2224 2759 2278 με
2786 2207 2892 2278 γὰρ
2913 2209 2941 2259 ὁ
2967 2208 3177 2279 χρόνος,
3211 2209 3355 2279 ἤπερ
3385 2207 3450 2260 τὸ
3479 2205 3601 2261 καθ’
3627 2205 3689 2259 ἒν
3728 2205 3814 2269 ὲξ-

2217 2297 2431 2363 ετάξειν
2453 2299 2734 2370 βούλομαι’
2762 2299 2968 2371 κυρίως
2997 2300 3214 2354 πάντων
3238 2299 3348 2353 τῶν
3382 2296 3813 2372 προειρημένων

2222 2391 2412 2446 παθῶν
2448 2392 2725 2464 ἀναιρέτις
2754 2391 2902 2445 ἐστὶν
2923 2394 2957 2463 ἡ
2992 2390 3485 2463 ταπεινοφροσύνη,
3512 2391 3581 2462 ἢν
3605 2390 3655 2442 οἱ
3682 2406 3813 2459 κτηο

2218 2486 2444 2557 σάμενοι
2468 2485 2645 2541 πάντα
2684 2485 3027 2556 νενικήκασι.
3059 2483 3171 2555 (58)
3212 2482 3482 2554 Γενήτρια
3531 2481 3644 2556 [αι.
3682 2500 3811 2551 γεν-

2215 2573 2449 2647 νήτρια]
2481 2572 2700 2629 πάντων
2732 2574 2842 2629 τῶν
2889 2574 3099 2639 κακῶν,
3150 2574 3312 2646 ήδονὴ
3352 2575 3451 2627 καὶ
3479 2573 3743 2644 πονηρία,
3770 2573 3812 2626 ἃ

2215 2670 2243 2721 ὁ
2269 2667 2516 2739 κατέχων
2543 2667 2643 2721 οὑκ
2673 2666 2861 2737 ὄψεται
2899 2666 2992 2721 τὸν
3022 2666 3227 2738 Κύριον
3252 2684 3266 2698 ο
3310 2667 3464 2720 οὐδὲν
3490 2665 3548 2719 δὲ
3572 2667 3725 2735 ἡμᾶς
3743 2665 3810 2717 ἐκ

2214 2762 2314 2830 τῆς
2356 2762 2634 2834 προτέρας
2674 2762 2856 2834 ἀποχὴ
2913 2762 3068 2826 ἐκτὸς
3121 2765 3223 2833 τῆς
3261 2760 3525 2833 δευτέρας
3562 2760 3807 2831 ὀνήσειε.

2212 2855 2385 2911 Φόϐου
2426 2855 2633 2928 Κυρίου
2686 2854 2992 2926 ὑπόδειγμα
3047 2851 3109 2919 ἐξ
3148 2854 3428 2925 ἀρχόντων
3476 2851 3571 2906 καὶ
3600 2849 3812 2922 Θηρίων

2212 2946 2535 3019 ληψώμεθα.
2592 2945 2765 3002 Πόθου
2819 2946 2879 3001 δὲ
2928 2943 3024 2999 τοῦ
3070 2945 3208 3016 πρὸς
3245 2944 3380 2998 Θεὸν
3426 2944 3737 3013 ὑπόδειγμα
3774 2943 3810 2995 ὁ

2211 3036 2323 3094 τῶν
2354 3037 2626 3109 σωμάτων
2664 3037 2807 3109 ἔρως
2852 3037 3026 3100 τύπος
3072 3035 3319 3105 γενέσθω
3363 3051 3480 3088 σοι·
3512 3032 3670 3087 οὐδὲν
3696 3030 3807 3103 γὰρ

509 3097 660 3152 nium
692 3102 978 3174 vitiorum,
1006 3110 1076 3165 de
1109 3114 1310 3182 quibus
1351 3097 1613 3187 diximus,
1651 3138 1777 3180 vere
1805 3135 1855 3180 et
1879 3128 2103 3198 proprie

2212 3129 2274 3184 τὸ
2315 3128 2545 3194 κωλύον,
2584 3130 2680 3183 καὶ
2709 3130 2774 3183 ὲκ
2803 3129 2914 3183 τῶν
2948 3128 3210 3182 ἐναντίων
3240 3126 3516 3181 ποιεῖσθαι
3554 3125 3707 3198 ἡμᾶς
3735 3124 3807 3179 τὰ

510 3189 777 3257 expultrix
806 3201 863 3249 et
899 3196 1239 3258 interfectrix
1297 3214 1383 3261 est
1431 3208 1715 3268 humilitas
1744 3232 1758 3268 :
1785 3189 1952 3285 quam
1983 3189 2106 3289 ἠιιί

2215 3218 2326 3273 τῶν
2353 3189 2565 3289 ἀρετῶν
2593 3218 2989 3291 ὑποδείγματα.

512 3283 951 3357 acquisiverunt,
984 3295 1172 3381 omnia
1234 3300 1498 3357 vicerunt.
1544 3283 1892 3364 Procrcatrix
1922 3314 2169 3369 omnium
2209 3312 2476 3370 malorum
2524 3322 2607 3369 est
2631 3311 2847 3368 luxuria
2892 3320 2948 3367 et
2987 3312 3218 3379 malitia,
3275 3311 3480 3384 quibus
3528 3308 3805 3365 obnoxius

506 3388 792 3446 nunquam
844 3380 1055 3439 videbit
1086 3384 1400 3445 Dominum.
1440 3391 1599 3458 Quod
1629 3395 1736 3451 sia
1789 3413 1969 3469 priore
1995 3401 2447 3468 abstiuuerimus,
2514 3409 2570 3456 et
2621 3401 2676 3456 in
2708 3403 2915 3456 malitia
2981 3412 3163 3457 tamen
3204 3401 3777 3473 perseveraverimus,

506 3466 719 3523 nullum
754 3470 880 3527 inde
914 3471 1154 3532 fructum
1203 3481 1505 3551 capiemus.
1549 3466 1812 3560 Exempla
1848 3490 2066 3547 timoris
2123 3492 2342 3550 Domini
2369 3508 2401 3549 a
2433 3466 2778 3564 principibus
2808 3508 2906 3548 seu
2954 3466 3365 3565 magistratibus
3392 3499 3450 3546 et
3511 3490 3647 3547 feris
3704 3505 3805 3547 su—

506 3573 746 3619 mamus.
778 3559 1041 3651 liesiderii
1072 3582 1202 3625 vero
1239 3585 1364 3640 erga
1424 3573 1598 3630 Deum
1626 3579 1861 3649 exenipli
1901 3582 2023 3637 loco
2067 3583 2112 3638 si
2137 3585 2231 3641 tibi
2263 3559 2955 3655 turpis—amor—corporum;
2984 3559 3121 3647 nibil
3159 3582 3304 3639 enim
3339 3581 3617 3654 prohibet,
3661 3598 3802 3654 quo-

506 3650 690 3706 minus
747 3653 913 3710 etiam
957 3672 989 3712 e
1041 3661 1333 3719 contrariis
1357 3667 1604 3736 exempla
1635 3669 1701 3723 ad
1734 3668 2087 3755 declarandas
2117 3650 2639 3746 virtutes'petamus.

579 3740 750 3799 Valde
778 3756 1040 3818 corrupta
1063 3758 1146 3806 est
1163 3766 1409 3823 presens
1429 3765 1581 3824 aetas,
1606 3767 1835 3831 totaque
1861 3746 2007 3818 fastu
2040 3772 2095 3819 et

505 3830 955 3893 simulationibus
994 3839 1171 3911 plena,
1206 3843 1422 3902 labores
1462 3856 1720 3907 externos
1744 3830 1996 3923 corporis
2025 3855 2093 3910 ad

505 3938 714 3979 morem
739 3928 1040 3996 primorum
1072 3943 1362 4004 parentum
1402 3936 1637 3998 fortasse
1696 3943 1879 4016 aliquo
1931 3946 2095 4002 modo

503 4027 923 4089 repraesentans,
966 4024 1062 4080 sed
1102 4029 1416 4087 omlestibus
1441 4033 1742 4102 gratiarum
1776 4036 1939 4095 donis
1983 4054 2093 4094 non

503 4107 747 4182 dignata,
808 4116 911 4170 etsi
952 4132 1233 4190 nunquam
1270 4130 1515 4194 tempore
1541 4134 1705 4198 atque
1730 4144 1875 4185 nunc
1903 4132 2093 4202 gratiis

503 4201 612 4260 illis
634 4215 887 4263 naturam
922 4210 1222 4285 indiguisse
1251 4217 1585 4287 existimem;
1616 4231 1670 4276 et
1721 4201 1962 4291 merito;
1994 4241 2090 4281 nc-

382 4372 388 4377 ο
502 4311 613 4387 que
638 4299 783 4361 enim
813 4301 1094 4361 laboribus
1125 4306 1288 4380 34.3
1337 4308 1503 4379 Deus,
1538 4313 1629 4368 sed
1653 4315 1999 4387 simplicitate
2039 4325 2095 4374 et

503 4386 817 4447 humilitate
867 4397 1081 4465 capitur
1125 4409 1181 4454 et
1237 4402 1535 4458 invenitur.
1599 4386 1864 4472 Quamvis
1915 4409 2091 4464 virtus

504 4478 719 4539 Domini
756 4484 811 4540 in
829 4486 1152 4547 inﬁrmitate
1178 4493 1516 4563 perﬁioiatur
1537 4499 1603 4563 ³⁸,
1623 4514 1732 4554 non
1757 4501 1969 4572 rejieiet
2014 4510 2092 4557 ta-

505 4585 631 4625 men
672 4571 940 4631 Dominus
964 4577 1228 4634 bumilem
1272 4582 1608 4641 ministrum.
1643 4571 1874 4654 Quando
1897 4603 1963 4645 ex
2007 4589 2095 4645 iu-

503 4665 810 4723 ctatoribus
827 4669 1033 4724 nostris
1050 4670 1288 4742 aliquem
1307 4678 1689 4747 corpore-male
1705 4678 1958 4735 aﬂectum
1979 4697 2098 4737 cer-

502 4768 724 4823 nemus,
752 4771 864 4812 non
920 4759 1068 4817 illico
1116 4777 1182 4818 ex
1251 4763 1600 4836 improbitate
1644 4785 1869 4827 causam
1918 4773 2095 4828 morbi

501 4844 717 4903 discere
739 4849 1210 4918 studebimus,nec
1262 4856 1485 4915 malitia:
1541 4860 1794 4916 morbum
1847 4862 2096 4934 assigna-

501 4935 708 5026 bimus,
734 4940 828 4995 sed
859 4941 1193 5014 simplicitati
1221 4949 1404 5019 potius
1422 4951 1664 5021 (exclusa
1686 4953 1834 5008 omni
1859 4955 2089 5026 malitia)

501 5025 769 5085 cbaritate
828 5038 891 5086 ut
942 5034 1224 5105 proprium
1277 5039 1612 5109 membrum,
1667 5052 1723 5099 et
1745 5044 1973 5101 militem
2023 5060 2093 5101 ex

499 5118 690 5190 praelio
728 5121 976 5178 saucium
1021 5132 1303 5197 receptum
1341 5130 1680 5189 curabimus.
1738 5132 1837 5191 Est
1863 5137 2090 5193 morbus

503 5227 531 5264 a
559 5208 669 5267 Deo
696 5221 919 5283 propter
945 5224 1299 5285 peccatorum
1327 5222 1520 5278 sordes
1551 5224 1849 5283 abluendas
1878 5226 2092 5285 immis-

502 5319 630 5370 sus;
659 5314 744 5362 est
778 5316 834 5363 et
857 5309 1085 5366 morbus
1111 5312 1288 5382 quiad
1329 5314 1625 5373 elationem
1678 5320 1846 5374 animi
1900 5329 2090 5377 retun-

499 5396 734 5455 dendam
766 5401 927 5457 valet.
972 5401 1223 5474 Optimus
1250 5414 1305 5462 et
1331 5406 1791 5468 clementissimus
1825 5411 2089 5471 Dominus

502 5501 709 5561 noster,
742 5509 852 5549 non
883 5509 1009 5551 raro
1034 5510 1159 5552 eum
1218 5498 1434 5571 aliquos
1472 5503 1814 5562 remissiores
1854 5507 1908 5561 in
1967 5517 2089 5564 stu-

501 5581 595 5639 dio
622 5585 840 5655 pietatis
871 5589 1039 5657 videt,
1071 5606 1168 5662 per
1191 5593 1479 5651 adversam
1533 5597 1922 5666 valetudinem,
1963 5610 2085 5656 tan-

500 5689 665 5746 quam
694 5678 991 5739 faciliorem
1023 5687 1468 5747 exercitationem
1502 5704 1703 5762 corpus
1760 5701 1813 5749 et
1864 5710 2083 5752 carnem

577 5835 683 5891 "ll
712 5840 819 5895 Cor
877 5860 972 5908 xu,
998 5847 1049 5901 9.

2268 3767 2687 3838 Πεπονήρευται
2717 3764 3029 3837 χαλεπῶςὴ
3060 3763 3314 3836 παροῦσα
3347 3764 3537 3833 γενεὰ,
3576 3764 3674 3819 καὶ
3700 3764 3797 3834 ὅλη

2196 3858 2435 3929 οίήσεως
2488 3858 2585 3910 καὶ
2628 3855 2975 3927 ὑποκρίσεως
3019 3855 3419 3928 πεπλήρωται·
3456 3857 3663 3922 κόπους
3697 3858 3796 3929 μὲν

2194 3948 2543 4018 σωματικοὺς
2569 3947 2709 4002 κατὰ
2734 3947 2860 4012 τοὺς
2893 3948 3158 4018 ἀρχαίους
3184 3948 3430 4020 πατέρας
3457 3948 3618 4020 ήμῶν
3665 3950 3790 4014 ἴσως

2192 4039 2636 4112 ἐπιδεικνυμένη·
2676 4039 2787 4095 τῶν
2804 4040 2864 4094 δὲ
2889 4043 3249 4113 χαρισμάτων
3273 4043 3457 4098 αὐτῶν
3480 4045 3585 4098 οὑκ
3610 4044 3809 4111 ἀξιον-ν

2195 4133 2353 4205 μένη,
2393 4133 2597 4206 καίπερ
2627 4129 2806 4205 οἶμαι,
2841 4133 3039 4189 οὑποτε
3085 4135 3163 4198 ὡς
3203 4134 3298 4191 νῦν
3346 4138 3380 4209 ή
3437 4136 3604 4205 φύσις
3635 4155 3786 4209 χαρι-

2199 4224 2425 4294 σμάτων
2452 4225 2664 4281 ἐδέετω
2688 4226 2782 4279 καὶ
2803 4226 3026 4291 εἰκότως
3060 4228 3432 4300 πεπόνθαμεν·
3465 4229 3530 4283 ού
3562 4229 3673 4303 γάρ
3692 4228 3780 4283 κόο

2191 4332 2336 4382 ποις,
2363 4316 2479 4370 ἀλλ’
2523 4316 2791 4389 ἁπλότητι
2844 4319 2939 4372 καὶ
2980 4317 3313 4374 ταπεινώσει
3337 4317 3522 4384 sese;
3550 4320 3783 4391 ἐμφανί-

2189 4406 2362 4472 ζεται.
2383 4408 2447 4462 Ei
2480 4410 2628 4480 καὶὴ
2663 4409 2890 4482 δύναμις
2933 4410 3142 4482 Κυρίου
3173 4413 3231 4466 ὲν
3260 4410 3520 4484 ἀσθενείᾳ
3545 4413 3780 4467 τελειοῦ-

2195 4516 2311 4567 ται,
2332 4500 2483 4572 ὃμως
2509 4503 2571 4556 οὑ
2594 4501 2833 4557 κωλύσει
2852 4503 3057 4575 Κύριος
3077 4504 3323 4576 ἐργάτην
3356 4505 3780 4578 ταπεινόφρονα.

2212 4591 2444 4647 Ὀπόταν
2481 4593 2604 4646 τινὰ
2632 4592 2743 4647 τῶν
2796 4593 3044 4664 ἀθλητῶν
3086 4594 3246 4666 ήμῶν
3284 4594 3634 4666 κακούμενον
3678 4614 3778 4651 σω·

2200 4683 2447 4753 ματικῶς
2477 4683 2804 4755 θεασώμεθα
2839 4686 2976 4758 (41),
3026 4685 3105 4758 μὴ
3141 4688 3208 4741 ὲκ
3258 4689 3528 4759 πονηρίας
3568 4688 3633 4743 τὸ
3662 4691 3779 4761 κρῖ-

2197 4792 2274 4844 μα
2314 4775 2417 4844 τῆς
2459 4776 2624 4830 αὑτοῦ
2666 4776 2955 4842 ἀσθενείας
3013 4778 3326 4849 μανθάνειν·
3347 4779 3778 4852 σπουδάσωμεν’

2195 4864 2400 4936 μᾶλλον
2446 4867 2503 4921 δὲ
2549 4866 2695 4941 ἁπλῇ
2744 4870 2838 4922 καὶ
2882 4870 3148 4942 ἀπονήρῳ
3189 4871 3402 4942 ἀγάπῃ,
3456 4871 3536 4934 ὡς
3575 4873 3779 4925 οἰκεῖον

2196 4956 2377 5028 μέλος,
2404 4959 2501 5012 καὶ
2522 4958 2599 5024 ὡς
2637 4959 2980 5032 στρατιώτην
3012 4961 3079 5014 ὲκ
3106 4961 3203 5015 τοῦ
3237 4962 3479 5033 πολέμου
3499 4962 3781 5035 πληγέντα

2187 5047 2472 5120 δεξάμενοι
2517 5050 2968 5123 θεραπεύσωμεν.
3021 5053 3213 5109 Ἐστιν
3250 5052 3509 5109 ἀσθένεια
3544 5053 3637 5110 διὰ
3682 5073 3780 5111 xa-

2189 5138 2458 5211 θαρισμὸν
2518 5141 2902 5214 πταισμάτων,
2956 5144 3051 5197 καὶ
3097 5143 3216 5197 ἔστι
3262 5143 3350 5199 διὰ
3402 5145 3464 5199 τὸ
3506 5162 3779 5201 ταπεινω-

2189 5231 2348 5299 θῆναι
2380 5231 2441 5286 τδ
2471 5234 2746 5306 φρόνημα.
2791 5236 2851 5288 '0
2875 5235 3080 5305 ἀγαθὸς
3122 5236 3282 5307 ἡμῶν
3320 5236 3416 5293 καὶ
3456 5235 3775 5307 πανάγαθος

2187 5323 2466 5395 Δεσπότης
2516 5324 2608 5378 καὶ
2636 5324 2841 5398 Κύριος
2877 5325 3015 5398 (42),
3057 5327 3262 5382 ὁπόταν
3312 5325 3577 5393 πολλάκις
3620 5326 3775 5390 τινὰς

2187 5416 2583 5489 όκνηροτέρους
2623 5420 2749 5490 περὶ
2786 5419 2887 5492 τὴν
2916 5419 3153 5491 ἄσκησιν
3197 5420 3485 5492 θεάσηται,
3514 5419 3583 5475 δι’
3604 5419 3773 5475 ἀσθεο

2188 5511 2338 5576 νείας
2365 5511 2571 5580 λοιπὸν,
2613 5511 2807 5586 ὥσπερ
2847 5513 2914 5567 δι’
2955 5514 3297 5586 ἀνετωτέρας
3339 5515 3635 5588 ἀσκήσεως
3672 5514 3770 5585 τὴν

2190 5603 2370 5675 σάρκα
2395 5607 2674 5659 ταπεινοῖ”
2705 5603 2820 5659 ἔστι
2845 5606 2907 5659 δι
2923 5606 3013 5660 ὅτε
3045 5607 3140 5661 καὶ
3171 5607 3271 5679 τὴν
3298 5606 3477 5679 ψυχήν
3492 5605 3765 5678 λογισμῶν

2189 5695 2439 5767 πονηρῶν
2492 5697 2584 5751 καὶ
2644 5696 2836 5753 παθῶν
2890 5698 3234 5772 ἐκκαθαίρει.
3297 5698 3485 5755 Πάντα
3520 5700 3653 5771 ἡμῖν
3692 5694 3759 5749 τὰ
