  <div class='ocr_page' id='page_1' title='image "/cluster/home/n/w/nwhite01/storage/ocr_20150623/88/coo.31924054869924/532.png"; bbox 0 0 4042 6454; ppageno 0'>
   <div class='ocr_carea' id='block_1_1' title="bbox 274 311 418 376">
    <p class='ocr_par' dir='ltr' id='par_1_1' title="bbox 274 311 418 376">
     <span class='ocr_line' id='line_1_1' title="bbox 274 311 418 376; baseline 0 0"><span class='ocrx_word' id='word_1_1' title='bbox 274 311 418 376; x_wconf 74' lang='grc'><strong>1025</strong></span> 
     </span>
    </p>
   </div>
   <div class='ocr_carea' id='block_1_2' title="bbox 1259 312 2601 379">
    <p class='ocr_par' dir='ltr' id='par_1_2' title="bbox 1259 312 2601 379">
     <span class='ocr_line' id='line_1_2' title="bbox 1259 312 2601 379; baseline 0.002 -6"><span class='ocrx_word' id='word_1_2' title='bbox 1259 312 1493 373; x_wconf 78' lang='lat' dir='ltr'><strong>SCALA</strong></span> <span class='ocrx_word' id='word_1_3' title='bbox 1545 312 1930 375; x_wconf 83' lang='lat' dir='ltr'><strong>PARADISI.</strong></span> <span class='ocrx_word' id='word_1_4' title='bbox 1968 337 2039 350; x_wconf 91' lang='grc'><strong>·-·</strong></span> <span class='ocrx_word' id='word_1_5' title='bbox 2068 312 2376 376; x_wconf 81' lang='lat' dir='ltr'><strong>GRADUS</strong></span> <span class='ocrx_word' id='word_1_6' title='bbox 2395 316 2601 379; x_wconf 82' lang='lat' dir='ltr'><strong>XXVI.</strong></span> 
     </span>
    </p>
   </div>
   <div class='ocr_carea' id='block_1_3' title="bbox 3406 324 3544 391">
    <p class='ocr_par' dir='ltr' id='par_1_3' title="bbox 3406 324 3544 391">
     <span class='ocr_line' id='line_1_3' title="bbox 3406 324 3544 391; baseline 0.014 -2"><span class='ocrx_word' id='word_1_7' title='bbox 3406 324 3544 391; x_wconf 74' lang='lat'><strong>1026</strong></span> 
     </span>
    </p>
   </div>
   <div class='ocr_carea' id='block_1_4' title="bbox 271 424 1867 507">
    <p class='ocr_par' dir='ltr' id='par_1_4' title="bbox 271 425 1855 498">
     <span class='ocr_line' id='line_1_4' title="bbox 271 425 1855 498; baseline -0.002 -17"><span class='ocrx_word' id='word_1_8' title='bbox 271 426 646 498; x_wconf 80' lang='grc' dir='ltr'>συμσαίνοντα</span> <span class='ocrx_word' id='word_1_9' title='bbox 672 425 810 497; x_wconf 73' lang='grc'>(45),</span> <span class='ocrx_word' id='word_1_10' title='bbox 853 425 950 496; x_wconf 79' lang='grc' dir='ltr'><strong>ήτε</strong></span> <span class='ocrx_word' id='word_1_11' title='bbox 981 425 1175 497; x_wconf 80' lang='grc' dir='ltr'>ὁρατὰ,</span> <span class='ocrx_word' id='word_1_12' title='bbox 1204 427 1301 497; x_wconf 70' lang='grc' dir='ltr'>ἣτε</span> <span class='ocrx_word' id='word_1_13' title='bbox 1332 427 1563 496; x_wconf 80' lang='grc' dir='ltr'><strong>ἀόρατα,</strong></span> <span class='ocrx_word' id='word_1_14' title='bbox 1610 426 1723 481; x_wconf 75' lang='grc' dir='ltr'>ἐστι</span> <span class='ocrx_word' id='word_1_15' title='bbox 1760 426 1855 480; x_wconf 80' lang='grc' dir='ltr'>καὶ</span> 
     </span>
    </p>
   </div>
   <div class='ocr_carea' id='block_1_5' title="bbox 1966 424 3542 507">
    <p class='ocr_par' dir='ltr' id='par_1_5' title="bbox 1966 424 3542 507">
     <span class='ocr_line' id='line_1_5' title="bbox 1966 424 3542 507; baseline 0.009 -29"><span class='ocrx_word' id='word_1_16' title='bbox 1966 424 2233 493; x_wconf 87' lang='lat' dir='ltr'><strong>humiliat,</strong></span> <span class='ocrx_word' id='word_1_17' title='bbox 2277 433 2332 481; x_wconf 88' lang='lat' dir='ltr'><strong>et</strong></span> <span class='ocrx_word' id='word_1_18' title='bbox 2358 426 2691 497; x_wconf 82' lang='lat' dir='ltr'><strong>quandoque</strong></span> <span class='ocrx_word' id='word_1_19' title='bbox 2713 427 2876 483; x_wconf 89' lang='lat' dir='ltr'><strong>etiam</strong></span> <span class='ocrx_word' id='word_1_20' title='bbox 2936 431 3177 487; x_wconf 85' lang='lat' dir='ltr'><strong>animam</strong></span> <span class='ocrx_word' id='word_1_21' title='bbox 3229 434 3299 490; x_wconf 88' lang='lat' dir='ltr'><strong>ab</strong></span> <span class='ocrx_word' id='word_1_22' title='bbox 3331 435 3542 507; x_wconf 85' lang='lat' dir='ltr'><strong>impro-</strong></span> 
     </span>
    </p>
   </div>
   <div class='ocr_carea' id='block_1_6' title="bbox 265 511 1858 586">
    <p class='ocr_par' dir='ltr' id='par_1_6' title="bbox 265 511 1858 586">
     <span class='ocr_line' id='line_1_6' title="bbox 265 511 1858 586; baseline -0.003 -15"><span class='ocrx_word' id='word_1_23' title='bbox 265 515 474 583; x_wconf 80' lang='grc' dir='ltr'>καλῶς,</span> <span class='ocrx_word' id='word_1_24' title='bbox 499 531 593 571; x_wconf 87' lang='grc' dir='ltr'><strong>και</strong></span> <span class='ocrx_word' id='word_1_25' title='bbox 622 515 909 586; x_wconf 81' lang='grc' dir='ltr'>ὲμπαθῷς,</span> <span class='ocrx_word' id='word_1_26' title='bbox 946 517 1040 569; x_wconf 73' lang='grc' dir='ltr'>καὶ</span> <span class='ocrx_word' id='word_1_27' title='bbox 1080 516 1260 586; x_wconf 79' lang='grc' dir='ltr'>μέσως</span> <span class='ocrx_word' id='word_1_28' title='bbox 1303 515 1725 580; x_wconf 74' lang='grc' dir='ltr'>καταδέξασθαι.</span> <span class='ocrx_word' id='word_1_29' title='bbox 1767 511 1858 568; x_wconf 75' lang='grc' dir='ltr'><strong>Εἷ-</strong></span> 
     </span>
    </p>
   </div>
   <div class='ocr_carea' id='block_1_7' title="bbox 267 608 1857 680">
    <p class='ocr_par' dir='ltr' id='par_1_7' title="bbox 267 608 1857 680">
     <span class='ocr_line' id='line_1_7' title="bbox 267 608 1857 680; baseline 0 -18"><span class='ocrx_word' id='word_1_30' title='bbox 267 609 362 662; x_wconf 87' lang='grc' dir='ltr'><strong>δον</strong></span> <span class='ocrx_word' id='word_1_31' title='bbox 400 611 549 680; x_wconf 80' lang='grc' dir='ltr'><strong>τρεῖς</strong></span> <span class='ocrx_word' id='word_1_32' title='bbox 585 608 848 678; x_wconf 75' lang='grc' dir='ltr'>ἀδελφοὺς</span> <span class='ocrx_word' id='word_1_33' title='bbox 888 608 1301 677; x_wconf 75' lang='grc' dir='ltr'><strong>ζημιωθέντας·</strong></span> <span class='ocrx_word' id='word_1_34' title='bbox 1336 611 1429 662; x_wconf 75' lang='grc' dir='ltr'><strong>καὶ</strong></span> <span class='ocrx_word' id='word_1_35' title='bbox 1476 612 1506 663; x_wconf 88' lang='lat'><strong>6</strong></span> <span class='ocrx_word' id='word_1_36' title='bbox 1539 609 1638 679; x_wconf 83' lang='grc' dir='ltr'>μὲν</span> <span class='ocrx_word' id='word_1_37' title='bbox 1685 610 1857 679; x_wconf 84' lang='grc' dir='ltr'>ήγαν-</span> 
     </span>
    </p>
   </div>
   <div class='ocr_carea' id='block_1_8' title="bbox 267 699 1857 772">
    <p class='ocr_par' dir='ltr' id='par_1_8' title="bbox 267 699 1857 772">
     <span class='ocr_line' id='line_1_8' title="bbox 267 699 1857 772; baseline -0.001 -19"><span class='ocrx_word' id='word_1_38' title='bbox 267 706 433 754; x_wconf 80' lang='grc' dir='ltr'>ἀκτει</span> <span class='ocrx_word' id='word_1_39' title='bbox 460 740 475 765; x_wconf 92' lang='grc'><strong>,</strong></span> <span class='ocrx_word' id='word_1_40' title='bbox 505 703 534 754; x_wconf 97' lang='lat'><strong>6</strong></span> <span class='ocrx_word' id='word_1_41' title='bbox 573 700 632 753; x_wconf 85' lang='grc' dir='ltr'>δὲ</span> <span class='ocrx_word' id='word_1_42' title='bbox 662 700 880 771; x_wconf 71' lang='grc' dir='ltr'>ἔμεινεν</span> <span class='ocrx_word' id='word_1_43' title='bbox 904 701 1132 763; x_wconf 78' lang='grc' dir='ltr'>ἄλυπος,</span> <span class='ocrx_word' id='word_1_44' title='bbox 1167 701 1195 752; x_wconf 89' lang='grc' dir='ltr'>ὁ</span> <span class='ocrx_word' id='word_1_45' title='bbox 1224 700 1282 753; x_wconf 85' lang='grc' dir='ltr'>δὲ</span> <span class='ocrx_word' id='word_1_46' title='bbox 1331 701 1534 771; x_wconf 74' lang='grc' dir='ltr'>πολλὴν</span> <span class='ocrx_word' id='word_1_47' title='bbox 1560 700 1659 772; x_wconf 82' lang='grc' dir='ltr'>τὴν</span> <span class='ocrx_word' id='word_1_48' title='bbox 1681 699 1857 771; x_wconf 86' lang='grc' dir='ltr'>χαρὰν</span> 
     </span>
    </p>
   </div>
   <div class='ocr_carea' id='block_1_9' title="bbox 265 789 1855 865">
    <p class='ocr_par' dir='ltr' id='par_1_9' title="bbox 265 789 1855 865">
     <span class='ocr_line' id='line_1_9' title="bbox 265 789 1855 865; baseline 0.001 -21"><span class='ocrx_word' id='word_1_49' title='bbox 265 791 667 862; x_wconf 72' lang='grc' dir='ltr'>προσελάϐετο.</span> <span class='ocrx_word' id='word_1_50' title='bbox 696 789 849 847; x_wconf 79' lang='grc' dir='ltr'>Εἶδον</span> <span class='ocrx_word' id='word_1_51' title='bbox 873 794 1025 865; x_wconf 86' lang='grc' dir='ltr'><strong>παρά</strong></span> <span class='ocrx_word' id='word_1_52' title='bbox 1051 795 1320 863; x_wconf 81' lang='grc' dir='ltr'><strong>γεωργοῖς</strong></span> <span class='ocrx_word' id='word_1_53' title='bbox 1349 793 1409 846; x_wconf 83' lang='grc' dir='ltr'>ἓν</span> <span class='ocrx_word' id='word_1_54' title='bbox 1458 794 1683 863; x_wconf 83' lang='grc' dir='ltr'>σπέρμα</span> <span class='ocrx_word' id='word_1_55' title='bbox 1725 793 1855 864; x_wconf 82' lang='grc' dir='ltr'>παρ’</span> 
     </span>
    </p>
   </div>
   <div class='ocr_carea' id='block_1_10' title="bbox 262 882 1858 955">
    <p class='ocr_par' dir='ltr' id='par_1_10' title="bbox 262 882 1858 955">
     <span class='ocr_line' id='line_1_10' title="bbox 262 882 1858 955; baseline 0.003 -19"><span class='ocrx_word' id='word_1_56' title='bbox 262 882 611 955; x_wconf 79' lang='grc' dir='ltr'><strong>ἀμφοτέροις</strong></span> <span class='ocrx_word' id='word_1_57' title='bbox 666 883 1143 954; x_wconf 75' lang='grc' dir='ltr'>καταϐαλλόμενον</span> <span class='ocrx_word' id='word_1_58' title='bbox 1168 924 1182 948; x_wconf 93' lang='grc'><strong>,</strong></span> <span class='ocrx_word' id='word_1_59' title='bbox 1234 884 1372 939; x_wconf 79' lang='grc' dir='ltr'><strong>ἀλλά</strong></span> <span class='ocrx_word' id='word_1_60' title='bbox 1419 885 1621 939; x_wconf 84' lang='grc' dir='ltr'>σκοπὸν</span> <span class='ocrx_word' id='word_1_61' title='bbox 1659 887 1858 941; x_wconf 73' lang='grc' dir='ltr'>οἰκεῖον</span> 
     </span>
    </p>
   </div>
   <div class='ocr_carea' id='block_1_11' title="bbox 264 976 1857 1048">
    <p class='ocr_par' dir='ltr' id='par_1_11' title="bbox 264 976 1857 1048">
     <span class='ocr_line' id='line_1_11' title="bbox 264 976 1857 1048; baseline 0.002 -19"><span class='ocrx_word' id='word_1_62' title='bbox 264 976 505 1037; x_wconf 68' lang='grc' dir='ltr'>ἑκαστος</span> <span class='ocrx_word' id='word_1_63' title='bbox 536 976 839 1047; x_wconf 76' lang='grc' dir='ltr'>ἐκέκτητοο</span> <span class='ocrx_word' id='word_1_64' title='bbox 865 978 894 1029; x_wconf 90' lang='grc' dir='ltr'>ὁ</span> <span class='ocrx_word' id='word_1_65' title='bbox 940 978 1060 1048; x_wconf 83' lang='grc' dir='ltr'>μὲν,</span> <span class='ocrx_word' id='word_1_66' title='bbox 1102 978 1190 1031; x_wconf 75' lang='grc' dir='ltr'>ἵνα</span> <span class='ocrx_word' id='word_1_67' title='bbox 1227 976 1296 1031; x_wconf 81' lang='grc' dir='ltr'>τὰ</span> <span class='ocrx_word' id='word_1_68' title='bbox 1351 976 1548 1031; x_wconf 80' lang='grc' dir='ltr'>ἑαυτοῦ</span> <span class='ocrx_word' id='word_1_69' title='bbox 1587 977 1857 1032; x_wconf 83' lang='grc' dir='ltr'>ἀποδώσει</span> 
     </span>
    </p>
   </div>
   <div class='ocr_carea' id='block_1_12' title="bbox 265 1067 1858 1141">
    <p class='ocr_par' dir='ltr' id='par_1_12' title="bbox 265 1067 1858 1141">
     <span class='ocr_line' id='line_1_12' title="bbox 265 1067 1858 1141; baseline 0.001 -21"><span class='ocrx_word' id='word_1_70' title='bbox 265 1068 414 1139; x_wconf 79' lang='grc' dir='ltr'>χρέη</span> <span class='ocrx_word' id='word_1_71' title='bbox 436 1082 453 1098; x_wconf 75' lang='grc' dir='ltr'><strong><em>ο</em></strong></span> <span class='ocrx_word' id='word_1_72' title='bbox 490 1069 520 1120; x_wconf 88' lang='grc' dir='ltr'>ὁ</span> <span class='ocrx_word' id='word_1_73' title='bbox 550 1067 607 1121; x_wconf 84' lang='grc' dir='ltr'>δὲ</span> <span class='ocrx_word' id='word_1_74' title='bbox 640 1067 730 1122; x_wconf 81' lang='grc' dir='ltr'>ἵνα</span> <span class='ocrx_word' id='word_1_75' title='bbox 757 1068 986 1122; x_wconf 86' lang='grc' dir='ltr'>πλοῦτον</span> <span class='ocrx_word' id='word_1_76' title='bbox 1019 1068 1197 1140; x_wconf 80' lang='grc' dir='ltr'>ἑαυτῷ</span> <span class='ocrx_word' id='word_1_77' title='bbox 1231 1069 1541 1140; x_wconf 78' lang='grc' dir='ltr'>θησαυρίσῃ</span> <span class='ocrx_word' id='word_1_78' title='bbox 1564 1085 1593 1141; x_wconf 63' lang='grc' dir='ltr'><strong>ο,</strong></span> <span class='ocrx_word' id='word_1_79' title='bbox 1626 1071 1653 1121; x_wconf 83' lang='grc' dir='ltr'>ὁ</span> <span class='ocrx_word' id='word_1_80' title='bbox 1693 1069 1751 1122; x_wconf 83' lang='grc' dir='ltr'>δὲ</span> <span class='ocrx_word' id='word_1_81' title='bbox 1771 1069 1858 1122; x_wconf 82' lang='grc' dir='ltr'><strong>ἴνα</strong></span> 
     </span>
    </p>
   </div>
   <div class='ocr_carea' id='block_1_13' title="bbox 265 1158 1857 1232">
    <p class='ocr_par' dir='ltr' id='par_1_13' title="bbox 265 1158 1857 1232">
     <span class='ocr_line' id='line_1_13' title="bbox 265 1158 1857 1232; baseline 0 -20"><span class='ocrx_word' id='word_1_82' title='bbox 265 1158 469 1231; x_wconf 83' lang='grc' dir='ltr'>δώροις</span> <span class='ocrx_word' id='word_1_83' title='bbox 493 1158 586 1212; x_wconf 78' lang='grc' dir='ltr'>τὸν</span> <span class='ocrx_word' id='word_1_84' title='bbox 634 1160 915 1230; x_wconf 87' lang='grc' dir='ltr'>Δεσπότην</span> <span class='ocrx_word' id='word_1_85' title='bbox 959 1161 1200 1232; x_wconf 76' lang='grc' dir='ltr'>τιμήσῃο</span> <span class='ocrx_word' id='word_1_86' title='bbox 1228 1162 1258 1213; x_wconf 86' lang='lat'><strong>6</strong></span> <span class='ocrx_word' id='word_1_87' title='bbox 1295 1160 1354 1214; x_wconf 83' lang='grc' dir='ltr'>δὲ</span> <span class='ocrx_word' id='word_1_88' title='bbox 1393 1161 1601 1231; x_wconf 75' lang='grc' dir='ltr'>ἕτερος,</span> <span class='ocrx_word' id='word_1_89' title='bbox 1639 1161 1726 1214; x_wconf 83' lang='grc' dir='ltr'>ἵνα</span> <span class='ocrx_word' id='word_1_90' title='bbox 1764 1160 1857 1213; x_wconf 74' lang='grc' dir='ltr'><strong>ἐπὶ</strong></span> 
     </span>
    </p>
   </div>
   <div class='ocr_carea' id='block_1_14' title="bbox 264 1249 1856 1323">
    <p class='ocr_par' dir='ltr' id='par_1_14' title="bbox 264 1249 1856 1323">
     <span class='ocr_line' id='line_1_14' title="bbox 264 1249 1856 1323; baseline 0.001 -21"><span class='ocrx_word' id='word_1_91' title='bbox 264 1253 339 1321; x_wconf 84' lang='grc' dir='ltr'>τῇ</span> <span class='ocrx_word' id='word_1_92' title='bbox 368 1249 670 1321; x_wconf 75' lang='grc' dir='ltr'>καλοεργίᾳ</span> <span class='ocrx_word' id='word_1_93' title='bbox 708 1250 819 1303; x_wconf 80' lang='grc' dir='ltr'>-τὸν</span> <span class='ocrx_word' id='word_1_94' title='bbox 865 1251 1020 1323; x_wconf 83' lang='grc' dir='ltr'><strong>παρά</strong></span> <span class='ocrx_word' id='word_1_95' title='bbox 1075 1251 1184 1306; x_wconf 82' lang='grc' dir='ltr'><strong>τῶν</strong></span> <span class='ocrx_word' id='word_1_96' title='bbox 1225 1253 1655 1323; x_wconf 79' lang='grc' dir='ltr'><strong>παρερχομένων</strong></span> <span class='ocrx_word' id='word_1_97' title='bbox 1692 1253 1750 1304; x_wconf 81' lang='grc' dir='ltr'>ἐν</span> <span class='ocrx_word' id='word_1_98' title='bbox 1788 1254 1856 1323; x_wconf 80' lang='grc' dir='ltr'><strong>τῇ</strong></span> 
     </span>
    </p>
   </div>
   <div class='ocr_carea' id='block_1_15' title="bbox 264 1342 1858 1417">
    <p class='ocr_par' dir='ltr' id='par_1_15' title="bbox 264 1342 1858 1417">
     <span class='ocr_line' id='line_1_15' title="bbox 264 1342 1858 1417; baseline 0.003 -22"><span class='ocrx_word' id='word_1_99' title='bbox 264 1342 376 1413; x_wconf 78' lang='grc' dir='ltr'>ὀδῷ</span> <span class='ocrx_word' id='word_1_100' title='bbox 417 1342 511 1396; x_wconf 87' lang='grc' dir='ltr'><strong>τοῦ</strong></span> <span class='ocrx_word' id='word_1_101' title='bbox 542 1343 658 1413; x_wconf 81' lang='grc' dir='ltr'>βίου</span> <span class='ocrx_word' id='word_1_102' title='bbox 689 1342 912 1399; x_wconf 77' lang='grc' dir='ltr'>ἔπαινον</span> <span class='ocrx_word' id='word_1_103' title='bbox 955 1345 1170 1417; x_wconf 82' lang='grc' dir='ltr'><strong>θηράσῃ</strong></span> <span class='ocrx_word' id='word_1_104' title='bbox 1215 1347 1365 1417; x_wconf 70' lang='grc'>(44)·</span> <span class='ocrx_word' id='word_1_105' title='bbox 1394 1345 1422 1398; x_wconf 83' lang='grc' dir='ltr'>ὁ</span> <span class='ocrx_word' id='word_1_106' title='bbox 1459 1347 1516 1400; x_wconf 83' lang='grc' dir='ltr'>δὲ</span> <span class='ocrx_word' id='word_1_107' title='bbox 1559 1345 1647 1399; x_wconf 78' lang='grc' dir='ltr'>ἵνα</span> <span class='ocrx_word' id='word_1_108' title='bbox 1694 1345 1858 1399; x_wconf 81' lang='grc' dir='ltr'>αὐτὸν</span> 
     </span>
    </p>
   </div>
   <div class='ocr_carea' id='block_1_16' title="bbox 266 1433 1856 1509">
    <p class='ocr_par' dir='ltr' id='par_1_16' title="bbox 266 1433 1856 1509">
     <span class='ocr_line' id='line_1_16' title="bbox 266 1433 1856 1509; baseline 0.002 -22"><span class='ocrx_word' id='word_1_109' title='bbox 266 1433 471 1489; x_wconf 82' lang='grc' dir='ltr'>ἑαυτοῦ</span> <span class='ocrx_word' id='word_1_110' title='bbox 518 1436 714 1506; x_wconf 73' lang='grc' dir='ltr'>ἐχθρὸν</span> <span class='ocrx_word' id='word_1_111' title='bbox 747 1435 1067 1507; x_wconf 79' lang='grc' dir='ltr'><strong>ζηλώσαντα</strong></span> <span class='ocrx_word' id='word_1_112' title='bbox 1107 1437 1270 1509; x_wconf 80' lang='grc' dir='ltr'>θλίψῃ</span> <span class='ocrx_word' id='word_1_113' title='bbox 1296 1437 1408 1509; x_wconf 73' lang='grc'>(45)</span> <span class='ocrx_word' id='word_1_114' title='bbox 1435 1454 1449 1468; x_wconf 78' lang='grc'><strong><em>⁸</em></strong></span> <span class='ocrx_word' id='word_1_115' title='bbox 1487 1439 1516 1492; x_wconf 87' lang='lat'><strong>6</strong></span> <span class='ocrx_word' id='word_1_116' title='bbox 1547 1438 1624 1500; x_wconf 88' lang='grc' dir='ltr'>δὲ,</span> <span class='ocrx_word' id='word_1_117' title='bbox 1664 1438 1753 1491; x_wconf 76' lang='grc' dir='ltr'><strong>ἵνα</strong></span> <span class='ocrx_word' id='word_1_118' title='bbox 1781 1439 1856 1509; x_wconf 85' lang='grc' dir='ltr'>μὴ</span> 
     </span>
    </p>
   </div>
   <div class='ocr_carea' id='block_1_17' title="bbox 263 1523 1858 1602">
    <p class='ocr_par' dir='ltr' id='par_1_17' title="bbox 263 1523 1858 1602">
     <span class='ocr_line' id='line_1_17' title="bbox 263 1523 1858 1602; baseline 0.001 -22"><span class='ocrx_word' id='word_1_119' title='bbox 263 1527 347 1592; x_wconf 83' lang='grc' dir='ltr'>ὡς</span> <span class='ocrx_word' id='word_1_120' title='bbox 384 1528 558 1598; x_wconf 83' lang='grc' dir='ltr'>ἀργὸς</span> <span class='ocrx_word' id='word_1_121' title='bbox 587 1529 738 1599; x_wconf 88' lang='grc' dir='ltr'><strong>παρά</strong></span> <span class='ocrx_word' id='word_1_122' title='bbox 760 1528 870 1584; x_wconf 79' lang='grc' dir='ltr'><strong>τῶν</strong></span> <span class='ocrx_word' id='word_1_123' title='bbox 904 1529 1211 1602; x_wconf 86' lang='grc' dir='ltr'>ἀνθρώπων</span> <span class='ocrx_word' id='word_1_124' title='bbox 1232 1529 1563 1601; x_wconf 73' lang='grc' dir='ltr'>ὀνειδίζηται</span> <span class='ocrx_word' id='word_1_125' title='bbox 1592 1529 1728 1600; x_wconf 71' lang='grc'>(46).</span> <span class='ocrx_word' id='word_1_126' title='bbox 1751 1523 1858 1582; x_wconf 77' lang='grc' dir='ltr'><strong>Αὖ-</strong></span> 
     </span>
    </p>
   </div>
   <div class='ocr_carea' id='block_1_18' title="bbox 264 1617 1858 1692">
    <p class='ocr_par' dir='ltr' id='par_1_18' title="bbox 264 1617 1858 1692">
     <span class='ocr_line' id='line_1_18' title="bbox 264 1617 1858 1692; baseline -0.001 -20"><span class='ocrx_word' id='word_1_127' title='bbox 264 1636 360 1672; x_wconf 75' lang='grc' dir='ltr'><strong>ται</strong></span> <span class='ocrx_word' id='word_1_128' title='bbox 399 1620 458 1673; x_wconf 83' lang='grc' dir='ltr'><strong>αί</strong></span> <span class='ocrx_word' id='word_1_129' title='bbox 487 1617 597 1673; x_wconf 85' lang='grc' dir='ltr'><strong>τῶν</strong></span> <span class='ocrx_word' id='word_1_130' title='bbox 628 1618 892 1690; x_wconf 83' lang='grc' dir='ltr'>γεωργῶν</span> <span class='ocrx_word' id='word_1_131' title='bbox 922 1619 1021 1673; x_wconf 90' lang='grc' dir='ltr'><strong>τοῦ</strong></span> <span class='ocrx_word' id='word_1_132' title='bbox 1055 1621 1259 1692; x_wconf 79' lang='grc' dir='ltr'><strong>σπόρου</strong></span> <span class='ocrx_word' id='word_1_133' title='bbox 1302 1620 1672 1691; x_wconf 85' lang='grc' dir='ltr'>προσηγορίαι</span> <span class='ocrx_word' id='word_1_134' title='bbox 1705 1636 1720 1650; x_wconf 74' lang='grc' dir='ltr'><strong>ο</strong></span> <span class='ocrx_word' id='word_1_135' title='bbox 1762 1637 1858 1691; x_wconf 87' lang='grc' dir='ltr'>νη-</span> 
     </span>
    </p>
   </div>
   <div class='ocr_carea' id='block_1_19' title="bbox 269 1710 1856 1782">
    <p class='ocr_par' dir='ltr' id='par_1_19' title="bbox 269 1710 1856 1782">
     <span class='ocr_line' id='line_1_19' title="bbox 269 1710 1856 1782; baseline 0.001 -19"><span class='ocrx_word' id='word_1_136' title='bbox 269 1710 450 1775; x_wconf 80' lang='grc' dir='ltr'>στεία,</span> <span class='ocrx_word' id='word_1_137' title='bbox 515 1710 813 1781; x_wconf 67' lang='grc' dir='ltr'>ἀγρυπνία,</span> <span class='ocrx_word' id='word_1_138' title='bbox 881 1711 1243 1782; x_wconf 76' lang='grc' dir='ltr'>ἐλεημοσύνη,</span> <span class='ocrx_word' id='word_1_139' title='bbox 1300 1711 1589 1775; x_wconf 82' lang='grc' dir='ltr'>διακονίαι,</span> <span class='ocrx_word' id='word_1_140' title='bbox 1644 1711 1739 1764; x_wconf 76' lang='grc' dir='ltr'>καὶ</span> <span class='ocrx_word' id='word_1_141' title='bbox 1789 1712 1856 1766; x_wconf 78' lang='grc' dir='ltr'>τὰ</span> 
     </span>
    </p>
   </div>
   <div class='ocr_carea' id='block_1_20' title="bbox 1959 516 3545 596">
    <p class='ocr_par' dir='ltr' id='par_1_20' title="bbox 1959 516 3545 596">
     <span class='ocr_line' id='line_1_20' title="bbox 1959 516 3545 596; baseline 0.008 -25"><span class='ocrx_word' id='word_1_142' title='bbox 1959 516 2046 571; x_wconf 87' lang='lat' dir='ltr'><strong>bis</strong></span> <span class='ocrx_word' id='word_1_143' title='bbox 2069 517 2495 587; x_wconf 85' lang='lat' dir='ltr'><strong>cogitationibus</strong></span> <span class='ocrx_word' id='word_1_144' title='bbox 2506 528 2559 575; x_wconf 88' lang='lat' dir='ltr'><strong>et</strong></span> <span class='ocrx_word' id='word_1_145' title='bbox 2580 520 2964 578; x_wconf 87' lang='lat' dir='ltr'><strong>vitiositatibus</strong></span> <span class='ocrx_word' id='word_1_146' title='bbox 2980 533 3253 596; x_wconf 74' lang='lat' dir='ltr'><strong>repurgat.</strong></span> <span class='ocrx_word' id='word_1_147' title='bbox 3271 526 3545 593; x_wconf 67' lang='lat' dir='ltr'><strong>Quamun-</strong></span> 
     </span>
    </p>
   </div>
   <div class='ocr_carea' id='block_1_21' title="bbox 1957 610 3546 687">
    <p class='ocr_par' dir='ltr' id='par_1_21' title="bbox 1957 610 3546 687">
     <span class='ocr_line' id='line_1_21' title="bbox 1957 610 3546 687; baseline 0.009 -25"><span class='ocrx_word' id='word_1_148' title='bbox 1957 623 2065 678; x_wconf 89' lang='lat' dir='ltr'><strong>que</strong></span> <span class='ocrx_word' id='word_1_149' title='bbox 2092 610 2251 664; x_wconf 86' lang='lat' dir='ltr'><strong>nobis</strong></span> <span class='ocrx_word' id='word_1_150' title='bbox 2276 611 2628 680; x_wconf 88' lang='lat' dir='ltr'><strong>usuveniunt,</strong></span> <span class='ocrx_word' id='word_1_151' title='bbox 2662 613 2781 670; x_wconf 87' lang='lat' dir='ltr'><strong>sive</strong></span> <span class='ocrx_word' id='word_1_152' title='bbox 2795 614 2971 672; x_wconf 85' lang='lat' dir='ltr'><strong>oculis</strong></span> <span class='ocrx_word' id='word_1_153' title='bbox 2998 615 3245 687; x_wconf 83' lang='lat' dir='ltr'><strong>subjecta</strong></span> <span class='ocrx_word' id='word_1_154' title='bbox 3274 622 3402 684; x_wconf 89' lang='lat' dir='ltr'><strong>sint,</strong></span> <span class='ocrx_word' id='word_1_155' title='bbox 3430 623 3546 676; x_wconf 89' lang='lat' dir='ltr'><strong>sive</strong></span> 
     </span>
    </p>
   </div>
   <div class='ocr_carea' id='block_1_22' title="bbox 1958 705 3545 781">
    <p class='ocr_par' dir='ltr' id='par_1_22' title="bbox 1958 705 3545 781">
     <span class='ocr_line' id='line_1_22' title="bbox 1958 705 3545 781; baseline 0.006 -25"><span class='ocrx_word' id='word_1_156' title='bbox 1958 718 2068 757; x_wconf 87' lang='lat' dir='ltr'><strong>non</strong></span> <span class='ocrx_word' id='word_1_157' title='bbox 2105 705 2237 770; x_wconf 86' lang='lat' dir='ltr'><strong>sint,</strong></span> <span class='ocrx_word' id='word_1_158' title='bbox 2281 715 2375 759; x_wconf 91' lang='lat' dir='ltr'><strong>aut</strong></span> <span class='ocrx_word' id='word_1_159' title='bbox 2405 720 2531 761; x_wconf 90' lang='lat' dir='ltr'><strong>cum</strong></span> <span class='ocrx_word' id='word_1_160' title='bbox 2592 707 2797 763; x_wconf 87' lang='lat' dir='ltr'><strong>virtute</strong></span> <span class='ocrx_word' id='word_1_161' title='bbox 2858 709 3219 781; x_wconf 87' lang='lat' dir='ltr'><strong>recipiuntur,</strong></span> <span class='ocrx_word' id='word_1_162' title='bbox 3276 721 3370 765; x_wconf 90' lang='lat' dir='ltr'><strong>aut</strong></span> <span class='ocrx_word' id='word_1_163' title='bbox 3418 726 3545 767; x_wconf 90' lang='lat' dir='ltr'><strong>cum</strong></span> 
     </span>
    </p>
   </div>
   <div class='ocr_carea' id='block_1_23' title="bbox 1959 796 3547 873">
    <p class='ocr_par' dir='ltr' id='par_1_23' title="bbox 1959 796 3547 873">
     <span class='ocr_line' id='line_1_23' title="bbox 1959 796 3547 873; baseline 0.006 -24"><span class='ocrx_word' id='word_1_164' title='bbox 1959 796 2112 862; x_wconf 91' lang='lat' dir='ltr'><strong>vitio,</strong></span> <span class='ocrx_word' id='word_1_165' title='bbox 2155 806 2251 851; x_wconf 88' lang='lat' dir='ltr'><strong>aut</strong></span> <span class='ocrx_word' id='word_1_166' title='bbox 2282 799 2466 855; x_wconf 91' lang='lat' dir='ltr'><strong>medio</strong></span> <span class='ocrx_word' id='word_1_167' title='bbox 2502 798 2742 870; x_wconf 88' lang='lat' dir='ltr'><strong>quodam</strong></span> <span class='ocrx_word' id='word_1_168' title='bbox 2773 801 2956 857; x_wconf 84' lang='lat' dir='ltr'><strong>modo.</strong></span> <span class='ocrx_word' id='word_1_169' title='bbox 2994 800 3132 858; x_wconf 85' lang='lat' dir='ltr'><strong>Tres</strong></span> <span class='ocrx_word' id='word_1_170' title='bbox 3163 802 3293 857; x_wconf 91' lang='lat' dir='ltr'><strong>olim</strong></span> <span class='ocrx_word' id='word_1_171' title='bbox 3325 802 3547 873; x_wconf 87' lang='lat' dir='ltr'><strong>religio-</strong></span> 
     </span>
    </p>
   </div>
   <div class='ocr_carea' id='block_1_24' title="bbox 1959 884 3544 961">
    <p class='ocr_par' dir='ltr' id='par_1_24' title="bbox 1959 884 3544 961">
     <span class='ocr_line' id='line_1_24' title="bbox 1959 884 3544 961; baseline 0.005 -22"><span class='ocrx_word' id='word_1_172' title='bbox 1959 898 2051 941; x_wconf 91' lang='lat' dir='ltr'><strong>sos</strong></span> <span class='ocrx_word' id='word_1_173' title='bbox 2078 886 2191 940; x_wconf 90' lang='lat' dir='ltr'><strong>vidi</strong></span> <span class='ocrx_word' id='word_1_174' title='bbox 2218 884 2415 943; x_wconf 90' lang='lat' dir='ltr'><strong>fratres</strong></span> <span class='ocrx_word' id='word_1_175' title='bbox 2461 889 2602 943; x_wconf 90' lang='lat' dir='ltr'><strong>male</strong></span> <span class='ocrx_word' id='word_1_176' title='bbox 2657 889 2824 945; x_wconf 85' lang='lat' dir='ltr'><strong>simul</strong></span> <span class='ocrx_word' id='word_1_177' title='bbox 2854 901 3111 961; x_wconf 89' lang='lat' dir='ltr'><strong>acceptos</strong></span> <span class='ocrx_word' id='word_1_178' title='bbox 3144 899 3200 945; x_wconf 91' lang='lat' dir='ltr'><strong>et</strong></span> <span class='ocrx_word' id='word_1_179' title='bbox 3261 892 3544 959; x_wconf 86' lang='lat' dir='ltr'><strong>multatos,</strong></span> 
     </span>
    </p>
   </div>
   <div class='ocr_carea' id='block_1_25' title="bbox 1958 980 3549 1055">
    <p class='ocr_par' dir='ltr' id='par_1_25' title="bbox 1958 980 3549 1055">
     <span class='ocr_line' id='line_1_25' title="bbox 1958 980 3549 1055; baseline 0.004 -22"><span class='ocrx_word' id='word_1_180' title='bbox 1958 993 2196 1050; x_wconf 88' lang='lat' dir='ltr'><strong>quorum</strong></span> <span class='ocrx_word' id='word_1_181' title='bbox 2224 980 2438 1051; x_wconf 88' lang='lat' dir='ltr'><strong>primus</strong></span> <span class='ocrx_word' id='word_1_182' title='bbox 2468 997 2583 1037; x_wconf 92' lang='lat' dir='ltr'><strong>rem</strong></span> <span class='ocrx_word' id='word_1_183' title='bbox 2603 983 2826 1055; x_wconf 84' lang='lat' dir='ltr'><strong>indigne</strong></span> <span class='ocrx_word' id='word_1_184' title='bbox 2861 985 3025 1053; x_wconf 90' lang='lat' dir='ltr'><strong>tulit;</strong></span> <span class='ocrx_word' id='word_1_185' title='bbox 3059 985 3197 1040; x_wconf 82' lang='lat' dir='ltr'><strong>alter</strong></span> <span class='ocrx_word' id='word_1_186' title='bbox 3251 985 3372 1041; x_wconf 89' lang='lat' dir='ltr'><strong>sine</strong></span> <span class='ocrx_word' id='word_1_187' title='bbox 3425 1000 3549 1055; x_wconf 86' lang='lat' dir='ltr'><strong>per-</strong></span> 
     </span>
    </p>
   </div>
   <div class='ocr_carea' id='block_1_26' title="bbox 1960 1073 3547 1149">
    <p class='ocr_par' dir='ltr' id='par_1_26' title="bbox 1960 1073 3547 1149">
     <span class='ocr_line' id='line_1_26' title="bbox 1960 1073 3547 1149; baseline 0.004 -23"><span class='ocrx_word' id='word_1_188' title='bbox 1960 1073 2273 1130; x_wconf 88' lang='lat' dir='ltr'><strong>turbatione</strong></span> <span class='ocrx_word' id='word_1_189' title='bbox 2298 1075 2561 1130; x_wconf 80' lang='lat' dir='ltr'><strong>damnum</strong></span> <span class='ocrx_word' id='word_1_190' title='bbox 2590 1077 2837 1146; x_wconf 84' lang='lat' dir='ltr'><strong>pertulit,</strong></span> <span class='ocrx_word' id='word_1_191' title='bbox 2892 1079 3088 1134; x_wconf 89' lang='lat' dir='ltr'><strong>tertius</strong></span> <span class='ocrx_word' id='word_1_192' title='bbox 3138 1078 3330 1149; x_wconf 88' lang='lat' dir='ltr'><strong>ingens</strong></span> <span class='ocrx_word' id='word_1_193' title='bbox 3382 1079 3547 1133; x_wconf 88' lang='lat' dir='ltr'><strong>etiam</strong></span> 
     </span>
    </p>
   </div>
   <div class='ocr_carea' id='block_1_27' title="bbox 1959 1167 3549 1241">
    <p class='ocr_par' dir='ltr' id='par_1_27' title="bbox 1959 1167 3549 1241">
     <span class='ocr_line' id='line_1_27' title="bbox 1959 1167 3549 1241; baseline 0.004 -22"><span class='ocrx_word' id='word_1_194' title='bbox 1959 1167 2220 1236; x_wconf 76' lang='lat' dir='ltr'><strong>gaudium</strong></span> <span class='ocrx_word' id='word_1_195' title='bbox 2252 1168 2466 1223; x_wconf 88' lang='lat' dir='ltr'><strong>retulit.</strong></span> <span class='ocrx_word' id='word_1_196' title='bbox 2496 1168 2620 1225; x_wconf 82' lang='lat' dir='ltr'><strong>Vidi</strong></span> <span class='ocrx_word' id='word_1_197' title='bbox 2653 1171 2797 1241; x_wconf 91' lang='lat' dir='ltr'><strong>apud</strong></span> <span class='ocrx_word' id='word_1_198' title='bbox 2828 1171 3095 1241; x_wconf 81' lang='lat' dir='ltr'><strong>agricolas</strong></span> <span class='ocrx_word' id='word_1_199' title='bbox 3127 1172 3272 1227; x_wconf 89' lang='lat' dir='ltr'><strong>idem</strong></span> <span class='ocrx_word' id='word_1_200' title='bbox 3318 1171 3549 1227; x_wconf 86' lang='lat' dir='ltr'><strong>seminis</strong></span> 
     </span>
    </p>
   </div>
   <div class='ocr_carea' id='block_1_28' title="bbox 1960 1260 3551 1333">
    <p class='ocr_par' dir='ltr' id='par_1_28' title="bbox 1960 1260 3551 1333">
     <span class='ocr_line' id='line_1_28' title="bbox 1960 1260 3551 1333; baseline 0.005 -23"><span class='ocrx_word' id='word_1_201' title='bbox 1960 1272 2131 1327; x_wconf 89' lang='lat' dir='ltr'><strong>genus</strong></span> <span class='ocrx_word' id='word_1_202' title='bbox 2161 1273 2192 1312; x_wconf 86' lang='lat' dir='ltr'><strong>a</strong></span> <span class='ocrx_word' id='word_1_203' title='bbox 2253 1260 2467 1315; x_wconf 89' lang='lat' dir='ltr'><strong>duobus</strong></span> <span class='ocrx_word' id='word_1_204' title='bbox 2519 1263 2723 1331; x_wconf 78' lang='lat' dir='ltr'><strong>spargi,</strong></span> <span class='ocrx_word' id='word_1_205' title='bbox 2786 1262 2882 1317; x_wconf 87' lang='lat' dir='ltr'><strong>sed</strong></span> <span class='ocrx_word' id='word_1_206' title='bbox 2934 1263 3149 1319; x_wconf 87' lang='lat' dir='ltr'><strong>diverso</strong></span> <span class='ocrx_word' id='word_1_207' title='bbox 3198 1264 3268 1318; x_wconf 90' lang='lat' dir='ltr'><strong>ab</strong></span> <span class='ocrx_word' id='word_1_208' title='bbox 3316 1272 3551 1333; x_wconf 88' lang='lat' dir='ltr'><strong>utroque</strong></span> 
     </span>
    </p>
   </div>
   <div class='ocr_carea' id='block_1_29' title="bbox 1959 1347 3547 1418">
    <p class='ocr_par' dir='ltr' id='par_1_29' title="bbox 1959 1347 3547 1418">
     <span class='ocr_line' id='line_1_29' title="bbox 1959 1347 3547 1418; baseline 0.004 -17"><span class='ocrx_word' id='word_1_209' title='bbox 1959 1347 2068 1402; x_wconf 82' lang='lat' dir='ltr'><strong>ﬁne</strong></span> <span class='ocrx_word' id='word_1_210' title='bbox 2109 1365 2122 1401; x_wconf 90' lang='lat'><strong>:</strong></span> <span class='ocrx_word' id='word_1_211' title='bbox 2154 1348 2225 1404; x_wconf 91' lang='lat' dir='ltr'><strong>ab</strong></span> <span class='ocrx_word' id='word_1_212' title='bbox 2258 1351 2441 1405; x_wconf 81' lang='lat' dir='ltr'><strong>altero</strong></span> <span class='ocrx_word' id='word_1_213' title='bbox 2463 1360 2525 1405; x_wconf 91' lang='lat' dir='ltr'><strong>ut</strong></span> <span class='ocrx_word' id='word_1_214' title='bbox 2540 1354 2763 1407; x_wconf 88' lang='lat' dir='ltr'><strong>nomina</strong></span> <span class='ocrx_word' id='word_1_215' title='bbox 2791 1353 3050 1407; x_wconf 84' lang='lat' dir='ltr'><strong>creditori</strong></span> <span class='ocrx_word' id='word_1_216' title='bbox 3082 1368 3185 1409; x_wconf 88' lang='lat' dir='ltr'><strong>suo</strong></span> <span class='ocrx_word' id='word_1_217' title='bbox 3203 1352 3547 1418; x_wconf 83' lang='lat' dir='ltr'><strong>dissolveret,</strong></span> 
     </span>
    </p>
   </div>
   <div class='ocr_carea' id='block_1_30' title="bbox 1959 1436 3551 1513">
    <p class='ocr_par' dir='ltr' id='par_1_30' title="bbox 1959 1436 3551 1513">
     <span class='ocr_line' id='line_1_30' title="bbox 1959 1436 3551 1513; baseline 0.004 -23"><span class='ocrx_word' id='word_1_218' title='bbox 1959 1437 2029 1490; x_wconf 88' lang='lat' dir='ltr'><strong>ab</strong></span> <span class='ocrx_word' id='word_1_219' title='bbox 2053 1436 2224 1491; x_wconf 89' lang='lat' dir='ltr'><strong>altero</strong></span> <span class='ocrx_word' id='word_1_220' title='bbox 2250 1446 2310 1492; x_wconf 93' lang='lat' dir='ltr'><strong>ut</strong></span> <span class='ocrx_word' id='word_1_221' title='bbox 2363 1438 2411 1493; x_wconf 87' lang='lat' dir='ltr'><strong>is</strong></span> <span class='ocrx_word' id='word_1_222' title='bbox 2463 1439 2757 1496; x_wconf 86' lang='lat' dir='ltr'><strong>thesauros</strong></span> <span class='ocrx_word' id='word_1_223' title='bbox 2807 1441 2912 1497; x_wconf 81' lang='lat' dir='ltr'><strong>sibi</strong></span> <span class='ocrx_word' id='word_1_224' title='bbox 2963 1452 3327 1513; x_wconf 83' lang='lat' dir='ltr'><strong>compararet.</strong></span> <span class='ocrx_word' id='word_1_225' title='bbox 3351 1444 3467 1508; x_wconf 86' lang='lat' dir='ltr'><strong>Ille,</strong></span> <span class='ocrx_word' id='word_1_226' title='bbox 3490 1452 3551 1498; x_wconf 90' lang='lat' dir='ltr'><strong>ut</strong></span> 
     </span>
    </p>
   </div>
   <div class='ocr_carea' id='block_1_31' title="bbox 1958 1530 3552 1605">
    <p class='ocr_par' dir='ltr' id='par_1_31' title="bbox 1958 1530 3552 1605">
     <span class='ocr_line' id='line_1_31' title="bbox 1958 1530 3552 1605; baseline 0.005 -19"><span class='ocrx_word' id='word_1_227' title='bbox 1958 1530 2244 1587; x_wconf 88' lang='lat' dir='ltr'><strong>dominum</strong></span> <span class='ocrx_word' id='word_1_228' title='bbox 2284 1549 2442 1589; x_wconf 87' lang='lat' dir='ltr'><strong>suum</strong></span> <span class='ocrx_word' id='word_1_229' title='bbox 2468 1536 2787 1593; x_wconf 86' lang='lat' dir='ltr'><strong>muneribus</strong></span> <span class='ocrx_word' id='word_1_230' title='bbox 2813 1538 3055 1605; x_wconf 85' lang='lat' dir='ltr'><strong>coleret;</strong></span> <span class='ocrx_word' id='word_1_231' title='bbox 3100 1538 3208 1605; x_wconf 85' lang='lat' dir='ltr'><strong>hic,</strong></span> <span class='ocrx_word' id='word_1_232' title='bbox 3236 1547 3295 1593; x_wconf 93' lang='lat' dir='ltr'><strong>ut</strong></span> <span class='ocrx_word' id='word_1_233' title='bbox 3322 1554 3391 1593; x_wconf 81' lang='lat' dir='ltr'><strong>ex</strong></span> <span class='ocrx_word' id='word_1_234' title='bbox 3436 1539 3552 1594; x_wconf 86' lang='lat' dir='ltr'><strong>ele-</strong></span> 
     </span>
    </p>
   </div>
   <div class='ocr_carea' id='block_1_32' title="bbox 1959 1626 3554 1705">
    <p class='ocr_par' dir='ltr' id='par_1_32' title="bbox 1959 1626 3554 1705">
     <span class='ocr_line' id='line_1_32' title="bbox 1959 1626 3554 1705; baseline 0.007 -27"><span class='ocrx_word' id='word_1_235' title='bbox 1959 1626 2119 1696; x_wconf 83' lang='lat' dir='ltr'><strong>ganti</strong></span> <span class='ocrx_word' id='word_1_236' title='bbox 2170 1627 2566 1698; x_wconf 79' lang='lat' dir='ltr'><strong>agricolatione</strong></span> <span class='ocrx_word' id='word_1_237' title='bbox 2632 1630 2903 1686; x_wconf 89' lang='lat' dir='ltr'><strong>laudema</strong></span> <span class='ocrx_word' id='word_1_238' title='bbox 2951 1633 3364 1688; x_wconf 88' lang='lat' dir='ltr'><strong>transeuntibus</strong></span> <span class='ocrx_word' id='word_1_239' title='bbox 3389 1629 3554 1705; x_wconf 64' lang='lat' dir='ltr'><strong>3M</strong></span> 
     </span>
    </p>
   </div>
   <div class='ocr_carea' id='block_1_33' title="bbox 1960 1716 3552 1791">
    <p class='ocr_par' dir='ltr' id='par_1_33' title="bbox 1960 1716 3552 1791">
     <span class='ocr_line' id='line_1_33' title="bbox 1960 1716 3552 1791; baseline 0.004 -21"><span class='ocrx_word' id='word_1_240' title='bbox 1960 1716 2015 1770; x_wconf 90' lang='lat' dir='ltr'><strong>in</strong></span> <span class='ocrx_word' id='word_1_241' title='bbox 2063 1717 2149 1773; x_wconf 85' lang='lat' dir='ltr'><strong>via</strong></span> <span class='ocrx_word' id='word_1_242' title='bbox 2185 1727 2241 1773; x_wconf 91' lang='lat' dir='ltr'><strong>et</strong></span> <span class='ocrx_word' id='word_1_243' title='bbox 2288 1720 2400 1773; x_wconf 87' lang='lat' dir='ltr'><strong>vita</strong></span> <span class='ocrx_word' id='word_1_244' title='bbox 2442 1731 2832 1791; x_wconf 87' lang='lat' dir='ltr'><strong>aucuparetur.</strong></span> <span class='ocrx_word' id='word_1_245' title='bbox 2869 1720 2985 1788; x_wconf 88' lang='lat' dir='ltr'><strong>llle,</strong></span> <span class='ocrx_word' id='word_1_246' title='bbox 3028 1731 3088 1777; x_wconf 91' lang='lat' dir='ltr'><strong>ut</strong></span> <span class='ocrx_word' id='word_1_247' title='bbox 3128 1723 3341 1777; x_wconf 82' lang='lat' dir='ltr'><strong>hostem</strong></span> <span class='ocrx_word' id='word_1_248' title='bbox 3388 1737 3552 1777; x_wconf 90' lang='lat' dir='ltr'><strong>suum</strong></span> 
     </span>
    </p>
   </div>
   <div class='ocr_carea' id='block_1_34' title="bbox 265 1799 1867 1882">
    <p class='ocr_par' dir='ltr' id='par_1_34' title="bbox 265 1802 1859 1873">
     <span class='ocr_line' id='line_1_34' title="bbox 265 1802 1859 1873; baseline 0 -18"><span class='ocrx_word' id='word_1_249' title='bbox 265 1803 456 1872; x_wconf 82' lang='grc' dir='ltr'>ὃμοια.</span> <span class='ocrx_word' id='word_1_250' title='bbox 491 1802 633 1865; x_wconf 83' lang='grc' dir='ltr'><strong>Τοὺς</strong></span> <span class='ocrx_word' id='word_1_251' title='bbox 658 1802 717 1855; x_wconf 80' lang='grc' dir='ltr'>δὲ</span> <span class='ocrx_word' id='word_1_252' title='bbox 742 1803 979 1865; x_wconf 79' lang='grc' dir='ltr'>σκοποὺς</span> <span class='ocrx_word' id='word_1_253' title='bbox 1003 1803 1299 1873; x_wconf 81' lang='grc' dir='ltr'>προθύμως</span> <span class='ocrx_word' id='word_1_254' title='bbox 1316 1806 1373 1857; x_wconf 83' lang='grc' dir='ltr'>ὲν</span> <span class='ocrx_word' id='word_1_255' title='bbox 1400 1803 1590 1873; x_wconf 82' lang='grc' dir='ltr'>Κυρίῳ</span> <span class='ocrx_word' id='word_1_256' title='bbox 1626 1804 1676 1856; x_wconf 73' lang='lat' dir='ltr'><strong>oi</strong></span> <span class='ocrx_word' id='word_1_257' title='bbox 1702 1802 1859 1857; x_wconf 87' lang='grc' dir='ltr'>ἁδελ-</span> 
     </span>
    </p>
   </div>
   <div class='ocr_carea' id='block_1_35' title="bbox 1966 1799 3553 1882">
    <p class='ocr_par' dir='ltr' id='par_1_35' title="bbox 1966 1810 3553 1882">
     <span class='ocr_line' id='line_1_35' title="bbox 1966 1810 3553 1882; baseline 0.004 -19"><span class='ocrx_word' id='word_1_258' title='bbox 1966 1810 2212 1865; x_wconf 70' lang='grc' dir='ltr'>αιωιιιυω</span> <span class='ocrx_word' id='word_1_259' title='bbox 2242 1810 2443 1866; x_wconf 82' lang='lat' dir='ltr'><strong>invidia</strong></span> <span class='ocrx_word' id='word_1_260' title='bbox 2470 1820 2772 1882; x_wconf 86' lang='lat' dir='ltr'><strong>torqueret,</strong></span> <span class='ocrx_word' id='word_1_261' title='bbox 2802 1814 2913 1882; x_wconf 88' lang='lat' dir='ltr'><strong>hic,</strong></span> <span class='ocrx_word' id='word_1_262' title='bbox 2950 1822 3010 1869; x_wconf 92' lang='lat' dir='ltr'><strong>ut</strong></span> <span class='ocrx_word' id='word_1_263' title='bbox 3036 1829 3108 1870; x_wconf 89' lang='lat' dir='ltr'><strong>ne</strong></span> <span class='ocrx_word' id='word_1_264' title='bbox 3145 1814 3454 1871; x_wconf 87' lang='lat' dir='ltr'><strong>desidiosus</strong></span> <span class='ocrx_word' id='word_1_265' title='bbox 3484 1815 3553 1869; x_wconf 90' lang='lat' dir='ltr'><strong>ab</strong></span> 
     </span>
    </p>
   </div>
   <div class='ocr_carea' id='block_1_36' title="bbox 266 1893 1860 1967">
    <p class='ocr_par' dir='ltr' id='par_1_36' title="bbox 266 1893 1860 1967">
     <span class='ocr_line' id='line_1_36' title="bbox 266 1893 1860 1967; baseline 0.001 -20"><span class='ocrx_word' id='word_1_266' title='bbox 266 1894 361 1963; x_wconf 74' lang='grc' dir='ltr'>φοὶ</span> <span class='ocrx_word' id='word_1_267' title='bbox 406 1893 792 1964; x_wconf 81' lang='grc' dir='ltr'>βασανίσουσιν</span> <span class='ocrx_word' id='word_1_268' title='bbox 815 1894 950 1966; x_wconf 74' lang='grc'>(47),</span> <span class='ocrx_word' id='word_1_269' title='bbox 989 1894 1177 1967; x_wconf 84' lang='grc' dir='ltr'>ὥσπερ</span> <span class='ocrx_word' id='word_1_270' title='bbox 1207 1894 1351 1965; x_wconf 75' lang='grc' dir='ltr'>ὕδωρ</span> <span class='ocrx_word' id='word_1_271' title='bbox 1386 1896 1450 1948; x_wconf 85' lang='grc' dir='ltr'>ἐκ</span> <span class='ocrx_word' id='word_1_272' title='bbox 1470 1894 1663 1965; x_wconf 84' lang='grc' dir='ltr'>πηγῶν</span> <span class='ocrx_word' id='word_1_273' title='bbox 1688 1897 1860 1949; x_wconf 85' lang='grc' dir='ltr'>ἀπαν-</span> 
     </span>
    </p>
   </div>
   <div class='ocr_carea' id='block_1_37' title="bbox 267 1984 1857 2059">
    <p class='ocr_par' dir='ltr' id='par_1_37' title="bbox 267 1984 1857 2059">
     <span class='ocr_line' id='line_1_37' title="bbox 267 1984 1857 2059; baseline 0.003 -21"><span class='ocrx_word' id='word_1_274' title='bbox 267 1984 711 2057; x_wconf 73' lang='grc' dir='ltr'>τλοῦντες.(48),</span> <span class='ocrx_word' id='word_1_275' title='bbox 742 1986 890 2041; x_wconf 82' lang='grc' dir='ltr'>ἐστιν</span> <span class='ocrx_word' id='word_1_276' title='bbox 939 1988 1028 2041; x_wconf 81' lang='grc' dir='ltr'>ὅτε</span> <span class='ocrx_word' id='word_1_277' title='bbox 1084 1985 1411 2059; x_wconf 82' lang='grc' dir='ltr'>λεληθότως,</span> <span class='ocrx_word' id='word_1_278' title='bbox 1467 1986 1565 2040; x_wconf 77' lang='grc' dir='ltr'>καὶ</span> <span class='ocrx_word' id='word_1_279' title='bbox 1615 1986 1707 2042; x_wconf 83' lang='grc' dir='ltr'>τὸν</span> <span class='ocrx_word' id='word_1_280' title='bbox 1768 1987 1857 2042; x_wconf 86' lang='grc' dir='ltr'><strong>λέ-</strong></span> 
     </span>
    </p>
   </div>
   <div class='ocr_carea' id='block_1_38' title="bbox 276 2080 1859 2154">
    <p class='ocr_par' dir='ltr' id='par_1_38' title="bbox 276 2080 1859 2154">
     <span class='ocr_line' id='line_1_38' title="bbox 276 2080 1859 2154; baseline 0 -20"><span class='ocrx_word' id='word_1_281' title='bbox 276 2080 507 2152; x_wconf 83' lang='grc' dir='ltr'>γόμενον</span> <span class='ocrx_word' id='word_1_282' title='bbox 561 2080 837 2154; x_wconf 80' lang='grc' dir='ltr'>βάτραχον</span> <span class='ocrx_word' id='word_1_283' title='bbox 890 2081 1362 2153; x_wconf 84' lang='grc' dir='ltr'>συνηντλήσαμεν.</span> <span class='ocrx_word' id='word_1_284' title='bbox 1412 2080 1601 2145; x_wconf 86' lang='grc' dir='ltr'>Οῦτως</span> <span class='ocrx_word' id='word_1_285' title='bbox 1639 2082 1859 2145; x_wconf 75' lang='grc' dir='ltr'>καὶτὰς</span> 
     </span>
    </p>
   </div>
   <div class='ocr_carea' id='block_1_39' title="bbox 278 2172 1858 2245">
    <p class='ocr_par' dir='ltr' id='par_1_39' title="bbox 278 2172 1858 2245">
     <span class='ocr_line' id='line_1_39' title="bbox 278 2172 1858 2245; baseline -0.003 -17"><span class='ocrx_word' id='word_1_286' title='bbox 278 2174 482 2244; x_wconf 83' lang='grc' dir='ltr'>ἀρετὰς</span> <span class='ocrx_word' id='word_1_287' title='bbox 515 2175 911 2245; x_wconf 65' lang='grc' dir='ltr'>μετερχόμενον.</span> <span class='ocrx_word' id='word_1_288' title='bbox 939 2173 1200 2237; x_wconf 83' lang='grc' dir='ltr'>πολλάκις</span> <span class='ocrx_word' id='word_1_289' title='bbox 1240 2172 1741 2244; x_wconf 85' lang='grc' dir='ltr'>συμπεπλεγμένας</span> <span class='ocrx_word' id='word_1_290' title='bbox 1761 2173 1858 2227; x_wconf 88' lang='grc' dir='ltr'><strong>αὐ-</strong></span> 
     </span>
    </p>
   </div>
   <div class='ocr_carea' id='block_1_40' title="bbox 271 2259 1853 2338">
    <p class='ocr_par' dir='ltr' id='par_1_40' title="bbox 271 2259 1853 2338">
     <span class='ocr_line' id='line_1_40' title="bbox 271 2259 1853 2338; baseline -0.003 -18"><span class='ocrx_word' id='word_1_291' title='bbox 271 2269 395 2329; x_wconf 80' lang='grc' dir='ltr'>ταῖς</span> <span class='ocrx_word' id='word_1_292' title='bbox 419 2265 641 2335; x_wconf 76' lang='grc' dir='ltr'>ἀφανῶς</span> <span class='ocrx_word' id='word_1_293' title='bbox 664 2265 763 2330; x_wconf 88' lang='grc' dir='ltr'><strong>τάς</strong></span> <span class='ocrx_word' id='word_1_294' title='bbox 786 2265 988 2328; x_wconf 77' lang='grc' dir='ltr'>κακίας</span> <span class='ocrx_word' id='word_1_295' title='bbox 1014 2265 1392 2338; x_wconf 83' lang='grc' dir='ltr'><strong>μετερχόμεθα</strong></span> <span class='ocrx_word' id='word_1_296' title='bbox 1417 2282 1430 2297; x_wconf 90' lang='grc'><strong>·</strong></span> <span class='ocrx_word' id='word_1_297' title='bbox 1457 2259 1570 2317; x_wconf 77' lang='grc' dir='ltr'>οἷόν</span> <span class='ocrx_word' id='word_1_298' title='bbox 1593 2282 1643 2317; x_wconf 90' lang='grc' dir='ltr'><strong>τι</strong></span> <span class='ocrx_word' id='word_1_299' title='bbox 1667 2264 1812 2333; x_wconf 71' lang='grc' dir='ltr'>λέγω</span> <span class='ocrx_word' id='word_1_300' title='bbox 1839 2280 1853 2295; x_wconf 89' lang='grc'><strong>·</strong></span> 
     </span>
    </p>
   </div>
   <div class='ocr_carea' id='block_1_41' title="bbox 267 2352 1853 2425">
    <p class='ocr_par' dir='ltr' id='par_1_41' title="bbox 267 2352 1853 2425">
     <span class='ocr_line' id='line_1_41' title="bbox 267 2352 1853 2425; baseline 0 -18"><span class='ocrx_word' id='word_1_301' title='bbox 267 2354 335 2425; x_wconf 77' lang='grc' dir='ltr'><strong>τῇ</strong></span> <span class='ocrx_word' id='word_1_302' title='bbox 379 2352 717 2424; x_wconf 79' lang='grc' dir='ltr'>ξενοδοξίαὴ</span> <span class='ocrx_word' id='word_1_303' title='bbox 758 2354 1174 2425; x_wconf 84' lang='grc' dir='ltr'>γαστριμαργία</span> <span class='ocrx_word' id='word_1_304' title='bbox 1229 2353 1650 2425; x_wconf 83' lang='grc' dir='ltr'>συμπέπλεκται</span> <span class='ocrx_word' id='word_1_305' title='bbox 1695 2353 1808 2425; x_wconf 68' lang='grc'>(49)</span> <span class='ocrx_word' id='word_1_306' title='bbox 1840 2369 1853 2382; x_wconf 90' lang='grc'><strong>·</strong></span> 
     </span>
    </p>
   </div>
   <div class='ocr_carea' id='block_1_42' title="bbox 263 2444 1855 2520">
    <p class='ocr_par' dir='ltr' id='par_1_42' title="bbox 263 2444 1855 2520">
     <span class='ocr_line' id='line_1_42' title="bbox 263 2444 1855 2520; baseline -0.001 -21"><span class='ocrx_word' id='word_1_307' title='bbox 263 2449 333 2518; x_wconf 79' lang='grc' dir='ltr'>τῇ</span> <span class='ocrx_word' id='word_1_308' title='bbox 366 2446 562 2519; x_wconf 80' lang='grc' dir='ltr'>ἀγάπῃ</span> <span class='ocrx_word' id='word_1_309' title='bbox 591 2447 626 2517; x_wconf 81' lang='grc' dir='ltr'>ἡ</span> <span class='ocrx_word' id='word_1_310' title='bbox 660 2446 891 2520; x_wconf 88' lang='grc' dir='ltr'>πορνεία</span> <span class='ocrx_word' id='word_1_311' title='bbox 914 2463 927 2477; x_wconf 91' lang='grc'><strong>·</strong></span> <span class='ocrx_word' id='word_1_312' title='bbox 969 2448 1037 2517; x_wconf 82' lang='grc' dir='ltr'><strong>τῇ</strong></span> <span class='ocrx_word' id='word_1_313' title='bbox 1066 2446 1342 2516; x_wconf 83' lang='grc' dir='ltr'>διακρίσει</span> <span class='ocrx_word' id='word_1_314' title='bbox 1368 2446 1401 2515; x_wconf 85' lang='grc' dir='ltr'><strong>ἡ</strong></span> <span class='ocrx_word' id='word_1_315' title='bbox 1427 2445 1671 2515; x_wconf 82' lang='grc' dir='ltr'>δεινότης</span> <span class='ocrx_word' id='word_1_316' title='bbox 1703 2444 1814 2514; x_wconf 76' lang='grc'>(50)</span> <span class='ocrx_word' id='word_1_317' title='bbox 1841 2459 1855 2472; x_wconf 82' lang='grc'><em>’</em></span> 
     </span>
    </p>
   </div>
   <div class='ocr_carea' id='block_1_43' title="bbox 262 2533 1855 2608">
    <p class='ocr_par' dir='ltr' id='par_1_43' title="bbox 262 2533 1855 2608">
     <span class='ocr_line' id='line_1_43' title="bbox 262 2533 1855 2608; baseline -0.003 -19"><span class='ocrx_word' id='word_1_318' title='bbox 262 2539 332 2607; x_wconf 82' lang='grc' dir='ltr'><strong>τῇ</strong></span> <span class='ocrx_word' id='word_1_319' title='bbox 377 2536 647 2608; x_wconf 79' lang='grc' dir='ltr'>φρονήσει</span> <span class='ocrx_word' id='word_1_320' title='bbox 680 2536 715 2607; x_wconf 87' lang='grc' dir='ltr'><strong>ή</strong></span> <span class='ocrx_word' id='word_1_321' title='bbox 736 2535 971 2607; x_wconf 83' lang='grc' dir='ltr'>πονηρία</span> <span class='ocrx_word' id='word_1_322' title='bbox 997 2550 1009 2564; x_wconf 85' lang='lat'><strong><em>°</em></strong></span> <span class='ocrx_word' id='word_1_323' title='bbox 1038 2537 1105 2607; x_wconf 83' lang='grc' dir='ltr'>τῇ</span> <span class='ocrx_word' id='word_1_324' title='bbox 1150 2535 1427 2607; x_wconf 79' lang='grc' dir='ltr'>πραΰτητι</span> <span class='ocrx_word' id='word_1_325' title='bbox 1462 2535 1497 2606; x_wconf 89' lang='grc' dir='ltr'><strong>ή</strong></span> <span class='ocrx_word' id='word_1_326' title='bbox 1531 2533 1855 2604; x_wconf 81' lang='grc' dir='ltr'>ὑπουλότης,</span> 
     </span>
    </p>
   </div>
   <div class='ocr_carea' id='block_1_44' title="bbox 263 2623 1860 2695">
    <p class='ocr_par' dir='ltr' id='par_1_44' title="bbox 263 2623 1860 2695">
     <span class='ocr_line' id='line_1_44' title="bbox 263 2623 1860 2695; baseline -0.001 -18"><span class='ocrx_word' id='word_1_327' title='bbox 263 2624 365 2678; x_wconf 77' lang='grc' dir='ltr'>καὶ</span> <span class='ocrx_word' id='word_1_328' title='bbox 400 2623 702 2695; x_wconf 80' lang='grc' dir='ltr'>νωθρότης,</span> <span class='ocrx_word' id='word_1_329' title='bbox 732 2624 828 2678; x_wconf 80' lang='grc' dir='ltr'>καὶ</span> <span class='ocrx_word' id='word_1_330' title='bbox 857 2624 1113 2695; x_wconf 88' lang='grc' dir='ltr'>όκνηρία,</span> <span class='ocrx_word' id='word_1_331' title='bbox 1144 2625 1239 2678; x_wconf 70' lang='grc' dir='ltr'>καὶ</span> <span class='ocrx_word' id='word_1_332' title='bbox 1261 2623 1564 2693; x_wconf 87' lang='grc' dir='ltr'>ἀντιλογία,</span> <span class='ocrx_word' id='word_1_333' title='bbox 1597 2624 1694 2678; x_wconf 72' lang='grc' dir='ltr'>καὶ</span> <span class='ocrx_word' id='word_1_334' title='bbox 1736 2624 1860 2677; x_wconf 79' lang='grc' dir='ltr'>ἰδιο-</span> 
     </span>
    </p>
   </div>
   <div class='ocr_carea' id='block_1_45' title="bbox 266 2715 1859 2789">
    <p class='ocr_par' dir='ltr' id='par_1_45' title="bbox 266 2715 1859 2789">
     <span class='ocr_line' id='line_1_45' title="bbox 266 2715 1859 2789; baseline 0.002 -22"><span class='ocrx_word' id='word_1_335' title='bbox 266 2715 506 2787; x_wconf 88' lang='grc' dir='ltr'>ρυθμία,</span> <span class='ocrx_word' id='word_1_336' title='bbox 558 2718 653 2770; x_wconf 75' lang='grc' dir='ltr'>καὶ</span> <span class='ocrx_word' id='word_1_337' title='bbox 687 2717 920 2788; x_wconf 78' lang='grc' dir='ltr'>ἀνηκοῖα</span> <span class='ocrx_word' id='word_1_338' title='bbox 950 2734 960 2746; x_wconf 93' lang='grc'><strong>·</strong></span> <span class='ocrx_word' id='word_1_339' title='bbox 997 2720 1064 2788; x_wconf 81' lang='grc' dir='ltr'>τῇ</span> <span class='ocrx_word' id='word_1_340' title='bbox 1118 2719 1299 2788; x_wconf 84' lang='grc' dir='ltr'>σιωπῇ</span> <span class='ocrx_word' id='word_1_341' title='bbox 1329 2717 1428 2789; x_wconf 82' lang='grc' dir='ltr'>τῆς</span> <span class='ocrx_word' id='word_1_342' title='bbox 1455 2715 1859 2780; x_wconf 84' lang='grc' dir='ltr'>διδασκαλίας’ὁ</span> 
     </span>
    </p>
   </div>
   <div class='ocr_carea' id='block_1_46' title="bbox 262 2808 1856 2881">
    <p class='ocr_par' dir='ltr' id='par_1_46' title="bbox 262 2808 1856 2881">
     <span class='ocr_line' id='line_1_46' title="bbox 262 2808 1856 2881; baseline 0.001 -20"><span class='ocrx_word' id='word_1_343' title='bbox 262 2808 436 2877; x_wconf 74' lang='grc' dir='ltr'>ὅγκος</span> <span class='ocrx_word' id='word_1_344' title='bbox 462 2825 475 2839; x_wconf 89' lang='grc'><strong>·</strong></span> <span class='ocrx_word' id='word_1_345' title='bbox 503 2811 569 2879; x_wconf 85' lang='grc' dir='ltr'><strong>τῇ</strong></span> <span class='ocrx_word' id='word_1_346' title='bbox 623 2809 769 2880; x_wconf 76' lang='grc' dir='ltr'>χαρᾷ</span> <span class='ocrx_word' id='word_1_347' title='bbox 815 2809 995 2879; x_wconf 84' lang='grc' dir='ltr'>οίησις</span> <span class='ocrx_word' id='word_1_348' title='bbox 1021 2826 1032 2841; x_wconf 90' lang='grc'><strong>·</strong></span> <span class='ocrx_word' id='word_1_349' title='bbox 1061 2812 1128 2881; x_wconf 80' lang='grc' dir='ltr'><strong>τῇ</strong></span> <span class='ocrx_word' id='word_1_350' title='bbox 1181 2810 1358 2863; x_wconf 78' lang='grc' dir='ltr'>ἐλπίδι</span> <span class='ocrx_word' id='word_1_351' title='bbox 1405 2811 1438 2880; x_wconf 81' lang='grc' dir='ltr'>ἠ</span> <span class='ocrx_word' id='word_1_352' title='bbox 1470 2808 1703 2880; x_wconf 86' lang='grc' dir='ltr'>ὀκνηρία</span> <span class='ocrx_word' id='word_1_353' title='bbox 1733 2823 1749 2840; x_wconf 87' lang='grc'>⁶</span> <span class='ocrx_word' id='word_1_354' title='bbox 1790 2809 1856 2880; x_wconf 77' lang='grc' dir='ltr'>τῇ</span> 
     </span>
    </p>
   </div>
   <div class='ocr_carea' id='block_1_47' title="bbox 269 2898 1858 2971">
    <p class='ocr_par' dir='ltr' id='par_1_47' title="bbox 269 2898 1858 2971">
     <span class='ocr_line' id='line_1_47' title="bbox 269 2898 1858 2971; baseline -0.001 -19"><span class='ocrx_word' id='word_1_355' title='bbox 269 2899 470 2971; x_wconf 78' lang='grc' dir='ltr'>ἀγάπῃ</span> <span class='ocrx_word' id='word_1_356' title='bbox 519 2898 683 2953; x_wconf 83' lang='grc' dir='ltr'>πάλιν</span> <span class='ocrx_word' id='word_1_357' title='bbox 715 2899 776 2952; x_wconf 87' lang='grc' dir='ltr'>τὸ</span> <span class='ocrx_word' id='word_1_358' title='bbox 836 2899 1191 2971; x_wconf 87' lang='grc' dir='ltr'>κατακρίνειν</span> <span class='ocrx_word' id='word_1_359' title='bbox 1213 2915 1228 2930; x_wconf 75' lang='grc' dir='ltr'><strong>ο</strong></span> <span class='ocrx_word' id='word_1_360' title='bbox 1252 2903 1319 2971; x_wconf 78' lang='grc' dir='ltr'>τῇ</span> <span class='ocrx_word' id='word_1_361' title='bbox 1352 2901 1553 2971; x_wconf 67' lang='grc' dir='ltr'>ἡσυχία</span> <span class='ocrx_word' id='word_1_362' title='bbox 1582 2901 1615 2971; x_wconf 83' lang='grc' dir='ltr'>ἡ</span> <span class='ocrx_word' id='word_1_363' title='bbox 1660 2899 1858 2970; x_wconf 85' lang='grc' dir='ltr'>άκηδία</span> 
     </span>
    </p>
   </div>
   <div class='ocr_carea' id='block_1_48' title="bbox 264 2988 1857 3060">
    <p class='ocr_par' dir='ltr' id='par_1_48' title="bbox 264 2988 1857 3060">
     <span class='ocr_line' id='line_1_48' title="bbox 264 2988 1857 3060; baseline -0.001 -17"><span class='ocrx_word' id='word_1_364' title='bbox 264 2991 368 3043; x_wconf 79' lang='grc' dir='ltr'>καὶ</span> <span class='ocrx_word' id='word_1_365' title='bbox 416 2988 653 3059; x_wconf 85' lang='grc' dir='ltr'>ὀκνηρία</span> <span class='ocrx_word' id='word_1_366' title='bbox 678 3003 690 3017; x_wconf 81' lang='grc'><strong><em>⁸</em></strong></span> <span class='ocrx_word' id='word_1_367' title='bbox 730 2989 798 3059; x_wconf 79' lang='grc' dir='ltr'>τῇ</span> <span class='ocrx_word' id='word_1_368' title='bbox 827 2989 1021 3059; x_wconf 86' lang='grc' dir='ltr'>ἁγνείᾳ</span> <span class='ocrx_word' id='word_1_369' title='bbox 1052 2990 1087 3060; x_wconf 88' lang='grc' dir='ltr'><strong>ή</strong></span> <span class='ocrx_word' id='word_1_370' title='bbox 1134 2990 1331 3059; x_wconf 87' lang='grc' dir='ltr'>πικρία</span> <span class='ocrx_word' id='word_1_371' title='bbox 1358 3006 1371 3020; x_wconf 90' lang='grc'><strong>·</strong></span> <span class='ocrx_word' id='word_1_372' title='bbox 1398 2992 1463 3059; x_wconf 84' lang='grc' dir='ltr'><strong>τῇ</strong></span> <span class='ocrx_word' id='word_1_373' title='bbox 1494 3005 1857 3059; x_wconf 77' lang='grc' dir='ltr'>ταπεινοφρο-</span> 
     </span>
    </p>
   </div>
   <div class='ocr_carea' id='block_1_49' title="bbox 268 3080 1858 3154">
    <p class='ocr_par' dir='ltr' id='par_1_49' title="bbox 268 3080 1858 3154">
     <span class='ocr_line' id='line_1_49' title="bbox 268 3080 1858 3154; baseline -0.003 -17"><span class='ocrx_word' id='word_1_374' title='bbox 268 3082 407 3154; x_wconf 81' lang='grc' dir='ltr'>σύνῃ</span> <span class='ocrx_word' id='word_1_375' title='bbox 487 3084 522 3152; x_wconf 79' lang='grc' dir='ltr'><strong>ἡ</strong></span> <span class='ocrx_word' id='word_1_376' title='bbox 598 3082 919 3154; x_wconf 73' lang='grc' dir='ltr'>παρρησίασ</span> <span class='ocrx_word' id='word_1_377' title='bbox 972 3082 1182 3145; x_wconf 80' lang='grc' dir='ltr'>τούτοις</span> <span class='ocrx_word' id='word_1_378' title='bbox 1263 3081 1321 3135; x_wconf 84' lang='grc' dir='ltr'>δὲ</span> <span class='ocrx_word' id='word_1_379' title='bbox 1385 3084 1552 3135; x_wconf 84' lang='grc' dir='ltr'>πᾶσιν</span> <span class='ocrx_word' id='word_1_380' title='bbox 1584 3122 1599 3148; x_wconf 90' lang='grc'><strong>,</strong></span> <span class='ocrx_word' id='word_1_381' title='bbox 1667 3080 1858 3153; x_wconf 82' lang='grc' dir='ltr'>ὥσπερ</span> 
     </span>
    </p>
   </div>
   <div class='ocr_carea' id='block_1_50' title="bbox 1963 1905 3557 1982">
    <p class='ocr_par' dir='ltr' id='par_1_50' title="bbox 1963 1905 3557 1982">
     <span class='ocr_line' id='line_1_50' title="bbox 1963 1905 3557 1982; baseline 0.005 -23"><span class='ocrx_word' id='word_1_382' title='bbox 1963 1905 2085 1961; x_wconf 88' lang='lat' dir='ltr'><strong>aliis</strong></span> <span class='ocrx_word' id='word_1_383' title='bbox 2115 1916 2456 1976; x_wconf 87' lang='lat' dir='ltr'><strong>carperetur.</strong></span> <span class='ocrx_word' id='word_1_384' title='bbox 2485 1908 2612 1966; x_wconf 73' lang='lat' dir='ltr'><strong>Haec</strong></span> <span class='ocrx_word' id='word_1_385' title='bbox 2660 1918 2792 1965; x_wconf 90' lang='lat' dir='ltr'><strong>sunt</strong></span> <span class='ocrx_word' id='word_1_386' title='bbox 2852 1911 3124 1966; x_wconf 90' lang='lat' dir='ltr'><strong>seminum</strong></span> <span class='ocrx_word' id='word_1_387' title='bbox 3171 1910 3242 1966; x_wconf 91' lang='lat' dir='ltr'><strong>ab</strong></span> <span class='ocrx_word' id='word_1_388' title='bbox 3301 1910 3557 1982; x_wconf 78' lang='lat' dir='ltr'><strong>agricolis</strong></span> 
     </span>
    </p>
   </div>
   <div class='ocr_carea' id='block_1_51' title="bbox 1962 2001 3552 2074">
    <p class='ocr_par' dir='ltr' id='par_1_51' title="bbox 1962 2001 3552 2074">
     <span class='ocr_line' id='line_1_51' title="bbox 1962 2001 3552 2074; baseline 0.004 -23"><span class='ocrx_word' id='word_1_389' title='bbox 1962 2012 2277 2067; x_wconf 84' lang='lat' dir='ltr'><strong>sparsorum</strong></span> <span class='ocrx_word' id='word_1_390' title='bbox 2318 2001 2542 2056; x_wconf 89' lang='lat' dir='ltr'><strong>nomina</strong></span> <span class='ocrx_word' id='word_1_391' title='bbox 2574 2020 2589 2056; x_wconf 91' lang='lat'><strong>:</strong></span> <span class='ocrx_word' id='word_1_392' title='bbox 2614 2001 2906 2072; x_wconf 85' lang='lat' dir='ltr'><strong>jejunium,</strong></span> <span class='ocrx_word' id='word_1_393' title='bbox 2926 2003 3145 2074; x_wconf 68' lang='lat' dir='ltr'><strong>vigiliae,</strong></span> <span class='ocrx_word' id='word_1_394' title='bbox 3177 2003 3552 2074; x_wconf 82' lang='lat' dir='ltr'><strong>eleemusyna,</strong></span> 
     </span>
    </p>
   </div>
   <div class='ocr_carea' id='block_1_52' title="bbox 1962 2091 3555 2167">
    <p class='ocr_par' dir='ltr' id='par_1_52' title="bbox 1962 2091 3555 2167">
     <span class='ocr_line' id='line_1_52' title="bbox 1962 2091 3555 2167; baseline 0.005 -23"><span class='ocrx_word' id='word_1_395' title='bbox 1962 2091 2284 2159; x_wconf 89' lang='lat' dir='ltr'><strong>ministeria,</strong></span> <span class='ocrx_word' id='word_1_396' title='bbox 2316 2103 2370 2148; x_wconf 91' lang='lat' dir='ltr'><strong>et</strong></span> <span class='ocrx_word' id='word_1_397' title='bbox 2402 2095 2507 2151; x_wconf 88' lang='lat' dir='ltr'><strong>hoc</strong></span> <span class='ocrx_word' id='word_1_398' title='bbox 2536 2110 2709 2167; x_wconf 88' lang='lat' dir='ltr'><strong>genus</strong></span> <span class='ocrx_word' id='word_1_399' title='bbox 2741 2097 2865 2153; x_wconf 88' lang='lat' dir='ltr'><strong>alia.</strong></span> <span class='ocrx_word' id='word_1_400' title='bbox 2896 2095 3086 2152; x_wconf 90' lang='lat' dir='ltr'><strong>Finem</strong></span> <span class='ocrx_word' id='word_1_401' title='bbox 3111 2105 3293 2152; x_wconf 90' lang='lat' dir='ltr'><strong>autem</strong></span> <span class='ocrx_word' id='word_1_402' title='bbox 3320 2106 3375 2152; x_wconf 86' lang='lat' dir='ltr'><strong>et</strong></span> <span class='ocrx_word' id='word_1_403' title='bbox 3402 2113 3555 2152; x_wconf 87' lang='lat' dir='ltr'><strong>men-</strong></span> 
     </span>
    </p>
   </div>
   <div class='ocr_carea' id='block_1_53' title="bbox 1961 2187 3557 2261">
    <p class='ocr_par' dir='ltr' id='par_1_53' title="bbox 1961 2187 3557 2261">
     <span class='ocr_line' id='line_1_53' title="bbox 1961 2187 3557 2261; baseline 0.006 -25"><span class='ocrx_word' id='word_1_404' title='bbox 1961 2193 2090 2248; x_wconf 87' lang='lat' dir='ltr'><strong>tem,</strong></span> <span class='ocrx_word' id='word_1_405' title='bbox 2122 2201 2230 2255; x_wconf 89' lang='lat' dir='ltr'><strong>qua</strong></span> <span class='ocrx_word' id='word_1_406' title='bbox 2271 2187 2401 2257; x_wconf 89' lang='lat' dir='ltr'><strong>quid</strong></span> <span class='ocrx_word' id='word_1_407' title='bbox 2429 2188 2650 2256; x_wconf 86' lang='lat' dir='ltr'><strong>faciant,</strong></span> <span class='ocrx_word' id='word_1_408' title='bbox 2685 2190 2885 2245; x_wconf 82' lang='lat' dir='ltr'><strong>fratres</strong></span> <span class='ocrx_word' id='word_1_409' title='bbox 2916 2190 3171 2246; x_wconf 88' lang='lat' dir='ltr'><strong>alacriter</strong></span> <span class='ocrx_word' id='word_1_410' title='bbox 3197 2201 3252 2247; x_wconf 90' lang='lat' dir='ltr'><strong>et</strong></span> <span class='ocrx_word' id='word_1_411' title='bbox 3301 2198 3557 2261; x_wconf 88' lang='lat' dir='ltr'><strong>prompte</strong></span> 
     </span>
    </p>
   </div>
   <div class='ocr_carea' id='block_1_54' title="bbox 1960 2275 3555 2355">
    <p class='ocr_par' dir='ltr' id='par_1_54' title="bbox 1960 2275 3555 2355">
     <span class='ocr_line' id='line_1_54' title="bbox 1960 2275 3555 2355; baseline 0.007 -27"><span class='ocrx_word' id='word_1_412' title='bbox 1960 2275 2015 2329; x_wconf 91' lang='lat' dir='ltr'><strong>in</strong></span> <span class='ocrx_word' id='word_1_413' title='bbox 2057 2277 2285 2332; x_wconf 89' lang='lat' dir='ltr'><strong>Domino</strong></span> <span class='ocrx_word' id='word_1_414' title='bbox 2338 2280 2753 2346; x_wconf 77' lang='lat' dir='ltr'><strong>examinabunt,</strong></span> <span class='ocrx_word' id='word_1_415' title='bbox 2808 2296 2919 2337; x_wconf 87' lang='lat' dir='ltr'><strong>non</strong></span> <span class='ocrx_word' id='word_1_416' title='bbox 2964 2297 3124 2338; x_wconf 86' lang='lat' dir='ltr'><strong>secus</strong></span> <span class='ocrx_word' id='word_1_417' title='bbox 3150 2290 3311 2354; x_wconf 86' lang='lat' dir='ltr'><strong>atque</strong></span> <span class='ocrx_word' id='word_1_418' title='bbox 3331 2285 3430 2351; x_wconf 91' lang='lat' dir='ltr'><strong>illi,</strong></span> <span class='ocrx_word' id='word_1_419' title='bbox 3459 2284 3555 2355; x_wconf 88' lang='lat' dir='ltr'><strong>qui</strong></span> 
     </span>
    </p>
   </div>
   <div class='ocr_carea' id='block_1_55' title="bbox 1961 2368 3556 2446">
    <p class='ocr_par' dir='ltr' id='par_1_55' title="bbox 1961 2368 3556 2446">
     <span class='ocr_line' id='line_1_55' title="bbox 1961 2368 3556 2446; baseline 0.008 -27"><span class='ocrx_word' id='word_1_420' title='bbox 1961 2382 2159 2436; x_wconf 89' lang='lat' dir='ltr'><strong>aquam</strong></span> <span class='ocrx_word' id='word_1_421' title='bbox 2214 2368 2461 2427; x_wconf 87' lang='lat' dir='ltr'><strong>fontibus</strong></span> <span class='ocrx_word' id='word_1_422' title='bbox 2510 2372 2791 2431; x_wconf 87' lang='lat' dir='ltr'><strong>hauriunt.</strong></span> <span class='ocrx_word' id='word_1_423' title='bbox 2830 2372 2966 2429; x_wconf 85' lang='lat' dir='ltr'><strong>Nam</strong></span> <span class='ocrx_word' id='word_1_424' title='bbox 3019 2375 3079 2429; x_wconf 88' lang='lat' dir='ltr'><strong>fit</strong></span> <span class='ocrx_word' id='word_1_425' title='bbox 3126 2375 3419 2446; x_wconf 88' lang='lat' dir='ltr'><strong>aliquando</strong></span> <span class='ocrx_word' id='word_1_426' title='bbox 3473 2376 3556 2431; x_wconf 90' lang='lat' dir='ltr'><strong>uti</strong></span> 
     </span>
    </p>
   </div>
   <div class='ocr_carea' id='block_1_56' title="bbox 1961 2462 3552 2540">
    <p class='ocr_par' dir='ltr' id='par_1_56' title="bbox 1961 2462 3552 2540">
     <span class='ocr_line' id='line_1_56' title="bbox 1961 2462 3552 2540; baseline 0.008 -27"><span class='ocrx_word' id='word_1_427' title='bbox 1961 2462 2101 2514; x_wconf 83' lang='lat' dir='ltr'><strong>clam</strong></span> <span class='ocrx_word' id='word_1_428' title='bbox 2159 2476 2257 2533; x_wconf 88' lang='lat' dir='ltr'><strong>per</strong></span> <span class='ocrx_word' id='word_1_429' title='bbox 2311 2464 2738 2534; x_wconf 86' lang='lat' dir='ltr'><strong>imprudentiam</strong></span> <span class='ocrx_word' id='word_1_430' title='bbox 2794 2482 2979 2534; x_wconf 90' lang='lat' dir='ltr'><strong>ranas,</strong></span> <span class='ocrx_word' id='word_1_431' title='bbox 3019 2483 3158 2539; x_wconf 88' lang='lat' dir='ltr'><strong>quas</strong></span> <span class='ocrx_word' id='word_1_432' title='bbox 3195 2468 3552 2540; x_wconf 83' lang='lat' dir='ltr'><strong>appellamus,</strong></span> 
     </span>
    </p>
   </div>
   <div class='ocr_carea' id='block_1_57' title="bbox 1961 2553 3557 2632">
    <p class='ocr_par' dir='ltr' id='par_1_57' title="bbox 1961 2553 3557 2632">
     <span class='ocr_line' id='line_1_57' title="bbox 1961 2553 3557 2632; baseline 0.006 -25"><span class='ocrx_word' id='word_1_433' title='bbox 1961 2553 2125 2608; x_wconf 91' lang='lat' dir='ltr'><strong>simul</strong></span> <span class='ocrx_word' id='word_1_434' title='bbox 2154 2555 2490 2612; x_wconf 87' lang='lat' dir='ltr'><strong>hauriamus.</strong></span> <span class='ocrx_word' id='word_1_435' title='bbox 2519 2558 2595 2613; x_wconf 90' lang='lat' dir='ltr'><strong>lta</strong></span> <span class='ocrx_word' id='word_1_436' title='bbox 2625 2560 2719 2630; x_wconf 92' lang='lat' dir='ltr'><strong>qui</strong></span> <span class='ocrx_word' id='word_1_437' title='bbox 2763 2559 3039 2632; x_wconf 82' lang='lat' dir='ltr'><strong>negotium</strong></span> <span class='ocrx_word' id='word_1_438' title='bbox 3079 2575 3203 2615; x_wconf 90' lang='lat' dir='ltr'><strong>cum</strong></span> <span class='ocrx_word' id='word_1_439' title='bbox 3235 2562 3437 2617; x_wconf 82' lang='lat' dir='ltr'><strong>virtute</strong></span> <span class='ocrx_word' id='word_1_440' title='bbox 3457 2563 3557 2617; x_wconf 85' lang='lat' dir='ltr'><strong>ba-</strong></span> 
     </span>
    </p>
   </div>
   <div class='ocr_carea' id='block_1_58' title="bbox 1960 2645 3562 2724">
    <p class='ocr_par' dir='ltr' id='par_1_58' title="bbox 1960 2645 3562 2724">
     <span class='ocr_line' id='line_1_58' title="bbox 1960 2645 3562 2724; baseline 0.006 -24"><span class='ocrx_word' id='word_1_441' title='bbox 1960 2645 2174 2715; x_wconf 89' lang='lat' dir='ltr'><strong>bemus,</strong></span> <span class='ocrx_word' id='word_1_442' title='bbox 2201 2663 2342 2720; x_wconf 70' lang='lat' dir='ltr'><strong>sazpe</strong></span> <span class='ocrx_word' id='word_1_443' title='bbox 2377 2651 2597 2707; x_wconf 86' lang='lat' dir='ltr'><strong>mistam</strong></span> <span class='ocrx_word' id='word_1_444' title='bbox 2674 2652 2889 2708; x_wconf 90' lang='lat' dir='ltr'><strong>occulte</strong></span> <span class='ocrx_word' id='word_1_445' title='bbox 2937 2654 3177 2724; x_wconf 85' lang='lat' dir='ltr'><strong>aliquam</strong></span> <span class='ocrx_word' id='word_1_446' title='bbox 3226 2655 3415 2710; x_wconf 82' lang='lat' dir='ltr'><strong>virtuti</strong></span> <span class='ocrx_word' id='word_1_447' title='bbox 3477 2656 3562 2711; x_wconf 81' lang='lat' dir='ltr'><strong>vi-</strong></span> 
     </span>
    </p>
   </div>
   <div class='ocr_carea' id='block_1_59' title="bbox 1961 2738 3560 2817">
    <p class='ocr_par' dir='ltr' id='par_1_59' title="bbox 1961 2738 3560 2817">
     <span class='ocr_line' id='line_1_59' title="bbox 1961 2738 3560 2817; baseline 0.008 -27"><span class='ocrx_word' id='word_1_448' title='bbox 1961 2738 2253 2795; x_wconf 85' lang='lat' dir='ltr'><strong>tiositatem</strong></span> <span class='ocrx_word' id='word_1_449' title='bbox 2318 2741 2628 2799; x_wconf 83' lang='lat' dir='ltr'><strong>referimus.</strong></span> <span class='ocrx_word' id='word_1_450' title='bbox 2653 2743 2825 2812; x_wconf 86' lang='lat' dir='ltr'><strong>Quale</strong></span> <span class='ocrx_word' id='word_1_451' title='bbox 2855 2757 2937 2802; x_wconf 86' lang='lat' dir='ltr'><strong>est</strong></span> <span class='ocrx_word' id='word_1_452' title='bbox 3006 2746 3224 2817; x_wconf 87' lang='lat' dir='ltr'><strong>quando</strong></span> <span class='ocrx_word' id='word_1_453' title='bbox 3270 2763 3394 2803; x_wconf 83' lang='lat' dir='ltr'><strong>cum</strong></span> <span class='ocrx_word' id='word_1_454' title='bbox 3457 2747 3560 2803; x_wconf 89' lang='lat' dir='ltr'><strong>ho-</strong></span> 
     </span>
    </p>
   </div>
   <div class='ocr_carea' id='block_1_60' title="bbox 1962 2833 3562 2907">
    <p class='ocr_par' dir='ltr' id='par_1_60' title="bbox 1962 2833 3562 2907">
     <span class='ocr_line' id='line_1_60' title="bbox 1962 2833 3562 2907; baseline 0.008 -23"><span class='ocrx_word' id='word_1_455' title='bbox 1962 2833 2258 2903; x_wconf 88' lang='lat' dir='ltr'><strong>spitalitate</strong></span> <span class='ocrx_word' id='word_1_456' title='bbox 2288 2837 2411 2907; x_wconf 88' lang='lat' dir='ltr'><strong>gula</strong></span> <span class='ocrx_word' id='word_1_457' title='bbox 2452 2838 2750 2905; x_wconf 89' lang='lat' dir='ltr'><strong>miscetur;</strong></span> <span class='ocrx_word' id='word_1_458' title='bbox 2777 2854 2901 2896; x_wconf 90' lang='lat' dir='ltr'><strong>cum</strong></span> <span class='ocrx_word' id='word_1_459' title='bbox 2925 2840 3212 2905; x_wconf 87' lang='lat' dir='ltr'><strong>charitate,</strong></span> <span class='ocrx_word' id='word_1_460' title='bbox 3254 2856 3410 2896; x_wconf 90' lang='lat' dir='ltr'><strong>amor</strong></span> <span class='ocrx_word' id='word_1_461' title='bbox 3446 2857 3562 2897; x_wconf 87' lang='lat' dir='ltr'><strong>car-</strong></span> 
     </span>
    </p>
   </div>
   <div class='ocr_carea' id='block_1_61' title="bbox 1958 2917 3559 2993">
    <p class='ocr_par' dir='ltr' id='par_1_61' title="bbox 1958 2917 3559 2993">
     <span class='ocr_line' id='line_1_61' title="bbox 1958 2917 3559 2993; baseline 0.006 -19"><span class='ocrx_word' id='word_1_462' title='bbox 1958 2923 2077 2989; x_wconf 85' lang='lat' dir='ltr'><strong>nis;</strong></span> <span class='ocrx_word' id='word_1_463' title='bbox 2104 2935 2229 2977; x_wconf 90' lang='lat' dir='ltr'><strong>cum</strong></span> <span class='ocrx_word' id='word_1_464' title='bbox 2283 2924 2646 2993; x_wconf 86' lang='lat' dir='ltr'><strong>discretione,</strong></span> <span class='ocrx_word' id='word_1_465' title='bbox 2679 2917 2925 2984; x_wconf 80' lang='lat' dir='ltr'><strong>vafrities</strong></span> <span class='ocrx_word' id='word_1_466' title='bbox 2963 2942 3059 2984; x_wconf 89' lang='lat' dir='ltr'><strong>seu</strong></span> <span class='ocrx_word' id='word_1_467' title='bbox 3096 2929 3402 2989; x_wconf 82' lang='lat' dir='ltr'><strong>calliditas:</strong></span> <span class='ocrx_word' id='word_1_468' title='bbox 3433 2945 3559 2986; x_wconf 90' lang='lat' dir='ltr'><strong>cum</strong></span> 
     </span>
    </p>
   </div>
   <div class='ocr_carea' id='block_1_62' title="bbox 1959 3017 3563 3089">
    <p class='ocr_par' dir='ltr' id='par_1_62' title="bbox 1959 3017 3563 3089">
     <span class='ocr_line' id='line_1_62' title="bbox 1959 3017 3563 3089; baseline 0.006 -20"><span class='ocrx_word' id='word_1_469' title='bbox 1959 3017 2265 3085; x_wconf 88' lang='lat' dir='ltr'><strong>prudentia,</strong></span> <span class='ocrx_word' id='word_1_470' title='bbox 2297 3020 2544 3087; x_wconf 88' lang='lat' dir='ltr'><strong>malitia;</strong></span> <span class='ocrx_word' id='word_1_471' title='bbox 2580 3035 2704 3075; x_wconf 91' lang='lat' dir='ltr'><strong>cum</strong></span> <span class='ocrx_word' id='word_1_472' title='bbox 2755 3022 3198 3089; x_wconf 88' lang='lat' dir='ltr'><strong>mansuetudine,</strong></span> <span class='ocrx_word' id='word_1_473' title='bbox 3234 3021 3449 3078; x_wconf 82' lang='lat' dir='ltr'><strong>fallacia</strong></span> <span class='ocrx_word' id='word_1_474' title='bbox 3504 3032 3563 3079; x_wconf 90' lang='lat' dir='ltr'><strong>et</strong></span> 
     </span>
    </p>
   </div>
   <div class='ocr_carea' id='block_1_63' title="bbox 1887 3107 3560 3200">
    <p class='ocr_par' dir='ltr' id='par_1_63' title="bbox 1887 3107 3560 3200">
     <span class='ocr_line' id='line_1_63' title="bbox 1887 3107 3560 3200; baseline 0.007 -41"><span class='ocrx_word' id='word_1_475' title='bbox 1887 3142 1931 3200; x_wconf 64' lang='grc' dir='ltr'>α</span> <span class='ocrx_word' id='word_1_476' title='bbox 1965 3107 2181 3177; x_wconf 80' lang='lat' dir='ltr'><strong>ignavia</strong></span> <span class='ocrx_word' id='word_1_477' title='bbox 2206 3118 2261 3165; x_wconf 90' lang='lat' dir='ltr'><strong>et</strong></span> <span class='ocrx_word' id='word_1_478' title='bbox 2284 3111 2512 3166; x_wconf 90' lang='lat' dir='ltr'><strong>tarditas</strong></span> <span class='ocrx_word' id='word_1_479' title='bbox 2539 3121 2594 3167; x_wconf 88' lang='lat' dir='ltr'><strong>et</strong></span> <span class='ocrx_word' id='word_1_480' title='bbox 2642 3115 3024 3181; x_wconf 89' lang='lat' dir='ltr'><strong>contradictio,</strong></span> <span class='ocrx_word' id='word_1_481' title='bbox 3076 3123 3132 3170; x_wconf 92' lang='lat' dir='ltr'><strong>et</strong></span> <span class='ocrx_word' id='word_1_482' title='bbox 3162 3117 3420 3186; x_wconf 88' lang='lat' dir='ltr'><strong>proprius</strong></span> <span class='ocrx_word' id='word_1_483' title='bbox 3476 3116 3560 3170; x_wconf 79' lang='lat' dir='ltr'><strong>vi-</strong></span> 
     </span>
    </p>
   </div>
   <div class='ocr_carea' id='block_1_64' title="bbox 264 3172 1867 3275">
    <p class='ocr_par' dir='ltr' id='par_1_64' title="bbox 264 3172 1860 3246">
     <span class='ocr_line' id='line_1_64' title="bbox 264 3172 1860 3246; baseline -0.002 -18"><span class='ocrx_word' id='word_1_484' title='bbox 264 3175 456 3229; x_wconf 87' lang='grc' dir='ltr'>κοινὸν</span> <span class='ocrx_word' id='word_1_485' title='bbox 487 3172 791 3245; x_wconf 86' lang='grc' dir='ltr'>κολούριον,</span> <span class='ocrx_word' id='word_1_486' title='bbox 819 3173 1019 3244; x_wconf 82' lang='grc' dir='ltr'>μᾶλλον</span> <span class='ocrx_word' id='word_1_487' title='bbox 1051 3173 1111 3226; x_wconf 81' lang='grc' dir='ltr'>δὲ</span> <span class='ocrx_word' id='word_1_488' title='bbox 1147 3173 1478 3246; x_wconf 81' lang='grc' dir='ltr'>δηλητήριον</span> <span class='ocrx_word' id='word_1_489' title='bbox 1523 3175 1557 3245; x_wconf 86' lang='grc' dir='ltr'><strong>ή</strong></span> <span class='ocrx_word' id='word_1_490' title='bbox 1584 3173 1860 3238; x_wconf 82' lang='grc' dir='ltr'>κενοδοξία</span> 
     </span>
    </p>
   </div>
   <div class='ocr_carea' id='block_1_65' title="bbox 1966 3172 3562 3275">
    <p class='ocr_par' dir='ltr' id='par_1_65' title="bbox 1966 3172 3562 3275">
     <span class='ocr_line' id='line_1_65' title="bbox 1966 3172 3562 3275; baseline 0.007 -23"><span class='ocrx_word' id='word_1_491' title='bbox 1966 3172 2123 3253; x_wconf 69' lang='lat' dir='ltr'><strong>vendi</strong></span> <span class='ocrx_word' id='word_1_492' title='bbox 2154 3208 2212 3254; x_wconf 93' lang='lat' dir='ltr'><strong>ut</strong></span> <span class='ocrx_word' id='word_1_493' title='bbox 2245 3202 2378 3257; x_wconf 83' lang='lat' dir='ltr'><strong>velis</strong></span> <span class='ocrx_word' id='word_1_494' title='bbox 2410 3217 2606 3259; x_wconf 89' lang='lat' dir='ltr'><strong>sensus</strong></span> <span class='ocrx_word' id='word_1_495' title='bbox 2639 3212 2694 3258; x_wconf 91' lang='lat' dir='ltr'><strong>et</strong></span> <span class='ocrx_word' id='word_1_496' title='bbox 2742 3205 3113 3261; x_wconf 89' lang='lat' dir='ltr'><strong>inobedieutia</strong></span> <span class='ocrx_word' id='word_1_497' title='bbox 3134 3172 3314 3275; x_wconf 47' lang='lat' dir='ltr'><strong>,lcum</strong></span> <span class='ocrx_word' id='word_1_498' title='bbox 3343 3207 3562 3263; x_wconf 88' lang='lat' dir='ltr'><strong>silentio</strong></span> 
     </span>
    </p>
   </div>
   <div class='ocr_carea' id='block_1_66' title="bbox 270 3265 1862 3338">
    <p class='ocr_par' dir='ltr' id='par_1_66' title="bbox 270 3265 1862 3338">
     <span class='ocr_line' id='line_1_66' title="bbox 270 3265 1862 3338; baseline -0.001 -17"><span class='ocrx_word' id='word_1_499' title='bbox 270 3266 595 3321; x_wconf 83' lang='grc' dir='ltr'>συνέπεται.</span> <span class='ocrx_word' id='word_1_500' title='bbox 643 3266 738 3338; x_wconf 84' lang='grc' dir='ltr'><strong>Μὴ</strong></span> <span class='ocrx_word' id='word_1_501' title='bbox 786 3265 1120 3337; x_wconf 80' lang='grc' dir='ltr'>λυπηθῶμεν</span> <span class='ocrx_word' id='word_1_502' title='bbox 1164 3266 1479 3338; x_wconf 74' lang='grc' dir='ltr'>αἰτούμενοι</span> <span class='ocrx_word' id='word_1_503' title='bbox 1519 3267 1613 3319; x_wconf 80' lang='grc' dir='ltr'>τὸν</span> <span class='ocrx_word' id='word_1_504' title='bbox 1652 3265 1862 3337; x_wconf 85' lang='grc' dir='ltr'>Κύριον</span> 
     </span>
    </p>
   </div>
   <div class='ocr_carea' id='block_1_67' title="bbox 265 3354 1863 3431">
    <p class='ocr_par' dir='ltr' id='par_1_67' title="bbox 265 3354 1863 3431">
     <span class='ocr_line' id='line_1_67' title="bbox 265 3354 1863 3431; baseline -0.004 -16"><span class='ocrx_word' id='word_1_505' title='bbox 265 3360 580 3431; x_wconf 76' lang='grc' dir='ltr'>αἰτήματα,</span> <span class='ocrx_word' id='word_1_506' title='bbox 616 3358 712 3411; x_wconf 71' lang='grc' dir='ltr'>καὶ</span> <span class='ocrx_word' id='word_1_507' title='bbox 733 3359 828 3411; x_wconf 79' lang='grc' dir='ltr'><strong>ἐπὶ</strong></span> <span class='ocrx_word' id='word_1_508' title='bbox 851 3357 1080 3428; x_wconf 87' lang='grc' dir='ltr'>χρόνους</span> <span class='ocrx_word' id='word_1_509' title='bbox 1107 3358 1181 3429; x_wconf 83' lang='grc' dir='ltr'>μὴ</span> <span class='ocrx_word' id='word_1_510' title='bbox 1206 3357 1643 3428; x_wconf 80' lang='grc' dir='ltr'>εἰσακουόμενοι.</span> <span class='ocrx_word' id='word_1_511' title='bbox 1675 3354 1863 3409; x_wconf 75' lang='grc' dir='ltr'>Ἐὁού-</span> 
     </span>
    </p>
   </div>
   <div class='ocr_carea' id='block_1_68' title="bbox 263 3457 1863 3534">
    <p class='ocr_par' dir='ltr' id='par_1_68' title="bbox 263 3457 1863 3534">
     <span class='ocr_line' id='line_1_68' title="bbox 263 3457 1863 3534; baseline -0.004 -16"><span class='ocrx_word' id='word_1_512' title='bbox 263 3464 396 3518; x_wconf 86' lang='grc' dir='ltr'>λετο</span> <span class='ocrx_word' id='word_1_513' title='bbox 423 3463 536 3534; x_wconf 81' lang='grc' dir='ltr'>γὰρ</span> <span class='ocrx_word' id='word_1_514' title='bbox 573 3461 781 3533; x_wconf 81' lang='grc' dir='ltr'>Κύριος</span> <span class='ocrx_word' id='word_1_515' title='bbox 806 3461 1017 3525; x_wconf 87' lang='grc' dir='ltr'>πάντας</span> <span class='ocrx_word' id='word_1_516' title='bbox 1057 3459 1381 3533; x_wconf 82' lang='grc' dir='ltr'>ἀνθρώπους</span> <span class='ocrx_word' id='word_1_517' title='bbox 1425 3463 1484 3515; x_wconf 85' lang='grc' dir='ltr'>ὲν</span> <span class='ocrx_word' id='word_1_518' title='bbox 1535 3461 1634 3532; x_wconf 81' lang='grc' dir='ltr'><strong>μιᾷ</strong></span> <span class='ocrx_word' id='word_1_519' title='bbox 1669 3457 1863 3532; x_wconf 82' lang='grc' dir='ltr'>καιροῦ</span> 
     </span>
    </p>
   </div>
   <div class='ocr_carea' id='block_1_69' title="bbox 269 3560 1862 3636">
    <p class='ocr_par' dir='ltr' id='par_1_69' title="bbox 269 3560 1862 3636">
     <span class='ocr_line' id='line_1_69' title="bbox 269 3560 1862 3636; baseline -0.003 -18"><span class='ocrx_word' id='word_1_520' title='bbox 269 3566 419 3636; x_wconf 77' lang='grc' dir='ltr'>ῥοπῇ</span> <span class='ocrx_word' id='word_1_521' title='bbox 437 3564 672 3627; x_wconf 84' lang='grc' dir='ltr'>ἀπαθεῖς</span> <span class='ocrx_word' id='word_1_522' title='bbox 698 3561 974 3632; x_wconf 82' lang='grc' dir='ltr'>γενέσθαι.</span> <span class='ocrx_word' id='word_1_523' title='bbox 991 3561 1203 3625; x_wconf 82' lang='grc' dir='ltr'>Πάντες</span> <span class='ocrx_word' id='word_1_524' title='bbox 1222 3564 1271 3615; x_wconf 80' lang='grc' dir='ltr'>οἱ</span> <span class='ocrx_word' id='word_1_525' title='bbox 1295 3561 1608 3633; x_wconf 79' lang='grc' dir='ltr'>αἰτούμενοι</span> <span class='ocrx_word' id='word_1_526' title='bbox 1638 3564 1703 3616; x_wconf 83' lang='grc' dir='ltr'>ὲκ</span> <span class='ocrx_word' id='word_1_527' title='bbox 1726 3560 1862 3614; x_wconf 86' lang='grc' dir='ltr'>Θεοῦ</span> 
     </span>
    </p>
   </div>
   <div class='ocr_carea' id='block_1_70' title="bbox 268 3661 1864 3739">
    <p class='ocr_par' dir='ltr' id='par_1_70' title="bbox 268 3661 1864 3739">
     <span class='ocr_line' id='line_1_70' title="bbox 268 3661 1864 3739; baseline -0.005 -16"><span class='ocrx_word' id='word_1_528' title='bbox 268 3667 346 3723; x_wconf 80' lang='grc' dir='ltr'>τὰ</span> <span class='ocrx_word' id='word_1_529' title='bbox 369 3667 675 3739; x_wconf 77' lang='grc' dir='ltr'>αἰτήματα,</span> <span class='ocrx_word' id='word_1_530' title='bbox 709 3665 804 3719; x_wconf 79' lang='grc' dir='ltr'>καὶ</span> <span class='ocrx_word' id='word_1_531' title='bbox 838 3664 914 3736; x_wconf 83' lang='grc' dir='ltr'>μὴ</span> <span class='ocrx_word' id='word_1_532' title='bbox 940 3662 1220 3729; x_wconf 76' lang='grc' dir='ltr'>λαϐόντες,</span> <span class='ocrx_word' id='word_1_533' title='bbox 1253 3662 1343 3716; x_wconf 82' lang='grc' dir='ltr'>διὰ</span> <span class='ocrx_word' id='word_1_534' title='bbox 1363 3663 1494 3734; x_wconf 81' lang='grc' dir='ltr'>μίαν</span> <span class='ocrx_word' id='word_1_535' title='bbox 1523 3662 1731 3716; x_wconf 86' lang='grc' dir='ltr'>τούτων</span> <span class='ocrx_word' id='word_1_536' title='bbox 1752 3661 1864 3716; x_wconf 85' lang='grc' dir='ltr'><strong>τῶν</strong></span> 
     </span>
    </p>
   </div>
   <div class='ocr_carea' id='block_1_71' title="bbox 267 3756 1865 3833">
    <p class='ocr_par' dir='ltr' id='par_1_71' title="bbox 267 3756 1865 3833">
     <span class='ocr_line' id='line_1_71' title="bbox 267 3756 1865 3833; baseline -0.006 -12"><span class='ocrx_word' id='word_1_537' title='bbox 267 3762 472 3822; x_wconf 72' lang='grc' dir='ltr'>αἰτιῶν</span> <span class='ocrx_word' id='word_1_538' title='bbox 500 3765 717 3827; x_wconf 88' lang='grc' dir='ltr'>πάντως</span> <span class='ocrx_word' id='word_1_539' title='bbox 729 3761 789 3816; x_wconf 89' lang='grc' dir='ltr'><strong>ού</strong></span> <span class='ocrx_word' id='word_1_540' title='bbox 809 3761 1148 3833; x_wconf 75' lang='grc' dir='ltr'>κομίζονται,</span> <span class='ocrx_word' id='word_1_541' title='bbox 1174 3760 1208 3831; x_wconf 83' lang='grc' dir='ltr'>ἢ</span> <span class='ocrx_word' id='word_1_542' title='bbox 1233 3760 1314 3813; x_wconf 85' lang='grc' dir='ltr'>ὃτι.</span> <span class='ocrx_word' id='word_1_543' title='bbox 1341 3759 1447 3830; x_wconf 84' lang='grc' dir='ltr'>πρὸ</span> <span class='ocrx_word' id='word_1_544' title='bbox 1465 3759 1657 3829; x_wconf 87' lang='grc' dir='ltr'>καιροῦ</span> <span class='ocrx_word' id='word_1_545' title='bbox 1678 3756 1865 3812; x_wconf 83' lang='grc' dir='ltr'>αἰτοῦ-</span> 
     </span>
    </p>
   </div>
   <div class='ocr_carea' id='block_1_72' title="bbox 273 3851 1868 3929">
    <p class='ocr_par' dir='ltr' id='par_1_72' title="bbox 273 3851 1868 3929">
     <span class='ocr_line' id='line_1_72' title="bbox 273 3851 1868 3929; baseline -0.005 -16"><span class='ocrx_word' id='word_1_546' title='bbox 273 3858 432 3929; x_wconf 79' lang='grc' dir='ltr'>σιν,ῆ</span> <span class='ocrx_word' id='word_1_547' title='bbox 463 3858 545 3910; x_wconf 83' lang='grc' dir='ltr'>ὃτι</span> <span class='ocrx_word' id='word_1_548' title='bbox 568 3854 803 3922; x_wconf 77' lang='grc' dir='ltr'>ἀναξίως</span> <span class='ocrx_word' id='word_1_549' title='bbox 825 3852 1058 3920; x_wconf 87' lang='grc' dir='ltr'>αίτοῦσι,</span> <span class='ocrx_word' id='word_1_550' title='bbox 1087 3854 1181 3906; x_wconf 78' lang='grc' dir='ltr'>καὶ</span> <span class='ocrx_word' id='word_1_551' title='bbox 1214 3852 1529 3917; x_wconf 81' lang='grc' dir='ltr'>κενοδόξως,</span> <span class='ocrx_word' id='word_1_552' title='bbox 1564 3851 1597 3923; x_wconf 83' lang='grc' dir='ltr'>ἢ</span> <span class='ocrx_word' id='word_1_553' title='bbox 1621 3853 1704 3906; x_wconf 85' lang='grc' dir='ltr'>ὅτι</span> <span class='ocrx_word' id='word_1_554' title='bbox 1729 3852 1868 3923; x_wconf 84' lang='grc' dir='ltr'>λαμ-</span> 
     </span>
    </p>
   </div>
   <div class='ocr_carea' id='block_1_73' title="bbox 277 3943 1870 4018">
    <p class='ocr_par' dir='ltr' id='par_1_73' title="bbox 277 3943 1870 4018">
     <span class='ocr_line' id='line_1_73' title="bbox 277 3943 1870 4018; baseline -0.004 -16"><span class='ocrx_word' id='word_1_555' title='bbox 277 3950 538 4013; x_wconf 63' lang='grc' dir='ltr'>ϐάνοντες</span> <span class='ocrx_word' id='word_1_556' title='bbox 572 3946 881 4018; x_wconf 73' lang='grc' dir='ltr'>ἐπαρθῆναι</span> <span class='ocrx_word' id='word_1_557' title='bbox 910 3945 1159 4017; x_wconf 73' lang='grc' dir='ltr'>ἔμελλον,</span> <span class='ocrx_word' id='word_1_558' title='bbox 1188 3945 1224 4017; x_wconf 82' lang='grc' dir='ltr'><strong>ἢ</strong></span> <span class='ocrx_word' id='word_1_559' title='bbox 1257 3944 1482 4017; x_wconf 81' lang='grc' dir='ltr'>ἀμελεῖν</span> <span class='ocrx_word' id='word_1_560' title='bbox 1514 3943 1701 3998; x_wconf 83' lang='grc' dir='ltr'>λοιπὸν</span> <span class='ocrx_word' id='word_1_561' title='bbox 1733 3944 1870 4016; x_wconf 84' lang='grc' dir='ltr'><strong>μετά</strong></span> 
     </span>
    </p>
   </div>
   <div class='ocr_carea' id='block_1_74' title="bbox 270 4032 1870 4111">
    <p class='ocr_par' dir='ltr' id='par_1_74' title="bbox 270 4032 1870 4111">
     <span class='ocr_line' id='line_1_74' title="bbox 270 4032 1870 4111; baseline -0.006 -16"><span class='ocrx_word' id='word_1_562' title='bbox 270 4043 370 4095; x_wconf 82' lang='grc' dir='ltr'>τὸν</span> <span class='ocrx_word' id='word_1_563' title='bbox 416 4040 514 4094; x_wconf 85' lang='grc' dir='ltr'><strong>τοῦ</strong></span> <span class='ocrx_word' id='word_1_564' title='bbox 578 4040 880 4111; x_wconf 77' lang='grc' dir='ltr'>αἰτήματος</span> <span class='ocrx_word' id='word_1_565' title='bbox 929 4037 1141 4107; x_wconf 80' lang='grc' dir='ltr'>κτῆσιν.</span> <span class='ocrx_word' id='word_1_566' title='bbox 1183 4035 1309 4088; x_wconf 86' lang='grc' dir='ltr'>Ὅτι</span> <span class='ocrx_word' id='word_1_567' title='bbox 1361 4033 1459 4105; x_wconf 83' lang='grc' dir='ltr'>μὲν</span> <span class='ocrx_word' id='word_1_568' title='bbox 1496 4032 1870 4104; x_wconf 80' lang='grc' dir='ltr'>ἀναχωροῦσιν</span> 
     </span>
    </p>
   </div>
   <div class='ocr_carea' id='block_1_75' title="bbox 267 4124 1873 4205">
    <p class='ocr_par' dir='ltr' id='par_1_75' title="bbox 267 4124 1873 4205">
     <span class='ocr_line' id='line_1_75' title="bbox 267 4124 1873 4205; baseline -0.007 -14"><span class='ocrx_word' id='word_1_569' title='bbox 267 4139 328 4191; x_wconf 81' lang='lat' dir='ltr'><strong>oi.</strong></span> <span class='ocrx_word' id='word_1_570' title='bbox 376 4135 655 4205; x_wconf 84' lang='grc' dir='ltr'>δαίμονες,</span> <span class='ocrx_word' id='word_1_571' title='bbox 705 4132 799 4187; x_wconf 77' lang='grc' dir='ltr'>καὶ</span> <span class='ocrx_word' id='word_1_572' title='bbox 845 4130 917 4184; x_wconf 85' lang='grc' dir='ltr'><strong>τά</strong></span> <span class='ocrx_word' id='word_1_573' title='bbox 964 4130 1113 4201; x_wconf 88' lang='grc' dir='ltr'>πάθη</span> <span class='ocrx_word' id='word_1_574' title='bbox 1159 4130 1225 4183; x_wconf 82' lang='grc' dir='ltr'>ὲκ</span> <span class='ocrx_word' id='word_1_575' title='bbox 1270 4130 1372 4201; x_wconf 82' lang='grc' dir='ltr'>τῆς</span> <span class='ocrx_word' id='word_1_576' title='bbox 1402 4126 1601 4199; x_wconf 76' lang='grc' dir='ltr'>ψυχῆς,</span> <span class='ocrx_word' id='word_1_577' title='bbox 1629 4127 1664 4199; x_wconf 86' lang='grc' dir='ltr'>ἢ</span> <span class='ocrx_word' id='word_1_578' title='bbox 1694 4124 1873 4197; x_wconf 88' lang='grc' dir='ltr'>καιρῷ</span> 
     </span>
    </p>
   </div>
   <div class='ocr_carea' id='block_1_76' title="bbox 267 4217 1874 4298">
    <p class='ocr_par' dir='ltr' id='par_1_76' title="bbox 267 4217 1874 4298">
     <span class='ocr_line' id='line_1_76' title="bbox 267 4217 1874 4298; baseline -0.006 -15"><span class='ocrx_word' id='word_1_579' title='bbox 267 4246 410 4294; x_wconf 85' lang='grc' dir='ltr'>τινι,</span> <span class='ocrx_word' id='word_1_580' title='bbox 439 4226 476 4298; x_wconf 85' lang='grc' dir='ltr'>ἢ</span> <span class='ocrx_word' id='word_1_581' title='bbox 520 4224 808 4297; x_wconf 84' lang='grc' dir='ltr'>διηνεκῶς,</span> <span class='ocrx_word' id='word_1_582' title='bbox 852 4222 1028 4285; x_wconf 80' lang='grc' dir='ltr'>οὐδεὶς</span> <span class='ocrx_word' id='word_1_583' title='bbox 1077 4221 1428 4294; x_wconf 80' lang='grc' dir='ltr'>ἀμφιὸἀλλει,</span> <span class='ocrx_word' id='word_1_584' title='bbox 1473 4217 1649 4291; x_wconf 70' lang='grc' dir='ltr'>οἶμαι.</span> <span class='ocrx_word' id='word_1_585' title='bbox 1695 4220 1768 4274; x_wconf 83' lang='grc' dir='ltr'>Τὸ</span> <span class='ocrx_word' id='word_1_586' title='bbox 1815 4219 1874 4274; x_wconf 84' lang='grc' dir='ltr'>δὲ</span> 
     </span>
    </p>
   </div>
   <div class='ocr_carea' id='block_1_77' title="bbox 270 4311 1874 4388">
    <p class='ocr_par' dir='ltr' id='par_1_77' title="bbox 270 4311 1874 4388">
     <span class='ocr_line' id='line_1_77' title="bbox 270 4311 1874 4388; baseline -0.004 -14"><span class='ocrx_word' id='word_1_587' title='bbox 270 4324 345 4374; x_wconf 81' lang='grc' dir='ltr'>ἐκ</span> <span class='ocrx_word' id='word_1_588' title='bbox 393 4319 580 4371; x_wconf 84' lang='grc' dir='ltr'>πόσων</span> <span class='ocrx_word' id='word_1_589' title='bbox 623 4315 842 4388; x_wconf 89' lang='grc' dir='ltr'>τρόπων</span> <span class='ocrx_word' id='word_1_590' title='bbox 891 4316 927 4385; x_wconf 82' lang='grc' dir='ltr'><strong>ἡ</strong></span> <span class='ocrx_word' id='word_1_591' title='bbox 975 4313 1183 4368; x_wconf 86' lang='grc' dir='ltr'>τούτων</span> <span class='ocrx_word' id='word_1_592' title='bbox 1228 4312 1578 4385; x_wconf 85' lang='grc' dir='ltr'>ἀναχώρησις</span> <span class='ocrx_word' id='word_1_593' title='bbox 1622 4312 1680 4379; x_wconf 76' lang='grc' dir='ltr'><strong>ἐξ</strong></span> <span class='ocrx_word' id='word_1_594' title='bbox 1713 4311 1874 4383; x_wconf 79' lang='grc' dir='ltr'>ἡμῶν</span> 
     </span>
    </p>
   </div>
   <div class='ocr_carea' id='block_1_78' title="bbox 269 4403 1873 4480">
    <p class='ocr_par' dir='ltr' id='par_1_78' title="bbox 269 4403 1873 4480">
     <span class='ocr_line' id='line_1_78' title="bbox 269 4403 1873 4480; baseline -0.005 -16"><span class='ocrx_word' id='word_1_595' title='bbox 269 4412 493 4480; x_wconf 80' lang='grc' dir='ltr'>γίνεται</span> <span class='ocrx_word' id='word_1_596' title='bbox 532 4408 703 4479; x_wconf 84' lang='grc' dir='ltr'>ὀλίγοι</span> <span class='ocrx_word' id='word_1_597' title='bbox 728 4408 1075 4461; x_wconf 72' lang='grc' dir='ltr'>ἐπίστανται.</span> <span class='ocrx_word' id='word_1_598' title='bbox 1115 4406 1499 4477; x_wconf 85' lang='grc' dir='ltr'>Ἀνεχώρησαν</span> <span class='ocrx_word' id='word_1_599' title='bbox 1527 4404 1597 4458; x_wconf 84' lang='grc' dir='ltr'>τὰ</span> <span class='ocrx_word' id='word_1_600' title='bbox 1625 4403 1772 4474; x_wconf 83' lang='grc' dir='ltr'>πάθη</span> <span class='ocrx_word' id='word_1_601' title='bbox 1808 4403 1873 4457; x_wconf 80' lang='grc' dir='ltr'>ἔκ</span> 
     </span>
    </p>
   </div>
   <div class='ocr_carea' id='block_1_79' title="bbox 271 4481 1947 4571">
    <p class='ocr_par' dir='ltr' id='par_1_79' title="bbox 271 4481 1947 4571">
     <span class='ocr_line' id='line_1_79' title="bbox 271 4481 1947 4571; baseline -0.007 -14"><span class='ocrx_word' id='word_1_602' title='bbox 271 4520 446 4557; x_wconf 87' lang='grc' dir='ltr'>τινων</span> <span class='ocrx_word' id='word_1_603' title='bbox 478 4501 548 4554; x_wconf 78' lang='grc' dir='ltr'>οὐ</span> <span class='ocrx_word' id='word_1_604' title='bbox 609 4500 769 4571; x_wconf 87' lang='grc' dir='ltr'>μόνον</span> <span class='ocrx_word' id='word_1_605' title='bbox 808 4497 1037 4561; x_wconf 85' lang='grc' dir='ltr'>πιστῶν,</span> <span class='ocrx_word' id='word_1_606' title='bbox 1082 4495 1220 4550; x_wconf 89' lang='grc' dir='ltr'><strong>ἀλλά</strong></span> <span class='ocrx_word' id='word_1_607' title='bbox 1256 4497 1350 4549; x_wconf 61' lang='grc' dir='ltr'><strong>καί¹</strong></span> <span class='ocrx_word' id='word_1_608' title='bbox 1400 4493 1667 4558; x_wconf 88' lang='grc' dir='ltr'>ἀπίστων,</span> <span class='ocrx_word' id='word_1_609' title='bbox 1715 4494 1871 4558; x_wconf 76' lang='grc' dir='ltr'>ἐκτὸς</span> <span class='ocrx_word' id='word_1_610' title='bbox 1901 4481 1947 4537; x_wconf 81' lang='lat' dir='ltr'><strong>D</strong></span> 
     </span>
    </p>
   </div>
   <div class='ocr_carea' id='block_1_80' title="bbox 273 4586 1872 4664">
    <p class='ocr_par' dir='ltr' id='par_1_80' title="bbox 273 4586 1872 4664">
     <span class='ocr_line' id='line_1_80' title="bbox 273 4586 1872 4664; baseline -0.008 -13"><span class='ocrx_word' id='word_1_611' title='bbox 273 4596 402 4659; x_wconf 74' lang='grc' dir='ltr'>ἑνὸς</span> <span class='ocrx_word' id='word_1_612' title='bbox 438 4593 578 4664; x_wconf 78' lang='grc'>(51),</span> <span class='ocrx_word' id='word_1_613' title='bbox 609 4591 787 4646; x_wconf 74' lang='grc' dir='ltr'>ἐκεῖνο</span> <span class='ocrx_word' id='word_1_614' title='bbox 814 4591 975 4662; x_wconf 89' lang='grc' dir='ltr'>μόνον</span> <span class='ocrx_word' id='word_1_615' title='bbox 1000 4588 1371 4643; x_wconf 86' lang='grc' dir='ltr'>καταλιπόντα</span> <span class='ocrx_word' id='word_1_616' title='bbox 1399 4587 1581 4650; x_wconf 80' lang='grc' dir='ltr'>αὐτοῖς</span> <span class='ocrx_word' id='word_1_617' title='bbox 1601 4586 1676 4651; x_wconf 73' lang='grc' dir='ltr'>ὡς</span> <span class='ocrx_word' id='word_1_618' title='bbox 1700 4587 1872 4640; x_wconf 88' lang='grc' dir='ltr'>κακόν</span> 
     </span>
    </p>
   </div>
   <div class='ocr_carea' id='block_1_81' title="bbox 273 4676 1895 4757">
    <p class='ocr_par' dir='ltr' id='par_1_81' title="bbox 273 4676 1895 4757">
     <span class='ocr_line' id='line_1_81' title="bbox 273 4676 1895 4757; baseline -0.007 -15"><span class='ocrx_word' id='word_1_619' title='bbox 273 4707 329 4741; x_wconf 88' lang='grc' dir='ltr'><strong>τι</strong></span> <span class='ocrx_word' id='word_1_620' title='bbox 378 4684 690 4757; x_wconf 88' lang='grc' dir='ltr'>πρωτεῦον,</span> <span class='ocrx_word' id='word_1_621' title='bbox 749 4683 846 4738; x_wconf 74' lang='grc' dir='ltr'>καὶ</span> <span class='ocrx_word' id='word_1_622' title='bbox 883 4681 974 4736; x_wconf 77' lang='grc' dir='ltr'>τὸν</span> <span class='ocrx_word' id='word_1_623' title='bbox 1020 4681 1187 4736; x_wconf 88' lang='grc' dir='ltr'>τόπον</span> <span class='ocrx_word' id='word_1_624' title='bbox 1230 4679 1451 4734; x_wconf 87' lang='grc' dir='ltr'>πάντων</span> <span class='ocrx_word' id='word_1_625' title='bbox 1501 4676 1895 4750; x_wconf 81' lang='grc' dir='ltr'>ἀναπληροῦν,’</span> 
     </span>
    </p>
   </div>
   <div class='ocr_carea' id='block_1_82' title="bbox 272 4771 1875 4849">
    <p class='ocr_par' dir='ltr' id='par_1_82' title="bbox 272 4771 1875 4849">
     <span class='ocr_line' id='line_1_82' title="bbox 272 4771 1875 4849; baseline -0.006 -17"><span class='ocrx_word' id='word_1_626' title='bbox 272 4780 441 4849; x_wconf 71' lang='grc' dir='ltr'>εἰπερ</span> <span class='ocrx_word' id='word_1_627' title='bbox 462 4776 717 4846; x_wconf 84' lang='grc' dir='ltr'>τοιαύτην</span> <span class='ocrx_word' id='word_1_628' title='bbox 746 4774 1021 4846; x_wconf 74' lang='grc' dir='ltr'>κέκτηται</span> <span class='ocrx_word' id='word_1_629' title='bbox 1037 4773 1136 4844; x_wconf 87' lang='grc' dir='ltr'>τὴν</span> <span class='ocrx_word' id='word_1_630' title='bbox 1160 4771 1384 4845; x_wconf 77' lang='grc' dir='ltr'>βλάϐην,</span> <span class='ocrx_word' id='word_1_631' title='bbox 1408 4771 1483 4835; x_wconf 82' lang='grc' dir='ltr'>ὡς</span> <span class='ocrx_word' id='word_1_632' title='bbox 1504 4773 1598 4826; x_wconf 75' lang='grc' dir='ltr'>καὶ</span> <span class='ocrx_word' id='word_1_633' title='bbox 1624 4773 1683 4838; x_wconf 76' lang='grc' dir='ltr'><strong>ἐξ</strong></span> <span class='ocrx_word' id='word_1_634' title='bbox 1707 4773 1875 4843; x_wconf 85' lang='grc' dir='ltr'>οὐρα-</span> 
     </span>
    </p>
   </div>
   <div class='ocr_carea' id='block_1_83' title="bbox 272 4865 1875 4939">
    <p class='ocr_par' dir='ltr' id='par_1_83' title="bbox 272 4865 1875 4939">
     <span class='ocr_line' id='line_1_83' title="bbox 272 4865 1875 4939; baseline -0.004 -13"><span class='ocrx_word' id='word_1_635' title='bbox 272 4871 373 4926; x_wconf 88' lang='grc' dir='ltr'><strong>νοῦ</strong></span> <span class='ocrx_word' id='word_1_636' title='bbox 396 4869 752 4939; x_wconf 80' lang='grc' dir='ltr'>κατενέγκαι.</span> <span class='ocrx_word' id='word_1_637' title='bbox 797 4868 1173 4924; x_wconf 78' lang='grc' dir='ltr'>’Δναλίσκεται</span> <span class='ocrx_word' id='word_1_638' title='bbox 1204 4866 1308 4937; x_wconf 75' lang='grc' dir='ltr'>ὕλη</span> <span class='ocrx_word' id='word_1_639' title='bbox 1350 4868 1485 4938; x_wconf 75' lang='grc' dir='ltr'>πυρὶ</span> <span class='ocrx_word' id='word_1_640' title='bbox 1532 4865 1663 4938; x_wconf 84' lang='grc' dir='ltr'>θείῳ</span> <span class='ocrx_word' id='word_1_641' title='bbox 1698 4865 1875 4920; x_wconf 86' lang='grc' dir='ltr'>δαπα-</span> 
     </span>
    </p>
   </div>
   <div class='ocr_carea' id='block_1_84' title="bbox 275 4959 1877 5036">
    <p class='ocr_par' dir='ltr' id='par_1_84' title="bbox 275 4959 1877 5036">
     <span class='ocr_line' id='line_1_84' title="bbox 275 4959 1877 5036; baseline -0.002 -18"><span class='ocrx_word' id='word_1_642' title='bbox 275 4963 505 5036; x_wconf 81' lang='grc' dir='ltr'>νωμένη</span> <span class='ocrx_word' id='word_1_643' title='bbox 538 4962 676 5033; x_wconf 73' lang='grc'>(52),</span> <span class='ocrx_word' id='word_1_644' title='bbox 710 4964 806 5017; x_wconf 76' lang='grc' dir='ltr'>καὶ</span> <span class='ocrx_word' id='word_1_645' title='bbox 843 4962 944 5034; x_wconf 85' lang='grc' dir='ltr'>τῆς</span> <span class='ocrx_word' id='word_1_646' title='bbox 983 4960 1163 5032; x_wconf 78' lang='grc' dir='ltr'>ψυχῆς</span> <span class='ocrx_word' id='word_1_647' title='bbox 1201 4959 1587 5032; x_wconf 80' lang='grc' dir='ltr'>ὲκριζουμένη.</span> <span class='ocrx_word' id='word_1_648' title='bbox 1632 4961 1877 5031; x_wconf 71' lang='grc' dir='ltr'>’Υποχωο</span> 
     </span>
    </p>
   </div>
   <div class='ocr_carea' id='block_1_85' title="bbox 279 5053 1879 5128">
    <p class='ocr_par' dir='ltr' id='par_1_85' title="bbox 279 5053 1879 5128">
     <span class='ocr_line' id='line_1_85' title="bbox 279 5053 1879 5128; baseline -0.003 -16"><span class='ocrx_word' id='word_1_649' title='bbox 279 5058 445 5128; x_wconf 83' lang='grc' dir='ltr'>ροῦσι</span> <span class='ocrx_word' id='word_1_650' title='bbox 480 5053 735 5125; x_wconf 82' lang='grc' dir='ltr'>δαίμονες</span> <span class='ocrx_word' id='word_1_651' title='bbox 773 5054 1060 5120; x_wconf 78' lang='grc' dir='ltr'>ἑκουσίως,</span> <span class='ocrx_word' id='word_1_652' title='bbox 1111 5053 1488 5125; x_wconf 87' lang='grc' dir='ltr'>ἀμεριμνῆσαι</span> <span class='ocrx_word' id='word_1_653' title='bbox 1524 5054 1879 5126; x_wconf 87' lang='grc' dir='ltr'>παρασκευά-</span> 
     </span>
    </p>
   </div>
   <div class='ocr_carea' id='block_1_86' title="bbox 279 5144 1876 5219">
    <p class='ocr_par' dir='ltr' id='par_1_86' title="bbox 279 5144 1876 5219">
     <span class='ocr_line' id='line_1_86' title="bbox 279 5144 1876 5219; baseline -0.001 -16"><span class='ocrx_word' id='word_1_654' title='bbox 279 5150 473 5215; x_wconf 76' lang='grc' dir='ltr'>ζοντες</span> <span class='ocrx_word' id='word_1_655' title='bbox 507 5187 525 5215; x_wconf 94' lang='grc'><strong>,</strong></span> <span class='ocrx_word' id='word_1_656' title='bbox 558 5147 657 5202; x_wconf 70' lang='grc' dir='ltr'><strong>καὶ</strong></span> <span class='ocrx_word' id='word_1_657' title='bbox 677 5146 945 5216; x_wconf 83' lang='grc' dir='ltr'>αἰφνίδιον</span> <span class='ocrx_word' id='word_1_658' title='bbox 973 5146 1071 5219; x_wconf 81' lang='grc' dir='ltr'>τὴν</span> <span class='ocrx_word' id='word_1_659' title='bbox 1090 5144 1283 5201; x_wconf 85' lang='grc' dir='ltr'>ἀθλίαν</span> <span class='ocrx_word' id='word_1_660' title='bbox 1308 5145 1487 5217; x_wconf 75' lang='grc' dir='ltr'>ψυχὴν</span> <span class='ocrx_word' id='word_1_661' title='bbox 1515 5146 1876 5217; x_wconf 80' lang='grc' dir='ltr'>ἁρπάζοντες,</span> 
     </span>
    </p>
   </div>
   <div class='ocr_carea' id='block_1_87' title="bbox 280 5240 1881 5313">
    <p class='ocr_par' dir='ltr' id='par_1_87' title="bbox 280 5240 1881 5313">
     <span class='ocr_line' id='line_1_87' title="bbox 280 5240 1881 5313; baseline -0.001 -15"><span class='ocrx_word' id='word_1_662' title='bbox 280 5244 381 5298; x_wconf 78' lang='grc' dir='ltr'><strong>καὶ</strong></span> <span class='ocrx_word' id='word_1_663' title='bbox 423 5243 506 5306; x_wconf 86' lang='grc' dir='ltr'><strong>είς</strong></span> <span class='ocrx_word' id='word_1_664' title='bbox 558 5241 730 5313; x_wconf 85' lang='grc' dir='ltr'>ἀκρον</span> <span class='ocrx_word' id='word_1_665' title='bbox 774 5240 1080 5311; x_wconf 83' lang='grc' dir='ltr'>ποιωθῆναι</span> <span class='ocrx_word' id='word_1_666' title='bbox 1126 5242 1238 5304; x_wconf 84' lang='grc' dir='ltr'>τοῖς</span> <span class='ocrx_word' id='word_1_667' title='bbox 1280 5242 1479 5295; x_wconf 90' lang='grc' dir='ltr'>πάθεσι</span> <span class='ocrx_word' id='word_1_668' title='bbox 1524 5244 1881 5313; x_wconf 86' lang='grc' dir='ltr'>παρασκευά-</span> 
     </span>
    </p>
   </div>
   <div class='ocr_carea' id='block_1_88' title="bbox 280 5331 1883 5401">
    <p class='ocr_par' dir='ltr' id='par_1_88' title="bbox 280 5331 1883 5401">
     <span class='ocr_line' id='line_1_88' title="bbox 280 5331 1883 5401; baseline -0.001 -10"><span class='ocrx_word' id='word_1_669' title='bbox 280 5337 499 5401; x_wconf 77' lang='grc' dir='ltr'>ζοντες,</span> <span class='ocrx_word' id='word_1_670' title='bbox 530 5333 607 5399; x_wconf 84' lang='grc' dir='ltr'>ὡς</span> <span class='ocrx_word' id='word_1_671' title='bbox 649 5332 901 5388; x_wconf 76' lang='grc' dir='ltr'>ἐντεῦθεν</span> <span class='ocrx_word' id='word_1_672' title='bbox 922 5333 1315 5389; x_wconf 75' lang='grc' dir='ltr'>αύτεπίϐουλον</span> <span class='ocrx_word' id='word_1_673' title='bbox 1348 5331 1516 5389; x_wconf 78' lang='grc' dir='ltr'>οὖσαν</span> <span class='ocrx_word' id='word_1_674' title='bbox 1562 5335 1750 5390; x_wconf 80' lang='grc' dir='ltr'>λοιπὸν</span> <span class='ocrx_word' id='word_1_675' title='bbox 1788 5338 1883 5390; x_wconf 70' lang='grc' dir='ltr'><strong>καὶ</strong></span> 
     </span>
    </p>
   </div>
   <div class='ocr_carea' id='block_1_89' title="bbox 283 5418 1883 5496">
    <p class='ocr_par' dir='ltr' id='par_1_89' title="bbox 283 5418 1883 5496">
     <span class='ocr_line' id='line_1_89' title="bbox 283 5418 1883 5496; baseline -0.001 -16"><span class='ocrx_word' id='word_1_676' title='bbox 283 5425 712 5496; x_wconf 82' lang='grc' dir='ltr'>αὖτοπολέμιον.</span> <span class='ocrx_word' id='word_1_677' title='bbox 776 5418 909 5477; x_wconf 71' lang='grc' dir='ltr'>Οἶδα</span> <span class='ocrx_word' id='word_1_678' title='bbox 974 5424 1070 5477; x_wconf 77' lang='grc' dir='ltr'>καὶ</span> <span class='ocrx_word' id='word_1_679' title='bbox 1141 5423 1309 5494; x_wconf 80' lang='grc' dir='ltr'>ἄλλην</span> <span class='ocrx_word' id='word_1_680' title='bbox 1367 5421 1717 5494; x_wconf 80' lang='grc' dir='ltr'>ὑποχώρησιν</span> <span class='ocrx_word' id='word_1_681' title='bbox 1773 5424 1883 5478; x_wconf 84' lang='grc' dir='ltr'>τῶν</span> 
     </span>
    </p>
   </div>
   <div class='ocr_carea' id='block_1_90' title="bbox 284 5510 1881 5591">
    <p class='ocr_par' dir='ltr' id='par_1_90' title="bbox 284 5510 1881 5591">
     <span class='ocr_line' id='line_1_90' title="bbox 284 5510 1881 5591; baseline 0.002 -21"><span class='ocrx_word' id='word_1_682' title='bbox 284 5517 499 5591; x_wconf 77' lang='grc' dir='ltr'>θηρίων</span> <span class='ocrx_word' id='word_1_683' title='bbox 536 5515 677 5587; x_wconf 85' lang='grc' dir='ltr'><strong>μετά</strong></span> <span class='ocrx_word' id='word_1_684' title='bbox 720 5516 784 5568; x_wconf 82' lang='grc' dir='ltr'>τὸ</span> <span class='ocrx_word' id='word_1_685' title='bbox 814 5514 1038 5579; x_wconf 85' lang='grc' dir='ltr'>τελείως</span> <span class='ocrx_word' id='word_1_686' title='bbox 1069 5510 1358 5585; x_wconf 85' lang='grc' dir='ltr'>συνηθίσαι</span> <span class='ocrx_word' id='word_1_687' title='bbox 1399 5516 1498 5587; x_wconf 79' lang='grc' dir='ltr'><strong>τήν</strong></span> <span class='ocrx_word' id='word_1_688' title='bbox 1536 5513 1714 5586; x_wconf 80' lang='grc' dir='ltr'>ψυχὴν</span> <span class='ocrx_word' id='word_1_689' title='bbox 1744 5517 1881 5591; x_wconf 79' lang='grc'>(55),</span> 
     </span>
    </p>
   </div>
   <div class='ocr_carea' id='block_1_91' title="bbox 284 5609 1884 5683">
    <p class='ocr_par' dir='ltr' id='par_1_91' title="bbox 284 5609 1884 5683">
     <span class='ocr_line' id='line_1_91' title="bbox 284 5609 1884 5683; baseline 0 -18"><span class='ocrx_word' id='word_1_690' title='bbox 284 5611 711 5682; x_wconf 77' lang='grc' dir='ltr'>καὶῦπόδειγμα</span> <span class='ocrx_word' id='word_1_691' title='bbox 733 5609 828 5665; x_wconf 91' lang='grc' dir='ltr'><strong>τοῦ</strong></span> <span class='ocrx_word' id='word_1_692' title='bbox 852 5612 1144 5682; x_wconf 78' lang='grc' dir='ltr'>εἰρημένου</span> <span class='ocrx_word' id='word_1_693' title='bbox 1164 5611 1232 5664; x_wconf 78' lang='grc' dir='ltr'><strong>τὰ</strong></span> <span class='ocrx_word' id='word_1_694' title='bbox 1261 5611 1452 5681; x_wconf 81' lang='grc' dir='ltr'>νήπια·</span> <span class='ocrx_word' id='word_1_695' title='bbox 1486 5610 1623 5683; x_wconf 86' lang='grc' dir='ltr'><strong>μετά</strong></span> <span class='ocrx_word' id='word_1_696' title='bbox 1646 5610 1756 5681; x_wconf 84' lang='grc' dir='ltr'>γὰρ</span> <span class='ocrx_word' id='word_1_697' title='bbox 1785 5611 1884 5681; x_wconf 81' lang='grc' dir='ltr'>τὴν</span> 
     </span>
    </p>
   </div>
   <div class='ocr_carea' id='block_1_92' title="bbox 292 5702 1885 5776">
    <p class='ocr_par' dir='ltr' id='par_1_92' title="bbox 292 5702 1885 5776">
     <span class='ocr_line' id='line_1_92' title="bbox 292 5702 1885 5776; baseline 0.001 -20"><span class='ocrx_word' id='word_1_698' title='bbox 292 5703 523 5775; x_wconf 79' lang='grc' dir='ltr'>μακρὰν</span> <span class='ocrx_word' id='word_1_699' title='bbox 547 5704 860 5775; x_wconf 85' lang='grc' dir='ltr'>συνήθειαν,</span> <span class='ocrx_word' id='word_1_700' title='bbox 890 5704 986 5757; x_wconf 76' lang='grc' dir='ltr'>καὶ</span> <span class='ocrx_word' id='word_1_701' title='bbox 1019 5705 1190 5776; x_wconf 75' lang='grc' dir='ltr'>χωρὶς</span> <span class='ocrx_word' id='word_1_702' title='bbox 1221 5704 1416 5774; x_wconf 78' lang='grc' dir='ltr'>μαζοῦ,</span> <span class='ocrx_word' id='word_1_703' title='bbox 1442 5706 1506 5757; x_wconf 78' lang='grc' dir='ltr'>ἐκ</span> <span class='ocrx_word' id='word_1_704' title='bbox 1533 5702 1643 5757; x_wconf 85' lang='grc' dir='ltr'><strong>τῶν</strong></span> <span class='ocrx_word' id='word_1_705' title='bbox 1666 5702 1885 5758; x_wconf 77' lang='grc' dir='ltr'>οἰκείων</span> 
     </span>
    </p>
   </div>
   <div class='ocr_carea' id='block_1_93' title="bbox 287 5794 1884 5871">
    <p class='ocr_par' dir='ltr' id='par_1_93' title="bbox 287 5794 1884 5871">
     <span class='ocr_line' id='line_1_93' title="bbox 287 5794 1884 5871; baseline -0.002 -19"><span class='ocrx_word' id='word_1_706' title='bbox 287 5798 576 5855; x_wconf 83' lang='grc' dir='ltr'>δακτύλων</span> <span class='ocrx_word' id='word_1_707' title='bbox 603 5798 947 5871; x_wconf 78' lang='grc' dir='ltr'>θηλάζουσιν.</span> <span class='ocrx_word' id='word_1_708' title='bbox 977 5794 1106 5853; x_wconf 83' lang='grc' dir='ltr'>υἷδα</span> <span class='ocrx_word' id='word_1_709' title='bbox 1134 5800 1228 5854; x_wconf 77' lang='grc' dir='ltr'>καὶ</span> <span class='ocrx_word' id='word_1_710' title='bbox 1264 5798 1519 5870; x_wconf 77' lang='grc' dir='ltr'>πέμπτην</span> <span class='ocrx_word' id='word_1_711' title='bbox 1553 5800 1608 5853; x_wconf 84' lang='grc' dir='ltr'>ὲν</span> <span class='ocrx_word' id='word_1_712' title='bbox 1639 5800 1706 5869; x_wconf 79' lang='grc' dir='ltr'>τῇ</span> <span class='ocrx_word' id='word_1_713' title='bbox 1736 5798 1884 5870; x_wconf 71' lang='grc' dir='ltr'>ψυχῇ</span> 
     </span>
    </p>
   </div>
   <div class='ocr_carea' id='block_1_94' title="bbox 1966 3293 3561 3381">
    <p class='ocr_par' dir='ltr' id='par_1_94' title="bbox 1966 3293 3561 3381">
     <span class='ocr_line' id='line_1_94' title="bbox 1966 3293 3561 3381; baseline 0.007 -37"><span class='ocrx_word' id='word_1_714' title='bbox 1966 3293 2271 3362; x_wconf 87' lang='lat' dir='ltr'><strong>magisterii</strong></span> <span class='ocrx_word' id='word_1_715' title='bbox 2299 3295 2652 3364; x_wconf 88' lang='lat' dir='ltr'><strong>supercilium</strong></span> <span class='ocrx_word' id='word_1_716' title='bbox 2681 3305 2737 3352; x_wconf 86' lang='lat' dir='ltr'><strong>et</strong></span> <span class='ocrx_word' id='word_1_717' title='bbox 2760 3297 2959 3381; x_wconf 73' lang='lat' dir='ltr'><strong>fastus,</strong></span> <span class='ocrx_word' id='word_1_718' title='bbox 2989 3314 3114 3354; x_wconf 87' lang='lat' dir='ltr'><strong>cum</strong></span> <span class='ocrx_word' id='word_1_719' title='bbox 3168 3299 3366 3370; x_wconf 89' lang='lat' dir='ltr'><strong>gaudio</strong></span> <span class='ocrx_word' id='word_1_720' title='bbox 3395 3300 3561 3356; x_wconf 88' lang='lat' dir='ltr'><strong>elatio</strong></span> 
     </span>
    </p>
   </div>
   <div class='ocr_carea' id='block_1_95' title="bbox 1966 3391 3563 3462">
    <p class='ocr_par' dir='ltr' id='par_1_95' title="bbox 1966 3391 3563 3462">
     <span class='ocr_line' id='line_1_95' title="bbox 1966 3391 3563 3462; baseline 0.005 -19"><span class='ocrx_word' id='word_1_721' title='bbox 1966 3391 2155 3457; x_wconf 88' lang='lat' dir='ltr'><strong>animi,</strong></span> <span class='ocrx_word' id='word_1_722' title='bbox 2192 3404 2317 3445; x_wconf 91' lang='lat' dir='ltr'><strong>cum</strong></span> <span class='ocrx_word' id='word_1_723' title='bbox 2355 3405 2452 3460; x_wconf 89' lang='lat' dir='ltr'><strong>spe</strong></span> <span class='ocrx_word' id='word_1_724' title='bbox 2478 3391 2731 3462; x_wconf 83' lang='lat' dir='ltr'><strong>pigritia;</strong></span> <span class='ocrx_word' id='word_1_725' title='bbox 2764 3407 2888 3448; x_wconf 91' lang='lat' dir='ltr'><strong>cum</strong></span> <span class='ocrx_word' id='word_1_726' title='bbox 2938 3394 3202 3449; x_wconf 87' lang='lat' dir='ltr'><strong>charitate</strong></span> <span class='ocrx_word' id='word_1_727' title='bbox 3234 3410 3453 3451; x_wconf 87' lang='lat' dir='ltr'><strong>rursum</strong></span> <span class='ocrx_word' id='word_1_728' title='bbox 3482 3404 3563 3451; x_wconf 91' lang='lat' dir='ltr'><strong>te-</strong></span> 
     </span>
    </p>
   </div>
   <div class='ocr_carea' id='block_1_96' title="bbox 1967 3483 3661 3559">
    <p class='ocr_par' dir='ltr' id='par_1_96' title="bbox 1967 3483 3661 3559">
     <span class='ocr_line' id='line_1_96' title="bbox 1967 3483 3661 3559; baseline 0.003 -23"><span class='ocrx_word' id='word_1_729' title='bbox 1967 3484 2261 3538; x_wconf 84' lang='lat' dir='ltr'><strong>merarium</strong></span> <span class='ocrx_word' id='word_1_730' title='bbox 2293 3483 2560 3553; x_wconf 88' lang='lat' dir='ltr'><strong>judicium</strong></span> <span class='ocrx_word' id='word_1_731' title='bbox 2588 3500 2603 3550; x_wconf 91' lang='lat'><strong>;</strong></span> <span class='ocrx_word' id='word_1_732' title='bbox 2649 3500 2773 3539; x_wconf 90' lang='lat' dir='ltr'><strong>cum</strong></span> <span class='ocrx_word' id='word_1_733' title='bbox 2810 3486 2994 3556; x_wconf 90' lang='lat' dir='ltr'><strong>quiete</strong></span> <span class='ocrx_word' id='word_1_734' title='bbox 3024 3486 3231 3542; x_wconf 88' lang='lat' dir='ltr'><strong>desidia</strong></span> <span class='ocrx_word' id='word_1_735' title='bbox 3258 3495 3312 3543; x_wconf 95' lang='lat' dir='ltr'><strong>et</strong></span> <span class='ocrx_word' id='word_1_736' title='bbox 3338 3488 3559 3559; x_wconf 88' lang='lat' dir='ltr'><strong>quidam</strong></span> <span class='ocrx_word' id='word_1_737' title='bbox 3660 3508 3661 3513; x_wconf 55' lang='grc' dir='ltr'><strong>π</strong></span> 
     </span>
    </p>
   </div>
   <div class='ocr_carea' id='block_1_97' title="bbox 1968 3575 3564 3646">
    <p class='ocr_par' dir='ltr' id='par_1_97' title="bbox 1968 3575 3564 3646">
     <span class='ocr_line' id='line_1_97' title="bbox 1968 3575 3564 3646; baseline 0.004 -18"><span class='ocrx_word' id='word_1_738' title='bbox 1968 3575 2134 3629; x_wconf 84' lang='lat' dir='ltr'><strong>animi</strong></span> <span class='ocrx_word' id='word_1_739' title='bbox 2168 3590 2391 3646; x_wconf 79' lang='lat' dir='ltr'><strong>torpor;</strong></span> <span class='ocrx_word' id='word_1_740' title='bbox 2420 3591 2544 3631; x_wconf 91' lang='lat' dir='ltr'><strong>cum</strong></span> <span class='ocrx_word' id='word_1_741' title='bbox 2590 3578 2840 3634; x_wconf 86' lang='lat' dir='ltr'><strong>castitate</strong></span> <span class='ocrx_word' id='word_1_742' title='bbox 2860 3581 3209 3645; x_wconf 87' lang='lat' dir='ltr'><strong>amaritudo;</strong></span> <span class='ocrx_word' id='word_1_743' title='bbox 3232 3595 3354 3636; x_wconf 90' lang='lat' dir='ltr'><strong>eum</strong></span> <span class='ocrx_word' id='word_1_744' title='bbox 3380 3580 3564 3636; x_wconf 84' lang='lat' dir='ltr'><strong>humi-</strong></span> 
     </span>
    </p>
   </div>
   <div class='ocr_carea' id='block_1_98' title="bbox 1968 3665 3558 3734">
    <p class='ocr_par' dir='ltr' id='par_1_98' title="bbox 1968 3665 3558 3734">
     <span class='ocr_line' id='line_1_98' title="bbox 1968 3665 3558 3734; baseline 0.004 -14"><span class='ocrx_word' id='word_1_745' title='bbox 1968 3665 2121 3721; x_wconf 82' lang='lat' dir='ltr'><strong>litate</strong></span> <span class='ocrx_word' id='word_1_746' title='bbox 2171 3667 2343 3721; x_wconf 88' lang='lat' dir='ltr'><strong>nimia</strong></span> <span class='ocrx_word' id='word_1_747' title='bbox 2403 3666 2761 3734; x_wconf 84' lang='lat' dir='ltr'><strong>confidentia;</strong></span> <span class='ocrx_word' id='word_1_748' title='bbox 2806 3679 2861 3725; x_wconf 91' lang='lat' dir='ltr'><strong>et</strong></span> <span class='ocrx_word' id='word_1_749' title='bbox 2926 3669 3045 3727; x_wconf 69' lang='lat' dir='ltr'><strong>haec</strong></span> <span class='ocrx_word' id='word_1_750' title='bbox 3102 3685 3322 3726; x_wconf 87' lang='lat' dir='ltr'><strong>rursum</strong></span> <span class='ocrx_word' id='word_1_751' title='bbox 3376 3671 3558 3726; x_wconf 83' lang='lat' dir='ltr'><strong>omnia</strong></span> 
     </span>
    </p>
   </div>
   <div class='ocr_carea' id='block_1_99' title="bbox 1969 3759 3560 3835">
    <p class='ocr_par' dir='ltr' id='par_1_99' title="bbox 1969 3759 3560 3835">
     <span class='ocr_line' id='line_1_99' title="bbox 1969 3759 3560 3835; baseline 0.003 -21"><span class='ocrx_word' id='word_1_752' title='bbox 1969 3759 2137 3814; x_wconf 87' lang='lat' dir='ltr'><strong>veluti</strong></span> <span class='ocrx_word' id='word_1_753' title='bbox 2186 3775 2482 3816; x_wconf 87' lang='lat' dir='ltr'><strong>commune</strong></span> <span class='ocrx_word' id='word_1_754' title='bbox 2539 3762 2999 3818; x_wconf 85' lang='lat' dir='ltr'><strong>medicamentum</strong></span> <span class='ocrx_word' id='word_1_755' title='bbox 3055 3773 3110 3818; x_wconf 89' lang='lat' dir='ltr'><strong>et</strong></span> <span class='ocrx_word' id='word_1_756' title='bbox 3132 3764 3417 3835; x_wconf 86' lang='lat' dir='ltr'><strong>collyrium</strong></span> <span class='ocrx_word' id='word_1_757' title='bbox 3463 3779 3560 3820; x_wconf 90' lang='lat' dir='ltr'><strong>seu</strong></span> 
     </span>
    </p>
   </div>
   <div class='ocr_carea' id='block_1_100' title="bbox 1968 3853 3563 3930">
    <p class='ocr_par' dir='ltr' id='par_1_100' title="bbox 1968 3853 3563 3930">
     <span class='ocr_line' id='line_1_100' title="bbox 1968 3853 3563 3930; baseline 0.006 -23"><span class='ocrx_word' id='word_1_758' title='bbox 1968 3853 2152 3924; x_wconf 90' lang='lat' dir='ltr'><strong>potius</strong></span> <span class='ocrx_word' id='word_1_759' title='bbox 2179 3869 2448 3909; x_wconf 85' lang='lat' dir='ltr'><strong>venenum</strong></span> <span class='ocrx_word' id='word_1_760' title='bbox 2496 3856 2795 3911; x_wconf 80' lang='lat' dir='ltr'><strong>Comitatur</strong></span> <span class='ocrx_word' id='word_1_761' title='bbox 2826 3871 2965 3913; x_wconf 91' lang='lat' dir='ltr'><strong>vana</strong></span> <span class='ocrx_word' id='word_1_762' title='bbox 2993 3858 3183 3929; x_wconf 88' lang='lat' dir='ltr'><strong>gloria.</strong></span> <span class='ocrx_word' id='word_1_763' title='bbox 3210 3858 3328 3914; x_wconf 82' lang='lat' dir='ltr'><strong>Non</strong></span> <span class='ocrx_word' id='word_1_764' title='bbox 3364 3859 3563 3930; x_wconf 76' lang='lat' dir='ltr'><strong>afﬂigat</strong></span> 
     </span>
    </p>
   </div>
   <div class='ocr_carea' id='block_1_101' title="bbox 1971 3945 3560 4023">
    <p class='ocr_par' dir='ltr' id='par_1_101' title="bbox 1971 3945 3560 4023">
     <span class='ocr_line' id='line_1_101' title="bbox 1971 3945 3560 4023; baseline 0.006 -24"><span class='ocrx_word' id='word_1_765' title='bbox 1971 3960 2074 4001; x_wconf 91' lang='lat' dir='ltr'><strong>nos</strong></span> <span class='ocrx_word' id='word_1_766' title='bbox 2091 3945 2137 4001; x_wconf 86' lang='lat' dir='ltr'><strong>si</strong></span> <span class='ocrx_word' id='word_1_767' title='bbox 2160 3945 2425 4002; x_wconf 85' lang='lat' dir='ltr'><strong>Dominus</strong></span> <span class='ocrx_word' id='word_1_768' title='bbox 2440 3947 2714 4017; x_wconf 87' lang='lat' dir='ltr'><strong>postulata</strong></span> <span class='ocrx_word' id='word_1_769' title='bbox 2744 3959 2930 4005; x_wconf 90' lang='lat' dir='ltr'><strong>nostra</strong></span> <span class='ocrx_word' id='word_1_770' title='bbox 2959 3965 3255 4021; x_wconf 89' lang='lat' dir='ltr'><strong>precesque</strong></span> <span class='ocrx_word' id='word_1_771' title='bbox 3266 3952 3331 4006; x_wconf 88' lang='lat' dir='ltr'><strong>ad</strong></span> <span class='ocrx_word' id='word_1_772' title='bbox 3345 3959 3560 4023; x_wconf 87' lang='lat' dir='ltr'><strong>tempus</strong></span> 
     </span>
    </p>
   </div>
   <div class='ocr_carea' id='block_1_102' title="bbox 1971 4038 3563 4106">
    <p class='ocr_par' dir='ltr' id='par_1_102' title="bbox 1971 4038 3563 4106">
     <span class='ocr_line' id='line_1_102' title="bbox 1971 4038 3563 4106; baseline 0.006 -14"><span class='ocrx_word' id='word_1_773' title='bbox 1971 4053 2081 4092; x_wconf 90' lang='lat' dir='ltr'><strong>non</strong></span> <span class='ocrx_word' id='word_1_774' title='bbox 2107 4038 2382 4106; x_wconf 82' lang='lat' dir='ltr'><strong>exaudiat,</strong></span> <span class='ocrx_word' id='word_1_775' title='bbox 2414 4040 2575 4095; x_wconf 80' lang='lat' dir='ltr'><strong>vellet</strong></span> <span class='ocrx_word' id='word_1_776' title='bbox 2600 4042 2746 4096; x_wconf 89' lang='lat' dir='ltr'><strong>enim</strong></span> <span class='ocrx_word' id='word_1_777' title='bbox 2803 4039 3070 4099; x_wconf 89' lang='lat' dir='ltr'><strong>Dominus</strong></span> <span class='ocrx_word' id='word_1_778' title='bbox 3091 4057 3282 4101; x_wconf 87' lang='lat' dir='ltr'><strong>omnes</strong></span> <span class='ocrx_word' id='word_1_779' title='bbox 3304 4045 3563 4101; x_wconf 83' lang='lat' dir='ltr'><strong>mortales</strong></span> 
     </span>
    </p>
   </div>
   <div class='ocr_carea' id='block_1_103' title="bbox 1971 4133 3565 4208">
    <p class='ocr_par' dir='ltr' id='par_1_103' title="bbox 1971 4133 3565 4208">
     <span class='ocr_line' id='line_1_103' title="bbox 1971 4133 3565 4208; baseline 0.006 -22"><span class='ocrx_word' id='word_1_780' title='bbox 1971 4146 2084 4187; x_wconf 92' lang='lat' dir='ltr'><strong>uno</strong></span> <span class='ocrx_word' id='word_1_781' title='bbox 2109 4133 2370 4204; x_wconf 87' lang='lat' dir='ltr'><strong>temporis</strong></span> <span class='ocrx_word' id='word_1_782' title='bbox 2396 4143 2672 4188; x_wconf 90' lang='lat' dir='ltr'><strong>momento</strong></span> <span class='ocrx_word' id='word_1_783' title='bbox 2686 4134 2755 4189; x_wconf 89' lang='lat' dir='ltr'><strong>ab</strong></span> <span class='ocrx_word' id='word_1_784' title='bbox 2777 4135 3034 4191; x_wconf 90' lang='lat' dir='ltr'><strong>omnibus</strong></span> <span class='ocrx_word' id='word_1_785' title='bbox 3055 4137 3220 4191; x_wconf 90' lang='lat' dir='ltr'><strong>animi</strong></span> <span class='ocrx_word' id='word_1_786' title='bbox 3237 4139 3565 4208; x_wconf 86' lang='lat' dir='ltr'><strong>perturbati-</strong></span> 
     </span>
    </p>
   </div>
   <div class='ocr_carea' id='block_1_104' title="bbox 1974 4222 3562 4301">
    <p class='ocr_par' dir='ltr' id='par_1_104' title="bbox 1974 4222 3562 4301">
     <span class='ocr_line' id='line_1_104' title="bbox 1974 4222 3562 4301; baseline 0.004 -20"><span class='ocrx_word' id='word_1_787' title='bbox 1974 4225 2392 4296; x_wconf 71' lang='lat' dir='ltr'><strong>onibusliberos</strong></span> <span class='ocrx_word' id='word_1_788' title='bbox 2408 4226 2547 4281; x_wconf 86' lang='lat' dir='ltr'><strong>fieri.</strong></span> <span class='ocrx_word' id='word_1_789' title='bbox 2569 4224 2892 4298; x_wconf 81' lang='lat' dir='ltr'><strong>Quicunque</strong></span> <span class='ocrx_word' id='word_1_790' title='bbox 2915 4243 2942 4281; x_wconf 87' lang='lat' dir='ltr'><strong>a</strong></span> <span class='ocrx_word' id='word_1_791' title='bbox 2960 4222 3070 4284; x_wconf 88' lang='lat' dir='ltr'><strong>Deo</strong></span> <span class='ocrx_word' id='word_1_792' title='bbox 3119 4228 3324 4300; x_wconf 91' lang='lat' dir='ltr'><strong>aliquid</strong></span> <span class='ocrx_word' id='word_1_793' title='bbox 3350 4240 3562 4301; x_wconf 88' lang='lat' dir='ltr'><strong>petunt,</strong></span> 
     </span>
    </p>
   </div>
   <div class='ocr_carea' id='block_1_105' title="bbox 1974 4320 3565 4391">
    <p class='ocr_par' dir='ltr' id='par_1_105' title="bbox 1974 4320 3565 4391">
     <span class='ocr_line' id='line_1_105' title="bbox 1974 4320 3565 4391; baseline 0.004 -16"><span class='ocrx_word' id='word_1_794' title='bbox 1974 4329 2030 4375; x_wconf 88' lang='lat' dir='ltr'><strong>et</strong></span> <span class='ocrx_word' id='word_1_795' title='bbox 2060 4334 2167 4375; x_wconf 88' lang='lat' dir='ltr'><strong>non</strong></span> <span class='ocrx_word' id='word_1_796' title='bbox 2196 4320 2513 4390; x_wconf 88' lang='lat' dir='ltr'><strong>impetrant,</strong></span> <span class='ocrx_word' id='word_1_797' title='bbox 2540 4320 2612 4375; x_wconf 91' lang='lat' dir='ltr'><strong>ob</strong></span> <span class='ocrx_word' id='word_1_798' title='bbox 2663 4336 2824 4374; x_wconf 88' lang='lat' dir='ltr'><strong>unam</strong></span> <span class='ocrx_word' id='word_1_799' title='bbox 2858 4320 3096 4391; x_wconf 86' lang='lat' dir='ltr'><strong>aliquam</strong></span> <span class='ocrx_word' id='word_1_800' title='bbox 3125 4337 3193 4379; x_wconf 81' lang='lat' dir='ltr'><strong>ex</strong></span> <span class='ocrx_word' id='word_1_801' title='bbox 3222 4324 3308 4379; x_wconf 88' lang='lat' dir='ltr'><strong>his</strong></span> <span class='ocrx_word' id='word_1_802' title='bbox 3341 4339 3565 4381; x_wconf 87' lang='lat' dir='ltr'><strong>causam</strong></span> 
     </span>
    </p>
   </div>
   <div class='ocr_carea' id='block_1_106' title="bbox 1976 4412 3567 4489">
    <p class='ocr_par' dir='ltr' id='par_1_106' title="bbox 1976 4412 3567 4489">
     <span class='ocr_line' id='line_1_106' title="bbox 1976 4412 3567 4489; baseline 0.003 -19"><span class='ocrx_word' id='word_1_803' title='bbox 1976 4412 2139 4486; x_wconf 63' lang='lat'><strong>345</strong></span> <span class='ocrx_word' id='word_1_804' title='bbox 2170 4414 2223 4469; x_wconf 94' lang='lat' dir='ltr'><strong>id</strong></span> <span class='ocrx_word' id='word_1_805' title='bbox 2253 4414 2368 4469; x_wconf 86' lang='lat' dir='ltr'><strong>fieri</strong></span> <span class='ocrx_word' id='word_1_806' title='bbox 2408 4424 2616 4470; x_wconf 88' lang='lat' dir='ltr'><strong>certum</strong></span> <span class='ocrx_word' id='word_1_807' title='bbox 2647 4424 2767 4481; x_wconf 90' lang='lat' dir='ltr'><strong>est;</strong></span> <span class='ocrx_word' id='word_1_808' title='bbox 2795 4415 2878 4470; x_wconf 88' lang='lat' dir='ltr'><strong>vel</strong></span> <span class='ocrx_word' id='word_1_809' title='bbox 2904 4416 3051 4486; x_wconf 90' lang='lat' dir='ltr'><strong>quod</strong></span> <span class='ocrx_word' id='word_1_810' title='bbox 3084 4425 3210 4473; x_wconf 87' lang='lat' dir='ltr'><strong>ante</strong></span> <span class='ocrx_word' id='word_1_811' title='bbox 3242 4427 3457 4489; x_wconf 89' lang='lat' dir='ltr'><strong>tempus</strong></span> <span class='ocrx_word' id='word_1_812' title='bbox 3512 4420 3567 4475; x_wconf 87' lang='lat' dir='ltr'><strong>ld</strong></span> 
     </span>
    </p>
   </div>
   <div class='ocr_carea' id='block_1_107' title="bbox 1975 4505 3569 4577">
    <p class='ocr_par' dir='ltr' id='par_1_107' title="bbox 1975 4505 3569 4577">
     <span class='ocr_line' id='line_1_107' title="bbox 1975 4505 3569 4577; baseline 0.004 -19"><span class='ocrx_word' id='word_1_813' title='bbox 1975 4512 2183 4574; x_wconf 88' lang='lat' dir='ltr'><strong>petant,</strong></span> <span class='ocrx_word' id='word_1_814' title='bbox 2231 4505 2317 4559; x_wconf 89' lang='lat' dir='ltr'><strong>vel</strong></span> <span class='ocrx_word' id='word_1_815' title='bbox 2368 4519 2476 4559; x_wconf 91' lang='lat' dir='ltr'><strong>non</strong></span> <span class='ocrx_word' id='word_1_816' title='bbox 2534 4506 2717 4561; x_wconf 87' lang='lat' dir='ltr'><strong>debito</strong></span> <span class='ocrx_word' id='word_1_817' title='bbox 2766 4506 2930 4561; x_wconf 86' lang='lat' dir='ltr'><strong>modo</strong></span> <span class='ocrx_word' id='word_1_818' title='bbox 2964 4514 3187 4577; x_wconf 87' lang='lat' dir='ltr'><strong>petant;</strong></span> <span class='ocrx_word' id='word_1_819' title='bbox 3224 4508 3307 4565; x_wconf 87' lang='lat' dir='ltr'><strong>vel</strong></span> <span class='ocrx_word' id='word_1_820' title='bbox 3338 4525 3404 4566; x_wconf 82' lang='lat' dir='ltr'><strong>ex</strong></span> <span class='ocrx_word' id='word_1_821' title='bbox 3426 4525 3569 4565; x_wconf 89' lang='lat' dir='ltr'><strong>vana</strong></span> 
     </span>
    </p>
   </div>
   <div class='ocr_carea' id='block_1_108' title="bbox 1977 4593 3568 4671">
    <p class='ocr_par' dir='ltr' id='par_1_108' title="bbox 1977 4593 3568 4671">
     <span class='ocr_line' id='line_1_108' title="bbox 1977 4593 3568 4671; baseline 0.006 -23"><span class='ocrx_word' id='word_1_822' title='bbox 1977 4594 2148 4665; x_wconf 87' lang='lat' dir='ltr'><strong>gloria</strong></span> <span class='ocrx_word' id='word_1_823' title='bbox 2184 4613 2199 4662; x_wconf 92' lang='lat'><strong>;</strong></span> <span class='ocrx_word' id='word_1_824' title='bbox 2235 4594 2317 4650; x_wconf 90' lang='lat' dir='ltr'><strong>vel</strong></span> <span class='ocrx_word' id='word_1_825' title='bbox 2348 4594 2495 4665; x_wconf 91' lang='lat' dir='ltr'><strong>quod</strong></span> <span class='ocrx_word' id='word_1_826' title='bbox 2519 4593 2574 4649; x_wconf 93' lang='lat' dir='ltr'><strong>in</strong></span> <span class='ocrx_word' id='word_1_827' title='bbox 2606 4595 2918 4666; x_wconf 86' lang='lat' dir='ltr'><strong>superbiam</strong></span> <span class='ocrx_word' id='word_1_828' title='bbox 2960 4597 3306 4668; x_wconf 76' lang='lat' dir='ltr'><strong>efferrentur,</strong></span> <span class='ocrx_word' id='word_1_829' title='bbox 3338 4602 3386 4657; x_wconf 90' lang='lat' dir='ltr'><strong>si</strong></span> <span class='ocrx_word' id='word_1_830' title='bbox 3419 4601 3568 4671; x_wconf 89' lang='lat' dir='ltr'><strong>quod</strong></span> 
     </span>
    </p>
   </div>
   <div class='ocr_carea' id='block_1_109' title="bbox 1977 4692 3571 4766">
    <p class='ocr_par' dir='ltr' id='par_1_109' title="bbox 1977 4692 3571 4766">
     <span class='ocr_line' id='line_1_109' title="bbox 1977 4692 3571 4766; baseline -0.001 -16"><span class='ocrx_word' id='word_1_831' title='bbox 1977 4703 2169 4765; x_wconf 90' lang='lat' dir='ltr'><strong>petunt</strong></span> <span class='ocrx_word' id='word_1_832' title='bbox 2225 4694 2620 4766; x_wconf 88' lang='lat' dir='ltr'><strong>impetrarent;</strong></span> <span class='ocrx_word' id='word_1_833' title='bbox 2671 4694 2757 4751; x_wconf 87' lang='lat' dir='ltr'><strong>vel</strong></span> <span class='ocrx_word' id='word_1_834' title='bbox 2796 4695 3086 4766; x_wconf 74' lang='lat' dir='ltr'><strong>impetrato</strong></span> <span class='ocrx_word' id='word_1_835' title='bbox 3120 4704 3250 4748; x_wconf 89' lang='lat' dir='ltr'><strong>voto</strong></span> <span class='ocrx_word' id='word_1_836' title='bbox 3279 4692 3495 4748; x_wconf 85' lang='lat' dir='ltr'><strong>desides</strong></span> <span class='ocrx_word' id='word_1_837' title='bbox 3516 4702 3571 4748; x_wconf 92' lang='lat' dir='ltr'><strong>et</strong></span> 
     </span>
    </p>
   </div>
   <div class='ocr_carea' id='block_1_110' title="bbox 1978 4783 3573 4858">
    <p class='ocr_par' dir='ltr' id='par_1_110' title="bbox 1978 4783 3573 4858">
     <span class='ocr_line' id='line_1_110' title="bbox 1978 4783 3573 4858; baseline 0 -17"><span class='ocrx_word' id='word_1_838' title='bbox 1978 4788 2316 4858; x_wconf 88' lang='lat' dir='ltr'><strong>negligentes</strong></span> <span class='ocrx_word' id='word_1_839' title='bbox 2339 4787 2554 4844; x_wconf 82' lang='lat' dir='ltr'><strong>ﬁerent.</strong></span> <span class='ocrx_word' id='word_1_840' title='bbox 2593 4787 2753 4857; x_wconf 84' lang='lat' dir='ltr'><strong>Quod</strong></span> <span class='ocrx_word' id='word_1_841' title='bbox 2783 4788 3059 4844; x_wconf 56' lang='lat' dir='ltr'><strong>daemones</strong></span> <span class='ocrx_word' id='word_1_842' title='bbox 3096 4793 3150 4842; x_wconf 94' lang='lat' dir='ltr'><strong>et</strong></span> <span class='ocrx_word' id='word_1_843' title='bbox 3178 4785 3308 4840; x_wconf 90' lang='lat' dir='ltr'><strong>vitia</strong></span> <span class='ocrx_word' id='word_1_844' title='bbox 3340 4783 3573 4841; x_wconf 85' lang='lat' dir='ltr'><strong>subinde</strong></span> 
     </span>
    </p>
   </div>
   <div class='ocr_carea' id='block_1_111' title="bbox 1979 4878 3571 4949">
    <p class='ocr_par' dir='ltr' id='par_1_111' title="bbox 1979 4878 3571 4949">
     <span class='ocr_line' id='line_1_111' title="bbox 1979 4878 3571 4949; baseline -0.001 -16"><span class='ocrx_word' id='word_1_845' title='bbox 1979 4893 2045 4933; x_wconf 81' lang='lat' dir='ltr'><strong>ex</strong></span> <span class='ocrx_word' id='word_1_846' title='bbox 2099 4879 2281 4935; x_wconf 90' lang='lat' dir='ltr'><strong>anima</strong></span> <span class='ocrx_word' id='word_1_847' title='bbox 2329 4880 2548 4947; x_wconf 89' lang='lat' dir='ltr'><strong>cedant,</strong></span> <span class='ocrx_word' id='word_1_848' title='bbox 2612 4889 2668 4937; x_wconf 91' lang='lat' dir='ltr'><strong>et</strong></span> <span class='ocrx_word' id='word_1_849' title='bbox 2711 4880 2796 4935; x_wconf 87' lang='lat' dir='ltr'><strong>vel</strong></span> <span class='ocrx_word' id='word_1_850' title='bbox 2817 4879 2883 4934; x_wconf 92' lang='lat' dir='ltr'><strong>ad</strong></span> <span class='ocrx_word' id='word_1_851' title='bbox 2915 4886 3153 4949; x_wconf 89' lang='lat' dir='ltr'><strong>tempus,</strong></span> <span class='ocrx_word' id='word_1_852' title='bbox 3186 4879 3271 4933; x_wconf 88' lang='lat' dir='ltr'><strong>vel</strong></span> <span class='ocrx_word' id='word_1_853' title='bbox 3290 4878 3345 4932; x_wconf 91' lang='lat' dir='ltr'><strong>in</strong></span> <span class='ocrx_word' id='word_1_854' title='bbox 3374 4892 3571 4949; x_wconf 83' lang='lat' dir='ltr'><strong>perpe-</strong></span> 
     </span>
    </p>
   </div>
   <div class='ocr_carea' id='block_1_112' title="bbox 1982 4968 3568 5038">
    <p class='ocr_par' dir='ltr' id='par_1_112' title="bbox 1982 4968 3568 5038">
     <span class='ocr_line' id='line_1_112' title="bbox 1982 4968 3568 5038; baseline -0.003 -13"><span class='ocrx_word' id='word_1_855' title='bbox 1982 4978 2138 5026; x_wconf 86' lang='lat' dir='ltr'><strong>tuum</strong></span> <span class='ocrx_word' id='word_1_856' title='bbox 2182 4970 2470 5028; x_wconf 90' lang='lat' dir='ltr'><strong>nobiscum</strong></span> <span class='ocrx_word' id='word_1_857' title='bbox 2530 4972 2782 5028; x_wconf 89' lang='lat' dir='ltr'><strong>inducias</strong></span> <span class='ocrx_word' id='word_1_858' title='bbox 2839 4969 3063 5036; x_wconf 86' lang='lat' dir='ltr'><strong>faciant,</strong></span> <span class='ocrx_word' id='word_1_859' title='bbox 3114 4968 3319 5035; x_wconf 90' lang='lat' dir='ltr'><strong>nullus,</strong></span> <span class='ocrx_word' id='word_1_860' title='bbox 3356 4969 3568 5038; x_wconf 88' lang='lat' dir='ltr'><strong>opinor,</strong></span> 
     </span>
    </p>
   </div>
   <div class='ocr_carea' id='block_1_113' title="bbox 1981 5060 3571 5131">
    <p class='ocr_par' dir='ltr' id='par_1_113' title="bbox 1981 5060 3571 5131">
     <span class='ocr_line' id='line_1_113' title="bbox 1981 5060 3571 5131; baseline -0.004 -11"><span class='ocrx_word' id='word_1_861' title='bbox 1981 5063 2217 5120; x_wconf 88' lang='lat' dir='ltr'><strong>dubitat.</strong></span> <span class='ocrx_word' id='word_1_862' title='bbox 2280 5063 2427 5131; x_wconf 86' lang='lat' dir='ltr'><strong>Quot</strong></span> <span class='ocrx_word' id='word_1_863' title='bbox 2471 5074 2653 5121; x_wconf 91' lang='lat' dir='ltr'><strong>autem</strong></span> <span class='ocrx_word' id='word_1_864' title='bbox 2689 5063 2872 5120; x_wconf 87' lang='lat' dir='ltr'><strong>modis</strong></span> <span class='ocrx_word' id='word_1_865' title='bbox 2902 5063 3119 5118; x_wconf 91' lang='lat' dir='ltr'><strong>illorum</strong></span> <span class='ocrx_word' id='word_1_866' title='bbox 3142 5077 3174 5116; x_wconf 89' lang='lat' dir='ltr'><strong>a</strong></span> <span class='ocrx_word' id='word_1_867' title='bbox 3201 5060 3360 5115; x_wconf 87' lang='lat' dir='ltr'><strong>nobis</strong></span> <span class='ocrx_word' id='word_1_868' title='bbox 3388 5074 3571 5115; x_wconf 58' lang='lat' dir='ltr'><strong>reces.</strong></span> 
     </span>
    </p>
   </div>
   <div class='ocr_carea' id='block_1_114' title="bbox 1983 5149 3572 5226">
    <p class='ocr_par' dir='ltr' id='par_1_114' title="bbox 1983 5149 3572 5226">
     <span class='ocr_line' id='line_1_114' title="bbox 1983 5149 3572 5226; baseline -0.004 -15"><span class='ocrx_word' id='word_1_869' title='bbox 1983 5170 2077 5211; x_wconf 91' lang='lat' dir='ltr'><strong>sus</strong></span> <span class='ocrx_word' id='word_1_870' title='bbox 2143 5154 2256 5221; x_wconf 86' lang='lat' dir='ltr'><strong>flat,</strong></span> <span class='ocrx_word' id='word_1_871' title='bbox 2306 5154 2565 5226; x_wconf 90' lang='lat' dir='ltr'><strong>perpauci</strong></span> <span class='ocrx_word' id='word_1_872' title='bbox 2636 5164 2858 5211; x_wconf 90' lang='lat' dir='ltr'><strong>norunt.</strong></span> <span class='ocrx_word' id='word_1_873' title='bbox 2927 5154 3291 5211; x_wconf 77' lang='lat' dir='ltr'><strong>Recesserunt</strong></span> <span class='ocrx_word' id='word_1_874' title='bbox 3338 5149 3470 5205; x_wconf 83' lang='lat' dir='ltr'><strong>vitia</strong></span> <span class='ocrx_word' id='word_1_875' title='bbox 3507 5165 3572 5207; x_wconf 81' lang='lat' dir='ltr'><strong>ex</strong></span> 
     </span>
    </p>
   </div>
   <div class='ocr_carea' id='block_1_115' title="bbox 1984 5243 3575 5320">
    <p class='ocr_par' dir='ltr' id='par_1_115' title="bbox 1984 5243 3575 5320">
     <span class='ocr_line' id='line_1_115' title="bbox 1984 5243 3575 5320; baseline -0.003 -17"><span class='ocrx_word' id='word_1_876' title='bbox 1984 5249 2317 5320; x_wconf 88' lang='lat' dir='ltr'><strong>quibusdam</strong></span> <span class='ocrx_word' id='word_1_877' title='bbox 2341 5264 2453 5304; x_wconf 91' lang='lat' dir='ltr'><strong>non</strong></span> <span class='ocrx_word' id='word_1_878' title='bbox 2480 5248 2658 5304; x_wconf 89' lang='lat' dir='ltr'><strong>solum</strong></span> <span class='ocrx_word' id='word_1_879' title='bbox 2693 5247 3062 5313; x_wconf 87' lang='lat' dir='ltr'><strong>credentibus,</strong></span> <span class='ocrx_word' id='word_1_880' title='bbox 3094 5243 3187 5301; x_wconf 90' lang='lat' dir='ltr'><strong>sed</strong></span> <span class='ocrx_word' id='word_1_881' title='bbox 3246 5243 3409 5298; x_wconf 89' lang='lat' dir='ltr'><strong>etiam</strong></span> <span class='ocrx_word' id='word_1_882' title='bbox 3467 5258 3575 5298; x_wconf 89' lang='lat' dir='ltr'><strong>non</strong></span> 
     </span>
    </p>
   </div>
   <div class='ocr_carea' id='block_1_116' title="bbox 1984 5334 3577 5411">
    <p class='ocr_par' dir='ltr' id='par_1_116' title="bbox 1984 5334 3577 5411">
     <span class='ocr_line' id='line_1_116' title="bbox 1984 5334 3577 5411; baseline -0.005 -16"><span class='ocrx_word' id='word_1_883' title='bbox 1984 5340 2354 5406; x_wconf 84' lang='lat' dir='ltr'><strong>credentibus,</strong></span> <span class='ocrx_word' id='word_1_884' title='bbox 2387 5350 2614 5410; x_wconf 83' lang='lat' dir='ltr'><strong>excepto</strong></span> <span class='ocrx_word' id='word_1_885' title='bbox 2651 5356 2784 5408; x_wconf 89' lang='lat' dir='ltr'><strong>uno,</strong></span> <span class='ocrx_word' id='word_1_886' title='bbox 2813 5338 2961 5411; x_wconf 90' lang='lat' dir='ltr'><strong>quod</strong></span> <span class='ocrx_word' id='word_1_887' title='bbox 2993 5339 3047 5393; x_wconf 92' lang='lat' dir='ltr'><strong>in</strong></span> <span class='ocrx_word' id='word_1_888' title='bbox 3084 5334 3398 5391; x_wconf 85' lang='lat' dir='ltr'><strong>hominibus</strong></span> <span class='ocrx_word' id='word_1_889' title='bbox 3440 5334 3577 5389; x_wconf 79' lang='lat' dir='ltr'><strong>reli—</strong></span> 
     </span>
    </p>
   </div>
   <div class='ocr_carea' id='block_1_117' title="bbox 1984 5426 3578 5503">
    <p class='ocr_par' dir='ltr' id='par_1_117' title="bbox 1984 5426 3578 5503">
     <span class='ocr_line' id='line_1_117' title="bbox 1984 5426 3578 5503; baseline -0.008 -14"><span class='ocrx_word' id='word_1_890' title='bbox 1984 5441 2247 5503; x_wconf 88' lang='lat' dir='ltr'><strong>querunt,</strong></span> <span class='ocrx_word' id='word_1_891' title='bbox 2281 5441 2344 5489; x_wconf 92' lang='lat' dir='ltr'><strong>ut</strong></span> <span class='ocrx_word' id='word_1_892' title='bbox 2373 5447 2441 5488; x_wconf 80' lang='lat' dir='ltr'><strong>ex</strong></span> <span class='ocrx_word' id='word_1_893' title='bbox 2471 5432 2730 5489; x_wconf 89' lang='lat' dir='ltr'><strong>omnibus</strong></span> <span class='ocrx_word' id='word_1_894' title='bbox 2756 5430 2906 5486; x_wconf 88' lang='lat' dir='ltr'><strong>vitiis</strong></span> <span class='ocrx_word' id='word_1_895' title='bbox 2969 5426 3202 5499; x_wconf 89' lang='lat' dir='ltr'><strong>capitale</strong></span> <span class='ocrx_word' id='word_1_896' title='bbox 3248 5431 3578 5480; x_wconf 63' lang='lat' dir='ltr'><strong>caeterorum</strong></span> 
     </span>
    </p>
   </div>
   <div class='ocr_carea' id='block_1_118' title="bbox 1986 5517 3583 5599">
    <p class='ocr_par' dir='ltr' id='par_1_118' title="bbox 1986 5517 3583 5599">
     <span class='ocr_line' id='line_1_118' title="bbox 1986 5517 3583 5599; baseline -0.009 -18"><span class='ocrx_word' id='word_1_897' title='bbox 1986 5526 2232 5581; x_wconf 88' lang='lat' dir='ltr'><strong>omnium</strong></span> <span class='ocrx_word' id='word_1_898' title='bbox 2287 5525 2462 5581; x_wconf 90' lang='lat' dir='ltr'><strong>vicem</strong></span> <span class='ocrx_word' id='word_1_899' title='bbox 2517 5534 2572 5581; x_wconf 91' lang='lat' dir='ltr'><strong>et</strong></span> <span class='ocrx_word' id='word_1_900' title='bbox 2633 5524 2814 5599; x_wconf 83' lang='lat' dir='ltr'><strong>locum</strong></span> <span class='ocrx_word' id='word_1_901' title='bbox 2872 5521 3140 5591; x_wconf 89' lang='lat' dir='ltr'><strong>impleret,</strong></span> <span class='ocrx_word' id='word_1_902' title='bbox 3205 5517 3427 5589; x_wconf 88' lang='lat' dir='ltr'><strong>quando</strong></span> <span class='ocrx_word' id='word_1_903' title='bbox 3461 5524 3583 5571; x_wconf 85' lang='lat' dir='ltr'><strong>tam</strong></span> 
     </span>
    </p>
   </div>
   <div class='ocr_carea' id='block_1_119' title="bbox 1987 5606 3581 5687">
    <p class='ocr_par' dir='ltr' id='par_1_119' title="bbox 1987 5606 3581 5687">
     <span class='ocr_line' id='line_1_119' title="bbox 1987 5606 3581 5687; baseline -0.007 -16"><span class='ocrx_word' id='word_1_904' title='bbox 1987 5616 2214 5672; x_wconf 80' lang='lat' dir='ltr'><strong>noxium</strong></span> <span class='ocrx_word' id='word_1_905' title='bbox 2267 5624 2321 5670; x_wconf 91' lang='lat' dir='ltr'><strong>et</strong></span> <span class='ocrx_word' id='word_1_906' title='bbox 2378 5615 2641 5687; x_wconf 89' lang='lat' dir='ltr'><strong>pestilens</strong></span> <span class='ocrx_word' id='word_1_907' title='bbox 2696 5622 2802 5681; x_wconf 89' lang='lat' dir='ltr'><strong>est,</strong></span> <span class='ocrx_word' id='word_1_908' title='bbox 2837 5623 2901 5669; x_wconf 89' lang='lat' dir='ltr'><strong>ut</strong></span> <span class='ocrx_word' id='word_1_909' title='bbox 2922 5611 3087 5668; x_wconf 89' lang='lat' dir='ltr'><strong>etiam</strong></span> <span class='ocrx_word' id='word_1_910' title='bbox 3116 5624 3148 5666; x_wconf 89' lang='lat' dir='ltr'><strong>e</strong></span> <span class='ocrx_word' id='word_1_911' title='bbox 3172 5608 3313 5665; x_wconf 74' lang='lat' dir='ltr'><strong>caelo</strong></span> <span class='ocrx_word' id='word_1_912' title='bbox 3340 5606 3581 5676; x_wconf 87' lang='lat' dir='ltr'><strong>dejicere</strong></span> 
     </span>
    </p>
   </div>
   <div class='ocr_carea' id='block_1_120' title="bbox 1987 5698 3575 5780">
    <p class='ocr_par' dir='ltr' id='par_1_120' title="bbox 1987 5698 3575 5780">
     <span class='ocr_line' id='line_1_120' title="bbox 1987 5698 3575 5780; baseline -0.008 -14"><span class='ocrx_word' id='word_1_913' title='bbox 1987 5709 2183 5780; x_wconf 88' lang='lat' dir='ltr'><strong>possit.</strong></span> <span class='ocrx_word' id='word_1_914' title='bbox 2244 5708 2570 5764; x_wconf 83' lang='lat' dir='ltr'><strong>Absumitur</strong></span> <span class='ocrx_word' id='word_1_915' title='bbox 2615 5706 2844 5763; x_wconf 85' lang='lat' dir='ltr'><strong>materia</strong></span> <span class='ocrx_word' id='word_1_916' title='bbox 2894 5701 3185 5776; x_wconf 88' lang='lat' dir='ltr'><strong>(peccati)</strong></span> <span class='ocrx_word' id='word_1_917' title='bbox 3214 5702 3335 5765; x_wconf 80' lang='lat' dir='ltr'><strong>igne</strong></span> <span class='ocrx_word' id='word_1_918' title='bbox 3363 5698 3575 5756; x_wconf 73' lang='lat' dir='ltr'><strong>cmlesti</strong></span> 
     </span>
    </p>
   </div>
   <div class='ocr_carea' id='block_1_121' title="bbox 1990 5789 3574 5872">
    <p class='ocr_par' dir='ltr' id='par_1_121' title="bbox 1990 5789 3574 5872">
     <span class='ocr_line' id='line_1_121' title="bbox 1990 5789 3574 5872; baseline -0.008 -14"><span class='ocrx_word' id='word_1_919' title='bbox 1990 5802 2286 5872; x_wconf 83' lang='lat' dir='ltr'><strong>exhausta,</strong></span> <span class='ocrx_word' id='word_1_920' title='bbox 2320 5807 2377 5857; x_wconf 91' lang='lat' dir='ltr'><strong>et</strong></span> <span class='ocrx_word' id='word_1_921' title='bbox 2422 5815 2490 5859; x_wconf 79' lang='lat' dir='ltr'><strong>ex</strong></span> <span class='ocrx_word' id='word_1_922' title='bbox 2529 5798 2717 5856; x_wconf 86' lang='lat' dir='ltr'><strong>anima</strong></span> <span class='ocrx_word' id='word_1_923' title='bbox 2740 5794 3007 5854; x_wconf 89' lang='lat' dir='ltr'><strong>radicitus</strong></span> <span class='ocrx_word' id='word_1_924' title='bbox 3051 5792 3337 5851; x_wconf 87' lang='lat' dir='ltr'><strong>convulsa.</strong></span> <span class='ocrx_word' id='word_1_925' title='bbox 3365 5789 3574 5847; x_wconf 80' lang='lat' dir='ltr'><strong>Daemo-</strong></span> 
     </span>
    </p>
   </div>
  </div>
