4042 6484
744 144 775 163 ’
1644 157 1671 177 ο

601 284 731 350 102⁵1

1846 284 1907 345 S.
1922 282 2251 344 .JOANNIS
2297 286 2604 347 CLIMACI

3694 274 3809 377 tota

595 409 695 449 nes
738 404 938 464 sponte
971 408 1032 450 se
1077 395 1410 455 subducunt,
1439 400 1497 446 ut
1532 405 1636 446 nos
1674 400 1902 447 securos
1940 390 2169 446 reddam

2293 393 2585 492 απᾶθειαν,
2615 396 2697 452 ἔτι
2722 398 2783 464 ἐξ
2801 399 3103 471 ἁπλότητος
3133 401 3333 473 πολλῆς
3357 405 3447 459 καὶ
3474 374 3815 492 ἀκεραιότητος

602 494 657 539 et
725 496 950 555 repente
1006 486 1265 560 miseram
1328 485 1565 538 animam
1618 483 1894 549 invadant,
1930 483 2186 553 vitiisque

597 575 730 629 adeo
783 577 1045 631 atrociter
1104 582 1478 644 corrumpant,
1541 582 1601 629 ut
1648 574 1761 642 ipsa
1795 573 1901 628 sibi
1929 574 2187 642 deinceps

596 668 887 731 insidietur
931 677 984 722 et
1036 667 1213 722 hostis
1242 666 1354 719 fiat.
1389 664 1524 718 Novi
1548 673 1602 720 et
1645 666 1805 719 aliam
1840 666 2035 719 barum
2074 665 2185 720 bel-

596 761 809 813 luarum
860 775 919 814 se
967 758 1305 814 subduceudi
1356 767 1553 823 artem,
1616 765 1971 826 posteaquam
2001 756 2185 812 anima

594 851 739 904 vitiis
814 850 1028 919 penitus
1092 850 1355 905 assuevit.
1423 848 1758 905 Documento
1823 849 1950 904 dicti
2014 849 2184 904 nostri

596 952 754 996 sunto
788 941 1043 1006 infantes,
1067 941 1160 1010 qui
1197 950 1318 1010 post
1338 941 1553 1012 longam
1580 941 1806 1012 sugendi
1832 942 2186 997 consuetudi-

595 1049 715 1086 nem
754 1043 809 1087 et
849 1033 961 1102 jam
1004 1033 1207 1103 repulsi
1239 1033 1310 1089 ab
1362 1035 1527 1089 ubere
1584 1033 1797 1097 matris,
1851 1048 1981 1088 suos
2008 1034 2187 1089 adhuc

590 1124 786 1191 digitos
843 1135 1067 1193 sugunt.
1119 1122 1238 1177 Non
1301 1125 1492 1193 ignoro
1541 1125 1791 1195 quintam
1842 1140 2063 1194 quoque
2115 1125 2171 1179 in

590 1216 774 1270 animo
813 1232 844 1270 a
885 1218 1391 1286 perturbationibus
1421 1217 1685 1286 quietem,
1721 1232 1845 1287 quae
1896 1232 1963 1272 cx
2010 1217 2183 1272 multa

591 1312 945 1381 simplicitate
970 1313 1303 1384 laudataque
1339 1313 1649 1383 integritate
1694 1322 1860 1383 atquc
1918 1313 2183 1369 innocen-

593 1404 666 1459 tia
690 1414 910 1462 constat
940 1425 952 1461 :
982 1406 1201 1461 Iustum
1230 1408 1369 1460 enim
1399 1407 1731 1471 adiutorium
1759 1407 1840 1461 his
1862 1424 1895 1460 a
1932 1406 2181 1474 Domino,

587 1497 682 1565 qui
741 1496 915 1551 salvos
963 1497 1090 1565 facit
1135 1508 1303 1550 rectos
1362 1496 1517 1551 corde
1575 1497 1642 1561 ³⁷,
1676 1505 1731 1551 et
1754 1512 1860 1551 non
1887 1498 2185 1553 sentientes

588 1587 784 1643 liberat
837 1605 869 1644 a
930 1588 1097 1662 346
1159 1588 1320 1643 malis
1360 1588 1842 1658 :quandoqnidem
1874 1588 2185 1644 etinfantcs

586 1681 735 1734 exuti
764 1682 1010 1738 vestibus
1053 1697 1113 1736 se
1147 1681 1324 1736 nudos
1353 1695 1478 1735 esse
1525 1695 1719 1750 parum
1772 1684 2033 1736 sentiunt.
2072 1680 2185 1734 Ma-

2289 488 2712 560 ιπαινουμένους
2751 494 3137 564 συνισταμένη.
3177 497 3379 550 Δικαία
3412 500 3519 568 γὰρ
3546 505 3583 572 ἠ
3603 488 3814 574 βοήθεια

2288 574 2414 642 τοῖς
2465 580 2759 646 τοιούτοις
2820 582 2976 650 παρὰ
3027 582 3177 637 Θεοῦ
3222 584 3330 639 τοῦ
3375 588 3652 658 σώζοντος
3699 604 3814 673 τοὺς

2286 669 2481 737 εὐθεῖς
2526 670 2600 739 τῇ
2636 673 2869 741 καρδίᾳ,
2904 675 3000 727 καὶ
3052 675 3468 750 ἀνεπαισθήτως
3513 685 3691 752 αὐτοὺς

2287 755 2472 809 κακῶν
2518 756 2953 824 ἀπαλλάττοντες
2981 775 3001 791 ⁸·
3049 760 3211 832 εἰπερ
3264 764 3357 817 καὶ
3394 767 3462 820 τὰ
3497 770 3654 841 νήπια
3690 779 3814 834 ἐκδυ-

2289 842 2456 899 θέντα
2483 846 2544 899 οὐ
2579 847 2723 901 πάνυ
2755 847 3117 915 γινώσκουσι.
3144 852 3328 905 Κακία
3349 856 3444 922 μὲν
3474 857 3600 929 (54),
3623 862 3653 933 ἢ
3680 869 3811 935 πάθος

2305 937 2557 1003 φυσικῶς
2587 941 2645 992 ὲν
2674 942 2743 1011 τῇ
2777 941 2937 1010 φύσει
2963 942 3025 995 οὐ
3051 942 3296 1012 πέφυκεν
3323 947 3439 1000 ὀὐκ
3468 948 3577 1003 ἐστι
3606 953 3702 1025 γὰρ
3723 975 3812 1012 κτι-

2290 1031 2422 1103 στὴς
2452 1033 2644 1087 παθῶν
2682 1037 2713 1089 ό
2747 1037 2879 1099 Θεός
2915 1053 2928 1067 ·
2966 1037 3159 1108 ἀρεταὶ
3197 1038 3256 1092 δὲ
3292 1041 3447 1109 φύσει
3469 1048 3560 1098 καὶ
3589 1050 3805 1109 πολλαὶέν

2289 1122 2421 1190 ἡμῖν
2445 1125 2575 1193 παρ’
2606 1125 2772 1179 αὐτοῦ
2802 1128 3113 1195 γεγόνασιν,
3147 1129 3209 1195 ἐξ
3230 1124 3304 1184 ὧν
3331 1135 3435 1186 εἱσι
3463 1136 3554 1189 xa‘t
3577 1134 3718 1194 αὗται
3740 1161 3807 1197 σα-

2287 1215 2403 1281 φῶς
2423 1234 2435 1246 ·
2474 1217 2507 1286 ή
2556 1216 2915 1291 ἐλεημοσύνη,
2956 1220 3119 1293 εἴπερ
3147 1223 3242 1275 καὶ
3267 1224 3519 1296 ’Έλληνες
3549 1235 3810 1301 συμπαθοῦ-

2288 1323 2401 1360 σιν·
2432 1309 2465 1378 ή
2494 1309 2707 1378 ἀγάπη,
2736 1311 2894 1382 εἴπερ
2930 1315 3024 1367 καὶ
3052 1315 3126 1368 τὰ
3156 1315 3328 1385 ἄλογα
3354 1316 3466 1381 ζῶα
3495 1319 3723 1387 πολλάκις
3744 1328 3810 1381 ἐπὶ

2284 1402 2350 1470 τῇ
2391 1402 2640 1471 στερήσει
2664 1403 2908 1475 ἀλλήλων
2946 1406 3270 1478 ἐδάκρυσαν.
3312 1406 3376 1461 'H
3417 1410 3622 1476 πίστις·
3657 1417 3810 1482 πάντες

2286 1492 2394 1564 γὰρ
2418 1492 2476 1557 ἐξ
2506 1495 2717 1550 ἑαυτῶν
2746 1497 2951 1569 ταύτην
2986 1500 3376 1571 ἀποτίκτομεψ
3420 1503 3585 1572 ἐλπὶς,
3624 1508 3725 1560 ἐπεὶ
3743 1512 3810 1563 καὶ

2285 1585 2674 1657 δανειζόμενοι,
2692 1591 2785 1642 καὶ
2806 1590 3080 1657 πλέοντες,
3101 1594 3195 1648 καὶ
3227 1593 3540 1665 σπείροντες
3570 1598 3809 1672 πλουτῆσαι

2286 1678 2604 1751 ἐλπίζομεν.
2864 1742 2867 1745 _
3680 1708 3683 1711 -

586 1774 702 1830 litia
746 1783 800 1831 et
850 1776 981 1832 vitia
1004 1777 1323 1831 naturaliter
1349 1774 1403 1829 in
1439 1784 1637 1831 natura
1688 1790 1798 1831 non
1870 1786 2020 1841 sunt,
2089 1790 2266 1846 neque
2299 1774 2444 1832 Deus
2486 1777 2744 1833 vitiorum
2798 1791 3001 1847 auctor,
3046 1792 3149 1839 est.
3191 1782 3434 1841 Virtutes
3465 1795 3633 1841 autem
3661 1801 3808 1847 natura

584 1867 771 1923 multa:
802 1868 960 1924 nobis
981 1868 1051 1923 ab
1081 1867 1173 1922 illo
1201 1865 1382 1921 inditae
1408 1866 1556 1933 sunt,
1591 1881 1659 1921 ex
1718 1866 1921 1936 quibus
1979 1866 2098 1921 istae
2146 1866 2431 1920 manifeste
2464 1875 2596 1921 sunt
2647 1883 2663 1920 :
2697 1867 3091 1936 Misericordia,
3125 1873 3350 1941 quando
3400 1872 3513 1926 illa
3540 1883 3592 1928 et
3639 1891 3810 1946 pagana:

585 1968 775 2031 gentes
813 1969 1110 2029 tanguntur
1141 1975 1155 2012 :
1183 1958 1442 2023 cbaritas,
1484 1958 1532 2013 si
1562 1956 1781 2026 quidem
1841 1972 1948 2011 non
1990 1971 2114 2011 raro
2163 1964 2219 2011 et
2252 1954 2426 2010 brutae
2456 1956 2764 2014 animantes
2797 1961 2942 2028 quod
2983 1960 3192 2015 orbata:
3248 1971 3438 2016 essent
3489 1958 3542 2034 [a
3578 1979 3632 2020 se
3667 1968 3810 2020 mutu0

584 2050 812 2105 divulsae
850 2048 907 2120 ],
956 2048 1268 2119 lacrymata:
1334 2054 1480 2103 sunt.
1538 2045 1721 2111 Fides,
1780 2061 1972 2101 omnes
2037 2045 2180 2101 enim
2223 2046 2367 2100 hanc
2424 2061 2491 2101 ex
2553 2048 2714 2105 nobis
2753 2049 2888 2120 ipsis
2925 2051 3325 2123 progignimus.
3360 2052 3511 2123 Spes,
3558 2070 3670 2109 nam
3718 2072 3808 2112 cum

585 2153 836 2201 mutuum
903 2143 1205 2213 accipimus
1263 2152 1359 2198 aut
1410 2143 1626 2210 damus,
1662 2150 1718 2196 et
1762 2143 2107 2212 navigamus,
2146 2150 2200 2195 et
2238 2142 2493 2205 serimus,
2550 2158 2835 2214 speramus
2891 2145 3135 2202 futurum
3165 2157 3225 2203 ut
3274 2148 3617 2205 ditescamus.

650 2237 791 2294 Cum
846 2251 999 2306 ergo,
1055 2237 1130 2291 uti
1187 2237 1624 2291 demonstratum
1665 2246 1771 2303 est,
1804 2236 2047 2291 cbaritas
2077 2248 2169 2288 na-

2350 2235 2412 2286 Εἱ
2459 2236 2662 2301 τοίνυν,
2711 2238 2791 2303 ὡς
2836 2239 3237 2303 ἀποδέδεικται,
3285 2244 3322 2313 ὴ
3369 2243 3552 2311 ἀγάπη
3582 2244 3727 2313 φύσει
3746 2244 3808 2299 καὶ

580 2337 703 2384 tura
760 2327 1048 2397 virtusque
1084 2326 1246 2382 nobis
1304 2326 1471 2382 insita
1536 2327 1627 2394 sit,
1655 2334 1710 2383 et
1738 2328 1856 2382 haec
1892 2326 2169 2381 vinculum

2279 2327 2451 2399 ἁρετὴ
2472 2329 2532 2381 ὲν
2550 2332 2685 2399 ἡμῖν
2710 2329 3039 2402 καθέστηκε,
3064 2331 3367 2403 σύνδεσμος
3390 2334 3446 2386 δὲ
3474 2336 3563 2387 καὶ
3588 2335 3803 2406 πλήρωμα

578 2419 713 2490 legis
773 2426 939 2488 atque
1012 2416 1276 2488 perfectio
1326 2418 1418 2484 sit,
1467 2418 1710 2488 perfecto
1732 2434 1840 2473 non
1878 2418 2070 2489 procul
2107 2417 2169 2473 ab

2276 2416 2443 2487 νόμου
2475 2418 2635 2490 αὕτη,
2666 2420 2861 2474 οὐκοῦν
2894 2422 2955 2476 οὐ
2990 2423 3180 2495 πόρρω
3227 2423 3335 2493 τῆς
3361 2422 3569 2493 φύσεως
3590 2425 3641 2478 al
3666 2426 3809 2496 ἀρεταὶ

580 2519 781 2567 natura
819 2512 1024 2567 absunt
1059 2510 1288 2566 virtutes
1319 2510 1452 2582 [non
1496 2511 1691 2566 alienat
1721 2520 1850 2566 sunt
1887 2525 1919 2565 a
1980 2517 2175 2564 natura

576 2602 854 2677 virtutes],
883 2612 942 2658 ut
1004 2604 1203 2659 merito
1236 2604 1567 2659 erubescant
1595 2603 1632 2657 ii
1669 2603 1764 2674 qui
1810 2603 1865 2657 in
1905 2603 2171 2657 virtutum

574 2696 972 2751 exercitatione
1001 2694 1428 2749 imbecillitatem
1453 2710 1609 2750 suam
1666 2702 1992 2765 praetexunt.
2059 2690 2172 2747 Na-

574 2798 714 2846 ture
775 2790 922 2845 vires
983 2788 1255 2844 excedunt
1281 2789 1530 2859 castitas,
1572 2789 1667 2844 ira:
1699 2788 1953 2852 victoria,
1982 2787 2170 2842 humi-

574 2883 723 2949 litas,
766 2884 966 2949 oratio,
1003 2882 1226 2953 vigiliae,
1249 2864 1546 2955 jejunium,
1576 2892 1840 2954 perpetua
1900 2897 2170 2953 compun-

575 2978 706 3033 ctio.
743 2975 820 3031 Ex
852 2977 920 3030 iis
955 2977 1093 3032 alias
1124 2969 1395 3043 homines,
1434 2977 1571 3033 alias
1614 2976 1812 3047 angeli,
1867 2975 2007 3032 alias
2057 2976 2173 3046 ipse

577 3067 727 3126 Deus
756 3068 996 3123 Verbum
1036 3069 1196 3147 docet
1224 3076 1279 3123 et
1302 3068 1552 3139 largitur.
1594 3068 1673 3123 Ex
1712 3066 1987 3123 malorum
2017 3081 2171 3122 com-

573 3163 856 3233 paratione
899 3148 1082 3218 minus
1110 3170 1167 3217 et
1198 3160 1374 3217 levius
1421 3161 1731 3237 eligendum
1794 3169 1899 3218 est.
1967 3160 2171 3228 Quem-

572 3251 865 3322 admodum
924 3266 1066 3323 saepe
1121 3252 1395 3318 usuvenit,
1456 3261 1514 3307 ut
1552 3253 1725 3308 vnobis
1774 3252 1918 3307 inter
1977 3266 2168 3324 preces

573 3343 686 3399 Deo
750 3344 1137 3401 assistentibus
1187 3344 1458 3415 peregrini
1511 3344 1711 3400 fratres
1753 3344 1820 3400 ad
1852 3359 1953 3399 nos
1985 3343 2169 3398 diver—

573 3444 712 3501 tant,
780 3451 907 3491 cum
939 3450 1003 3491 ex
1032 3436 1254 3491 duobus
1292 3437 1614 3491 alterutrum
1656 3436 1817 3492 nobis
1853 3436 2169 3506 relinquen-

571 3528 703 3583 dum
743 3535 851 3594 est,
901 3535 996 3582 aut
1047 3518 1494 3598 interrumpenda
1528 3528 1728 3596 oratio,
1757 3536 1854 3611 apt
1877 3527 2165 3597 religiosus

571 3617 740 3674 frater
798 3620 1005 3689 absque
1064 3620 1394 3676 salutatione
1425 3628 1477 3676 et
1500 3619 1755 3694 alloquio
1780 3619 2157 3682 dimittendus,

570 3719 625 3765 et
649 3710 866 3765 tristitia
888 3709 1234 3766 afﬁciendus.
1275 3710 1447 3781 Major
1472 3711 1721 3767 oratione
1754 3718 1838 3767 est
1867 3710 2107 3766 Charitas
2141 3725 2156 3762 :

570 3803 660 3859 illa
684 3805 829 3858 enim
852 3804 982 3874 quid
1021 3804 1292 3873 privatum
1323 3811 1427 3869 est,
1451 3804 1568 3858 haec
1592 3814 1775 3859 autem
1806 3818 2002 3859 omnes
2064 3817 2158 3873 ge-

571 3895 804 3951 neratim
865 3896 1088 3952 virtutes
1143 3897 1546 3971 complectitur.
1601 3894 1717 3967 Ego
1772 3910 1899 3951 cum
1979 3895 2160 3950 adhuc

569 3988 753 4057 iunior
807 4002 1008 4055 essem,
1038 3988 1169 4043 olim
1212 3988 1488 4044 civitatem
1550 3996 1643 4043 aut
1668 3988 1831 4061 347
1866 3972 2045 4044 vicum
2077 3990 2163 4042 in-

568 4094 811 4150 gressus,
863 4079 990 4134 dum
1041 4079 1109 4135 ad
1163 4096 1408 4137 mensam
1441 4081 1688 4138 sederem
1728 4082 1798 4137 ab
1820 4081 1959 4153 gulae
1995 4081 2159 4138 simul

568 4182 623 4226 et
681 4184 836 4227 vanae
880 4171 1067 4243 gloriae
1105 4172 1548 4250 cogitationibus.
1587 4182 1908 4244 occupatus,
1936 4181 1991 4229 et
2020 4173 2160 4244 gulae

568 4262 830 4318 rabientis
895 4254 995 4319 seu
1054 4262 1287 4319 furentis
1316 4264 1624 4334 improbam
1665 4265 1979 4335 progeniem
2013 4264 2159 4318 veri-

568 4360 679 4418 tus,
742 4350 910 4406 malui
940 4366 1095 4406 vauze
1123 4352 1309 4422 gloriae
1333 4354 1713 4409 succumbere.
1756 4353 1958 4409 Noram
1999 4368 2099 4424 ego
2128 4368 2159 4407 a

569 4440 713 4494 malo
764 4440 972 4494 ventris
1027 4442 1206 4509 genio,
1262 4456 1414 4496 vana:
1443 4441 1632 4511 gloriae
1666 4442 1967 4495 daamonem
1999 4439 2051 4493 in
2069 4438 2160 4508 ju-

568 4533 798 4586 venibus
856 4528 1199 4602 superatum,
1265 4545 1319 4588 et
1379 4550 1488 4588 non
1554 4534 1850 4589 immerito.
1914 4528 2056 4590 Nam
2098 4544 2161 4587 ut

569 4623 713 4693 apud
767 4638 862 4679 eos
912 4624 1007 4695 qui
1026 4626 1101 4683 .in
1135 4627 1340 4680 saeculo
1378 4627 1604 4698 degunt,
1631 4624 1861 4679 avaritia
1891 4634 1974 4680 est
2004 4624 2158 4678 radix

567 4717 813 4772 omnium
872 4719 1163 4787 malorum,
1226 4722 1298 4776 ita
1326 4721 1379 4776 in
1406 4721 1669 4792 religione
1701 4720 1849 4791 gula.
1883 4719 2158 4775 Laborant

566 4809 669 4863 viri
696 4811 932 4881 religiosi
955 4821 1009 4867 et
1033 4814 1346 4883 spirituales
1373 4813 1607 4869 subinde
1643 4812 1915 4882 permissu
1972 4814 2157 4869 divino

2276 2510 2677 2582 καθεστήκασι,
2728 2513 2823 2567 καὶ
2884 2515 3318 2587 αἰσχυνθείησαν
3348 2517 3399 2569 οἱ
3436 2516 3710 2588 ἀδυναμίαν
3745 2519 3811 2570 ἐπὶ

2275 2602 2340 2671 τῇ
2369 2602 2574 2656 τούτων
2601 2604 2837 2676 ἐργασίᾳ
2864 2606 3326 2677 προϐαλλόμενοι.
3385 2607 3558 2679 ’Υπὲρ
3601 2607 3737 2677 φύσιν
3768 2608 3812 2661 ἁ-

2274 2694 2453 2762 γνεία,
2483 2697 2781 2767 ἀοργησία,
2807 2697 3316 2768 ταπεινοφροσύνῃ,
3362 2697 3647 2769 προσευχὴ,
3685 2699 3813 2769 ἀγρυ-

2276 2785 2429 2851 πνία,
2457 2787 2705 2857 νηστεία,
2735 2786 3031 2854 κατάνυξις
3055 2788 3348 2860 διηνεκὴς.
3386 2789 3598 2843 Τούτων
3618 2789 3710 2844 τῶν
3741 2788 3815 2859 μὲν

2272 2876 2550 2950 ἄνθρωποι
2575 2877 2715 2950 (55),
2736 2879 2844 2933 τῶν
2874 2879 2932 2933 δὲ
2959 2880 3206 2948 ἄγγελοι,
3253 2880 3375 2937 τῶν
3404 2880 3460 2935 δὲ
3497 2880 3649 2944 αὐτὸς
3670 2881 3695 2933 ό
3714 2876 3814 2939 Θεὸς

2271 2968 2443 3038 Λόγος
2488 2969 2799 3041 καθέστηκε
2857 2970 3184 3034 διδάσκαλος
3235 2971 3337 3026 καὶ
3365 2968 3808 3042 δοτήροσυγκρίσει

2272 3059 2461 3114 κακῶν
2504 3060 2589 3114 δεῖ
2637 3061 2788 3131 ἡμᾶς
2835 3060 2896 3113 τὸ
2948 3060 3289 3131 κουφότερον
3348 3061 3679 3128 ἐκλέξασθαι.
3716 3052 3809 3111 υίον

2271 3150 2536 3215 πολλάκις
2574 3152 2634 3205 ὲν
2688 3153 2968 3223 προσευχῇ
3025 3151 3462 3222 παρισταμένων
3505 3150 3672 3221 ήμῶν,
3707 3150 3808 3219 api;

2269 3240 2419 3309 ἡμᾶς
2444 3238 2667 3309 ἀδελφοὶ
2696 3238 3068 3310 παρεγένοντο
3085 3254 3098 3269 ⁸
3130 3240 3230 3292 καὶ
3257 3239 3407 3293 δυοῖν
3435 3238 3668 3309 θάτερον,
3691 3235 3809 3307 ἢτὴν
3878 3246 3881 3263 ‘

2269 3333 2583 3403 προσευχὴν
2614 3332 2963 3400 καταλιπεῖν,
3010 3331 3043 3401 ἢ
3088 3331 3182 3387 τὸν
3237 3331 3471 3401 ἀδελφὺν
3499 3330 3809 3399 ἀναπόκριτιν

2268 3423 2573 3478 ἀπελθόντα
2613 3424 2879 3495 λυπῆσαι.
2946 3422 3167 3487 Μείζων
3217 3424 3411 3495 ἀγάπη
3466 3419 3809 3493 προσευχῆςὴ

2271 3516 2371 3586 μὲν
2407 3517 2515 3587 γὰρ
2555 3517 2779 3589 μερικὴ,
2822 3518 2856 3587 ή
2877 3517 2935 3570 δὲ
2963 3516 3296 3588 περιεκτικὴ
3326 3515 3514 3571 πασῶν
3536 3512 3807 3581 καθέστηκε.

2190 3587 2234 3645 C
2271 3609 2444 3663 Πάλαι
2498 3611 2557 3663 ὲν
2599 3587 2759 3676 πόλει,
2807 3609 2842 3679 ἢ
2899 3609 3062 3681 κώμῃ
3110 3587 3556 3681 παραγενόμενός
3587 3624 3719 3672 ποτε,
3750 3603 3810 3658 ἔτι

2266 3703 2385 3766 νέος
2409 3701 2508 3766 ὢν,
2540 3700 2648 3756 ὑπὸ
2692 3702 2973 3773 λογισμῶν
3010 3704 3467 3774 γαστριμαργίας
3514 3699 3605 3755 καὶ
3641 3696 3811 3753 κενοδὺο

2267 3793 2386 3858 ξίας
2438 3791 2783 3863 ὁμοθυμαδὸν
2822 3794 2916 3847 ἐπὶ
2954 3791 3244 3865 τραπέζης
3286 3793 3593 3866 καθήμενος
3631 3787 3809 3856 κατελή-

2266 3884 2428 3956 φθην,
2486 3885 2581 3939 καὶ
2635 3885 2818 3957 μέντοι
2867 3886 2967 3956 τὴν
3003 3886 3273 3955 ἀπόγονον
3324 3889 3427 3958 τῆς
3486 3880 3807 3954 κοιλιομανίας

2264 3978 2524 4043 δεδοικὼς
2560 3978 2696 4051 (56),
2747 3980 2813 4050 τῇ
2869 3979 3148 4050 κενοδοξία
3201 3978 3447 4051 ἡττήθην
3497 3977 3700 4050 μᾶλλον.
3736 3970 3806 4023 Ἔ·

2264 4087 2410 4140 γνων
2434 4068 2546 4140 ἐγὼ
2575 4070 2668 4124 τὸν
2694 4070 2792 4139 τῆς
2826 4069 3277 4142 γαστριμαργίας
3314 4068 3546 4138 δαίμονα
3576 4061 3803 4121 πολλάκις,

2265 4168 2355 4219 τὸν
2414 4165 2516 4235 τῆς
2559 4163 2867 4229 κενοδοξίας
2906 4164 3215 4234 νικήσαντα
3253 4164 3313 4215 ὲν
3354 4164 3469 4225 τοῖς
3519 4158 3652 4219 νέοις
3676 4170 3689 4180 ’
3736 4153 3809 4204 καὶ

2263 4258 2491 4320 εἰκότως
2522 4254 2635 4325 (57)
2658 4269 2672 4282 '
2711 4254 2864 4325 παρὰ
2886 4253 2986 4324 μὲν
3013 4256 3126 4318 τοῖς
3158 4256 3218 4308 ἐν
3259 4252 3454 4326 κόσμῳ
3489 4251 3609 4323 ῥίζα
3632 4246 3810 4302 πάντων

2220 4394 2223 4399 .
2261 4349 2370 4403 τῶν
2396 4348 2580 4403 κακῶν
2606 4351 2639 4419 ή
2665 4346 3022 4419 φιλαργυρία,
3040 4345 3193 4416 παρὰ
3221 4346 3279 4399 δὲ
3302 4346 3558 4416 μοναχοῖς
3579 4343 3609 4412 ή
3630 4350 3807 4409 γαστρι-

2265 4438 2494 4509 μαργία·
2507 4435 2623 4491 ἔστι
2638 4435 2791 4506 παρὰ
2812 4438 2922 4498 τοίς
2936 4437 3329 4504 πνευματικοῖς
3346 4432 3602 4492 πολλάκις
3617 4426 3720 4480 τινὰ
3739 4421 3807 4473 εὑ-

2260 4530 2558 4583 τελέστατα
2597 4527 2743 4597 πάθη
2780 4528 2845 4580 ὲκ
2873 4525 3010 4580 Θεοῦ
3045 4524 3410 4596 οἰκονομικῶς
3447 4513 3807 4591 καταλιμπανό·

2263 4637 2421 4693 μενα’
2450 4621 2536 4674 ἴνα
2552 4618 2620 4672 δι’
2637 4617 2871 4673 εὐτελῶν
2891 4635 3075 4682 τινων,
3098 4618 3193 4670 καὶ
3208 4618 3609 4689 ἀναμαρτήτων
3624 4606 3808 4666 ἑαυτοὺς

2260 4712 2381 4766 λίαν
2418 4710 2927 4781 καταμεμφόμενοι,
2983 4708 3211 4763 πλοῦτον
3249 4709 3451 4763 ἄσυλον
3493 4711 3807 4768 ταπεινοφρο-

2263 4812 2431 4879 σύνης
2461 4811 2800 4879 κτήσωνται·
2827 4808 2930 4860 οὐκ
2960 4806 3076 4860 ἔστι
3101 4808 3160 4860 ὲν
3178 4806 3495 4877 προοιμίοις
3521 4797 3810 4856 ταπείνωσιν

566 4899 713 4955 vitiis
752 4881 1099 4971 quibusdam,
1146 4904 1241 4961 sed
1277 4900 1594 4968 levissimis,
1638 4881 1700 4957 ut
1751 4912 1970 4973 propter
2016 4904 2157 4959 levia

2269 4900 2570 4973 κτήσασθαι
2613 4899 3003 4961 ἁνυποτάκτως
3052 4898 3311 4968 διάγοντα
3366 4897 3501 4969 (58),
3536 4893 3682 4959 εἰπερ
3724 4881 3810 4942 πᾶς

566 4995 812 5063 quaedam
882 5011 981 5050 nec
1019 4994 1190 5051 Deum
1230 4995 1578 5061 oﬂ‘eudentia,
1620 4996 1832 5066 seipsus
1856 4997 2011 5052 valde
2047 4999 2159 5054 cul-

2267 4999 2295 5051 ό
2325 4991 2651 5065 ίδιορύθμως
2679 4989 2879 5062 τέχνην
2921 4989 3265 5061 μεμαθηκὼς
3300 4989 3649 5058 φαντάζεται.

565 5094 713 5154 pcnt,
751 5094 805 5140 et
861 5087 1077 5141 interim
1142 5086 1468 5141 humilitatis
1511 5087 1828 5143 thesaurum
1897 5087 2063 5143 nullis
2108 5087 2470 5159 praedonibus,
2528 5081 2839 5152 expositum
2907 5089 3245 5151 comparent.
3299 5079 3445 5135 Fieri
3496 5093 3601 5135 non
3662 5075 3808 5144 polest

567 5188 626 5234 ιιι
656 5179 701 5233 is
723 5179 813 5247 qui
840 5178 1080 5233 nondum
1103 5178 1205 5234 sub
1233 5176 1553 5234 'obedientia:
1593 5178 1725 5250 jugo
1787 5180 1939 5246 vixit,
1993 5182 2180 5236 statim
2253 5182 2307 5236 in
2361 5175 2633 5246 religiosae
2687 5174 2814 5228 vita:
2871 5173 3099 5228 exordio
3129 5172 3357 5227 humilis
3382 5173 3522 5237 fiat;
3576 5164 3805 5237 siquidem

564 5272 728 5328 etiam
768 5273 1086 5341 quicunque
1121 5283 1315 5341 suopte
1337 5284 1471 5327 nutu
1507 5282 1678 5329 artem
1717 5273 1957 5344 aliquam
1996 5275 2276 5343 addidicit,
2338 5287 2513 5342 nugas
2583 5270 2697 5341 agit
2760 5278 2816 5323 et
2850 5269 3073 5324 umbras
3100 5278 3152 5323 et
3211 5269 3398 5324 larvas
3440 5266 3689 5338 sequitur.

638 5362 861 5417 Duabus
910 5363 1088 5434 iisque
1150 5363 1385 5418 maxime
1438 5367 1819 5421 communibus
1853 5366 2150 5422 virtutibus

560 5455 746 5510 Patres
770 5470 988 5511 omnem
1017 5455 1184 5509 vitam
1216 5457 1510 5526 practicam
1534 5468 1631 5514 Seu
1658 5475 1781 5529 quae
1828 5459 1883 5512 in
1946 5443 2156 5529 agendo

572 5539 1257 5616 versatur,'delinierunt,
1318 5566 1419 5606 nec
1481 5553 1756 5610 immerito
1814 5566 1966 5608 sane.
2026 5550 2152 5608 Haec

646 5708 689 5745 ⁸⁷
707 5723 852 5782 Psal.
882 5740 985 5796 vn,
1010 5726 1072 5783 ll

2348 5366 2436 5418 Ἐν
2470 5361 2622 5417 δυσὶν
2659 5361 2902 5424 ἁπάσαις
2927 5361 3321 5429 γενικωτάταις
3351 5362 3572 5432 ἀρεταῖς
3598 5358 3642 5410 οἱ
3671 5348 3805 5407 Πατέ-

2263 5475 2356 5528 ρες
2405 5455 2507 5527 τὴν
2552 5452 2863 5526 πρακτικὴν
2897 5452 3196 5524 ὁρίζονται,
3234 5455 3329 5507 καὶ
3368 5452 3605 5514 εἰκότως.
3641 5447 3695 5499 Ἠ
3724 5440 3802 5514 μὲν

2263 5552 2372 5624 γὰρ
2419 5549 2741 5622 ἀναιρετικὴ
2785 5550 2892 5605 τῶν
2928 5550 3136 5622 ἡδονῶν
3168 5549 3507 5623 καθέστηκεν
3535 5566 3547 5579 ·
3581 5547 3615 5620 ἡ
3648 5541 3699 5596 δὲ
3723 5536 3801 5605 τὴν
