4042 6448
336 310 478 375 1029

1302 307 1535 367 SCALA
1568 299 1954 364 PARADISI.
1994 320 2063 335 --
2102 296 2413 361 GRADUS
2444 297 2652 359 XXVI.

3461 290 3608 355 1030

320 420 616 492 ἀναίρεσιν
650 418 1122 491 ταπεινοφροσύνῃ
1148 417 1613 489 κατησφαλίσατο.
1644 415 1742 469 Διὰ
1764 413 1925 468 τοῦτο

2040 409 2175 465 enim
2208 409 2519 481 voluptates
2552 411 2714 479 tollit,
2747 409 2915 466 altera
2957 424 3054 466 seu
3113 409 3415 474 humilitas,
3462 410 3607 481 quod

326 512 394 564 τὸ
442 510 635 575 πένθος
685 510 927 574 διπλοῦν,
984 508 1059 572 ὡς
1104 509 1202 579 τῆς
1249 506 1524 576 ἁμαρτίας
1559 501 1921 573 ἀναιρετικὸν,

328 602 428 654 καὶ
481 603 581 673 τῆς
605 598 1105 670 ταπεινοφροσύνης
1152 596 1432 667 ποιητικόν
1461 610 1473 623 ·
1520 592 1758 647 εὐσεϐῶν
1802 592 1920 663 μὲν,

329 686 394 742 τδ
429 687 595 742 παντί
634 686 874 740 αἰτοῦντι
914 685 1112 739 διδόναι
1144 683 1278 756 (59),
1311 681 1716 751 εὐσεϐεστέρων
1748 680 1804 733 δὲ
1831 680 1926 733 καὶ

331 776 413 849 τῷ
447 779 523 849 μὴ
553 777 815 832 αἰτοῦντι.
845 777 919 830 Τὸ
943 775 1000 829 δὲ
1031 777 1140 830 ἀπὸ
1171 772 1265 827 τοῦ
1303 775 1548 844 αἴροντος
1581 771 1655 842 μὴ
1673 772 1925 825 ἀπαιτεῖν

328 869 670 941 δυναμένους
700 869 954 941 μάλιστα,
998 868 1138 938 τάχα
1183 867 1292 921 τῶν
1339 864 1567 921 ἀπαθῶν
1616 862 1711 916 καὶ
1747 860 1925 931 μόνων

331 963 472 1015 ἴδιον
507 962 871 1031 καθέστηκεν.

2032 501 2183 572 prior
2234 501 2382 568 fecit,
2428 504 2738 567 confirmat,
2809 518 2910 559 nec
2943 502 3249 572 voluptates
3282 501 3613 572 repullularo

2033 593 2182 649 sinit.
2214 593 2481 660 Quocirca
2514 603 2569 650 et
2597 595 2776 650 luctus
2802 593 3072 665 duplicem
3103 595 3208 649 vim
3242 593 3425 660 habet,
3464 593 3611 663 quod

2031 694 2315 756 peccatum
2372 686 2569 752 deleat,
2638 695 2693 741 et
2740 686 3100 742 humilitatem
3155 692 3322 742 creet.
3391 684 3613 740 Piorum

2031 787 2134 841 est,
2183 777 2331 832 omni
2388 779 2588 848 petenti
2645 778 2818 844 dare;
2855 779 2951 834 sed
3012 778 3186 849 magis
3239 778 3458 849 piorum
3495 787 3612 840 est,

2034 866 2198 920 etiam
2230 881 2336 921 non
2372 868 2573 937 petenti
2595 867 2803 939 largiri.
2834 867 2952 924 Non
2998 878 3241 940 repetere
3284 879 3488 935 autem,
3521 875 3617 922 aut

2036 958 2337 1030 quidquam
2375 959 2446 1014 ab
2467 973 2534 1014 eo
2559 960 2797 1028 exigere,
2821 961 2913 1031 qui
2936 963 3035 1018 abs
3059 971 3109 1016 te
3138 960 3344 1032 aliquid
3368 960 3614 1022 abstulit,

330 1054 721 1108 cummaxime
748 1053 950 1125 possis,
988 1050 1120 1105 illud
1160 1048 1393 1105 fortasse
1465 1062 1573 1104 non
1653 1044 1760 1102 nisi
1809 1057 2000 1099 eorum
2034 1057 2137 1116 est,
2199 1050 2291 1121 qui
2319 1066 2536 1108 omnem
2567 1051 2819 1107 allectum
2856 1069 2984 1125 erga
3017 1070 3106 1111 res
3139 1070 3329 1111 omnes
3359 1051 3615 1109 mortales

331 1157 636 1203 exuerunt.

424 1241 517 1293 Ἐν
560 1240 695 1292 πᾶσι
751 1240 863 1301 τοῖς
910 1237 1107 1292 πάθεσι
1146 1237 1240 1291 καὶ
1286 1238 1406 1300 ταῖς
1436 1236 1656 1307 ἀρεταῖς
1695 1231 1923 1294 ἑαυτοὺς

2097 1230 2156 1284 ln
2184 1231 2369 1287 omnia
2408 1232 2538 1289 vitia
2566 1242 2620 1289 et
2646 1234 2874 1290 virtutes
2902 1244 3117 1292 nostras
3146 1236 3311 1310 35.8
3333 1254 3612 1309 nunquam

328 1330 696 1400 ἒκζητοῦντες
754 1328 829 1400 μὴ
893 1327 1265 1400 παυσώμεθα,
1321 1327 1425 1380 ποῦ
1481 1326 1822 1396 τυγχάνομεν
1866 1323 1924 1377 ἐν

2048 1322 2302 1392 nquirere
2358 1324 2703 1395 desinamus,
2778 1336 2838 1382 ut
2864 1327 3251 1398 intelligamus,
3324 1347 3434 1401 quo
3492 1331 3615 1387 loco

329 1424 505 1493 ἀρχῇ,
534 1424 592 1474 ὲν
625 1422 904 1491 μεσότητι,
936 1422 969 1491 ἢ
1015 1421 1073 1473 ἐν
1097 1420 1261 1474 τέλει.
1304 1420 1511 1481 Πάντες
1540 1419 1590 1471 οἰ
1612 1417 1748 1488 πρὸς
1777 1414 1925 1486 ἡμᾶς

2040 1428 2325 1482 versemur,
2362 1431 2432 1472 an
2465 1417 2519 1471 in
2555 1419 2843 1490 principio,
2880 1436 2950 1475 an
2980 1420 3179 1486 medio,
3216 1437 3283 1476 an
3330 1423 3455 1478 fine.
3492 1421 3616 1478 Om-

330 1515 609 1585 δαιμόνων
626 1512 873 1583 πόλεμοι,
913 1514 977 1566 ὲκ
1003 1512 1167 1583 τριῶν
1192 1511 1398 1564 τούτων
1418 1509 1605 1564 αἰτιῶν
1640 1506 1923 1561 συνίσταν-

2024 1505 2112 1560 nia
2152 1505 2397 1562 hostium
2445 1519 2760 1565 nostrorum
2790 1510 2928 1567 bella
2961 1525 3025 1567 ex
3058 1512 3232 1567 tribus
3261 1513 3380 1569 istis
3432 1514 3616 1569 causis

334 1622 425 1658 ται
453 1620 468 1635 °
502 1606 565 1657 ὲκ
600 1603 989 1674 φιληδονίας,ἢ
1032 1606 1097 1656 ὲκ
1134 1603 1532 1674 ὑπερηφανίας,
1563 1601 1595 1671 ἢ
1637 1600 1702 1652 ὲκ
1728 1597 1923 1668 φθόνου

2040 1607 2331 1654 nascuntur
2351 1609 2405 1655 et
2436 1599 2765 1667 conflantur,
2815 1617 2883 1657 ex
2914 1616 3104 1658 amore
3126 1610 3182 1658 et
3211 1605 3394 1659 studio
3451 1606 3612 1659 volu-

331 1695 543 1759 αὐτῶν.
573 1695 637 1747 Ol
680 1695 777 1765 μὲν
807 1695 1024 1766 ἔσχατοι
1068 1695 1367 1765 μακάριοι·
1410 1693 1460 1745 οἰ
1499 1691 1557 1745 δὲ
1604 1690 1756 1762 μέσοι
1793 1704 1928 1742 παν-

330 1785 548 1838 άθλιοιθ
577 1783 704 1837 οίδὲ
734 1784 986 1855 πρότεροι
1010 1785 1220 1854 ἀχρεῖοι
1240 1783 1344 1847 ἕως
1363 1782 1549 1848 τέλους
1580 1780 1926 1851 τυγχάνουσι.

340 1876 510 1928 Ἔστι
540 1892 627 1939 τις
656 1874 929 1945 αἴσθησις,
969 1874 1170 1945 μᾶλλον
1202 1874 1260 1928 δὲ
1291 1874 1425 1940 ἕξις,
1456 1873 1754 1944 φερέπονος
1782 1871 1931 1940 λεγο-

335 1967 505 2036 μένης
534 1966 624 2034 ὑφ’
649 1960 718 2039 ἧς
746 1967 774 2018 6
805 1966 969 2030 ἁλοὺς
1006 1967 1107 2020 οὐκ
1140 1954 1530 2030 έτιχδειλιάσει,
1570 1964 1603 2035 ἦ
1660 1965 1933 2033 ἀποστρα-
1980 2030 1983 2031 ν

334 2062 429 2125 φεῖ
463 2057 627 2111 πόνου
664 2058 828 2112 ποτέ⁹
873 2056 1048 2131 ταύτῃ
1088 2061 1153 2129 τῇ
1193 2056 1424 2128 ἀοιδίμῳ
1464 2057 1520 2110 αἰ
1560 2054 1666 2107 τῶν
1721 2055 1930 2124 μαρτύ-

347 2167 461 2220 ρων
492 2148 660 2218 ψυχαὶ
686 2149 1044 2220 κρατηθεῖσαι
1100 2148 1209 2203 τῶν
1249 2148 1496 2219 βασάνων
1534 2146 1771 2218 εὐχερῶς
1805 2162 1933 2199 κατ-

342 2240 674 2311 εφρόνησαν.
705 2240 866 2293 ’Ἄλλο
904 2238 1119 2310 φυλακὴ
1146 2238 1442 2310 λογισμῶν,
1474 2237 1570 2291 καὶ
1599 2236 1785 2308 ἕτερον
1823 2234 1933 2307 (60)

336 2331 461 2393 νοὸς
479 2332 734 2401 τήρησις,
750 2330 979 2383 καθόσον
993 2330 1286 2401 ἀπέχουσιν
1304 2327 1559 2383 ἀνατολαὶ
1569 2326 1677 2381 ἀπὸ
1691 2325 1933 2397 δυσμῶν,

332 2419 484 2472 κατὰ
513 2418 770 2472 τοσοῦτον
798 2418 1107 2491 ὑψηλοτέρα
1140 2419 1241 2490 τῆς
1262 2417 1531 2489 προτέρας
1559 2419 1592 2488 ή
1618 2416 1866 2487 δευτέρα,
1886 2415 1937 2468 εἰ

332 2512 438 2562 καὶ
466 2510 852 2582 μοχθηροτέρα
881 2512 1139 2583 ὑπάρχοι.
1173 2510 1336 2564 ’Ἄλλο
1367 2508 1764 2581 προσεύχεσθαι
1796 2507 1938 2563 κατά

328 2600 622 2672 λογισμῶν
643 2602 886 2673 (61),καὶ
914 2603 1044 2657 ἄλλο
1068 2601 1526 2673 ἀντιφθέγγεσθαι
1555 2601 1764 2664 τούτοις
1787 2616 1801 2631 ο
1843 2601 1940 2654 καὶ

330 2693 536 2764 ἕτερον
578 2693 913 2761 ὲξουθενεῖν,
960 2696 1053 2749 καὶ
1116 2694 1505 2766 ὑπερτίθεσθαι
1543 2691 1786 2756 τούτους.
1827 2692 1941 2746 Kal.

328 2783 419 2855 τῷ
452 2785 555 2855 μὲν
584 2787 835 2859 προτέρῳ
867 2786 1054 2858 τρόπῳ
1088 2788 1357 2858 μαρτυρεῖ
1393 2786 1422 2837 6
1448 2782 1642 2838 εἰπών’
1682 2783 1734 2836 Ὀ
1771 2784 1937 2848 Θεὸς,

329 2876 430 2939 εὶς
459 2875 581 2943 τὴν
620 2876 917 2945 ,ϐοήθειάν
944 2893 1064 2948 μου
1101 2876 1392 2945 πρόσχες,
1430 2875 1524 2928 καὶ
1553 2872 1622 2935 τᾲ
1641 2874 1821 2945 ὅμοια.
1851 2871 1941 2943 Τῷ

2026 1697 2259 1759 ptatum,
2288 1706 2354 1746 ex
2380 1692 2654 1763 superbia,
2684 1702 2737 1748 et
2765 1692 3072 1750 daemonum
3105 1695 3348 1765 ipsorum
3391 1696 3613 1752 invidia.

2031 1780 2221 1838 Ultimi
2263 1793 2392 1840 sunt
2420 1784 2585 1851 beati,
2614 1785 2778 1841 medii
2806 1786 3120 1854 miserrimi,
3154 1788 3314 1857 primi
3342 1797 3452 1844 tota
3506 1791 3617 1844 vita

2032 1872 2272 1930 inutiles.
2319 1873 2418 1932 Est
2481 1876 2705 1947 quidam
2754 1892 2973 1941 sensus,
3019 1892 3116 1932 seu
3154 1878 3337 1948 potius
3376 1879 3616 1945 habitus,

2032 1962 2383 2034 pllereponus
2453 1966 2654 2032 dictus,
2712 1968 3073 2041 quasi|dicas
3103 1969 3349 2025 laborum
3382 1973 3613 2040 patiens,

2033 2069 2143 2124 quo
2165 2062 2360 2125 captus
2393 2064 2447 2111 et
2469 2065 2767 2126 occupatus
2796 2073 2933 2111 non-
2964 2057 3077 2129 jam
3121 2058 3356 2129 amplius
3404 2061 3619 2115 labores

2037 2140 2189 2200 ullos‘
2212 2144 2548 2212 formidabit,
2577 2156 2671 2203 aut
2694 2163 2935 2218 unquam
2967 2149 3260 2205 recusabit.
3318 2150 3432 2207 Hoc
3469 2167 3617 2206 sem-

2037 2250 2135 2306 per
2164 2235 2422 2292 laudabili
2452 2246 2507 2293 et
2525 2238 2871 2307 praedicando
2902 2239 3121 2295 virtutis
3160 2255 3325 2295 sensu
3350 2251 3406 2295 et
3426 2242 3620 2311 spiritu

2037 2326 2283 2384 formatae
2323 2338 2622 2401 martyrum
2680 2330 2876 2385 animae
2929 2331 3113 2386 omnia
3158 2342 3425 2387 tormenta
3464 2333 3624 2389 facile

2044 2427 2515 2490 contempserunt.
2561 2421 2725 2477 Aliud
2783 2431 2868 2478 est
2920 2421 3172 2478 custodia
3199 2423 3617 2492 cogitationum,

2040 2519 2095 2564 et
2157 2511 2303 2566 aliud
2365 2512 2676 2570 observatio
2724 2514 2943 2571 mentis.
2968 2513 3242 2581 Quantum
3269 2515 3434 2571 distat
3462 2527 3618 2572 ortus

2042 2603 2112 2657 ab
2145 2603 2447 2670 occidente,
2480 2614 2632 2660 tanto
2663 2604 2898 2660 nobilior
2926 2612 2981 2660 et
3009 2605 3293 2661 sublimior
3329 2615 3413 2661 est
3436 2607 3619 2677 priore

2044 2694 2234 2761 altera,
2271 2694 2524 2765 quamvis
2545 2694 2874 2752 laboriosior
2901 2696 2972 2751 sit
3000 2697 3121 2753 hac
3154 2696 3265 2751 illa.
3306 2697 3469 2753 Aliud
3521 2698 3621 2754 ad-

2047 2800 2236 2842 versus
2259 2787 2620 2858 cogitationes
2650 2803 2839 2858 preces
2879 2788 3156 2854 adhibere,
3206 2788 3351 2845 aliud
3392 2790 3499 2847 illis
3533 2805 3623 2846 re-

2046 2892 2309 2948 pugnare,
2362 2879 2509 2935 aliud
2568 2879 2789 2937 easdem
2811 2888 3161 2939 contemnere
3196 2889 3253 2937 et
3281 2882 3494 2953 penitus
3531 2899 3625 2939 su-

330 2967 397 3021 δὲ
429 2967 669 3041 δευτέρῳ
701 2972 730 3023 6
753 2970 931 3040 φήσας
957 2985 970 2999 '
998 2968 1108 3023 Kal
1142 2966 1622 3037 άποκριθήσομαι
1645 2965 1769 3032 τοῖς
1794 2965 1936 3019 ὀνει-

2047 2984 2259 3038 perare.
2300 2970 2375 3026 De
2430 2971 2610 3045 primo
2636 2972 2799 3028 modo
2819 2979 3052 3028 testatur
3082 2972 3130 3029 is
3158 2974 3250 3046 qui
3273 2973 3448 3029 dixit:
3483 2973 3623 3029 Deus

333 3064 623 3126 διζουσίν
674 3080 779 3132 μοι
828 3063 1016 3132 λόγον
1057 3059 1496 3129 dre/mnum.
1566 3058 1678 3112 Kal.
1729 3056 1888 3111 πάλιν
1915 3073 1930 3088 ·

337 3158 530 3212 Ἐθου
578 3155 742 3226 ἡμᾶς
784 3157 871 3222 είς
914 3153 1267 3223 ἀντιλογίαν
1297 3150 1423 3217 τοῖς
1461 3151 1726 3222 γείτοσιν
1745 3147 1933 3219 ἡμῶν.

335 3246 457 3300 Τοῦ
516 3246 576 3300 δὲ
625 3248 815 3318 τρίτου
861 3247 1072 3317 μάρτυς
1097 3246 1126 3297 ὁ
1166 3243 1524 3316 μελῳδήσαςο
1563 3239 1931 3310 Ἑκωερώθην,

332 3339 448 3394 καὶ
494 3341 610 3393 οὐκ
659 3337 878 3408 ἤνοιξα
910 3338 975 3393 τὸ
1005 3339 1203 3407 στόμα
1231 3354 1374 3406 μου,
1397 3334 1495 3388 καί
1525 3333 1746 3404 ἐθέμην
1774 3332 1937 3398 αὐτῷ

331 3429 637 3501 φυλακὴν
660 3430 730 3484 ἐν
756 3430 838 3495 τῷ
864 3428 1172 3499 συστῆναι
1206 3427 1321 3481 τὸν
1360 3425 1716 3497 ἁμαρτωλὸν
1763 3426 1938 3479 ἐναν-

334 3526 482 3578 τίον
508 3540 655 3591 μου.
711 3523 822 3576 Καὶ
854 3522 1017 3576 πάλιν
1049 3535 1063 3551 °
1112 3520 1518 3589 ’Υπερήφανοι
1542 3516 1939 3585 παρηνόμουν

332 3616 462 3681 ἕως
487 3615 729 3685 σφόδρα
761 3630 776 3645 ο
819 3612 938 3669 ἀπὸ
983 3612 1053 3666 δὲ
1101 3610 1212 3681 τῆς
1240 3609 1370 3694 σῆςγ
1410 3610 1655 3678 θεωρίας
1825 3609 1938 3694 οὐκ

329 3698 655 3764 ἐξέκλινα.
686 3695 907 3750 Τούτων
935 3697 964 3749 6
995 3697 1092 3765 μὲν
1119 3695 1283 3766 μέσος
1305 3693 1382 3764 τῷ
1401 3694 1651 3765 προτέρῳ
1681 3690 1939 3753 πολλάκις

332 3793 642 3863 κέχρηται,
671 3774 793 3843 ’διὰ
834 3790 897 3843 τὸ
945 3787 1437 3857 ἀπαρασκεύαστον
1463 3801 1476 3814 ⁸
1521 3788 1550 3839 6
1592 3784 1649 3837 δὲ
1679 3783 1939 3854 πρότερος

336 3885 505 3940 οὔπω
552 3883 632 3956 τῷ
666 3881 903 3954 δευτέρῳ
937 3881 1131 3953 τρόπῳ
1180 3878 1357 3951 ἰσχύει
1394 3879 1520 3943 τοὺς
1559 3877 1785 3949 ἐχθροὺς
1829 3878 1938 3931 ἀπ·-

343 3977 619 4032 ὠσασθαι·
652 3974 762 4030 ὁαδὲ
777 3974 961 4047 τρίτος
990 3975 1069 4038 εἰς
1099 3972 1246 4026 ἅπαν
1277 3972 1548 4043 δαιμόνων
1574 3971 1935 4025 κατέπτυσεν.

352 4071 675 4142 Ἀμήχανον
704 4064 949 4138 φυσικῶς
986 4066 1047 4119 τὸ
1089 4065 1381 4134 ἀσώματον
1408 4063 1513 4116 ὐπὸ
1545 4062 1638 4116 τοῦ
1685 4060 1938 4132 σώματος

337 4162 673 4236 ὁρίζεσθαι·
738 4161 919 4215 πάντα
967 4159 1025 4212 δὲ
1066 4158 1271 4212 δύνατα
1322 4154 1400 4226 τῷ
1435 4154 1747 4225 κτισαμένῳ
1796 4151 1934 4222 Θεῷ.

312 4256 570 4343 ι’Ὠσπερ
600 4255 650 4307 οἰ
678 4255 745 4324 τῇ
772 4250 1025 4323 αἰσθήσει
1054 4250 1153 4320 τῆς
1175 4249 1495 4343 ὀσφρήσεως
1534 4246 1704 4343 ὑγιῶς
1734 4243 1939 4343 διακεί-

2037 3060 2093 3113 in
2130 3060 2199 3113 ad
2196 3060 2464 3129 jutorium
2492 3078 2663 3117 meum
2684 3063 2894 3118 intende
2913 3063 2979 3132 ³⁸,
3005 3073 3060 3120 et
3082 3065 3187 3120 hoc
3207 3080 3377 3136 genus
3399 3066 3621 3122 similia.

2041 3148 2115 3205 De
2140 3152 2312 3206 altero
2342 3152 2523 3207 idem:
2559 3152 2630 3207 Et
2666 3155 2986 3224 respondebo
3029 3154 3470 3224 exprobrantibus
3494 3157 3625 3211 mihi

2037 3241 2250 3295 verbum
2279 3242 2348 3307 ",
2385 3243 2836 3299 contradictionis
2863 3259 3078 3315 nempe.
3105 3243 3171 3301 Et
3197 3260 3450 3302 rursum;
3512 3244 3623 3300 Po-

2038 3334 2198 3387 suisti
2219 3349 2312 3387 nos
2345 3334 2401 3388 in
2431 3336 2906 3390 contradictionem
2948 3337 3138 3391 vicinis
3181 3338 3376 3392 nostris
3427 3336 3494 3391 ⁸⁸.
3550 3336 3629 3393 De

2037 3438 2314 3498 postremo
2345 3437 2572 3484 testatur
2591 3430 2679 3500 qui
2711 3431 2950 3485 cecinit:
2999 3429 3256 3486 Obmutui
3286 3440 3337 3487 et
3364 3448 3467 3487 non
3499 3448 3629 3502 ape-

2042 3518 2132 3571 rui
2161 3534 2218 3572 os
2256 3535 2448 3585 meum,
2475 3529 2523 3573 et
2561 3522 2714 3590 posui
2745 3522 2825 3575 ori
2852 3537 2964 3575 meo
3005 3522 3319 3590 custodiam,
3357 3539 3476 3577 cum
3505 3539 3625 3577 con-

2040 3609 2243 3663 sisteret
2306 3612 2549 3678 p'eccator
2611 3614 2889 3663 adversum
2920 3626 3001 3664 me
3034 3609 3100 3665 “.
3142 3608 3209 3664 Et
3237 3610 3435 3666 iterum
3470 3627 3485 3663 :
3523 3610 3630 3666 Su-

2037 3702 2185 3771 perbi
2209 3702 2382 3770 inique
2408 3701 2631 3771 agebant
2678 3717 3067 3772 usquequaque,
3113 3718 3206 3774 ego
3235 3713 3412 3756 autem
3438 3718 3472 3756 a
3502 3719 3630 3757 con-

2045 3791 2392 3861 templatione
2457 3790 2785 3863 [conspectu
2850 3792 2980 3864 tuo]
3016 3794 3095 3847 tui
3133 3810 3240 3859 non
3265 3794 3524 3849 declinavi
3558 3796 3624 3848 “.

2040 3884 2120 3939 Ex
2185 3884 2273 3941 his
2320 3884 2534 3941 medius
2576 3899 2720 3956 saepe
2769 3885 2945 3941 utitur
2966 3887 3171 3956 priore,
3204 3887 3349 3957 quod
3378 3887 3494 3956 ipse
3530 3901 3629 3956 per

2040 3992 2101 4034 se
2130 3991 2239 4032 non
2271 3975 2344 4032 sit
2365 3976 2499 4032 satis
2528 3984 2752 4047 paratus
2778 3985 2834 4032 et
2884 3978 3186 4033 instructus
3217 3997 3234 4045 ;
3282 3979 3434 4048 prior
3463 3978 3630 4052 359

2040 4066 2282 4123 secundo
2310 4082 2588 4136 nunquam
2627 4075 2806 4137 potest
2845 4069 3028 4123 hostes
3068 4083 3257 4125 arcere
3278 4078 3334 4124 et
3383 4070 3620 4139 abigere.

2042 4157 2261 4214 Tertius
2288 4167 2472 4213 autem
2504 4158 2781 4215 daemones
2815 4158 3037 4230 penitus
3068 4158 3277 4229 respuit
3322 4167 3377 4214 et
3416 4159 3625 4229 rejecit.

2042 4248 2184 4305 Fieri
2211 4265 2307 4319 per
2331 4259 2584 4305 naturam
2608 4265 2720 4306 non
2745 4258 2943 4321 potest,
2976 4258 3037 4306 ut
3062 4251 3208 4322 quod
3254 4265 3484 4321 corpore
3531 4267 3627 4309 ca-

343 4363 512 4420 μενοι
559 4346 650 4399 τὸν
678 4343 950 4416 ἀρώματα
984 4341 1289 4410 λεληθότως
1336 4339 1639 4409 κατέχοντα
1688 4335 1936 4405 ἐπιγινώ-

2045 4348 2147 4409 ret,
2205 4356 2237 4397 a
2285 4355 2519 4412 corpore
2549 4342 3048 4412 comprehendatur
3080 4351 3177 4399 aut
3209 4343 3629 4401 circumscriba-

314 4434 510 4513 ξσκειν
553 4436 807 4492 δύνανται
850 4433 998 4505 (62)°
1032 4432 1204 4496 οὕτως
1259 4431 1353 4484 καὶ
1392 4430 1538 4502 ψυχὴ
1587 4429 1804 4501 καθαρά
1838 4429 1938 4501 τὴν

344 4529 610 4597 εὐωδίαν,
635 4529 703 4599 ἦν
734 4527 831 4580 καὶ
859 4526 999 4597 αὐτὴ
1027 4527 1092 4578 ὲκ
1127 4524 1262 4578 Θεοῦ
1298 4524 1734 4596 προσεκτήσατο,
1755 4524 1856 4594 τήν
1879 4540 1938 4575 τε

344 4620 644 4687 δυσωδίαν,
673 4614 742 4691 ἦς
788 4617 1171 4688 ἀπαλλαγεῖσα
1212 4616 1436 4680 τελείως
1475 4617 1836 4687 καθέστηκεν,
1882 4619 1940 4671 ὲν

348 4714 568 4785 ἑτέροις
589 4712 941 4782 ὑπάρχουσαν
958 4708 1692 4780 γνωρίζειν,ἀνεπαισθήτως
1716 4708 1936 4780 ἐτέρων,

348 4806 623 4875 πέφυκεν.
653 4804 727 4858 Οὐ
764 4803 964 4866 πάντες
995 4801 1094 4872 μὲν
1123 4800 1354 4865 ἀπαθεῖς
1381 4800 1634 4870 γενέσθαι
1680 4800 1936 4856 δυνατόν’

349 4901 559 4963 πάντες
586 4898 646 4952 δὲ
672 4897 912 4968 σωθῆναι
945 4897 1038 4949 καὶ
1078 4893 1198 4965 Θεῷ
1234 4892 1587 4963 διαλλαγῆναι
1616 4893 1717 4947 οὐκ
1744 4892 1942 4947 ἀδύνα-

346 5011 471 5049 τον.
504 4991 601 5063 Μή
642 5007 736 5044 σου
782 4986 1292 5058 κατακυριεύσωσιν
1315 4986 1365 5039 οἱ
1401 4984 1693 5055 ἀλλόφυλοι
1718 4987 1939 5053 ἐκεῖνοι,

346 5088 401 5140 οἱ
445 5084 547 5147 τὰς
586 5081 682 5135 τοῦ
727 5079 865 5134 Θεοῦ
884 5079 1170 5153 ’ἀρρήτους
1195 5076 1560 5148 οἰκονομίαςῆ
1593 5075 1856 5139 ὀπτασίας
1883 5076 1941 5129 έν

345 5180 473 5239 τοῖς
514 5173 825 5245 ἀνθρώποις
884 5171 1179 5242 γινομένας
1223 5169 1699 5240 πολυπραγμονεῖν
1759 5167 1942 5238 βουλό.

352 5287 542 5343 μενοι,
585 5269 683 5322 καὶ
730 5264 1206 5338 προσωπολήπτην
1243 5262 1335 5316 τὸν
1367 5261 1574 5333 Κύριον
1602 5254 1742 5314 εἶναι
1785 5258 1942 5331 λελη-

351 5364 537 5426 θάτως
577 5358 972 5422 ὑποϐάλλοντες
999 5374 1014 5389 ⁸
1070 5357 1301 5427 οἰήσεως
1356 5356 1467 5426 γὰρ
1521 5355 1779 5425 ἀπόγονοι
1845 5354 1942 5409 καὶ

350 5458 471 5511 εἰσὶ
510 5456 605 5508 καὶ
649 5451 1028 5523 γνωρίζονται.
1094 5451 1250 5503 Ἔστι
1298 5449 1511 5519 δαίμων
1568 5450 1940 5524 φιλαργυρίας

352 5546 625 5610 πολλάκις
665 5545 995 5601 ταπείνωσιν
1038 5541 1462 5614 ὑποκρινόμενος
1501 5541 1613 5614 (65)
1645 5560 1659 5574 ο
1698 5546 1792 5599 καὶ
1824 5545 1940 5602 ἐστι

2048 4443 2160 4502 tur;
2192 4448 2374 4489 rerum
2399 4443 2579 4490 tamen
2610 4434 2875 4489 Conditor
2902 4433 3086 4488 omnia
3116 4443 3315 4505 potest.
3353 4435 3628 4503 Quemad-

2047 4525 2268 4579 modum
2293 4524 2329 4578 ii
2353 4524 2448 4594 qui
2467 4522 2757 4580 olfaciendi
2780 4539 2941 4579 sensu
2970 4524 3155 4595 vigent
3181 4523 3337 4581 facile
3365 4527 3629 4596 sentiunt,

2048 4616 2095 4672 si
2126 4617 2252 4687 quis
2281 4618 2365 4673 vel
2386 4617 2601 4674 occulte
2622 4632 2806 4673 secum
2829 4625 3075 4672 aromata
3103 4618 3281 4674 ferat:
3313 4619 3396 4675 sic
3422 4628 3477 4675 et
3494 4636 3630 4690 pura

2048 4724 2203 4764 mens
2231 4718 2443 4779 gratum
2469 4709 2688 4764 virtutis
2727 4709 2971 4775 odorem,
3014 4724 3175 4779 quem
3197 4725 3266 4765 ex
3309 4710 3420 4767 Deo
3475 4727 3632 4769 acce-

2047 4800 2145 4871 pit,
2193 4799 2351 4857 facile
2405 4801 2811 4866 animadvertit,
2864 4802 3007 4858 sicut
3054 4810 3109 4857 et
3159 4801 3407 4869 fetorem,
3461 4819 3632 4874 aquo

2048 4890 2265 4962 penitus
2323 4891 2441 4962 ipsa
2500 4891 2729 4947 liberata
2783 4900 2887 4956 est,
2949 4892 3002 4946 in
3025 4891 3148 4947 aliis
3172 4892 3451 4958 latentem,
3510 4895 3633 4950 aliis

2047 4983 2209 5038 etiam
2246 4984 2383 5065 nihil
2405 4985 2791 5051 sentientibus,
2817 4985 3066 5054 percipit.
3107 4982 3226 5038 Non
3267 5000 3459 5041 omnes
3508 4987 3634 5056 qui-

2047 5076 2168 5133 dem
2201 5077 2515 5148 possuntad
2567 5093 2838 5133 summam
2863 5078 3035 5133 animi
3065 5077 3133 5133 ab
3171 5078 3427 5133 omnibus
3472 5079 3633 5133 vitio-

2048 5171 2300 5227 sitatihus
2327 5171 2483 5227 liberi
2507 5171 2956 5241 tranquillitatem
2990 5171 3253 5241 aspirare,
3309 5171 3403 5225 sed
3441 5184 3633 5228 omnes

2047 5273 2228 5321 tamen
2283 5273 2516 5336 possunt
2554 5278 2680 5319 cum
2723 5263 2834 5318 Deo
2883 5262 3228 5319 reconciliari
3258 5271 3311 5316 et
3334 5262 3465 5316 salvi
3493 5262 3630 5318 fieri.

2046 5357 2189 5415 Cave
2210 5372 2281 5414 ne
2312 5358 2366 5412 in
2404 5365 2456 5413 te
2491 5356 2808 5426 alienigenae
2847 5354 3197 5411 dominentur
3222 5346 3297 5408 illi
3324 5352 3417 5424 qui
3473 5368 3632 5409 arca-

2047 5466 2176 5506 nam
2230 5449 2327 5505 Dei
2371 5449 2842 5521 gubernationem,
2893 5455 2989 5503 aut
3042 5447 3286 5518 objectas
3319 5446 3634 5501 hominibus

2047 5542 2286 5599 visiones
2331 5540 2607 5598 curiosius
2669 5539 2993 5611 inquirant,
3054 5538 3334 5609 Deumque
3382 5535 3524 5591 clam
3574 5536 3632 5593 in

434 5755 483 5789 ⁸⁸
506 5765 651 5825 Psal.
681 5764 906 5832 utsﬁ.
983 5763 1027 5797 ³⁸
1061 5762 1204 5819 Psal.
1227 5757 1522 5827 cxvm,42.
1598 5760 1644 5795 *θ
1678 5761 1824 5818 Psal.
1863 5778 1933 5818 ιι

2040 5762 2129 5831 ,7.
2207 5760 2423 5837 ⁵⁸⁸1³831.
2453 5773 2687 5824 xxxvm,
2714 5756 2802 5812 10.
2879 5756 2926 5789 δ’
2958 5754 3103 5813 Psal.
3137 5770 3333 5826 cum,
3356 5756 3450 5818 δι.
