4042 6492
509 308 650 372 1031

1760 307 1817 365 S.
1865 303 2183 366 JOANNIS
2230 307 2536 368 CLIMACI

3655 325 3673 377 l
3686 322 3796 380 022

519 421 710 473 animo
750 429 1114 488 personarum
1168 416 1436 468 rationem
1499 413 2010 483 haberejudicant:
2057 417 2087 468 h

2215 415 2424 486 δαίμων
2475 417 2781 484 κενοδοξίας
2817 419 2951 489 πρὸς
2993 421 3360 493 ἐλεημοσύνην
3411 429 3797 496 προτρεπόμε-

511 512 656 567 enim
713 511 983 580 superbiae
1015 508 1302 578 progenies
1327 517 1381 560 et
1405 516 1530 560 sunt
1572 517 1626 561 et
1654 521 1776 561 esse
1800 507 2105 575 deprehen-

509 606 738 658 duntur.
788 602 884 657 Est
909 602 1131 671 spiritus
1159 599 1400 652 avaritiae
1427 599 1520 667 qui
1546 613 1687 667 smpe
1745 598 2106 653 humilitatem

2205 528 2296 574 νος
2320 553 2333 576 ,
2359 511 2550 583 ὥσπερ
2579 514 2673 566 καὶ
2703 513 3034 584 φιληδονίας.
3093 516 3212 568 Ἐὰν
3256 517 3583 588 ἀμφοτέρων
3608 519 3797 574 τοίνυν

2208 603 2674 675 καθαρεύσωμεν,
2721 607 2778 658 ὲν
2827 607 2997 660 παντὶ
3052 608 3202 678 τόπῳ
3252 609 3422 662 ἐλεεῖν
3465 611 3540 682 μὴ
3573 617 3799 666 παυσώ-

507 696 760 751 simulat.
789 693 886 749 Est
913 693 1138 762 spiritus
1161 705 1315 744 vanae
1363 690 1570 759 gloriae,
1597 691 1687 760 qui
1740 691 1988 744 homines
2041 693 2094 744 ac

2213 694 2371 764 μεθα.
2401 695 2560 758 Τινὲς
2578 696 2676 765 μὲν
2699 695 2907 767 ἔφησαν
2929 698 3189 768 δαίμονας
3213 701 3463 770 δαίμοσιν
3491 701 3799 773 ἀντιπράτ-

505 785 916 854 eleemosynam
944 781 1176 834 dandam
1207 779 1398 834 incitat
1425 780 1609 850 (sicut
1632 790 1682 833 et
1712 781 1938 850 spiritus
1961 781 2111 834 luxu-

2210 803 2324 839 τειν
2355 801 2366 813 ·
2425 785 2536 851 ἐγὼ
2583 787 2642 841 δὲ
2679 787 2891 857 ἔγνωκα
2924 791 3132 854 πάντας
3162 790 3259 861 τὴν
3293 792 3449 861 ήμῶν
3491 791 3796 862 ζητοῦντας

507 877 601 930 riae
629 877 647 947 )
673 877 764 946 qui
802 875 870 930 ab
900 883 1130 942 utroque
1178 873 1282 928 hoc
1312 875 1588 942 repurgati
1613 873 1903 937 fuerimus,
1973 890 2112 944 quo—
2211 877 2513 933 ἀπώλειαν.

503 966 593 1021 Vis
649 966 768 1020 loco
821 965 1209 1033 benignitatem
1262 963 1317 1016 in
1376 979 1640 1033 pauperes
1687 964 1944 1018 exhibere
1984 980 2087 1018 non
2125 979 2427 1024 cessemus.
2481 969 2658 1026 Fuere
2724 973 2992 1039 nonnulli,
3035 975 3124 1044 qui
3187 987 3473 1030 censerent
3510 975 3794 1031 daemonas

506 1057 650 1111 inter
672 1071 730 1111 se
759 1055 863 1111 sibi
895 1061 1088 1108 mutuo
1118 1051 1400 1108 adversari
1431 1061 1486 1108 et
1515 1053 1804 1108 obluctari.

507 1151 703 1221 quaeri.

578 1238 779 1294 Omnes
826 1239 945 1309 pias
976 1246 1032 1292 et
1065 1237 1376 1307 spirituales
1407 1237 1830 1292 exercitationes
1879 1245 2096 1292 nostras

470 1315 472 1318 V
508 1332 624 1387 sive
650 1331 899 1400 corporis
925 1344 1004 1384 eae
1019 1330 1132 1384 sint
1156 1338 1209 1383 et
1232 1329 1411 1384 oculis
1445 1327 1725 1398 subjectae,
1761 1326 1876 1381 sive
1899 1328 2099 1382 mentis

507 1431 562 1478 et
580 1422 967 1492 intelligentiae,
995 1421 1245 1490 praecedit
1272 1421 1491 1490 propria
1515 1419 1755 1474 hominis
1772 1433 1922 1472 mens
1941 1414 2102 1487 350

507 1521 563 1566 et
594 1512 956 1583 propositum,
991 1512 1369 1580 optimumque
1393 1510 1725 1565 desiderium
1752 1518 1806 1564 et
1843 1508 2092 1571 aﬂ’ectus,

508 1620 630 1674 quae
657 1620 725 1658 ex
782 1603 875 1658 Dei
923 1617 1189 1657 suecursu
1232 1611 1287 1656 et
1329 1601 1535 1655 auxilio
1566 1601 1726 1657 fiunt.
1776 1598 1893 1655 Nisi
1945 1601 2091 1653 enim

509 1695 850 1765 propositum
903 1694 1250 1762 praemissum
1321 1693 1515 1758 fuerit,
1564 1693 1705 1747 bona
1768 1705 1933 1761 Opera
1989 1706 2096 1746 non

509 1797 830 1858 sequentur.
890 1784 948 1840 Si
1014 1787 1239 1850 omnia,
1299 1800 1422 1856 quae
1474 1784 1575 1839 sub
1629 1783 1770 1838 emlo
1800 1782 1975 1848 ﬁunt,
2036 1790 2098 1836 ut

508 1877 868 1933 Ecclesiastes
915 1886 1180 1942 testatur,
1227 1875 1423 1945 quavis
1472 1876 1526 1929 in
1576 1889 1636 1928 re
1667 1889 1831 1930 suum
1883 1885 2097 1945 tempus

508 1972 732 2035 habent,
782 1973 921 2026 inter
977 1970 1162 2024 onmia
1216 1979 1398 2025 autem
1449 1966 1616 2024 etiam
1668 1978 1870 2025 nostra:
1915 1985 2086 2024 sacrae

508 2061 824 2130 reipublicae
881 2061 1097 2130 negotia
1123 2069 1175 2114 et
1204 2074 1291 2114 res
1308 2060 1618 2114 constituta
1638 2069 1787 2122 sunt,
1814 2060 2095 2138 videamus

508 2153 554 2226 si
589 2153 762 2221 placet
789 2160 842 2206 et
871 2151 926 2204 in
959 2151 1176 2221 quovis,
1219 2160 1483 2220 tempore,
1523 2165 1644 2218 quze
1668 2150 1778 2206 sint
1805 2152 2022 2221 propria
2046 2163 2099 2207 et

508 2243 890 2297 convenientia
915 2243 1114 2312 cuique
1143 2243 1374 2312 tempori
1396 2242 1790 2311 disquiramus.
1823 2241 1917 2297 Est
1943 2244 2090 2297 enim

507 2337 732 2390 omnino
794 2336 847 2388 in
889 2336 956 2389 iis
1008 2335 1100 2404 qui
1152 2335 1206 2388 in
1277 2335 1547 2404 religiosa:
1619 2335 1743 2389 vita:
1799 2336 2098 2390 certamine

506 2435 800 2482 versantur
823 2436 1060 2496 tempus,
1089 2442 1197 2495 quo
1226 2426 1294 2480 ab
1317 2427 1467 2480 omni
1487 2426 1652 2479 animi
1680 2426 2093 2495 perturbatione

505 2520 649 2575 liber
707 2527 762 2574 et
819 2518 1147 2588 tranquillus
1208 2517 1444 2573 exsistas
1495 2518 1662 2587 (quod
1719 2525 1940 2588 propter
2000 2533 2096 2574 eos

504 2611 653 2676 dico,
744 2609 841 2680 qui
908 2609 1089 2662 adhuc
1183 2609 1237 2662 in
1322 2607 1636 2662 certaminis
1721 2606 1946 2661 infantia
2047 2618 2098 2662 et

515 2701 769 2756 tirocinio
846 2709 1134 2755 versantur
1174 2700 1216 2770 ).
1257 2699 1363 2754 -Est
1408 2709 1622 2769 tempus
1697 2702 2093 2774 lacrymarum,

506 2805 722 2865 tempus
781 2793 1058 2848 ariditatis
1131 2807 1228 2848 seu
1292 2793 1531 2849 duritiei.
1586 2795 1804 2864 cordis;
1877 2808 2093 2867 tempus

1880 1053 1983 1108 Sed
2043 1069 2144 1125 ego
2211 1059 2338 1112 novi
2402 1059 2470 1114 ab
2544 1061 2796 1117 omnibus

2872 1063 3008 1116 nihil
3076 1063 3182 1118 nisi
3247 1065 3475 1118 exitium
3539 1075 3785 1126 nostrum

2278 1234 2468 1306 Πάσης
2517 1237 2898 1306 πνευματικῆς
2954 1238 3218 1308 ἐργασίας
3254 1240 3540 1312 ὁρωμένης
3586 1259 3648 1295 τε
3703 1243 3793 1296 καὶ

2206 1328 2507 1397 νοουμένης
2559 1331 2884 1399 προηγεῖται
2936 1331 3193 1400 ¹ιντςρόθεσις
3249 1333 3426 1386 οἰκεία
3488 1334 3602 1405 (64)
3631 1375 3647 1398 ,
3697 1337 3794 1388 καὶ

2207 1418 2372 1482 πόθος
2395 1419 2633 1490 ἄριστος,
2674 1420 2809 1489 μετὰ
2841 1423 3130 1492 συνεργίας
3175 1423 3311 1477 Θεοῦ
3352 1427 3637 1496 γινόμενα.
3669 1429 3792 1482 Τῶν

2206 1508 2312 1578 γὰρ
2345 1511 2626 1581 προτέρων
2659 1510 2733 1581 μὴ
2778 1512 3250 1583 καταϐληθέντων,
3301 1515 3362 1567 τὸ
3397 1515 3652 1588 δεύτερον
3693 1519 3792 1570 ἐπ-

2199 1600 2511 1653 ακολουθεῖν
2539 1602 2599 1655 οὐ
2625 1603 2891 1672 πέφυκεν.
2924 1605 2984 1656 Ei
3004 1607 3195 1676 καιρὸς
3224 1608 3282 1660 ἐν
3309 1610 3472 1663 παντὶ
3495 1611 3788 1682 πράγματι

2198 1691 2308 1744 τῶν
2335 1693 2440 1745 ὑπὸ
2466 1694 2556 1746 τὸν
2588 1696 2836 1765 οὐρανὸν,
2859 1695 3043 1761 καθὼς
3071 1716 3235 1768 φησιν
3265 1700 3293 1752 ὁ
3327 1701 3786 1774 Ἐκκλησιαστὴς,

2199 1784 2256 1837 ὲν
2291 1787 2405 1847 τοῖς
2435 1787 2570 1838 πᾶσι
2600 1785 2656 1838 δὲ
2689 1789 2782 1839 καὶ
2808 1787 2876 1840 τὰ
2900 1788 2996 1858 τῆς
3027 1791 3304 1860 ἡμετέρας
3323 1792 3602 1858 πολιτείας
3633 1795 3786 1866 ἱερᾶς

2198 1875 2573 1946 καθεστήκασι
2630 1880 2972 1949 πράγματα·
3018 1880 3212 1934 οὐκοῦν
3273 1884 3684 1953 σκοπήσωμεν,
3735 1890 3786 1938 εί

2198 1968 2368 2034 δοκεῖ,
2413 1969 2508 2023 καὶ
2555 1974 2612 2024 ἐν
2658 1973 2872 2042 ἑκάστῳ
2927 1973 3105 2043 καιρῷ
3149 1974 3218 2026 τὰ
3262 1973 3341 2044 τῷ
3385 1975 3565 2046 καιρῷ
3610 1979 3785 2031 οἰκεῖα

2201 2060 2531 2134 ζητήσωμεν
2556 2081 2569 2094 ·
2604 2065 2795 2134 καιρὸς
2824 2064 2931 2135 γὰρ
2961 2066 3181 2128 πάντως
3206 2066 3264 2117 ὲν
3301 2069 3414 2129 τοῖς
3447 2068 3784 2138 ἀγωνιζομέ-

2199 2170 2307 2216 νοις
2335 2155 2483 2206 ὲστὶν
2512 2155 2804 2218 ἀπαθείας,
2833 2155 2921 2208 διὰ
2949 2155 3046 2226 τὴν
3076 2156 3181 2210 τῶν
3203 2157 3622 2229 ἀγωνιζομένων
3643 2160 3785 2227 λέγω

2205 2247 2524 2316 νηπιότητα.
2563 2247 2768 2316 Καιρὸς
2799 2246 3069 2318 δακρύων,
3100 2248 3195 2301 καὶ
3223 2250 3412 2320 καιρός
3441 2250 3783 2321 σκληροκαρ-

2199 2337 2316 2399 δίας
2343 2350 2358 2365 “
2392 2337 2582 2408 καιρὸς
2619 2339 2918 2410 ὑποταγῆς,
2956 2339 3051 2392 καὶ
3077 2341 3264 2410 καιρὸς
3299 2342 3392 2393 τοῦ
3430 2345 3782 2396 ἐπιτάττειν·

2201 2430 2392 2499 καιρὸς
2442 2431 2718 2499 νηστείας,
2772 2433 2866 2483 καὶ
2926 2433 3117 2502 καιρὸς
3159 2432 3514 2504 μεταλήψεως
3541 2451 3554 2463 ⁸
3593 2437 3784 2506 καιρὸς

2200 2519 2458 2589 πολέμου,
2496 2520 2749 2590 σώματος
2784 2519 3003 2590 ἐχθροῦ,
3037 2522 3132 2573 καὶ
3167 2523 3354 2594 καιρὸς
3399 2523 3636 2577 θανάτου
3683 2543 3781 2578 πυ-

2204 2610 2438 2681 ρώσεως·
2466 2613 2656 2683 καιρὸς
2685 2613 2952 2682 χειμῶνος
2979 2612 3177 2682 ψυχῆς,
3205 2615 3299 2667 καὶ
3323 2616 3511 2685 καιρὸς
3541 2617 3780 2687 γαλήνης

2200 2703 2351 2765 νοός·
2395 2703 2587 2772 καιρὸς
2632 2703 2809 2772 λύπης
2857 2705 3180 2773 καρδιακῆς,
3224 2703 3320 2758 καὶ
3367 2707 3558 2776 καιρὸς
3610 2710 3778 2778 χαρᾶς

2198 2793 2599 2867 πνευματικῆς·
2634 2795 2824 2865 καιρὸς
2839 2796 3212 2861 διδασκαλίας,
3249 2796 3345 2849 καὶ
3373 2798 3567 2868 καιρὸς
3618 2800 3776 2869 ἀκρο-

503 2887 915 2958 obtemperarnli
935 2895 989 2942 et
1008 2896 1220 2958 tempus
1247 2886 1552 2957 imperandi
1584 2907 1597 2943 :
1624 2899 1836 2959 tempus
1862 2889 2088 2960 jejunii,

2198 2888 2375 2950 άσεως
2407 2905 2420 2917 ·
2453 2886 2645 2958 καιρὸς
2678 2886 2993 2958 μολυσμῶν,
3026 2887 3155 2951 ἴσως
3192 2887 3280 2942 διὰ
3303 2889 3402 2958 τὴν
3432 2887 3632 2957 οἴησιν,
3665 2906 3776 2940 και-

507 2991 722 3049 tempus
769 2993 1008 3033 mensae:
1045 2986 1258 3048 tempus
1305 2978 1452 3043 belli,
1490 2977 1666 3033 hostis
1711 2980 1990 3049 corporis;
2039 2991 2093 3034 et

505 3083 720 3144 tempus
771 3074 922 3144 pacis
971 3087 1066 3127 seu
1125 3071 1319 3126 mortis
1361 3072 1632 3127 exstincto
1683 3088 1877 3142 nempe
1911 3075 2093 3131 carnis

506 3167 986 3234 ardoreztempus
1039 3164 1378 3233 tempestatis
1429 3164 1482 3217 in
1531 3165 1735 3230 anima,
1781 3174 1835 3220 et
1879 3175 2094 3236 tempus

508 3261 820 3313 serenitatis
864 3259 917 3312 in
973 3267 1155 3312 mente
1189 3275 1202 3311 :
1235 3265 1450 3326 tempus
1493 3257 1752 3312 mmroris
1803 3259 1857 3312 in
1905 3260 2090 3326 corde,

507 3359 561 3403 et
611 3361 825 3418 tempus
878 3349 1063 3418 gaudii
1111 3349 1166 3401 in
1209 3347 1686 3417 spiritnztempus
1739 3349 1988 3414 docendi,
2040 3361 2094 3404 et

509 3455 723 3514 tempus
774 3443 1068 3497 discendi:
1103 3450 1316 3510 tempus
1364 3441 1807 3511 inquinationum
1855 3441 2092 3498 fortasse

507 3546 730 3608 propter
786 3536 954 3589 animi
1013 3534 1256 3600 fastum,
1311 3542 1365 3588 et
1424 3541 1641 3602 tempus
1692 3534 2092 3604 repurgationis

509 3640 732 3702 propter
777 3628 1142 3681 humilitatem
1180 3643 1195 3684 :
1227 3635 1444 3695 tempus
1503 3626 1661 3680 luctas
1689 3667 1702 3691 ,
1757 3635 1814 3680 et
1874 3634 2092 3696 tempus

508 3733 717 3774 secura:
775 3716 1121 3771 remissionis
1155 3730 1172 3769 τ
1205 3725 1418 3782 tempus
1481 3713 1680 3783 quietis
1709 3755 1723 3778 ,
1775 3722 1829 3768 et
1879 3722 2093 3784 tempus

507 3813 627 3867 sine
686 3809 1043 3865 distractione
1114 3806 1495 3876 occupationis
1550 3825 1562 3859 :
1617 3815 1832 3875 tempus
1888 3806 1982 3859 diu
2037 3818 2093 3861 et

507 3907 730 3960 assidue
784 3903 1065 3973 precandi,
1125 3909 1344 3971 tempus
1419 3899 1653 3955 fideliter
1715 3901 2088 3955 ministrandi.

505 4002 844 4068 Quapropter
889 4011 956 4048 ne
997 4010 1060 4048 ex
1111 3994 1348 4062 superbo
1403 3992 1571 4047 animi
1619 3991 1823 4062 impetu
1875 3991 2090 4062 decepti

505 4099 630 4144 ante
655 4099 872 4156 tempus
903 4085 1288 4154 aggrediamur
1323 4098 1384 4137 ea
1415 4099 1536 4152 qua:
1562 4097 1664 4137 suo
1694 4090 1941 4152 tempore
1964 4092 2092 4138 sunt

506 4181 773 4243 facienda,
823 4193 926 4232 nec
955 4178 1008 4230 in
1045 4176 1222 4230 hieme
1244 4190 1471 4244 agamus
1499 4189 1621 4244 quae
1668 4173 1721 4227 in
1753 4183 1938 4228 aestate
1960 4183 2089 4229 sunt

2199 2980 2290 3052 ρὸς
2317 2980 2660 3049 καθάρσεως,
2697 2979 2785 3032 διὰ
2820 2980 2918 3050 τὴν
2948 2980 3277 3033 ταπείνωσιν
3299 2997 3311 3010 ·
3345 2981 3535 3053 καιρὸς
3583 2981 3772 3051 πάλης,

2195 3072 2289 3125 καὶ
2329 3071 2606 3138 ἀσφαλοῦς
2637 3071 2874 3133 ἀνέσεως
2898 3085 2913 3100 ·
2955 3069 3147 3139 καιρὸς
3178 3068 3430 3139 ἡσυχίας,
3464 3069 3558 3121 καὶ
3590 3068 3773 3137 καιρὸς

2194 3165 2298 3217 ἀπε
2310 3163 2611 3232 ρισπάστου
2640 3158 3032 3232 περισπασμοῦ
3052 3175 3065 3188 ·
3093 3159 3284 3229 καιρὸς
3321 3158 3633 3230 προσευχῆς
3657 3160 3774 3211 ἀεν-

2195 3255 2348 3319 νάου,
2384 3254 2481 3306 καὶ
2513 3252 2704 3324 καιρός
2735 3252 3011 3314 διακονίας
3048 3250 3434 3320 ἀνυποκρίτου.
3476 3250 3568 3321 Μὴ
3599 3251 3774 3304 τοίνυν

2197 3345 2302 3416 πρὸ
2332 3345 2528 3414 καιροῦ
2578 3343 2635 3410 ἐξ
2671 3344 3024 3414 ὑπερηφάνου
3075 3341 3383 3414 προθυμίας
3428 3343 3774 3413 ἀπατώμενοι

2193 3441 2261 3493 τὰ
2307 3439 2402 3493 τοῦ
2457 3440 2651 3511 καιροῦ
2700 3441 3058 3511 ζητήσωμεν·
3103 3438 3177 3510 μὴ
3219 3441 3277 3492 ἐν
3322 3439 3554 3509 χειμῶνι
3583 3440 3651 3492 τὰ
3683 3439 3772 3492 τοῦ

2195 3529 2424 3599 θέρους·
2462 3530 2538 3600 μὴ
2584 3532 2644 3582 ὲν
2690 3531 2876 3600 σπόρῳ
2914 3529 2982 3582 τὰ
3031 3529 3138 3583 τῶν
3169 3529 3500 3600 δραγμάτων
3524 3568 3538 3592 ,
3593 3526 3775 3593 ἐπειδὴ

2194 3621 2381 3691 καιρὸς
2424 3622 2517 3674 τοῦ
2569 3624 2789 3691 σπεῖραι
2824 3622 3038 3685 πόνους,
3074 3621 3166 3673 καὶ
3210 3621 3401 3691 καιρός
3427 3621 3521 3673 τοῦ
3563 3620 3770 3691 θερίσαι

2193 3713 2292 3775 τὰς
2320 3714 2545 3784 χάριτας
2571 3712 2669 3776 τὰς
2699 3713 2992 3784 ἀρρήτους.
3020 3714 3083 3765 Εί
3113 3713 3169 3765 δὲ
3202 3716 3274 3784 μή
3314 3731 3424 3781 γε,·
3453 3713 3573 3766 οὐδὲ
3607 3715 3664 3766 ἐν
3700 3715 3772 3783 τῷ

2194 3803 2372 3874 καιρῷ
2405 3804 2475 3857 τὰ
2499 3805 2594 3858 τοῦ
2625 3804 2822 3875 καιροῦ
2847 3807 3023 3858 οἰκεῖα
3059 3805 3403 3876 κομισόμεθα
3451 3806 3585 3876 (65).
3623 3807 3767 3870 Τινὲς

2195 3897 2301 3966 πρὸ
2327 3896 2434 3948 τῶν
2487 3897 2771 3966 καμάτων,
2810 3897 2954 3960 τινὲς
3011 3899 3070 3949 ὲν
3119 3900 3232 3960 τοῖς
3289 3897 3578 3967 καμάτοις,
3633 3898 3768 3960 τινες

2196 3988 2335 4059 μετά
2365 3991 2489 4052 τοὺς
2519 3991 2821 4060 καμάτους,
2874 3991 3017 4054 τινες
3050 3993 3108 4043 ὲν
3138 3990 3214 4059 τῷ
3251 3989 3466 4060 θανάτῳ
3494 3990 3594 4050 τὰς
3623 3990 3765 4051 ὁσίας

2195 4081 2432 4150 ἀμοιϐὰς
2483 4083 2636 4151 παρὰ
2688 4081 2780 4135 τοῦ
2819 4082 2956 4135 Θεοῦ
3005 4083 3114 4135 τῶν
3169 4081 3386 4134 οίκείων
3435 4081 3621 4135 κόπων
3659 4081 3766 4134 κατ’

2193 4173 2507 4242 οἰκονομίαν
2551 4173 2790 4244 ἄρρητον
2839 4172 3186 4242 ἐκομίσαντο.
3234 4173 3508 4243 Ζητητέον
3540 4172 3625 4236 τίς
3653 4170 3768 4225 τού-

503 4273 731 4342 agenda,
759 4285 858 4324 nec
885 4270 939 4322 iu
979 4277 1221 4322 semente
1249 4281 1482 4322 messem
1519 4279 1867 4336 quaeramus;
1899 4265 2084 4334 siqui-

2198 4281 2298 4316 των
2329 4265 2421 4316 τοῦ
2462 4265 2646 4336 ἐτέρου
2677 4264 3058 4334 ταπεινότερος
3091 4262 3455 4334 καθέστηκεν.

505 4362 626 4416 dem
661 4373 874 4428 tempus
929 4367 982 4411 et
1036 4356 1253 4411 serendi
1303 4356 1558 4420 labores,
1589 4352 1746 4424 351
1815 4362 1870 4407 et
1927 4363 2141 4424 tempus
2180 4355 2414 4409 metendi
2467 4354 2874 4423 inexplicabiles
2912 4355 3208 4423 gratiarum
3246 4371 3471 4410 messes.
3514 4353 3608 4410 Sin
3679 4356 3771 4408 mi.

508 4457 630 4516 nus,
668 4461 799 4505 tunc
825 4463 1000 4517 neque
1033 4461 1134 4502 suo
1171 4455 1435 4515 tempore,
1472 4460 1592 4515 qua:
1631 4453 1760 4499 sunt
1786 4444 1903 4512 ejus
1937 4448 2196 4514 temporis
2225 4447 2442 4517 prepria
2468 4446 2786 4501 referemus.
2819 4446 3049 4512 Quidam
3095 4459 3219 4502 ante
3250 4447 3466 4501 labores
3487 4490 3502 4513 ,
3555 4448 3767 4517 quidam

505 4548 648 4600 inter
679 4546 828 4615 ipsos
850 4543 1064 4597 labores
1087 4541 1309 4610 quidam
1343 4549 1465 4608 post
1493 4540 1734 4606 labores,
1764 4539 1985 4609 quidam
2060 4541 2116 4594 in
2177 4552 2352 4596 morte
2379 4542 2595 4595 demum
2633 4542 2909 4596 caelestem
2963 4540 3226 4593 sudorum
3277 4541 3768 4610 compensationem

503 4655 571 4694 ex
613 4650 814 4691 arcana
847 4644 902 4688 et
942 4632 1294 4688 inenarrabili
1327 4629 1422 4686 Dei
1469 4631 1864 4702 gubernatione
1887 4638 1942 4685 et
1961 4631 2238 4689 voluntate
2261 4643 2601 4704 receperunt.
2629 4633 2819 4690 Restat
2851 4633 3233 4704 inquirendum
3262 4634 3357 4702 qui
3388 4633 3584 4688 horum
3613 4635 3770 4690 altero

504 4734 666 4791 fuerit
702 4731 982 4787 humilior.

575 4827 674 4881 Est
722 4822 1122 4893 desperationis
1179 4835 1354 4892 genus
1412 4819 1558 4889 quod
1618 4833 1682 4873 ex
1744 4818 2097 4874 multitudine

503 4927 878 4992 peccatorum,
942 4923 997 4969 et
1045 4914 1395 4969 conscientia:
1475 4911 1714 4982 pondere
1767 4920 1823 4966 et
1901 4911 2101 4965 intole-

505 5014 663 5070 rabili
737 5011 955 5066 tristitia
1010 5008 1245 5072 exsistit,
1307 5005 1525 5077 quando
1595 5006 1779 5058 anima
1833 5018 1901 5059 ex
1955 5002 2098 5057 mul-

505 5109 737 5166 titudine
768 5107 1062 5161 vulnerum
1097 5103 1330 5157 nimium
1363 5098 1653 5169 mergitur,
1687 5107 1742 5152 et
1775 5111 1943 5152 onere
1970 5111 2097 5166 pee-

499 5212 751 5260 catorum
773 5240 788 5265 ,
824 5198 1090 5253 altissima
1125 5192 1529 5262 desperationis
1557 5192 1817 5260 voragine
1846 5190 2097 5244 hauritur

498 5310 554 5354 et
584 5296 927 5353 absorbetur.
965 5291 1062 5346 Est
1092 5298 1146 5345 et
1173 5289 1279 5343 alia
1309 5288 1622 5357 desperatio
1655 5301 1778 5356 qua:
1809 5302 1873 5341 ex
1905 5300 2095 5354 super-

503 5393 591 5448 bia
621 5399 678 5445 et
721 5384 1102 5444 aestimationis
1145 5381 1292 5436 fastu
1351 5381 1510 5436 nobis
1560 5379 1847 5449 contingit,
1899 5386 1958 5432 ut
2000 5377 2093 5446 qui

501 5483 781 5538 existimet
808 5480 1092 5548 indignum
1126 5489 1204 5541 se,
1238 5473 1335 5545 qui
1367 5474 1420 5528 in
1458 5473 1625 5527 talem
1662 5487 1855 5526 casum
1883 5470 2094 5523 incide-

505 5589 588 5630 ret
614 5575 808 5629 fuisse.
861 5573 921 5626 in
973 5569 1061 5625 his
1113 5569 1371 5630 duobus,
1417 5566 1509 5636 qui
1556 5562 1952 5626 observaverit,
1992 5562 2094 5615 hoc

507 5667 786 5736 proprium
814 5661 1201 5733 deprehendet,
1234 5659 1378 5730 quod
1410 5660 1548 5713 alter
1591 5672 1655 5711 ex
1681 5656 2085 5726 desperatione,

509 5756 747 5826 seipsum
775 5755 1030 5825 deinceps
1055 5753 1173 5810 sine
1225 5751 1547 5807 discrimine
1578 5747 1833 5805 omnibus
1852 5747 2090 5816 peccatis

2267 4827 2456 4880 Ἔστιν
2484 4825 2793 4894 ἀπόγνωσις
2847 4827 2911 4878 ὲκ
2935 4824 3173 4894 πλήθους
3203 4823 3770 4893 ἁμαρτημάτωνϋόϐ),

2194 4920 2288 4975 καὶ
2321 4917 2622 4980 συνειδότος
2663 4916 2884 4987 βάρους,
2919 4915 3014 4968 καὶ
3056 4915 3333 4984 ἀφορήτου
3362 4914 3539 4984 λύπης
3576 4915 3668 4968 διά
3713 4916 3772 4966 τὸ

2197 5009 2708 5082 ὑπερόαπτισθῆναι
2751 5007 2829 5079 τῷ
2883 5006 3077 5078 πλήθει
3114 5005 3222 5058 τῶν
3277 5005 3617 5077 τραυμάτων
3681 5005 3772 5074 τὴν

2194 5105 2394 5176 ψυχὴν,
2447 5105 2540 5158 καὶ
2579 5101 2656 5174 τῷ
2687 5103 2843 5172 βάρει
2901 5099 3100 5163 αὐτῶν,
3157 5099 3236 5160 είς
3297 5097 3386 5151 τὸν
3413 5097 3773 5166 ἀπογνώσεως

2198 5195 2359 5267 βυθὸν
2415 5192 2936 5258 καταποντίζεσθαι·
2987 5192 3082 5244 καὶ
3139 5189 3288 5244 ἐστιν
3347 5190 3659 5257 ἀπόγνωσις
3717 5189 3773 5254 ἐξ

2194 5287 2575 5360 ὑπερηφανίας
2633 5287 2727 5339 καὶ
2777 5285 3008 5355 οἰήσεως
3070 5284 3203 5353 ἡμῖν
3270 5281 3772 5350 ὲπισυμὸαίνουσα,

2193 5379 2540 5450 λογιζόμενον
2594 5376 2784 5432 ἑαυτὸν
2832 5377 2906 5438 ὡς
2949 5373 3168 5438 ἀνάξιον
3203 5372 3332 5425 ὄντα
3360 5372 3453 5425 τοῦ
3497 5371 3773 5443 συμῦεὗη-

2193 5470 2349 5533 κότος
2389 5468 2683 5538 πτώματος
2709 5481 2725 5498 ⁶
2761 5464 2917 5518 τοῦτο
2940 5464 2997 5519 δὲ
3047 5466 3074 5517 ό
3099 5463 3438 5536 παρατηρῶν
3491 5463 3549 5514 ἐν
3593 5463 3770 5531 ἀμφο-

2193 5560 2371 5630 τέροις
2423 5559 2646 5629 εὑρήσει
2683 5556 2744 5608 τὸ
2787 5554 3022 5624 ἰδίωμα·
3069 5552 3160 5604 τὸν
3216 5553 3314 5621 μὲν
3371 5552 3428 5603 ὲν
3484 5549 3770 5619 ἀδιαφορία

2199 5653 2390 5708 ἑαυτὸν
2420 5651 2606 5703 λοιπὸν
2633 5647 3000 5701 ἐκδεδωκότα·
3049 5644 3140 5696 τὸν
3189 5643 3243 5696 δὲ
3285 5643 3380 5711 τῆς
3413 5643 3695 5711 ἀσκήσεως
3715 5640 3767 5688 ἐν

2199 5743 2515 5812 ἀπογνώσει
2575 5741 2854 5810 ἐχόμενον,
2916 5737 3052 5806 ὅπερ
3103 5733 3471 5804 ἀσύμφωνον·
3519 5729 3650 5783 ἀλλὰ
3677 5727 3764 5791 τὸν
