4042 6458
303 376 446 443 1033

1262 388 1489 451 SCALA
1512 390 1894 456 PARADISI.
1936 421 2003 432 --
2026 398 2334 462 GRADUS
2361 403 2568 466 XXVI.

3425 406 3562 473 1034

301 488 408 562 μὲν
442 490 758 563 ἐγκράτεια,
797 494 892 551 καὶ
915 492 1263 553 εὖελπιστία·
1291 502 1384 556 τὸν
1420 504 1476 556 δὲ
1527 506 1872 570 ταπείνωσις,

1984 523 2254 583 exponat;
2284 515 2424 572 alter
2460 517 2516 571 in
2539 515 2920 587 desperatione
2950 517 3262 591 religiosam
3285 521 3560 577 exercita-

294 587 397 640 καὶ
422 586 483 640 τὸ
507 587 714 657 μηδένα
745 591 953 660 κρίνειν
996 592 1269 665 ἰατρεύειν
1323 595 1656 666 πεφύκασιν.
1709 599 1783 655 Οὐ
1802 598 1883 654 δεῖ

291 675 628 746 θαμϐεῖσθαι
653 680 799 750 ἡμᾶς
817 679 928 753 (67)
957 681 990 753 ἢ
1022 681 1326 749 ξενίζεσθαι
1366 686 1611 759 ὁρῶντας
1665 688 1882 761 πονηρὰ

288 769 404 839 μέν
448 786 605 834 τινας
646 770 1055 843 ἐργαζομένους
1090 773 1252 847 ἔργα,
1307 775 1547 845 ἀγαθοὺς
1599 778 1657 832 δὲ
1685 777 1880 848 λόγους

284 862 683 934 προφέροντας
711 879 725 893 ο
751 862 873 918 ἐπεὶ
914 865 1010 919 καὶ⁸
1055 864 1151 919 τὸν
1184 867 1244 919 ἐν
1296 865 1376 938 τῷ
1404 867 1723 940 παραδείσῳ
1756 861 1880 939 ὅφιν

285 952 505 1005 ἐκεῖνον
536 954 569 1023 ή
604 951 781 1024 οῖησις
810 952 1092 1009 ἀπώλεσεν
1127 954 1409 1024 ὑψώσασα,
1435 956 1607 1021 τύπος
1654 972 1737 1012 σοι
1785 961 1880 1014 καὶ

283 1042 477 1097 κανὼν
514 1042 658 1099 ἔστω
693 1037 849 1109 οὗτος
877 1046 935 1099 ὲν
965 1046 1169 1112 πάσαις
1202 1065 1296 1101 σου
1340 1048 1462 1114 ταῖς
1499 1047 1875 1123 ὲγχειρήσεσι,

283 1136 390 1188 καὶ
468 1135 797 1201 πολιτείαις,
872 1136 1272 1203 ύποτακτικαῖς
1327 1157 1389 1194 τε
1446 1140 1544 1195 καὶ
1598 1138 1876 1197 ἀνυποτά-

280 1243 443 1289 κτοις
464 1225 599 1297 (68),
656 1227 964 1299 ὁρωμέναις
1002 1243 1063 1282 τε
1119 1228 1217 1283 καὶ
1269 1228 1613 1301 νοουμέναις,
1658 1230 1876 1287 είκατά

278 1316 427 1370 Θεὸν
450 1316 658 1390 κυρίως
712 1318 1128 1391 καθεστήκασι·
1175 1319 1320 1390 λέγω
1350 1316 1416 1393 δὴ
1437 1320 1538 1394 (α),
1571 1322 1773 1377 ὁπόταν
1817 1323 1876 1377 τὸ

281 1408 502 1464 οωνοῦν
552 1410 966 1483 ὲπιτηδεύωμεν
985 1411 1123 1483 (69),
1174 1415 1224 1467 οἱ
1296 1415 1643 1486 είσαγὸμενοι
1708 1415 1871 1486 λέγω,

279 1498 621 1572 ἐγχείρημα,
647 1501 744 1554 καὶ
778 1501 856 1575 μὴ
875 1505 940 1557 ὲκ
965 1503 1069 1573 τῆς
1096 1503 1292 1558 τούτου
1324 1506 1591 1577 ἐργασίας
1611 1509 1876 1562 ταπείνω-

285 1606 399 1655 σιν,
426 1586 494 1664 ἦς
516 1590 857 1664 κεκτήμεθα,
888 1594 1407 1667 προσλαμϐάνωμεν
1431 1595 1590 1651 πλέον
1617 1599 1675 1650 ἐν
1701 1598 1870 1671 ψυχῇ,

279 1681 347 1734 οὐ
379 1681 533 1735 δοκεῖ
564 1699 655 1753 μοι
690 1684 834 1738 κατὰ
884 1683 1018 1739 Θεὸν
1059 1687 1208 1757 ἡμᾶς
1250 1686 1384 1741 αὐτὸ
1414 1688 1870 1761 κατεργάζεσθαι,

280 1771 337 1823 εἰ
379 1769 640 1843 μικρδνή
682 1771 824 1843 μέγα
872 1772 1230 1846 καθέστηκεν.
1296 1775 1384 1827 Ἐν
1443 1776 1542 1848 μὲν
1595 1777 1706 1849 γὰρ
1740 1780 1872 1850 ἡμῖν

287 1863 411 1926 τοῖς
437 1861 896 1935 νηπιωδεστέροις
929 1862 1068 1936 αὕτη
1099 1867 1132 1936 ή
1185 1865 1281 1917 τοῦ
1312 1867 1598 1939 Κυριακοῦ
1627 1869 1754 1940 θελή
1765 1886 1867 1941 μα-
1902 1873 1941 1925 Β

278 1970 377 2019 τος
412 1955 760 2027 πληροφορία
786 1956 899 2028 (70)
921 1972 937 1991 ο
968 1960 1027 2012 ὲν
1062 1957 1120 2012 δὲ
1154 1959 1366 2029 μέσοις,
1419 1962 1453 2029 ἡ
1478 1960 1589 2015 τῶν
1620 1962 1870 2032 πολέμων

283 2047 424 2110 ἴσως
450 2044 801 2119 ἀναχώρησις
826 2063 840 2078 '
882 2047 942 2102 ἐν
982 2047 1041 2102 δὲ
1070 2047 1321 2115 τελείοις,
1365 2051 1399 2120 ή
1449 2050 1544 2104 τοῦ
1579 2050 1726 2104 θείου
1761 2069 1874 2122 φω-

228 2142 233 2148 ”
283 2139 381 2201 τδς
409 2136 699 2209 προσθήκη
735 2139 833 2192 καὶ
885 2140 1197 2212 περιουσία.
1252 2140 1334 2194 Τὰ
1379 2141 1479 2211 μὲν
1514 2141 1689 2213 μικρὰ
1719 2143 1873 2213 παρὰ

279 2229 401 2292 τοῖς
453 2226 711 2299 μεγάλοις
734 2227 867 2301 (71),
903 2230 1036 2293 ῐσως
1080 2230 1142 2283 οὐ
1178 2231 1353 2302 μικρά
1377 2247 1390 2260 ·
1450 2231 1519 2285 τὰ
1559 2232 1617 2285 δὲ
1659 2233 1872 2303 μεγάλα

276 2317 440 2389 παρὰ
459 2319 571 2380 τοῖς
592 2320 807 2390 μικροῖς
829 2319 890 2373 οὗ
916 2321 1133 2385 πάντως
1150 2320 1353 2377 τέλεια.
1391 2320 1525 2394 Ἀήρ
1554 2323 1650 2392 μὲν
1669 2323 1874 2394 καθαρ-

277 2407 403 2473 θεὶς
421 2407 681 2479 νεφελῶν,
709 2409 935 2481 φαιδρὸν
958 2409 1236 2477 ὑπέδειξεν
1253 2410 1405 2482 ἥλιον
1425 2427 1441 2442 ο
1460 2412 1714 2484 καὶψυχὴ
1738 2429 1874 2485 προ-

275 2500 503 2573 λήψεων
558 2500 805 2572 ἀφέσεως
842 2500 1136 2567 ἀξιωθεῖσα
1183 2501 1296 2574 (72)
1316 2503 1534 2568 πάντως
1563 2503 1708 2559 θεῖον
1757 2504 1875 2575 φῶς

277 2591 533 2662 ἑώρακεν
556 2633 570 2647 .
621 2592 787 2647 Ι’Δλλο
821 2593 1067 2665 ἁμαρτία
1089 2592 1227 2664 (73),
1259 2597 1356 2649 καὶ
1384 2594 1513 2649 ἄλλο
1553 2594 1744 2666 ἀργία,
1777 2593 1874 2649 καὶ

278 2684 417 2740 ἄλλο
432 2685 662 2757 ἀμέλεια
685 2703 701 2719 ’
722 2688 817 2742 καὶ
841 2684 1031 2758 ἕτερον
1052 2685 1245 2752 πάθος,
1273 2687 1368 2740 καὶ
1393 2686 1523 2742 ἄλλο
1549 2686 1774 2758 πτῶμα.
1810 2687 1873 2738 '0

277 2775 585 2847 δυνάμενος
623 2776 681 2829 ἐν
716 2775 910 2848 Κυρίῳ
960 2775 1162 2847 ζητεῖν,
1205 2776 1441 2848 ζητείτω
1470 2775 1682 2848 σαφῶς.
1710 2777 1873 2840 Τινὲς

279 2868 349 2921 τὸ
375 2867 851 2939 θαυματουργικὺν
882 2868 976 2921 καὶ
1010 2866 1291 2940 ὁρώμενον
1319 2870 1379 2922 ἐν
1417 2870 1531 2934 τοῖς
1561 2885 1870 2941 πνευματι-

283 2959 409 3022 κοῖς
434 2956 769 3029 χαρίσμασιν
792 2956 936 3026 ὑπὲρ
959 2956 1136 3011 πάντα
1168 2959 1587 3030 μακαρίζουσιν,
1613 2959 1867 3028 ἀγνοοῦν-

289 3067 392 3114 τες
455 3048 628 3102 πολλὰ
679 3044 819 3103 εἶναι
860 3046 1053 3103 τούτου
1084 3050 1361 3122 ὑπέρτερα
1409 3052 1507 3106 καὶ
1544 3053 1868 3124 ἀπόκρυφα·

283 3142 366 3197 διὸ
397 3140 496 3195 καὶ
514 3141 765 3213 μένουσιν
790 3139 1035 3195 ἄπτωτα.
1079 3141 1139 3195 ὐ
1167 3142 1266 3213 μὲν
1294 3141 1516 3207 τελείως
1553 3142 1870 3216 καθαρθεὶς,

1985 603 2187 661 tionem
2213 610 2413 666 retinet
2434 628 2450 677 ;
2473 610 2621 681 quod
2644 612 3033 668 inconveniens
3054 622 3158 669 est.
3190 613 3295 670 Sed
3322 614 3559 671 alterum

1982 700 2316 758 continentia
2344 713 2398 758 et
2439 703 2582 760 bona
2627 720 2781 775 spes;
2826 705 3058 762 alterum
3108 707 3412 774 humilitas,
3456 709 3560 765 etsi

1980 794 2253 848 neminem
2317 793 2574 864 judicarit
2631 797 2748 867 (α),
2816 813 3013 854 sanare
3036 799 3255 869 poterit.
3304 798 3424 854 Non
3474 809 3561 856 est

1981 881 2310 951 mirandum,
2343 900 2520 955 neque
2545 897 2803 958 tanquam
2829 889 2884 943 in
2907 904 2964 944 re
2989 891 3277 960 peregrina
3298 900 3354 945 et
3379 890 3554 944 inusi-

1979 981 2091 1029 tata
2139 975 2652 1047 obstupescendum,
2699 980 2919 1049 quando
2959 982 3214 1037 videmus
3260 981 3558 1037 nonnullos

1978 1072 2122 1128 mala
2145 1072 2345 1139 facere,
2378 1083 2432 1130 et
2462 1074 2605 1130 bona
2645 1075 2814 1145 loqui,
2841 1077 3061 1146 quando
3089 1086 3142 1131 et
3169 1085 3478 1145 serpentem
3500 1075 3555 1129 in

1977 1164 2232 1234 paradiso
2260 1166 2425 1222 elatio
2446 1168 2647 1224 mentis
2661 1169 2855 1223 extulit
2869 1177 2924 1224 et
2944 1168 3195 1238 perdidit.
3218 1166 3418 1222 Norma
3440 1168 3557 1223 haec

1977 1258 2051 1314 sit
2077 1259 2131 1313 in
2168 1259 2426 1316 omnibus
2458 1260 2625 1316 rebus
2663 1261 2771 1317 tuis
2807 1275 2946 1331 quas
2974 1261 3301 1331 aggrederis,
3324 1261 3557 1332 vitaeque

1976 1351 2192 1419 studiis,
2211 1351 2327 1407 sive
2340 1352 2516 1418 alteri,
2537 1351 2701 1423 352
2718 1352 2978 1422 subjectis
2998 1355 3112 1409 sive
3137 1369 3246 1408 non
3267 1355 3555 1424 subjectis,

1977 1454 2085 1500 tam
2103 1460 2225 1512 quae
2242 1444 2310 1501 ad
2327 1459 2546 1515 corpus,
2565 1461 2730 1515 quam
2752 1461 2875 1516 qua:
2900 1444 2967 1501 ad
2992 1445 3234 1501 animum
3256 1448 3550 1516 pertinent,

1974 1554 2043 1593 an
2075 1552 2201 1593 cum
2232 1538 2349 1607 lege
2387 1538 2571 1593 divina
2602 1553 2728 1594 vere
2756 1539 3104 1594 conveniant.
3127 1535 3198 1593 Ut
3225 1539 3295 1604 si,
3331 1540 3555 1608 quando

1974 1632 2350 1704 qualecunque
2392 1646 2532 1702 Opus
2559 1647 2661 1688 nos
2693 1631 2883 1688 novitii
2930 1632 3262 1703 suscipimus
3283 1672 3299 1697 ,
3348 1633 3456 1689 nisi
3487 1648 3557 1690 ex

1976 1730 2068 1784 illo
2094 1744 2259 1799 opere
2299 1729 2560 1799 majorem
2581 1770 2596 1794 ,
2630 1742 2794 1798 quam
2835 1735 2959 1782 ante
2990 1726 3304 1791 habuimus,
3333 1725 3559 1781 humili-

1974 1832 2139 1879 tatem
2168 1823 2295 1878 inde
2339 1824 2394 1876 in
2433 1821 2619 1877 anima
2663 1821 3157 1891 acquisiverimus,
3194 1835 3305 1877 non
3339 1820 3559 1876 videtur

1974 1916 2101 1969 illud
2138 1930 2276 1986 opus
2299 1930 2394 1969 seu
2435 1928 2661 1982 parvum
2702 1929 2798 1969 seu
2836 1928 3093 1983 magnum
3124 1911 3308 1977 fuerit,
3350 1928 3553 1969 convc-

1975 2010 2188 2064 nienter
2232 2008 2338 2078 legi
2388 2006 2588 2063 divinae
2614 2006 2840 2063 factum.
2883 2008 3060 2076 Atque
3091 2005 3144 2060 in
3189 2006 3347 2062 nobis
3375 2005 3558 2061 adhuc

1975 2101 2284 2158 rudioribus
2329 2102 2433 2156 hoc
2478 2100 2636 2170 quasi
2680 2100 2876 2154 divina:
2926 2097 3224 2153 voluntatis
3256 2097 3470 2167 signum
3501 2114 3556 2153 et

1975 2195 2348 2251 testimonium
2401 2203 2506 2249 est.
2566 2193 2624 2247 In
2669 2193 2865 2247 mediis
2897 2200 3102 2257 autem,
3132 2191 3287 2262 quies
3321 2190 3556 2247 fortasse

1974 2285 2043 2341 ab
2096 2283 2603 2356 impugnationibus
2656 2302 2669 2336 :
2727 2282 2779 2336 in
2832 2280 3086 2352 perfectis
3146 2291 3329 2337 autem
3384 2281 3557 2336 divini

1975 2360 2202 2436 luminis
2228 2386 2574 2450 augmentum
2608 2387 2663 2433 et
2684 2376 2858 2447 cepia.
2882 2377 3015 2443 Qua:
3041 2391 3209 2446 parva
3237 2375 3557 2445 judicantur

1976 2490 2006 2528 a
2051 2472 2285 2542 magnis,
2336 2470 2570 2527 fortasse
2619 2486 2729 2525 non
2786 2479 2915 2526 sunt
2949 2484 3141 2539 parva.
3193 2458 3326 2535 Qua:
3369 2476 3554 2523 autem

1976 2579 2172 2635 magna
2197 2563 2518 2633 judicantur
2556 2577 2585 2616 a
2619 2565 2803 2632 parvis
2842 2577 2948 2616 non
2974 2569 3105 2616 sunt
3130 2575 3197 2615 ex
3225 2559 3374 2614 omni
3401 2568 3558 2629 parte

1974 2654 2238 2726 perfecta.
2299 2654 2595 2709 Abstersus
2632 2669 2661 2708 a
2713 2652 2950 2709 nubibus
2999 2661 3055 2706 ct
3101 2649 3397 2706 defzecatus
3427 2666 3553 2717 aer,

1974 2749 2186 2802 clarum
2242 2746 2486 2803 ostendit
2537 2745 2741 2811 solem;
2795 2754 2851 2800 et
2907 2744 3091 2800 anima
3153 2759 3184 2798 a
3240 2742 3350 2799 Deo
3397 2743 3556 2799 venia

1974 2851 2323 2913 peccatorum
2353 2842 2596 2913 dignata,
2629 2839 2855 2895 omnino
2886 2838 3130 2894 divinum
3158 2840 3342 2894 lumen
3370 2853 3556 2908 respe-

1974 2936 2074 2991 xit.
2106 2935 2269 2990 Aliud
2317 2944 2397 2990 est
2426 2939 2735 3003 peccatum,
2770 2930 2921 2986 aliud
2964 2932 3162 2997 otium;
3204 2931 3349 2985 aliud
3382 2930 3556 3000 negli-

1975 3026 2190 3097 gentia;
2217 3033 2270 3080 et
2315 3025 2461 3080 aliud
2509 3024 2802 3095 propensio
2859 3022 3023 3091 mala,
3059 3022 3207 3077 aliud
3237 3037 3421 3078 casus.
3449 3019 3557 3086 Qui

1977 3128 2158 3190 potest
2185 3119 2242 3174 in
2278 3117 2511 3174 Domino
2537 3132 2805 3187 quaerere,
2836 3129 3045 3188 quaerat
3065 3124 3269 3187 aperte.
3298 3115 3439 3171 Sunt
3460 3116 3557 3186 qui

285 3236 480 3302 αὐτὴν,
514 3204 558 3303 ’ἦ
602 3232 699 3287 καὶ
730 3234 830 3287 οὐκ
876 3231 1045 3303 αὐτὴν
1086 3204 1187 3304 τὴν
1235 3233 1432 3305 ψυχὴν,
1465 3204 1524 3289 ἐν
1557 3204 1730 3299 ποίοις
1755 3204 1872 3291 διάέ

1977 3211 2206 3285 gratiam
2263 3209 2513 3280 patrandi
2568 3208 2853 3275 miracula,
2897 3215 2953 3262 et
3003 3221 3067 3262 ea
3109 3221 3234 3277 quae
3284 3206 3337 3260 in
3380 3204 3558 3261 oculis

286 3342 472 3380 κειται
502 3322 596 3376 τοῦ
646 3323 875 3396 πλησίον
913 3326 1035 3397 ὁρᾷ.
1099 3324 1160 3393 ’ρ
1190 3324 1248 3378 δὲ
1285 3326 1611 3396 προκόπτων
1642 3325 1741 3389 ἔτι,
1783 3326 1873 3381 διὰ

283 3416 387 3471 τοῦ
428 3415 679 3487 σώματος
706 3416 909 3489 ταύτην
944 3418 1322 3489 τεκμαίρεται.
1377 3416 1634 3490 Πῦρ(74)
1670 3420 1867 3491 μικρὸν

286 3506 554 3572 πολλάκις
584 3508 765 3562 πᾶσαν
786 3508 886 3579 τὴν
918 3507 1052 3580 ύλην
1077 3509 1374 3582 ἐκάθηρεν,
1413 3509 1606 3582 ὥσπερ
1635 3511 1731 3565 καὶ
1763 3513 1873 3584 ὀπὴ

291 3600 466 3671 μικρὰ
489 3600 608 3653 ὅλον
636 3600 728 3655 τὸν
779 3601 948 3656 κόπον
1001 3600 1326 3676 διέφθειρεν.
1387 3604 1576 3658 Ἔστιν
1623 3604 1872 3659 ἀνάπαυ-

288 3707 378 3756 σις
411 3694 476 3763 τῇ
501 3692 675 3765 ἐχθρᾷ
699 3692 798 3763 τὴν
827 3692 921 3752 τοῦ
947 3695 1069 3748 νόου
1099 3694 1334 3768 δύναμιν
1365 3695 1745 3761 διυπνίζουσα,
1778 3697 1874 3752 καὶ

285 3782 536 3855 πύρωσιν
574 3785 649 3855 μὴ
667 3784 1040 3856 διεγείρουσαο
1076 3787 1170 3841 καὶ
1197 3786 1314 3841 ἔστι
1356 3787 1528 3860 πολλὴ
1570 3788 1873 3860 κατάτηξις

286 3876 439 3942 ῐσως,
467 3876 677 3943 καὶτὰς
698 3878 945 3949 κινήσεις
971 3879 1266 3951 κινήσασα,
1294 3880 1397 3933 ἵνα
1413 3880 1500 3951 μὴ
1520 3881 1873 3947 πεποιθότες

282 3959 447 4036 ὦμεν
467 3967 563 4036 ἐφ’
585 3966 820 4035 ἑαυτοῖς
837 4010 852 4035 ,
878 3967 994 4025 ἀλλ’
1017 3970 1110 4024 ἐπὶ
1132 3970 1211 4041 τῷ
1240 3972 1536 4041 ἀγνώστως
1559 3972 1660 4043 τὴν
1688 3972 1871 4038 ζῶσαν

281 4053 635 4111 θανατοῦντι.
656 4057 825 4112 Ὀταν
846 4057 1000 4123 τινὰς
1032 4061 1185 4131 ἡμᾶς
1211 4061 1355 4116 κατά
1384 4061 1588 4134 Κύριον
1614 4062 1871 4132 ἀγαπῶν-

283 4161 392 4208 τας
416 4145 659 4217 ὀψόμεθα
679 4148 813 4220 (75),
860 4152 918 4205 ἐν
954 4152 1203 4220 ,ἐκείνοις
1246 4153 1486 4222 μάλιστα
1524 4155 1588 4209 τὸ
1614 4157 1872 4228 ἀπαρρη-

283 4236 516 4291 σίαστον
531 4238 848 4314 φυλάξωμεν
873 4259 888 4275 °
907 4244 1061 4298 οὐδὲν
1081 4245 1191 4316 γὰρ
1208 4244 1383 4311 οὕτως
1397 4246 1605 4302 διαλύει
1623 4249 1866 4321 ἀγάπην,

276 4327 361 4393 ὡς
417 4329 450 4400 ή
505 4333 791 4403 παρρησία
846 4335 1082 4405 πέφυκε,
1144 4337 1239 4391 καὶ
1298 4341 1454 4409 μῖσος
1512 4339 1864 4411 ἐργάζεσθαι.

276 4418 493 4491 Nospr
516 4422 611 4475 καὶ
637 4422 760 4477 λίαν
786 4425 1113 4495 περικαλλὲς
1138 4425 1203 4480 τὸ
1223 4427 1324 4498 τῆς
1347 4427 1529 4499 ψυχῆς
1564 4428 1741 4501 ὄμμα,
1771 4429 1866 4484 καὶ

277 4512 466 4566 πᾶσαν
490 4511 634 4567 ίδέαν
660 4514 802 4585 μετά
826 4514 928 4580 τὰς
949 4516 1280 4589 ἀσωμάτους
1306 4518 1498 4584 οὐσίας
1518 4520 1818 4591 ὑπεραῖρον
1840 4537 1854 4550 ⁸

1974 3304 2259 3361 hominum
2310 3311 2602 3357 versantur
2648 3299 2791 3357 dona
2853 3298 3097 3355 cmlestia
3158 3298 3467 3353 mirantur:
3501 3306 3559 3353 et

1975 3410 2138 3465 super
2191 3393 2375 3450 omnia
2423 3392 2697 3449 extollunt
2738 3408 2805 3447 ac
2850 3393 3007 3446 beata
3057 3389 3383 3460 praedicant,
3427 3404 3557 3445 cum

1975 3491 2228 3560 ignorent
2254 3487 2428 3543 multo
2465 3487 2552 3542 his
2589 3484 2974 3543 exeellentiora
3006 3493 3061 3540 et
3102 3482 3383 3540 recondita
3411 3497 3555 3548 esse,

1973 3600 2096 3656 quae
2119 3592 2406 3655 propterea
2431 3592 2584 3638 extra
2614 3581 2918 3652 periculum
2958 3596 3122 3637 casus
3159 3589 3400 3636 manent.
3451 3578 3559 3646 Qui

1973 3675 2211 3747 perfecte
2238 3683 2502 3746 purgatus
2527 3683 2632 3742 est,
2668 3673 2843 3743 ipsam
2883 3672 3110 3729 alterius
3149 3673 3390 3729 animam
3432 3671 3558 3744 (etsi

1974 3785 2082 3826 non
2109 3769 2284 3840 ipsam
2310 3766 2552 3839 penitus)
2579 3767 2748 3833 videt,
2781 3766 3063 3837 quomodo
3084 3764 3278 3821 affecta
3330 3765 3422 3821 sit.
3450 3763 3558 3832 Qui

1972 3873 2153 3920 autem
2196 3861 2379 3917 adhuc
2422 3861 2563 3917 inter
2607 3859 2954 3930 proﬁcientes
2980 3867 3094 3926 est,
3140 3874 3239 3928 per
3262 3872 3464 3928 corpus
3492 3859 3560 3914 de

1973 3957 2153 4013 anima
2181 3955 2555 4026 conjecturam
2606 3952 2753 4009 facit.
2790 3950 3004 4008 Parvus
3039 3952 3183 4022 ignis
3208 3965 3353 4020 saepe
3383 3959 3557 4006 totam

1971 4051 2164 4106 silvam
2196 4048 2438 4104 absumit
2482 4056 2538 4101 et
2578 4055 2866 4119 repurgat,
2900 4044 3063 4116 353
3110 4053 3168 4100 et
3204 4059 3373 4115 parva
3417 4043 3558 4098 rima

1973 4143 2288 4199 universum
2331 4141 2583 4197 laborum
2631 4140 2868 4196 fructum
2914 4137 3237 4207 corrumpit.
3280 4134 3379 4191 Est
3408 4150 3561 4205 quae-

1971 4235 2095 4291 dam
2127 4235 2369 4304 requies,
2397 4247 2520 4304 qua:
2539 4246 2638 4301 per
2660 4231 2938 4287 inimicam
2964 4244 3185 4285 carnem
3212 4228 3326 4284 vim
3355 4227 3560 4283 mentis

1971 4325 2292 4391 exsuscitat,
2326 4333 2382 4379 et
2419 4322 2672 4379 ardorem
2724 4332 2905 4378 tamen
2949 4320 3134 4376 carnis
3178 4333 3285 4374 non
3330 4318 3556 4375 excitat.

1969 4416 2038 4471 Et
2071 4432 2267 4488 magna
2297 4417 2628 4488 quandoque
2663 4415 2909 4486 corporis
2942 4411 3162 4471 vexatio
3188 4412 3557 4468 nihilominus

1971 4510 2201 4566 fortasse
2247 4518 2428 4565 motus
2487 4509 2669 4563 carnis
2720 4514 2999 4571 causatur,
3050 4522 3113 4559 ne
3147 4505 3204 4559 in
3234 4504 3385 4559 nobis
3427 4504 3559 4573 ipsis

274 4600 404 4655 ὅθεν
439 4604 532 4656 καὶ
563 4579 832 4676 ἐμπαθεῖς
858 4579 1121 4675 πολλάκίς
1141 4610 1211 4665 τά
1239 4579 1298 4666 έν
1322 4579 1539 4683 ἑτέραις
1573 4579 1775 4682 ψύχαῖς
1806 4610 1866 4677 ἐξ

1974 4605 2290 4676 conﬁdentes
2319 4606 2484 4658 simus
2519 4605 2585 4666 ",
2634 4602 2726 4658 sed
2759 4602 2812 4657 in
2840 4616 2906 4657 eo
2937 4600 3031 4671 qui
3064 4600 3333 4655 viventem
3373 4600 3560 4655 carnis

273 4693 501 4766 ἀγάπης
529 4698 733 4770 πολλῆς
763 4699 865 4771 τῆς
890 4703 1027 4774 πρὸς
1056 4702 1227 4768 αὐτὰς
1257 4704 1505 4774 νοήματα
1557 4703 1864 4773 ἐπιγνῶναι

269 4786 625 4859 ἠδυνήθησαν
649 4808 662 4821 ο
720 4792 816 4845 καὶ
848 4791 1087 4864 μάλιστα
1138 4794 1227 4848 ὅτε
1280 4795 1386 4848 ὑπὸ
1435 4795 1534 4866 τῆς
1583 4794 1756 4866 πηλοῦ
1790 4794 1866 4867 μὴ

272 4881 772 4945 καταποντίζονται
849 4882 1218 4954 ρυπούμενοι·
1262 4886 1309 4938 εί
1381 4882 1532 4937 οὐδὲν
1589 4882 1668 4954 τῷ
1714 4883 1865 4956 ἀΰλῳ

270 4969 441 5038 φύσει
468 4968 542 5033 ὡς
566 4971 625 5024 τὸ
648 4970 833 5026 ένυλον
860 4973 1197 5046 ἀνθέστηκεν
1214 4975 1327 5045 (76)
1356 4992 1369 5006 ·
1392 4977 1431 5029 κὸ
1468 4975 1865 5044 ἀναγινώσκων

268 5059 467 5117 νοείτω
489 5079 505 5095 ο
536 5066 594 5118 αἱ
624 5067 1043 5137 παρατηρήσεις
1077 5068 1135 5119 ὲν
1182 5069 1282 5138 μὲν
1315 5069 1431 5131 τοῖς
1468 5066 1608 5120 κατά
1659 5066 1862 5139 κόσμον

268 5152 647 5225 ἀνθεστήκασι
680 5158 746 5227 τῇ
801 5156 896 5210 τοῦ
924 5155 1063 5210 Θεοῦ
1092 5158 1321 5229 προνοίᾳ
1348 5173 1362 5189 ο
1415 5158 1473 5210 ἐν
1520 5157 1654 5227 ἡμῖν
1705 5156 1762 5209 δὲ
1792 5158 1859 5226 τῇ

269 5248 441 5317 νοερᾷ
480 5247 704 5315 γνώσει.
745 5249 808 5303 Οί
839 5247 940 5319 μὲν
971 5253 1039 5321 τῇ
1063 5249 1213 5321 ψυχῇ
1246 5249 1495 5313 ἀσθενεῖς
1529 5250 1593 5302 ἐκ
1625 5247 1733 5315 τῶν
1765 5247 1862 5301 τοῦ

269 5336 531 5407 σώματος
555 5339 937 5411 περιστάσεων
953 5340 1092 5415 (77),
1143 5341 1240 5395 καὶ
1293 5340 1578 5407 κινδύνων,
1624 5339 1718 5393 καὶ
1754 5338 1863 5391 τῶν

269 5429 432 5493 ἐκτὸς
472 5432 897 5505 περισωσμῶν,
928 5433 1029 5503 τὴν
1052 5432 1188 5504 πρὸς
1220 5433 1418 5496 αὐτοὺς
1444 5433 1735 5501 ἐπίσκεψιν
1765 5431 1861 5484 τοῦ

348 5609 398 5641 ⁸³
420 5609 465 5663 ιι
494 5610 625 5666 Cor.
660 5627 698 5678 ι,
728 5612 784 5667 9.

270 5820 295 5885 ι
344 5749 424 5817 (6)
460 5747 522 5803 Et
544 5745 812 5817 judicium
828 5747 895 5804 de
911 5746 1085 5803 altero
1110 5745 1468 5802 temerarium
1487 5743 1705 5816 penitus
1737 5743 1870 5800 sub-

297 5831 472 5877 stum.

297 5831 472 5877 stum.

612 5910 883 5972 Px'rnon.
908 5909 1025 5971 GR.
1063 5908 1451 5972 LXXXVIII.

1974 4717 2199 4757 sensum
2221 4701 2435 4756 occulte
2459 4708 2699 4754 mactare
2724 4706 2925 4767 potest.
2963 4692 3020 4749 Si
3048 4710 3146 4750 nos
3168 4710 3196 4749 a
3225 4693 3555 4765 quibusdam

1973 4803 2160 4849 sancte
2196 4791 2497 4849 secundum
2530 4789 2699 4845 Deum
2734 4787 2887 4858 diligi
2922 4786 3393 4858 conSpexerimus,
3427 4801 3559 4858 erga

1973 4886 2096 4940 illos
2115 4885 2457 4954 potissimum
2479 4880 2865 4939 verecundiam
2888 4878 3289 4941 custodiamus,
3306 4892 3375 4932 ne
3392 4877 3560 4931 nimis

1974 4979 2150 5033 simus
2190 4976 2524 5032 confidentes
2554 4994 2566 5030 :
2598 4973 2735 5029 nihil
2766 4973 2912 5027 enim
2949 4972 3023 5027 ita
3047 4971 3197 5025 lardit
3230 4978 3284 5025 et
3309 4968 3566 5024 dissolvit

1973 5071 2297 5126 charitatem
2325 5109 2343 5135 ,
2398 5076 2454 5123 et
2486 5065 2671 5120 odium
2717 5064 2880 5134 parit,
2910 5077 3073 5132 quam
3118 5060 3287 5116 nimia
3335 5057 3561 5112 libertas

1971 5151 2226 5223 loquendi
2250 5167 2348 5206 seu
2373 5147 2726 5204 conﬁdentia.
2745 5144 2914 5200 Valde
2936 5144 3242 5214 intelligens
3261 5149 3313 5195 et
3338 5140 3563 5208 elegans

1971 5253 2055 5298 est
2073 5243 2267 5297 oculus
2309 5239 2531 5308 mentis,
2562 5250 2863 5306 omnesque
2890 5235 3117 5299 formas,
3141 5239 3333 5300 przeter
3352 5226 3565 5297 angeli-

1973 5351 2066 5389 cas
2091 5343 2334 5399 naturas,
2354 5330 2648 5401 exstinguit
2679 5338 2733 5384 et
2755 5336 2995 5398 superat.
3026 5323 3181 5378 Unde
3202 5332 3256 5378 et
3293 5320 3368 5375 illi
3393 5333 3557 5387 saepe,

1973 5427 2063 5497 qui
2089 5425 2266 5479 adhuc
2288 5423 2455 5478 animi
2483 5418 2981 5492 perturbationibus
2995 5414 3215 5469 obnoxii
3234 5420 3385 5477 sunt,
3407 5408 3563 5479 cogi-

2049 5738 2296 5813 (aﬂtyw
2316 5740 2383 5813 δὴ
2411 5753 2522 5795 non
2580 5746 2666 5794 est
2722 5736 2778 5791 in
2829 5731 3091 5789 omnibus
3154 5726 3554 5795 exemplaribus

1981 5812 2204 5869 Graecis.
2372 5812 2377 5813 “
2619 5815 2644 5826 ⁸

3176 5893 3256 5952 33
