4042 6430
515 328 664 395 ἴθ35

1785 318 1845 375 S.
1869 317 2190 379 JOANNIS
2219 320 2527 383 CLIMACI

3649 333 3783 414 1036

519 443 754 509 taliones
783 437 1013 492 aliarum
1046 434 1354 489 animarum
1387 443 1453 484 ex
1482 441 1680 497 magna
1703 426 1973 482 eharitate
2000 443 2104 498 qua

2217 431 2426 501 Κυρίου
2468 433 2926 506 γνωριζέτωσαν·
2976 439 3023 490 οἱ
3066 438 3123 492 δέ
3175 440 3371 493 τέλειοι
3427 441 3490 493 ἐκ
3548 442 3648 513 τῆς
3691 447 3784 501 τοῦ

520 530 826 587 adiciuntur
847 543 974 598 erga
994 521 1140 590 illas,"
1155 520 1562 593 deprehendere
1584 526 1900 589 potuerunt,
1917 527 1971 574 et
1989 528 2106 576 tum

517 617 889 692 potissimum,
911 633 1042 673 cum
1071 614 1194 686 puri
1227 611 1328 682 ipsi
1360 611 1428 666 ab
1465 609 1721 666 sordibus
1753 619 2102 679 peccatorum

521 727 630 768 non
651 710 900 782 absorpti
945 716 1089 764 sunt.
1126 707 1182 760 Si
1229 703 1368 758 nihil
1404 711 1516 758 tam
1555 710 1826 785 repugnat
1852 704 2105 774 incorpo-

511 817 627 857 τοδε
656 809 864 856 naturae
889 811 1055 868 quam
1079 793 1130 850 id
1159 792 1307 864 quod
1331 805 1657 861 corporeum
1689 797 1775 845 est
1805 789 1921 860 (qui
1952 790 2101 859 legit,

515 891 824 964 intelligat),
843 886 1254 947 observationes
1271 883 1328 937 in
1346 881 1703 938 saecularibus
1717 880 1912 936 divinae
1929 881 2106 950 provi-

516 985 712 1040 dentiae
727 1015 755 1047 ,-
773 983 826 1036 in
845 981 1005 1035 nobis
1023 975 1358 1049 cognitionis
1384 974 1585 1029 mentis
1615 973 1881 1028 obsistere
1902 973 2099 1028 solent.

509 1074 618 1142 Qui
647 1074 832 1128 animo
856 1085 1054 1141 parum
1103 1069 1262 1123 firmo
1295 1076 1350 1124 et
1387 1064 1662 1122 constanti
1705 1072 1855 1130 sunt,
1909 1078 2102 1118 curam

513 1182 644 1237 erga
693 1179 753 1220 se
783 1162 895 1216 .Dei
945 1176 1014 1216 ex
1053 1159 1302 1228 corporis
1352 1165 1531 1221 statu,
1562 1155 1844 1227 periculis,
1887 1164 1945 1210 et
1981 1156 2106 1212 aliis

509 1255 758 1312 externis
817 1250 1204 1307 vexationibus
1255 1247 1594 1317 intelligant;
1651 1244 1879 1315 perfecti
1921 1253 2102 1302 autem

510 1363 576 1401 ex
596 1346 833 1416 Spiritus
853 1341 1030 1399 sancti
1057 1337 1370 1410 praesentia,
1392 1347 1444 1392 et
1471 1336 1769 1408 gratiarum
1789 1336 2097 1392 caelestium

511 1439 872 1494 incremento.
906 1435 1001 1489 Est
1028 1433 1240 1488 daemon
1271 1430 1364 1500 qui
1391 1429 1507 1499 jam
1541 1429 1596 1482 in
1639 1429 1780 1482 lecto
1809 1427 1899 1498 (ad
1947 1444 2098 1484 som-

2206 524 2528 596 Πνεύματος
2574 529 2913 597 παρουσίας,
2961 533 3055 584 καὶ
3117 531 3216 602 τῆς
3262 531 3370 585 τῶν
3431 517 3789 606 χαρισμάτων

2211 617 2564 690 προσθήκης·
2602 618 2718 673 ἐστι
2769 621 2980 694 δαίμων
3009 622 3148 676 ἐπὰν
3187 625 3245 678 ἐν
3277 626 3344 696 τῇ
3385 620 3545 698 κλίνῃ
3583 628 3789 682 ἀναπέε

2207 724 2410 778 σωμεν,
2458 710 2595 780 πρὸς
2642 712 2790 784 ἡμᾶς
2841 714 3310 786 παραγενόμενος,
3363 716 3459 770 καὶ
3525 722 3793 789 πονηραῖς

2203 802 2352 871 ἡμᾶς
2437 803 2533 855 καὶ
2600 805 2876 882 ῥυπαραῖς
2956 807 3334 872 κατατοξεύων
3404 808 3792 882 ἐνθυμήσεσιν,

2205 888 2292 944 ἵνα
2329 894 2394 962 τῇ
2424 892 2655 968 ὀκνηρίᾳ
2687 896 2768 960 είς
2803 898 3112 970 προσευχὴν
3158 899 3281 952 τότε
3326 900 3448 952 κατ’
3490 889 3658 954 αὐτοῦ
3715 902 3792 972 μὴ

2201 981 2560 1056 ὁπλισάμενοι
2613 987 2675 1042 ἐν
2735 989 3010 1061 ῥυπαραῖς
3051 992 3286 1056 ἐννοίαις
3329 991 3792 1062 ἀφυπνώσαντες,

2203 1077 2426 1147 ῥυπαρὰ
2455 1079 2549 1130 καὶ
2573 1079 2645 1132 τὰ
2659 1079 2883 1152 ἐνύπνια
2918 1083 3272 1154 κτησώμεθα.
3316 1085 3506 1139 ΙἘστιν
3540 1088 3797 1156 πνευμά-

2201 1182 2332 1234 των,
2375 1171 2684 1244 πρόδρομος
2720 1175 3080 1254 καλούμενος,
3113 1176 3174 1241 ἐξ
3210 1175 3380 1244 ὕπνου
3413 1180 3559 1248 ἡμᾶς
3589 1180 3796 1244 εὐθέως

2199 1256 2510 1328 δεχόμενος,
2563 1267 2656 1316 καὶ
2681 1262 2780 1335 τὴν
2811 1257 3153 1346 ,πρωτόνοιαν
3184 1268 3341 1338 ἡμῶν
3380 1268 3796 1340 καταμολύνων.

2207 1347 2360 1440 Δίδου
2406 1352 2504 1422 σῆς
2530 1353 2744 1425 ἡμέρας
2793 1347 3048 1438 ἀπαρχὰς
3096 1359 3305 1438 Κυρίῳ.
3363 1360 3470 1414 Τοῦ
3500 1359 3609 1429 γὰρ
3664 1378 3798 1440 προ-

2206 1436 2482 1504 ποιοῠντος
2517 1441 2668 1499 ἔσται
2684 1444 2818 1515 (78).

511 1549 644 1587 num
670 1525 996 1601 capiendum
1027 1525 1408 1582 recumbentes
1453 1522 1830 1592 improbarum
1859 1533 1913 1578 et
1939 1524 2276 1594 impurarum
2325 1533 2714 1604 cogitationum
2751 1539 2872 1592 telis
2903 1555 3002 1594 nos
3045 1539 3296 1607 infestat,
3319 1541 3486 1614 354
3514 1552 3572 1599 ιιι
3599 1558 3669 1600 εχ
3713 1543 3796 1614 pi.

513 1625 674 1694 gritia
710 1634 825 1679 tum
870 1622 1122 1676 oratione
1161 1634 1272 1674 non
1299 1618 1566 1674 obarmati
1588 1616 1642 1670 in
1664 1616 1916 1672 obscenis
1941 1619 2365 1687 cogitationibus
2394 1628 2828 1697 obdormiamus,
2857 1631 2997 1688 l‘edis
3039 1633 3206 1688 etiam
3239 1626 3530 1692 insomniis
3553 1651 3794 1707 occupe-

517 1735 659 1773 mur.
687 1716 781 1771 Est
811 1733 840 1771 e
870 1715 1177 1786 spiritibus,
1197 1713 1506 1784 improbus,
1537 1726 1847 1782 praecursor
1875 1711 2076 1780 dictus,
2100 1716 2194 1785 qui
2221 1735 2323 1775 nos
2341 1736 2374 1777 e
2399 1738 2589 1781 somno
2611 1738 2958 1798 experrectos
2980 1731 3164 1786 statim
3189 1731 3412 1803 excipit,
3442 1741 3496 1787 et
3520 1733 3791 1804 primitias

515 1813 908 1886 cogitationum
932 1819 1243 1866 nostrarum
1271 1808 1542 1878 inquinat.
1563 1805 1770 1862 Olieras
1792 1804 2023 1862 Domino
2044 1809 2149 1864 diei
2192 1815 2267 1868 tui
2301 1819 2594 1892 primitias,
2625 1825 2747 1894 ejus
2776 1827 2924 1880 enim
2959 1835 3124 1882 erunt
3159 1827 3253 1897 qui
3276 1827 3648 1882 anteverterit.

589 1907 825 1976 Dignum
890 1903 1080 1958 auditu
1146 1917 1460 1958 sermonem
1517 1900 1653 1954 mihi
1726 1900 1946 1970 quidam
2009 1901 2102 1957 Dei
2140 1913 2184 1973 Β

514 2015 709 2055 servus
763 1998 994 2052 retulit:
1030 1998 1107 2051 Ex
1146 1996 1361 2067 primis,
1388 1995 1586 2065 inquit,
1645 1994 1752 2049 diei
1799 1995 2096 2064 auSpiciis,

515 2094 684 2149 totius
713 2091 821 2147 diei
857 2098 1060 2146 statum
1108 2088 1365 2158 conjicio,
1421 2102 1520 2142 seu
1564 2085 1879 2156 praescisco.
1915 2085 2099 2142 Multae

514 2189 646 2236 sunt
692 2178 909 2248 pietatis
964 2184 1018 2231 et
1063 2175 1216 2230 exitii
1250 2174 1399 2228 viae:
1433 2182 1771 2243 quapropter
1824 2187 1969 2244 saepe
2011 2172 2103 2226 hic

513 2270 607 2340 qui
633 2269 790 2323 alteri
821 2266 1135 2337 opponitur,
1162 2279 1287 2320 cum
1309 2263 1482 2318 altero
1514 2261 1718 2332 optime
1746 2262 2024 2324 convenit,
2048 2271 2102 2316 et

511 2372 694 2415 tamen
727 2357 1013 2426 utriusque
1050 2371 1206 2411 mens
1235 2363 1290 2410 et
1335 2354 1461 2409 ﬁnis
1495 2353 1608 2408 Deo
1635 2353 1832 2424 placet.
1861 2352 2103 2410 Luctan-

512 2464 602 2507 tur
627 2449 918 2505 nobiscum
969 2448 1250 2503 daemones
1294 2462 1390 2516 per
1416 2447 1768 2510 tentationes,
1820 2461 1960 2515 quas
2009 2462 2105 2501 ex-

511 2542 777 2613 perimur,
815 2547 876 2594 ut
921 2538 1130 2608 aliquid
1192 2537 1478 2606 indignum
1532 2536 1618 2591 vel
1665 2535 1954 2603 dicamus,
2019 2538 2105 2591 vel

512 2634 802 2690 faciamus.
859 2631 1018 2696 Quod
1067 2631 1114 2686 si
1161 2629 1458 2699 impetrare
1514 2644 1625 2683 non
1679 2639 1934 2698 possunt,
1986 2639 2103 2684 tum

514 2727 718 2782 sensim
761 2727 1099 2795 irrepentes,
1141 2731 1443 2794 suggerunt
1474 2722 1632 2777 nobis
1666 2724 1742 2776 uti
1787 2738 1882 2792 per
1911 2738 2106 2792 supcr-

513 2821 659 2875 biam
688 2819 774 2891 (ut
816 2818 906 2872 ille
931 2816 1254 2887 pharisaeus)
1300 2814 1411 2869 Deo
1449 2813 1655 2884 gratias
1697 2814 1966 2870 dicamus.
2000 2815 2105 2882 Qui

510 2929 574 2968 ea
611 2928 731 2982 qua:
782 2926 946 2982 supra
987 2921 1134 2977 sunt,
1181 2909 1424 2979 sapiunt,
1479 2907 1682 2963 mortui
1711 2907 1828 2963 sive
1862 2907 2105 2978 separati

511 3022 542 3060 a
583 3019 814 3075 corpore
853 3020 949 3074 per
978 3011 1166 3074 partes
1207 3002 1273 3057 ad
1309 2999 1589 3071 superiora
1630 3001 1975 3056 ascendunt:
2009 3001 2106 3072 qui

509 3113 640 3154 vero
671 3096 892 3167 sapiunt
919 3112 1042 3166 quae
1089 3093 1230 3150 inira
1277 3102 1433 3159 sunt,
1467 3093 1536 3147 ad
1571 3092 1831 3149 interiora
1881 3109 2104 3149 rursum

511 3192 853 3246 descendunt
902 3209 915 3244 :
973 3197 1352 3258 separatorum
1403 3187 1551 3242 enim
1612 3201 1707 3242 seu
1759 3195 2103 3242 mortuorum

2297 1913 2682 1978 Ἀξιάκουστὸν
2707 1937 2799 1990 μοι
2824 1920 2983 1989 λόγον
3020 1920 3261 1992 ἐργάτης
3275 1919 3500 1991 ἄριστος
3527 1919 3786 1991 ἔφρασεν.

2215 2004 2306 2070 Ἐξ
2333 2007 2503 2078 αὐτῆς
2541 2008 2672 2082 γὰρ,
2720 2011 2814 2081 μοὶ
2855 2011 2982 2083 ἔφη,
3016 2011 3116 2083 τῆς
3169 2012 3383 2084 πρωΐας
3438 2009 3529 2065 τὸν
3568 2012 3786 2084 ἅπαντά

2206 2113 2306 2166 μου
2346 2097 2544 2169 δρόμον
2586 2100 2686 2175 τῆς
2722 2101 2935 2172 ἡμέρας
2967 2101 3399 2175 προεπίσταμαι.
3452 2100 3656 2155 Πολλαὶ
3695 2102 3788 2155 καὶ

2202 2189 2302 2259 τῆς
2323 2189 2604 2254 εὐσεϐείας
2637 2191 2732 2243 καὶ
2781 2192 3058 2255 ἀπωλείας
3111 2192 3167 2245 αἱ
3214 2191 3548 2262 ὁδοιπορίαι·
3601 2192 3788 2263 διόπερ

2205 2279 2464 2344 πολλάκις
2493 2283 2521 2334 ὁ
2549 2281 2626 2352 τῷ
2651 2282 2823 2356 ἑτέρῳ
2858 2283 3340 2354 ἀντιτασσόμενος,
3385 2283 3528 2353 ἄλλῳ
3548 2282 3788 2354 γνησίως

2215 2371 2559 2440 συνέρχεται,
2606 2371 2700 2424 καὶ
2753 2374 2781 2425 6
2853 2372 2962 2425 τῶν
3028 2374 3354 2444 ἀμφοτέρων
3415 2373 3638 2435 σκοπός
3672 2372 3785 2424 ἐστι

2204 2462 2398 2533 Κυρίῳ
2431 2461 2724 2532 εὐάρεστος
2751 2461 2883 2532 (79).
2931 2461 3231 2520 Παλαίουσι
3276 2462 3375 2531 μέν
3426 2464 3476 2516 οί
3531 2461 3784 2532 δαίμονες

2205 2552 2302 2626 ἐπὶ
2357 2555 2468 2615 τοίς
2528 2552 2922 2623 συμϐαίνουσιν
2981 2551 3116 2626 ἡμῖν
3183 2555 3510 2626 πειρασμοῖς
3555 2553 3588 2623 ἢ
3638 2552 3782 2619 λέξαι

2205 2642 2356 2711 ἡμᾶς
2395 2641 2426 2711 ἢ
2463 2640 2667 2712 πρᾶξαι
2713 2642 2935 2696 ἄτοπον.
2991 2643 3102 2698 Καὶ
3149 2625 3289 2696 ὅταν
3332 2643 3405 2714 μὴ
3466 2625 3778 2714 ίσχύσωσιν,

2206 2733 2388 2804 ἠρέμα
2453 2735 2773 2798 ἐπιστάντες
2836 2735 3185 2806 ὑπερήφανον
3235 2737 3371 2807 ἡμῖν
3432 2735 3780 2807 εὐχαριστίαν

2208 2826 2345 2899 πρὸς
2377 2826 2508 2879 Θεὸν
2541 2826 2920 2880 ὑποτίθενται·
2950 2827 2998 2879 οἱ
3033 2827 3133 2897 μὲν
3165 2827 3232 2880 τὰ
3258 2825 3369 2880 ἀνω
3395 2828 3776 2898 φρονήσαντες,

2207 2913 2564 2988 χωριζόμενοι
2601 2916 2714 2972 ἄνω
2751 2916 2996 2987 μερικῶς
3040 2917 3488 2989 ἁνὲρχονταιίθο)
3509 2935 3524 2949 ·
3556 2919 3608 2971 οἱ
3638 2919 3694 2972 δὲ
3720 2919 3781 2972 τὰ

2208 3008 2381 3073 κάτω,
2427 3009 2579 3062 κάτω
2635 3007 2796 3062 πάλιν
2846 3008 3209 3080 πορεύονται·
3253 3009 3365 3064 τῶν
3409 3009 3518 3082 γὰρ
3558 3009 3781 3081 χωριζο-

2212 3102 2388 3176 μένων
2427 3101 2580 3155 οὐδὲν
2604 3101 2790 3154 λοιπὸν
2833 3102 2998 3172 μέσον
3040 3103 3389 3174 ἵσταται.Ἓν
3406 3104 3516 3156 τῶν
3549 3102 3779 3174 κτισμάσ

2208 3214 2316 3250 των
2359 3196 2415 3248 ἐν
2450 3195 2622 3266 ἑτέρῳ
2641 3195 2734 3248 καὶ⁴
2753 3195 2853 3248 οὐκ
2877 3196 2936 3246 ἐν
2975 3194 3237 3265 ἐαυτῷ’τὸ
3269 3190 3410 3249 εἶναι
3433 3195 3625 3267 είληφε
3653 3195 3777 3268 (81)·

513 3285 667 3338 locus
686 3284 903 3338 medius
917 3282 1104 3338 nullus
1135 3291 1218 3336 cst
1247 3280 1512 3350 reliquus.
1541 3277 1716 3334 Unum
1741 3295 1805 3335 ex
1837 3280 2100 3351 (duobus)

2206 3289 2299 3342 καὶ
2325 3286 2510 3358 θαῦμα
2538 3287 2654 3351 πῶς
2674 3287 2830 3349 ἐκτὸς
2862 3286 2956 3339 τοῦ
2999 3287 3058 3341 ὲν
3099 3279 3144 3356 ᾧ
3188 3286 3249 3341 τὸ
3291 3283 3430 3340 εἶναι
3458 3287 3778 3360 ἐκομίσατο,

514 3377 606 3430 Dei
664 3377 865 3431 creatis
917 3375 1176 3444 operibus
1236 3373 1291 3427 in
1346 3373 1561 3438 altero,
1627 3387 1738 3427 non
1805 3373 1862 3426 in
1924 3373 2105 3442 seipso

511 3479 766 3526 naturam
813 3486 968 3526 suam
999 3511 1014 3537 ,
1071 3469 1316 3538 adeoque
1354 3471 1516 3522 s‘uum
1565 3481 1690 3522 esse
1749 3467 1995 3537 accepit,
2052 3476 2105 3522 et

514 3564 715 3619 mirum
744 3573 828 3618 est
859 3562 1138 3633 quomodo
1171 3561 1303 3616 illud
1324 3561 1469 3630 quod
1496 3561 1549 3615 in
1579 3560 1753 3616 altero
1787 3575 1950 3616 suum
1981 3577 2105 3616 esse

512 3673 611 3712 seu
667 3666 922 3711 naturam
982 3669 1138 3710 suam
1195 3653 1446 3723 accepit,
1508 3653 1629 3709 sine
1693 3653 1867 3709 altero
1927 3655 2105 3724 possit

511 3749 836 3804 consistere.
898 3745 1028 3802 Pias
1090 3745 1232 3802 tilias
1291 3753 1496 3802 matres
1553 3745 1826 3816 gignunt,
1896 3754 2102 3802 matres

510 3851 693 3898 autem
726 3841 1011 3907 Dominus,
1049 3854 1157 3910 qua
1189 3839 1304 3908 lege
1351 3853 1448 3894 seu
1481 3837 1667 3907 regula
1696 3838 1863 3893 etiam
1886 3839 1941 3892 in
1973 3854 2104 3893 con-

511 3937 701 3991 trariis
731 3935 811 3990 uti
843 3949 954 3989 non
988 3933 1094 3989 erit
1121 3931 1446 3988 absurdum.
1499 3930 1746 3986 Timidus
1797 3931 1854 3987 in
1896 3931 2098 3987 bellum

510 4045 579 4085 ne
608 4029 779 4093 exite,
823 4036 884 4082 ut
905 4027 1100 4091 Moses,
1125 4026 1208 4081 vel
1233 4025 1414 4096 potius
1442 4023 1586 4079 Deus
1620 4024 1885 4094 imperat,
1910 4035 1965 4080 et
1987 4039 2102 4079 me-

510 4122 617 4177 rito
645 4139 714 4177 ne
737 4137 894 4177 error
922 4136 1118 4190 nempe
1156 4128 1473 4190 postremus
1503 4116 1666 4188 355
1698 4117 1896 4174 animae
1925 4119 2102 4188 primo

2205 3377 2562 3433 συνίστασθαι
2618 3378 2854 3446 πέφυκε.
2902 3374 3015 3441 Τὰς
3059 3376 3159 3452 μέν
3199 3376 3449 3442 εὐσεϐεῖς
3479 3377 3781 3450 θυγατέρας

2203 3472 2258 3524 αἱ
2301 3469 2535 3543 μητέρες
2561 3470 2830 3537 τίκτουσι,
2862 3469 2962 3544 τᾲς
2990 3468 3046 3522 δὲ
3081 3467 3327 3544 μητέρας
3359 3469 3387 3521 6
3430 3468 3662 3539 Κύριος,
3693 3469 3780 3523 καὶ

2201 3564 2294 3616 ἐπὶ
2331 3561 2440 3615 τῶν
2462 3562 2722 3614 ἐναντίων
2751 3561 2831 3632 τῷ
2854 3559 3242 3632 προειρημένῳ
3267 3558 3453 3613 κανόνι
3477 3560 3662 3631 ὁρίσαι
3679 3560 3774 3613 οὐκ

2203 3655 2423 3724 ἄσοφον.
2483 3654 2668 3718 Δειλδς
2717 3656 2799 3718 εἰς
2847 3654 3084 3728 πόλεμον
3132 3651 3208 3725 μὴ
3255 3650 3468 3719 ἐξιέτω,
3524 3652 3776 3724 Μωῠσῆς,

2207 3749 2408 3822 μᾶλλον
2449 3749 2506 3802 δέ
2555 3747 2686 3812 Θεὸς
2727 3746 3198 3818 παρακελεύεται,
3240 3741 3442 3817 μ’ήπως
3488 3744 3777 3816 γένηταιή

2204 3844 2407 3915 ἐσχάτη
2434 3842 2612 3914 πλάνη
2635 3842 2734 3915 τῆς
2774 3840 2952 3913 ψυχῆς
2998 3840 3136 3914 ὑπὲρ
3174 3838 3272 3910 τὴν
3319 3838 3556 3913 ,πρώτην
3578 3839 3777 3892 πτῶσιν

2203 3933 2294 3989 τοῦ
2323 3931 2594 4004 σώματος,
2613 3931 2708 3986 καὶ
2731 3915 2973 3995 εἰκότως.
3003 3932 3122 4004 Φῶς
3158 3933 3258 4004 μὲν
3277 3933 3384 3988 τῶν
3408 3931 3503 3986 τοῦ
3535 3929 3776 4002 σώματος

2205 4026 2424 4080 πάντων
2452 4024 2672 4095 ἄρθρων
2702 4023 2750 4075 οἱ
2783 4022 3033 4093 αἰσθητοὶ
3072 4023 3370 4095 ὀφθαλμοί·
3405 4021 3522 4092 φῶς
3567 4020 3625 4074 δὲ
3666 4035 3768 4074 νοε-

2206 4117 2300 4185 ρὸν
2331 4114 2542 4186 ἀρετῶν
2566 4113 2674 4166 τῶν
2706 4113 2865 4168 θείων
2900 4112 3195 4186 διάκρισις.

508 4232 644 4272 casu
709 4215 956 4286 corporis
1005 4214 1248 4270 deterior
1286 4213 1409 4268 .ﬁat.
1487 4210 1702 4266 Lumen
1781 4208 2033 4264 omnium
2105 4207 2358 4286 corporis
2410 4205 2785 4280 membrorum
2843 4214 2971 4260 sunt
3017 4213 3163 4260 oculi
3216 4204 3472 4260 sensibus
3527 4202 3770 4275 subjecti.

511 4308 627 4364 Lux
659 4323 790 4364 vero
837 4307 1148 4362 intellectus
1172 4304 1420 4361 omnium
1469 4301 1782 4359 divinarum
1832 4301 2097 4358 virtutum
2131 4283 2513 4356 est-discretio.

811 4420 1104 4479 SCHOLIA
1158 4421 1250 4474 AD
1279 4417 1574 4476 GR'ADUM
1614 4415 1813 4473 XXVI.

1054 4535 1132 4589 De
1162 4535 1498 4590 discretione.

866 4627 1114 4683 Scholion
1146 4627 1346 4682 Isaaci.
1390 4627 1627 4691 Quaestio
1656 4627 1706 4681 1.

579 4721 719 4789 Quid
763 4731 845 4776 est
879 4719 1181 4792 perfectio?
1212 4720 1368 4788 Resp.
1402 4718 1742 4774 llumilitatis
1773 4732 1981 4772 merces
2005 4733 2100 4772 seu

509 4817 816 4886 praemium,
843 4814 946 4868 hoc
969 4821 1071 4877 est,
1108 4812 1381 4868 abdicatio
1405 4795 1653 4866 omnium
1686 4809 2099 4880 aspectabilium

509 4918 562 4960 et
602 4905 1099 4976 inaspectabilium.
1160 4902 1596 4974 Aspectabilium
1629 4902 1878 4956 omnium
1913 4914 2108 4970 nempe

510 5019 629 5072 qnze
656 5002 721 5057 ad
755 5017 977 5057 sensum
1010 5000 1322 5070 pertinent;
1355 5014 1466 5053 non
1505 4996 1943 5069 aspectabilinm,
1983 5010 2106 5066 qua:

509 5096 575 5149 ad
614 5105 873 5160 mentem,
911 5102 963 5148 et
991 5107 1334 5164 quaecunque
1365 5107 1431 5147 ex
1472 5106 1604 5147 cura
1635 5089 1834 5145 horum
1865 5105 2104 5146 nascun-

513 5197 616 5242 tur.
1058 5180 1062 5184 ’

1129 5276 1380 5332 Scholion
1409 5276 1465 5330 2.

579 5367 815 5422 Mundus
845 5365 1010 5422 corde
1035 5375 1135 5432 est,
1161 5365 1335 5436 quise
1358 5366 1532 5435 ipsum
1557 5363 1870 5419 damnando
1901 5377 2098 5432 praeces

508 5473 660 5532 ptum
693 5461 784 5516 Dei
823 5476 930 5513 non
967 5460 1180 5513 irritum
1216 5459 1399 5514 faciet.
1449 5459 1561 5511 Aut
1599 5457 1690 5526 qui
1723 5471 1850 5528 erga
1879 5468 2094 5508 omnem

510 5564 746 5610 creatam
804 5563 1057 5606 naturam
1111 5551 1493 5607 misericordia
1553 5557 1958 5604 commovetur.
1991 5549 2099 5600 Ant

2578 4417 2835 4480 ΣΧΟΛΙΑ
2857 4416 2968 4470 ΕΙΣ
2999 4417 3226 4472 ΛΟΓΟΝ
3258 4417 3404 4483 KG".

2719 4533 2861 4607 Περὶ
2888 4532 3265 4602 διακρίσεως.

2493 4628 2756 4700 Σχόλιον
2790 4624 3024 4681 Ἰσαάκ.
3081 4622 3407 4692 Ἐρώτησις
3433 4628 3504 4678 α’.

2277 4720 2341 4772 Τί
2374 4721 2522 4772 ἐστιν
2562 4720 2596 4791 ὴ
2637 4715 2945 4790 τελειότης;
2997 4717 3287 4790 Ἀπόκρις.
3335 4714 3547 4778 Μισθὸς
3588 4731 3774 4768 ταπει-

2206 4806 2460 4871 νώσεως·
2511 4790 2647 4880 ὅπερ
2683 4806 2831 4860 ἐστὶν
2976 4804 3286 4874 κατάληψις
3309 4804 3384 4874 (a)
3420 4803 3642 4858 πάντων
3677 4800 3781 4855 τῶν

2204 4899 2416 4971 ὁρατῶν
2442 4915 2501 4952 τε
2554 4899 2648 4953 καὶ¹
2695 4899 2972 4970 ἀοράτων·
3019 4897 3232 4967 ὁρατῶν
3265 4897 3367 4966 μὲν
3414 4896 3634 4950 πάντων
3677 4893 3782 4947 τῶν

2203 4991 2512 5062 αἰσθητῶν·
2565 4989 2812 5061 ἀοράτων
2861 4989 2918 5043 δὲ
2961 4989 3070 5042 τῶν
3120 4987 3349 5060 νοητῶν,
3401 4987 3494 5040 καὶ
3545 4985 3657 5041 τῶν
3715 4988 3779 5039 ἐκ

2206 5086 2478 5158 μερίμνης
2505 5086 2604 5155 τῆς
2639 5084 2779 5154 ὺπέρ
2818 5081 3019 5137 αὐτῶν.

2804 5265 2850 5315 Σ
2853 5262 3063 5331 χόλων
3093 5261 3159 5331 β’.

2275 5359 2531 5430 Καθαρδς
2582 5359 2649 5429 τῇ
2689 5356 2888 5426 καρδίᾳ
2920 5353 3089 5418 ἐστὶν,
3139 5354 3168 5406 6
3219 5353 3318 5424 μὴ,
3371 5351 3571 5407 ἑαυτοῦ
3613 5367 3783 5404 κατα·-

2203 5454 2383 5521 γνούς,
2422 5453 2516 5505 ἐπὶ
2571 5448 2790 5519 ἐντολῆς
2839 5447 2977 5500 Θεοῦ
3019 5445 3315 5516 ἁθετήσει·
3372 5445 3406 5515 ἢ
3457 5445 3485 5496 6
3531 5443 3782 5512 ἐλεήμων

2203 5546 2344 5614 ὑπὲρ
2375 5543 2556 5614 πάσης
2586 5541 2688 5612 τῆς
2710 5540 2927 5610 φύσεως
2949 5540 3047 5610 τῆς
3076 5537 3305 5609 κτιστῆς
3332 5556 3346 5569 ·
3371 5538 3406 5608 ἦ
3433 5539 3462 5591 6
3496 5535 3780 5606 ἐλεύθερος

580 5716 1005 5788 ςαλΚατὸληψις
1035 5697 1463 5782 comprehensio;
1529 5707 1853 5788 κατάλειιίρις
1883 5707 2104 5761 abdicat:

2249 5707 2473 5777 legerim
2539 5707 2642 5761 lroc
2717 5707 2840 5760 loco
2888 5700 3208 5782 κατάλειψις
3260 5699 3453 5771 potius
3492 5713 3653 5770 quam
3686 5711 3776 5747 xa-

510 5782 764 5856 τάληψις.
