4042 6454
315 427 448 510 1037

1303 448 1535 507 SCALA
1567 445 1952 508 PARADISI.
1981 472 2050 483 -
2075 448 2388 510 GRADUS
2410 451 2621 513 XXVI.

3477 454 3615 518 1038

312 555 422 610 τῶν
483 553 747 628 κρυπτῶν
790 555 1012 611 παθῶν·
1060 556 1303 628 καθαρὸς
1340 557 1399 612 δὲ
1455 558 1534 629 τῷ
1590 558 1827 630 σώματι,
1876 558 1905 611 ὁ

2028 553 2101 630 ιιιί
2130 559 2270 617 liber
2301 572 2385 625 est
2405 563 2475 620 ab
2501 540 2738 621 occultis
2761 566 2931 623 vitiis.
2962 563 3202 624 Mundus
3231 583 3462 640 corpore
3501 581 3612 624 es".

312 647 456 710 ὅσιος
477 649 543 700 ἐκ
576 645 674 700 τοῦ
707 647 989 718 μολυσμοῦ
1014 648 1118 722 τῆς
1148 649 1353 721 σαρκός
1384 652 1500 704 ἐστι
1542 653 1638 704 καὶ
1694 653 1724 704 ό
1770 651 1902 720 άλη-

314 737 486 794 θεύων
511 738 602 792 διὰ
621 739 916 811 πόματος.

917 838 1182 906 Σχόλιον
1211 845 1278 907 γ’.

385 923 552 995 Τρεῖς
581 925 725 979 είσιν
761 929 810 980 oi
839 929 985 983 κατὰ
1025 911 1117 983 τὸν
1156 928 1388 1002 Μάρκον
1433 930 1714 1000 γίγαντες,
1743 932 1904 1004 λήθη,

311 1013 504 1082 ἄγνοια
525 1055 540 1081 ,
587 1018 680 1070 καὶ
714 1017 990 1091 ρᾳθυμία-
1045 1019 1141 1083 οὓς
1175 1021 1204 1074 ὁ
1246 1020 1368 1095 θεία
1396 1021 1583 1095 χάριτι
1615 1007 1898 1095 ποντία-ας,

311 1107 492 1163 πάντα
553 1108 624 1163 τὰ
695 1108 918 1182 ἅρματα
994 1112 1086 1166 τοῦ
1159 1112 1365 1184 Φαραὼ
1430 1116 1760 1188 συντρίψεις.

931 1299 1187 1367 Σχόλιον
1227 1298 1293 1355 δ’.

397 1381 464 1436 Ἦ
508 1381 665 1452 ναῦς,
715 1385 848 1441 ποτὲ
895 1387 996 1458 μὲν
1045 1389 1113 1443 ὲκ
1162 1389 1275 1444 τῶν
1325 1381 1529 1456 ἔξωθεν
1595 1393 1907 1465 τρικυμιῶν

311 1478 813 1544 καταϐαπτίζεταιο
868 1483 1000 1537 ποτὲ
1053 1483 1113 1537 δὲ
1151 1485 1272 1544 ,ὑπὸ
1321 1486 1425 1559 τῆς
1482 1487 1632 1542 ἔνδον
1689 1489 1911 1554 ἀντλίας

315 1567 648 1641 ὑποϐρύχιος
689 1571 928 1640 γίνεται.
974 1574 1086 1628 Καὶ
1136 1576 1300 1648 ἡμεῖς
1349 1577 1481 1631 ποτὲ
1533 1579 1634 1650 μὲν
1670 1577 1761 1632 διὰ
1801 1578 1911 1632 τῶν

312 1662 470 1726 ἐκτὸς
496 1663 824 1734 πρακτικῶν
872 1665 1294 1739 ἁμαρτημάτων
1338 1669 1733 1741 ἀπολλύμεθα·
1777 1671 1910 1724 ποτὲ

311 1754 368 1808 δὲ
400 1754 490 1809 διὰ
511 1755 622 1809 τῶν
642 1755 791 1811 ἔνδον
819 1758 1102 1832 λογισμῶν
1127 1757 1531 1832 ἀφανιζόμεθα.
1567 1764 1662 1815 Δεῖ
1688 1757 1783 1816 οὖν
1813 1764 1908 1816 καὶ

310 1849 412 1912 τὰς
465 1848 668 1914 ἔξωθεν
719 1850 830 1906 τῶν
883 1853 1215 1924 πνευμάτων
1255 1854 1544 1924 ἐπιτηρεῖν
1578 1854 1908 1926 προσϐολὰς,

2011 657 2105 728 qui
2142 673 2172 712 a
2203 659 2386 714 carnis
2431 659 2812 730 inquinatioue
2851 677 3025 733 purus
3073 671 3180 730 est,
3228 663 3322 736 qui
3343 662 3552 721 nullum
3587 665 3608 686 ‘

2010 749 2218 820 profert
2247 767 2314 808 ex
2344 768 2441 808 ore
2471 755 2842 810 mendacium.

2632 846 2894 903 Scholion
2929 850 2983 903 '5.

2082 937 2219 994 Tres
2239 946 2390 1014 sunt,
2412 954 2478 994 ex
2493 938 2662 996 Marci
2681 941 2982 1013 (monachi)
3005 942 3296 1008 sententia,
3311 941 3561 1012 gigantes
3585 961 3598 996 :

2007 1028 2638 1110 obliviohignorantia,
2683 1032 2903 1104 pigritia
2937 1049 3118 1104 :quos
3155 1035 3200 1090 si
3245 1050 3371 1094 cum
3416 1035 3602 1090 divina

2013 1121 2190 1193 gratia
2236 1132 2406 1192 ponto
2455 1124 2714 1182 merseris
2744 1165 2760 1193 ,
2807 1141 3001 1184 omnes
3059 1143 3254 1185 currus
3299 1126 3604 1184 Pharaonis

2011 1230 2112 1270 COH
2121 1224 2282 1272 teres.

2614 1306 2866 1366 Scholion
2904 1311 2960 1366 4.

2081 1399 2268 1467 Navis,
2302 1401 2467 1458 modo
2498 1403 2568 1458 ab
2597 1404 2964 1460 exterioribus
2989 1404 3157 1461 maris
3179 1404 3436 1460 ﬂuctibus
3469 1404 3605 1459 hau-

2014 1495 2174 1559 ritur,
2215 1495 2378 1550 modo
2417 1511 2485 1550 ex
2534 1497 2795 1564 interiore
2831 1497 3048 1554 sentina
3074 1499 3360 1570 mergitur.
3407 1497 3471 1552 Et
3500 1513 3604 1552 nos

2012 1589 2308 1659 aliquando
2358 1605 2456 1660 per
2485 1600 2711 1647 externa
2740 1601 2960 1664 peccata
2987 1593 3256 1663 perimus,
3307 1590 3604 1660 aliquando

2012 1697 2110 1753 per
2171 1681 2418 1738 internas
2448 1683 2809 1752 cogitationes
2852 1685 3255 1740 evanescimus.
3287 1682 3524 1738 Proinde
3551 1690 3606 1735 et

2012 1784 2366 1829 externorum
2425 1775 2710 1832 flaminum
2771 1787 2825 1833 et
2881 1767 3178 1846 spirituum
3239 1776 3492 1846 procellae
3545 1785 3601 1828 ct

2018 1863 2253 1934 impetus
2274 1866 2502 1920 cavendi
2534 1875 2683 1936 sunt,
2721 1878 2774 1922 et
2804 1867 3033 1922 interior
3066 1867 3462 1937 cogitationum
3497 1865 3606 1921 im-

311 1939 408 1992 καὶ
437 1939 534 2003 τὰς
572 1940 720 1996 ἔνδον
746 1941 856 1998 τῶν
879 1941 1161 2014 λογισμῶν
1184 1941 1461 2011 ἐξαντλεῖν
1516 1941 1867 2013 ἀκαθαρσίας
1891 1959 1902 1971 ·

2028 1971 2276 2023 aurarum
2305 1957 2678 2014 exhaurienda
2708 1961 2939 2014 sentina.
2974 1960 3267 2015 Enimvero
3299 1960 3477 2031 major
3509 1974 3609 2015 cu-

313 2029 455 2102 πλὴν
477 2033 897 2106 ἐπιπονωτέραν
918 2033 1024 2108 χρὴ
1057 2033 1197 2105 πρὸς
1238 2035 1369 2100 τοὺς
1401 2034 1699 2106 λογισμοὺς
1731 2040 1906 2091 ποιεῖ-

316 2122 437 2176 σθαι
467 2123 567 2194 τὴν
595 2125 857 2182 διάνοιαν.

931 2221 1199 2289 Σχόλιον
1225 2228 1286 2276 ε’.

393 2312 522 2368 Ἐὰν
555 2313 633 2384 μὴ
675 2313 746 2368 δι’
789 2313 1054 2386 ἀμελείας
1083 2316 1164 2379 είς
1211 2315 1438 2385 ἄγνοιαν
1472 2315 1565 2369 καὶ
1599 2315 1774 2388 λήθην
1814 2319 1909 2370 καὶ

312 2404 592 2480 ρᾳθυμίαν
633 2411 1046 2481 περιπέσωμεν,
1086 2409 1188 2483 τῆς
1221 2409 1344 2465 κατ’
1384 2410 1609 2481 ἐντολὴν
1643 2411 1910 2482 ἐργασίας

308 2497 413 2552 οὐκ
439 2497 876 2571 ἀποτευξόμεθα.
935 2501 997 2556 El
1035 2501 1111 2575 μὴ
1145 2503 1257 2574 γὰρ
1289 2504 1318 2557 ό
1349 2502 1480 2568 νοῦς
1524 2503 1808 2576 σκοτισθῇ,
1845 2507 1907 2558 ού

308 2592 560 2664 κυριεύει
593 2594 662 2648 τὰ
693 2594 841 2669 πάθη
864 2596 964 2668 τῆς
991 2595 1192 2668 ψυχῆς.

917 2775 1176 2845 Σχόλιον
1221 2775 1299 2842 ς’.

399 2861 580 2934 Ὀψία,
609 2868 711 2922 καὶ
737 2865 931 2920 σκοτία
971 2866 1174 2939 ψυχῆς,
1205 2867 1462 2939 ἀμέλεια,
1516 2867 1681 2938 λήθη,
1720 2865 1911 2920 ἐπιθυ-

310 2956 458 3026 μίαν
504 2957 667 3012 τοῦτο
719 2953 815 3014 οὖν
865 2960 976 3015 ἀπὸ
1022 2959 1316 3032 συνηθείας
1379 2957 1535 3014 εἶπεν
1580 2959 1810 3032 ὂδηλοῖ,
1846 2959 1910 3013 τὸ

304 3046 412 3118 ὀψὲ
441 3048 692 3115 γίνεσθαι
742 3051 911 3122 ἤγουν
939 3051 1112 3123 βραδύ
1144 3068 1158 3084 °
1193 3052 1222 3106 ὃ
1272 3052 1530 3123 λυκόφως
1563 3051 1698 3122 φασί
1737 3069 1904 3118 τινες.

939 3316 1202 3385 Σχόλιον
1225 3317 1296 3383 ζ’.

391 3402 455 3458 ⁸0
484 3403 665 3470 ἀϐδᾶς
685 3405 864 3460 Λέων.

919 3512 1184 3593 Σχόλιοκ
1216 3533 1288 3597 η’.

384 3612 480 3678 Τὸ,
511 3613 840 3686 προλήψεσι,
867 3615 1099 3669 παλαιὸν
1127 3616 1229 3671 οὐκ
1262 3617 1412 3671 ἔστιν
1435 3619 1706 3691 ἐμπαθῶν
1731 3637 1746 3652 °
1773 3621 1912 3676 ἀλλὰ

307 3700 512 3776 πόρρω
542 3705 642 3776 μὲν
687 3705 781 3759 τοῦ
834 3707 1046 3778 μύσους
1105 3706 1380 3775 ἑστώτων,
1430 3711 1528 3764 τοῦ
1591 3711 1815 3784 βρὼμου
1846 3712 1907 3767 δὲ

307 3797 838 3870 ἑποσφραινομένων
863 3814 878 3829 ο
903 3799 985 3851 διὸ
1013 3798 1110 3852 καὶ
1138 3799 1333 3871 ἄρχειν
1359 3801 1451 3855 τὸν
1494 3803 1740 3858 τοιοῦτον
1769 3803 1909 3858 ἐκώ·

306 3890 500 3957 λυσεν,
530 3889 620 3944 ἵνα
651 3891 725 3962 μὴ
755 3892 1143 3963 άμεριμνήσας
1177 3892 1345 3947 πάλιν
1379 3895 1756 3969 ὲγκυὸιστήσῃ
1784 3898 1910 3961 ταῖς

307 3983 376 4038 ὲκ
393 3982 853 4052 συγκαταθέσεως
877 3983 1132 4054 πράξεσιο
1156 3985 1250 4040 τὸν
1263 3985 1321 4040 δὲ
1343 3985 1482 4059 πρὸς
1496 3987 1596 4051 τὰς
1612 3989 1739 4058 αἰσχ
1746 4005 1840 4060 ρου
1849 4005 1909 4061 ρο

302 4073 439 4143 γίας
463 4075 817 4146 κεχηνότα,οὐ
841 4075 1119 4130 διδάσκειν
1156 4079 1454 4149 συγχωρεῖ.

2011 2062 2071 2102 ra
2107 2049 2174 2104 ad
2196 2049 2555 2121 cogitationes
2582 2054 2914 2108 coercendas
2947 2053 3257 2109 adhibenda
3287 2064 3388 2109 est.

2667 2212 2918 2268 Scholion
2945 2215 2997 2270 5.

2084 2307 2199 2365 Nisi
2229 2327 2324 2382 per
2355 2311 2744 2384 negligentiam
2777 2325 3024 2368 nostram
3076 2313 3129 2366 in
3163 2313 3525 2383 ignorantiam
3555 2323 3609 2369 et

2011 2403 2344 2459 obiivionem
2377 2415 2432 2459 et
2483 2405 2772 2474 segnitiem
2819 2405 3204 2470 inciderimus,
3249 2404 3429 2460 fructu
3477 2421 3608 2475 ope-

2015 2497 2090 2550 ris
2112 2511 2178 2551 ex
2209 2508 2478 2566 praecepto
2507 2487 2672 2568 356
2698 2496 2929 2566 perfecti
2960 2512 3068 2551 non
3099 2496 3456 2567 privabimur.
3491 2496 3608 2554 Nisi

2012 2590 2158 2642 enim
2191 2603 2346 2643 mens
2379 2589 2574 2644 obtusa
2601 2591 2953 2652 obscuretur,
3006 2590 3162 2644 malae
3185 2599 3242 2644 et
3270 2589 3489 2645 vitiosa:
3525 2589 3610 2643 af-

2016 2680 2281 2737 fectiones
2322 2681 2376 2736 in
2399 2682 2640 2737 animam
2669 2697 2781 2736 non
2813 2681 3269 2737 dominabuntur.

2648 2771 2904 2834 Scholion
2944 2777 2998 2833 6.

2087 2866 2283 2923 Serum
2317 2878 2372 2924 et
2398 2869 2636 2926 tenebrae
2676 2869 2880 2924 mentis
2920 2877 3049 2924 sunt
3087 2868 3436 2940 negligentia,
3467 2869 3609 2925 obli-

2013 2961 2124 3026 vio,
2160 2977 2328 3032 prava
2374 2963 2668 3033 cupiditas.
2703 2963 2822 3019 Hoc
2865 2976 2993 3032 ergo
3027 2977 3093 3017 ex
3127 2960 3272 3031 vulgi
3309 2977 3413 3017 usu
3446 2961 3604 3026 dixit,

2013 3055 2164 3126 quod
2208 3055 2485 3126 significat
2535 3055 2671 3110 illud
2698 3097 2712 3121 ,
2758 3071 2882 3112 sero
2922 3057 3073 3122 fieri,
3123 3056 3229 3112 hoc
3272 3065 3391 3124 est,
3428 3054 3603 3110 tarde.

2013 3149 2170 3217 Quod
2207 3159 2422 3220 tempus
2454 3150 2620 3221 aliqui
2662 3149 2851 3205 dicunt
2884 3150 3136 3220 λυκόφως
3160 3147 3235 3222 (a)
3269 3165 3366 3206 seu
3414 3163 3609 3220 crepu-

1957 3275 1978 3330 ς
2014 3243 2230 3302 sculum
2263 3259 2357 3300 seu
2387 3245 2720 3299 matutinum
2756 3259 2851 3299 seu
2880 3244 3274 3314 vespertinum.

2667 3336 2918 3392 Scholion
2943 3336 2999 3392 7.

2084 3430 2272 3487 Abbas
2307 3429 2434 3485 Leo.

2618 3520 2868 3577 Scholion
2903 3521 2936 3576 8
2974 3522 3070 3594 (ὁ).

2083 3614 2325 3672 Verbum
2365 3613 2693 3687 (προλήψεσι
2741 3610 3258 3687 [αηιὶσὶραιὶοηίὸυδ]
3290 3610 3308 3682 )
3335 3612 3466 3668 olim
3497 3626 3608 3666 non

2011 3709 2384 3780 usurpabatur
2409 3709 2464 3762 in
2498 3708 2699 3763 malam
2724 3717 2935 3777 partem
2961 3707 3028 3761 de
3059 3706 3126 3762 iis
3155 3706 3250 3777 qui
3281 3705 3496 3761 vitiosis
3527 3704 3610 3760 af-

2011 3801 2345 3857 fectionibus
2378 3800 2724 3866 laborabant,
2774 3800 2868 3855 sed
2896 3801 2963 3854 de
2991 3801 3059 3855 iis
3089 3800 3184 3870 qui
3215 3799 3284 3854 ab
3307 3799 3457 3854 omni
3486 3799 3612 3870 quia

2010 3895 2135 3950 dem
2166 3893 2371 3964 flagitio
2400 3893 2569 3962 ;erant
2602 3892 2822 3959 remoti,
2866 3892 2962 3947 sed
2999 3901 3180 3946 tamen
3211 3890 3441 3946 fetorem
3478 3904 3607 3945 sen-

2011 3973 2240 4041 tiebant.
2273 3984 2351 4039 Ita
2381 3998 2516 4055 ergo
2545 3982 2799 4038 affectum
2822 4023 2837 4050 ,
2867 3981 3141 4038 Climacus
3180 3981 3247 4035 ab
3270 3981 3392 4037 aliis
3413 3995 3611 4048 regen-

2011 4077 2097 4133 dis
2140 4082 2405 4138 removet,
2449 4089 2518 4129 ne
2539 4075 2596 4129 in
2634 4072 3021 4145 negligentiam
3051 4071 3340 4141 prolapsus
3373 4069 3608 4126 actioni-

309 4172 424 4226 bus
453 4186 673 4226 rursum
706 4173 983 4244 prioribus
1011 4189 1077 4228 ex
1111 4172 1306 4230 affectu
1342 4175 1542 4232 mentis
1573 4161 1901 4232 involvatur.
1941 4176 2100 4231 Illum
2165 4187 2332 4245 porro
2371 4172 2465 4242 qui
2514 4169 2584 4226 ad
2622 4183 2810 4241 turpes
2874 4170 3121 4226 actiones
3149 4166 3379 4224 inclinat
3405 4175 3460 4223 et
3489 4163 3605 4221 aiIl-

308 4266 482 4333 citur,
524 4266 720 4325 docere
748 4269 886 4325 alios
918 4271 1192 4340 prohibet.

924 4383 1186 4453 Σχόλιον
1217 4382 1283 4438 θ’.

382 4470 586 4540 Λέγειν
633 4475 740 4546 χρὴ
808 4474 986 4540 καλά,
1047 4475 1145 4550 καξι
1212 4475 1304 4529 τὸν
1375 4475 1454 4544 μὴ
1521 4475 1665 4530 καλὰ
1732 4477 1911 4548 πράτ-

297 4579 474 4616 τοντα
495 4579 510 4594 ⁸
533 4563 683 4630 ὅπως
709 4562 944 4638 ἄρξηται
972 4561 1084 4622 τῶν
1113 4561 1292 4640 ἔργων
1332 4568 1460 4633 τοὺς
1484 4567 1678 4638 λόγους
1719 4570 1911 4640 αἰσχυ-

299 4652 562 4724 νόμενος.

941 4771 1206 4841 Σχόλιον
1240 4779 1294 4829 ι’.

377 4859 555 4932 Κῦμα
584 4860 685 4933 τὴν
729 4863 1196 4935 ἐμπεφορημένην
1239 4864 1451 4924 κοιλίαν
1486 4865 1712 4936 εὐφυῶς
1737 4883 1911 4938 προσ-

285 4952 615 5023 ωνόμασεν·
643 4953 833 5007 αὐτόθι
863 4952 974 5024 γὰρ
995 4954 1085 5010 διὰ
1112 4955 1222 5010 τῶν
1248 4953 1528 5029 λογισμῶν
1553 4957 1707 5031 κῦμα
1727 4957 1909 5028 τοῦτο,

290 5043 402 5097 καὶ
428 5044 508 5108 εἰς
531 5045 890 5100 κατάπτωσιν
923 5046 1164 5118 ἔρχεται.

917 5165 964 5216 Σ
965 5153 1182 5232 χόλιοκ
1213 5171 1302 5219 ια’.

373 5250 774 5322 Εἰσαγωγικῶν
851 5253 1198 5325 μαθημάτων
1273 5257 1514 5329 ὑπακοὴ,
1577 5261 1899 5331 ἐγκράτεια,

284 5342 582 5415 ὑπομονὴ,
631 5345 826 5417 ἀνδρία
871 5347 1074 5419 ψυχῆς,
1128 5348 1517 5420 ἁπροσπάθεια
1561 5353 1767 5421 γονέων
1806 5354 1898 5408 καὶ

282 5435 607 5506 Χρημάτων
629 5454 644 5469 ⁸
674 5441 787 5502 τοῖς
815 5438 874 5493 δὲ
907 5439 1220 5512 προκόψασι
1252 5442 1630 5514 μακροθυμία,
1665 5447 1898 5516 χρηστό-

282 5542 432 5597 της,
463 5527 800 5601 ἀγαθοσύνη,
840 5533 1182 5603 συμπάθεια,
1229 5535 1582 5604 ἀνεξικακία,
1639 5523 1896 5610 άκτημο-

283 5618 466 5691 σύνη,
500 5623 750 5693 νηστεία,
781 5624 1064 5698 προσευχὴ
1103 5627 1368 5700 ἐκτενής·
1402 5630 1514 5692 τοῖς
1564 5629 1621 5683 δὲ
1667 5631 1895 5697 τελείοις

366 5796 644 5882 (αλῢιιοιξι
688 5803 1111 5883 similitudine_a
1140 5809 1348 5881 glaucis
1397 5809 1645 5882 luporum
1701 5811 1900 5880 oculis,

271 5885 388 5929 seu
415 5884 681 5929 cmerers.

1940 4768 1990 4827 ι)

2626 4355 2876 4428 Scholion
2907 4372 2960 4426 9.

2082 4469 2233 4524 Bona
2274 4466 2507 4523 dicenda
2553 4474 2683 4522 sunt
2726 4465 2893 4520 etiam
2946 4465 3090 4548 mala
3131 4467 3490 4537 perpetranti,
3528 4472 3609 4524 uti

2009 4577 2140 4620 suos
2166 4562 2281 4633 ipse
2302 4561 2575 4617 reveritus
2590 4574 2876 4616 sermones
2906 4559 3047 4615 bona
3071 4574 3231 4632 agere
3261 4559 3487 4632 incipiat
3509 4560 3607 4635 (ε).

2690 4765 2942 4822 Scholion
2969 4764 3037 4819 10

2083 4860 2342 4918 Ventrem
2383 4861 2692 4932 saginatum
2734 4860 3014 4932 ingeniose
3046 4858 3276 4916 fluctum
3315 4859 3484 4916 maris
3511 4874 3610 4930 ap-

2011 4955 2248 5026 pellavit.
2285 4953 2435 5010 Illico
2476 4953 2624 5010 enim
2671 4967 2767 5024 per
2810 4952 3172 5024 cogitationes
3225 4952 3460 5024 procella
3502 4951 3607 5008 ista

2012 5052 2080 5104 ad
2113 5050 2325 5122 lapsum
2355 5047 2584 5120 proruit.
2691 5041 2711 5048 ’“

2582 5161 2832 5217 Scholion
2864 5163 2950 5217 ll.

2088 5258 2419 5315 Rudimenta
2475 5260 2747 5330 religiosae
2815 5260 2941 5314 vitae
2998 5268 3053 5313 et
3113 5256 3420 5327 disciplinae
3479 5265 3612 5312 sunt

2008 5352 2351 5420 obedientia,
2391 5352 2744 5420 abstinentia,
2786 5352 3071 5424 patientia,
3105 5350 3369 5406 fortitudo
3409 5349 3603 5416 animi,

2008 5446 2280 5502 abdicatio
2329 5446 2514 5503 omnis
2568 5462 2695 5519 erga
2736 5454 2991 5517 parentes
3047 5454 3104 5500 et
3159 5459 3290 5515 opes
3350 5443 3599 5499 affectus.

2006 5539 2416 5595 Proficientium
2469 5539 2896 5611 longanimitas,
2961 5537 3301 5608 benignitas,
3365 5537 3599 5603 bonitas,

2004 5631 2437 5698 commiseratio,
2464 5632 2754 5689 tolerantia
2790 5621 3086 5696 malorum,
3104 5641 3397 5702 paupertas
3417 5669 3432 5692 .
3458 5629 3604 5700 jejuo

2083 5818 2159 5886 (bi)
2187 5813 2271 5886 ξε).
2303 5814 2471 5886 Mosc.
2503 5831 2554 5870 c.
2581 5817 2704 5886 “2.

2082 5883 2154 5958 (ε)
2191 5883 2305 5941 Hoc
2340 5885 2614 5942 scholium
2640 5885 2805 5941 etiam
2833 5899 3002 5955 supra
3029 5885 3273 5958 positum
3313 5895 3416 5942 est.
