4042 6440
530 362 669 432 1039

1801 368 1858 428 S.
1890 366 2212 429 JOANNIS
2242 369 2553 432 CLIMACI

3659 383 3772 456 1M0

537 485 686 533 nium
711 520 725 545 ,
766 477 1004 536 assiduae
1041 491 1250 549 preces.
1295 476 1672 534 Perfectorum
1704 476 1967 545 cbaritas,
1990 495 2124 550 gau-

2233 481 2441 556 ἀγόιπη,
2469 484 2613 556 χαρὰ
2633 525 2650 550 ,
2679 485 2896 558 εἰρήνη,
2927 486 3222 560 διάκρισις·
3249 488 3546 560 ἄπταιστος
3563 496 3617 553 ιν
3642 504 3776 559 παντὶ

535 571 710 635 dium,
733 586 861 641 pax,
891 570 1148 642 religiosa
1171 569 1460 640 prudentia
1491 584 1586 626 seu
1613 569 1894 638 discretio,
1935 585 2130 642 expers

535 664 718 718 omnis
757 663 946 733 lapsus
973 672 1026 716 et
1057 661 1376 717 olfensionis
1413 660 1467 716 in
1502 676 1832 734 quocunque
1862 671 2128 735 tempore,

537 757 678 822 loco,
705 755 938 811 actione.

1141 845 1398 902 Scholion
1431 845 1523 902 12.

606 938 970 1010 Alpliabetum
1026 940 1431 996 monachorum
1485 940 1738 1011 intelligit
1778 949 1834 998 et
1863 939 2134 1011 signiﬁcat

534 1035 763 1089 virtutes
783 1047 982 1104 nempe
1002 1032 1242 1088 tironum
1271 1049 1368 1090 seu
1390 1034 1728 1090 novitiorum
1755 1033 1951 1106 viginti
1987 1049 2129 1106 (λυα-

534 1141 658 1186 ιυοι·
687 1131 995 1186 litterarum
1035 1145 1267 1186 numero
1305 1129 1720 1200 respondentes.

1159 1223 1413 1278 Scholion
1443 1223 1530 1278 15.

603 1313 854 1385 Exempli
873 1329 1060 1381 causa,
1093 1314 1302 1370 versari
1325 1329 1446 1370 cum
1461 1313 1736 1372 fratribus
1757 1313 2052 1386 religiosis,
2079 1323 2132 1370 et

472 1427 474 1429 ’
534 1429 662 1468 cum
698 1413 807 1470 illis
831 1411 1084 1468 laborare
1113 1419 1167 1468 et
1196 1411 1490 1470 desudare.

1187 1507 1462 1564 Scholion.

606 1603 910 1674 Decalogus
957 1601 1398 1674 proficientium,
1457 1602 1808 1675 alphabetum
1861 1602 2130 1674 perfecto-

534 1715 682 1755 ’ω’
1051 1751 1215 1863 3εῇ
1247 1790 1507 1847 Scholion
1541 1791 1626 1846 ιι.

2234 572 2442 647 καιρῷ,
2477 577 2575 630 καὶ
2601 575 2777 650 τόπῳ,
2799 579 2898 635 καὶ
2927 582 3234 652 πράγματι.

2825 847 3088 916 Σχόλιον
3129 846 3217 917 ιβ’.

2305 935 2686 1010 Σημαίνειτὴν
2715 938 3030 1010 ἀλφάδητον
3063 939 3175 993 τῶν
3210 941 3458 1012 μοναχῶν
3495 943 3586 998 καὶ
3607 941 3782 1023 ἀρετὴν

2233 1030 2514 1103 ἀρχαρίων
2541 1029 2836 1104 ¹ἰσάριθμον
2864 1035 2976 1098 τοῖς
3007 1033 3082 1086 κδ’
3114 1034 3461 1105 γράμμασιν.

2839 1218 3105 1285 Σχόλιον
3128 1220 3219 1284 ιγ’.

2305 1307 2486 1361 Οίονεὶ
2537 1307 2599 1362 τὸ
2649 1308 3192 1380 συναναστρέφεσθαι
3255 1310 3372 1373 τοῖς
3420 1308 3663 1380 ἀδελφοῖς
3710 1315 3786 1368 καὶ

2229 1400 2565 1472 συγκοπιᾷν,

2915 1493 3196 1566 Σχὸλιον.

2303 1585 2610 1655 Δεκάὶργος
2665 1585 3096 1660 προκοψὰντων,
3173 1583 3495 1660 ἀλφάδητος
3561 1591 3662 1644 τῶν
3717 1610 3792 1648 τε·

2232 1678 2412 1732 λείων.

2342 1754 2350 1764 .
2840 1772 3104 1840 Σχόλιον
3139 1769 3213 1825 ιδ’
3225 1811 3238 1826 .

606 1889 866 1953 Omnino,
904 1899 963 1944 ut
999 1860 1234 1955 videtur,
1265 1887 1548 1944 humilitas
1587 1902 1715 1943 cum
1762 1897 2004 1957 egestate
2037 1905 2126 1945 ro-

2304 1860 2550 1928 Πάντως,
2580 1860 2657 1925 ὡς
2690 1860 2964 1931 φαίνεται,
3003 1863 3036 1935 ἡ
3075 1862 3218 1934 μετὰ
3256 1861 3510 1934 πτωχίας
3550 1864 3794 1920 ταπείνω-

534 1981 753 2038 bustior
781 1981 842 2036 ﬁt
876 1999 888 2036 :
920 1979 1002 2036 sic
1025 1981 1173 2036 enim
1201 1980 1326 2051 quis
1359 1980 1488 2035 dum
1535 1979 1844 2053 ingruentia
1892 1981 2037 2037 mala
2073 1983 2128 2038 in

533 2081 778 2143 egestate
807 2083 862 2129 et
892 2072 1204 2128 humilitate
1226 2071 1561 2140 considerat,
1589 2079 1781 2138 nonﬁut
1801 2073 1954 2130 dives
1977 2073 2129 2130 laboa

538 2175 622 2219 rat
655 2164 786 2219 vitio
817 2163 1172 2233 impuritatis,
1200 2176 1378 2232 neque
1411 2170 1470 2216 ut
1504 2162 1789 2218 mendicus
1811 2163 1917 2219 erit
1945 2163 2131 2234 ingra-

533 2267 647 2324 tus,
697 2265 791 2312 aut
832 2255 1070 2312 cessabit
1107 2263 1162 2311 et
1217 2254 1530 2323 feriabitur,
1591 2255 1686 2312 sed
1728 2265 1944 2327 tempus
1989 2256 2129 2312 lucri

531 2349 727 2405 adesse
755 2348 953 2418 gaudet
981 2357 1035 2402 et
1059 2345 1170 2402 Deo
1206 2357 1397 2418 gratus
1431 2347 1674 2403 fructum
1709 2347 1836 2403 inde
1863 2358 2126 2420 reportat.

959 2441 1207 2498 Scholion
1239 2443 1604 2514 Barsanuphii
1640 2443 1723 2500 15.

607 2536 866 2601 ρυσεειὶυ.
924 2536 1151 2604 Signum
1204 2536 1347 2605 gula:
1391 2536 1554 2605 quale
1597 2545 1702 2603 est,
1732 2537 1940 2607 explica
1970 2537 2144 2603 mihi._

531 2627 690 2697 Resp.
733 2627 966 2694 Quando
1001 2627 1207 2683 videris
1258 2628 1646 2697 cogitationem
1684 2638 1832 2683 tuam
1865 2629 1989 2684 cibo
2033 2630 2130 2686 de-

531 2721 750 2788 lectari,
783 2728 835 2776 et
863 2734 1058 2791 urgere
1087 2728 1140 2775 te
1171 2729 1230 2775 ut
1264 2720 1380 2776 fere
1411 2735 1606 2777 omnes
1654 2730 1987 2791 antevertas,
2036 2731 2132 2778 aut

529 2825 594 2870 ut
624 2815 866 2886 patinam
891 2814 960 2870 ad
992 2823 1046 2870 te
1077 2815 1284 2883 trahas,
1338 2816 1446 2872 hoc
1466 2817 1591 2888 gula
1629 2827 1732 2874 est.
1766 2815 2007 2873 Observa
2037 2817 2132 2887 igi-

531 2917 623 2963 tur
653 2919 704 2962 te
734 2907 915 2977 ipsum
944 2915 998 2962 et
1030 2909 1142 2961 vim
1167 2907 1263 2962 tibi
1296 2905 1522 2976 inferas,
1554 2917 1617 2963 ut
1645 2923 1901 2964 coerceas
1947 2924 2012 2964 ac
2040 2925 2130 2965 re-

530 3004 714 3059 frenes
747 3004 956 3076 gulam,
995 3018 1064 3058 ne
1091 3019 1216 3059 cum
1253 3003 1456 3073 impetu
1483 3011 1538 3059 et
1562 3019 1764 3076 magno
1791 3005 1995 3070 studio,
2031 3005 2128 3062 sed

528 3099 778 3154 modeste
799 3107 854 3154 et
881 3098 1138 3154 decenter
1165 3099 1351 3156 cibum
1386 3115 1596 3164 sumas,
1649 3112 1814 3172 atque
1857 3110 1915 3158 ut
1950 3117 2130 3160 remo-

530 3210 660 3249 veas
691 3192 899 3249 fercula
927 3194 1111 3264 potius
1139 3193 1237 3249 abs
1261 3206 1312 3250 te
1336 3209 1522 3250 coram
1549 3195 1617 3251 iis
1643 3193 1732 3268 [ad
1751 3195 1872 3268 eos]
1895 3197 1990 3268 qui
2015 3197 2124 3253 tibi

528 3290 796 3345 assident.
833 3288 938 3345 Sed
993 3305 1102 3343 non
1154 3299 1402 3360 oportet,
1434 3299 1496 3346 ut
1525 3291 1660 3357 dixi,
1684 3301 1906 3364 propter
1944 3293 2124 3363 gulam

531 3385 717 3439 statim
756 3399 1015 3441 recusare
1057 3384 1262 3448 cibum,
1291 3384 1387 3440 sed
1409 3387 1710 3442 cavendum
1747 3395 1853 3453 est,
1887 3403 1959 3443 ne
1991 3389 2125 3459 quid

531 3479 840 3534 inordinate
877 3477 936 3534 in
985 3478 1109 3534 cibo
1139 3481 1407 3536 sumendo
1453 3479 1646 3538 facias.
1700 3482 1948 3538 Alterum
1986 3484 2127 3553 gulae

530 3581 916 3643 argumentum
954 3580 1008 3628 et
1059 3573 1325 3630 indicium
1374 3584 1459 3631 est

534 3701 552 3718 ο
631 3703 646 3719 ο
729 3700 745 3718 ο
835 3701 850 3716 ο
932 3700 947 3718 ο
1042 3703 1058 3718 ο
1137 3705 1152 3719 ο
1232 3705 1248 3722 ο
1329 3703 1345 3721 ο
1433 3707 1440 3718 ι
1538 3707 1553 3722 ο
1634 3706 1650 3722 ο
1731 3704 1746 3722 ο
1826 3707 1840 3721 ο
1921 3705 1935 3722 ο
2013 3706 2029 3722 ο

1241 3850 1407 3905 Aliud

603 3944 738 3998 Dum
771 3949 953 3998 autem
981 3943 1165 4014 gulam
1193 3943 1358 4015 fugis,
1384 3960 1516 4002 cave
1539 3960 1607 4002 ne
1629 3945 1855 4004 studeas
1882 3947 2123 4003 homini-

530 4039 631 4092 bus
653 4051 748 4106 per
773 4037 959 4093 vultus
987 4038 1248 4108 pallorem
1281 4039 1517 4110 placere,
1545 4055 1711 4111 quem
1740 4041 1900 4112 (vana
1927 4041 2122 4114 gloria)

527 4131 709 4186 studet
738 4131 913 4201 palam
937 4139 1234 4188 ostentare.

1148 4224 1401 4280 Scholion
1433 4226 1520 4283 16.

596 4320 828 4392 Propter
859 4337 1060 4393 corpus
1101 4324 1268 4380 homo
1306 4335 1392 4381 est
1423 4327 1697 4395 mortalis,
1718 4338 1940 4398 propter
1964 4343 2122 4384 men—

527 4425 636 4471 tem
665 4425 718 4470 et
748 4417 1056 4472 orationem
1089 4417 1438 4476 immortalis.
1470 4418 1695 4476 Tacitus
1726 4420 2009 4493 intelligis,
2036 4422 2123 4476 in-

528 4503 778 4578 telligens
809 4507 1074 4578 loqueris.
1111 4507 1169 4564 In
1207 4509 1426 4566 silentio
1459 4512 1607 4568 enim
1639 4526 1796 4568 mens
1826 4513 1969 4582 parit
1997 4529 2122 4570 ver-

2238 1969 2322 2015 σις
2356 1952 2570 2022 ἰσχύει·
2630 1952 2806 2016 οὓτως
2850 1951 2959 2023 γάρ
3015 1969 3100 2017 τις
3175 1953 3271 2007 καὶ
3348 1953 3420 2007 τὰ
3484 1953 3797 2026 ἐπερχόμενα

2231 2045 2670 2116 διαλογιζόμενος
2707 2046 2765 2100 ὲν
2799 2045 3017 2117 πτωχία
3072 2045 3371 2117 μετανοίας
3428 2045 3524 2099 καὶ
3557 2046 3794 2102 ταπεινώ-

2235 2153 2396 2202 σεως,
2429 2135 2554 2190 οὔτε
2587 2137 2664 2202 ὡς
2687 2136 2942 2203 πλούσιος
2966 2141 3114 2192 νοσεῖ
3140 2134 3248 2210 τὴν
3289 2139 3669 2211 μυσαρότητα,
3700 2140 3800 2194 οὔτε

2232 2229 2308 2292 ὼς
2341 2229 2597 2301 δεόμενος
2630 2231 2995 2304 ἀχαριστήσει
3027 2231 3058 2302 ἢ
3086 2231 3417 2303 ἀκηδιάσει’
3455 2232 3592 2286 ἀλλὰ
3639 2236 3801 2306 καιρὸν

2233 2320 2460 2392 κέρδους
2490 2321 2698 2394 χαίρων
2733 2326 2828 2378 καὶ
2856 2324 3197 2396 εὐχαριστῶν
3230 2324 3467 2396 ἐνέγκῃ.

2589 2419 2853 2488 Σχόλιον
2882 2417 3360 2490 Βαρσανουερίου
3396 2431 3480 2476 ιε’.

2319 2511 2513 2582 Ἐρώτ.
2545 2512 2621 2566 Τὸ
2654 2513 2880 2582 σημεῖον
2903 2511 3002 2582 τῆς
3033 2513 3493 2585 γαστριμαργίας
3535 2513 3683 2567 ποῖόν
3707 2511 3804 2566 ἐστι

2235 2604 2536 2676 σαφήνισόν
2577 2620 2690 2675 μοι.
2727 2604 2970 2671 ’Δπόκρ.
3009 2603 3180 2657 Ὅταν
3210 2603 3428 2676 βλέπῃς
3459 2602 3551 2657 τόν
3577 2600 3804 2674 λογισμόν

2234 2714 2329 2751 σου
2357 2696 2687 2768 ἡδυνόμενον
2720 2697 2779 2748 ὲν
2810 2693 3087 2767 βρώματι,
3121 2696 3219 2750 καὶ
3244 2695 3527 2750 διώκοντα
3563 2695 3735 2767 σχεδὸν
3758 2694 3805 2748 τὺ

2233 2788 2643 2862 προλαμῆάνειν
2675 2790 2902 2850 πάντας,
2941 2787 2974 2857 ἢ
3006 2787 3272 2841 ἐλκύοντα
3328 2789 3411 2851 είς
3439 2787 3502 2841 τὸ
3529 2787 3804 2859 ἔμπροσθέν

2234 2899 2330 2936 σου
2361 2882 2421 2935 τὸ
2449 2879 2669 2951 βρῶμα,
2708 2879 2870 2933 τοῦτο
2896 2879 3364 2952 ὁγαστριμαργίας
3414 2880 3555 2933 ὲστί.
3595 2879 3806 2950 Πρόσεχι

2231 2969 2326 3028 οὖν
2367 2973 2591 3028 σεαυτὸν
2651 2971 2747 3026 καὶ
2804 2972 3033 3042 ποίησον
3082 2973 3182 3043 τὴν
3244 2971 3489 3044 δύναμίν
3535 2991 3626 3027 σου
3670 2969 3805 3040 ἆγξαι

2243 3067 2437 3123 ἑαυτὸν
2492 3066 2588 3119 τοῦ
2633 3065 2708 3137 μὴ
2762 3065 2900 3135 μετὰ
2957 3065 3195 3135 σπουδῆς
3230 3064 3335 3118 ἀπ’
3391 3065 3582 3130 αὑτοῦ,
3625 3063 3730 3119 ἀλλ’
3761 3064 3807 3115 ὲν

2233 3158 2461 3230 εὐταξίᾳ
2509 3159 2741 3228 φαγεῖνο
2797 3158 2891 3211 καὶ
2975 3156 3190 3226 ὠοῆσαι
3253 3156 3472 3227 μᾶλλον
3526 3157 3588 3210 τὸ
3642 3139 3810 3226 β’ρῶμα

2158 3234 2200 3293 C
2235 3248 2549 3321 ἔμπροσθεν
2589 3248 2697 3301 τῶν
2743 3247 3187 3318 συγκαθημένων
3219 3246 3414 3305 τοῦτο.
3475 3250 3550 3303 Οὐ
3602 3239 3704 3320 χρὴ
3745 3246 3809 3310 δὲ,

2235 3339 2311 3405 ὡς
2347 3337 2522 3406 εἷπον,
2559 3341 2834 3412 προφάσει
2859 3340 2961 3410 τῆς
2991 3341 3460 3412 γαστριμαργίας
3491 3341 3691 3404 εὐθέως
3727 3355 3812 3392 πα-

2239 3433 2546 3505 ραιτεῖσθαι
2577 3431 2640 3486 τὸ
2663 3430 2990 3503 μεταλαϐεῖν
3021 3431 3324 3504 βρώματος
3345 3451 3358 3464 ·
3387 3432 3530 3488 ἀλλὰ
3559 3433 3638 3487 δεῖ
3664 3447 3816 3502 παρα-

2237 3526 2594 3597 φυλάξεσθαίν
2635 3525 2696 3579 τδ
2729 3525 2804 3597 μὴ
2835 3525 3089 3589 ἀτάκτως
3139 3527 3471 3598 χρήσασθαι
3507 3529 3574 3597 τῇ
3607 3522 3813 3597 μεταλή-

2234 3621 2326 3690 ψει
2357 3617 2545 3674 αὑτοῦ.
2584 3618 2812 3692 ’Ἕτερον
2844 3619 2900 3673 δὲ
2934 3621 3163 3690 σημεῖον
3187 3611 3815 3692 γαστριμαργίας....(α)

2936 3847 3137 3901 Ἄλλο.

2304 3938 2416 4010 Τὴν
2441 3937 2885 4010 γαστριμαργίαν
2906 3937 3147 4009 φεύγων.
3180 3939 3283 4010 τὴν
3308 3936 3814 4012 ἀνθρωπαρέσκειαν

2234 4031 2482 4100 φύλασσε
2511 4031 2610 4104 τὴν
2637 4032 2932 4105 ὠχρότητα
2973 4031 3068 4087 τοῦ
3114 4032 3425 4104 προσώπου
3465 4026 3814 4095 ἐπιδείξασθαι

2234 4126 2738 4200 προφαντόιζουσαν.

2437 4260 2447 4267 .
2839 4218 3103 4289 Σχόλιον
3135 4217 3232 4283 ις’.

2301 4311 2400 4366 Διὰ
2441 4313 2539 4382 μὲν
2575 4311 2637 4366 τὸ
2671 4312 2831 4384 σῶμα
2864 4314 2892 4366 ὁ
2917 4311 3205 4383 ἄνθρωπος
3255 4311 3464 4383 θνητός
3487 4329 3502 4344 ο
3550 4309 3640 4364 διὰ
3662 4307 3716 4360 δὲ
3742 4305 3816 4358 τὸν

2231 4407 2356 4460 νοῦν
2386 4407 2480 4461 καὶ
2509 4405 2598 4460 τὸν
2629 4405 2808 4476 λόγον,
2839 4405 3130 4471 ἀθάνατος.
3161 4405 3408 4462 Σιωπῶν
3437 4407 3607 4473 νοεῖς,
3643 4403 3819 4471 νοήσας

2223 4487 2444 4565 λαλεῖς·
2481 4502 2539 4557 ὲν
2589 4500 2700 4574 γὰρ
2739 4503 2808 4572 τῇ
2843 4505 3024 4571 σιωπῇ
3071 4502 3100 4554 ὁ
3145 4498 3274 4565 νοῦς
3313 4499 3503 4554 τίκτει
3536 4499 3630 4553 τὸν
3661 4495 3817 4563 λόγον·

524 4597 657 4652 bum
685 4637 700 4662 ,
733 4607 916 4653 Sermo
945 4609 1126 4654 autem
1167 4599 1258 4655 ille
1296 4601 1404 4657 Deo
1435 4613 1722 4672 pergratus
1747 4610 1853 4667 est,
1897 4602 1991 4672 qui
2024 4603 2122 4658 ho-

2233 4593 2555 4666 εὐχάριστος
2593 4593 2650 4647 δὲ
2692 4593 2851 4662 λόγος
2878 4592 2998 4664 Θεῷ
3051 4592 3547 4664 προσφερόμενος,
3601 4586 3821 4658 σωτηρία

529 4691 664 4746 mini
701 4689 856 4746 aﬂert
889 4693 1145 4748 salutem.

1157 4785 1409 4842 Scholion
1445 4787 1510 4840 1⁸1

600 4875 808 4932 Sensus
839 4877 1061 4946 quidem
1099 4879 1153 4932 in
1191 4877 1350 4933 nobis
1381 4889 1464 4934 cst
1515 4878 1823 4944 rationalis,
1860 4887 2121 4950 tanquam

527 4967 728 5024 insitus
762 4970 948 5026 animo
990 4974 1046 5025 in
1094 4971 1246 5026 omni
1280 4968 1540 5036 homine,
1597 4969 1742 5027 idem
1785 4981 1967 5027 tamen
2011 4987 2121 5026 non

525 5071 614 5116 est
652 5061 706 5116 in
735 5062 917 5130 nobis,
955 5071 1012 5118 ut
1041 5072 1125 5119 est
1151 5078 1181 5118 a
1217 5051 1574 5133 passionibus
1607 5073 1784 5120 tectus
1815 5064 1868 5118 in
1911 5065 1980 5119 iis
2028 5065 2120 5134 qui

525 5161 656 5210 sunt
693 5157 879 5226 pravis
913 5156 1201 5211 affectibus
1224 5157 1499 5226 occupati,
1534 5159 1787 5227 quamvis
1817 5157 1968 5229 nihil
1997 5165 2121 5229 agat

527 5259 583 5305 et
613 5251 929 5322 incognitus
975 5249 1067 5304 sit.

1144 5341 1398 5398 Scholion
1423 5343 1508 5398 18.

598 5437 766 5493 Docet
799 5447 1056 5508 oportere
1081 5436 1332 5508 quemvis
1365 5437 1680 5508 religiosum
1713 5453 1887 5509 usque
1918 5440 1984 5496 ad
2023 5455 2119 5496 co-

525 5531 836 5600 gitationes,
866 5539 1048 5587 motus
1073 5546 1204 5586 suos
1234 5545 1427 5586 omnes
1455 5532 1837 5602 pervestigare.

505 5604 530 5628 ’
1161 5622 1412 5680 Scholion
1442 5624 1528 5679 19.

597 5711 790 5769 Divina
847 5715 1186 5787 providentia
1236 5715 1565 5773 diliunditur
1615 5718 1668 5772 in
1717 5717 1922 5773 omnia.
1979 5714 2114 5772 Nam

598 5892 676 5969 (ᾳ)
710 5893 867 5948 Deest
894 5908 1037 5951 unus
1065 5910 1278 5953 versus.

2229 4685 2522 4759 ἀνθρώπου
2563 4686 2902 4760 εὑρίσκεται.

2835 4782 2883 4834 Σ
2883 4779 3097 4850 [vilior
3127 4777 3214 4842 ιζ’.

2313 4870 2401 4925 Ἐν
2433 4874 2570 4944 ἡμῖν
2613 4873 2713 4944 μέν
2741 4874 2892 4928 ἐστιν
2921 4874 2956 4943 ἡ
2994 4871 3158 4943 νοερὰ
3193 4869 3485 4940 αἴσθησις,
3530 4870 3609 4933 ὡς
3655 4865 3728 4935 τῷ
3755 4859 3821 4914 νοῒ

2232 4966 2556 5037 συνημμένη
2599 4967 2657 5018 ὲν
2701 4966 2863 5019 παντὶ
2903 4953 3180 5036 ἀνθρῶπῳ
3207 4978 3221 4996 ο
3245 4962 3357 5017 οὐκ
3403 4965 3466 5016 ὲν
3507 4963 3643 5032 ἡμῖν
3682 4955 3736 5011 δὲ
3760 4953 3821 5014 ὡς

2228 5057 2333 5110 ὑπὸ
2364 5057 2473 5110 τῶν
2491 5056 2680 5110 παθῶν
2713 5055 3124 5125 καλυπτομένη,
3166 5055 3222 5108 ἐν
3255 5056 3382 5117 τοῖς
3414 5049 3715 5124 ὲμπαθὲσι,
3745 5045 3826 5096 καὶ

2229 5150 2514 5221 ἄπρακτος
2544 5143 2678 5202 οὖσα
2703 5148 2799 5204 καὶ
2833 5146 3223 5217 ἁδιάγνωστος.

2838 5340 3102 5407 Σχόλιον
3125 5343 3213 5406 ιη’.

2304 5432 2427 5484 "Ott
2454 5430 2562 5501 χρὴ
2603 5429 2694 5483 τὸν
2722 5431 2956 5502 μοναχὸν
3002 5429 3183 5484 πάντα
3223 5426 3638 5498 ἀκριδεύεσθαι
3674 5419 3822 5494 μέχρι

2234 5525 2329 5578 καὶ
2365 5525 2575 5590 ἐννοίας
2604 5527 2683 5589 εἰς
2711 5524 2780 5579 τὰ
2815 5521 3010 5578 ἑαυτοῦ
3055 5524 3364 5596 κινήματα.

2823 5631 2871 5684 Σ
2874 5629 3088 5697 χόλιον
3118 5625 3207 5684 t0'.

2312 5721 2376 5774 'H
2406 5721 2500 5776 τοῦ
2536 5721 2675 5778 Θεοῦ
2703 5722 2929 5794 πρόνοια
2970 5723 3049 5786 εἰς
3097 5721 3306 5777 πάντα.
3359 5721 3445 5774 Τὰ
3485 5719 3599 5793 γὰρ
3632 5713 3817 5775 ἀνωθεν
