4042 6454
298 428 438 495 1041

1266 444 1503 507 SCALA
1537 445 1923 509 PARADISI.
1953 475 2023 484 -
2049 451 2360 515 GRADUS
2392 453 2603 519 XXVI.

3440 463 3575 595 ποθ.

290 552 570 622 διδόμενα,
594 553 701 608 κᾶν
731 550 1052 623 ἐγγίνεσθαι,
1095 552 1362 624 πέφυκεν,
1391 558 1491 629 οὐχ
1533 558 1695 631 ἡμῶν
1724 562 1877 630 εἰσιν1

1995 578 2170 634 quam
2194 564 2307 622 Deo
2344 568 2789 641 proficiscuntur,
2834 575 3092 645 quamvis
3139 576 3194 632 in
3237 578 3399 636 nobis
3436 550 3578 639 exsi—

288 642 432 696 ἁλλὰ
468 642 571 713 τῆς
600 643 844 714 χάριτος,
898 645 993 701 καὶ
1034 646 1137 718 τῆς
1173 648 1452 714 προνοίας.
1490 647 1556 703 Ἡ
1597 651 1888 725 ἀντίληψις

283 735 347 786 ἐν
371 738 585 799 πιστοῖς
609 735 796 800 ἁπλῶς
818 752 833 767 '
882 738 916 809 ἡ
947 738 1166 810 φυλακὴ
1193 742 1253 795 ὲν
1293 745 1506 810 πιστοῖς
1555 745 1787 811 πιστῶς.
1813 747 1888 802 Τὸ

282 823 441 888 ἕλεος
468 825 526 877 ὲν
553 824 784 893 δούλοις,
808 828 842 898 ἡ
870 827 1225 901 παράκλησις
1248 832 1309 887 ὲν
1336 836 1452 899 τοῖς
1496 835 1757 905 ἀγαπῶσι
1793 838 1889 894 τὸν

286 909 502 984 Κύριον

435 1178 699 1263 Σχόλιρν
723 1182 950 1239 Φωτίου
984 1188 1356 1261 πατριάρχου
1404 1197 1638 1251 Κωνστ.
1668 1202 1735 1254 κ’.

375 1267 465 1334 Ὦς
485 1271 618 1343 φέρε
645 1273 844 1340 εἰπεῖν,
876 1277 910 1349 ἡ
940 1280 1169 1351 νηστεία
1209 1282 1505 1356 φάρμακόν
1533 1289 1655 1342 ὲστι
1686 1291 1884 1347 παθῶν

284 1359 691 1435 καθαρτήριον,
730 1366 878 1433 ἰδίως
905 1370 999 1424 καὶ
1027 1372 1153 1427 καθ’
1177 1374 1381 1449 ἑαυτὴν
1399 1378 1698 1453 τελουμένη
1726 1399 1742 1414 ·
1766 1384 1883 1438 ἀλλ’

283 1453 350 1506 ἑν
382 1454 758 1523 συνελεύσεσι,
807 1459 904 1513 καὶ
951 1463 1333 1539 πανηγύρεσι,
1388 1469 1717 1546 δηλητήριον
1761 1476 1887 1534 δια..

286 1543 517 1611 φθεῖρον
562 1547 918 1620 πολυτρόπως
957 1552 1038 1625 τῷ
1086 1559 1415 1631 κεχρημένῳ
1460 1543 1805 1635 καθίσταται,
1846 1567 1881 1640 ἢ

285 1636 479 1730 αλλρις
553 1641 892 1715 πρόσκομμα
951 1649 1257 1722 γινομένῳ,
1331 1652 1365 1724 ἢ
1423 1653 1504 1726 τῷ
1567 1656 1716 1729 αὐτῷ
1788 1636 1885 1714 ἐπί

284 1727 468 1801 τούτῳ
518 1730 808 1803 αὑχοῢντι,
865 1738 963 1791 καὶ
1021 1739 1410 1816 οίδαινομένῳ,
1475 1747 1603 1833 καὶκ
1631 1727 1883 1822 διαπρισ-

287 1819 466 1897 tmte-

870 2006 1135 2074 Σχόλιον
1163 2017 1267 2066 ita}.

359 2086 630 2185 ςελσγγος
832 2094 959 2159 τοὺς
985 2095 1047 2162 ἐξ
1076 2098 1337 2173 ἀπειρίας
1371 2106 1446 2177 μὴ
1491 2108 1701 2174 εἰδότας
1748 2110 1876 2185 βοη-

289 2175 403 2234 θεῖν
458 2182 573 2243 τοῖς
625 2181 898 2255 κάμνουσι
950 2188 1261 2258 ἐπίστασις.
1315 2175 1490 2252 Γνῶθι
1532 2200 1711 2257 τοίνυν
1734 2175 1760 2270 ,”
1795 2175 1883 2260 ὅτι

283 2272 559 2341 κναφεῖόν
580 2274 700 2329 ἐστι
728 2275 791 2330 τὸ
815 2280 1050 2352 πρᾶγμα
1083 2284 1179 2337 καὶ
1208 2287 1447 2359 ἰατρεῖον
1480 2290 1641 2363 (καθὸ
1667 2294 1876 2350 διαδείέ

279 2379 483 2418 κνυται
510 2364 766 2434 πλύσεις,
789 2369 885 2425 καὶ
911 2372 1136 2439 καύσεις
1163 2376 1357 2449 ἔχειν),
1387 2383 1483 2436 καὶ
1515 2384 1651 2439 πολύ
1686 2404 1752 2457 γε
1774 2388 1882 2443 τοῦ

278 2455 804 2554 προσυλωδεστέρου
826 2463 1253 2541 αίδεσιμώτερον
1275 2470 1433 2543 (καθὸ
1463 2475 1560 2532 καὶ
1592 2455 1720 2552 περι
1754 2483 1880 2554 μεί-

275 2545 420 2611 ζονα
458 2553 869 2629 καταγίνεται),
922 2559 982 2613 οὐ
1014 2560 1249 2631 χιτῶνας
1292 2566 1581 2638 ἐκπλύνον,
1635 2572 1731 2627 καὶ
1766 2573 1877 2629 σώ-

279 2655 442 2710 ματα
469 2643 714 2715 ὑγιάζον,
746 2646 886 2703 ἀλλά
921 2647 1122 2721 ψυχάς.

871 2950 1136 3018 Σχόλιον
1169 2952 1279 3012 κ6’.

355 3029 475 3105 Τὴν
508 3036 654 3091 κατὰ
694 3037 842 3106 νοῦν,
895 3041 974 3107 ὠς
1000 3037 1177 3114 οἶμαι,
1235 3045 1388 3116 λέγει
1433 3050 1545 3105 τῶν
1591 3052 1873 3127 λογισμῶν

218 3157 227 3164 ο
273 3123 614 3194 ἑμπάθειαν.
655 3128 966 3204 Ὀφθαλμδς
1008 3135 1118 3206 γὰρ
1166 3136 1269 3209 τῆς
1294 3139 1475 3211 ψυχῆς
1500 3143 1529 3196 ό
1557 3123 1684 3211 νοῦς
1741 3123 1877 3205 καθ-

276 3216 491 3311 ἐατηκε
510 3235 524 3250 ·
550 3222 992 3311 συμϐάλλεταιδὲ
1020 3229 1168 3303 καὶὴ
1197 3233 1497 3306 ἀσυντυχία
1518 3239 1658 3310 πρὸς
1687 3241 1875 3311 ὑγείαν

273 3305 493 3379 ταύτης
522 3309 624 3382 τῆς
657 3300 841 3382 νόσου,
861 3316 1007 3373 καθὰ
1055 3300 1166 3374 καί
1182 3300 1478 3394 πολυλογία
1510 3300 1652 3403 μόνη
1686 3300 1877 3403 ρόσεις

280 3401 471 3454 ποιεῖν
505 3402 775 3472 πέφυκεν.

544 3498 808 3565 Σχόλιον
833 3502 1160 3560 Βασιλείω
1207 3510 1478 3579 μεγάλου
1520 3521 1626 3584 κγ’.

354 3585 555 3659 Καιρῷ
576 3589 671 3643 καὶ
705 3591 986 3664 προσώπῳ
1009 3594 1370 3668 δοκιμάζεται
1409 3604 1441 3675 ἡ
1474 3607 1599 3677 σιγή
1626 3621 1642 3637 ’
1696 3607 1876 3681 καιρῷ

282 3674 412 3744 μὲν,
443 3678 521 3743 ὡς
564 3681 695 3736 ὅταν
749 3682 906 3757 λέγῃ,
947 3687 1031 3741 ὄτι
1073 3689 1127 3743 ’0
1162 3692 1399 3749 συνιὼν
1432 3674 1517 3751 γὲν
1558 3674 1639 3766 cci)
1687 3674 1876 3772 καιρῷ

275 3769 503 3838 ἐκεινῳ
546 3774 944 3844 σιωπήσεται,
986 3779 1078 3835 ὅτι
1128 3784 1339 3853 καιρὸς
1376 3791 1645 3858 πονηρός
1709 3769 1871 3848 ἐστι’

278 3862 381 3955 καὶ
415 3863 617 3926 mw
655 3866 909 3939 Ἐθέμην
938 3871 1019 3940 τῷ
1046 3876 1304 3946 στόματί
1328 3897 1452 3947 μου
1479 3883 1775 3955 φυλακὴν
1798 3887 1875 3942 κᾶν

275 3951 365 4050 τῷ
389 3957 704 4027 συστῆναι
724 3960 833 4016 τὸν
854 3963 1211 4034 ἁμαρτωλὸν
1241 3951 1523 4028 ἐναντίον
1532 3992 1674 4045 μου.
1698 3951 1877 4050 Προσ-

276 4043 420 4116 ὠπῳ
475 4047 536 4102 δὲ
573 4049 651 4114 ὡς
709 4052 839 4108 ὅταν
890 4056 1080 4131 γράφῃ
1136 4061 1166 4112 ὁ
1208 4043 1568 4129 Ἀπόστολοςνο
1805 4069 1876 4126 δὲ

275 4134 456 4205 ἄλλῳ
482 4140 911 4216 ἀποκαλυφθῇ,
932 4152 965 4203 ό
995 4149 1229 4219 πρῶτος
1256 4155 1483 4224 σιγάτω
1504 4174 1519 4189 ο
1550 4160 1646 4214 καὶ
1664 4162 1834 4220 ,πάλιν
1854 4180 1869 4196 ο

276 4232 355 4286 Δὶ
372 4232 655 4300 γυναῖκες
680 4237 755 4291 ἐν
781 4238 1147 4310 ἐκκλησίαις
1174 4246 1541 4317 σιγάτωσαν.

874 4334 1134 4401 Σχόλιον
1156 4337 1253 4392 κδ’.

350 4413 430 4469 Τὸ
467 4416 755 4488 βιάζεσθαι
800 4424 903 4498 τὴν
947 4426 1142 4496 φύσιν,
1188 4432 1238 4484 εί
1285 4433 1381 4488 καὶ
1430 4436 1630 4500 ποσῶς.
1672 4457 1756 4504 τις
1801 4443 1869 4517 τῇ

276 4511 499 4604 μακρᾷῗ
539 4512 800 4590 συνηθείᾳ
864 4519 1288 4584 καταϐάλλεται,
1332 4526 1442 4582 τῶν
1508 4511 1891 4604 προλήψεων-,μ

1994 665 2141 712 stere
2164 659 2416 727 soleant,
2474 671 2661 718 nostra
2694 663 2860 737 358
2898 675 3078 723 tamen
3122 683 3232 725 non
3279 679 3442 737 sunt,
3486 673 3582 729 sed

1990 749 2182 819 gratiae
2209 759 2264 805 et
2294 752 2652 821 providentiae
2699 756 2919 815 divina.
2957 760 3238 817 Auxilium
3277 763 3436 820 adest
3461 779 3582 819 om-

1989 838 2154 894 nibus
2179 838 2442 898 lidelibus.
2475 843 2793 916 simpliciter
2828 865 2843 902 :
2886 849 3052 905 tutela
3076 865 3171 907 seu
3200 851 3448 908 custodia
3495 852 3585 909 di-

1912 988 1917 991 .
1988 928 2401 1007 vina‘lidelibus
2435 930 2546 989 Deo
2578 933 2818 1000 ﬁdeliter
2849 940 3240 997 servientibus.
3268 942 3580 1000 Misericor-

1989 1002 2079 1075 dia
2112 1002 2286 1077 servis
2313 1020 2407 1078 Dei
2438 1024 2831 1097 singularibus,
2854 1033 3160 1089 consolatio
3186 1044 3477 1106 praestatur
3495 1036 3579 1093 di-

1986 1108 2285 1180 ligentibus
2310 1110 2502 1185 Deum.

2384 1201 2572 1260 Photii
2610 1206 2765 1262 Patr.
2797 1209 3077 1269 Constant.
3117 1216 3212 1272 20.

2056 1293 2306 1367 Exempli
2334 1312 2525 1365 causa,
2548 1299 2819 1370 jejunium
2843 1314 2927 1360 est
2953 1307 3256 1364 remedium
3283 1310 3424 1380 quod
3449 1327 3576 1382 pra-

1983 1402 2082 1445 vas
2110 1390 2281 1445 animi
2315 1389 2630 1449 affectiones
2657 1406 2934 1468 repurgat,
2980 1399 3025 1454 si
3060 1402 3309 1469 privatim
3347 1412 3402 1459 et
3424 1417 3577 1460 seor~

1985 1479 2090 1535 sim
2121 1490 2445 1537 exerceatur
2477 1493 2531 1539 et
2554 1485 2896 1543 adhibeatur.
2925 1488 3031 1545 Sed
3056 1491 3109 1545 in
3135 1493 3493 1551 conventibus
3522 1505 3579 1551 et

1983 1572 2222 1644 publicis
2253 1575 2668 1635 celebritatibus
2696 1595 2966 1638 venenum
2994 1592 3098 1652 est,
3139 1587 3286 1656 quod
3310 1604 3453 1658 saepe
3477 1588 3574 1653 illi,

1990 1667 2087 1737 qui
2121 1682 2187 1723 eo
2236 1668 2433 1736 utitur,
2481 1671 2713 1728 exitium
2744 1673 2922 1741 affert,
2958 1687 3063 1733 aut.
3102 1678 3225 1735 aliis
3255 1680 3576 1736 scandalum

1989 1760 2219 1831 praebet,
2257 1771 2355 1820 aut
2397 1764 2503 1835 ipsi
2532 1777 2714 1830 nocet.
2760 1767 2855 1837 qui
2911 1784 2979 1825 ex
3020 1786 3087 1827 eo
3127 1787 3189 1827 se
3236 1773 3440 1843 jactat,
3485 1782 3582 1829 aut

1987 1848 2288 1920 gloriatur,
2322 1859 2377 1907 et
2399 1860 2592 1918 tumet,
2620 1862 2687 1909 et
2717 1855 3014 1928 singularis
3038 1859 3158 1917 vult
3211 1862 3382 1919 videri
3418 1865 3579 1934 quasi

1912 1925 1957 1981 Β
1986 1941 2197 1998 divisus
2222 1941 2292 1998 ab
2330 1943 2479 2001 aliis.

2611 2035 2865 2093 Scholion
2893 2039 2985 2096 21.

2057 2122 2436 2194 Reprehensio
2467 2137 2555 2185 est
2589 2130 2906 2200 praesidium
2940 2132 3350 2204 religiosorum,
3373 2137 3469 2208 qui
3498 2138 3580 2193 la-

1984 2211 2312 2270 borantibus
2353 2231 2450 2282 per
2479 2218 2752 2277 inscitiam
2789 2235 2897 2275 non
2954 2233 3185 2293 possunt
3230 2241 3577 2284 succurrere.

1985 2301 2138 2358 Scito
2160 2319 2293 2374 ergo
2326 2306 2432 2363 hoc
2475 2307 2792 2380 religiosum
2834 2311 3211 2384 magisterium
3259 2317 3488 2387 perinde
3520 2335 3581 2376 se

1983 2394 2207 2466 habere,
2254 2409 2418 2485 atque
2452 2401 2681 2460 fullonia
2719 2412 2774 2461 et
2805 2406 3018 2463 medica
3071 2407 3586 2485 ofﬁcina(quemad-

1981 2490 2206 2546 modum
2268 2480 2337 2549 ωε
2391 2494 2691 2555 lotionibus
2741 2508 2797 2556 et
2841 2501 3151 2559 ustionibus
3195 2480 3472 2577 constat),
3511 2523 3578 2562 ac

1982 2581 2160 2639 multo
2187 2584 2415 2655 quidem
2448 2586 2560 2644 illis
2588 2590 2831 2646 externis
2860 2599 2914 2647 et
2946 2593 3323 2651 materialibus
3354 2596 3576 2668 religio-

1985 2670 2102 2727 sior
2128 2680 2184 2728 et
2212 2674 2478 2742 sanctior,
2528 2677 2678 2748 quod
2731 2678 2879 2735 circa
2922 2694 3013 2737 res
3038 2681 3197 2755 longe
3231 2684 3468 2754 majores
3520 2695 3577 2740 et

1983 2763 2264 2836 digniores
2286 2777 2537 2825 versetur
2564 2779 2619 2826 et
2642 2781 2958 2843 occupetur,
3001 2773 3135 2831 dum.
3160 2790 3271 2831 non
3314 2786 3490 2834 vestes
3517 2786 3573 2833 et

1985 2862 2139 2927 togas
2170 2856 2335 2926 lavat,
2371 2866 2426 2914 et
2452 2873 2682 2931 corpora
2704 2870 2880 2928 curat,
2908 2861 3256 2927 sedanimas.

2660 2953 2908 3009 Scholion
2942 2955 3036 3011 22.

2050 3038 2157 3096 Per
2193 3040 2457 3111 (oculum)
2485 3041 2683 3112 opinor
2726 3042 2981 3115 intelligit
3023 3044 3414 3116 cogitationum
3449 3062 3574 3118 qua

1982 3129 2040 3186 in
2085 3141 2268 3189 mente
2311 3143 2440 3191 sunt
2472 3134 2838 3193 affectionem.
2890 3134 3095 3194 Oculus
3146 3139 3292 3195 enim
3318 3178 3335 3206 ,
3376 3139 3574 3197 animat

1983 3240 2141 3282 mens
2168 3237 2277 3283 est.
2310 3225 2537 3285 Confert
2563 3230 2842 3286 autemad
2873 3229 3021 3289 hunc
3064 3232 3316 3289 morbum
3366 3248 3572 3290 curan-

1903 3280 1947 3340 c
1984 3315 2117 3371 dum
2148 3316 2443 3375 declinatio
2473 3322 2804 3391 congressus
2830 3329 2884 3377 et
2899 3322 3182 3393 .colloquii,
3211 3325 3574 3394 quemadmo-

1982 3407 2117 3463 dum
2149 3408 2235 3464 vel
2266 3410 2385 3465 sola
2415 3410 2724 3482 loquacitas
2754 3413 3025 3471 ﬂuxiones
3054 3431 3276 3473 movere
3310 3416 3468 3473 solet.

2357 3503 2613 3561 Scholion
2646 3505 2838 3561 Basilii
2881 3509 3063 3580 Magni
3088 3510 3177 3564 25.

2054 3594 2344 3652 Silentium
2385 3612 2483 3669 pro
2517 3608 2760 3670 tempore
2808 3612 2861 3656 et
2892 3618 3125 3672 persona
3158 3604 3569 3675 temperandum

1981 3695 2086 3755 est,
2113 3698 2168 3745 et
2201 3698 2450 3761 tempore
2475 3692 2722 3762 quidem,
2758 3694 2923 3749 veluti
2954 3711 3078 3750 cum
3108 3695 3244 3752 dicit
3274 3714 3288 3751 :
3325 3695 3571 3753 Prudens

1982 3782 2042 3835 in
2096 3791 2325 3853 tempore
2356 3782 2451 3838 illo
2491 3785 2706 3854 tacebit,
2753 3787 2882 3855 quia
2917 3795 3118 3853 tempus
3157 3788 3360 3843 malum
3392 3798 3471 3844 est
3499 3786 3568 3844 ιδ.

1979 3866 2048 3924 Et
2087 3869 2197 3925 alio
2241 3885 2462 3927 rursum
2510 3871 2634 3928 loco
2675 3890 2689 3927 :
2740 3872 2908 3929 Poeni
2951 3875 3035 3929 ori
3076 3891 3189 3930 meo
3238 3878 3567 3944 custodiam,

1976 3977 2098 4016 cunt
2143 3964 2449 4019 consisteret
2498 3975 2743 4034 peccator
2777 3966 3056 4023 adversum
3101 3984 3184 4023 me
3213 3969 3279 4022 “.
3315 3967 3395 4025 Ex
3443 3985 3570 4040 per-

1983 4067 2135 4109 sonae
2175 4063 2358 4111 autem
2406 4058 2641 4123 ratione,
2667 4059 2836 4116 veluti
2864 4074 2988 4116 cum
3022 4059 3320 4131 Apostolus
3352 4062 3562 4130 scribit,

1976 4141 2025 4196 si
2075 4152 2255 4196 autem
2308 4142 2407 4197 alii
2456 4145 2744 4200 revelatum
2798 4146 2985 4216 fuerit,
3027 4149 3178 4218 prior
3230 4157 3426 4205 taceat.
3476 4149 3563 4218 Et,

1974 4232 2225 4289 Mulieres
2255 4233 2311 4288 in
2343 4234 2577 4291 ecclesiis
2606 4245 2813 4292 taceant
2851 4240 2917 4293 ⁸⁸.

2584 4330 2840 4388 Scholion
2865 4332 2956 4388 24.

2051 4416 2416 4475 Vimnaturae
2438 4417 2640 4476 inferre
2687 4419 2754 4494 (si
2781 4421 2907 4492 quis
2933 4421 3095 4493 longa
3123 4424 3386 4495 peccandi
3428 4440 3566 4481 con-

1977 4513 2264 4571 suetudine
2302 4514 2802 4586 quomodoeunque
2855 4516 3109 4575 detentus
3163 4517 3290 4586 fuit)
3342 4528 3566 4590 praestat

274 4602 533 4670 κρεῖττόν
577 4605 729 4661 ἐστιν
774 4608 917 4681 ὑπὲρ
962 4611 1047 4680 τὸ,
1098 4612 1175 4679 ὡς
1203 4617 1345 4672 κατὰ
1373 4620 1537 4686 φύσιν
1588 4602 1866 4690 ἀϐίάστως

1987 4604 2053 4661 illi
2102 4606 2291 4663 virtuti
2323 4623 2445 4679 qua:
2490 4607 2793 4665 secundum
2840 4619 3094 4667 naturam
3150 4612 3270 4671 sine
3303 4614 3571 4672 violentia

272 4693 591 4766 γινόμενον.

868 4796 1030 4865 Σχόλ
1037 4813 1131 4851 ιον
1185 4807 1283 4853 κε’.

353 4880 627 4950 Ἀμισθόν
684 4899 819 4955 φησι
883 4878 981 4959 τὴν
1042 4888 1243 4946 ἄπονον
1308 4893 1573 4964 ἐργασίαν
1626 4900 1870 4975 εὐχερῶς

276 4971 719 5048 σκορπιζομένην
739 4993 753 5007 ο
784 4977 921 5049 πρὸς
975 4979 1086 5053 γὰρ
1128 4983 1256 5048 τοὺς
1300 4988 1495 5054 πόνους
1519 4990 1572 5044 οί
1603 4971 1860 5063 στὲςρανοι

1967 4708 2224 4756 exercetu
2235 4716 2281 4757 ι’.

2467 4797 2633 4870 359
2688 4798 2935 4856 Scholion
2966 4799 3059 4856 25.

2036 4888 2325 4945 Actionem
2366 4889 2571 4949 laboris
2612 4900 2886 4964 expertem
2913 4935 2930 4963 ,
2971 4903 3252 4965 expertem
3291 4897 3561 4956 mercedis

1965 4981 2259 5054 afﬁrmat,
2288 4972 2560 5058 facileque
2619 4988 2875 5069 dissipari
2906 5008 2939 5046 ε,
2982 5006 3083 5060 pro
3140 4994 3354 5050 ratione
3407 4995 3557 5051 enim

276 5063 613 5120 πλέκονται·
679 5068 742 5122 τὸ
783 5069 913 5141 γὰρ,
984 5072 1277 5131 Ἕὸώκατέ
1335 5097 1438 5149 μοι
1463 5083 1699 5154 φαγεῖν,
1758 5089 1854 5140 καὶ

1987 5076 2218 5134 aborum
2272 5093 2492 5136 coronae
2561 5063 2859 5139 texuntur-
2899 5082 3037 5141 Illud
3098 5087 3245 5142 enim
3297 5086 3503 5143 Christi
3534 5126 3556 5155 ,

274 5155 344 5212 τὰ
381 5156 535 5231 ἑξῆς,
562 5159 702 5231 ἔργα
733 5160 863 5226 εἰσὶ,
891 5164 986 5218 καὶ
1013 5164 1199 5221 κόπων
1223 5174 1556 5240 σημαντικοῖ.

842 5348 1104 5417 Σχόλιον
1177 5357 1302 5432 κς’.,

349 5431 463 5488 Καὶ
494 5435 530 5507 ἠ
581 5435 863 5510 ἀνατροφή
921 5439 1266 5514 συνεισφέρει
1297 5431 1453 5515 πρὸς
1494 5445 1556 5499 τὸ
1606 5447 1860 5514 δέξασθαι

273 5525 389 5579 εἴτε
474 5527 726 5583 παιδείαν
775 5530 980 5603 ἀρετῆς
1043 5531 1157 5586 εἴτε
1228 5533 1394 5589 πάλιν
1442 5538 1647 5604 κακίας
1710 5542 1861 5613 ἁμα-

280 5616 418 5675 θίαν.

859 5716 1119 5787 Σχόλιον
1162 5717 1265 5785 κζ’.

343 5803 747 5876 Χρεωστοῦμεν
790 5806 841 5860 οἱ
875 5810 1131 5882 μοναχοὶ,
1165 5810 1244 5876 ὡς
1300 5812 1371 5866 δι’
1402 5814 1652 5884 ἑαυτοὺς,
1684 5817 1858 5883 οὕτως

1970 5170 2203 5228 Dedisti:
2255 5174 2386 5227 mihi
2435 5176 2758 5232 manducare
2805 5177 2892 5244 ‘7,
2942 5189 2998 5234 et
3039 5195 3161 5250 qua:
3213 5188 3554 5251 sequuntur,

1966 5278 2130 5334 opera
2163 5275 2293 5321 sunt
2320 5274 2375 5323 et
2406 5267 2654 5324 laborum
2683 5270 2947 5341 symbola.

2574 5360 2826 5417 Scholion
2859 5362 2950 5419 26.

2035 5448 2302 5508 Educatio
2333 5453 2548 5510 confert
2580 5455 2665 5512 vel
2706 5455 2774 5511 ad
2816 5455 3075 5512 virtutem
3119 5457 3505 5516 addisccudam
3532 5501 3551 5529 ,

1968 5548 2054 5605 vel
2085 5547 2280 5603 vitium
2306 5548 2699 5609 dediscendum
2736 5552 3133 5624 [ignorandum
3152 5552 3196 5625 ].

2568 5728 2816 5785 Scholion
2860 5730 2951 5785 27.
3020 5688 3037 5707 ⁸

2041 5820 2312 5878 Debemus
2341 5837 2444 5878 nos
2473 5823 2764 5890 monachi,
2804 5824 2949 5879 sicut
2988 5834 3209 5896 prapter
3237 5840 3339 5883 nos
3370 5825 3549 5900 ipsos,

359 5932 404 5964 “
421 5959 592 6020 Amos
617 5979 669 6035 v,
706 5966 795 6023 l5.
872 5964 917 5997 “
944 5963 1089 6023 Psal.
1119 5982 1352 6039 xxxvi",
1380 5968 1435 6026 2.
1515 5970 1560 6019 ’θ’
1595 5971 1615 6026 l
1645 5970 1773 6028 Cor.
1808 5990 1877 6029 xu

1987 5975 2043 6031 4.
2126 5976 2171 6013 δ’
2202 5976 2394 6035 Matth.
2424 5996 2551 6046 xxv,
2577 5978 2666 6032 '55.
