4042 6422
458 299 597 363 1043

456 411 531 463 ita
579 417 803 480 propter
842 412 1094 474 homines
1133 421 1229 490 qui
1271 436 1376 478 nos
1408 422 1690 482 intuentur
1718 431 1903 490 lucere
1936 437 2047 492 vita

457 511 512 555 ct
558 504 807 562 moribus
830 510 1060 576 nostris,
1116 527 1225 568 non
1281 515 1411 570 tuba
1455 521 1576 587 (seu
1626 525 1920 596 praeconio)
1959 545 2051 586 os-

460 599 800 657 tentationis.
849 601 984 660 Illud
1040 608 1186 662 enim
1233 610 1471 677 Christi,
1502 616 1581 669 sic
1608 617 1778 675 luceat
1815 622 1910 678 tua:
1960 642 2048 680 ve-

456 700 568 745 slra
605 692 652 725 ⁸⁸
675 737 692 761 ,
735 710 860 750 non
884 707 968 752 est
998 712 1029 753 a
1075 701 1232 756 nobis
1273 703 1410 773 ipsis
1441 709 1748 780 praedicari,
1781 716 1874 770 sed
1904 719 2050 774 velut

457 787 598 857 ignis
625 798 754 846 tuus
787 792 840 846 in
877 794 1114 851 tenebris
1148 805 1308 854 terrae
1355 801 1540 860 lucere
1587 807 1810 876 dicitur,
1859 812 1932 869 ita
1962 815 2050 870 lu-

457 893 579 936 men
610 890 768 938 tuum
810 885 862 938 in
891 886 1130 945 tenebris
1157 888 1318 946 lucet.
1399 931 1414 949 .

1049 1068 1300 1128 Scholion
1327 1076 1418 1131 28.

524 1152 791 1214 Dominus
835 1170 1023 1217 noster
1051 1163 1214 1224 JeSus
1253 1167 1511 1228 Christus
1549 1175 1810 1233 omnibus
1860 1180 2042 1238 lumen

451 1245 762 1316 impertitus
801 1259 927 1318 est,
973 1253 1070 1310 sed
1117 1258 1212 1326 qui
1266 1258 1399 1316 illud
1447 1279 1555 1319 non
1606 1277 1950 1340 sequuntur,
1987 1290 2046 1330 se

451 1337 602 1405 ipsos
637 1338 692 1393 in
733 1343 991 1399 tenebras
1020 1348 1345 1418 conjiciunt.

1053 1440 1310 1499 Scholion
1345 1445 1437 1502 29.

515 1525 779 1594 Auxilio,
831 1529 1051 1602 inquit,
1106 1551 1380 1608 supremae
1419 1553 1472 1599 et
1513 1556 1720 1604 sancta
1757 1548 2043 1612 Trinitatis

447 1615 712 1676 adversus
769 1623 875 1678 tria
915 1631 1400 1700 communissima,
1445 1637 1577 1694 vitia
1611 1657 1854 1699 amorem
1885 1648 2042 1703 volu-

449 1710 612 1775 ptatis
632 1752 646 1775 ,
675 1717 956 1786 pecuniae,
986 1727 1043 1775 et
1071 1737 1226 1779 vanae
1256 1727 1441 1797 gloriae
1460 1770 1474 1795 ,
1510 1748 1606 1802 per
1631 1733 1739 1792 tres
1770 1740 2004 1796 virtutes
2023 1784 2038 1808 ,

1727 324 1785 382 S.
1811 324 2054 388 JOANN
2067 331 2134 391 [S
2167 333 2478 398 CLIMACI

3606 355 3741 424 10M

2080 452 2122 507 Α
2154 447 2247 499 καὶ
2270 449 2359 502 διὰ
2387 451 2513 514 τοὺς
2541 451 2786 534 ὁρῶντας
2818 454 3144 528 ἀνθρώπους
3169 463 3381 532 φαίνειν
3411 465 3486 536 τῷ
3509 465 3628 539 βίῳ,
3679 478 3745 530 οὐ

2153 543 2220 613 τῇ
2274 543 2539 615 σάλπιγγι
2593 548 2694 619 τῆς
2733 550 3079 628 ἐπιδείξεωςο
3137 555 3198 608 τὸ
3233 557 3365 630 γὰρ,
3411 559 3744 634 Θῦτωλαμ-

2152 630 2322 700 ’φάτω
2352 637 2421 690 τὸ
2455 638 2582 706 φῶς
2603 641 2792 710 ὑμῶν,
2821 643 2943 714 οὐχὶ
2971 648 3106 716 παρ’
3147 649 3357 702 ἑαυτῶν
3401 630 3744 726 κηρυχθῆναί

2153 725 2303 778 ἐστιν
2329 741 2342 755 ·
2376 727 2493 781 ἀλλ’
2529 730 2603 793 ὡς
2632 733 2846 804 πυρσὸς
2869 737 2928 788 ὲν
2978 739 3170 811 σκοτίᾳ
3219 738 3321 810 τῆς
3357 742 3462 813 γῆς
3500 725 3746 816 λάμπειν

2151 818 2392 892 εἴρηται,
2467 822 2544 888 ὡς
2592 826 2782 880 καὶτὸ
2848 827 2965 898 φῶς
3021 829 3080 882 ἐν
3160 833 3227 903 τῇ
3309 834 3500 907 σκοτίᾳ
3559 837 3744 910 ςραίνει

2029 913 3742 985 .καὶ(α).......................

2749 1121 3008 1191 Σχόλιον
3034 1127 3137 1193 κη’.
3323 1189 3325 1191 _

2233 1211 2292 1265 'O
2327 1211 2534 1284 Κύριος
2587 1211 2747 1286 ἡμῶν
2795 1213 3001 1284 Ἰησοῦς
3025 1213 3264 1288 Χριστὸς
3309 1214 3443 1268 πᾶσι
3505 1215 3567 1269 τὸ
3624 1216 3742 1287 φῶς

2146 1305 2473 1378 ἐχαρίσατο·
2526 1306 2642 1360 ἀλλ’
2678 1308 2729 1361 οἱ
2780 1305 3223 1380 μὴπειθόμενοι
3280 1307 3452 1379 αὐτῷ,
3507 1309 3740 1374 ἑαυτοὺς

2147 1395 2475 1460 σκοτίζουσι.

2713 1508 2979 1582 Σχόλίον
3037 1510 3140 1566 κθ’.

2217 1602 2297 1673 Τῇ
2354 1599 2667 1673 συμμαχίᾳ,
2714 1603 2873 1674 φησὶ,
2923 1603 3026 1675 τῆς
3069 1604 3398 1676 ὑπερουσίου
3447 1604 3542 1659 καὶ
3572 1605 3736 1675 ἁγίας

2146 1693 2396 1765 Τριάδος,
2419 1695 2564 1749 κατά
2589 1693 2701 1748 τῶν
2725 1693 2890 1766 τριῶν
2917 1696 3297 1764 γενικωτάτων
3323 1695 3534 1760 παθῶν,
3564 1698 3734 1768 ἤγουν

444 1803 648 1871 quibus
689 1807 824 1864 vitia
869 1810 984 1867 haec
1012 1815 1319 1888 tolluntur,
1367 1826 1565 1881 armati
1598 1828 1652 1882 in
1700 1833 1817 1886 acie
1858 1835 2029 1890 consi-

2145 1783 2478 1854 φιληδονίας,
2540 1783 2909 1856 φιλαργυρίας
2960 1786 3056 1837 καὶ
3103 1785 3435 1890 φιλοδοξίαςῖ
3488 1787 3576 1841 διὰ
3623 1787 3733 1842 τῶν

444 1903 656 1953 stamus
678 1941 693 1966 ,
723 1915 824 1970 per
853 1905 1270 1976 continentiam,
1303 1912 1550 1985 inquam,
1581 1921 1906 1978 charitatem
1933 1966 1948 1991 ,
1985 1935 2041 1982 et

443 1987 834 2050 humilitatem.
883 1995 1023 2054 Nam
1069 2001 1286 2060 luxuria
1335 2022 1365 2061 a
1415 2012 1753 2071 continentia
1785 2019 2036 2089 tollitur,

441 2086 673 2143 avaritia
697 2104 728 2143 a
755 2091 1045 2163 charitate,
1077 2106 1337 2170 tanquam
1362 2103 1606 2164 liberalis
1641 2119 1695 2165 et
1725 2126 1823 2167 sua
1854 2086 2038 2173 omnia

439 2191 566 2232 cum
595 2180 718 2237 aliis
750 2190 1195 2248 communicante
1224 2211 1430 2266 manu;
1464 2204 1723 2272 superbia
1755 2205 1823 2260 ab
1855 2207 2037 2264 humi-

439 2269 592 2328 litate
641 2291 765 2346 quae
813 2294 1034 2361 omnem
1111 2292 1536 2348 ostentationem
1613 2309 1930 2368 aversatur,
1983 2313 2037 2359 et

436 2359 668 2433 gloriam
699 2357 898 2427 vanam
938 2388 1284 2436 exsecratur.
1303 2367 1306 2372 ’
1466 2379 1470 2384 ’
1865 2395 1870 2402 ’

1039 2469 1293 2530 Scholion
1330 2477 1420 2534 50.

504 2551 564 2609 Si
607 2557 816 2616 delicia;
856 2563 1100 2620 excitant
1144 2570 1320 2625 malas
1357 2573 1684 2644 cupiditates
1715 2618 1730 2644 ,
1775 2589 1829 2636 et
1859 2581 2030 2653 gloria

428 2650 781 2721 voluptates,
809 2657 901 2727 qui
933 2651 1019 2714 his
1063 2661 1404 2734 afﬁciuntur,
1447 2669 1587 2725 bella
1629 2650 1894 2743 movent,
1935 2689 2031 2735 aut

427 2744 615 2812 potius
642 2746 862 2803 irritant
890 2758 942 2805 et
979 2743 1230 2811 incitant.
1279 2755 1425 2815 Fieri
1455 2764 1602 2819 enim
1641 2768 1791 2832 nulla
1819 2771 2029 2828 ratione

427 2844 636 2904 potest,
680 2847 741 2894 ut
787 2842 882 2911 qui
928 2859 1115 2901 rerum
1161 2852 1508 2918 przesentium
1547 2867 1602 2912 et
1635 2874 2025 2930 corporearum

426 2944 617 2986 amore
645 2933 908 3005 tangitur,
949 2946 1060 2994 non
1090 2940 1238 2997 intus
1272 2944 1340 2998 ab
1370 2947 1535 3003 rebus
1565 2955 1808 3011 externis
1844 2956 2026 3027 inqui-

425 3030 606 3088 netur,
641 3033 696 3080 et
732 3025 786 3080 in
834 3028 1046 3098 priores
1099 3033 1254 3118 labes
1302 3039 1505 3108 quibus
1545 3041 1648 3098 fuit
1682 3025 2021 3119 occupatus,

422 3113 721 3174 relabatur.
752 3119 930 3192 Atque
961 3123 1035 3179 ita
1069 3113 1181 3184 vim
1209 3128 1440 3200 operum
1489 3135 1543 3190 in
1569 3152 1667 3194 vas
1696 3150 1981 3210 pertusum
2007 3182 2023 3210 ,
2051 3147 2098 3208 C

423 3217 486 3265 ut
515 3211 740 3279 dicitur,
777 3216 999 3274 hauriat
1024 3229 1081 3276 et
1114 3221 1387 3282 infundat.
1461 3275 1464 3278 .

493 3302 504 3307 ’
1023 3312 1298 3372 Thalassii
1335 3319 1426 3376 '51.

493 3391 632 3449 Cum
681 3395 737 3450 id
783 3401 931 3468 quod
984 3407 1365 3478 praescriptum
1405 3419 1524 3479 est,
1575 3414 1675 3481 lit,
1723 3425 1836 3472 tum
1875 3423 2019 3478 actio

419 3489 678 3558 praecepti
707 3489 928 3550 dicitur.
958 3493 1149 3555 Virtus
1178 3509 1360 3558 autem
1398 3513 1518 3571 est,
1561 3499 1687 3564 cum
1725 3512 1871 3580 quod
1923 3513 2016 3579 lit,

418 3595 487 3635 eo
519 3579 576 3635 lit
609 3594 668 3638 ut
696 3584 912 3666 veritati
951 3589 1186 3658 placeat.

915 3703 1080 3778 360
1137 3706 1391 3784 Scholion
1423 3714 1515 3768 '52.

440 3788 592 3856 _Qui
646 3793 768 3849 sine
826 3810 997 3866 opere
1063 3810 1388 3872 argutatur,
1446 3817 1501 3863 et
1565 3811 1738 3866 multa
1804 3816 2014 3884 garrit,

417 3900 482 3937 ea:
528 3887 713 3956 iniquo
747 3889 849 3944 sibi
889 3891 1199 3948 thesaurum
1247 3899 1486 3971 colligit,
1527 3914 1578 3957 et
1624 3904 1834 3962 labores
1865 3909 2014 3966 illius

425 3975 709 4045 (testante
755 3980 1084 4057 Scriptura)
1126 3987 1182 4040 in
1227 3987 1423 4066 domus
1465 3992 1763 4050 alienorum
1832 4007 2013 4056 trans-

415 4067 565 4124 ibunt
595 4071 662 4128 ⁵⁸.

1053 4197 1238 4254 ΡΙιοιίἱ
1275 4203 1363 4257 55.

481 4282 639 4350 Quod
682 4286 841 4342 labor
884 4303 995 4344 non
1047 4287 1322 4361 parturiit,
1372 4305 1428 4350 et
1475 4297 1806 4356 desiderium
1863 4303 2010 4380 ulnis

410 4390 525 4431 non
575 4381 829 4450 excepit,
879 4391 935 4437 et
993 4382 1131 4439 fovit
1179 4387 1402 4460 (perit)
1449 4394 2005 4470 contemniturenim

412 4468 566 4532 (sive
599 4469 668 4525 de
703 4473 922 4530 actione
945 4515 960 4539 ,
991 4477 1108 4532 sive
1141 4468 1602 4551 contemplatiOne
1634 4488 1868 4557 quaestio
1897 4481 2010 4561 sit)

412 4564 674 4589 ,___,__.___.,.
717 4566 905 4589 ηιμη,
1041 4587 1072 4589 ,_
1107 4587 1110 4589 λ
1151 4587 1172 4589 η
1257 4582 1268 4589 .
1471 4587 1477 4589 .
1791 4575 1796 4580 -

2129 4533 2176 4570 re
2225 4468 2462 4589 θεωρίας
2511 4468 2661 4570 ἐστὶν

407 4564 676 4635 quidquid
708 4566 907 4639 absque
934 4569 1117 4627 labore
1150 4582 1368 4643 partum
1399 4587 1505 4632 est.

911 4683 1090 4740 Marci
1125 4690 1374 4743 monachi
1419 4691 1508 4746 54.

477 4767 676 4824 Mentis
707 4772 1026 4844 anticipatio
1072 4787 1160 4834 est
1207 4780 1455 4850 priorum
1497 4783 1756 4840 vitiorum
1789 4787 2005 4858 objecta

407 4861 616 4916 nolenti
662 4867 970 4934 memoria,
1018 4871 1256 4928 coercita
1312 4883 1496 4930 tamen
1542 4892 1572 4931 a
1624 4876 1752 4933 l'orti
1801 4880 2005 4935 athleta

405 4955 606 5010 Christi
647 4972 717 5012 ne
764 4959 818 5014 in
870 4976 1007 5031 opus
1065 4963 1326 5034 procedat
1369 4983 1382 5018 :
1439 4984 1470 5022 a
1518 4969 1724 5026 victore
1774 4981 2000 5037 autem,

406 5059 663 5120 tanquam
698 5051 1058 5123 impressione
1092 5057 1328 5126 quadam
1361 5057 1504 5116 facta
1531 5103 1545 5127 ,
1580 5073 1759 5118 retusa
1787 5075 1842 5120 et
1874 5066 2004 5121 sub-

405 5142 536 5196 lata.

1114 5265 1296 5322 Aliud.

475 5349 578 5418 Qui
625 5350 836 5410 litteras
881 5369 1070 5420 amas,
1101 5371 1224 5412 ama
1257 5367 1312 5413 et
1347 5359 1588 5416 laborem
1619 5380 1631 5415 :
1678 5364 1821 5418 nuda
1853 5365 1996 5421 enim

401 5435 586 5497 rerum
617 5445 860 5516 cognitio
891 5447 1047 5502 inllat
1081 5450 1381 5508 hominem.

468 5620 517 5656 “
534 5620 726 5680 Matth.
757 5644 812 5695 v,
843 5628 930 5683 16.
1003 5627 1051 5663 δ’
1077 5630 1235 5700 Prov,
1261 5650 1314 5702 v,
1347 5634 1433 5688 10.

2141 1876 2310 1944 τριῶν
2334 1875 2569 1946 ἀρετῶν,
2593 1875 2685 1944 ὑφ’
2708 1869 2783 1928 ὧν
2815 1875 3169 1945 ἀναιροῦνται
3201 1877 3394 1942 ταῦτα,
3411 1878 3728 1949 ἀντιπαρα-

2139 1966 2452 2038 ταξώμεθα,
2481 1967 2650 2038 ἤγουν
2671 1967 3017 2038 ἐγκρατείας,
3055 1968 3278 2039 ἀγάπης
3332 1970 3427 2023 καὶ
3455 1972 3726 2026 ταπεινώ-

2141 2076 2300 2133 σεως.
2344 2060 2408 2113 Ἡ
2452 2060 2550 2128 μὲν
2577 2059 2686 2130 γὰρ
2718 2059 2998 2132 φιληδονία
3035 2061 3142 2116 ὑπὸ
3193 2061 3523 2133 ἐγκρατείας
3572 2064 3724 2117 ἀναι-

2141 2129 2316 2220 ρεῖται
2342 2165 2356 2179 ·
2397 2151 2430 2220 ἡ
2460 2149 2518 2203 δὲ
2546 2129 2882 2220 φιλαργυρία
2908 2151 3016 2205 ὑπὸ
3047 2151 3149 2222 τῆς
3169 2129 3413 2224 ἀγάπης,
3441 2153 3518 2217 ὡς
3561 2171 3725 2225 μετα-

2136 2239 2360 2311 δοτικῆς
2382 2241 2477 2295 καὶ
2502 2242 2831 2312 κοινωνικῆς
2850 2259 2865 2274 ·
2897 2244 2931 2313 ὴ
2961 2242 3021 2296 δὲ
3043 2242 3317 2314 φιλοδοξία
3350 2245 3456 2299 ὑπὸ
3481 2245 3585 2316 τῆς
3624 2263 3722 2303 τα-

2138 2333 2472 2398 πεινώσεως,
2501 2335 2578 2400 ὡς
2609 2334 3013 2404 ἀφιλενδείκτου
3049 2336 3147 2392 καὶ
3180 2337 3486 2409 μισοδόξου.

2736 2535 2784 2586 Σ
2786 2532 2997 2600 χόλιον
3049 2532 3115 2588 λ’.

2203 2624 2266 2678 El
2299 2626 2333 2696 ἡ
2374 2624 2554 2695 τρυφὴ
2592 2626 2849 2698 διεγείρει
2900 2631 2967 2681 τὰ
3015 2628 3186 2700 πάθη,
3240 2629 3335 2683 καὶ
3379 2631 3413 2702 ἡ
3465 2628 3592 2697 δόξα
3622 2630 3717 2694 τὰς

2071 2759 2074 2764 .
2129 2715 2346 2787 ἡδονὰς,
2404 2719 2453 2769 οἱ
2493 2717 2705 2782 τούτοις
2741 2721 3297 2792 προσασχολούμενοι,
3355 2721 3480 2775 καθ’
3510 2722 3714 2776 ἑαυτῶν

2069 2853 2072 2856 .
2131 2807 2260 2870 τοὺς
2287 2807 2558 2880 πολέμους
2587 2809 2973 2882 διεγείρουσιν,
3004 2811 3037 2882 ἢ
3083 2812 3284 2882 μᾶλλον
3320 2814 3498 2866 εἰπεῖν
3537 2815 3710 2884 διερε-

2129 2899 2369 2965 θίζουσιν
2393 2918 2408 2932 ο
2446 2901 2707 2955 ἀδύνατον
2766 2903 2876 2975 γὰρ
2910 2903 2988 2975 τῷ
3026 2905 3132 2976 πρὸ
3146 2925 3163 2967 ;
3189 2905 3289 2968 τάς
3337 2904 3468 2968 ὕλας
3492 2905 3714 2977 ἐμφιλο-

2128 2992 2417 3065 χωροῦντι,
2475 2994 2550 3066 μὴ
2588 2994 2659 3048 τὰ
2691 2995 2844 3059 ἐντὸς
2881 2997 2946 3050 ὲκ
2996 2996 3104 3050 τῶν
3142 2998 3302 3061 ἐκτὸς
3364 2997 3710 3068 μολύνεσθαι,

2129 3088 2226 3140 καὶ
2277 3087 2415 3157 πρὸς
2461 3087 2563 3152 τὰς
2638 3087 2936 3160 προλήψεις
3004 3089 3417 3156 ὲξολισθαίνειν,
3473 3089 3572 3142 καὶ
3615 3089 3710 3159 τὴν

2129 3177 2254 3250 βίαν
2305 3178 2413 3232 τῶν
2445 3178 2623 3250 ἔργων
2682 3180 2820 3252 πρὸς
2853 3180 3012 3234 πίθον
3042 3181 3397 3253 τετρημένον,
3453 3179 3600 3235 κατά
3623 3179 3709 3233 τὸν

2125 3269 2370 3337 εἰπόντα,
2398 3270 2650 3342 ἀντλεῖν..

2515 3363 2562 3414 Σ
2563 3360 2779 3430 χόλιον
2817 3362 3169 3417 Θαλασσίου
3213 3362 3317 3418 λα’.

2194 3451 2406 3523 Πρᾶξις
2485 3451 2710 3523 ἐντολῆς
2782 3453 3000 3523 λέγεται
3059 3455 3122 3507 τὸ
3176 3455 3655 3528 προστεταγμένον
3691 3477 3704 3492 ·

2123 3545 2291 3618 ἀρετὴ
2321 3545 2380 3601 δὲ
2427 3547 2486 3598 ὲν
2515 3545 2595 3617 τῷ
2628 3547 2887 3618 ἀρέσκειν
2931 3550 2998 3619 τῇ
3042 3547 3274 3620 ἀληθείᾳ
3304 3549 3367 3602 τὸ
3404 3550 3706 3622 γινόμενον.

2723 3754 2987 3824 Σχόλιον
3002 3751 3102 3824 λβθ.

2203 3843 2264 3896 '0
2327 3845 2487 3908 ἐκτὸς
2533 3847 2700 3916 ἔργου
2753 3846 3132 3918 σοφιζόμενος,
3170 3849 3264 3902 καὶ
3294 3848 3474 3903 λαλῶν
3505 3850 3698 3919 λόγοις,

2118 3943 2374 3999 πλουτεῖ
2429 3943 2500 4008 ἐξ
2531 3941 2789 4006 ἀδικίας,
2844 3939 2944 3994 καὶ
2995 3942 3051 3994 οἱ
3107 3942 3282 3996 πόνοι
3311 3942 3525 4006 αὐτοῦ,
3565 3943 3701 3997 κατὰ

2115 4029 2216 4108 τὴν
2249 4034 2494 4108 Γραφὴν,
2527 4037 2616 4101 εἰς
2640 4034 2848 4100 οἴκους
2873 4033 3210 4121 ἀλλοτρίων
3235 4035 3636 4105 εἰσέρχονται.

2569 4237 2832 4307 Σχόλιόν
2871 4236 3024 4290 Φωτί
3026 4254 3100 4291 ου
3142 4236 3244 4305 λγ’.

2189 4331 2368 4402 Ὅπερ
2399 4329 2562 4390 πόνος
2593 4331 2696 4382 οὐκ
2727 4327 3083 4399 ὲμαιεύσατο,
3142 4327 3265 4383 οὐδὲ
3307 4327 3475 4392 πόθος
3529 4328 3698 4398 ὴγκα-

2117 4421 2362 4488 λιάσατο,
2417 4421 2896 4494 εὐκαταφρόνητον
2929 4421 3039 4492 γὰρ
3089 4421 3190 4493 (ἄν-
3213 4439 3272 4476 τε
3306 4421 3583 4492 πράξεως,
3637 4421 3698 4473 ἀν

2708 4515 3024 4586 πρόϐλημα)
3069 4516 3131 4569 τὸ
3183 4516 3365 4598 ῥᾴδιον
3393 4517 3474 4580 εἰς
3513 4515 3695 4588 κτῆσιν

2113 4602 2575 4681 παραγινόμενον.

2535 4722 2801 4790 Σχόλιον
2861 4721 3109 4789 Μάρκου
3166 4719 3264 4775 λδ’.

2180 4813 2460 4886 Πρόληψίς
2497 4813 2618 4865 ἐστι
2647 4813 2933 4884 προτέρων
2963 4800 3152 4893 κακῶν
3183 4812 3371 4884 μνήμη
3401 4812 3656 4876 ἀκούσιος
3675 4827 3688 4840 ·

2113 4900 2265 4971 παρὰ
2309 4899 2510 4971 μὲντῷ
2532 4900 2814 4972 ἀγωνιστῇ
2863 4900 3135 4972 προϐῆναι
3171 4901 3252 4964 είς
3287 4899 3460 4966 πάθος
3495 4902 3690 4955 κωλυο-

2110 4993 2248 5064 μένη
2280 5009 2294 5023 ·
2331 4991 2484 5063 παρὰ
2513 4991 2570 5045 δὲ
2603 4991 2682 5063 τῷ
2721 4995 2918 5064 νικητῇ
2952 4991 3044 5083 ὡς.
3085 4991 3396 5063 προσϐολῆς
3439 4994 3688 5047 ἀνταναι-

2107 5082 2364 5154 ρουμένη.

2778 5286 2991 5339 Ἄλλο.

2778 5289 2800 5304 "
2853 5289 2991 5339 λλο.

2171 5371 2482 5442 Φιλομαθὴς
2526 5371 2623 5434 ὢν.
2651 5289 2944 5442 γίνουΑκαὶ
2995 5373 3286 5444 φιλόπονος
3305 5389 3319 5405 ’
3340 5376 3375 5446 ἡ
3404 5373 3529 5460 γὰρ.
3559 5370 3682 5444 ψιλὴ

2105 5463 2310 5531 γνῶσις
2344 5465 2534 5532 φυσιοῖ
2554 5464 2646 5517 τὸν
2671 5463 2979 5542 ἄνθρωπον.

473 5778 553 5848 (a)
589 5778 751 5836 Deest
799 5799 942 5841 unus
976 5802 1183 5844 versus
1238 5791 1488 5847 abrasus.
1536 5789 1726 5861 Suppl.
1781 5793 1991 5862 quando
2026 5798 2134 5852 vita
2159 5806 2250 5851 tua
2291 5795 2572 5851 uirtutibus
2600 5796 2911 5865 resplendet.
