4042 6422
250 449 397 515 1045
1204 455 1432 516 SCALA
1463 458 1843 519 PARADISI.
1873 485 1943 494 —
1969 457 2278 520 GRADUS
2305 458 2514 521 XXVI.
3405 453 3554 522 1046'
3599 408 3602 410 Π

845 573 1107 642 Σχόλιον
1157 572 1251 628 λε’.
1870 576 1918 632 Α
2071 627 2077 634 .

1870 576 1918 632 Α
2071 627 2077 634 ,
2547 567 2798 624 Scholion
2832 567 2922 624 35.

337 661 399 716 Ὀ
416 661 590 732 γέλως
616 663 680 716 ἐκ
701 663 870 734 τριῶν
882 665 1108 734 γίνεται·
1131 667 1195 718 ὲκ
1213 665 1491 737 πορνείας,
1509 666 1836 734 κενοδοξίας,

2018 659 2281 720 Risusex
2310 661 2487 718 tribus
2519 661 2669 717 vitiis
2703 661 2954 728 exsistit,
2997 676 3062 716 ex
3104 661 3365 728 Iunii-ia,
3398 677 3535 717 vana

247 755 352 809 καὶ
391 755 490 825 τῆς
519 754 666 808 ἔνδον
693 755 1022 828 σεμνότητος
1053 759 1147 813 καὶ
1169 759 1404 831 τρυφῆς,
1429 760 1458 814 ὃ
1489 761 1608 813 ἐστι
1641 761 1804 832 κόρος
1824 774 1838 790 ο

1947 756 2124 827 gloria
2159 757 2454 812 etinterna
2481 759 2751 830 gravitate
2797 766 2851 813 et
2881 757 3132 824 deliciis,
3162 758 3268 814 hoc
3294 768 3414 826 est,
3449 771 3539 812 sa-

248 847 491 902 ἑκάστου
565 847 674 901 τῶν
727 849 1206 921 ἀπηριθμημένων
1255 849 1501 922 δηλονότι
1567 852 1840 924 ἀναμέρπ

1949 844 2136 898 tietate
2163 843 2415 899 ciborum
2446 862 2460 899 :
2498 846 2726 916 singulis
2763 861 2962 918 nempe
2993 863 3062 904 ex
3104 847 3224 915 iis,
3245 862 3369 918 quas
3398 860 3539 903 enu-

250 939 541 1004 ποιοῦντος
577 938 671 994 τὸν
692 940 924 1009 γέλωτα.

1948 934 2314 1003 meravimtts,
2348 936 2522 993 risum
2553 938 2921 994 moventibus.

639 1033 830 1087 Ἀλλο
857 1033 964 1088 τοῦ
989 1035 1163 1103 ἁγίου
1220 1036 1458 1106 Ἐφρέμ.

1420 1055 1458 1090 ι,
2467 1030 2632 1085 Aliud
2671 1031 2734 1086 S.
2765 1031 3016 1102 Ephrem.

343 1120 403 1174 Ὀ
432 1121 610 1190 γέλως
628 1123 718 1176 τὸν
736 1124 1088 1196 μακαρισμὸν
1112 1124 1205 1179 τοῦ
1235 1125 1467 1192 πένθους
1496 1125 1600 1192 ἔξω
1619 1126 1804 1198 βάλλει
1825 1145 1839 1159 °

2017 1119 2184 1177 Risus
2213 1121 2431 1178 beatum
2463 1125 2663 1179 animm
2698 1125 2905 1181 luctum
2937 1123 3304 1189 exterminat,
3331 1131 3384 1178 et
3412 1137 3549 1193 qua?

255 1214 358 1268 καὶ
383 1207 905 1285 τάὀξκοδομηθέντα
937 1217 1192 1272 καταλύει
1221 1235 1233 1248 ·
1263 1218 1324 1272 τὸ
1353 1219 1578 1290 Πνεῦμα
1598 1220 1658 1273 τὸ
1687 1221 1842 1289 ἀγιον

1951 1214 2212 1270 aediﬁcata
2260 1224 2424 1283 sunt,
2460 1217 2748 1286 dissolvit,
2795 1217 3061 1289 Spiritum
3105 1227 3356 1273 sanctum
3403 1231 3547 1272 oon--

253 1306 437 1372 λυπεῖ,
502 1306 681 1379 ψυχὴν
742 1309 843 1362 οὐκ
888 1309 1107 1378 ὠφεὶεῖ,
1158 1312 1318 1382 σῶμα
1363 1313 1690 1382 διαφθείρει,
1742 1315 1841 1375 τάς

1951 1305 2169 1374 tristat,
2213 1307 2412 1362 animae
2453 1316 2658 1376 nocet,
2706 1324 2906 1381 corpus
2935 1307 3274 1380 corrumpit,
3303 1309 3547 1362 virtutes-

254 1397 464 1468 ἀρετάς
527 1397 752 1453 διώκειο
811 1400 912 1455 οὐκ
959 1401 1078 1474 ¹ἔχει
1136 1403 1361 1475 μνήμην
1405 1405 1670 1459 θανάτοιν
1719 1404 1843 1459 οὐδὲ

1957 1398 2136 1470 [velut
2180 1399 2402 1471 hostes.)
2451 1401 2821 1472 persequitur.
2869 1401 3061 1458 Mortis
3089 1402 3553 1456 memoriamex--

261 1490 499 1562 μελέτην
547 1491 655 1545 τῶν
690 1491 967 1547 κολάσεων
993 1511 1010 1527 ο
1048 1495 1268 1568 περίελε
1319 1497 1415 1550 ἀπ’
1452 1496 1589 1566 ἐμοῦ
1638 1496 1730 1550 τὸν
1751 1495 1846 1567 γέ-

1947 1490 2212 1561 stinguit,
2247 1505 2438 1547 curam
2483 1493 2880 1564 suppliciorum
2931 1495 3091 1550 tollit.
3141 1492 3312 1549 Aufer
3363 1509 3404 1548 a’
3452 1509 3540 1547 me

258 1582 431 1648 λωτα,
477 1585 568 1638 καὶ
625 1582 871 1656 δώρησόν
898 1604 1007 1664 ,μοι
1046 1587 1243 1652 πένθος
1279 1589 1376 1642 καὶ
1423 1587 1724 1660 κλαυθμὸν,
1785 1589 1846 1642 ὃν

1957 1583 2122 1638 risum
2143 1621 2158 1648 ,
2187 1593 2242 1639 et
2275 1584 2344 1640 da
2375 1585 2511 1640 mihi
2545 1586 2756 1643 luctum
2787 1597 2843 1645 et
2868 1589 3056 1644 ﬂetum
3079 1628 3094 1654 ,
3131 1601 3289 1658 quem
3331 1586 3470 1656 petis
3509 1602 3553 1640 an

259 1672 448 1745 ζητεῖς
485 1675 618 1747 παρ’
638 1676 774 1747 ἐμοῦ
805 1678 834 1730 ὁ
855 1677 1010 1741 Θεός.

855 1677 1010 1741 Θεός.
1948 1690 2059 1743 me,
2089 1675 2233 1733 Deus
2263 1692 2439 1734 meus.

725 1842 728 1844 Π
837 1773 1101 1838 Σχόλιον
1139 1761 1270 1836 Ἰςε

2559 1774 2814 1832 Scholion
2848 1776 2937 1832 '56.

345 1861 406 1915 '0
444 1861 610 1925 ὕπνος
641 1865 705 1916 ὲκ
726 1863 1006 1930 τεσσάρων
1057 1863 1304 1932 γίνεταιο
1343 1864 1845 1938 τρυφῆς,νηστείας
1878 1915 1923 1970 Β

2023 1865 2266 1924 Somnus
2299 1883 2367 1925 ex
2397 1881 2633 1940 quatuor
2657 1869 2842 1925 causis
2871 1859 3082 1937 oritur,
3121 1882 3153 1925 e
3198 1867 3364 1937 luxu,
3391 1864 3550 1940 ie‘j't'i-t

255 1955 360 2025 τῆς
407 1954 528 2008 κατ’
562 1954 815 2026 ἔπαρσιν,
865 1955 1116 2024 ἀκηδίας,
1175 1958 1273 2011 καὶ
1330 1957 1544 2028 φύσεως
1578 1976 1594 1993 ο
1637 1957 1847 2013 τούτων

1948 1958 2072 2027 nio,
2122 1959 2271 2030 quod
2322 1961 2618 2018 elationem
2661 1961 2831 2017 animi
2885 1961 3070 2018 attulit
3113 1962 3424 2033 jojunanti,
3473 1977 3539 2018 ex

256 2046 358 2099 ὲάν
413 2048 661 2120 κρατήσῃ
715 2048 815 2120 τῆς
854 2047 1070 2120 ψυχῆς,
1111 2050 1205 2104 καὶ
1251 2048 1394 2104 κατά
1457 2050 1626 2123 μόνας
1679 2049 1848 2108 ὕπνον

1948 2052 2174 2123 pigritia
2204 2063 2260 2109 et
2286 2063 2504 2110 natura.
2538 2054 2678 2121 Quae
2707 2054 2897 2110 omnia
2930 2055 2976 2110 si
3025 2055 3224 2110 viceris
3267 2063 3324 2109 et
3365 2049 3541 2125 impe-

254 2139 512 2210 ἐμποιεῖ..
1949 2146 2396 2215 raverisanimo,
2421 2147 2864 2218 singulatamen
2898 2143 3168 2204 somnum‘
3188 2147 3365 2216 etiam
3407 2161 3543 2202 con-

1949 2239 2158 2294 ciliant.

477 2327 738 2396 Σχόλιον
752 2327 860 2382 τοῦ
883 2328 1155 2400 μεγάλου
1188 2330 1514 2386 Βασιλείου
1533 2331 1632 2396 λζ’.

1557 2331 1632 2396 .C’.
2343 2331 2597 2387 Scholion
2620 2329 2824 2385 Basilii
2837 2331 3038 2401 Magni
3062 2327 3153 2384 57.

346 2415 408 2469 ὐ
461 2417 641 2488 ἑαυτῷ
689 2417 960 2489 ἀρέσκων,
1013 2421 1501 2494 ἀνθρωπαρεσκεῖο
1563 2423 1852 2495 ἄνθρωπος

2021 2421 2129 2489 Qui
2161 2421 2268 2478 sibi
2311 2422 2418 2492 ipsi
2449 2424 2656 2492 placet,
2688 2421 2874 2478 studet
2903 2422 3070 2476 etiam
3103 2419 3320 2490 placere
3363 2415 3544 2471 homi-

258 2506 376 2578 γὰρ
414 2508 576 2572 αὐτὸς
631 2507 882 2575 ἕκαστος.
919 2511 1134 2584 Ὥσπερ
1155 2509 1248 2567 οῦν
1277 2513 1711 2582 ἐπικατάρατος
1749 2514 1852 2568 ἅν-

1953 2517 2117 2573 nibus
2137 2558 2153 2585 ,
2186 2517 2420 2588 quisque
2457 2518 2608 2573 enim
2635 2528 2691 2572 et
2723 2516 2840 2586 ipse
2864 2514 2970 2570 sibi
3003 2514 3172 2568 homo
3208 2519 3311 2566 est.
3343 2508 3549 2576 Quem-

261 2602 526 2666 θρωπος,
581 2600 651 2667 ὃς
687 2600 802 2670 τὴν
834 2603 1055 2658 ἐλπίδα
1080 2605 1203 2676 ἔχει
1245 2606 1338 2659 ἐπ’
1387 2605 1724 2676 ἄνθρωπον,
1753 2607 1853 2662 καὶ

1953 2611 2249 2666 admodum
2289 2625 2422 2681 ergo
2465 2609 2599 2666 illud
2635 2623 2651 2662 :
2695 2607 3020 2663 Maledictus
3067 2604 3223 2658 homo
3265 2603 3356 2674 qui
3403 2617 3548 2670 spem

259 2694 546 2761 στηρίσει
583 2694 780 2766 σάρκα
801 2699 1129 2768 ,βραχίονος
1155 2699 1366 2768 αὑτοῦ,
1406 2698 1508 2772 τὴν
1540 2701 1622 2764 είς
1659 2700 1853 2754 ἑαυτὸν

1955 2720 2110 2758 suam
2139 2703 2294 2758 habet
2325 2704 2382 2757 in
2417 2702 2662 2769 homine,
2707 2709 2758 2755 et
2801 2698 3040 2770 ﬁrmabit
3081 2711 3295 2752 carnem
3344 2684 3549 2748 brachii

266 2785 598 2858 πεποίθησιν
631 2789 799 2860 δηλοῖ·
823 2785 905 2855 οἷς
930 2791 1022 2846 καὶ
1054 2792 1329 2864 ἐπιφέρει,
1353 2793 1453 2848 καί
1480 2793 1601 2849 ἀπὸ
1629 2794 1853 2864 Κυρίου

1955 2797 2039 2851 sui
2070 2796 2116 2829 ⁸ο
2137 2839 2152 2862 ,
2185 2795 2458 2868 signiﬁcat
2499 2793 2888 2851 conlidentiam
2919 2791 3046 2858 sui,
3079 2790 3280 2861 quibus
3305 2786 3468 2842 infert
3496 2793 3551 2842 et

264 2879 513 2948 ἀποστῇ
542 2882 582 2950 ὴ
610 2882 783 2952 ψυχὴ
807 2883 1015 2938 αὐτοῦ·
1041 2883 1216 2949 οὕτως
1241 2886 1336 2939 καὶ
1363 2886 1390 2938 ὁ
1409 2886 1552 2956 ἄλλῳ
1577 2887 1851 2958 ἀρέσκων,

1955 2889 2204 2960 adiungit
2230 2907 2244 2943 :
2279 2887 2348 2942 Et
2375 2906 2409 2942 a
2440 2887 2669 2942 Domino
2695 2887 2964 2942 recesserit
2984 2885 3168 2940 anima
3195 2882 3311 2952 ejus
3336 2883 3382 2914 "
3412 2899 3427 2947 ;
3475 2880 3549 2935 ita

264 2973 300 3044 ἢ
327 2973 447 3026 κατ’
481 2973 618 3028 ίδίαν
675 2976 969 3046 ἀρέσκειαν
1027 2977 1220 3042 ποιῶν,
1275 2977 1377 3048 τῆς
1415 2978 1727 3044 θεοσεϐείας
1752 2980 1853 3034 έκ-

1955 2992 2009 3038 et
2033 2982 2127 3053 qui
2159 2982 2315 3037 alteri
2347 2983 2554 3052 placet,
2586 2989 2683 3037 aut
2715 2980 2848 3036 facit
2879 2978 3011 3051 quid
3037 3017 3052 3044 ,
3083 2986 3141 3033 ut
3174 2977 3420 3048 placeat,
3456 2989 3551 3029 ex-

267 3065 485 3119 πίπτει⁹
510 3067 590 3130 εἰς
607 3068 715 3138 γὰρ
742 3067 1264 3142 ἀνθρωπαρέσκειαν
1277 3072 1540 3142 ἐμπίπτει
1561 3091 1577 3105 ο
1603 3076 1856 3130 Ποιοῦσι

1955 3075 2088 3132 cidit
2123 3091 2156 3130 e
2205 3074 2298 3130 Dei
2335 3075 2511 3146 gratia
2553 3075 2684 3129 dum
2733 3081 2916 3144 captat
2958 3057 3246 3127 hominum
3293 3068 3545 3136 gratiam.

265 3158 404 3228 γὰρ,
434 3159 599 3230 φησὶν
618 3161 647 3212 ὁ
675 3160 899 3232 Κύριος,
923 3163 1074 3231 πρὸς
1089 3164 1154 3217 τὸ
1184 3162 1466 3234 θεαθῆναι
1489 3166 1612 3233 τοῖς
1632 3167 1858 3236 ἀνθρώ-

1956 3167 2192 3226 Faciunt
2211 3169 2371 3235 enim,
2396 3167 2574 3239 inquit
2593 3161 2754 3240 361
2786 3165 3074 3233 Dominus,
3101 3161 3456 3217 utvideantur
3487 3162 3551 3214 ab

267 3266 437 3316 ποις.
507 3251 697 3323 ’Δμὴν
741 3254 899 3325 λέγω
948 3255 1113 3326 ὑμῖν,
1163 3257 1465 3328 ἀπέχουσι
1495 3259 1602 3314 τὸν
1633 3261 1856 3330 μισθὸν

1959 3262 2282 3317 hominibus.
2326 3261 2494 3318 Amen
2540 3261 2663 3319 dico
2707 3259 2882 3328 vobis,
2923 3247 3227 3327 receperunt
3263 3253 3551 3309 mercedem

268 3344 494 3401 αὐτῶν.

1964 3372 2117 3411 suam
2147 3355 2215 3410 ⁵³.

451 3440 714 3510 Σχόλιον
755 3441 1075 3499 Ἀντωνίου
1127 3445 1236 3502 τοῦ
1267 3445 1536 3518 μεγάλου
1577 3447 1680 3520 λη’.

2313 3446 2566 3504 Scholion
2585 3432 2590 3438 ’
2615 3447 2830 3502 Antonii
2886 3429 3064 3516 mogni
3118 3443 3208 3499 38.
3517 3517 3519 3520 Ι

360 3532 657 3600 Ἑπιθυμία
686 3533 947 3606 λογισμοῦ
990 3537 1392 3609 άποσπωμένη,
1421 3538 1617 3612 ἡδονὴν
1645 3539 1812 3612 γεννᾷ
1841 3555 1854 3570 ⁸

2033 3537 2500 3610 Concupiscentia
2523 3539 2736 3594 ratione
2757 3537 3015 3594 destituta
3038 3530 3552 3605 voluptatemparit,

275 3624 374 3678 καὶ
406 3625 505 3694 τὴν
527 3624 706 3698 ψυχὴν
736 3626 770 3698 ἢ
799 3626 1063 3699 σωθῆναι,
1095 3628 1130 3700 ἢ
1153 3629 1234 3701 τῷ
1261 3629 1382 3702 Θεῷ
1413 3631 1774 3704 συναφθῆναι
1797 3633 1861 3687 οὐ

1963 3646 2067 3687 nec
2111 3632 2245 3688 sinit
2287 3632 2527 3688 animam
2569 3639 2664 3688 aut
2693 3631 2917 3696 salvari,
2965 3637 3062 3685 aut
3110 3644 3235 3685 cum
3285 3627 3396 3683 Deo
3424 3643 3555 3683 con-

277 3721 574 3791 συγχωρεῖ.

539 3721 574 3774 L
1957 3725 2135 3797 jungL

860 3812 1126 3882 Σχδλιον
1175 3813 1272 3870 λθο.
2402 3817 2456 3872 si

2402 3817 2652 3872 Scholion
2679 3815 2740 3872 S.
2786 3799 3013 3870 Maximi
3046 3813 3138 3869 59.

359 3891 619 3970 Ἔλεγχος
651 3900 1007 3972 σωτηριώδης
1049 3902 1150 3971 τῆς
1179 3903 1380 3968 κακίας
1421 3903 1600 3975 ἡμῶν,
1633 3904 1730 3959 καὶ
1780 3905 1864 3959 ὅτι

2067 3911 2408 3983 teprebensio
2450 3910 2675 3966 malitia:
2714 3917 2917 3963 nostra:
2959 3907 3120 3962 nobis
3156 3904 3415 3961 salutaris
3450 3913 3554 3968 est,
3653 3928 3663 3932 -

281 3991 356 4044 δι’
379 3993 550 4062 αὐτῆς
580 3995 686 4048 τῶν
708 3999 1068 4070 χαρισμάτων
1121 4002 1596 4074 ἀποτυγχάνομεν,
1653 4003 1748 4057 καὶ
1784 4002 1867 4066 είς

1966 4004 2111 4076 quod
2160 4019 2259 4074 per
2298 4003 2475 4073 ipsam
2521 4003 2818 4073 gratiarum
2849 3999 3157 4055 caelestium
3195 3996 3342 4052 dona
3362 3995 3555 4066 acqui-

282 4083 413 4149 τοὺς
437 4085 638 4148 κόπους
656 4090 1122 4162 καταϐαλλόμεθα.

1970 4109 2181 4160 ramus,
2205 4101 2260 4148 et
2285 4093 2355 4148 ad
2385 4092 2604 4148 labores
2625 4091 2947 4145 .incitemur.

877 4187 1141 4253 Σχόλιον
1202 4194 1276 4258 μ’.

2567 4183 2819 4239 Scholion
2849 4183 2935 4238 40.

373 4270 433 4326 ’0
459 4275 766 4344 σωματικὸς
794 4278 963 4342 κόπος
1004 4279 1134 4333 ἄνευ
1177 4280 1278 4350 τῆς
1310 4278 1405 4332 τοῦ
1435 4279 1528 4334 νοῦ
1562 4279 1870 4353 καθαρότη-

2041 4281 2224 4338 Labor
2259 4278 2649 4350 corporis'qui
2696 4285 2849 4332 caret
2896 4274 3167 4331 munditie
3223 4263 3447 4349 mentis,
3474 4267 3567 4326 cst

283 4382 400 4431 τος,
433 4365 510 4430 ὡς
537 4367 764 4433 ἄτεκνος
819 4373 1023 4442 μήτρα,
1056 4373 1146 4426 καὶ
1194 4372 1394 4444 μασθοὶ
1423 4372 1723 4444 κατάξηροι
1761 4389 1774 4404 ο
1801 4378 1869 4448 τῇ

1973 4375 2132 4446 quasi
2193 4373 2396 4431 sterilis
2445 4381 2635 4429 uterus
2684 4377 2738 4426 et
2779 4371 2949 4427 ubera
2984 4369 3132 4456 sicca
3178 4375 3233 4424 et
3266 4365 3440 4421 arida.
3478 4361 3558 4419 Ad

285 4459 396 4530 γὰρ
470 4459 564 4513 τοῦ
601 4460 738 4515 Θεοῦ
791 4463 991 4531 γνώσει
1042 4463 1405 4534 προσεγγίσαι
1461 4466 1522 4518 οὑ
1592 4465 1868 4533 δύνανται,

1973 4468 2070 4525 Dei
2092 4469 2239 4525 enim
2271 4467 2638 4539 cognitionem
2673 4465 2916 4536 aspirare
2938 4479 3048 4540 non
3079 4469 3328 4534 possunt,
3363 4468 3420 4517 et
3446 4473 3562 4516 cor-

288 4552 384 4606 καὶ
434 4551 498 4605 τὸ
551 4552 652 4619 μὲν
705 4552 866 4624 σῶμα
929 4556 1245 4628 κατάκοπον
1302 4553 1572 4622 ποιοῦσιν,
1627 4557 1782 4611 οὐδὲν
1813 4558 1870 4613 δὲ

1493 4573 1572 4622 ἰν,
1627 4557 1782 4611 οὐδὲν
1813 4558 1870 4613 δὲ
1904 4627 1936 4632 _
1973 4575 2078 4631 pus
2112 4561 2362 4632 fatigant,
2395 4559 2534 4615 nihil
2564 4566 2746 4615 tamen
2771 4555 3089 4629 proﬁciunt.

290 4643 564 4700 ἀνύουσιν.
1903 4627 1953 4684 D

863 4741 1126 4810 Σχόλιον
1184 4748 1296 4811 μα’.

2621 4728 2873 4820 Scholion
2893 4723 2956 4794 Π
2970 4721 3008 4794 ξ’
3513 4804 3543 4820 Ὗ

372 4829 630 4902 ’Δθληταὶ
647 4830 819 4896 ὄντως
835 4834 884 4886 ot
920 4834 1164 4904 μοναχοί·
1184 4833 1373 4889 ἀθλεῖν
1392 4834 1502 4908 γάρ
1535 4832 1876 4907 προῄρηνται

2047 4831 2299 4889 Monachi
2351 4831 2466 4886 veri
2508 4839 2638 4886 sunt
2688 4817 2944 4886 athletae:
3005 4825 3373 4900 susceperunt
3419 4817 3564 4881 enim

290 4923 357 4995 τῇ
389 4923 488 4993 τῆς
516 4923 702 4995 ψυχῆς
735 4923 852 4996 βίᾳοη

1978 4926 2204 4992 luctam,
2240 4933 2302 4980 ut
2326 4924 2524 4980 animae
2560 4940 2675 4980 sua:
2703 4923 2814 4980 vim
2849 4922 3134 4980 inferrent.
3241 4971 3246 4977 .

975 5020 1187 5076 Ἄλλο.

2695 5011 2878 5066 Aliud.

366 5109 574 5180 Ἥγουν
610 5111 714 5181 τῆς
745 5112 938 5184 ἥττης·
969 5111 1129 5167 τοῦτο
1160 5114 1270 5185 γὰρ
1311 5116 1568 5185 μοναχοῖς
1603 5114 1878 5182 ἀσθένεια,

2059 5106 2186 5162 Sive
2215 5105 2359 5176 quod
2407 5103 2534 5160 victi
2565 5103 2697 5160 sint.
2733 5102 2852 5160 Hoc
2874 5102 3020 5158 enim
3052 5097 3332 5155 monachis
3355 5105 3438 5152 est
3453 5096 3566 5150 im-

295 5203 392 5258 καὶ
420 5206 519 5277 οὐχ
539 5207 578 5278 ἡ·
598 5207 696 5260 τοῦ
724 5205 976 5278 σώματος
1009 5206 1274 5270 κάκωσις.

1986 5200 2256 5256 becillitas
2282 5213 2378 5255 seu
2427 5197 2716 5269 aegritudo,
2768 5212 2877 5252 non
2926 5203 3111 5251 autem
3139 5189 3387 5260 corporis
3419 5202 3565 5243 mor-

1989 5294 2112 5350 bus.

984 5383 1201 5436 Ἄλλο.

2701 5379 2885 5434 Aliud.

368 5476 530 5541 Θείας
588 5462 905 5550 οἰκὸνομίας
951 5476 1262 5547 δωρήματι,
1319 5474 1378 5527 αἱ
1437 5472 1714 5527 ἀσθένειαι
1769 5473 1882 5536 τοῖς

2063 5472 2236 5530 Morbi
2265 5471 2532 5543 corporis,
2568 5470 2834 5542 singulari
2865 5467 2958 5526 Dei
2991 5465 3256 5524 beneﬁcio
3283 5459 3568 5518 monachis

306 5571 578 5640 μοναχοτς.

1993 5563 2381 5620 immittuntur.

883 5653 1146 5731 Σχόλιονί
1211 5657 1321 5729 μβν.

2605 5651 2853 5706 Scholion
2885 5647 2973 5702 42.

369 5753 475 5808 Τδν
533 5755 766 5825 μοναχὸν
810 5753 902 5806 τὸν
964 5751 1039 5824 μὴ
1078 5751 1388 5821 θεαρέστως
1443 5746 1762 5801 δουλεύοντα
1806 5746 1884 5817 τῷ

2075 5747 2424 5813 Monachum,
2457 5745 2550 5816 qui
2576 5759 2684 5800 non
2717 5744 2790 5798 ita
2819 5740 2987 5798 servit
3010 5739 3121 5795 Deo
3155 5751 3213 5793 ut
3237 5737 3314 5792 illi
3339 5735 3567 5808 placeat.

379 5915 423 5946 ⁵⁰
455 5929 658 5988 Jerem.
680 5947 810 6000 xvtt,
965 5931 1006 5964 ’ί
1029 5931 1161 5987 ibid.
1239 5929 1284 5960 "
1312 5927 1498 5984 Matth.
1525 5941 1602 5995 vl,
1631 5926 1683 5980 9.
