4042 6440
279 380 414 449 1049

1266 386 1499 448 SCALA
1516 379 1973 446 PARADISI.-
1999 377 2311 438 GRADUS
2347 373 2556 436 XXVI.

3413 361 3583 429 1050'

279 496 574 553 ὑπόστασιν
628 496 1001 570 θεωρούμενον
1055 497 1114 552 ἓν
1161 502 1231 574 τῇ
1294 497 1455 569 φύσει
1506 497 1616 552 τῶν
1659 495 1882 561 δντων,.

1996 488 2197 546 ositum
2251 486 2699 552 consideratam,
2750 497 2818 539 ex
2854 497 2953 538 sua
3000 487 3199 542 natura
3257 477 3395 533 nihil
3445 486 3550 533 est.

274 587 423 641 ἔστιν
446 587 611 644 οὐδέν.

953 684 1166 739 Ἄλλο.

346 773 518 827 Οὐδὲν
550 771 742 847 ἕτερόν
775 773 894 832 ἐστι
921 773 1112 839 κακία,
1143 772 1177 844 ἢ
1209 773 1413 846 ἀρετῆς
1441 771 1699 847 ἔλλειψις.

967 955 1179 1016 Ἄλλο.

344 1043 476 1097 Ὀτι
509 1042 741 1113 φυσικαὶ
787 1042 983 1115 ἀρεταὶ
1027 1045 1085 1097 ὲν
1143 1044 1301 1114 ἡμῖν,
1345 1045 1381 1115 ἡ
1434 1039 1863 1122 ἐλεημοσύνηιή

271 1133 492 1205 ἀγάπη,
514 1136 549 1205 ὴ
580 1133 784 1198 πίστις,
821 1134 856 1205 ή
880 1132 1056 1197 ἐλπίς⁹
1093 1133 1151 1188 αἱ
1176 1133 1234 1187 δὲ
1274 1132 1415 1205 ὑπὲρ
1442 1132 1617 1204 ’φύσιν
1651 1132 1865 1201 ἀγνεια,

270 1226 574 1298 ἀοργησία,
620 1224 1114 1298 ταπεινοφροσύνῃ,
1184 1224 1489 1297 προσευχὴ,
1565 1222 1864 1295 ἀγρυπνία,

271 1317 525 1390 νηστεία.

604 1468 610 1472 η
818 1410 1014 1467 Ἀλλο
1062 1408 1335 1478 Μάρκου.

352 1502 527 1574 Ἀλλη
573 1503 774 1574 πρᾶξις
828 1501 1072 1572 ἐντολῆς,
1109 1501 1207 1555 καὶ
1259 1500 1390 1555 ἄλλο
1430 1498 1623 1572 ἀρετὴ,
1657 1498 1761 1560 κᾶν
1811 1497 1873 1562 ἐξ

272 1592 532 1665 ἀλλήλων
586 1594 687 1659 τὰς
758 1594 869 1649 τῶν
930 1591 1154 1663 ἀγαθῶν
1203 1591 1461 1671 ἀφορμὰς
1520 1591 1868 1663 λαμϐάνωσι.

2667 661 2850 718 Aliud.
2958 670 2960 675 '

2037 761 2243 817 Vitium
2272 760 2412 821 nihil
2449 770 2535 815 est
2563 758 2716 815 aliud
2746 772 2915 829 quam
2943 755 3168 819 virtutis
3195 751 3433 811 defectio
3453 764 3548 810 seu

1963 851 2222 923 privatio.

2639 940 2827 998 Aliud.

2639 940 2767 995 Alia
2810 981 2827 998 .

2041 1032 2287 1091 Virtutes
2329 1032 2389 1089 in
2438 1032 2597 1089 nobis
2642 940 2924 1091 natuiales
2976 1037 3129 1096 sunt,
3177 1028 3552 1096 eleemosyna,

1966 1125 2230 1196 charitas,
2290 1124 2444 1191 ﬁdes,
2486 1139 2653 1195 spes;
2678 1138 2845 1194 supra
2866 1132 3122 1183 naturam
3149 1128 3279 1176 sunt
3306 1118 3554 1184 castitas,

1967 1219 2066 1275 ira:
2110 1217 2383 1285 vacuitas,
2450 1217 2761 1283 humilitas,
2819 1215 3088 1287 precatio,
3152 1212 3373 1284 vigiliae,
3411 1210 3555 1282 jeju-o

1970 1325 2147 1366 mum.

2453 1401 2618 1474 363
2672 1400 2837 1455 Aliud
2878 1396 3074 1452 Marci.

2040 1497 2162 1551 Alia
2202 1504 2286 1553 est
2324 1495 2581 1566 praecepti
2626 1491 2960 1558 observatio,
3002 1488 3152 1549 aliud
3196 1488 3416 1545 virtus:
3449 1485 3554 1541 etsi

1969 1607 2038 1647 ex
2073 1605 2133 1646 se
2172 1597 2365 1649 mutuo
2414 1588 2588 1648 altera
2635 1585 2707 1644 ab
2756 1585 2930 1641 altera
2976 1583 3253 1645 bonorum
3317 1592 3551 1649 operum

274 1684 494 1755 Πρᾶξις
521 1686 743 1757 ἐντολῆς
775 1684 1019 1754 λέγεται,
1058 1684 1120 1738 τὸ
1150 1668 1630 1757 προστεταγμένον
1654 1697 1668 1711 '
1694 1681 1871 1758 ἀρετὴ

1996 1696 2171 1739 :ausas
2194 1694 2250 1736 et
2297 1679 2625 1737 occasiones
2662 1686 2905 1733 sumant.
2946 1672 3214 1745 Prmcepti
3245 1668 3558 1728 observatio

272 1777 338 1831 ὲν
370 1775 455 1848 τῷ
481 1776 739 1849 ἀρέσκειν
760 1780 826 1849 τῇ
851 1775 1084 1857 ἀληθεία
1117 1775 1179 1830 τὸ
1200 1774 1508 1851 γινόμενον.

880 2056 1143 2127 Σχόλιον
1185 2063 1280 2114 νεθ.

351 2148 684 2205 Διδάσκαλοι
742 2149 845 2221 τῆς
896 2149 1119 2218 ἁγνείας
1150 2148 1340 2213 Ἠλίας
1398 2147 1494 2204 καὶ
1565 2148 1815 2221 Ἰωάννης
1847 2150 1878 2205 ὁ

275 2241 628 2315 Πρόδρομος,
659 2241 760 2296 καὶ
806 2243 836 2295 6
862 2240 1113 2310 θεολόγος
1162 2240 1449 2312 Ἰωάννης
1486 2241 1793 2314 πραότητος
1815 2241 1875 2295 δὲ

275 2333 534 2404 Μωϋσῆς
560 2334 654 2388 καὶ
682 2333 847 2389 Δαυΐδ
866 2350 882 2367 ·
913 2334 1014 2399 τῆς
1038 2332 1099 2387 δὲ
1150 2334 1460 2405 προσευχῆς
1488 2333 1653 2399 αὐτὸς
1678 2336 1709 2387 6
1740 2332 1876 2388 Θεοῦ

276 2427 490 2495 Λόγος,
526 2428 622 2481 καὶ
707 2426 900 2497 φανεὶς
945 2426 1180 2497 ἄγγελος
1237 2426 1511 2498 Ἀντωνίῳ
1542 2426 1638 2481 καὶ
1681 2426 1881 2496 Παχως-

277 2519 403 2592 μίῳ
429 2536 444 2551 ο
471 2517 637 2574 πάλιν
672 2519 773 2590 τῆς
803 2519 1057 2591 νηστείας
1117 2520 1349 2591 Μωσῆς,
1380 2520 1475 2574 καὶ
1521 2519 1685 2584 αὐτὸς
1709 2520 1740 2573 6
1763 2518 1879 2573 Κύ-

279 2628 441 2684 ριος·
487 2610 652 2666 πάλιν
696 2612 1009 2683 ἀγρυπνίας
1066 2612 1276 2679 πολλοὶ,
1336 2611 1387 2666 οἳ
1436 2614 1533 2667 καὶ
1582 2611 1880 2679 κατάνυξιν

275 2704 497 2761 τούτων
548 2706 855 2779 ἐκτήσαντο
874 2724 889 2741 ·
921 2706 1435 2781 ταπεινοφροσύνης
1493 2707 1573 2775 δὲ,
1611 2707 1681 2762 δι’
1729 2709 1880 2780 ἡμᾶς

279 2799 618 2871 πτωχεύσας
662 2799 802 2855 Θεοῦ
849 2800 1045 2871 Λόγος.
1090 2800 1189 2863 καὶ
1250 2799 1538 2863 ἀναλαϐὼν
1568 2800 1670 2874 τὴν
1700 2801 1886 2873 σάρκα.

278 2887 452 2960 ἡμῶν
481 2890 513 2949 6
547 2889 769 2945 πάντων
804 2891 1022 2963 Σωτήρ.

863 2985 1129 3056 Σχόλιον
1206 2992 1314 3052 νς⁹.

372 3073 677 3147 ’Δπόγονον
711 3078 813 3150 τῆς
867 3078 1245 3150 κοιλιομανίας
1303 3078 1403 3150 τὴν
1431 3077 1694 3150 πορνείαν
1721 3075 1878 3149 φησὶ,

279 3165 369 3233 ὥς
397 3165 464 3220 ἐκ
494 3167 943 3239 γαστριμαργίας
971 3168 1318 3240 τικτομένην.

876 3260 1140 3328 Σχόλιον
1192 3257 1289 3324 νζ’.

338 3348 754 3422 ’Φυσικὼτερος
785 3349 894 3423 γὰρ
926 3348 1003 3404 ὢν
1062 3349 1160 3411 καὶ
1191 3350 1602 3429 ἀπατηλότερος
1651 3350 1883 3416 εἰκότως

286 3443 437 3517 νικᾷς

865 3534 1129 3604 Σχόλιον
1178 3540 1280 3605 νηη.

375 3626 703 3694 Ἀπόδειξις,
738 3628 873 3681 ὅτιὸ
917 3625 995 3699 μὴ
1021 3625 1319 3697 ὑποταγεὶς
1344 3630 1792 3703 ταπεινοφρονεῖν
1820 3627 1886 3685 οὐ

296 3719 523 3776 δύναται
549 3736 564 3751 °
595 3719 877 3792 ὑποταγὴν
905 3719 963 3774 δὲ
993 3721 1042 3775 οἱ
1067 3720 1167 3791 μὲν
1194 3718 1293 3792 τὴν
1328 3721 1634 3792 νοουμένην
1670 3719 1886 3792 κατώρ-

302 3814 504 3880 θωσαν,
539 3816 587 3868 oi
609 3813 669 3867 δὲ
703 3814 801 3868 καὶ
848 3813 949 3883 τὴν
982 3813 1318 3886 φαινομένην
1364 3812 1733 3879 ἐπεδείξαντο,
1763 3813 1887 3886 ἣτις

306 3906 395 3962 διὰ
421 3908 517 3978 τὴν
547 3906 823 3988 προτέραν
855 3906 1368 3978 παραλαμϐάνεται.
1431 3973 1435 3978 ,

871 4001 1136 4070 Σχόλιον
1194 4000 1295 4056 νθθ.

384 4091 651 4165 Εὐσεϐὴς,
705 4093 803 4170 οὐχ
848 4094 879 4148 6
923 4092 1159 4158 πολλοὺς
1194 4091 1362 4148 ἐλεῶν
1385 4110 1401 4126 ·
1435 4092 1552 4148 ἀλλ’
1590 4095 1620 4148 6
1681 4093 1891 4166 μηδένα

307 4182 530 4249 ἀδίκως.

895 4277 1157 4350 Σχόλιον
1202 4277 1268 4345 ξ’.

372 4367 594 4440 Φυλακὴ
620 4367 924 4441 λογισμῶν,
947 4368 1010 4422 τδ
1043 4368 1104 4437 ἐξ
1148 4367 1378 4439 ἀγώνων
1415 4367 1450 4441 ἢ
1483 4366 1795 4441 προσευχῆς
1820 4367 1893 4422 τὰ

302 4457 420 4530 εἴδη
443 4458 555 4512 τῶν
574 4459 854 4531 λογισμῶν
902 4457 1344 4531 ἀποκρούεσθαιο
1383 4456 1505 4524 νοὸς
1542 4457 1604 4512 δὲ
1660 4459 1894 4531 τήρησις

1972 1776 2177 1832 dicitur
2233 1789 2361 1830 cum
2417 1771 2479 1828 lit
2529 1770 2678 1843 quod
2729 1769 3108 1841 praescriptum
3169 1774 3290 1831 est;
3361 1762 3560 1825 virtus,

1900 1843 1946 1898 Β
1975 1884 2104 1927 cum
2131 1867 2280 1940 quod
2320 1866 2383 1922 lit
2435 1865 2505 1922 ad
2550 1863 2665 1922 Deo
2702 1861 3032 1935 placendum
3057 1860 3115 1916 in
3134 1857 3368 1915 veritate
3398 1853 3563 1927 perﬁ-

1977 1963 2146 2020 citur.

2585 2049 2839 2108 Scholion
2872 2048 2967 2104 55.

2049 2148 2318 2208 Doctores
2344 2146 2618 2203 castitatis
2650 2142 2806 2199 fuere
2851 2140 3024 2206 Elias,
3049 2137 3292 2194 Joannes
3318 2134 3565 2207 Baptista

1978 2245 2299 2300 Prmcursor
2326 2251 2382 2297 et
2421 2238 2663 2296 Joannes
2689 2234 3028 2305 evangelista
3055 2231 3377 2301 theologus:
3410 2243 3568 2283 man-

1978 2336 2288 2395 suetudinis
2310 2333 2491 2390 Moses
2509 2340 2566 2387 et
2595 2329 2761 2385 David
2788 2347 2803 2384 :
2830 2324 3164 2399 precationis
3182 2323 3278 2378 Dei
3298 2320 3564 2387 Verbum,

1978 2438 2036 2488 et
2062 2429 2293 2503 angelus
2333 2427 2430 2499 qui
2475 2423 2732 2496 apparuit
2754 2420 2996 2477 Antonio
3039 2427 3094 2474 et
3120 2415 3441 2474 Pachomio.
3469 2412 3566 2470 Je-

1976 2522 2119 2593 junii
2168 2535 2367 2578 rursus
2426 2517 2610 2574 Moses
2653 2524 2708 2572 et
2760 2515 2878 2586 ipse
2920 2512 3224 2569 Dominus:
3252 2508 3565 2580 vigiliarum

1981 2614 2144 2671 multi
2197 2629 2267 2668 ex
2323 2611 2525 2684 quibus
2570 2607 2743 2678 aliqui
2799 2603 3280 2676 compunctionem
3344 2614 3566 2670 quoque

1980 2705 2369 2778 possidebant:
2408 2698 2739 2757 humilitatis
2772 2703 2958 2750 autem
2989 2693 3083 2764 qui
3124 2707 3226 2763 pro
3247 2690 3409 2746 nobis
3437 2703 3568 2758 ege-

1980 2814 2088 2855 nus
2128 2807 2184 2855 et
2238 2810 2447 2868 pauper
2496 2793 2677 2850 factus
2700 2800 2785 2848 est
2812 2791 2884 2856 ⁸³,
2931 2787 3177 2844 Verbum
3200 2785 3296 2841 Dei
3321 2784 3414 2855 qui
3442 2797 3569 2840 car-

1980 2904 2108 2947 nem
2137 2897 2385 2944 nostram
2411 2884 2714 2954 assumpsit
2738 2880 2989 2937 omnium
3021 2877 3292 2934 Salvator.

2496 2982 2501 2987 “
2578 2973 2829 3031 Scholion
2872 2970 2961 3028 56.

2052 3074 2209 3131 Gula:
2248 3082 2304 3130 et
2356 3068 2568 3127 ventris
2617 3064 2948 3123 insanientis
2983 3062 3205 3120 soboles
3247 3061 3568 3127 libido'est,

1905 3181 1953 3242 ο
1982 3166 2186 3242 inquit,
2227 3172 2291 3223 ut
2354 3177 2481 3234 quae
2513 3176 2582 3218 ex
2639 3158 2769 3231 gula
2801 3165 2931 3212 nata
2963 3166 3069 3214 est.

2591 3247 2845 3304 Scholion
2874 3246 2965 3302 57.

2054 3346 2210 3404 Vana
2255 3345 2432 3416 gloria
2476 3344 2626 3399 enim
2673 3349 2889 3397 natura:
2927 3335 3344 3397 convenientior
3386 3341 3445 3390 et
3470 3331 3573 3387 lal-

1956 3440 2155 3509 iacior
2184 3438 2383 3494 merito
2410 3436 2605 3492 vincit.

2570 3523 2822 3582 Scholion
2873 3520 2965 3578 58.

2057 3621 2463 3685 Demonstratio
2510 3628 2617 3685 est,
2647 3616 2797 3690 quod
2830 3614 3153 3675 inobediens
3191 3610 3418 3673 humilis
3451 3624 3577 3671 esse

1986 3735 2096 3777 non
2120 3718 2313 3797 possit.
2344 3712 2724 3772 Obedientiam
2763 3718 2947 3765 autem
3003 3707 3100 3763 alii
3155 3705 3465 3779 probarunt
3492 3703 3577 3758 in-

1987 3821 2224 3878 lernam;
2256 3807 2348 3864 alii
2378 3815 2659 3863 externam
2692 3808 2749 3858 et
2788 3807 3138 3872 apparentem
3166 3801 3569 3859 exercuerunt:

1988 3920 2112 3978 qua:
2130 3901 2378 3962 secunda
2410 3905 2631 3970 propter
2650 3895 2888 3966 primam
2921 3890 3251 3986 admittitur.

2594 3982 2851 4041 Scholion
2897 3981 2990 4037 59.

2058 4086 2191 4141 Pius
2219 4092 2325 4151 est,
2359 4096 2467 4137 non
2499 4077 2596 4149 qui
2627 4076 2931 4132 multorum
2967 4072 3282 4137 miseretur,
3330 4066 3428 4124 sed
3479 4080 3573 4123 ne-

1991 4179 2159 4235 minis
2194 4176 2419 4246 injuste.

2559 4259 2813 4318 Scholion
2856 4255 2946 4313 60.

2060 4358 2324 4415 Custodia
2374 4355 2772 4428 cogitationum
2824 4357 2911 4407 est
2963 4345 3174 4403 formas
3214 4352 3271 4399 et
3310 4339 3579 4411 imagines

1992 4451 2389 4525 cogitationum
2442 4445 2800 4520 repugnando
2842 4441 2926 4498 vel
2961 4436 3239 4511 precando
3272 4433 3577 4504 repellere:

300 4525 817 4623 ave-txpaltbrtc‘roc
871 4525 1092 4622 καρδία,
1144 4554 1241 4608 καὶ
1302 4551 1653 4626 ἀρέμϐαστος
1816 4568 1882 4624 μη

1998 4545 2199 4603 mentis
2249 4553 2434 4599 autem
2473 4537 2822 4597 conservatio
2860 4542 2948 4591 est
2987 4545 3105 4595 cor,
3153 4526 3302 4599 quod
3333 4526 3402 4581 ab
3424 4525 3584 4582 hoste

302 4642 471 4698 Θεοῦ.

736 4823 998 4893 Σχόλιον
1054 4822 1305 4893 Μάρκου
1353 4822 1454 4890 Εα⁹.

377 4913 455 4968 Τδ
484 4913 705 4987 πρῶτον
733 4912 1007 4969 ἀσθενῶνο
1033 4914 1110 4986 μὴ
1141 4913 1432 4986 δυνάμενοι
1480 4915 1591 4988 γὰρ
1630 4916 1770 4981 ὅλως
1800 4917 1904 4973 ἀν-

299 5005 558 5076 τιστῆναι
610 5008 726 5070 τοῖς
798 5005 1105 5078 πολεμίοις,
1166 5007 1258 5061 διὰ
1304 5009 1612 5080 προσευχῆς
1666 5008 1894 5074 τούτους

299 5095 789 5168 ἀποδιδράσκουσι.
812 5097 888 5151 T6
911 5096 1164 5169 δεύτερον
1183 5097 1528 5166 ἀγωνιστῶν,
1550 5099 1602 5153 οἶ
1624 5099 1695 5153 δι’
1719 5099 1896 5172 ἀσκή-

303 5205 449 5251 σεως
479 5187 587 5242 τῶν
608 5187 704 5260 ὲχθ
713 5189 822 5260 ρῶν
841 5189 1218 5261 περιγίνονται
1240 5205 1255 5221 ⁸
1301 5191 1365 5246 τὸ
1391 5192 1576 5264 τρίτον
1631 5193 1895 5266 θεωρητι-

301 5276 443 5343 κῶν,
462 5276 514 5331 οἶ
534 5276 624 5333 διὰ
646 5278 885 5350 θεωρίας
908 5277 1227 5351 ύψούμενοι,
1248 5278 1482 5351 ἄληπτοι
1501 5284 1613 5347 τοῖς
1635 5283 1899 5348 ἐναντίοις

304 5368 417 5422 εἰσὶ
453 5368 570 5438 καὶ,
602 5368 679 5435 ὡς
712 5370 912 5437 εἰπεῖν,
939 5369 1383 5443 ἀπροσμάχητοι.

706 5640 968 5710 Σχόλιον
982 5636 1397 5708 συγκλητικῄ
1409 5636 1506 5709 ξβ’.

390 5726 452 5784 '0
473 5730 614 5801 ἔχων
658 5733 737 5796 εἰς
761 5733 887 5797 τοὺς
933 5731 1223 5805 μυκτῆρας
1273 5734 1371 5804 τὴν
1422 5732 1560 5788 ἰδίαν
1608 5731 1897 5799 δυσωδίαν,

397 5842 446 5876 u
469 5885 512 5940 ll
545 5886 653 5942 Cor
698 5904 817 5952 rm.
847 5888 900 5945 9.

1997 4636 2115 4709 capi
2152 4647 2436 4704 nunquam
2464 4638 2646 4702 potest
2675 4637 2734 4685 et
2762 4640 2920 4683 mens
2952 4638 2985 4679 a
3021 4620 3119 4677 Dei
3146 4617 3415 4675 memoria
3439 4631 3587 4671 nun-

1995 4743 2163 4800 quam
2194 4726 2498 4782 abstracta.

2584 4808 2838 4866 Scholion
2881 4804 2974 4863 61.

2067 4907 2319 4967 Primum
2358 4913 2447 4962 est
2489 4900 2860 4965 inﬁrmorum,
2896 4897 3152 4969 quicum
3186 4890 3445 4948 hostibus
3482 4903 3590 4959 pu-

1996 4999 2217 5072 gnando
2259 4996 2522 5053 resistere
2560 5007 2675 5049 non
2716 4991 2954 5062 possint,
2977 4984 3238 5059 precibus
3268 4982 3394 5038 illos
3421 4980 3480 5072 in
3506 4978 3592 5033 fu-

1994 5069 2119 5165 gam
2166 5089 2505 5161 conjiciunt;
2551 5085 2787 5140 alterum
2833 5090 2919 5138 est
2964 5080 3320 5140 luctatorum,
3354 5069 3450 5142 qui
3489 5084 3591 5139 per

1995 5163 2313 5254 religiosam
2338 5179 2607 5235 virtutum
2622 5172 3078 5233 exercitationem
3111 5168 3300 5224 hostes
3318 5163 3586 5230 vincunt;

1995 5273 2221 5331 tertium
2262 5279 2349 5329 est
2403 5284 2596 5327 eorum
2641 5267 2737 5339 qui
2789 5264 2845 5321 in
2907 5257 3370 5332 contemplatione
3402 5269 3591 5310 rerum

2000 5368 2310 5426 caelestium
2335 5372 2651 5429 versantur,
2685 5361 2780 5434 qui
2810 5356 3167 5416 meditatione
3193 5366 3361 5425 supra
3392 5363 3452 5406 se
3479 5347 3593 5405 ele-

2001 5461 2136 5529 vati,
2172 5459 2243 5516 ab
2270 5457 2528 5515 hostibus
2553 5456 2609 5511 in
2642 5459 2975 5527 potestatem
3002 5446 3177 5520 redigi
3200 5460 3312 5502 non
3336 5450 3591 5513 possunt,

2004 5563 2058 5611 et
2082 5561 2234 5617 sunt,
2264 5559 2327 5607 ut
2361 5550 2438 5605 ita
2487 5549 2693 5613 dicam,
2727 5539 3203 5614 inexpugnabiles.

2316 5638 2485 5713 36E.
2528 5636 2781 5694 Scholion
2820 5631 3120 5703 syuclctictc
3167 5627 3259 5683 69.

2076 5734 2179 5802 Qui
2210 5712 2373 5790 nares
2408 5747 2538 5788 suas
2561 5729 2628 5786 ad
2655 5725 3006 5801 propriorum
3055 5720 3319 5778 vitiorum
3356 5712 3591 5773 fetorem
