4042 6436
278 363 438 434 1οΞ›3Δ

1251 372 1486 433 SCALA
1529 373 1915 436 PARADISI.
1941 400 2014 411 --
2032 375 2346 450 GRADUS
2386 374 2594 436 XXVI.

3439 375 3598 444 1054.

275 480 690 551 καταγνώσεως
725 481 1040 554 ἀμαρτιῶν,
1087 474 1164 539 ὧν
1235 486 1268 557 ἡ
1333 486 1527 556 ἄφεσις
1590 489 1875 559 πρόκειται

1993 490 2169 546 nullus
2205 489 2556 561 relinquitur,
2589 491 2686 547 sed
2719 492 3021 564 cognitioni
3047 491 3439 548 misericordia:
3459 491 3579 561 eius

273 577 338 629 ὲν
391 574 474 645 τῷ
524 574 719 645 αἵματι
773 574 869 627 τοῦ
902 574 1168 645 Χριστοῦ.

269 753 541 823 Σχόλιον
581 753 849 826 Γαϐριὴλ
886 757 1162 827 μοναχοῦ
1210 758 1310 812 καί
1352 759 1719 830 ἣσυχαστοῦ
1777 760 1883 815 τοῦ

787 847 967 916 ὅρους
1017 849 1254 918 Λάτρου
1287 850 1384 916 ξξν.

368 937 432 992 '0
465 938 660 992 ἑαυτὸν
689 940 937 1010 οἰόμενος
988 938 1130 996 εἷναί
1177 961 1252 1009 τι,
1291 944 1388 998 καὶ
1441 945 1716 1000 διδάσκων
1767 947 1886 1000 ἐτέ-

279 1047 435 1103 ρους,
484 1023 560 1086 ὧν
600 1033 799 1104 πεῖραν
835 1034 999 1098 αὐτὸς
1023 1035 1126 1088 ούκ
1159 1035 1342 1108 ἔσχεν,
1376 1037 1409 1110 ἢ
1449 1037 1710 1110 γνώσειῆ
1738 1040 1884 1110 πρά-

276 1122 398 1190 ξει,
440 1123 534 1176 δύο
563 1124 755 1188 νόσους
792 1128 980 1192 νοσεῖ,
1032 1129 1130 1186 καὶ
1187 1129 1284 1183 δύο
1333 1130 1664 1199 τυφλώσεις,
1704 1132 1884 1203 οἴησιν

276 1215 378 1268 καὶ
457 1215 810 1280 κενοδοξίαν·
861 1219 1250 1292 ἀναισθησίαν,
1316 1223 1414 1276 καὶ
1475 1223 1740 1291 ἄγνοιαν·
1788 1225 1885 1279 καὶ

275 1306 332 1357 εί
381 1305 558 1358 ταῦτα
590 1307 948 1378 προσλαϐωσι
997 1311 1094 1363 καὶ
1135 1314 1609 1384 γαστριμαργίαν,
1644 1316 1726 1378 είς
1757 1315 1888 1384 πρό.

275 1395 441 1468 δηλον
487 1397 734 1454 κίνδυνον
791 1402 1175 1474 καταφέρουσι
1213 1404 1307 1457 τὸν
1343 1404 1521 1458 ταῦτα
1598 1405 1883 1476 κτησάμε-

277 1505 393 1552 νον,
449 1492 543 1544 καὶ
575 1493 658 1556 εἷς
697 1493 965 1565 αἰσχύνην
1011 1494 1256 1564 αἰώνιον,
1283 1497 1382 1550 καὶ
1403 1496 1699 1552 ἀκούσεται
1731 1497 1883 1567 παρὰ

273 1590 495 1645 πολλῶν
523 1609 538 1624 ο
584 1594 808 1664 Ἰατρέ,
834 1597 1215 1688 θεράπευσον
1243 1601 1509 1656 σεαυτόν
1535 1617 1549 1630 ·
1595 1603 1646 1654 εἰ
1693 1601 1753 1656 δέ
1797 1617 1883 1664 τις

878 1794 1143 1864 Σχόλιον
1169 1796 1270 1868 ξη’.

1985 595 2056 638 et.
2093 595 2443 653 peccatorum
2495 586 2872 654 detestationi,
2938 589 3141 658 quibus
3199 589 3254 642 in
3309 587 3578 658 sanguine

1983 671 2184 727 Christi
2216 675 2493 743 proposita
2530 683 2616 730 est
2647 676 2809 732 venia
2839 685 2897 733 et
2925 677 3204 734 remissio.

1987 761 2242 816 Scholion
2289 759 2556 817 Gabrielis
2615 765 2864 818 monachi
2915 776 2965 821 et
3011 766 3253 822 solitarii
3294 765 3351 820 in
3402 774 3580 820 monte

2611 851 2789 932 ‘Latro
2829 854 2919 910 67.

2056 948 2159 1016 Qui
2216 947 2323 1004 sibi
2375 949 2541 1004 sumit
2576 956 2639 1004 ut
2691 951 2829 1007 alios
2858 951 3052 1007 doceat
3080 966 3317 1023 quorum
3347 949 3465 1020 ipse
3493 950 3578 1003 vel

1985 1057 2088 1098 usu
2133 1040 2219 1096 vel
2274 1042 2606 1111 cognitione.
2640 1045 3042 1113 experientiam
3098 1045 3307 1100 nullam
3363 1045 3575 1108 habuit.

1985 1136 2207 1206 gemino
2235 1135 2454 1200 morbo,
2486 1137 2816 1207 geminaque
2845 1139 3092 1193 caecitate
3116 1138 3369 1195 laborat:
3406 1140 3574 1194 animi

1983 1229 2218 1287 elatione
2275 1238 2332 1285 et
2377 1246 2518 1286 vana
2570 1231 2768 1300 gloria,
2829 1241 3059 1303 stupore
3100 1233 3273 1288 animi
3325 1243 3380 1288 et
3421 1234 3578 1303 igno-

1985 1323 2188 1378 rantia.
2219 1323 2286 1378 Et
2319 1323 2367 1380 si
2423 1324 2542 1380 haec
2579 1324 2709 1380 vitia
2765 1325 2821 1380 in
2854 1325 3172 1381 societatem
3195 1325 3362 1381 etiam
3392 1327 3577 1394 gulam

1985 1417 2283 1473 asciverint
2309 1417 2366 1472 in
2397 1426 2646 1488 apertum
2681 1418 2835 1474 exitii
2865 1418 3188 1485 discrimen,
3225 1419 3296 1472 ita
3323 1418 3575 1474 all‘ectum

1985 1508 2288 1579 conjiciunt
2308 1510 2448 1565 etin
2506 1510 2744 1567 dedecus
2798 1521 2963 1581 atque
3013 1510 3370 1582 ignominiam
3421 1518 3581 1564 aeter-

1983 1618 2138 1665 nam.
2165 1602 2464 1675 audietque
2489 1621 2520 1660 a
2539 1603 2727 1661 multis
2755 1623 2770 1660 :
2808 1605 3028 1670 medice,
3071 1620 3202 1659 cura
3231 1603 3456 1673 teipsum
3489 1603 3535 1636 ⁵⁷
3561 1620 3575 1656 :

2481 1739 2496 1754 .
2589 1738 2838 1847 Scliolidn
2862 1790 2952 1846 68.
3084 1739 3099 1754 .

358 1881 796 1948 ’Υποτακτικαῖς
838 1861 961 1957 μὲνῗ
985 1891 1109 1952 ταῖς
1147 1861 1254 1942 ὑπο
1292 1889 1601 1962 ἀνθρώπων
1641 1892 1875 1964 ἐπιτρα-

2050 1886 2112 1942 In
2144 1884 2432 1955 subjectis,
2452 1885 2506 1940 id
2529 1893 2634 1952 est,
2667 1885 2736 1940 ab
2760 1883 3080 1941 hominibus
3115 1882 3213 1938 tibi
3234 1882 3576 1939 commissis.

270 1972 530 2040 πείσαις·
560 1977 960 2044 ἀνυποτάκτοις
991 1980 1071 2045 δὲ,
1096 1983 1218 2044 ταῖς
1238 1980 1314 2053 μὴ
1338 1981 1748 2047 κελευσθείσαις
1771 1983 1877 2037 ὑπὸ

270 2071 609 2144 ἀνθρώπων,
661 2075 786 2130 καθ’
818 2076 1014 2130 ἑαυτὸν
1068 2077 1406 2149 διατρίὸοντι
1453 2080 1550 2135 καὶ⁸
1594 2079 1876 2151 ἀσκουμέο

271 2189 374 2243 νῳ,
410 2174 507 2226 καὶ
562 2173 638 2247 μὴ
668 2177 726 2230 ὲν
759 2177 1011 2249 ὑποταγῇ
1050 2177 1375 2250 ὑπάρχοντι.

353 2335 356 2338 ,
874 2272 921 2324 Σ
925 2269 1140 2337 χόλιον
1170 2267 1268 2335 ξθ’.

348 2357 592 2428 Ἔρευνα
616 2358 874 2431 ἀκριϐὴς,
928 2361 1049 2426 πῶς
1105 2362 1350 2427 ἅπαντες
1413 2361 1696 2434 δυνάμεθα
1731 2363 1878 2433 γνῶ-

272 2466 388 2514 ναι,
431 2451 482 2503 εί
532 2449 759 2522 ἀρέσκει
816 2451 896 2525 τῷ
957 2453 1077 2524 Θεῷ
1127 2453 1189 2508 τὸ
1246 2455 1410 2527 ἔργον
1461 2456 1642 2526 ἡμῶν,
1699 2457 1728 2510 ὃ
1782 2457 1877 2513 ἐὰν

273 2558 418 2596 ποιω
425 2561 457 2614 ρ
467 2559 544 2597 εν.

886 2637 1150 2707 Σχόλιον
1201 2647 1268 2692 o'.

345 2725 422 2779 Τὸ
478 2727 620 2783 κατά
675 2728 886 2802 θέλημα
917 2729 1052 2784 Θεοῦ
1105 2731 1392 2803 γινόμενον
1426 2733 1614 2806 ἔργον,
1672 2734 1731 2788 ὲν
1763 2737 1878 2798 τοῖς

273 2817 667 2886 εἰσαγωγικοῖς
699 2819 1034 2874 ταπείνωσιν
1068 2821 1419 2894 προστίθησι,
1461 2827 1520 2879 ὲν
1576 2823 1633 2878 δὲ
1686 2825 1877 2895 μέσοις

271 2908 533 2980 πολέμων
590 2911 966 2984 ἀναχώρησιν,
1025 2915 1083 2967 ἐν
1132 2916 1189 2968 δὲ
1257 2915 1486 2982 τελείοις
1524 2919 1665 2988 φωτὶ
1708 2936 1877 2990 προσ-

270 2996 528 3065 αυγάζει.

874 3098 1136 3165 Σχόλιον
1191 3103 1292 3154 οα’.

1977 1981 2102 2036 Non
2134 1979 2420 2050 subjectis,
2445 1978 2499 2034 id
2528 1988 2631 2044 est,
2663 1994 2774 2034 non
2805 1977 3090 2048 imperatis
3138 1977 3207 2032 ab
3233 1977 3576 2042 hominibus,

1980 2090 2082 2131 suo
2112 2090 2310 2144 nempe
2340 2083 2475 2129 nutu
2495 2074 2726 2137 viventi,
2748 2085 2802 2130 et
2838 2088 2961 2129 sese
2982 2073 3240 2145 privatim
3274 2071 3577 2138 exercenti,

1980 2186 2084 2228 nec
2114 2171 2209 2227 ulli
2241 2170 2512 2242 subjecto.

2573 2261 2826 2317 Scholion
2875 2260 2965 2317 69.

2049 2356 2324 2412 Accurata
2361 2354 2735 2426 investigatio,
2761 2353 3046 2425 quomodo
3073 2368 3267 2410 omnes
3291 2352 3574 2423 possimus

1981 2464 2312 2521 cognoscere
2365 2464 2436 2504 an
2488 2448 2644 2503 labor
2695 2441 2882 2502 noster
2942 2447 2991 2502 si
3048 2461 3209 2517 quem
3234 2445 3576 2515 suscipimus

1980 2544 2097 2599 Deo
2125 2543 2358 2614 placeat.

2610 2633 2859 2690 Scholion
2887 2634 2977 2690 70.

2051 2729 2203 2801 Opus
2236 2735 2299 2785 ut
2332 2743 2400 2785 ex
2452 2727 2546 2784 Dei
2582 2729 2864 2784 voluntate
2901 2727 3015 2795 ﬁat,
3068 2726 3343 2783 tironibus
3381 2725 3570 2781 1η]ιηί-

1980 2825 2188 2881 litatem
2219 2822 2399 2887 aﬁert,
2434 2822 2503 2878 iis
2528 2821 2624 2893 qui
2650 2821 2762 2892 jam
2789 2820 3166 2892 profecerunt,
3193 2821 3436 2876 hostium
3486 2835 3578 2876 se-

1980 2930 2233 2982 cessum;
2267 2911 2942 2984 perl‘ectisluminilumen
2982 2911 3153 2978 addit,
3200 2911 3485 2983 magisque
3513 2925 3579 2967 ac

1981 3008 2158 3079 magis
2193 3007 2453 3062 illustrat.

2585 3093 2839 3150 Scholion
2878 3093 2965 3148 71.

379 3182 530 3275 ’ᾼντὶ
576 3183 673 3239 τού
713 3188 1051 3260 νομιζόμενα
1086 3194 1262 3264 μικρά
1321 3193 1475 3265 παρά
1545 3197 1657 3261 τοῖς
1705 3195 1875 3266 μεγά-

2053 3189 2159 3244 Pro
2200 3205 2284 3258 eo,
2344 3187 2491 3259 quod
2538 3187 2680 3258 apud
2722 3201 2956 3256 magnos
2999 3185 3384 3241 existimentur
3415 3182 3585 3254 366

265 3271 436 3345 λοις,
479 3277 569 3332 διὰ
617 3281 720 3352 τὴν
788 3282 1107 3356 τελειότητα
1150 3285 1282 3350 ἴσως
1324 3288 1388 3341 οὐ
1444 3290 1658 3360 μικρά·
1709 3289 1779 3344 τὰ
1821 3290 1880 3343 δὲ

264 3371 428 3444 παρὰ
476 3375 592 3436 τοῖς
649 3376 872 3446 μικροῖς
916 3378 1140 3448 οἰόμενοι
1196 3379 1433 3450 μεγάλα,
1469 3381 1557 3435 διά
1601 3381 1703 3452 τὴν
1749 3383 1879 3437 ἀτέ-

259 3464 428 3518 λειαν
478 3464 543 3518 ού
579 3546 581 3549 Ι
615 3466 834 3531 πάντως
896 3467 1124 3524 τέλειαο
1173 3472 1236 3526 τὸ
1292 3473 1428 3528 αὐτὸ
1491 3475 1557 3548 δὴ
1609 3475 1704 3530 καὶ
1751 3476 1881 3548 περὶ

258 3563 379 3618 τῶν
425 3565 642 3637 ἀρετῶν
681 3569 778 3620 καὶ
831 3571 1047 3626 κακιῶν
1075 3572 1400 3646 ὲκληπτέον.

552 3659 817 3729 Σχόλιον
867 3663 1115 3733 Μάρκου
1150 3668 1430 3738 μοναχοῦ
1480 3668 1590 3734 οβ’.

339 3748 420 3822 (a)
444 3751 731 3822 Πρόληψίς
780 3753 919 3820 ἐστι,
953 3757 1242 3830 προτέρων
1272 3761 1464 3815 κακῶν
1494 3763 1686 3836 μνήμη
1716 3763 1874 3818 ἀκού-

264 3860 429 3906 σιος·
461 3845 612 3916 παρά
654 3845 754 3918 μὲν
800 3847 881 3922 τῷ
941 3849 1231 3925 ἀγωνιστῇ
1263 3854 1538 3925 προϐῆναι
1594 3859 1674 3922 εἰς
1708 3858 1882 3924 πάθος

268 3935 596 4012 κωλυομένη
616 3956 629 3970 ·
655 3943 807 4014 παρά
841 3943 899 3998 δὲ
932 3944 1009 4016 τῷ
1025 3949 1223 4020 νικητῇ
1258 3947 1364 4014 ἕως
1387 3951 1698 4024 προσϐολῆς
1726 3953 1876 4009 ἀναι-

267 4029 545 4100 ρουμένη.

867 4241 1134 4310 Σχόλιον
1184 4247 1288 4310 ογ’.

347 4327 627 4399 Ἀμαρτία
658 4327 779 4384 ἐστὶ
825 4330 1009 4402 πάσης
1037 4331 1260 4403 ἐντολῆς
1305 4332 1400 4386 καὶ
1450 4332 1554 4404 τῆς
1589 4334 1881 4408 ἐλαχίστης

254 4420 615 4490 παράϐασιςο
646 4421 820 4494 ἀργία
846 4424 926 4491 δὲ,
959 4424 1020 4478 τὸ
1053 4424 1130 4496 μὴ
1161 4427 1338 4478 ποιεῖν
1389 4426 1489 4481 καὶ
1543 4428 1878 4499 ἐργάζεσθαι

199 4526 208 4538 '
251 4514 328 4567 τὰ
382 4511 522 4584 ἔργα
582 4513 679 4568 τοῦ
719 4514 857 4569 Θεοῦ
885 4533 898 4546 ·
934 4517 1168 4587 ἀμέλεια
1197 4517 1256 4571 δὲ
1286 4517 1349 4572 τὸ
1373 4517 1708 4591 ἐργάζεσθαι
1752 4521 1875 4592 μὲν,

259 4603 536 4676 ῥαθύμως
563 4605 622 4659 δέ
655 4623 669 4637 ·
725 4607 904 4673 πάθος
950 4608 1030 4677 δὲ,
1056 4612 1090 4682 ἡ
1123 4614 1410 4681 πεπηγυῖα
1467 4616 1565 4668 καὶ
1618 4614 1876 4669 δυσέκνι-

258 4712 399 4759 πτος
435 4695 578 4767 ῥοπὴ
609 4697 712 4769 τῆς
761 4698 1003 4764 διανοίας
1046 4701 1140 4754 ἐπὶ
1189 4700 1260 4756 τὰ
1299 4702 1646 4774 βλάπτοντα·
1675 4707 1879 4778 πτῶμα

261 4786 352 4853 δὲ,
396 4787 461 4842 τὸ
493 4791 574 4854 είς
617 4791 882 4846 ἀπιστίαν
919 4794 954 4866 ἢ
987 4796 1069 4860 είς
1107 4796 1170 4850 τὸ
1197 4795 1309 4850 τῶν
1361 4798 1701 4868 σωματικῶν
1765 4817 1874 4854 πα-

259 4879 374 4934 θῶν
402 4880 710 4954 ὀλισθῆσαι.

903 5000 1108 5057 Ἰσαὰκ
1148 5002 1243 5058 06'.

339 5083 746 5157 Παραφύλαττε
775 5091 840 5145 ἐκ
873 5091 985 5146 τῶν
1021 5095 1262 5164 μικρῶν,
1329 5098 1420 5153 ἵνα
1483 5099 1560 5171 μὴ
1629 5099 1872 5174 ἐκπέσῃς

259 5172 328 5230 ἑκ
358 5176 473 5230 τῶν
501 5179 776 5249 μεγάλων.

732 5301 780 5352 Σ
783 5300 1000 5368 χόλιον
1038 5302 1252 5359 Ἰσαὰκ
1305 5311 1402 5361 οε’.

329 5385 479 5457 Πρὸς
525 5389 657 5454 τοὺς
705 5391 897 5460 φίλους
946 5411 1041 5448 σου
1087 5397 1148 5450 ὲν
1212 5395 1474 5470 εὐλαϐείᾳ
1528 5398 1866 5472 πορεύθητι·

258 5474 389 5563 δταν
413 5480 472 5533 δὲ
503 5485 738 5558 ποιήσῃς
772 5485 954 5555 τοῦτο,
981 5489 1079 5553 καὶ
1114 5490 1342 5550 σεαυτὸν
1356 5492 1457 5545 καὶ
1489 5491 1693 5558 αὐτοὺς
1725 5492 1870 5563 ὠφε-

253 5561 466 5638 λήσεις.
499 5573 584 5626 ὅτι
617 5577 894 5647 προφάσει
922 5579 1026 5650 τῆς
1049 5580 1296 5650 ἀγάπης,
1341 5583 1640 5640 ἀποϐάλλει
1664 5586 1720 5657 ἀ
1762 5561 1869 5657 ψυ-

260 5603 466 5638 "'l‘""“”
499 5603 584 5626 νθι
617 5603 894 5647 ’δψυψυισει
922 5603 1026 5650 της
1049 5603 1296 5650 αγαπης,
1341 5603 1640 5640 αποοαΛΛει

260 5657 330 5729 κὴ
357 5659 453 5716 τὸν
483 5663 708 5733 χαλινὸν
755 5669 859 5739 τῆς
886 5667 1375 5745 παραφυλὰξως.’
1664 5603 1730 5724 ⁸
1773 5676 1778 5679 ’

330 5827 378 5860 ⁸³
405 5838 541 5897 Luc.
564 5856 638 5913 1v,
653 5843 742 5902 23.

1983 3297 2152 3354 parva
2215 3289 2436 3352 propter
2504 3277 2903 3349 perfectionem
2958 3276 3219 3340 fortasse,
3269 3288 3379 3328 non
3445 3281 3581 3330 sunt

1982 3391 2189 3448 parva:
2247 3389 2370 3445 quae
2421 3379 2607 3428 autem
2667 3385 2867 3441 magna
2928 3369 3071 3440 apud
3099 3383 3317 3438 parvos,
3347 3374 3578 3436 propter

1983 3467 2457 3540 imperfection'em
2508 3479 2619 3520 non
2663 3463 2894 3519 omnino
2938 3477 3138 3533 magna
3179 3470 3277 3516 aut
3312 3461 3578 3532 perlecta.

1983 3561 2130 3618 Idem
2163 3562 2231 3618 de
2263 3558 2564 3615 virtutibus
2587 3565 2642 3613 et
2665 3557 2816 3611 vitiis
2853 3553 3293 3624 intelligendum.

2476 3651 2656 3706 Marci
2694 3648 2943 3704 monachi
2990 3646 3076 3702 72.

2051 3745 2391 3818 Anticipatio
2422 3752 2510 3802 est
2565 3743 2816 3815 priorum
2856 3741 3131 3796 malorum
3183 3753 3279 3793 seu
3317 3736 3572 3791 vitiorum

1983 3841 2196 3912 objecta
2255 3839 2464 3896 nolenti
2507 3837 2798 3902 memoria,
2858 3850 2982 3907 quae
3037 3832 3347 3904 agonistam
3371 3829 3576 3886 Christi

1982 3936 2238 4007 prohibet
2263 3933 2334 3989 ad
2360 3933 2556 3988 vitium
2587 3943 2766 4000 usque
2815 3926 3068 4000 pragredi
3093 3943 3109 3979 :
3135 3940 3166 3979 a
3205 3922 3449 3994 perfecto
3479 3937 3578 4007 au-

1960 4003 2090 4084 tem
2117 4043 2214 4084 seu
2248 4026 2458 4082 victore
2499 4023 2570 4080 ad
2617 4020 3041 4091 impressionem
3074 4029 3250 4086 usque
3276 4003 3515 4070 sublatzi'
3518 4021 3578 4073 et

1981 4121 2179 4178 deleta.

2585 4227 2837 4286 Scholion
2899 4225 2991 4281 75.

2051 4328 2344 4385 Peccatum
2380 4333 2474 4383 .est
2503 4323 2685 4380 omnis
2735 4319 2905 4376 divini
2959 4315 3216 4388 praecepti
3259 4313 3427 4370 etiam
3461 4311 3569 4366 mi-

1981 4425 2114 4479 nimi
2144 4421 2368 4478 violatio
2402 4435 2501 4476 seu
2531 4414 2930 4487 transgressio;
2952 4411 3216 4482 segnities
3261 4416 3445 4464 autem
3473 4421 3569 4461 seu

1981 4516 2156 4572 otium
2183 4514 2253 4570 ab
2276 4511 2536 4583 operibus
2577 4508 2778 4565 divinis
2807 4504 3087 4578 cessatio,
3112 4499 3454 4575 Negligentia
3487 4506 3575 4553 est

1977 4609 2170 4666 eadem
2204 4607 2542 4678 negligenter
2588 4611 2646 4660 et
2696 4601 2931 4658 remisse
2966 4597 3218 4669 exsequi.
3263 4593 3461 4650 Passio
3483 4601 3575 4648 est

1975 4703 2105 4769 lixa,
2128 4709 2183 4758 et
2204 4716 2272 4756 ex
2301 4714 2408 4771 qua
2442 4712 2585 4770 aegre
2619 4709 2892 4767 emergas,
2945 4692 3150 4749 mentis
3195 4689 3265 4746 ad
3296 4685 3463 4743 noxia
3488 4684 3575 4740 iu—
3618 4722 3623 4726 -

1974 4797 2222 4856 clinatio.
2256 4796 2432 4852 Casus
2461 4802 2544 4850 est
2565 4807 2679 4863 quo
2697 4790 2788 4845 vel
2807 4790 2862 4844 in
2889 4787 3332 4844 incredulitatem
3348 4781 3578 4838 velcor-

1972 4891 2126 4964 poris
2155 4889 2469 4960 voluptates
2493 4883 2829 4942 devolvaris.

2621 4996 2805 5052 Isaaci
2834 4995 2920 5050 74.

2010 5151 2016 5156 .
2049 5097 2193 5153 Cave
2214 5111 2244 5150 a
2274 5094 2480 5166 parvis,
2528 5106 2596 5148 ne
2618 5089 2844 5145 excidas
2866 5103 2897 5142 a
2923 5086 3158 5156 magnis.

2479 5295 2736 5354 Scholion
2761 5293 2946 5350 Isaaci
2980 5293 3070 5348 75.

2046 5395 2271 5452 Amicos
2295 5407 2421 5450 cum
2453 5389 2766 5448 reverentia
2792 5396 2849 5443 et
2871 5394 3032 5444 caute
3077 5381 3277 5439 accede
3301 5398 3316 5448 ;
3340 5377 3566 5450 quando

1977 5491 2084 5547 hoc
2110 5487 2330 5555 feceris,
2357 5495 2414 5543 et
2452 5484 2554 5542 tibi
2581 5491 2640 5541 et
2676 5482 2802 5555 aliis
2853 5480 3124 5552 proderis.
3161 5474 3370 5533 .Anima
3416 5473 3562 5528 enim

1978 5583 2273 5640 occasione
2327 5578 2643 5656 [pratextu]
2697 5575 2982 5635 cbaritatis
3032 5563 3574 5629 {retium-custodia-

1976 5675 2063 5732 sui
2096 5674 2270 5746 ipsius
2293 5673 2533 5745 abjicere
2562 5670 2722 5729 solet.

2738 5919 2808 6018 \
