4042 6422
486 373 628 442 1055

1077 486 1333 544 Scholion
1383 484 1469 541 76.

549 579 699 638 Nihil
759 580 1005 636 animum
1060 588 1167 634 tam
1213 578 1491 633 turbidum
1553 575 1753 644 reddit,
1812 577 2065 647 adeoque

477 673 698 746 penitus
754 681 1011 738 excaecat,
1073 685 1240 742 quam
1282 671 1492 731 sordes
1513 669 1721 735 carnis,
1749 669 1955 739 quibus
1993 686 2060 726 ex

479 768 795 843 impuritate
838 766 1080 836 turpium
1126 764 1473 833 voluptatum
1514 763 1856 831 inquinatur.

1068 937 1323 993 Scholion
1362 937 1451 991 77.
1587 996 1608 1019 .

545 1030 776 1098 Quando
800 1029 895 1100 qui
919 1043 1063 1100 aeger
1087 1038 1171 1085 est
1196 1030 1267 1083 ab
1289 1030 1496 1095 animo,
1523 1028 1580 1083 in
1613 1029 1822 1086 morbis
1849 1038 1904 1085 et
1932 1037 2057 1084 teu-

475 1121 775 1177 tationibus
831 1121 1151 1192 patientiam
1200 1129 1509 1186 conservat,
1575 1121 1844 1190 intelligat
1904 1122 2053 1192 quod

473 1212 624 1267 illum
675 1211 861 1268 divina
911 1212 1129 1268 bonitas
1193 1213 1411 1269 invisat.
1440 1214 1557 1270 Hoc
1586 1213 1816 1286 perfecti
1842 1230 1910 1270 ex
1940 1216 2051 1269 alta

472 1302 659 1374 gratiae
688 1302 1003 1374 cognitione
1033 1318 1145 1359 non
1175 1305 1453 1375 ignorant.

1083 1470 1337 1529 Scholion
1359 1474 1449 1532 78.

542 1559 666 1617 Non
692 1560 940 1635 cujusvis
969 1564 1190 1635 esthoc
1226 1566 1435 1635 facere,
1464 1567 1564 1625 sed
1607 1570 1844 1631 studiosi
1877 1579 1937 1630 et
1968 1574 2059 1630 di-

473 1651 716 1723 ligantis.

1127 1747 1396 1809 Scholion.

546 1834 778 1895 Vocanti
815 1838 883 1896 ad
907 1839 1156 1897 exitium.

1137 1929 1409 1995 Scholion.

544 2020 625 2076 Ad
649 2021 902 2097 pietatem
930 2024 1202 2086 invitanti.

1079 2118 1330 2177 Scholion
1380 2123 1466 2178 79.

544 2204 647 2263 Hic
691 2209 943 2281 utrisque
1002 2227 1201 2283 scapus
1238 2222 1347 2282 est,
1404 2213 1461 2271 lu
1478 2231 1545 2288 go
1575 2217 1726 2285 mali,
1775 2227 1834 2275 et
1855 2234 2055 2280 conse-

471 2296 647 2356 ctatio.
667 2297 815 2359 boni.

952 2393 1116 2471 367
1177 2393 1428 2451 Scholion
1476 2396 1568 2459 80.

543 2480 952 2551 Separationcm
980 2487 1085 2542 hoc
1119 2487 1241 2543 loco
1272 2498 1500 2545 mortem
1527 2491 1785 2560 appellat,
1811 2500 1867 2550 et
1904 2495 2060 2566 quod

466 2580 536 2621 ex
568 2569 928 2627 morientibus
958 2573 1051 2628 alii
1101 2576 1216 2630 sola
1254 2578 1438 2633 anima
1468 2579 1670 2634 coelum
1707 2590 1895 2651 petant
1926 2586 2055 2640 reli-

365 2697 377 2723 ,
464 2655 635 2715 ctoin
683 2665 828 2718 terra
873 2674 1125 2731 corpore,
1182 2663 1278 2719 alii
1314 2664 1408 2735 qui
1459 2675 1675 2723 terrena
1732 2682 2050 2740 sapuerunt,

464 2756 593 2817 post
629 2759 859 2807 mortem
879 2752 945 2814 ad
976 2753 1185 2812 inferos
1199 2756 1558 2823 descendant,
1579 2760 1818 2816 medium
1843 2763 2048 2831 locum,

465 2839 523 2894 id
564 2849 670 2908 est,
715 2842 770 2900 in
826 2843 928 2900 hoc
980 2845 1207 2913 mundo,
1248 2860 1373 2920 post
1409 2849 1572 2907 'illam
1622 2855 2053 2924 separationem,

465 2931 679 2988 nullum
710 2934 968 3008 deinceps
1006 2938 1265 3011 relinqui.

1059 3117 1308 3177 Scholion
1364 3123 1431 3182 8i

536 3199 615 3257 De
661 3203 864 3271 anima,
912 3207 1129 3281 opinor,
1172 3211 1432 3282 IOquitur,
1465 3232 1587 3287 quae
1637 3235 1737 3278 nec
1774 3231 1901 3281 ante
1949 3238 2057 3283 nec

464 3301 590 3363 post
619 3309 818 3369 corpus
844 3299 1116 3367 subsistit,
1141 3304 1234 3359 sed
1264 3306 1426 3362 simul
1466 3322 1592 3364 cum
1634 3326 1863 3381 corpore
1895 3329 2049 3370 crea-

467 3393 559 3475 tur
580 3393 635 3439 et
667 3387 803 3461 ipsa.
837 3387 989 3445 Unde
1016 3391 1289 3450 homicida
1315 3395 1594 3467 iudicatur
1617 3403 1781 3458 etiam
1807 3406 1899 3475 qui
1927 3420 2047 3459 eni-

463 3474 727 3546 br'yonem
763 3493 859 3533 seu
912 3479 1151 3551 primum
1202 3483 1257 3538 in
1301 3494 1458 3542 utero
1500 3474 1837 3561 conceptum
1876 3491 2049 3549 fetum

464 3571 757 3638 postquam
774 3570 1051 3627 animatus
1072 3581 1177 3640 est,
1200 3575 1420 3633 occidit.
1449 3578 1685 3635 Tantum
1714 3591 1894 3637 autem
1920 3592 2052 3640 tunc

465 3669 521 3716 et
547 3663 729 3718 anima
768 3666 902 3737 agit,
928 3676 1195 3736 quantum
1236 3683 1367 3725 caro
1405 3690 1418 3726 :
1465 3688 1591 3728 nam
1637 3675 1703 3729 ad
1734 3676 2047 3747 augendum

466 3767 668 3823 corpus
702 3770 831 3813 suas
878 3758 1100 3830 perinde
1121 3761 1266 3817 vires
1308 3771 1473 3838 atque
1517 3764 1610 3820 illa
1655 3766 1887 3826 confert.
1919 3767 2051 3823 Per-

468 3847 669 3902 mirum
717 3863 847 3920 ergo
891 3851 1062 3917 dicit,
1102 3854 1377 3927 quomodo
1423 3856 1511 3911 illa
1546 3872 1668 3933 qua:
1719 3859 1776 3916 in
1820 3872 2051 3933 corpore

428 3946 432 3950 '
466 3948 652 4006 creua
687 3948 769 3995 est
794 3938 918 4012 post
955 3942 1377 4011 disjunctionem
1420 3945 1619 4002 durare
1656 3957 1710 4003 ct
1749 3949 2051 4007 subsistere

468 4026 615 4082 nuda
639 4038 693 4085 et
721 4030 841 4085 sine
867 4046 1097 4103 corpore
1123 4036 1337 4105 possit?
1364 4037 1457 4093 sed
1504 4038 1609 4093 hoc
1643 4048 1727 4095 est
1766 4040 2047 4098 decretum

468 4114 587 4171 Dei.
614 4115 882 4175 Caeterum
926 4124 973 4178 si
997 4124 1213 4194 quidem
1239 4126 1381 4183 hanc
1425 4129 1759 4199 propositam
1788 4137 2051 4202 quaestio-

468 4224 619 4278 nem,
653 4211 720 4266 ad
750 4212 927 4283 ignem
965 4215 1228 4283 referunt,
1254 4219 1471 4276 videant
1497 4223 1646 4292 quod
1687 4238 1755 4278 ex
1786 4225 1965 4295 lapide
1992 4236 2050 4282 et

470 4299 620 4358 ferro
649 4302 797 4376 (nam
832 4322 896 4360 ex
929 4309 1012 4364 bis
1032 4309 1249 4366 duobus
1272 4314 1548 4369 excutitur
1576 4315 1763 4386 ignis),
1797 4333 2050 4388 progres-

469 4406 590 4457 sus,
619 4395 921 4452 subsistere
951 4399 1069 4454 sine
1113 4401 1219 4456 alia
1263 4405 1492 4459 materia
1524 4420 1633 4460 non
1666 4408 1862 4476 possit.
1906 4408 2041 4464 Nam

1745 376 1805 436 S.
1838 373 2159 436 JOANNIS
2179 374 2488 437 CLIMACI

2091 489 2140 547 Δ

2076 3171 2124 3234 C

3615 369 3751 435 1056

2768 488 3031 556 Σχόλιον
3057 490 3165 551 οςν.

2231 578 2400 631 Οὐδὲν
2452 578 2595 631 οὕτω
2641 576 2787 630 θολοί
2813 575 2905 629 τὸν
2954 572 3080 630 νοῦν
3115 573 3213 627 καὶ
3273 572 3566 628 ἀϐλεπτεῖν
3614 574 3753 637 ὅλως

2164 669 2599 738 παρασκευάζει,
2654 668 2731 731 ὡς
2772 668 2801 720 ὁ
2830 667 2932 737 τῆς
2981 665 3184 737 σαρκὸς
3218 664 3393 736 ῥύπος
3440 667 3469 719 6
3523 681 3754 735 προσγι-

2164 760 2390 830 νόμενος
2418 760 2557 832 αὐτῇ
2588 760 2654 814 ἐκ
2682 759 2781 835 τῆς
2816 756 3162 830 ἀκαθαρσίας
3190 756 3302 810 τῶν
3330 755 3579 827 αισχρῶν
3631 756 3753 825 ἡδοο

2163 868 2270 904 νων
2279 891 2294 911 ς

2765 945 2813 996 Σ
2814 942 3026 1010 χόλιον
3072 940 3170 1005 oC'.

2232 1036 2364 1090 Ὅτε
2391 1037 2422 1090 ὁ
2445 1038 2516 1108 τῇ
2548 1034 2717 1107 ψυχῇ,
2753 1034 2909 1104 φησὶ,
2945 1030 3179 1110 ἀσθενὴς
3213 1029 3272 1083 ἐν
3313 1031 3426 1094 τοῖς
3450 1030 3755 1101 νοσήμασι,

2163 1128 2259 1182 καὶ
2338 1129 2672 1199 πειρασμοῖς
2732 1124 3012 1197 ὑπομονὴν
3079 1124 3369 1195 κτήσηται,
3420 1122 3756 1194 διακρινέτω

2158 1218 2239 1271 ὅτι
2286 1216 2410 1272 θεία
2438 1216 2589 1287 αὑτῷ
2620 1214 2899 1287 ἑπισκοπὴ
2935 1213 3186 1283 ἐγένετο·
3222 1213 3272 1265 oi
3313 1212 3373 1265 δὲ
3427 1210 3629 1264 τέλειοι
3689 1212 3757 1264 hc

2158 1309 2270 1363 τῶν
2312 1310 2540 1381 ὑψηλῶν
2561 1309 2665 1380 τῆς
2716 1308 2941 1381 χάριτος
3003 1304 3260 1377 γνὼσεων
3321 1303 3755 1374 ἑπιγινώσκουσι

2158 1401 2337 1458 τοῦτο.

2748 1493 3013 1563 Σχόλιον
3050 1492 3153 1563 οη“.

2228 1585 2305 1640 οὐ
2343 1584 2438 1639 τοῦ
2487 1584 2765 1657 τυχόντος,
2814 1584 2954 1640 ἀλλὰ
2999 1583 3096 1638 τοῦ
3145 1582 3570 1648 σπουδάζοντος.

2807 1759 3094 1829 Σχόλιον.

2083 1829 2138 1891 Β
2224 1850 2318 1925 Τῷ
2348 1850 2604 1911 καλοῦντι
2632 1851 2771 1923 πρὸς
2803 1852 3100 1908 ἀπώλειαν.

2800 1946 3088 2014 Σχόλιον.

2223 2034 2314 2109 Τῷ
2350 2036 2445 2092 ἰπὶ
2467 2034 2567 2109 τὴν
2609 2036 2923 2095 εὐσέϐειαν.

2472 2120 2477 2123 ’
2748 2129 3012 2199 Σχόλιον
3044 2128 3144 2185 σθ’.

2236 2219 2299 2273 '0
2329 2218 2418 2272 ἐπ’
2445 2218 2785 2293 ἀμφοτέροις
2816 2220 3020 2286 σκοπὸς
3057 2220 3159 2291 τῆς
3193 2220 3376 2292 φυγῆς
3429 2220 3526 2274 τοῦ
3568 2220 3747 2276 κακοῦ

2156 2311 2257 2371 καὶ
2292 2310 2393 2382 τῆς
2420 2311 2735 2384 συνδρομῆς
2777 2312 2870 2367 τοῦ
2905 2313 3097 2369 καλοῦ.

2753 2407 3017 2481 Σχόλιον
3063 2412 3137 2464 πῗ.

2223 2498 2519 2570 Χωρισμὸν
2557 2496 2796 2553 ἐνταῦθα
2842 2497 2935 2551 τὸν
3006 2498 3236 2553 θάνατόν
3289 2513 3455 2568 φησι·
3517 2496 3614 2551 καὶ
3657 2495 3739 2549 ὅτι

2154 2591 2614 2663 ἀποθνήσκοντες,
2660 2590 2812 2645 ἄλλοι
2864 2590 2963 2661 μὲν
3025 2592 3138 2645 ἄνω
3189 2590 3514 2661 ἁνέρχονται
3541 2591 3609 2661 τῇ
3639 2590 3739 2658 ψυ-

2155 2683 2225 2752 Χῇ
2277 2680 2434 2755 μόνη.
2474 2681 2568 2734 ἐπὶ
2612 2681 2717 2751 γῆς
2768 2679 2831 2734 τὸ
2870 2681 3032 2752 σῶμα
3089 2681 3596 2751 καταλιμπάνοντες
3622 2698 3636 2711 ·
3687 2682 3734 2733 οί

2152 2770 2210 2823 δὲ
2260 2770 2329 2828 τά
2362 2771 2530 2842 γήϊνα
2581 2773 2948 2842 φρονήσαντες
3006 2770 3147 2841 μετά
3221 2770 3451 2825 θάνατον
3508 2770 3605 2824 ἐπὶ
3648 2768 3735 2822 τὸν

2153 2860 2287 2938 ᾅδην
2321 2862 2677 2933 κατέρχονται
2703 2878 2719 2894 ο
2759 2862 2923 2932 μέσον
2956 2861 3037 2929 δὲ,
3068 2861 3214 2916 τοῦτ’
3270 2862 3387 2919 ἔστι
3415 2862 3475 2915 ὲν
3520 2860 3600 2933 τῷ
3648 2861 3734 2915 κό-

2155 2970 2276 3024 σμῳ
2322 2956 2522 3024 τούτῳ,
2556 2954 2695 3024 μετὰ
2733 2953 2824 3007 τὸν
2875 2952 3155 3024 χωρισμὸν
3180 2954 3404 3021 ἐκεῖνον,
3439 2953 3604 3007 οὐδὲν
3630 2952 3735 3006 λοι-

2152 3045 2253 3103 πὸν
2285 3044 2522 3098 ἵσταται.

2755 3137 2802 3191 Σ
2804 3136 3018 3205 χόλων
3050 3139 3167 3189 παλ.

2223 3223 2339 3297 Τὴν
2377 3224 2577 3297 ψυχὴν,
2610 3224 2687 3289 ὡς
2734 3218 2913 3295 οἶμαι,
2954 3224 3139 3292 λέγει’
3188 3222 3314 3279 οὔτε
3360 3224 3470 3296 γὰρ
3521 3227 3728 3296 προῦφο

2155 3318 2369 3371 ίσταται
2401 3317 2497 3372 τοῦ
2543 3316 2818 3387 σώματος,
2864 3315 2987 3369 οὔτε
3024 3316 3447 3387 μεθυφίσταται,
3480 3317 3595 3370 ἀλλ’
3620 3316 3731 3388 ἅμα

2152 3414 2218 3484 τῇ
2245 3412 2461 3481 γενέσει
2510 3410 2702 3466 τούτου
2737 3409 2982 3475 κτίζεται
3024 3411 3121 3467 καὶ
3166 3411 3316 3483 αὐτή⁴
3340 3428 3354 3442 -
3389 3410 3515 3466 ὅθεν
3544 3410 3729 3480 φονεὺς

2153 3503 2248 3557 καὶ
2284 3503 2313 3557 ὁ
2348 3502 2595 3574 ἔμϐρυον
2659 3498 3014 3566 ἀπεκτακὼς,
3043 3500 3169 3554 ἐπεὶ
3240 3502 3299 3555 ὲν
3354 3503 3423 3572 τῇ
3475 3498 3727 3571 συλλήψει

2151 3597 2427 3669 ὲψύχωται
2448 3613 2463 3629 ⁸
2494 3595 2750 3650 τοσοῦτον
2797 3594 2911 3666 atq
2941 3592 3088 3666 ψυχὴ
3151 3596 3368 3664 ἐνεργεί
3406 3594 3551 3659 τότε,
3611 3594 3727 3647 ὅσον

2151 3690 2248 3743 καὶ
2294 3691 2327 3760 ή
2384 3687 2559 3760 σάρξ·
2597 3687 2720 3741 κατ’
2751 3684 2984 3757 αὔξησιν
3028 3686 3137 3758 γὰρ
3163 3686 3260 3754 τὴν
3313 3683 3409 3739 τοῦ
3455 3685 3724 3756 σώματος,

2152 3781 2248 3835 καὶ
2280 3780 2417 3851 αῦτη
2457 3780 2556 3844 τάς
2588 3764 2795 3843 οἰκείας
2819 3778 3099 3851 ἐνεργείας
3126 3777 3457 3831 διαδείκνυσι
3493 3819 3508 3833 .
3537 3775 3725 3847 Θαῦμα

2150 3868 2267 3940 οὖν,
2310 3874 2464 3945 φησὶ,
2521 3872 2640 3934 πῶς
2666 3872 2700 3942 ἡ
2745 3872 2805 3924 ὲν
2860 3869 2940 3941 τῷ
2970 3868 3181 3941 σώματι
3221 3868 3465 3923 λαϐοῦσα
3491 3870 3552 3921 τὸ
3594 3865 3725 3922 εἶναι

2151 3964 2368 4033 πέφυκε
2417 3962 2603 4033 γυμνὴ
2636 3960 2779 4031 μετά
2820 3961 2920 4032 τὴν
2974 3959 3248 4026 διάζευξιν
3315 3961 3554 4029 στέγειν,
3617 3960 3727 4030 ήτοι

2155 4054 2550 4109 συνίστασθαι·
2584 4054 2723 4109 ἀλλά
2765 4052 2926 4108 τοῦτο
2957 4052 3056 4124 μὲν
3080 4052 3144 4106 τὸ
3198 4050 3293 4106 τοῦ
3352 4051 3490 4105 Θεοῦ
3534 4051 3722 4122 δόγμα.

2151 4150 2215 4202 Εί
2236 4147 2294 4202 δέ
2339 4163 2483 4210 τινες
2546 4146 2677 4219 περὶ
2733 4145 2903 4216 πυρὸς
2957 4145 3211 4217 είρῆσοαι
3268 4144 3330 4199 τὸ
3373 4144 3726 4216 προκείμενον

2153 4238 2602 4309 ὑπολαμϐάνουσι
2687 4235 2931 4310 ζήτημα,
2987 4234 3432 4305 γινώσκέτωσαν,
3491 4237 3566 4298 ὡς
3639 4230 3725 4286 τοῦ

2152 4331 2412 4401 φέροντος
2457 4328 2607 4384 λίθου
2637 4345 2697 4382 τε
2751 4330 2851 4383 καὶ»
2877 4328 3100 4399 σιδήρου
3149 4328 3424 4398 (γέννημα
3461 4327 3573 4398 γάρ
3624 4324 3727 4379 τῶν

2150 4420 2245 4474 δύο
2273 4420 2480 4474 τούτων
2540 4420 2602 4473 τὸ
2642 4419 2780 4490 πῦρ)
2831 4408 3098 4490 προελθὸν
3164 4420 3225 4472 οὐ
3276 4418 3498 4472 δύναται
3556 4416 3730 4487 μένειν

472 4481 580 4536 nisi
603 4482 730 4554 quis
774 4500 842 4540 ex
884 4487 949 4542 iis
991 4490 1085 4560 qui
1128 4505 1419 4548 excussum
1465 4495 1645 4565 ignem
1698 4498 1950 4568 excipere
1996 4511 2051 4557 et

2161 4512 2324 4584 χωρὶς
2359 4513 2558 4584 ἑτέρας
2588 4481 2769 4583 ὕλης-’⁷
2812 4481 2906 4565 καὶ
2935 4511 3044 4583 γὰρ
3075 4512 3124 4563 εἰ
3157 4509 3232 4582 μή
3286 4510 3474 4580 τάχιον
3540 4481 3729 4579 δράξα-

470 4581 683 4632 nutrire
710 4587 977 4648 possunt,
1020 4581 1268 4638 celeriter
1293 4583 1435 4640 adsit
1462 4596 1519 4640 et
1554 4586 1826 4657 excipiat,
1861 4588 2047 4644 statim

2161 4581 2278 4656 σθαι
2332 4619 2416 4667 τις
2454 4581 2797 4671 ’φθάσειήτῶν
2836 4581 3131 4669 φυλάσσειν
3168 4581 3300 4654 αὐτὸ
3347 4598 3587 4662 εἰδότων,
3638 4596 3726 4649 sti—

469 4668 643 4739 perit;
667 4670 851 4726 anima
874 4681 1056 4729 autem
1096 4691 1270 4748 usque
1307 4678 1372 4732 ad
1408 4678 1636 4734 alteram
1663 4680 1846 4735 divina
1874 4682 1929 4736 vi
1965 4681 2054 4738 lu-

470 4771 651 4817 turam
687 4761 777 4819 sui
811 4778 937 4821 eum
982 4781 1210 4838 corpore
1236 4769 1640 4841 colligationem
1679 4782 1961 4843 exspectat
1996 4784 2053 4830 et

470 4866 748 4938 perdurat.

2153 4693 2250 4758 θὺς
2287 4693 2625 4748 anonym-
2671 4694 2704 4762 ὴ
2743 4692 2802 4747 δὲ
2868 4691 3017 4762 ψυχὴ
3081 4691 3244 4762 μέχρι
3286 4687 3389 4759 τῆς
3432 4691 3624 4760 ἑτέρας
3674 4689 3730 4739 ὲν

2152 4786 2275 4857 Θεῷ
2310 4785 2620 4857 συνδήσεως
2656 4783 2826 4854 αὐτῆς
2857 4784 2997 4855 πρὸς
3028 4783 3088 4837 τὸ
3131 4785 3332 4837 οἰκεῖον
3382 4782 3544 4852 σῶμα
3581 4778 3728 4834 exs:-

2152 4895 2326 4950 χεται.

1907 5059 2297 5073 ——.

889 5184 964 5239 De
998 5188 1228 5243 discreta
1286 5183 1615 5241 discretione.

2455 5187 2597 5259 Περὶ
2628 5186 2986 5260 διακρίσεως
3023 5186 3419 5256 εὐδιακρίτου.

1582 5330 1709 5395 (Sub
1730 5333 1911 5384 eodem
1931 5337 2097 5399 capite
2117 5339 2173 5386 et
2202 5334 2361 5400 gradu
2391 5332 2589 5399 XXVI.)

536 5457 1014 5528 Quemadmodum
1046 5460 1247 5518 ardens
1278 5470 1414 5518 testa
1449 5475 1645 5519 cervus
1677 5463 1900 5519 anhelat
1928 5462 2053 5521 fon-

470 5558 560 5608 tes
581 5567 871 5623 aquarum,
911 5554 990 5608 ita
1026 5553 1098 5609 ab
1122 5553 1394 5625 religiosis
1416 5554 1551 5611 viris
1588 5554 1934 5612 desideratur
1952 5571 2050 5612 co-

475 5641 650 5712 gnitio
674 5656 769 5699 seu
795 5644 1220 5715 comprehensio
1238 5645 1396 5702 bona;
1418 5653 1474 5702 et
1490 5645 1692 5703 divinae
1712 5647 2048 5713 voluntatis;

479 5746 580 5786 nec
605 5732 712 5788 hoc
729 5741 964 5801 tantum,
992 5736 1085 5793 sed
1114 5745 1171 5793 et
1199 5738 1497 5808 permistaa,
1520 5739 1653 5809 quin
1687 5747 1742 5794 et
1759 5738 2051 5795 contrariae

480 5823 738 5894 cognitio.
775 5824 847 5882 De
887 5828 1087 5897 quibus
1120 5828 1278 5884 nobis
1317 5829 1539 5901 grandis
1575 5845 1757 5887 sermo
1802 5841 1855 5887 et
1906 5831 2050 5886 inin-

2161 5466 2261 5521 Ὃν
2298 5466 2502 5539 τρόπον
2529 5465 2784 5521 ἱπιποθετ
2829 5465 2867 5537 ἡ
2905 5462 3107 5535 ἔλαφος
3164 5463 3473 5535 φλεγομένη
3535 5462 3605 5518 τὰ
3635 5459 3724 5516 νά·

2158 5573 2325 5628 ματα,
2349 5556 2525 5621 οὕτως
2564 5556 2718 5628 παρὰ
2744 5557 2998 5629 μοναχοῖς
3023 5555 3370 5612 δπιποθεῖται
3391 5557 3426 5626 ἠ
3466 5555 3562 5609 τοῦ
3581 5553 3722 5607 θείου

2155 5647 2253 5701 καὶ
2302 5646 2510 5718 ἀγαθοῦ
2542 5646 2849 5721 θελήματος
2880 5646 3188 5719 κατάληψις
3215 5662 3231 5677 ο
3268 5646 3333 5700 οὐ
3365 5647 3473 5717 μὴν
3501 5646 3563 5701 δὲ
3591 5642 3723 5699 ἀλλὰ

2153 5744 2250 5799 καὶ
2281 5743 2376 5798 τοῦ
2422 5745 2874 5815 συγκεκραμένου
2904 5741 3004 5813 (Ι),
3034 5742 3117 5795 ἔτι
3142 5741 3202 5795 δὲ
3230 5741 3328 5795 καὶ
3354 5740 3451 5795 τοῦ
3480 5740 3721 5795 ἐναντίου

2151 5839 2184 5906 ἡ
2223 5836 2541 5905 ἐπίγνωσις.
2585 5835 2725 5907 Περὶ
2764 5828 2841 5890 ὧν
2889 5834 3023 5889 πολῦ
3085 5835 3217 5905 ἡμῖν
3264 5833 3435 5897 ὅντως
3492 5834 3521 5887 ὁ
3568 5832 3720 5902 λόγος
