4042 6446
343 376 484 447 1057

338 490 444 544 καὶ⁵
489 485 923 557 δυσερμήνευτος
955 501 967 512 ·

339 579 469 634 καθ’
511 581 660 650 ἡμᾶς
729 575 1116 648 ἀνυπερθέτως
1168 573 1442 642 ὀφείλουσι
1493 573 1769 641 γίνεσθαι·
1829 575 1926 628 καὶ⁵

342 673 529 742 πάσης
557 671 834 741 ἀναμονῆς
860 668 1152 742 ὀξυτέρως,
1188 667 1328 721 κατὰ
1351 667 1441 719 τὸν
1468 665 1695 736 λέγοντα
1721 681 1736 696 ο
1781 665 1929 721 οὐαὶ

338 766 377 815 ὁ
408 762 901 830 ἀναϐαλλόμενος
944 758 1174 828 ἡμέραν
1206 757 1276 822 ἐξ
1303 756 1550 825 ἡμέρας,
1583 757 1684 810 καὶ
1735 755 1928 827 καιρὸν

345 855 419 907 ὲκ
479 850 694 922 καιροῦ.
753 852 888 905 Ποῖα
940 851 998 904 δὲ
1057 849 1219 906 πάλιν
1274 849 1414 920 μετὰ
1479 851 1784 914 ἐπιεικείας
1835 850 1930 904 καὶ

344 942 726 1015 περισκέψεως
763 960 778 974 ο
809 943 885 1006 ὡς
916 944 1177 1015 παραινεί
1229 943 1258 996 ὁ
1299 943 1560 1012 είρηκὼς,
1610 942 1770 996 Μετὰ
1826 959 1930 996 κυ-

342 1033 688 1103 ϐερνήσεως
717 1035 942 1104 γίνεται
991 1036 1276 1103 πόλεμος,
1329 1033 1426 1088 καὶ
1470 1033 1633 1088 πάλιν
1655 1050 1667 1064 ·
1726 1033 1930 1087 Πάντα

341 1129 755 1198 εὐσχημόνως,
809 1126 1093 1182 καὶκατὰ
1140 1125 1313 1190 τάξιν
1329 1124 1604 1194 γινέσθω.
1667 1125 1780 1178 Οὐκ
1814 1124 1930 1176 ἔστι

343 1224 479 1293 γὰρ,
499 1223 598 1275 οὐκ
628 1221 746 1274 ἐστι
787 1220 896 1273 τῶν
928 1219 1202 1289 τυχόντων
1231 1217 1300 1271 τὰ
1351 1216 1528 1270 τοιάδε
1577 1216 1932 1286 δυσδιάκριτα

348 1315 548 1368 θᾶττον
577 1313 845 1384 εὐκρινῶς
873 1312 1184 1380 διαγνῶναι,
1218 1311 1377 1380 εἰπερ
1412 1310 1508 1362 καὶ
1556 1311 1584 1362 ό
1647 1309 1928 1379 θεοφόρος,

347 1405 447 1458 καὶ
469 1404 531 1458 τὸ
571 1401 788 1473 πνεῦμα
808 1404 865 1457 ὲν
896 1401 1075 1471 ἐαυτῷ
1104 1400 1306 1454 λαλοῦν
1347 1400 1510 1469 έχων,
1538 1397 1698 1452 τοῦτο
1731 1397 1933 1450 πολλά-

349 1513 440 1559 κις
471 1494 721 1566 φαίνεται
773 1492 1214 1564 προσευχόμενος
1246 1508 1260 1521 ·
1290 1491 1385 1545 καὶ
1413 1489 1545 1542 ποτὲ
1581 1488 1682 1558 μὲν
1717 1487 1894 1556 λέγων
1914 1503 1929 1516 ·

348 1575 608 1651 Δίδαξόν
643 1602 716 1655 με
749 1583 854 1638 τοῦ
881 1583 1074 1638 ποιεῖν
1101 1583 1170 1637 τὸ
1204 1582 1435 1652 θέλημά
1475 1597 1614 1644 σου,
1655 1581 1746 1634 ὅτι
1770 1579 1850 1634 σὺ
1881 1576 1939 1633 εἶ

348 1680 385 1732 ὁ
442 1677 587 1741 Θεός
613 1692 731 1744 μου
764 1691 778 1703 ·
816 1672 953 1726 ποτὲ
979 1672 1038 1725 δὲ
1070 1672 1234 1725 πάλιν
1265 1687 1277 1700 ·
1342 1671 1686 1738 Ὀδήγησόν
1705 1687 1782 1737 με
1833 1669 1932 1722 ἐπὶ

347 1770 470 1838 τὴν
499 1766 788 1834 ἀλήθειάν
855 1781 973 1820 σου
1003 1782 1017 1796 ·
1067 1765 1162 1818 καὶ⁸
1198 1765 1356 1817 πάλιν
1383 1781 1398 1795 ο
1453 1763 1764 1830 Γνώρισόν
1809 1780 1930 1831 μοι,

1322 373 1558 433 SCALA
1588 373 1969 434 PARADISI.
2001 398 2074 411 —
2095 375 2403 437 GRADUS
2432 377 2640 438 XXVI.

1023 483 1120 538 καὶ
1151 483 1278 536 ποῖά
1301 499 1363 535 τε
1396 483 1504 536 τῶν
1562 483 1930 553 πραγμάτων,

2039 487 2399 554 terpretabilis
2423 500 2506 544 est
2539 489 2608 554 ⁸⁸,
2639 501 2762 557 quae
2805 502 2998 558 nempe
3033 504 3120 544 res
3155 489 3208 543 in
3242 501 3426 547 nostra
3459 503 3614 563 pote-

3476 380 3614 451 1058

2029 582 2169 632 state
2210 577 2332 632 sitae
2363 579 2482 634 sine
2526 578 2788 634 dilatione
2833 590 2886 634 et
2925 582 3073 634 omni
3107 596 3259 636 mora
3304 584 3614 651 expeditius

2029 667 2277 722 facienda
2329 669 2443 724 sint
2485 670 2668 741 368,
2725 681 2783 724 ut
2817 680 3003 726 monet
3035 672 3124 727 ille
3164 673 3257 742 qui
3304 674 3481 729 dicit:
3529 674 3616 730 Va:

2029 759 2120 827 qui
2149 756 2328 826 di/j'ert
2350 761 2414 812 de
2441 759 2528 813 die
2562 762 2614 813 in
2649 761 2786 814 diem
2811 762 2882 827 ⁵⁸,
2921 771 2976 817 et
3002 763 3069 818 de
3105 773 3349 832 tempore
3384 766 3436 818 in
3472 773 3615 820 tem-

2030 862 2153 916 pus.
2185 847 2318 914 Qua:
2358 850 2485 904 item
2506 860 2717 917 contra,
2747 869 2869 907 cum
2899 852 3137 922 quodam
3162 863 3614 922 temperamento,

2031 939 2471 994 consideratione
2536 950 2591 995 et
2653 942 3153 1013 circumspectione
3225 946 3490 1014 agendae,
3555 955 3637 1000 ut.

2019 1039 2219 1084 .monet
2261 1031 2355 1100 qui
2391 1032 2528 1085 dixit
2559 1051 2571 1086 :
2611 1033 2746 1086 Cum
2793 1035 3166 1103 gubernatione
3195 1035 3257 1102 ﬁt
3305 1035 3498 1089 bellum
3526 1036 3612 1102 ";

2031 1127 2086 1174 et
2120 1136 2337 1176 rursum
2370 1139 2382 1174 :
2412 1122 2602 1175 Omnia
2631 1123 2840 1176 honeste
2880 1139 2976 1178 seu
3013 1125 3289 1190 decenter,
3321 1135 3370 1178 et
3419 1141 3614 1179 secun-

2032 1212 2160 1265 dum
2187 1212 2423 1267 ordinem
2446 1214 2580 1283 ﬁant
2599 1215 2664 1265 ⁵⁸.
2703 1214 2820 1269 Νοη
2851 1225 2935 1270 est
2963 1218 3131 1282 enim,
3158 1232 3268 1271 non
3301 1227 3384 1272 est
3428 1218 3616 1288 cujus-

2032 1304 2136 1368 vis,
2161 1304 2309 1371 talia,
2345 1320 2575 1375 quaeque
2601 1305 2903 1375 dijudicatu
2937 1315 3068 1362 sunt
3095 1307 3362 1374 difficilia,
3387 1325 3450 1362 ex
3481 1321 3618 1363 tem-

2034 1409 2166 1463 pore
2189 1395 2334 1450 clare
2359 1406 2411 1451 et
2442 1397 2599 1452 facile
2626 1413 2960 1470 cognoscere
2991 1407 3046 1454 et
3077 1399 3378 1470 dijudicare
3399 1401 3618 1470 quando

2035 1497 2087 1540 et
2120 1485 2228 1542 Deo
2261 1489 2472 1558 plenus,
2502 1499 2556 1544 et
2581 1492 2680 1560 qui
2727 1490 2994 1560 Spiritum
3037 1501 3290 1549 sanctum
3340 1494 3394 1546 in
3442 1508 3498 1548 se
3538 1495 3619 1549 l0-

2037 1589 2291 1648 quentem
2325 1581 2533 1648 habuit,
2576 1583 2680 1637 hoc
2721 1599 2867 1652 saepe
2917 1585 3064 1639 visus
3097 1593 3179 1639 est
3220 1586 3452 1653 precari,
3494 1598 3620 1638 cum

2037 1673 2333 1742 aliquando
2357 1676 2488 1730 dicit
2517 1693 2532 1728 :
2565 1677 2708 1732 Doce
2757 1694 2838 1730 me
2863 1678 3036 1746 facere
3065 1677 3387 1732 voluntatem
3450 1687 3618 1742 tuam,

2036 1765 2161 1833 quia
2187 1763 2324 1818 Deus
2352 1783 2495 1821 meus
2523 1784 2577 1821 es
2619 1777 2673 1821 tu
2696 1770 2764 1822 ⁵ο.
2802 1767 2953 1823 Alias
2974 1783 3105 1824 vero
3137 1781 3353 1824 rursum
3390 1787 3404 1822 :
3443 1767 3621 1838 Dirige

350 1862 551 1927 Κύριε,
584 1859 749 1922 ὁδὸν,
769 1858 840 1911 ἐν
873 1856 911 1925 ᾖ
945 1857 1333 1925 πορεύσομαι,
1363 1855 1452 1908 ὅτι
1496 1855 1644 1924 πρὸς
1699 1855 1776 1908 σὲ
1823 1856 1930 1907 ἀπὸ

2043 1871 2122 1907 me
2159 1857 2215 1908 in
2241 1857 2456 1910 veritate
2497 1867 2590 1911 tua
2617 1859 2699 1925 ‘°;
2737 1870 2790 1913 et
2818 1875 3032 1915 rursum
3060 1878 3073 1914 :
3120 1858 3318 1914 Notam
3357 1861 3443 1928 [ac
3469 1859 3620 1925 mihi,

350 1953 540 2022 πάσης
573 1951 841 2022 μερίμνης
895 1949 1176 2019 βιωτικῆς,
1209 1948 1305 2002 καὶ
1331 1947 1536 2010 πάθους
1568 1947 1682 2016 τὴν
1715 1946 1931 2016 ψυχήν

344 2063 470 2114 μου
498 2040 614 2114 ἦρα
644 2045 740 2097 καὶ
772 2042 988 2112 ὖψωσα.
1032 2041 1184 2094 Ὅσοι
1234 2041 1296 2094 τὸ
1350 2040 1446 2094 τοῦ
1476 2040 1684 2112 Κυρίου
1743 2040 1932 2110 μαθεῖν

349 2134 736 2205 ἠϐουλήθησαν
767 2133 986 2216 θέλημα
1014 2131 1113 2202 (2),
1147 2133 1204 2183 ἐν
1249 2131 1430 2193 αὐτοῖς
1465 2131 1643 2184 θανεῖν
1693 2147 1934 2201 κεχρεω-

353 2227 625 2297 στήκασιν
650 2224 746 2296 [aL
781 2224 843 2279 τὺ
872 2224 1062 2277 ἑαυτὸν
1090 2223 1356 2295 πρότερον
1413 2221 1745 2292 Θανατῶσαι]
1770 2240 1784 2254 ο
1843 2222 1934 2275 πί-

355 2337 480 2372 στει
523 2320 701 2373 τοίνυν
737 2319 830 2372 καὶ
869 2317 1132 2388 ἁπονήρῳ
1173 2315 1271 2387 [αι.
1313 2316 1540 2378 ἑαυτοὺς
1584 2314 1935 2386 ἀπαρνούμε-

351 2427 438 2462 νοι
472 2409 676 2476 πίστει,
709 2407 841 2478 etc.]
878 2405 1146 2476 ἁπλότητι
1184 2401 1642 2473 προσευξάμενοι,
1683 2404 1778 2455 καὶ
1832 2402 1934 2472 ψυ-

351 2502 458 2573 χὰς
488 2501 742 2573 πατέρων
767 2499 801 2570 ἢ
834 2500 928 2552 καὶ
955 2497 1202 2566 ἀδελφῶν
1250 2499 1307 2549 ὲν
1337 2495 1672 2548 ταπεινώσει
1699 2496 1795 2548 καὶ
1837 2495 1932 2547 ἀν-

352 2594 654 2662 ενδοιάστῳ
688 2591 886 2662 καρδίᾳ
911 2591 1311 2661 ἐρωτήσαντες,
1339 2588 1415 2651 ὡς
1444 2588 1509 2641 ἐκ
1547 2586 1684 2640 Θεοῦ
1734 2587 1936 2657 στόμα-

293 2747 302 2760 _
353 2701 452 2749 τος
476 2686 546 2739 τὰ
596 2681 934 2754 παράὐτῶν
995 2681 1480 2752 συμϐουλευόμενα
1546 2679 1930 2750 δεχέσθωσαν·

351 2778 410 2829 εἰ
463 2777 557 2829 καὶ
588 2775 805 2828 ἐναντία
836 2773 913 2844 τῷ
961 2772 1168 2827 ἑαυτῶν
1196 2771 1384 2841 σκοπῷ
1413 2770 1484 2823 τὰ
1513 2771 1785 2841 εἰρημένα
1805 2787 1936 2840 τυγ-

353 2868 632 2937 χάνουσιν,
677 2868 725 2919 εί
759 2866 852 2919 καὶ
889 2862 966 2936 μὴ
1019 2864 1159 2918 πάνυ
1203 2863 1567 2933 πνευματικοὶ
1615 2864 1664 2914 οἱ
1730 2864 1935 2935 ἐρωτη-

354 2959 544 3021 θέντες
579 2957 980 3028 καθεστήκασιν
1007 2972 1020 2986 ·
1049 2955 1149 3008 οὐκ
1182 2954 1300 3007 ἔστι
1351 2954 1458 3025 γὰρ
1493 2953 1674 3017 ἄδικος
1721 2956 1750 3008 ὁ
1804 2955 1934 3018 Θεὸς

351 3049 533 3118 ψυχὰς
567 3049 748 3101 πίστει
789 3049 882 3100 καὶ
930 3046 1136 3113 ἀκακία
1184 3044 1385 3109 ἑαυτὰς
1425 3049 1490 3117 τῇ
1549 3045 1643 3099 τοῦ
1706 3045 1933 3117 πλησίον

354 3140 766 3211 συμϐουλῇνκαὶ
821 3139 998 3210 κρίσει
1022 3140 1436 3202 ταπεινωσάσας
1493 3139 1794 3210 ἀπατῆσαι,
1831 3141 1934 3195 κᾶν

349 3206 543 3300 ἄλογοι
568 3206 1037 3302 οί-’ὲρωτηθέντες
1094 3231 1462 3302 τυγχάνωσιν·
1517 3206 1697 3286 ἁλλ’ό
1760 3233 1932 3288 λαλῶν
1962 3206 2003 3262 C

351 3324 521 3388 ᾶῡλος
554 3324 650 3376 καὶ
693 3323 948 3395 ἀόρατος.

427 3531 641 3600 Πολλῆς
679 3532 1185 3604 ταπεινοφροσύνης
1219 3533 1478 3586 ἀνάπλεοι
1511 3533 1932 3604 καθεστήκασιν,

350 3623 405 3675 οἱ
432 3621 512 3693 τῷ
560 3621 943 3693 προειρημένῳ
996 3624 1130 3692 ἡμῖν
1170 3622 1556 3685 ἀνενδοιάστως
1605 3622 1938 3693 στοιχοῦντες

354 3715 562 3768 κανόνι.
590 3716 653 3767 Et
685 3715 792 3786 γὰρ
823 3717 882 3769 ὲν
904 3713 1188 3785 ψαλτηρίῳ
1217 3715 1278 3768 τὸ
1305 3715 1381 3785 (5)
1412 3713 1604 3767 ἑαυτοῦ
1641 3732 1726 3777 τις
1755 3714 1938 3785 ήνοιγε

356 3805 654 3878 πρόϐλημα
684 3806 782 3876 (4),
821 3807 986 3860 πόσον
1017 3807 1196 3860 οἴεσθε
1231 3806 1448 3875 λογικὸν
1478 3807 1598 3860 νοῦν
1633 3807 1726 3860 καὶ
1759 3805 1938 3877 ψυχὴν

361 3897 553 3968 νοερὰν
593 3899 798 3969 ἀψύχου
837 3899 1115 3970 διαφέρειν
1151 3899 1616 3968 ἀποφθέγματος;
1663 3898 1852 3952 Πολλοὶ
1889 3901 1938 3952 οἱ

366 3991 539 4060 μήπω
568 3991 626 4043 τὺ
651 3992 854 4045 τέλειον
880 3991 1040 4044 τοῦτο
1065 3991 1157 4045 καὶ
1178 3993 1384 4059 κοῦφον
1417 3990 1622 4060 ἀγαθὸν
1653 3991 1714 4044 τὺ
1749 4008 1938 4061 προει-

364 4080 600 4150 ρημένον
641 4081 699 4148 ἐξ
732 4082 1133 4151 αὺταρεσκείας
1162 4081 1550 4152 κατειληφότες
1569 4081 1648 4153 (ὅ)
1677 4098 1691 4111 ·
1721 4081 1836 4134 ἀλλ’
1881 4081 1938 4149 ὲξ

355 4171 568 4224 ἑαυτῶν
604 4173 698 4225 καὶ
745 4175 801 4226 ὲν
847 4176 1058 4236 ἑαυτοῖς
1105 4175 1168 4226 τὸ
1229 4173 1322 4227 τοῦ
1365 4174 1574 4244 Κυρίου
1612 4174 1938 4240 καταλαβεῖν

353 4264 653 4334 εὐάρεστον
692 4267 1142 4336 ἐπιχειρήσαντες
1167 4307 1181 4331 ,
1223 4267 1474 4330 ποικίλας
1506 4267 1639 4336 ἡμῖν
1677 4267 1797 4321 λίαν
1845 4269 1940 4322 καὶ

352 4351 616 4416 πλείστας
646 4354 744 4418 τὰς
769 4357 896 4425 περὶ
923 4356 1116 4435 τούτου
1146 4356 1354 4427 κρίσεις
1384 4357 1756 4426 ὑφηγήσαντο.
1807 4357 1939 4410 Ἀπ-

351 4445 594 4517 έστησάν
623 4463 769 4510 τινες
815 4447 924 4501 τῶν
968 4447 1286 4519 συζητητῶν
1320 4450 1502 4520 πάσης
1540 4448 1936 4520 προσπαθείας,

2043 1946 2282 2012 Domine,
2313 1950 2471 2013 viam,
2511 1951 2562 2003 in
2593 1967 2697 2020 qua
2723 1951 3005 2017 ambulem,
3043 1954 3167 2024 quia
3193 1954 3262 2006 ad
3298 1963 3344 2006 te
3383 1955 3621 2006 animam

2041 2040 2296 2104 meam“,
2322 2040 2390 2094 ab
2411 2043 2556 2094 omni
2583 2058 2714 2097 cura
2750 2045 2914 2112 hujus
2938 2046 3062 2100 vita!
3095 2045 3339 2100 mortalis
3355 2055 3409 2098 et
3440 2045 3620 2098 vitiosi

2041 2126 2268 2182 allectus
2329 2130 2488 2184 levavi
2513 2133 2558 2162 ⁶¹
2647 2140 2701 2186 et
2751 2133 2979 2186 exaltavi
3033 2133 3355 2204 Quicunque
3406 2134 3622 2188 Domini

2041 2219 2372 2274 voluntatem
2407 2235 2737 2290 cognoscere
2774 2223 3083 2289 voluerunt,
3125 2239 3280 2279 suam
3319 2225 3473 2294 prius
3507 2239 3624 2277 ma-

2041 2319 2188 2365 ctare
2233 2327 2460 2383 seseque
2505 2314 2773 2384 abnegare
2806 2315 3131 2379 debuerunt,
3169 2325 3221 2370 et
3262 2332 3386 2371 cum
3430 2316 3536 2371 fide
3568 2325 3624 2372 et

2041 2401 2388 2470 simplicitate
2413 2404 2635 2457 exclusa
2663 2405 2813 2458 omni
2837 2405 3063 2471 malitia,
3092 2406 3324 2474 precari,
3352 2414 3404 2459 et
3439 2414 3621 2475 patres

2041 2493 2304 2548 fratresve
2335 2510 2458 2549 cum
2504 2510 2632 2549 vera
2671 2496 2995 2560 humilitate,
3048 2507 3101 2550 et
3138 2497 3255 2551 sine
3292 2496 3398 2548 ulla
3435 2493 3622 2550 cordis

2041 2587 2377 2642 dubitatione
2437 2588 2793 2658 interrogare,
2857 2604 3091 2657 quorum
3149 2588 3376 2644 consilia
3436 2600 3489 2643 et
3539 2605 3623 2641 rc-

2042 2695 2244 2750 sponsa
2285 2690 2542 2750 tanquam
2590 2681 2658 2734 ab
2697 2696 2792 2734 ore
2845 2679 2939 2735 Dei
2982 2681 3190 2750 prolata
3269 2681 3622 2749 suscipienda

2042 2782 2202 2839 sunt;
2239 2772 2488 2842 quamvis
2537 2772 2810 2827 contraria
2859 2773 3128 2828 destinato
3184 2772 3276 2826 lini
3329 2773 3624 2843 quaerentis

2041 2866 2185 2922 dicta
2220 2866 2528 2929 videantur,
2563 2875 2658 2920 aut
2695 2866 3012 2936 interrogati
3049 2881 3158 2920 non
3192 2865 3348 2920 valde
3377 2865 3623 2935 religiosi

2041 2957 2170 3012 sint.
2199 2956 2341 3013 Deus
2377 2958 2522 3012 enim
2547 2973 2656 3012 non
2679 2966 2763 3013 est
2800 2958 3024 3028 iniquus
3057 2967 3118 3012 ut
3147 2959 3358 3012 animas
3384 2972 3506 3027 quae
3526 2971 3624 3026 per

2041 3049 2200 3104 Iidem
2226 3057 2278 3104 et
2295 3050 2698 3119 simplicitatem
2723 3051 2950 3106 alterius
2976 3065 3036 3105 se
3061 3049 3294 3105 consilio
3327 3059 3380 3104 et
3410 3048 3621 3119 judicio

2042 3139 2319 3195 humiliter
2349 3141 2668 3209 subjiciunt,
2703 3141 2878 3210 decipi
2907 3143 3148 3212 patiatur
3179 3160 3193 3195 :
3233 3155 3358 3195 nam
3405 3140 3622 3195 etiamsi

2039 3235 2112 3287 illi
2144 3235 2236 3304 qui
2264 3234 2645 3300 consuluntur,
2674 3234 3045 3304 imprudentes
3086 3233 3306 3298 fuerint,
3328 3242 3412 3287 est
3437 3239 3622 3286 tamen

2040 3326 2204 3398 369
2225 3327 2314 3380 ille
2343 3327 2437 3394 qui
2476 3340 2567 3394 per
2606 3325 2727 3380 illos
2778 3325 3024 3394 loquitur
3072 3324 3190 3380 sine
3228 3337 3478 3393 corpore,
3522 3337 3625 3378 nec

2043 3417 2217 3472 oculis
2242 3416 2538 3486 subjectus.

2110 3530 2215 3597 Qui
2268 3531 2409 3586 hanc
2441 3530 2703 3601 regulam,
2734 3545 2900 3600 quam
2937 3530 3197 3595 diximus,
3253 3529 3460 3600 optima
3518 3528 3625 3584 fide

2041 3633 2366 3692 sequuntur,
2412 3632 2541 3679 sunt
2587 3623 2729 3694 pleni
2763 3623 3091 3677 humilitate.
3129 3623 3185 3677 Si
3221 3623 3364 3676 enim
3397 3623 3621 3690 quidam

2042 3718 2094 3770 in
2124 3717 2380 3786 psalterio
2419 3732 2572 3772 suam
2627 3716 3054 3786 propositionem
3089 3716 3300 3786 aperuit
3348 3715 3622 3786 [Aperiunt

2039 3811 2093 3862 in
2155 3811 2410 3878 psalterio
2475 3811 2886 3879 propositionem
2941 3825 3131 3862 meam.
3195 3807 3340 3862 Psal.
3403 3807 3620 3879 vam],

2040 3912 2243 3972 quanto
2272 3902 2474 3973 putatis
2504 3911 2738 3956 mentem
2773 3901 3003 3956 rationis
3035 3900 3272 3970 plenam,
3310 3901 3617 3954 etanimam

2040 3994 2428 4065 intelligentem
2457 3994 2645 4049 ﬁdium
2683 4010 2819 4049 sono
2845 4001 3101 4063 praestare
3128 3992 3150 4045 ?
3177 3990 3330 4044 Multi
3362 3992 3625 4060 quimon-

2039 4087 2168 4143 dum
2198 4087 2498 4158 perfectum
2535 4088 2639 4141 hoc
2667 4096 2719 4142 et
2766 4085 2926 4140 facile
2951 4126 2964 4149 ,
2997 4083 3144 4155 quod
3187 4092 3465 4140 ostensum
3512 4096 3619 4157 est,

2042 4182 2242 4235 bonum
2274 4181 2417 4252 quod
2444 4183 2550 4236 sibi
2598 4181 2825 4235 nimium
2858 4180 3152 4250 placerent,
3180 4179 3416 4235 assecuti
3467 4189 3622 4244 sunt,

2041 4274 2135 4329 sed
2176 4273 2274 4328 sibi
2308 4273 2648 4342 praeﬁdentes
2673 4315 2686 4336 ,
2721 4273 2964 4328 divinum
2997 4282 3189 4328 nutum
3220 4288 3287 4327 ex
3323 4289 3381 4328 se
3412 4289 3622 4328 conan-

2043 4373 2132 4419 tur
2161 4366 2506 4436 investigare,
2534 4365 2688 4420 valde
2733 4365 2947 4420 diversa
2980 4365 3140 4420 nobis
3182 4373 3237 4420 et
3276 4365 3510 4435 plurima
3554 4366 3622 4420 de

2043 4459 2147 4512 hoc
2178 4457 2380 4528 judicia
2411 4466 2464 4513 et
2503 4457 2799 4513 sententias
2829 4467 3222 4528 exposuerunt.
3260 4455 3520 4512 Nonnulli
3551 4473 3621 4511 ex

350 4535 448 4588 τὸν
474 4535 664 4589 ἑαυτὸν
708 4536 970 4607 λογισμὸν
1003 4538 1097 4590 ἐπὶ
1126 4540 1248 4602 ταῖς
1274 4539 1562 4610 ἑκατέραις
1597 4538 1812 4608 βουλαῖς
1836 4540 1936 4612 τῆς

2043 4551 2130 4617 iis,
2165 4551 2256 4620 qui
2285 4550 2526 4604 divinam
2567 4552 2899 4605 voluntatem
2941 4550 3312 4620 inquirebant,
3357 4550 3626 4606 abdicatis

352 4627 556 4698 ψυχῆς,
590 4626 736 4696 λέγω
763 4627 828 4699 δὴ
853 4631 919 4700 τῇ
949 4629 1374 4701 ἐπιχειρουμένῃ
1399 4631 1495 4684 καὶ
1524 4633 1589 4702 τῇ
1620 4631 1934 4700 ἀντιλεγούο

359 4730 450 4787 σῃ,
491 4717 585 4769 καὶ
620 4718 826 4788 γυμνὸν
863 4720 955 4772 τὸν
992 4722 1186 4774 ἑαυτὸν
1232 4721 1357 4775 νοῦν
1401 4722 1601 4776 οἰκείου
1633 4724 1938 4796 θελήματος

355 4809 416 4858 ἐν
453 4808 654 4882 ζεούσῃ
677 4810 859 4882 δεήσει
897 4813 990 4865 ἐπὶ
1035 4814 1204 4883 ῥητὰς
1238 4814 1454 4886 ἡμέρας
1481 4819 1936 4890 παραστήσαντες

352 4897 435 4968 τῷ
468 4901 660 4970 Κυρίῳ
687 4902 786 4970 τῆς
819 4903 1168 4972 ἐπιγνώσεως
1195 4905 1290 4958 τοῦ
1323 4905 1626 4979 θελήματος
1651 4911 1816 4965 αὑτοῦ
1840 4911 1940 4964 ἐπ·-

354 4989 549 5059 έτυχον
583 5007 598 5022 °
633 4992 667 5062 ἢ
699 4993 817 5058 νοὸς
846 4995 1033 5066 νοεροῦ
1073 4997 1276 5066 νοερῶς
1305 4998 1382 5069 τῷ
1411 5001 1669 5073 ἡμετέρῳ
1699 5002 1780 5056 νοῒ
1816 5003 1941 5056 συλ-

353 5076 711 5146 λαλήσαντος,
764 5083 797 5153 ἢ
830 5084 932 5154 τῆς
964 5089 1093 5156 μιᾶς
1139 5089 1348 5153 ἐννοίας
1387 5091 1586 5155 τελέως
1630 5094 1734 5165 τῆς
1760 5095 1939 5168 ψυχῆς

353 5170 833 5245 ἐξαφανισθείσης.
879 5179 1063 5233 Ἀλλοι
1107 5183 1172 5235 ὲκ
1213 5183 1310 5252 τῆς
1357 5185 1820 5260 ὲπακολουθείσης
1862 5191 1940 5263 τῷ

355 5267 724 5338 ἐγχειρήματι
755 5270 985 5342 θλίψεως
1023 5275 1120 5328 καὶ
1159 5277 1562 5350 διασκεδασμοῦ
1606 5281 1766 5335 τοῦτο
1797 5282 1940 5338 θεῖον

354 5352 495 5411 εἶναι
537 5360 838 5415 κατέλαϐον
889 5366 1028 5420 κατὰ
1080 5367 1173 5422 τὸν
1217 5369 1440 5424 εἰπόντα
1473 5387 1485 5399 ·
1531 5373 1941 5444 Ἠθελήσαμεν

351 5448 557 5504 ἐλθεῖν
602 5453 753 5520 πρὸς
799 5454 977 5525 ὑμᾶς,
1017 5459 1117 5513 καί
1159 5459 1323 5524 ἅπαξ
1351 5500 1365 5525 ,
1415 5462 1517 5516 καὶ
1552 5463 1668 5531 δὶς,
1699 5467 1798 5520 καί
1838 5467 1938 5520 ἐν-

353 5545 582 5615 έκοψεν
606 5548 761 5619 ἡμᾶς
787 5553 820 5604 r5
843 5553 1137 5621 Σατανᾶς.
1173 5556 1388 5628 Ἔτεροι
1414 5558 1474 5611 τὺ
1501 5560 1744 5615 ἐναντίον
1774 5561 1936 5618 πάλιν

2041 4644 2297 4699 omnibus
2333 4643 2619 4699 affectibus
2648 4643 2785 4709 suis,
2835 4643 3198 4714 cogitationes
3230 4658 3380 4708 suas,
3425 4643 3497 4698 ob
3547 4643 3629 4697 al-

2039 4745 2276 4792 terutras
2298 4737 2497 4791 anima!
2515 4737 2822 4790 voluntates
2848 4736 2953 4806 (vel
2983 4735 3353 4806 aggrediendi,
3375 4735 3627 4806 inquam,

2041 4829 2186 4900 quod
2212 4838 2331 4884 erat
2357 4829 2717 4899 propositum,
2755 4827 2840 4882 vel
2888 4837 3080 4882 contra
3119 4827 3367 4897 niteudi)
3396 4839 3448 4882 et
3502 4828 3625 4881 ani--

2047 4937 2196 4976 mum
2236 4937 2396 4976 suum
2436 4938 2466 4976 a
2522 4924 2742 4992 prOpria
2805 4921 3087 4975 voluntate
3137 4922 3354 4990 penitus
3398 4928 3625 4974 exutum

2044 5031 2144 5086 per
2176 5015 2593 5069 ardentissimas
2647 5029 2831 5084 preces
2879 5012 2947 5068 ad
2994 5021 3174 5069 certos
3203 5012 3320 5068 dies
3351 5013 3460 5066 Deo
3492 5027 3626 5081 sup-

2049 5108 2215 5178 plices
2261 5107 2420 5161 all'usi
2465 5105 2832 5176 cognitionem
2877 5105 3076 5160 divina:
3105 5102 3401 5159 voluntatis
3437 5116 3628 5170 perce-

2046 5209 2260 5270 perunt,
2311 5198 2425 5252 sive
2465 5207 2645 5253 mente
2687 5199 2868 5268 aliqua
2914 5196 3248 5266 intelligente
3291 5209 3384 5263 per
3423 5192 3625 5247 intelli-

2047 5292 2282 5360 gentiam
2314 5303 2439 5342 cum
2472 5295 2656 5343 nostra
2688 5297 2866 5341 mente
2894 5287 3256 5355 eolloqueute,
3290 5285 3404 5337 sive
3451 5281 3620 5336 altera

2045 5381 2374 5452 cegitatione
2413 5379 2674 5450 propositi
2710 5396 2774 5433 cx
2812 5380 2997 5432 animo
3027 5376 3243 5447 penitus
3273 5374 3467 5428 deleta.
3514 5373 3622 5428 Alii

2045 5489 2112 5527 ex
2140 5489 2202 5527 ea
2235 5490 2356 5543 qua:
2409 5485 2593 5529 secuta
2633 5483 2714 5528 est
2749 5480 3027 5534 conatum,
3065 5468 3350 5523 vexatione
3401 5476 3454 5522 et
3505 5467 3622 5523 dis-

2044 5564 2312 5618 tractione
2336 5575 2591 5618 conatum
2625 5565 2803 5633 ipsum
2849 5561 2957 5614 Deo
3009 5567 3223 5631 gratum
3256 5556 3371 5612 fore
3406 5557 3620 5612 intelle-

427 5745 476 5831 ξ’
509 5746 675 5831 Ιξοὴτ.
703 5763 756 5812 v,
792 5749 881 5831 ll.
921 5751 1272 5831 __‘f_Eecli.v,
1295 5755 1349 5810 8.
1425 5759 1469 5791 ⁸⁷
1493 5757 1652 5814 Prov.
1679 5775 1770 5825 xx,
1799 5761 1885 5816 18.

2039 5761 2054 5814 l
2084 5761 2212 5818 Cor.
2247 5777 2357 5824 xiv.
2390 5761 2478 5817 40.
2555 5761 2760 5817 "Psal.
2786 5777 2952 5831 chn,
2984 5761 3074 5818 l0.
3147 5761 3192 5792 ⁶⁰
3222 5760 3363 5816 Psai.
3388 5775 3535 5827 xxiv,
3561 5758 3615 5814 ὅ.

361 5810 564 5872 "Psal.
595 5810 762 5884 cxut,
791 5820 842 5878 8.
920 5822 964 5854 “
985 5822 1110 5878 ibid.
