4042 6492
462 398 598 467 1059

1721 393 1778 452 S.
1805 391 2126 452 JOANNIS
2153 388 2471 450 CLIMACI

3614 392 3751 463 1060

458 524 679 580 iteruut,
706 519 869 583 prout
897 509 1192 578 Apostolus
1215 506 1354 562 dixit
1395 523 1407 558 :
1450 504 1725 560 Voluimus
1761 506 1934 559 venire
1967 507 2034 557 ad

2163 520 2204 556 ,x
2249 502 2349 574 τῆς
2394 499 2805 572 ἀπροσδοκήτου
2856 502 2916 558 ἐν
2953 501 3034 572 τῷ
3080 503 3375 574 πράγματι
3438 511 3752 580 συνεργίας

457 625 548 664 vos
578 604 737 660 semel
781 613 830 656 et
879 602 1092 663 iterum,
1139 606 1187 650 et
1235 595 1508 664 impedivit
1556 611 1650 648 nos
1694 593 1928 649 Satanas
1967 595 2032 646 ⁸³.

457 699 566 756 Alii
600 704 791 752 contra
839 704 1061 745 rursum
1110 702 1178 742 ex
1228 686 1604 755 inexspectato
1635 684 1716 739 rei
1770 693 2041 753 susceptae

459 788 664 846 auxilio
691 784 800 840 Deo
823 791 1034 853 gratum
1060 777 1204 849 quod
1225 777 1699 848 aggrediebantur,
1729 785 2038 841 senserunt,

460 881 595 937 illud
625 874 980 934 memorando
1013 888 1026 926 :
1064 871 1223 926 Omni
1261 869 1586 940 proponenti
1633 869 1840 924 bonum
1896 867 2041 924 Deus

461 966 872 1040 cooperatur“.
915 963 1022 1031 Qui
1057 963 1223 1018 Deum
1260 961 1426 1032 370
1451 961 1506 1016 in
1534 976 1593 1016 se
1620 961 1739 1030 ipso
1777 975 1873 1030 per
1911 961 2040 1014 illu-

465 1059 817 1115 minationcm
853 1055 1094 1108 divinam
1122 1052 1388 1122 possidet,
1423 1059 1480 1104 et
1526 1049 1582 1103 in
1607 1048 1770 1103 rebus
1802 1047 2044 1116 urgenti-

463 1151 588 1215 bus,
628 1157 683 1202 et
715 1147 769 1200 in
799 1144 964 1200 rebus
990 1157 1196 1198 moram
1246 1139 1596 1210 patientibus,
1647 1137 1820 1191 altero
1857 1134 2040 1198 modo,

459 1255 650 1296 verum
677 1238 793 1294 sine
817 1250 971 1290 mora
997 1250 1026 1288 a
1064 1233 1176 1288 Deo
1213 1231 1414 1287 certior
1444 1228 1560 1284 ﬁeri
1585 1236 1641 1283 et
1662 1226 1846 1283 doceri
1877 1226 2040 1282 solet.

461 1330 678 1386 Haerere
706 1329 801 1384 diu
839 1328 895 1382 in
934 1325 1116 1381 dubiis
1148 1323 1314 1380 rebus
1354 1331 1409 1378 et
1446 1319 1691 1391 judiciis,
1727 1319 1928 1387 diuque
1961 1317 2046 1370 in-

461 1429 673 1477 certum
698 1433 943 1484 manere,
966 1426 1050 1473 est
1079 1431 1192 1470 non
1225 1414 1438 1470 illustra
1449 1415 1540 1478 tae,
1567 1411 1662 1468 sed
1685 1425 1838 1464 vanae
1859 1407 2046 1478 gloriae

461 1511 596 1567 vitio
631 1508 926 1565 laborantis
972 1508 1170 1562 anima:
1213 1513 1614 1575 argumentum.
1657 1500 1780 1556 Non
1821 1509 1907 1555 est
1959 1500 2046 1552 in-

461 1605 642 1674 justus
665 1603 829 1666 Deus,
855 1617 952 1656 nec
971 1615 1064 1656 eos
1094 1599 1188 1670 qui
1219 1614 1344 1654 cum
1378 1597 1685 1652 humilitate
1710 1593 1932 1665 pulsant
1978 1593 2048 1647 ab

466 1711 526 1754 se
554 1694 811 1751 excludit.
839 1692 993 1748 Finis
1025 1692 1076 1747 in
1116 1691 1265 1746 omni
1291 1705 1349 1744 re
1383 1697 1659 1759 spectatur
1687 1703 1718 1742 a
1757 1685 1892 1752 Deo,
1931 1686 2046 1740 sive

467 1790 524 1844 in
553 1789 716 1844 rebus
745 1801 869 1856 quae
895 1799 1021 1839 mox
1054 1780 1416 1852 exsequendas
1439 1789 1588 1844 sunt,
1611 1779 1726 1834 sive
1749 1779 1804 1832 in
1835 1779 1902 1833 iis
1927 1793 2048 1845 quae

468 1854 780 1936 differendae
821 1885 969 1932 sunt.
1028 1874 1224 1930 Omnia
1260 1873 1404 1927 enim
1442 1888 1565 1941 quae
1607 1871 1802 1925 vitioso
1851 1868 2046 1924 aﬁectu
2085 1854 2122 1906 Β

469 1978 679 2035 carent,
737 1980 984 2037 puraque
1028 1979 1131 2018 nec
1171 1962 1454 2032 inquinata
1499 1967 1652 2024 sunt,
1707 1967 1762 2014 et
1826 1966 2048 2028 propter

471 2059 764 2114 Dominum
811 2072 939 2112 vere
989 2065 1310 2124 tantumque
1373 2053 1530 2116 ﬁunt,
1573 2061 1626 2106 et
1662 2066 1773 2105 non
1829 2059 2050 2122 propter

469 2152 640 2216 aliud,
675 2149 888 2204 etiamsi
935 2163 1042 2202 non
1091 2145 1313 2200 omnino
1351 2145 1495 2199 bona
1542 2144 1672 2210 sint,
1727 2152 1907 2197 tamen
1953 2157 2051 2212 pro

469 2243 628 2298 bonis
655 2241 814 2296 nobis
846 2241 1278 2310 imputabuntur.
1332 2235 1450 2292 Non
1509 2244 1659 2291 caret
1695 2234 1959 2304 periculo,
2000 2235 2047 2290 si

469 2335 602 2405 quid
659 2333 1025 2404 inquiramus,
1073 2332 1219 2401 quod
1264 2344 1426 2398 supra
1474 2342 1574 2384 nos
1625 2337 1729 2384 est.
1776 2325 2048 2381 Judieium

473 2427 688 2482 Domini
741 2426 810 2482 de
874 2425 1033 2481 nobis
1093 2437 1356 2480 arcanum
1403 2431 1460 2478 et
1507 2421 1890 2492 inexplicabile
1944 2426 2047 2476 est.

471 2519 861 2590 Saepenumero
895 2533 1054 2576 suam
1086 2518 1418 2572 voluntatem
1443 2529 1542 2584 pro
1573 2512 1807 2584 sapienti
1833 2528 1932 2568 sua
1958 2512 2056 2568 ad-

2140 593 2300 646 τοῦτο
2319 593 2438 662 Θεῷ
2467 595 2827 648 εύαπόδεκτον
2852 594 3099 666 ᾔσθοντο,
3125 593 3386 661 λέξαντες
3417 599 3628 666 ἐκεῖνο,
3661 603 3720 654 τὸ
3738 648 3752 664 ,

2142 687 2317 740 Παντὶ
2345 685 2426 757 τῷ
2457 687 2882 758 προαιρουμένῳ
2905 686 2966 739 τὸ
2998 685 3200 755 ἀγαθὸν
3229 692 3510 759 συνεργεῖ
3533 691 3565 742 6
3594 690 3750 755 Θεός.

2154 775 2215 830 '0
2241 776 2377 830 Θεὸν
2407 778 2466 830 ἐν
2501 777 2682 848 ἐαυτῷ
2719 777 2811 831 διὰ
2848 779 3131 848 φωτισμοῦ
3181 779 3554 849 κτησάμενος
3585 822 3601 848 ,
3669 785 3756 837 καὶ

2145 871 2204 923 ἐν
2227 872 2340 933 τοῖς
2384 870 2796 938 κατεπείγουσι,
2830 869 2926 922 καὶ
2964 870 3021 923 ἐν
3053 871 3169 932 τοῖς
3213 869 3572 939 ἀναμένουσι
3616 873 3755 941 πρά-

2143 978 2317 1031 γμασι
2366 961 2444 1032 τῷ
2475 961 2712 1035 δευτέρῳ
2753 962 2942 1033 τρόπῳ
2967 963 3030 1015 ού
3066 963 3252 1033 μέντοι
3298 963 3500 1034 χρόνῳ
3554 962 3755 1035 πληρο-

2146 1051 2433 1122 φορεῖσθαι
2460 1053 2696 1120 πέφυκε.
2718 1053 2792 1106 Τὸ
2816 1051 3111 1116 ἐνδοιάζειν
3141 1053 3199 1104 ἐν
3222 1055 3348 1116 ταῖς
3383 1050 3645 1122 κρίσεσι,
3670 1053 3752 1106 καὶ

2145 1145 2601 1216 ἀπληροιρόρητον
2644 1145 2741 1198 ἐπὶ
2777 1146 2914 1198 πολὺ
2944 1143 3244 1215 διαμένειν,
3287 1145 3626 1214 ἀφωτίστου
3669 1146 3753 1198 καὶ

2147 1236 2424 1306 φιλοδόξου
2446 1238 2630 1309 ψυχῆς
2658 1239 2980 1309 τεκμήριον.
3019 1237 3135 1291 Οὐκ
3182 1237 3333 1290 εστιν
3368 1238 3402 1288 6
3453 1236 3598 1298 Θεὸς
3647 1236 3752 1290 ἀδι-

2147 1343 2264 1390 κος,
2302 1329 2379 1391 ώς
2406 1329 2518 1390 τοῖς
2553 1328 2692 1397 μετά
2735 1327 3118 1391 ταπεινώσεως
3149 1326 3463 1396 κρούουσιν
3502 1325 3752 1379 ἀποκλεί-

2149 1415 2382 1470 σασθαι·
2433 1419 2463 1471 6
2511 1417 2713 1480 σκοπὸς
2763 1418 2822 1470 ἐν
2869 1419 3004 1471 πᾶσι
3044 1419 3290 1487 ζητεῖται
3319 1416 3490 1487 παρὰ
3527 1417 3748 1487 Κυρίου,

2149 1509 2244 1560 καὶ
2276 1509 2334 1561 ἐν
2365 1511 2479 1572 τοῖς
2509 1508 2901 1577 κατεπείγουσι
2922 1550 2938 1575 ,
2973 1510 3068 1563 καὶ
3097 1511 3155 1564 ἐν
3182 1511 3298 1573 τοῖς
3335 1507 3747 1579 ἀναϐάλλεσθαι

2155 1600 2454 1670 ὀφείλουσι.
2500 1601 2687 1654 Πάντα
2727 1600 2837 1672 γὰρ
2874 1603 2942 1656 τὰ
2983 1601 3200 1673 καθαρὰ
3235 1600 3637 1674 προσπαθείας
3662 1602 3749 1653 καὶ

2150 1691 2356 1755 παντὸς
2392 1691 2696 1763 μολυσμοῦ,
2744 1693 2950 1764 κυρίως
2999 1693 3088 1747 διὰ
3136 1693 3380 1763 Κύριον,
3442 1693 3546 1746 καὶ
3590 1693 3650 1746 ού
3690 1692 3751 1745 δι’

2152 1785 2339 1856 ἕτερον
2361 1800 2482 1838 τινα
2511 1784 2792 1855 γινόμενα,
2824 1787 2874 1838 εί
2909 1786 3002 1840 καὶ
3034 1787 3099 1840 ού
3133 1789 3362 1850 πάντως
3395 1784 3610 1854 ἀγαθὰ,
3643 1787 3750 1840 ἀλλ’

2153 1875 2305 1946 ὅμως
2361 1875 2456 1927 καὶ
2511 1876 2592 1938 είς
2644 1873 2848 1944 ἀγαθὸν
2881 1877 3014 1947 ἡμῖν
3059 1875 3524 1947 λογισθήσονται.
3567 1877 3630 1928 Ἣ
3659 1877 3753 1948 γὰρ

2156 1965 2299 2035 ὑπὲρ
2329 1963 2539 2018 ἑαυτῶν
2565 1965 2815 2038 ζήτησις,
2840 1968 2940 2020 οὐκ
2961 1967 3244 2023 ἀκίνδυνον
3273 1969 3563 2038 κέκτηται
3593 1969 3748 2032 τέλος.

2160 2057 2436 2128 Ἀῤῥητον
2467 2058 2528 2111 τὸ
2556 2060 2686 2130 περὶ
2715 2061 2863 2131 ἡμᾶς
2890 2059 2984 2113 τοῦ
3010 2061 3214 2134 Κυρίου
3245 2063 3462 2132 κρῖμα.
3483 2061 3751 2123 Πολλάκις

2159 2147 2270 2218 γὰρ
2309 2147 2371 2201 τὸ
2407 2147 2602 2204 ἐαυτοῦ
2634 2150 2849 2222 θέλημα
2891 2149 3254 2221 οἰκονομικῶς
3309 2150 3377 2216 ἐξ
3430 2151 3593 2222 ἡμῶν
3628 2151 3751 2203 ἀπο⁶

2155 2238 2362 2310 κρύψαι
2423 2240 2694 2311 βούλεται,
2749 2243 3159 2313 ἐπιστάμενος,
3209 2243 3288 2305 ὡς
3353 2243 3457 2296 καὶ
3508 2241 3755 2313 μαθόντες

2156 2333 2292 2387 αὐτὸ
2327 2333 2521 2387 τούτου
2555 2335 2946 2407 παρηκούομεν
2971 2353 2986 2367 ·
3016 2337 3111 2389 καὶ
3140 2334 3342 2388 λοιπὸν
3367 2335 3596 2399 πλείους
3626 2335 3751 2404 πλη-

2157 2425 2264 2494 γὰς
2283 2425 2590 2496 λῆψόμεθα.
2635 2428 3005 2499 Ἀπήλλακται
3035 2428 3199 2500 εύθὴς
3239 2429 3459 2500 καρδία
3493 2427 3756 2492 ποικιλίας

2163 2519 2527 2589 πραγμάτων,
2567 2519 2868 2584 ἀκινδύνως
2909 2519 3160 2574 πλέουσα
3186 2522 3245 2573 ἐν
3278 2520 3476 2591 πλοίῳ
3510 2519 3753 2583 ἀκακίας.

473 2616 879 2672 ministratione
913 2630 1015 2672 nos
1080 2615 1309 2669 celatam
1368 2612 1518 2679 vult,
1556 2611 1705 2682 quod
1751 2609 1890 2666 sciat
1931 2624 2035 2666 nos
2075 2609 2126 2664 ei
2162 2625 2271 2666 non
2319 2613 2818 2684 obtemperaturos,
2861 2615 2907 2670 si
2961 2616 3108 2670 illam
3151 2631 3658 2686 cognosceremus,
3703 2629 3758 2670 ac

473 2710 702 2780 proinde
735 2707 974 2778 majores
996 2715 1052 2762 et
1105 2705 1292 2776 plures
1347 2719 1539 2777 pinnas
1583 2704 1831 2759 daturos.
1888 2702 2210 2759 Correctum
2258 2705 2328 2760 ab
2359 2706 2509 2761 omni
2547 2707 2768 2764 curiosa
2825 2722 3008 2762 rerum
3048 2708 3325 2765 varietate
3387 2709 3620 2766 liberum
3659 2716 3759 2768 esto

473 2807 604 2864 etin
645 2803 864 2876 navigio
896 2802 1222 2860 innocentiae
1250 2816 1442 2858 secure
1468 2800 1710 2871 navigat.

547 2899 689 2956 Sunt
759 2913 1037 2970 generosa:
1103 2897 1353 2969 quaedam
1411 2897 1611 2953 animae
1675 2913 1800 2968 quae
1850 2896 2064 2954 ctelesti

475 3004 663 3046 amore
695 3004 820 3046 cum
850 2987 1154 3044 humilitate
1180 2987 1362 3044 cordis
1393 2985 1631 3041 incensae
1656 2985 1866 3055 majora
1893 2995 2058 3054 quam

477 3094 740 3154 praestare
761 3083 992 3154 possint,
1015 3093 1304 3138 conantur.
1335 3081 1400 3137 Et
1421 3089 1552 3137 sunt
1581 3079 1831 3150 superbae
1851 3085 2061 3134 mentes

2233 2899 2388 2954 Εἰσὶν
2413 2898 2655 2972 ἀνδρεῖαι
2692 2895 2864 2970 ψυχαῖ
2897 2899 3060 2971 ἔρωτι
3102 2899 3202 2953 καὶ
3233 2898 3596 2972 ταπεινότητι
3623 2915 3746 2968 καρ-

2159 2989 2278 3053 δίας
2305 2992 2362 3042 ἐν
2385 2969 2528 3054 ταῖς
2555 2969 2715 3061 ὑπὲρ
2740 2969 2971 3055 ἑαυτούς
3003 2989 3297 3061 ἐργασίαις
3332 2969 3738 3060 ἐπιχειροῦσαιο

2162 3080 2256 3132 καὶ
2278 3081 2419 3133 εἰσιν
2449 3081 2790 3152 ὑπερήφανοι
2817 3079 3038 3152 καρδίαι
3060 3081 3122 3134 τὸ
3143 3081 3282 3135 αὐτὸ
3313 3079 3744 3153 διαπράττουσαι.

476 3192 601 3248 qua:
625 3176 766 3232 idem
797 3175 1027 3231 faciunt.
1062 3173 1314 3231 Hostium
1344 3175 1546 3246 quippe
1584 3182 1902 3229 nostrorum
1932 3186 2057 3228 sco-

2163 3171 2371 3234 Σκοπὸς
2408 3171 2518 3242 γὰρ
2564 3173 2827 3237 πολλάκις
2861 3175 2974 3237 τοῖς
3031 3173 3248 3244 ἐχθροῖς
3297 3173 3464 3244 ἡμῶν
3501 3172 3569 3226 τὰ
3616 3171 3740 3240 ὑπὲρ

479 3285 584 3337 pus
615 3277 670 3324 et
704 3268 831 3323 ﬁnis
856 3278 958 3334 est,
992 3266 1071 3322 uti
1106 3282 1209 3324 nos
1238 3265 1307 3321 ad
1351 3282 1415 3321 ea
1460 3265 1719 3322 tentanda
1754 3263 2060 3334 impellant,

480 3375 603 3429 quae
621 3368 878 3429 superant
899 3359 1042 3414 vires
1056 3367 1296 3422 nostras,
1312 3366 1370 3411 ut
1395 3372 1490 3426 per
1507 3357 1595 3410 illa
1620 3357 1782 3412 etiam
1801 3371 1865 3410 ea
1895 3354 2066 3425 negli-

480 3464 674 3520 gamus
687 3457 739 3502 et
755 3449 1066 3518 perdamus,
1089 3463 1211 3518 qua:
1224 3457 1350 3502 sunt
1367 3446 1639 3502 facultatis
1655 3445 1815 3517 371
1842 3457 2063 3512 nostrae,

483 3551 543 3593 ut
585 3540 657 3594 ita
690 3555 787 3594 nos
829 3541 1070 3593 maximo
1099 3537 1338 3593 ludibrio
1368 3537 1620 3594 hostibus
1661 3539 1866 3593 nosu'is
1893 3550 2064 3608 expo-

484 3647 700 3686 namus.
755 3629 874 3685 Vidi
913 3631 1076 3685 etiam
1125 3629 1375 3686 inﬁrmas
1435 3630 1705 3699 quasdam
1758 3629 1974 3684 animas
2013 3639 2068 3684 et

483 3738 738 3794 corpora,
781 3730 1006 3794 propter
1036 3721 1443 3778 multitudinem
1481 3722 1758 3792 lapsuum,
1808 3735 1898 3777 res
1935 3721 2067 3776 viri-

485 3817 587 3871 bus
637 3815 877 3884 impares
924 3823 980 3869 et
1021 3813 1263 3884 majores
1309 3813 1549 3885 aggredi,
1582 3830 1720 3885 quas
1745 3829 1877 3870 cum
1925 3812 2068 3870 ferre

487 3925 595 3965 non
625 3918 884 3980 possent,
918 3908 1077 3963 docui
1114 3907 1450 3978 poenitentiae
1488 3908 1710 3963 labores
1739 3917 1792 3963 et
1835 3915 2066 3964 conatus

485 4010 704 4056 nostros
735 4015 764 4053 a
798 3997 907 4055 Deo
951 4015 1060 4055 non
1105 4000 1482 4071 magnitudine
1510 4001 1964 4056 exercitationum
2011 4008 2068 4055 et

482 4090 770 4156 sudorum,
811 4105 907 4145 seu
933 4090 1260 4147 humilitatis
1300 4092 1464 4146 modo
1494 4091 1752 4161 jutlicari.
1798 4090 1896 4146 Est
1938 4106 2064 4146 cum

485 4182 738 4236 educatio
784 4180 1102 4236 ultimorum
1151 4181 1426 4238 malorum
1472 4199 1638 4239 causa
1682 4183 1930 4250 exsistit;
1981 4191 2066 4239 est

481 4287 610 4327 cum
639 4271 1014 4342 improborum
1040 4272 1462 4328 contubernium
1490 4282 1546 4330 et
1585 4275 1895 4342 convictus,
1925 4277 2060 4345 quin

498 4365 676 4434 ipsius
709 4365 904 4420 animae
951 4367 1286 4434 perversitas
1319 4381 1464 4438 saepe
1501 4367 1581 4422 illi
1625 4367 1694 4422 ad
1731 4368 2063 4438 perdendam

483 4455 661 4524 ipsam
688 4453 908 4510 sufﬁcit.
941 4453 1046 4521 Qui
1084 4456 1138 4511 in
1171 4457 1646 4534 solitudine-vivit,
1679 4473 1710 4512 a
1739 4459 1978 4524 duobus,
2011 4467 2066 4514 et

2165 3263 2398 3335 δύναμιν
2428 3267 2557 3337 ἡμῖν
2587 3263 2942 3321 ὑποτίθεσθαι
2965 3284 2980 3299 ·
3014 3268 3101 3320 ἵνα
3136 3267 3204 3320 δι’
3231 3267 3468 3321 ἐκείνων
3511 3263 3745 3330 κατολιγο

2165 3357 2500 3428 ωρήσαντες,
2558 3358 2652 3411 καὶ
2703 3357 2813 3411 τῶν
2879 3357 3021 3411 κατὰ
3076 3358 3313 3429 δύναμιν
3367 3357 3742 3428 ἀποπέσωμεν.

2167 3448 2263 3502 καὶ
2286 3449 2606 3519 ποιήσωμεν
2635 3447 2844 3516 γελοῖον
2883 3451 2998 3512 τοῖς
3053 3448 3273 3520 ἐχθροῖς
3315 3449 3479 3522 ἡμῶν
3529 3447 3740 3510 ἑαυτοὺς

2169 3540 2449 3610 μέγιστον.
2481 3534 2636 3593 Εἶδον
2663 3539 2760 3593 καὶ
2789 3540 3035 3603 ἀσθενεῖς
3063 3539 3243 3611 ψυχὰς
3271 3543 3372 3594 καὶ
3406 3541 3634 3612 σώματα
3661 3537 3738 3591 διὰ

2167 3630 2374 3700 πλῆθος
2408 3631 2770 3701 πταισμάτων
2799 3633 2857 3685 ἐν
2885 3634 3000 3696 τοῖς
3032 3632 3172 3704 ὑπὲρ
3215 3633 3429 3696 ἑαυτὰς
3478 3634 3739 3701 ἐπιχειρη-

2167 3725 2360 3792 σάσας,
2412 3725 2508 3778 καὶ
2563 3725 2638 3796 μὴ
2679 3725 3094 3794 ὐπενεγκάσας,
3143 3721 3233 3790 αἷς
3279 3727 3463 3797 ἔγωγε
3505 3726 3740 3792 ποσότητι

2166 3817 2568 3884 ταπεινώσεως,
2599 3818 2691 3872 καὶ
2733 3819 2796 3871 ού
2823 3819 3107 3890 καμάτων,
3149 3817 3248 3890 τὴν
3293 3821 3583 3892 μετάνοιαν
3610 3812 3739 3885 παρὰ

2167 3906 2287 3978 Θεῷ
2315 3908 2530 3980 ἔφρασα
2569 3908 2869 3980 κρίνεσθαι.
2902 3903 3090 3964 Ἔστιν
3111 3911 3238 3964 ὅταν
3272 3912 3308 3982 ἡ
3344 3908 3619 3981 ἀνατροφὴ
3645 3905 3737 3958 τῶν

2167 4003 2410 4073 ἐσχάτων
2440 4002 2627 4057 κακῶν
2646 4004 2814 4065 αἴτιος
2839 4003 3096 4074 τυγχάνει
3120 4003 3196 4074 (6)
3225 4020 3239 4034 ο
3287 4004 3438 4058 ἐστιν
3466 4003 3554 4056 ὅτε
3587 4000 3674 4054 καὶ
3710 3998 3734 4066 ή

2169 4095 2548 4165 συνδιαγωγή·
2599 4093 2738 4164 πλὴν
2795 4094 3056 4159 πολλάκις
3103 4097 3196 4149 καὶ
3257 4097 3293 4166 ἠ
3349 4091 3733 4166 διεστραμμένη

2167 4186 2315 4257 ψυχὴ
2369 4187 2636 4256 αὑταρκεῖ
2663 4187 2828 4258 ἑαυτῇ
2858 4187 2993 4258 πρὸς
3019 4187 3317 4242 ἀπώλειαν.
3356 4187 3416 4240 ὐ
3451 4182 3734 4256 χωρισθεὶς,

2165 4277 2275 4331 τῶν
2307 4277 2419 4342 δύο,
2460 4277 2554 4330 καὶ
2584 4275 2678 4329 τοῦ
2722 4275 2905 4346 τρίτου
2944 4277 3074 4341 ἴσως
3107 4277 3482 4349 ἀπήλλακται.
3526 4275 3582 4328 Ὀ
3607 4271 3656 4324 δὲ
3686 4269 3737 4320 τὸ

2166 4375 2344 4445 τρίτον
2369 4370 2528 4442 ἔχων,
2557 4373 2614 4425 ἐν
2636 4371 2802 4422 παντὶ
2827 4370 2979 4442 τόπῳ
3008 4371 3288 4442 ἀδόκιμοςο
3320 4369 3494 4433 οὐδεὶς
3523 4367 3623 4436 γὰρ
3663 4362 3735 4414 τό-

2170 4473 2270 4529 πος
2302 4466 2396 4519 τοῦ
2433 4463 2666 4536 ούρανοῦ
2717 4466 3142 4534 ἀσφαλέστερος.
3183 4466 3274 4518 Ἐν
3319 4467 3432 4526 τοῖς
3467 4463 3561 4532 μὲν
3588 4471 3736 4512 κακο-

486 4545 722 4602 fortasse
747 4547 963 4602 etiama
1005 4549 1164 4603 tertio
1201 4550 1340 4606 liber
1384 4561 1488 4607 est.
1523 4551 1626 4618 Qui
1677 4562 1859 4608 autem
1909 4553 2059 4608 tertio

2175 4557 2345 4619 θελῶς
2407 4559 2540 4628 ἡμῖν
2603 4556 2930 4628 μαχομένοις
2981 4557 3254 4622 ἀπίστοις,
3315 4549 3735 4627 ἢ’κακοπίστοις

486 4638 620 4691 Vitio
665 4637 872 4693 laborat
913 4639 1108 4709 quovis
1154 4639 1209 4694 in
1254 4641 1378 4695 loco
1416 4642 1702 4711 improbus
1742 4651 1848 4709 cst,
1885 4643 2069 4698 nullus

485 4730 636 4786 enim
698 4730 852 4785 locus
903 4731 1042 4786 cado
1104 4732 1276 4788 tutior
1320 4741 1423 4789 est.
1484 4734 1608 4790 Illos
1659 4735 1754 4806 qui
1785 4751 1888 4790 nos
1927 4735 2070 4789 mala

486 4831 672 4878 mente
722 4832 1060 4894 oppugnant,
1088 4839 1185 4879 seu
1227 4827 1422 4897 pagani
1479 4827 1610 4894 sint,
1657 4842 1753 4882 seu
1803 4827 2071 4896 haeretici,

485 4924 614 4984 post
651 4930 816 4970 unam
840 4925 894 4971 et
925 4915 1152 4973 alteram
1181 4919 1634 4986 admonitionem,
1670 4920 2070 4993 relinquamus.

486 5007 545 5061 In
579 5008 646 5064 iis
684 5017 865 5063 autem
901 5009 1273 5076 instituendis,
1325 5013 1419 5080 qui
1451 5028 1639 5068 verum
1669 5028 1739 5070 ex
1775 5016 1959 5070 animo
1991 5015 2074 5072 di-

482 5117 645 5156 scere
686 5103 952 5172 cupiunt,
1006 5103 1211 5158 bonunt
1257 5120 1395 5175 opus
1439 5108 1748 5176 praestando
1791 5124 2072 5179 nunquam

486 5195 828 5252 deﬁciamus.
859 5194 1116 5264 Quinimo
1145 5198 1213 5252 ad
1239 5199 1417 5256 cordis
1443 5201 1615 5255 nostri
1644 5201 2071 5257 stabilimentum

491 5289 742 5360 utrisque
767 5297 1003 5344 utamur.
1037 5291 1207 5347 Valde
1251 5292 1452 5349 stultus
1481 5302 1566 5349 est
1601 5295 1668 5357 is,
1701 5296 1816 5364 qui,
1852 5311 1977 5350 cum
2008 5296 2075 5350 de

492 5383 788 5440 virtutibus
814 5394 1152 5448 sanctorum,
1183 5401 1306 5456 quae
1343 5397 1554 5442 naturae
1587 5389 1735 5444 vires
1780 5391 2070 5453 excedunt,

493 5473 664 5536 audit,
692 5473 817 5528 inde
847 5473 914 5528 de
945 5488 1004 5528 se
1033 5474 1152 5543 ipso
1175 5474 1449 5544 desperat.
1474 5475 1616 5541 Quin
1642 5476 1825 5545 potius
1851 5493 1916 5532 ex
1944 5475 2076 5530 duo-

495 5564 600 5619 bus
627 5566 858 5620 alterum
902 5575 955 5620 te
1001 5565 1204 5634 optime
1233 5565 1450 5632 docent,
1495 5567 1578 5620 vel
1630 5577 1688 5620 ut
1731 5576 1783 5622 te
1824 5567 2076 5637 exemplo

493 5669 702 5713 sancta:
729 5659 1113 5729 generosaque
1136 5659 1352 5714 virtutis
1375 5660 1441 5713 ad
1461 5659 1783 5714 imitandum
1804 5659 2074 5724 excitent;

565 5811 610 5840 "
634 5832 862 5889 l'l‘hess.
897 5835 1064 5902 11,18.
1140 5836 1186 5867 “
1226 5835 1385 5890 Rom.
1423 5849 1538 5901 Vill,
1569 5835 1656 5888 2'23.

2177 4653 2316 4723 μετά
2357 4649 2581 4722 πρώτην
2611 4650 2705 4703 καὶ
2747 4650 3008 4722 δευτέραν
3052 4649 3338 4704 νουθεσίαν
3397 4637 3731 4710 παυσώμεθα.

2190 4743 2280 4797 Ἐν
2324 4741 2381 4795 δέ
2413 4743 2525 4804 τοῖς
2567 4741 2668 4812 τὴν
2721 4740 2982 4813 ἀλήθειαν
3033 4739 3224 4812 μαθεῖν
3274 4735 3652 4809 βουλομένοις,
3683 4725 3732 4778 τὸ

2179 4833 2343 4889 καλὸν
2393 4832 2675 4896 ποιοῦντες
2720 4833 2825 4896 ἕως
2857 4832 3051 4896 αἰῶνος
3099 4831 3174 4903 μὴ
3227 4828 3571 4897 ἐκκακῶμεν.
3606 4816 3731 4886 Πλὴν

2178 4922 2437 4994 καὶπρὸς
2475 4922 2568 4977 τὸν
2614 4923 2919 4992 στηριγμὸν
2952 4922 3111 4994 ἡμῶν
3152 4921 3253 4990 τῆς
3285 4917 3508 4991 καρδίας
3553 4914 3608 4964 ἐν
3635 4909 3729 4975 ἀμ-

2179 5017 2425 5087 φοτέροις
2453 5013 2809 5086 χρησώμεθα.
2847 5015 3074 5083 Ἀλογος
3100 5014 3222 5068 λίαν
3263 5015 3292 5066 6
3337 5011 3474 5074 ὑπὲρ
3511 5003 3658 5074 φύσιν
3681 4998 3728 5046 ἐν

2176 5111 2290 5172 τοῖς
2321 5108 2494 5176 ἁγίοις
2514 5106 2730 5160 ἀκούων
2754 5103 2974 5177 ἀρετὰς,
3005 5106 3100 5158 καὶ
3121 5103 3314 5158 ἑαυτοῦ
3338 5093 3725 5177 ἀπολεγόμενοςτ

2180 5175 2400 5256 Μᾶλλον
2429 5200 2486 5254 δὲ
2518 5199 2664 5253 δυοῖν
2700 5175 2926 5269 θάτερόν
2957 5213 3019 5250 σε
3057 5198 3296 5269 ἁρίστως
3319 5189 3663 5246 παιδεύουσιν,
3694 5175 3720 5244 ἢ

2181 5293 2318 5363 πρὸς
2346 5291 2546 5363 πολλὴν
2591 5290 2818 5345 σεαυτοῦ
2867 5290 3198 5358 ἐπίγνωσιν·
3249 5287 3342 5341 καὶ
3386 5283 3481 5352 τῆς
3527 5273 3724 5337 ἐνούσης

2183 5401 2267 5438 σοι
2305 5382 2588 5445 ἀσθενείας
2615 5383 2923 5453 φανέρωσιν
2957 5379 3343 5452 ἐπιστρέφουσι
3370 5373 3454 5429 διὰ
3482 5370 3570 5438 τῆς
3593 5374 3720 5433 τρισ-

2181 5477 2332 5530 οσίου
2357 5475 2757 5539 ταπεινώσεως.
2786 5475 2941 5529 Εἰσὶν
2971 5474 3274 5544 ἀκάθαρτοι
3300 5462 3540 5536 πονηρῶν
3578 5464 3718 5544 mir"

2187 5569 2403 5641 ρότεροι
2422 5567 2695 5639 δαίμονες,
2722 5566 2772 5620 οἳ
2800 5567 2900 5636 τὴν
2933 5539 3210 5638 ἀμαρτίάν
3246 5564 3389 5636 ἡμᾶς
3416 5539 3716 5643 κατίρτὰξξ

2189 5639 2330 5716 σθαι
2359 5663 2553 5732 μόνους
2613 5661 2674 5713 οὐ
2725 5657 3188 5731 συμϐουλεύουσιν
3214 5676 3230 5690 ·
3285 5650 3416 5710 ἀλλὰ
3466 5639 3716 5699 κοινωνοὺς
