4042 6432
314 341 455 408 ιοδι

1271 339 1505 399 SCALA
1540 339 1923 407 PARADISI.
1958 342 2360 407 ".GRADUS
2396 348 2621 410 XXVI.

3461 359 3601 425 1062

302 465 465 539 fimi;
495 460 632 532 πρὸς
663 460 723 514 τὸ
751 458 941 523 κακὸν,
968 456 1062 510 καὶ
1089 454 1308 527 ἑτέρους
1331 455 1477 526 ἔχειν
1506 456 1908 528 συμϐουλεύου-

2018 459 2096 523 vel
2122 469 2186 523 ut
2226 468 2407 532 teper
2434 463 2843 520 sanctissimam
2892 465 3254 523 humilitatem
3286 467 3356 523 ad
3395 470 3472 524 tui
3503 486 3601 525 eo-

307 575 425 619 σιν,
467 554 556 609 ἵνα
593 551 981 624 χαλεπωτέραν
1007 549 1141 620 ἡμῖν
1175 547 1276 619 τὴν
1322 547 1544 602 κόλασιν
1582 550 1903 617 ποιήσωσιν.

318 645 583 718 Ἑώρακα
626 644 920 716 συνήθειαν
947 640 1191 713 πονηράν
1233 638 1294 706 ἐξ
1319 639 1510 711 ἑτέρου
1546 640 1908 713 μεμαθηκότα

2007 554 2333 624 gnitionem,
2362 563 2579 627 tuaeque
2627 556 3019 614 imbecillitatis
3050 559 3603 629 agnitionemdedu-

2009 654 2154 701 cant.
2194 644 2336 702 Sunt
2363 662 2429 703 ex
2456 648 2690 720 impuris
2716 649 3062 707 daemonibus
3092 651 3334 709 aliialiis
3364 656 3603 724 nequio-

302 739 504 811 ἓτερον
532 752 546 767 ⁸
589 738 686 792 καὶ
739 735 925 807 μέντοι
971 738 999 789 ὁ
1041 733 1141 804 μὲν
1170 732 1393 799 διδάξας
1435 735 1517 797 είς
1554 733 1908 805 συναίσθησιν

2018 752 2119 805 res,
2154 738 2248 807 qui
2287 738 2577 809 impellunt
2627 757 2730 798 nos
2771 758 2842 798 ne
2875 743 2978 799 soli
3006 756 3318 814 peccemus,
3364 746 3466 802 sed
3510 763 3603 802 so-

306 826 594 899 ὲληλυθὼς
625 828 908 897 μετανοεῖν
942 823 1169 896 ἤρξατο,
1210 824 1307 877 καὶ
1336 822 1429 876 τοῦ
1456 821 1629 876 κακοῦ
1662 823 1909 879 ἐπαύσα-

306 937 380 985 το
401 937 418 954 ’
451 919 538 974 διὰ
566 919 622 974 δὲ
649 919 748 990 τῆς
779 916 871 971 τοῦ
903 916 1149 988 μαθητοῦ
1185 914 1451 986 ἐργασίας
1493 916 1782 989 άνίσχυρος
1815 916 1911 970 αὐ-

305 1012 412 1066 τοῦ
441 1013 474 1083 ὴ
503 1010 766 1082 μετάνοια
794 1009 1010 1078 γέγονε.
1036 1007 1239 1077 Πολλὴ,
1271 1007 1444 1072 ὅντως
1473 1006 1645 1078 πολλὴ
1672 1008 1767 1061 καὶ
1788 1007 1911 1061 δυσ·

310 1105 668 1176 καταληπτος
694 1104 726 1175 ἡ
756 1102 863 1155 τῶν
903 1101 1232 1171 πνευμάτων
1260 1099 1522 1170 πονηρία,
1569 1099 1666 1154 καὶ
1709 1098 1911 1168 ὀλίγοις

308 1197 490 1269 ὁρατή
521 1213 536 1227 ·
578 1191 734 1265 οἶμαι
764 1194 822 1247 δὲ
873 1194 995 1247 οὐδὲ
1038 1193 1242 1263 ὀλίγοις
1281 1194 1450 1247 πᾶσα.
1484 1191 1612 1257 Πῶς
1663 1191 1722 1246 δὲ
1775 1208 1909 1263 τρυ-

310 1292 530 1361 φῶντες
586 1289 683 1343 καὶ
729 1286 1117 1360 κορεννύμενοι
1164 1284 1558 1356 ἀγρυπνοῦμεν
1607 1283 1909 1355 νηφόντως.

310 1380 677 1451 νηστεύοντες
700 1380 757 1434 δὲ
770 1380 866 1434 καὶ
889 1375 1463 1449 ταλαιπωροῦντες,τῷ
1489 1376 1641 1449 ὕπνῳ
1659 1376 1913 1440 ἐλεεινῶς

310 1473 765 1548 καταφερόμεθα,
814 1472 848 1545 ἢ
901 1470 1274 1544 ἡσυχάζοντες
1324 1469 1780 1542 σκληρυνόμεθα,
1815 1470 1913 1524 καὶ

312 1568 705 1637 συνδιάγοντες
773 1563 1266 1636 κατανυσσόμεθα;
1341 1561 1730 1634 Λιμὼττοντες
1792 1561 1912 1616 καθ’

311 1653 522 1719 ὕπνους
561 1652 966 1727 πειραζόμεθα,
1007 1653 1103 1709 καὶ
1146 1653 1550 1725 ἐμφορούμενοι
1589 1652 1912 1724 άπείραστοι

306 1747 646 1819 διαμένομεν
676 1763 690 1776 ’
744 1747 803 1801 ὲν
853 1745 1034 1820 ἐνδείᾳ
1066 1745 1335 1800 σκοτεινοί
1388 1763 1536 1809 τινες
1577 1745 1675 1799 καὶ
1703 1746 1913 1801 ἀκατά-

305 1824 501 1899 νυκτοι
535 1838 835 1912 γιγνόμεθα
858 1858 871 1872 ·
913 1841 973 1895 ἐν
1007 1839 1289 1911 οίνοποσίᾳ
1319 1839 1377 1892 δὲ
1415 1840 1588 1911 ἱλαροὶ
1622 1838 1718 1894 καὶ
1742 1839 1910 1892 εὐκα-

306 1933 570 1987 τάνυκτοι
598 1932 700 2003 (7);
734 1933 872 2004 πρὸς
900 1931 1074 1986 ταῦτα
1102 1932 1132 1984 ό
1160 1930 1461 2002 δυνάμενος
1489 1933 1547 1985 ἐν
1575 1931 1767 2002 Κυρίῳ
1798 1947 1912 2001 φω·

307 2028 457 2081 τίσει
503 2028 862 2097 ἁφωτίστους.
909 2027 1104 2097 Ἡμεῖς
1153 2025 1262 2098 γὰρ
1308 2024 1608 2094 άφώτιστοι
1656 2023 1793 2094 πρὸς
1840 2022 1912 2077 τὰ

307 2117 496 2171 τοιάδε
522 2112 896 2190 τυγχάνομεν·
922 2116 1064 2188 πλὴν
1089 2117 1269 2169 ἐκεῖνο
1300 2115 1555 2186 λέγομεν,
1579 2115 1662 2169 ὃτι
1685 2116 1745 2169 οὐ
1774 2116 1911 2171 πάν-

307 2227 437 2263 τοτε
465 2210 529 2263 ὲκ
555 2208 832 2280 δαιμόνων
854 2209 888 2279 ἡ
916 2206 1146 2278 τοιαύτη
1180 2206 1453 2279 μεταὸολὴ
1485 2205 1717 2276 γίνεται.
1769 2207 1908 2262 Ἀλλ’

310 2301 466 2355 ἔστιν
497 2301 587 2355 ὅτε
622 2300 718 2355 καὶ
761 2302 827 2353 ἐκ
868 2298 971 2371 τῆς
1003 2300 1366 2370 συγκράσεως
1393 2298 1493 2370 τῆς
1529 2298 1780 2370 δοθείσης
1818 2317 1910 2372 μοι

307 2394 541 2466 ταύτης,
578 2395 675 2457 καὶ
705 2392 1086 2464 περιδεθείσης
1124 2408 1237 2463 μοι,
1273 2391 1392 2455 πῶς
1420 2392 1521 2445 οὐκ
1548 2386 1685 2455 οῖδα,
1732 2395 1908 2465 ῥυπα-

312 2487 420 2559 ρᾶς
459 2486 552 2539 καὶ
583 2482 876 2556 λιχνώδους
904 2482 1238 2555 παχύτητος.
1285 2480 1426 2551 Περὶ
1468 2481 1564 2533 τοῦ
1597 2480 1912 2553 δυσδιακρί-

310 2597 410 2632 του
448 2579 550 2649 τῆς
589 2575 863 2648 τυχούσης
901 2574 1012 2629 τῶν
1051 2571 1472 2646 προειρημένων
1505 2572 1912 2644 μεταπτώσεως

311 2669 625 2744 εἰλικρινῶς
650 2669 745 2723 καὶ
767 2665 1040 2730 ταπεινῶς
1079 2666 1172 2720 τὸν
1204 2662 1410 2737 Κύριον
1454 2665 1871 2736 δυσωπήσωμεν
1892 2679 1906 2694 ⁸

310 2761 421 2817 κᾶν
468 2759 606 2833 μετὰ
652 2758 750 2832 τήν
783 2756 1013 2823 ἱκεσίαν,
1067 2755 1164 2810 καὶ
1203 2754 1296 2809 τὸν
1330 2754 1538 2825 ταύτης
1573 2756 1764 2825 χρόνον
1795 2754 1909 2808 ὡσ-

312 2853 499 2917 αύτως
528 2851 783 2925 εὕρωμεν
840 2847 1099 2920 ἐνεργοῦν
1135 2847 1197 2901 τὸ
1222 2846 1511 2917 γινόμενον
1537 2886 1552 2913 ,
1585 2843 1911 2916 γνωσόμεθα

312 2946 393 3008 ὡς
421 2945 523 2999 οὑκ
556 2924 621 2996 ἐκ
659 2940 952 3014 δαιμόνων,
992 2937 1134 2993 ἀλλὰ
1166 2924 1383 3006 φύσεώς
1431 2937 1549 2989 ἔστι
1585 2935 1648 2989 τὸ
1694 2936 1912 3005 γινόμε·

311 3056 429 3093 νον.
461 3034 731 3097 Πολλάκις
766 3032 823 3086 δὲ
857 3030 951 3087 καὶ
995 3030 1117 3085 θεία
1162 3028 1449 3101 οἰκονομία
1479 3027 1570 3082 διὰ
1605 3027 1713 3082 τῶν
1747 3029 1907 3082 ἐναν-

2008 830 2126 887 cies
2168 831 2344 905 7372
2384 833 2460 887 ad
2513 834 2919 905 improbitatem
2969 837 3109 893 alios
3156 838 3316 895 nobis
3360 840 3605 897 ascisca-

2004 938 2158 990 .mus,
2186 933 2247 979 ut
2288 926 2510 993 gravius
2544 925 2670 982 inde
2701 929 2862 985 nobis
2907 930 3238 1001 supplicium
3281 930 3597 989 concilient.

2012 1010 2137 1071 Vidi
2173 1017 2267 1086 qui
2291 1016 2361 1071 ab
2401 1017 2575 1074 altero
2607 1018 2808 1075 malam
2852 1023 3111 1091 peccandi
3145 1025 3604 1080 consuetudinem

2012 1106 2267 1171 disceret,
2321 1107 2589 1179 illumque
2632 1111 2726 1180 qui
2774 1112 3007 1167 alterum
3060 1129 3287 1183 peccare
3314 1115 3600 1182 docuerat,

2008 1197 2081 1254 ad
2108 1214 2331 1255 sensum
2361 1201 2590 1257 rediisse
2610 1210 2665 1256 et
2687 1202 3075 1272 paenitentiam
3122 1219 3289 1276 agere
3337 1207 3603 1277 coepisse.

2013 1290 2354 1362 omninoque
2382 1309 2411 1348 a
2446 1294 2594 1350 malo
2622 1294 2882 1361 desiisse,
2916 1295 3011 1351 sed
3041 1306 3266 1367 propter
3294 1299 3444 1355 illius
3472 1315 3604 1370 pec-

2013 1393 2137 1440 eata
2168 1398 2331 1452 quem
2364 1385 2652 1451 docuerat,
2700 1388 2865 1442 etiam
2905 1389 3080 1459 ipsius
3108 1391 3485 1459 paenitentiam
3515 1393 3605 1446 in—

2013 1475 2353 1534 fructuosam
2389 1487 2443 1533 et
2476 1478 2695 1535 inanem
2740 1478 3008 1535 redditam
3036 1479 3136 1550 (a).
3172 1480 3333 1537 Varia
3358 1481 3603 1552 profecto

2010 1574 2068 1622 et
2096 1568 2266 1621 multa
2289 1578 2454 1640 atque
2478 1579 2643 1640 captu
2663 1569 2902 1626 difﬁcilis
2926 1578 3015 1627 est
3043 1571 3290 1642 nequitia
3312 1572 3604 1643 spirituum

2015 1659 2418 1730 improborum,
2460 1662 2765 1731 paucisque
2813 1673 3122 1739 perspecta,
3166 1664 3279 1719 imo
3312 1664 3501 1728 nullis,
3544 1674 3608 1720 ut

2014 1751 2231 1819 opinor,
2267 1759 2402 1806 tota.
2441 1751 2731 1819 Quomodo
2765 1753 3053 1811 delicatius
3090 1755 3343 1811 viventes
3381 1764 3437 1811 et
3465 1755 3606 1813 cibis

2014 1842 2256 1908 distenti,
2288 1850 2547 1914 tanquam
2569 1844 2740 1900 sobrii
2763 1845 3153 1915 pervigilamus
3180 1868 3198 1914 ;
3217 1845 3390 1917 jejuni
3421 1854 3607 1902 autem

2012 1942 2066 1987 et
2098 1931 2282 1988 afﬂicti
2306 1935 2681 1990 miserandum
2713 1936 2768 1990 in
2801 1936 3024 2005 modum
3054 1952 3248 1994 somno
3269 1937 3609 2008 mergimur?

2013 2030 2108 2078 aut
2137 2025 2420 2094 quomodo
2452 2026 2508 2080 in
2545 2027 2766 2084 silentio
2809 2037 2865 2085 et
2897 2030 3083 2100 quiete
3115 2029 3376 2100 degentes
3422 2028 3608 2085 cordis

2012 2115 2214 2172 duritia
2264 2117 2601 2185 laboramus,
2630 2130 2685 2175 et
2724 2135 2850 2176 cum
2899 2122 3021 2178 aliis
3051 2122 3255 2178 versati
3283 2122 3609 2193 compungi-

2013 2211 2189 2265 mur?
2225 2208 2395 2267 Fame
2418 2210 2654 2287 confecti
2688 2214 2742 2268 in
2779 2214 3014 2273 somniis
3044 2230 3330 2279 vexamur,
3372 2215 3610 2286 saginati

2012 2317 2142 2359 vero
2188 2304 2443 2360 intentati
2470 2306 2782 2362 duramus?
2817 2306 2875 2362 In
2927 2324 3112 2364 rerum
3152 2309 3384 2380 penuria
3408 2320 3464 2364 et
3515 2323 3609 2364 so-

2013 2397 2241 2452 brietate
2287 2396 2504 2453 confusi
2535 2408 2589 2455 et
2634 2398 2755 2455 duri
2794 2415 3029 2467 sumus;
3074 2417 3199 2456 cum
3229 2401 3418 2456 tinum
3451 2410 3609 2472 pota-

2012 2506 2157 2558 mus,
2191 2491 2392 2546 hilares
2414 2500 2469 2546 ct
2499 2493 2658 2562 proni
2698 2493 2753 2548 in
2798 2494 3092 2565 lacrymas,
3139 2501 3195 2548 et
3229 2493 3612 2563 compunctio-

2011 2600 2137 2641 nem
2166 2586 2569 2642 evadimuan
2602 2587 2688 2643 his
2719 2588 2813 2659 qui
2846 2604 2943 2644 nos
2974 2588 3028 2642 in
3066 2587 3296 2644 Domino
3328 2586 3612 2642 illustrare

2011 2683 2213 2747 potest,
2243 2678 2479 2734 illustret
2506 2688 2562 2734 et
2598 2679 2812 2746 doceat,
2838 2695 2941 2736 nos
2968 2679 3114 2735 enim
3142 2679 3197 2734 in
3228 2677 3612 2749 hujuscemodi

2013 2770 2176 2825 rebus
2207 2771 2334 2826 creci
2360 2786 2574 2827 sumus.
2605 2771 2718 2827 Etsi
2744 2775 2850 2829 hoc
2871 2771 3230 2838 allirmamus,
3265 2786 3372 2826 non
3397 2784 3615 2840 semper

2011 2861 2085 2919 ab
2117 2862 2274 2919 malis
2304 2862 2479 2934 geniis
2519 2864 2901 2935 hujuscemodi
2952 2863 3397 2920 vicissitudinum
3430 2872 3614 2918 tnuta-

2014 2955 2190 3011 tiones
2220 2958 2528 3027 provenire.
2560 2957 2627 3012 Et
2649 2968 2728 3014 est
2762 2973 2887 3014 cum
2938 2958 3136 3014 accidit
3166 2957 3301 3013 mihi
3344 2956 3473 3023 hoc,
3514 2970 3614 3012 ne-

2014 3048 2129 3104 scio
2167 3049 2462 3119 quomodo,
2496 3049 2567 3105 ob
2596 3050 3002 3106 concretionem
3033 3050 3168 3104 mihi
3195 3050 3404 3117 datam,
3425 3059 3481 3106 et
3503 3049 3613 3104 cir-

311 3133 448 3186 τίων
503 3129 812 3200 εὐεργετεῖν
860 3125 1011 3198 ἡμᾶς
1059 3121 1337 3195 βούλεται,
1390 3121 1480 3176 διὰ
1527 3122 1747 3177 πάντων
1794 3120 1904 3202 ’τήν

2018 3143 2327 3199 cumfusam
2378 3143 2513 3199 mihi
2554 3145 2943 3215 sordidamque
2973 3152 3029 3200 et
3078 3143 3458 3200 illecebrosam
3488 3141 3617 3212 pin-

308 3225 495 3298 οἴησιν
532 3223 689 3297 ήμῶν
724 3220 1193 3285 καταστέλλουσα.
1231 3217 1485 3273 Χαλεπὸν
1521 3216 1622 3289 μὲν
1642 3214 1736 3270 τὸν
1776 3217 1910 3289 περὶ

2018 3228 2328 3300 guedinem.
2375 3227 2485 3284 Pro
2539 3230 2664 3295 hac,
2715 3214 3020 3300 dijudicatu
3072 3228 3296 3297 diﬂicili,
3351 3243 3475 3299 quae
3509 3242 3615 3282 usu

310 3317 609 3391 χριμάτων
659 3315 822 3388 βυθὸν
881 3310 1395 3387 περιεργάζεσθαι⁹
1458 3310 1517 3364 ἐν
1570 3308 1742 3382 πλοίῳ
1797 3308 1909 3382 γὰρ

2018 3316 2207 3371 venire
2234 3314 2378 3372 solet
2398 3316 2456 3372 in
2485 3330 2652 3388 supra
2682 3316 3098 3385 demonstratis,
3136 3316 3521 3374 vicissitudine
3561 3322 3619 3370 et

309 3411 549 3483 οἰήσεως
573 3405 859 3479 περίεργοι
886 3404 1163 3458 πλέουσιν.

2020 3406 2323 3463 mutatione
2349 3422 2508 3478 pure,
2559 3407 2773 3464 sincere
2800 3417 2854 3463 et
2877 3408 3152 3466 submisse
3180 3406 3477 3462 Dominum
3518 3396 3620 3461 ide-

310 3518 628 3577 precemur,
655 3511 710 3558 et
740 3501 786 3558 si
821 3508 943 3572 post
963 3498 1125 3571 373
1152 3496 1427 3570 supplices
1448 3510 1645 3567 preces
1680 3503 1737 3551 et
1766 3498 2028 3566 temporis
2096 3515 2311 3557 moram
2385 3503 2441 3559 id
2505 3503 2654 3575 quod
2692 3502 2754 3559 ﬁt
2814 3503 3178 3559 nihilominus
3215 3502 3411 3559 eodem
3453 3497 3621 3556 modo

313 3596 434 3653 fieri
487 3595 848 3662 senserimus,
897 3600 1016 3648 tum
1045 3605 1177 3647 vero
1206 3590 1260 3645 id
1289 3604 1401 3644 non
1432 3587 1744 3645 daemonum
1800 3588 2162 3661 improbitati,
2231 3595 2327 3652 sed
2386 3604 2601 3651 natura
2658 3596 3035 3653 aseribemus.
3105 3593 3495 3667 Saepenumero
3532 3589 3622 3646 di-

312 3695 444 3749 vina
472 3690 813 3764 providentia
846 3704 964 3744 rem
999 3688 1075 3743 ita
1115 3684 1417 3756 dispensat,
1449 3692 1512 3740 ut
1558 3698 1654 3755 per
1692 3685 1971 3740 contraria
2039 3689 2199 3745 nobis
2236 3690 2565 3749 benefacere
2627 3692 2807 3759 velit,
2872 3701 2929 3749 ut
2977 3692 3239 3748 omnibus
3301 3688 3483 3746 modis
3527 3701 3625 3742 su-

316 3789 552 3859 perbum
588 3801 818 3843 sensum
853 3791 1110 3840 nostrum
1139 3782 1415 3837 retundat.
1463 3778 1691 3836 Diﬂicile
1718 3787 1804 3835 est
1861 3782 2140 3842 curiosius
2202 3787 2271 3844 de
2332 3788 2646 3846 divinorum
2667 3788 3004 3860 judiciorum
3062 3792 3279 3846 arcanis
3320 3786 3622 3861 inquirere,

317 3877 525 3935 curiosi
549 3876 695 3932 enim
726 3874 984 3931 eiationis
1022 3873 1152 3928 navi
1184 3872 1485 3929 vehuntur.

396 3970 595 4042 Ἧρετό
614 3971 696 4035 τίς
732 3987 854 4025 τινα
878 3968 987 4024 τῶν
1020 3969 1241 4041 βλέπειν
1261 3968 1594 4040 δυναμένων,
1624 3967 1677 4021 τί
1705 3967 1907 4036 δήποτε

315 4066 609 4139 γινώσκων
640 4068 668 4119 ὁ
696 4067 825 4132 Θεός
861 4084 1025 4122 τινων
1063 4065 1134 4120 τὰ
1167 4065 1508 4141 πταίσματα,
1536 4062 1765 4128 τούτους
1806 4080 1908 4134 χα-

324 4160 558 4233 ρίσμασι
609 4160 702 4213 καὶ
744 4160 936 4233 τέρασι
989 4158 1428 4231 κατεκόσμησεν.
1484 4157 1543 4211 Ὀ
1581 4155 1639 4210 δέ
1689 4173 1855 4228 φησιν
1895 4169 1910 4186 ο

319 4253 443 4309 Ἵνα
469 4252 562 4307 καὶ
586 4250 803 4318 λοιποὺς
842 4251 1250 4323 πνευματικῶς
1281 4249 1651 4321 ἀσφαλίσηται
1678 4262 1691 4277 ⁶
1724 4248 1820 4302 καὶ
1851 4246 1912 4301 τὸ

312 4342 662 4411 αὐτεξούσιον
699 4342 850 4416 δείξῃ
898 4344 994 4399 καὶ
1037 4341 1481 4413 ἀναπολογήτους
1536 4341 1595 4395 ὲν
1635 4341 1703 4412 τῇ
1736 4339 1916 4411 κρίσει

309 4437 444 4500 τοὺς
481 4436 841 4500 πεπτωκότας
890 4438 1116 4508 ποιήσῃ.
1192 4434 1254 4488 '0
1309 4433 1407 4506 μὲν
1457 4432 1620 4505 νόμος
1677 4431 1754 4495 ὡς
1789 4432 1917 4484 ἁτε-

310 4529 417 4602 λὴς
443 4529 543 4601 (8),
576 4522 853 4600 Πρόσεχε
885 4526 1145 4595 σεαυτῷ.
1191 4526 1324 4582 Ὀδὲ
1349 4527 1556 4598 Κύριος
1585 4525 1661 4591 ὡς
1688 4527 1920 4595 ὑπερτε-

2084 3962 2211 4020 Fuit
2249 3980 2318 4021 ex
2370 3966 2874 4036 providentioribus
2921 3967 3146 4039 quidam
3185 3969 3281 4041 qui
3326 3971 3617 4040 quemdam

2016 4057 2231 4128 rogavit
2267 4059 2628 4128 quamobrem
2660 4058 2827 4128 Deus,
2858 4075 2985 4116 cum
3017 4060 3384 4132 quorumdam
3426 4060 3624 4134 lapsus

2017 4149 2304 4221 provideat
2330 4160 2383 4208 et
2435 4153 2597 4217 sciat,
2639 4152 2765 4209 illos
2796 4153 2946 4225 ipsos
2977 4163 3160 4210 tamen
3185 4163 3240 4211 et
3266 4155 3461 4228 gratiis
3499 4172 3620 4213 cm-

2022 4242 2255 4298 lestibus
2295 4251 2350 4299 et
2379 4244 2775 4300 miraculorum
2808 4260 3030 4317 quoque
3071 4245 3245 4317 signis
3276 4245 3576 4302 illustrarit
3599 4249 3627 4303 ἲ

2026 4334 2114 4399 Ut,
2176 4334 2376 4406 inquit,
2412 4336 2655 4408 reliquos
2678 4336 2826 4393 viros
2861 4336 3151 4406 religiosos
3192 4336 3468 4393 cautiores
3494 4336 3624 4392 red-

2022 4426 2195 4494 deret,
2237 4428 2511 4499 simulque
2550 4428 2849 4485 voluntatis
2888 4436 3097 4485 nostrae:
3146 4428 3457 4485 libertatem
3529 4445 3629 4485 os-

2025 4520 2295 4586 tenderet,
2357 4531 2529 4593 utque
2583 4521 2708 4579 illos
2764 4521 2860 4593 qui
2922 4520 3261 4589 ceciderunt,
3298 4522 3352 4577 in
3412 4521 3627 4593 judicio

310 4618 438 4690 λὴς,
479 4619 574 4674 κει.)⁸
600 4619 702 4691 τὴν
754 4617 851 4672 τοῦ
904 4615 1135 4688 ἀδελφοῦ
1167 4618 1300 4691 ἡμῖν
1344 4614 1631 4689 διόρθωσιν
1674 4631 1915 4686 προσπε-

2023 4611 2426 4669 inexcusabiles
2497 4613 2725 4671 faceret.
2780 4612 2894 4669 Lex
2948 4624 3011 4670 ut
3067 4613 3382 4686 imperfecta
3449 4615 3623 4671 dicit:

313 4710 570 4784 φώνηκεν
616 4711 790 4766 είπών
811 4729 824 4742 ο
859 4711 1005 4767 Ἐὰν
1037 4708 1370 4781 ἁμαρτήσει
1399 4711 1432 4764 ό
1470 4707 1739 4777 ἀδελφός
1770 4722 1913 4773 σου,

311 4803 412 4858 καὶ
437 4805 507 4859 τὰ
543 4802 697 4874 ἑξῆς.
732 4804 794 4857 Ei
829 4804 927 4875 μὲν
970 4802 1214 4875 καθαρός
1243 4820 1336 4856 σου
1374 4803 1405 4855 ό
1447 4800 1669 4873 ἔλεγχος
1694 4799 1792 4855 καὶ
1822 4816 1920 4853 τα-

312 4895 503 4959 πεινὸς
528 4936 545 4963 ,
584 4895 783 4967 μᾶλλον
810 4895 866 4950 δὲ
901 4896 1232 4968 ὑπόμνησις,
1260 4895 1324 4950 τὸ
1358 4894 1455 4949 τοῦ
1492 4894 1702 4968 Κυρίου
1743 4894 1920 4947 ποιεῖν

317 4985 399 5061 μὴ
446 4990 788 5064 παραιτήσῃ,
833 4991 929 5045 καὶ
961 4990 1198 5062 μάλιστα
1232 4990 1289 5043 ὲν
1328 4991 1441 5053 τοῖς
1473 4987 1786 5059 δεχομένοις
1817 5002 1828 5014 '
1868 4986 1918 5040 εί

312 5077 374 5133 δὲ.
399 5076 553 5132 οὔπω
580 5079 890 5149 πέφθακας,
921 5079 1024 5136 κᾶν
1050 5081 1150 5153 τὴν
1183 5081 1415 5153 νομικὴν
1449 5080 1612 5136 ἄσκει
1637 5078 1915 5152 λατρείαν.

312 5168 412 5241 Μὴ
446 5168 661 5242 θαμὸοὖ
706 5173 802 5225 mi.
851 5172 980 5237 τοὺς
1018 5173 1147 5238 σοὺς
1176 5171 1495 5245 προσφιλεῖς
1534 5169 1920 5244 ὲχθραίνοντὰς

317 5280 404 5316 σοι
427 5262 700 5335 θεώμενος
736 5264 814 5336 (9)
844 5281 859 5293 ·
888 5264 1161 5337 δαιμόνων
1199 5264 1307 5337 γὰρ
1339 5264 1595 5335 ἐργαλεῖα
1635 5265 1686 5318 oi
1716 5261 1923 5332 κουφό-

315 5372 491 5426 τεροι,
538 5356 635 5411 καὶ
672 5356 914 5427 μάλιστα
952 5345 1010 5412 ἐν
1049 5359 1163 5422 τοῖς
1203 5357 1418 5429 ἐχθροῖς
1451 5356 1656 5411 αὐτῶν.
1698 5354 1923 5427 Θαυμά-

320 5447 440 5517 ζειν
465 5465 557 5521 μοι
586 5451 671 5519 ἐφ’
703 5450 785 5504 ἐνὶ
813 5449 922 5504 τῶν
953 5452 1011 5504 ὲν
1034 5451 1170 5522 ήμῖν
1189 5448 1312 5504 λίαν
1337 5449 1640 5521 ὑπέρχεται
1662 5464 1677 5477 ο
1707 5447 1827 5512 πῶς
1859 5464 1919 5500 τε

2024 4701 2258 4756 Attende
2282 4704 2376 4758 tibi
2401 4705 2506 4775 ipsi
2538 4705 2604 4757 ⁸³.
2646 4703 2916 4759 Dominus
2975 4711 3159 4758 autem
3215 4702 3376 4774 longe
3442 4700 3625 4772 perfe-

2025 4794 2311 4852 ctissimus
2324 4812 2512 4852 curam
2543 4796 2704 4852 nobis
2721 4805 2774 4852 et
2802 4795 3244 4852 emendationem
3275 4792 3462 4850 fratris
3479 4809 3631 4849 com-

2027 4887 2340 4944 mendavit:
2391 4887 2475 4959 Si,
2507 4889 2707 4960 inquit,
2739 4890 3030 4961 peccaverit
3083 4889 3260 4959 frater
3318 4896 3439 4942 tuus
3474 4887 3543 4952 “,
3573 4895 3657 4940 ct'

2027 4995 2150 5051 quae
2242 4993 2573 5054 sequuntur.
2668 4983 2726 5038 Si
2810 4991 2905 5039 tua
2977 4981 3333 5053 reprehensio
3411 4979 3629 5036 sincera

2027 5085 2080 5133 et
2168 5077 2436 5142 modesta,
2539 5085 2595 5132 et
2677 5076 2863 5148 potius
2955 5075 3261 5132 admonitio
3310 5070 3631 5139 familiaris,

2029 5184 2195 5240 quam
2231 5169 2587 5239 reprehensio
2625 5168 2811 5235 fuerit,
2840 5165 3078 5224 oﬂicium
3119 5165 3300 5222 facere
3349 5178 3451 5234 pro
3514 5161 3625 5218 Do-

2029 5261 2166 5318 mini
2198 5262 2498 5326 voluntate,
2533 5276 2645 5317 non
2681 5259 2991 5327 recusabis,
3021 5254 3326 5329 prwsertim
3357 5252 3502 5324 apud
3530 5268 3632 5310 eos

2031 5353 2127 5427 qui
2161 5352 2322 5410 facile
2375 5352 2804 5409 admonitionem
2868 5350 3163 5420 recipiunt.
3207 5346 3267 5402 Si
3308 5352 3489 5400 autem
3556 5347 3633 5400 ad

2030 5464 2153 5504 eam
2192 5446 2586 5520 perfectionem
2615 5445 2862 5504 nondum
2914 5441 3196 5516 aspirasti,
3237 5439 3430 5497 saltem
3474 5436 3629 5511 quod

393 5630 440 5663 "
470 5630 642 5686 Eccli.
670 5631 990 5700 xxrx,2‘i;l
1026 5630 1174 5687 Tim.
1207 5628 1384 5697 “7,16.
1461 5628 1507 5662 “
1534 5627 1729 5684 Matth.
1769 5642 1930 5694 xvm,
1966 5625 2059 5682 15.

395 5752 476 5819 (ιι)
504 5747 613 5804 Sed
639 5749 730 5820 qui
756 5758 984 5808 secutus
1007 5760 1090 5807 est
1115 5757 1459 5821 peccantem,
1490 5762 1663 5819 quare
1695 5762 1805 5802 non
1877 5757 2105 5803 secutus
2132 5760 2217 5804 est
2273 5745 2670 5819 pmnitentcm?
2702 5745 2783 5798 An
2847 5748 3169 5812 peccantem
3227 5737 3388 5802 vidit,
3440 5730 3624 5807 pumi-

325 5834 410 5878 ten
420 5830 529 5876 tem
549 5836 656 5876 non
680 5821 856 5878 vidit?
