4030 6406
495 321 638 395 1063

1752 339 1812 396 S.
1839 338 2162 400 JOANNIS
2180 341 2493 404 CLIMACI

3623 336 3761 412 1064

494 436 582 493 lex
610 437 863 506 imperat,
889 434 1074 493 facito.
1105 436 1184 493 Ne
1213 439 1429 495 mireris
1477 456 1600 496 cum
1637 443 1840 500 videris
1906 446 2061 502 etiam

2179 451 2272 503 ἐπὶ
2297 456 2416 515 ταῖς
2453 454 2674 523 ἀρεταῖς
2703 451 2835 507 Θεὸν
2863 452 2955 504 τὸν
2996 452 3424 524 παντοΒύναμον,
3463 453 3558 507 καὶ
3596 458 3765 527 ἀγγέ-

496 527 797 582 familiares
845 535 970 583 tuos
997 528 1408 584 amantissimos
1440 531 1536 586 tibi
1582 532 1835 590 inimicos
1891 536 2074 592 reddi-

494 628 599 686 tos,
631 628 760 674 sunt
791 619 937 673 enim
968 619 1024 674 hi
1069 621 1301 675 leviores
1329 622 1695 679 instrumenta
1733 626 2070 691 daemonum.

493 711 794 780 praesertim
821 711 1083 766 adversus
1131 727 1226 767 eos
1265 727 1406 783 quos
1477 714 1733 771 oderunt.
1785 717 1971 774 Mirari
2021 728 2078 775 ct

493 805 649 859 valde
704 805 922 875 quidem
958 807 1147 860 mirari
1195 807 1371 863 habeo
1400 824 1565 878 super
1598 826 1705 865 una
1755 827 1814 867 re
1841 827 1961 882 quae
2019 815 2078 869 lit

491 897 546 951 in
566 899 720 954 nobis
741 940 754 952 .
775 897 1056 964 Quomodo
1085 915 1208 954 cum
1237 901 1291 955 in
1323 901 1618 957 virtutibus
1646 906 1964 961 exercendis
1984 906 2080 960 ad-

484 993 697 1062 jutores
718 994 1015 1050 habeamus
1047 1005 1101 1050 et
1125 996 1300 1066 ipsum
1325 998 1620 1066 quiomnia
1655 1011 1852 1070 potest,
1883 1000 2074 1068 Deum,

488 1095 544 1140 et
581 1086 804 1157 angelos
831 1096 886 1141 et
915 1100 1158 1153 sanctos,
1199 1089 1363 1161 374
1389 1090 1444 1144 in
1465 1093 1756 1146 contrariis
1775 1103 1953 1148 autem
1986 1109 2077 1150 so-

487 1177 598 1232 lum
629 1188 682 1232 et
709 1180 1018 1248 improbum
1045 1181 1370 1243 daemonem.
1413 1183 1628 1238 facilius
1650 1193 1829 1238 tamen
1853 1194 1907 1240 et
1935 1185 2076 1240 cele-

485 1270 601 1324 rius
643 1272 710 1325 ad
742 1273 944 1325 malum
978 1281 1033 1326 et
1064 1273 1192 1326 vitia
1250 1273 1630 1328 inclinentur?
1697 1276 1770 1328 De
1809 1292 1917 1345 quo
1971 1293 2072 1346 ego

485 1363 800 1417 accuratius
877 1365 1159 1434 disputare
1236 1382 1343 1419 non
1391 1382 1637 1436 possum,
1699 1383 1876 1437 neque
1927 1369 2068 1422 volo.

487 1452 543 1506 Si
579 1456 762 1509 omnia
795 1455 890 1510 Dei
918 1473 1080 1526 opera
1123 1467 1331 1512 natura:
1389 1475 1503 1513 sum
1561 1461 1942 1514 convenienter
1991 1461 2072 1514 af-

485 1545 624 1599 fecta
663 1557 810 1612 sunt,
843 1550 1120 1618 quomodo
1157 1566 1258 1618 ego
1299 1551 1478 1620 imago
1505 1550 1597 1604 Dei
1663 1568 1804 1617 sum,
1833 1562 1888 1607 et
1945 1568 2072 1608 cum

2181 538 2327 605 λους,
2367 543 2460 594 καὶ
2482 541 2672 608 ἁγίους
2722 543 2802 604 εἰς
2845 541 3131 610 συνεργίαν
3168 541 3404 611 ἔχοντες,
3449 542 3542 596 ἐπὶ
3566 543 3623 596 δὲ
3651 547 3765 608 τοῖς

2181 633 2442 694 ἐναντίοις
2475 633 2565 686 τὸν
2594 633 2851 704 πονηρὸν,
2886 637 2979 687 καὶ
3014 635 3172 702 μόνον
3195 633 3444 705 δαίμονα,
3480 636 3760 708 εὐπρεπε-

2183 725 2389 794 στέρως
2430 725 2524 778 καὶ
2570 723 2841 794 ὀξυτέρως
2884 725 3020 794 πρὸς
3069 725 3138 778 τὰ
3177 724 3326 795 πάθη
3362 727 3767 798 ικαμπτόμεθα.

2185 815 2320 884 Περὶ
2347 815 2446 884 μὲν
2478 815 2669 868 τούτου
2695 813 2807 884 ἐγὼ
2847 817 2926 878 εἰς
2964 815 3246 885 ἀκρίϐειαν
3288 816 3468 882 λέγειν
3503 817 3566 870 ού
3611 816 3772 870 δύνα-

2189 920 2308 973 μαι,
2332 903 2450 956 οὐδὲ
2485 902 2764 973 βούλομαι.
2791 903 2872 956 Τὰ
2896 904 2996 971 μὲν
3021 903 3282 972 γεγονότα
3305 907 3504 971 πάντα,
3541 907 3592 960 εί
3620 906 3770 961 οὕτω

2185 996 2308 1050 καθ’
2343 997 2372 1049 ὃ
2407 997 2661 1066 γεγόνασι
2702 997 2915 1065 φύσεως
2949 998 3166 1068 ἔχουσι,
3210 999 3327 1062 πῶς
3357 1015 3416 1052 τε
3453 999 3622 1052 εἰκών
3649 998 3768 1066 εἰμι

2183 1089 2276 1143 τοῦ
2312 1089 2470 1156 Θεοῦ,
2519 1091 2613 1144 καλ⁵
2653 1094 2719 1162 τῇ
2757 1090 2913 1160 πηλῷ
2964 1092 3358 1162 συμφύρομαι;
3409 1092 3482 1155 ὥς
3520 1107 3694 1161 φησιν
3740 1091 3768 1142 ὁ

2185 1181 2358 1251 μέγας
2387 1181 2705 1252 Γρηγόριος.
2748 1183 2810 1236 Et
2858 1183 2914 1237 δὲ
2955 1183 3158 1254 ἑτέρως
3191 1183 3308 1248 πώς
3347 1201 3468 1237 τινα
3511 1183 3622 1236 τῶν
3649 1199 3767 1235 κτι-

2179 1275 2411 1328 σθέντων
2441 1275 2570 1345 παρ’
2601 1274 2628 1326 ὃ
2657 1275 2846 1341 γέγονε
2877 1274 3203 1344 καθέστηκε.
3243 1275 3462 1338 πάντως
3496 1277 3598 1344 τῆς
3626 1275 3761 1327 ἑαυ-

2175 1367 2272 1421 τοῦ
2331 1366 2648 1435 συγγενείας
2683 1367 2974 1438 ἀπλήστως
3014 1367 3304 1439 ὀρέγεταις
3363 1366 3452 1420 Ἐν
3486 1367 3635 1437 πάσῃ
3677 1384 3763 1430 τις

2181 1461 2393 1528 μηχανῇ
2430 1459 2704 1528 χρησάτω,
2737 1457 2802 1511 ἵν’
2830 1457 3002 1520 οὕτως
3033 1458 3190 1521 εἴπω,
3223 1459 3372 1521 ὅπως
3403 1460 3461 1511 ἐν
3481 1456 3560 1527 τῷ
3584 1456 3760 1528 θρόνῳ

2177 1549 2272 1603 τοῦ
2299 1549 2434 1602 Θεοῦ
2463 1548 2561 1619 τὴν
2583 1549 2751 1620 πηλὸν
2777 1551 3072 1618 ἀνενέγκας
3096 1550 3436 1622 ὲνθρονιάτῃ.

484 1637 602 1692 lttto
666 1640 1028 1695 commisceor
1094 1654 1148 1694 et
1212 1640 1554 1696 fermentor?
1613 1645 2070 1713 quemadmodum
2109 1642 2403 1712 Gregorius
2469 1641 2560 1695 ille
2628 1657 2858 1712 magnus
2901 1641 3051 1697 dicit.
3082 1643 3138 1696 Si
3175 1651 3358 1696 autem
3407 1641 3658 1712 quaedam
3690 1657 3753 1697 ex

483 1734 688 1788 creatis
721 1735 884 1788 rebus
913 1734 1070 1789 aliter
1093 1751 1254 1804 quam
1285 1746 1478 1791 natura
1511 1738 1750 1807 ipsarum
1781 1739 1904 1804 fert,
1945 1739 2150 1794 affecta:
2186 1746 2332 1802 sunt,
2369 1737 2629 1792 omnibus
2659 1736 2838 1791 modis
2892 1735 2959 1791 ad
2988 1747 3232 1806 cognata:
3257 1753 3370 1791 suae
3394 1746 3606 1790 natura:
3641 1737 3756 1791 sta--

483 1837 600 1881 tum
642 1829 821 1883 redire
858 1830 1235 1884 contendunt?
1263 1829 1422 1884 Omni
1449 1845 1577 1902 ergo
1610 1842 1724 1887 arte
1775 1843 1828 1887 et
1861 1834 1910 1888 vi
1976 1843 2178 1900 utatur,
2223 1843 2279 1887 ut
2344 1832 2418 1886 ita
2491 1832 2702 1901 loquar,
2766 1846 2874 1902 quo
2910 1831 3083 1885 lutum
3140 1830 3243 1887 hoc
3293 1830 3498 1886 elatum
3565 1845 3619 1883 ru
3662 1825 3752 1884 Dei

485 1920 685 1975 throno
730 1921 978 1976 collocet.

551 2055 720 2111 Nemo
750 2072 878 2127 ergo
909 2073 966 2112 se
1008 2057 1076 2112 ab
1103 2074 1332 2115 ascensu
1359 2071 1606 2131 excuset,
1669 2065 1753 2119 via
1809 2066 1956 2120 enim
2012 2076 2061 2121 et

2238 2055 2448 2114 Ούκοῦν
2477 2061 2663 2132 μηδεὶς
2701 2060 2836 2131 πρὸς
2864 2059 2962 2131 τὴν
2997 2059 3262 2114 ἀνάϐασιν
3291 2059 3713 2130 προφασιζέσθω
3732 2075 3744 2088 ·

479 2147 644 2216 ianua
676 2157 876 2218 patent,
918 2149 1296 2220 religiosorum
1338 2154 1564 2209 Patrum
1600 2157 1724 2212 vita:
1753 2169 1806 2212 et
1836 2160 2065 2213 virtutes

481 2239 680 2292 auditae
707 2256 798 2293 seu
841 2237 1080 2294 recitata:
1106 2251 1158 2296 et
1210 2241 1365 2298 lecta:
1419 2254 1655 2300 mentem
1720 2257 1769 2302 ct
1826 2244 2062 2303 animam

485 2340 723 2385 nostram
756 2331 821 2384 ad
855 2331 1104 2388 imitandi
1160 2336 1403 2390 studium
1468 2339 1731 2394 excitant.
1791 2339 2065 2396 Doctrina:

477 2437 608 2478 vero
645 2422 874 2508 auditio,
909 2434 995 2479 est
1022 2425 1246 2482 lucerna
1285 2445 1406 2498 quae
1433 2431 1688 2486 tenebras
1715 2432 1886 2500 pellit,
1914 2449 2064 2502 quae-

476 2527 583 2582 que
609 2524 857 2568 errantes
889 2511 943 2568 iu
1012 2514 1156 2568 viam
1211 2517 1444 2584 reducit,
1535 2519 1885 2574 czccutientes
1937 2522 2062 2576 illu-

476 2615 634 2661 strat.
667 2605 944 2661 Diseretus
975 2616 1058 2661 est
1098 2615 1350 2678 repertor
1420 2610 1692 2678 sanitatis,
1727 2615 1901 2667 morbi
1965 2613 2062 2670 de-

473 2698 684 2767 pulsor.
736 2697 882 2753 Duas
923 2697 994 2754 ob
1025 2715 1242 2766 causas,
1289 2701 1382 2772 qui
1431 2703 1657 2758 minima
1693 2720 1925 2776 quaeque
1960 2705 2050 2760 ad.

474 2791 765 2856 mirantur,
825 2791 929 2846 hoc
973 2793 1178 2862 perpeti
1227 2793 1426 2860 solent,
1473 2804 1564 2850 aut
1621 2804 1849 2868 propter
1905 2814 2061 2854 sum-

474 2897 620 2935 mam
675 2881 951 2936 inscitiam
1022 2883 1202 2938 studio
1273 2883 1599 2942 humilitatis
1659 2903 1770 2958 quo
1827 2889 2058 2945 aliorum

470 2974 699 3029 virtutes
745 2973 1030 3045 magnifice
1069 2975 1368 3046 praedicant
1391 2986 1445 3032 et
1465 2979 1754 3036 extollunt.
1788 2979 1940 3037 Totis
1981 2983 2062 3036 vi-

469 3066 625 3122 ribus
671 3081 935 3121 conemur
969 3082 1078 3122 non
1108 3068 1284 3123 solum
1321 3069 1512 3124 luctari
1547 3085 1674 3126 cum
1723 3072 1901 3138 hoste,
1963 3072 2057 3129 sed

469 3174 535 3212 cx
579 3158 824 3228 professo
863 3157 1067 3214 bellum
1118 3175 1308 3232 gerere
1337 3177 1459 3218 cum
1496 3163 1858 3220 daemonibus.
1919 3162 2054 3219 Nam

469 3248 582 3315 ille,
641 3249 735 3319 qui
775 3249 1012 3304 luctatur
1079 3252 1366 3319 duntaxat,
1437 3269 1583 3310 nunc
1654 3254 1779 3309 ferit
1817 3255 2054 3322 hostem,

469 3355 616 3394 nunc
665 3340 858 3394 feritur
907 3340 978 3395 ab
1030 3340 1186 3397 hoste
1234 3343 1329 3412 qui
1387 3359 1516 3399 vero
1569 3344 1769 3400 bellum
1824 3357 2051 3416 gerunt,
2083 3375 2126 3436 ρ

469 3447 681 3502 semper
716 3432 926 3487 hostem
967 3444 1392 3504 persequuntur.
1425 3434 1530 3502 Qui
1584 3437 1753 3492 vineit
1827 3437 2055 3494 vitiosos

468 3524 719 3593 allectus,
763 3525 1010 3581 vulnerat
1074 3525 1373 3595 daemones,
1400 3528 1530 3585 dum
1576 3531 1667 3586 ille
1721 3532 1938 3601 quidem
1996 3548 2056 3588 se

467 3618 648 3688 pravis
675 3618 1063 3688 cupiditatibus
1084 3618 1334 3676 laborare
1376 3620 1621 3690 simulat,
1655 3623 1817 3694 375
1842 3627 2057 3695 pcrhoc

469 3712 679 3765 hostem
716 3710 875 3775 fallit,
926 3723 979 3767 et
1018 3713 1134 3782 ipse
1156 3712 1375 3769 interim
1433 3716 1872 3788 inexpugnabilis
1931 3736 2054 3790 per-

465 3803 628 3859 sistit.
661 3804 902 3860 Affectus
941 3807 1220 3876 quidame
1287 3808 1550 3865 fratribus
1619 3808 1939 3880 ignominia,
2001 3823 2056 3867 et

466 3897 602 3951 nihil
624 3898 841 3966 penitus
880 3899 1066 3952 animo
1121 3902 1497 3969 perturbatus,
1551 3913 1915 3974 precatusque
1966 3921 2054 3959 se-

463 4005 589 4044 cum
625 4001 824 4058 mente,
857 3990 981 4046 dein
1019 3992 1141 4047 ﬁcte
1180 3992 1259 4048 sic
1289 3993 1359 4049 ob
1397 3994 1670 4065 irrogalas
1723 3996 2056 4068 ignominias

463 4084 752 4138 lamentari
786 4086 972 4154 coepit,
1005 4093 1169 4155 atque
1216 4085 1262 4141 si
1303 4085 1497 4142 fuisset
1524 4088 1678 4143 valde
1707 4099 1911 4156 motus,
1942 4105 2054 4161 quo

464 4185 624 4244 pacto
649 4191 808 4230 suam
865 4176 1038 4231 animi
1080 4178 1533 4249 tranquillitatem
1580 4179 1648 4235 ab
1693 4182 1846 4236 omni
1922 4197 2050 4252 per-

467 4267 781 4322 turbatione
861 4268 1111 4334 liberam,
1186 4285 1282 4340 per
1309 4270 1486 4326 fictam
1581 4272 2052 4341 perturbationem

463 4357 779 4413 occultavit.
826 4359 984 4420 Alius
1014 4359 1247 4414 fratrum
1280 4377 1311 4416 a
1364 4362 1538 4432 prima
1573 4362 1834 4418 cathedra
1889 4379 2052 4433 pror-

463 4466 560 4506 sus
601 4450 813 4506 alieuus
845 4455 1094 4507 eamdem
1125 4463 1307 4509 tamen
1336 4470 1397 4510 se
1445 4455 1600 4509 valde
1661 4455 1917 4512 affectare
1977 4458 2052 4511 si-

465 4543 713 4600 mulavit.
742 4542 1028 4610 Quomodo
1059 4546 1158 4601 tibi
1207 4547 1353 4602 illius
1415 4549 1719 4603 castitatem
1759 4564 2050 4618 exponam.

461 4636 554 4706 qui
601 4637 762 4708 quasi
793 4648 1118 4707 peccaturus
1150 4640 1204 4693 in
1237 4640 1471 4710 lupanar
1505 4640 1690 4703 irruit,
1751 4649 1806 4695 et
1866 4642 2050 4711 lupam

2168 2153 2335 2222 ήγάρ
2369 2152 2486 2216 ὁδὸς
2525 2153 2619 2206 καὶ
2648 2154 2683 2222 ή
2729 2152 2869 2220 θύρα
2906 2152 3178 2222 ἡνὲῳκται
3218 2151 3332 2221 (10)
3370 2168 3386 2184 ο
3427 2152 3460 2222 ὴ
3505 2152 3604 2221 μὲν
3642 2150 3747 2203 τῶν

2167 2243 2609 2316 κατορθωμάτων
2640 2243 2748 2297 τῶν
2789 2243 3172 2314 πνευματικῶν
3204 2244 3456 2314 πατέρων
3485 2245 3744 2315 ἀκρόασις

2165 2335 2256 2388 τὸν
2311 2335 2435 2389 νοῦν
2473 2335 2568 2389 καί⁵
2608 2335 2706 2406 τὴν
2740 2335 2918 2405 ψυχὴν
2962 2336 3098 2406 πρὸς
3137 2335 3297 2406 ζῆλον
3339 2334 3742 2399 διυπνίζουσινο

2165 2427 2276 2496 ἠδὲ
2300 2425 2654 2494 διδασκαλικὴ
2689 2425 2952 2496 ἀκρόασίς
2995 2426 3112 2477 ἐστι
3144 2424 3364 2486 σκοτίας
3394 2422 3607 2492 λύχνος,
3647 2441 3740 2478 πε-

2166 2519 2341 2589 πλανη
2351 2517 2526 2588 μένων
2551 2516 2828 2581 ἐπάνοδος,
2859 2516 3266 2586 μυωπαζόντων
3295 2515 3596 2584 φωτισμός.
3624 2517 3740 2568 Δια-

2163 2609 2408 2682 κριτικός
2441 2611 2590 2663 ἐστιν
2625 2606 2836 2676 ὑγιείας
2861 2607 3123 2677 εὑρετὴς,
3170 2606 3264 2660 καὶ
3296 2606 3449 2661 νόσου
3490 2605 3738 2676 καθαιρέο

2162 2719 2282 2770 της.
2315 2699 2474 2755 Κατά
2505 2699 2600 2753 δύο
2631 2700 2866 2770 τρόπους
2909 2697 3111 2761 πάντες
3142 2699 3192 2750 οἱ
3229 2698 3515 2767 λεγόμενοι
3553 2712 3738 2767 μικρο-

2162 2793 2468 2864 οαύμαστοι
2513 2791 2672 2846 τοῦτο
2719 2790 2949 2861 πάσχειν
3003 2789 3316 2858 πεφύκασι·
3373 2790 3407 2860 ἢ
3466 2788 3736 2856 ἀγνωσίας

2161 2885 2396 2955 ἐσχάτης
2438 2883 2633 2954 χάριν,
2671 2883 2706 2954 ἢ
2760 2881 2949 2952 σκοπῷ
3001 2880 3502 2952 ταπεινοφροσύνης
3545 2880 3614 2932 τὰ
3651 2878 3737 2932 τοῦ

2161 2977 2388 3049 πλησίον
2415 2975 2812 3046 μεγαλύνοντες
2837 2976 2931 3029 καὶ
2969 2974 3312 3045 ἐπαίροντες.
3360 2973 3734 3042 Ἀγωνισώμε·

2161 3069 2228 3124 θα
2255 3069 2331 3140 μὴ
2356 3069 2518 3140 μόνον
2547 3067 2820 3131 παλαίειν,
2845 3066 2982 3120 ἀλλά
3006 3066 3262 3138 πολεμεῖν
3289 3067 3412 3127 τοὺς
3448 3067 3701 3133 δαίμονας
3722 3079 3734 3093 ·

2159 3161 2188 3214 ὁ
2231 3161 2330 3232 μὲν
2360 3159 2467 3231 γὰρ
2504 3158 2634 3213 ποτὲ
2667 3159 2765 3230 μὲν
2797 3157 3002 3228 βάλλει,
3033 3159 3164 3212 ποτε
3192 3157 3248 3210 δὲ
3281 3157 3554 3228 βάλλεται.
3595 3155 3658 3207 Οἱ
3682 3154 3734 3206 δὲ

2161 3255 2392 3310 πάντοτε
2426 3254 2516 3307 τὸν
2548 3252 2741 3324 ἐχθρὸν
2787 3250 3098 3308 διώκουσιν.
3141 3251 3201 3304 '0
3245 3251 3474 3320 νικήσας
3497 3249 3566 3302 τὰ
3599 3247 3737 3315 πάθη

2159 3345 2718 3418 τιτρώσκειδαίμονας
2733 3363 2746 3376 ·
2768 3343 2838 3398 τὰ
2858 3343 3002 3415 πάθη
3020 3344 3116 3414 μὲν
3134 3343 3560 3413 ὑποκρινόμενος
3580 3340 3735 3410 ἔχειν,

2157 3437 2244 3490 διὰ
2270 3437 2458 3491 τούτου
2492 3437 2549 3490 δὲ
2591 3436 2817 3490 ἀπατῶν
2859 3437 2984 3498 τοὺς
3015 3435 3243 3505 ἐχθροὺς
3277 3433 3442 3487 αὑτοῦ
3464 3475 3478 3496 ,
3522 3433 3617 3485 καὶ
3650 3431 3739 3501 μὲ-

2157 3550 2264 3586 νων
2289 3533 2633 3603 ἀπολέμητος
2671 3531 2730 3599 ἐξ
2761 3530 2961 3585 αὐτῶν.
3011 3529 3316 3600 Ἠτιμάσθη
3358 3530 3489 3581 ποτέ
3525 3545 3608 3591 τις
3638 3527 3736 3580 τῶν

2159 3623 2404 3693 ἀδελφῶν
2425 3624 2560 3695 (ll),
2610 3623 2702 3676 καὶ
2764 3622 2886 3693 μηδ’
2928 3621 3068 3684 ὅλως
3114 3619 3357 3690 κινηθεὶς
3403 3622 3469 3690 τῇ
3526 3618 3734 3689 καρδίᾳ,

2160 3713 2300 3767 κατὰ
2341 3713 2464 3766 νοῦν
2501 3712 2942 3784 προσευξάμενος
2975 3727 2987 3738 ·
3027 3706 3126 3764 εἷθ’
3163 3710 3336 3774 οῦτως
3379 3707 3736 3779 ἀποδύρεσθαι

2159 3807 2251 3858 ἐπὶ
2287 3808 2406 3870 ταῖς
2435 3804 2684 3876 ἀτιμίαις
2716 3805 2920 3876 ἤρξατο
2941 3805 3007 3858 δι’
3039 3804 3379 3858 ὲπιπλάστου
3405 3802 3614 3863 πάθους
3643 3800 3736 3871 τὴν

2157 3899 2351 3953 ἑαυτοῦ
2381 3899 2649 3954 ἀπάθειαν
2687 3898 3168 3970 ἀποκρυψάμενος.
3205 3896 3433 3966 Ἕτερος
3465 3895 3574 3947 τῶν
3595 3893 3737 3948 ἀδελ-

2155 3992 2270 4062 φῶν
2303 3994 2381 4056 εἰς
2419 3991 2819 4064 προκαθεδρίαν
2853 3989 2928 4043 ὣν
2959 3991 3038 4052 είς
3072 3989 3220 4043 άπαν
3251 3989 3569 4054 ἀνόρεκτος,
3601 3986 3734 4056 ὑπὲρ

2153 4084 2357 4156 ταύτης
2379 4084 2468 4138 τὸν
2502 4083 2770 4140 πονοῦντα
2805 4081 3159 4154 ὑπεκρίνατο.
3191 4081 3318 4145 Πῶς
3341 4081 3399 4134 δέ
3430 4098 3514 4133 σοι
3547 4079 3734 4148 φράσω

2152 4175 2250 4247 τὴν
2286 4176 2498 4228 ἐκείνου
2533 4175 2756 4244 ἁγνείαν
2781 4175 2916 4246 (12),
2950 4175 3044 4229 τοῦ
3089 4175 3147 4227 ὲν
3190 4172 3425 4245 πορνείῳ
3459 4171 3539 4243 τῷ
3563 4172 3734 4225 δοκεῖν

2155 4267 2430 4338 ἁμαρτίας
2455 4267 2619 4321 ἕνεκα
2649 4268 3104 4341 είσπηδήσαντος,
3132 4266 3228 4338 τὴν
3267 4267 3324 4318 δὲ
3360 4265 3567 4337 πόρνην
3603 4263 3734 4336 πρὸς

2153 4363 2386 4433 ἄσκησιν
2435 4363 2882 4433 ἀνασπᾴσαντος;
2920 4362 3039 4416 Τίνι
3078 4360 3240 4415 πάλιν
3275 4359 3384 4412 τῶν
3435 4356 3733 4430 ἡσυχαζόν-

2153 4473 2261 4508 των
2295 4455 2491 4526 βότρυν
2523 4473 2607 4519 τις
2637 4455 3047 4526 προσκεκόμικε
3077 4453 3223 4525 πρωῒ
3250 4453 3372 4506 λίαν
3409 4467 3423 4482 '
3458 4454 3485 4504 ὁ
3513 4451 3570 4503 δὲ
3601 4446 3734 4520 μετά

2151 4547 2254 4622 τὴν
2287 4547 2380 4601 τοῦ
2422 4547 2868 4618 προσαγηοχότος
2919 4545 3103 4616 ἄφιξιν
3147 4546 3298 4616 ὀξείᾳ
3336 4547 3480 4615 ὁρμῇ
3513 4560 3618 4596 τινι
3646 4543 3731 4594 ἀν-

2153 4639 2394 4710 ορέκτως
2439 4642 2628 4693 τοῦτον
2666 4639 2933 4711 βέϐρωκε,
2990 4642 3102 4701 τοῖς
3138 4638 3356 4706 δαίμοσι
3397 4635 3731 4704 γαστρίμαρ-

461 4726 590 4780 inde
653 4727 982 4781 abstractam
1042 4728 1108 4780 ad
1175 4727 1493 4797 religiosam
1557 4729 1723 4782 vitam
1773 4729 2049 4784 traduxit?

2163 4749 2247 4799 γον
2274 4731 2464 4785 ἑαυτὸν
2506 4730 2864 4800 ὲμφανίζων;
2898 4731 3060 4793 ἄλλος
3101 4728 3264 4782 πάλιν
3299 4725 3473 4797 μικρά
3525 4723 3732 4778 ἀπολω-

464 4819 629 4875 Alteri
657 4819 870 4874 cuidam
902 4836 966 4873 ex
994 4819 1254 4873 solitariis
1291 4821 1510 4888 quidam
1536 4823 1714 4890 prima
1741 4821 1864 4876 luce
1888 4839 2047 4876 uvam

460 4913 662 4980 attulit,
688 4914 807 4984 qui,
853 4923 978 4982 post
1015 4913 1135 4982 ejus
1169 4914 1260 4983 qui
1290 4914 1504 4967 botrum
1541 4919 1799 4969 attulerat
1843 4915 2052 4970 disces-

461 5022 609 5074 sum,
659 5022 859 5077 magno
887 5006 1093 5075 impetu
1154 5023 1314 5078 uvam
1353 5007 1513 5061 simul
1548 5008 1665 5062 sine
1713 5009 1825 5062 ullo
1888 5017 2049 5078 gustu

460 5110 555 5155 aut
591 5100 831 5169 appetitu
883 5108 1162 5154 momento
1196 5101 1499 5165 devoravit,
1535 5109 1596 5154 ut
1645 5103 1923 5156 daemones
1984 5101 2047 5154 il-

462 5194 572 5246 lum
604 5207 702 5262 pro
727 5193 919 5263 guloso
951 5191 1236 5246 haberent.
1285 5192 1448 5248 ~Alius
1498 5210 1714 5249 rursum
1761 5209 1882 5247 cum
1926 5195 2045 5263 pal-

459 5283 638 5338 mulas
663 5282 928 5351 quasdam
959 5280 1256 5343 amisisset,
1297 5290 1411 5336 toto
1466 5281 1552 5335 die
1609 5296 1667 5335 se
1715 5281 1900 5336 dolere
1947 5279 2046 5333 liu—

2153 4821 2325 4886 λεκὼς
2355 4821 2564 4888 θαλλία,
2595 4822 2810 4877 ἃπασαν
2836 4822 2937 4883 τὴν
2968 4821 3180 4893 ἡμέραν
3215 4819 3393 4873 ἐποίει
3427 4819 3616 4872 ἑαυτὸν
3643 4817 3734 4871 ἀλ-

2152 4914 2451 4984 γυνόμενον
2484 4928 2496 4942 ·
2529 4913 2700 4983 πολλὴ
2730 4917 2844 4977 τοῖς
2869 4913 3132 4975 τοιούτοις
3164 4911 3380 4982 νήψεως
3411 4910 3569 4980 χρεία
3599 4907 3732 4961 καθ-

2150 5005 2396 5075 έστηκε,
2459 5007 2654 5076 μήπως
2751 5003 3045 5076 ἐμπαίζειν
3097 5004 3593 5074 ἐπιχειρήσαντες,
3659 5000 3736 5060 είς

2147 5098 2466 5169 ἐμπαιγμὸν
2490 5098 2870 5168 καταλὴξωσιν
2896 5097 3030 5169 (15).
3074 5089 3235 5149 Οὗτοι
3265 5093 3373 5164 γὰρ
3413 5093 3582 5154 ὅντως
3613 5089 3734 5156 περὶ

2151 5185 2227 5243 ὧν
2259 5207 2343 5253 τις
2384 5189 2604 5260 ἔφησεν,
2650 5190 2746 5254 Ὠς
2786 5189 3009 5242 πλάνοι
3045 5185 3419 5258 τυγχάνουσι
3454 5184 3553 5238 καὶ
3594 5184 3734 5248 ἀλη-

2154 5283 2296 5346 θεῖς.

460 5381 559 5434 xit.
596 5379 701 5435 Sed
751 5379 923 5434 multa
963 5378 1050 5434 his
1093 5393 1231 5448 Opus
1265 5389 1348 5433 cst
1403 5379 1656 5434 cautione
1727 5390 1780 5432 et
1839 5377 2158 5440 sobrietate,
2211 5395 2296 5443 nc,
2372 5380 2501 5433 dum
2565 5379 2750 5433 ludere
2798 5385 3099 5432 daemonem
3163 5384 3455 5438 conantur,
3503 5373 3605 5444 ipsi
3642 5371 3725 5424 de-

465 5487 611 5526 mum
663 5472 958 5528 ludibrium
997 5471 1262 5528 daemonis
1292 5470 1442 5526 fiant.
1470 5469 1559 5526 Isti
1589 5471 1736 5526 enim
1794 5469 2038 5540 profecto
2078 5480 2204 5524 sunt
2273 5471 2339 5524 de
2404 5471 2604 5540 quibus
2638 5470 2859 5539 quidam
2896 5468 3030 5524 dixit
3064 5487 3076 5522 :
3126 5465 3193 5521 Ut
3245 5466 3543 5520 seductores
3576 5473 3624 5518 et
3648 5479 3732 5517 re-

464 5585 612 5626 ruces
646 5569 716 5624 ⁸⁷.

459 5737 465 5742 ⁷
534 5743 636 5797 "ll
666 5744 792 5800 Cor.
840 5762 913 5810 γι,
945 5747 997 5800 8.
