4030 6430
287 406 432 479 1065

1222 408 1452 472 SCALA
1494 411 1877 472 PARADISI.
1905 408 2306 471 -—G.RADUS
2357 413 2564 475 XXVI.

3431 415 3568 483 1066

354 521 427 574 Εἴ
449 537 536 586 τις
582 520 743 592 σῶμα
793 521 988 592 στῆσαι
1032 520 1295 593 βούληται
1344 523 1512 591 ἁγνὸν
1534 522 1610 593 τῷ
1654 523 1868 595 Κυρίῳ,

2051 519 2106 576 Si
2148 523 2273 594 quis
2305 524 2534 580 Domino
2588 538 2790 595 corpus
2853 539 3012 580 suum
3055 533 3289 592 castum,
3345 534 3399 581 et
3468 543 3575 584 cor

282 611 385 664 καὶ
423 610 656 681 καρδίαν
702 611 952 684 καθαράν
998 612 1376 680 ἐπιδείξασθαι
1413 612 1586 684 αὐτῷ,
1625 614 1871 685 τηρησά-

280 717 363 756 τω
402 702 707 774 ἀοργησίαν
754 705 850 758 καὶ
897 706 1263 779 ἐγκράτειαν
1296 707 1501 762 τούτων
1520 707 1631 780 γὰρ
1679 709 1871 779 χωρίς,

280 792 395 855 πᾶς
447 791 619 856 κόπος
686 794 719 864 ἡ
730 793 847 864 μῶν
909 794 1188 867 ἀνόνητος.
1227 795 1442 867 Ὠσπερ
1497 796 1731 868 διάφορα
1764 794 1873 849 τῶν

278 883 586 955 ὀφθαλμῶν
607 884 677 940 τὰ
706 886 884 958 φῶτα,
919 886 1093 953 οὕτως
1131 885 1323 942 πολλαὶ
1369 889 1465 943 καὶ
1497 888 1748 959 διάφοροι
1777 889 1872 941 τοῦ

279 978 480 1046 νοητοῦ
508 979 662 1052 ήλίου
689 981 745 1034 αί
770 981 828 1034 ἐν
849 980 996 1053 ψυχῇ
1017 982 1303 1053 γινόμεναι
1324 980 1673 1045 ἐπισκιάσεις
1696 996 1709 1011 ⁶
1734 979 1872 1051 ἄλλη

286 1071 393 1142 μὲν
438 1072 570 1145 γὰρ,
614 1075 648 1147 ἡ
680 1070 769 1129 διὰ
794 1073 906 1128 τῶν
939 1074 1271 1146 σωματικῶν
1313 1073 1586 1147 δακρύων,
1618 1075 1710 1128 καὶ
1737 1073 1874 1145 άλλη

282 1165 319 1235 ἠ
351 1164 444 1218 διά
471 1163 583 1217 τῶν
611 1162 859 1235 ψυχικῶν
879 1180 893 1194 ⁸
921 1163 1085 1236 ἑτέρα
1119 1166 1153 1237 ἠ
1195 1164 1285 1219 διά
1325 1165 1437 1220 τῶν
1479 1162 1574 1218 τοῦ
1621 1161 1875 1234 σώματος

280 1255 607 1327 ὀφθαλμῶν,
662 1257 757 1310 καί
810 1257 978 1328 ἐτέρα
1025 1254 1116 1310 διὰ
1147 1257 1257 1310 τῶν
1300 1255 1507 1329 νοερῶν
1531 1273 1545 1287 ο
1575 1254 1710 1327 άλλη
1746 1255 1779 1325 ἡ
1814 1252 1874 1318 ἐξ

283 1347 459 1417 ἀκοῆς
506 1334 692 1417 λόγου,
751 1346 847 1401 καὶ
877 1346 1044 1418 ἑτέρα
1068 1349 1102 1418 ἡ
1146 1347 1454 1417 ἰδιαιρέτως
1487 1347 1790 1416 κινουμένη
1816 1346 1874 1397 ἐν

278 1443 352 1511 τῇ
384 1440 530 1510 ψυχῇ
564 1439 920 1508 ἀγαλλίασιςο
954 1438 1089 1510 ἄλλη
1194 1439 1255 1502 ἐξ
1296 1437 1552 1509 ἡσυχίας,
1584 1437 1678 1491 καὶ
1708 1435 1874 1507 ἑτέρα

281 1534 319 1601 ἡ
353 1531 413 1597 ἐξ
440 1532 708 1605 ὑπακοῆς.
739 1530 884 1600 Πρὸς
912 1529 1128 1595 τούτοις
1155 1530 1323 1584 πᾶσιν
1350 1529 1485 1601 ἄλλη
1514 1532 1546 1600 ἡ
1577 1529 1642 1582 δι’
1673 1528 1872 1582 ἐκστά-

284 1639 426 1686 σεως
460 1623 551 1677 τὸν
577 1621 700 1674 νοῦν
734 1622 793 1672 ἐν
842 1619 990 1689 φωτὶ
1027 1619 1105 1690 τῷ
1136 1617 1359 1689 Χριστῷ
1404 1617 1733 1690 παριστῶσα
1767 1618 1873 1690 ap-

283 1716 467 1787 ρήτως
493 1716 585 1768 καὶ
639 1713 956 1782 ἀφράστως.
1006 1712 1158 1765 Εἰσὶν
1189 1711 1386 1782 ἀρεταὶ
1426 1712 1521 1765 καὶ
1564 1711 1674 1763 είσί
1704 1711 1874 1782 μητέ-

280 1824 381 1877 ρες
407 1805 621 1877 ἀρετῶν
660 1804 795 1875 (ιιι).
835 1803 894 1859 Ὀ
918 1802 1165 1875 ἐχέφρων
1195 1804 1378 1857 τοίνυν
1411 1803 1505 1856 ἐπὶ
1533 1806 1600 1873 τῇ
1633 1802 1740 1856 τῶν
1774 1822 1875 1874 μη-

1982 629 2144 669 suum
2184 615 2451 671 mundum
2492 616 2687 672 sistere
2738 616 2854 671 vult
2908 625 2964 673 et
3007 617 3231 689 cogitat,
3292 618 3573 675 custodiat

1981 715 2036 761 et
2072 708 2325 763 observet
2367 709 2848 765 mansuetudinem
2902 719 2958 765 et
3009 709 3406 766 continentiam
3467 727 3564 767 seu

1980 798 2408 855 abstinentiam:
2447 802 2569 859 sine
2620 801 2704 856 his
2732 802 2875 857 cnim
2929 802 3081 858 labor
3133 803 3313 859 omnis
3355 802 3568 859 inutilis

1981 899 2086 947 est.
2138 889 2619 958 Quemadmodum
2670 894 2952 950 oculorum
3011 894 3229 951 diversa
3293 903 3420 951 sunt
3480 893 3567 948 lu-

1982 982 2153 1050 mina,
2187 983 2261 1037 ita
2301 983 2485 1039 multa:
2520 994 2574 1040 et
2608 986 2771 1041 varia:
2802 993 2934 1042 sunt
2961 984 3032 1042 ab
3052 985 3424 1057 intelligentiae
3449 986 3568 1042 sole

1958 1070 2039 1126 ain
2070 1072 2256 1128 anima
2284 1072 2770 1130 obumbrationes:
2814 1074 2983 1147 376
3050 1076 3155 1130 alia
3206 1090 3302 1146 per
3363 1088 3564 1145 corpo-

1983 1178 2112 1220 reas
2145 1165 2456 1239 lacrymas;
2512 1166 2618 1222 alia
2657 1181 2756 1236 per
2806 1166 3097 1223 interiores
3165 1167 3399 1234 animat;
3458 1165 3568 1221 alia

1979 1270 2077 1327 per
2117 1256 2308 1313 oculos
2340 1271 2371 1313 e
2417 1272 2645 1328 corpore
2670 1257 2926 1324 emicant,
2961 1256 3066 1313 alia
3103 1272 3201 1330 per
3264 1258 3568 1329 intelligen-

1981 1354 2087 1411 tes,
2122 1347 2230 1402 alia
2262 1350 2323 1403 tit
2373 1363 2470 1418 per
2534 1348 2684 1404 verbi
2728 1336 3105 1413 auditionem,
3183 1348 3289 1405 alia
3357 1349 3568 1421 sigilla-

1982 1435 2077 1492 tim
2104 1447 2190 1495 est
2226 1450 2499 1497 commota
2529 1440 2584 1495 in
2616 1440 2800 1495 anima
2837 1439 3239 1496 exsultabunda
3298 1440 3569 1504 hilaritas.

1980 1530 2086 1585 alia
2123 1546 2157 1587 e
2190 1531 2409 1588 silentio
2459 1540 2522 1612 et.
2540 1533 2747 1604 quiete,
2780 1532 2889 1588 alia
2944 1547 3013 1588 ex
3062 1531 3369 1587 obedientia
3419 1532 3574 1588 exsi-

1980 1619 2094 1680 stit.
2134 1620 2311 1693 Atque
2331 1630 2526 1694 praeter
2579 1625 2694 1679 haec
2750 1622 2935 1678 omnia
2968 1621 3078 1677 alia
3132 1636 3201 1678 ex
3252 1630 3410 1693 raptu
3475 1621 3572 1693 qui

1980 1725 2216 1773 mentem
2257 1718 2311 1772 in
2343 1719 2466 1774 luce
2503 1718 2726 1774 Christo
2766 1718 2931 1774 modo
2987 1716 3230 1789 quodam
3271 1730 3474 1771 arcano
3514 1720 3574 1769 et

1982 1807 2346 1879 inexplicabili
2395 1819 2772 1881 reprzesentat.
2835 1808 2978 1865 Sunt
3021 1809 3273 1874 virtutes,
3340 1815 3395 1863 et
3442 1814 3575 1862 sunt

276 1897 460 1970 τὲρων
506 1895 709 1967 μᾶλλον
754 1895 1086 1963 ἀγωνίζεται
1143 1896 1334 1966 κτήσει
1360 1912 1376 1928 ο
1406 1894 1517 1948 τῶν
1564 1894 1665 1965 μὲν
1702 1896 1872 1965 μητέ-

1976 1900 2239 1955 virtutum
2265 1911 2540 1972 parentes.
2587 1900 2696 1969 Qui
2739 1901 2923 1973 aliqua
2977 1900 3266 1972 prudentia
3310 1899 3572 1971 praeditus

285 2006 399 2059 ρων
424 1989 558 2053 Θεὸς
591 1988 756 2051 αὐτὸς
802 1989 863 2041 ὲν
904 1987 1010 2058 ἰδία
1062 1987 1318 2059 ἐνεργείᾳ
1362 1985 1685 2048 διδάσκαλος
1712 2003 1725 2016 ·
1760 1986 1869 2039 τῶν

275 2084 338 2135 δὲ
366 2081 687 2153 θυγατέρων
728 2080 992 2135 πλεῖστοι.
1040 2080 1379 2151 Πρόσχωμεν
1420 2079 1622 2150 μήπως
1650 2077 1751 2148 τὴν
1774 2076 1871 2147 τῆς

275 2174 502 2246 τρυφῆς
541 2174 748 2229 ἔνδειαν
787 2173 876 2229 διὰ
911 2172 1249 2236 πολυυπνίας
1297 2169 1709 2242 ἀναπληρῶμεν
1737 2186 1749 2200 ·
1777 2168 1873 2241 ἐρ-

277 2278 382 2327 γον
435 2261 547 2331 γάρ
599 2262 853 2334 ἀφρόνων
907 2258 1099 2327 τοῦτο,
1148 2258 1337 2329 ὥσπερ
1362 2260 1457 2314 καὶ
1496 2259 1556 2312 τὸ
1608 2257 1868 2329 ἔμπαλιν.

280 2349 441 2407 Εἶδον
469 2353 709 2424 ἐργάτας
747 2354 890 2408 κατὰ
916 2370 1037 2407 τινα
1086 2351 1405 2423 περίστασιν
1449 2350 1645 2423 μικρὸν
1670 2351 1738 2422 τῇ
1769 2365 1873 2419 γα-

282 2447 408 2517 στρὶ
436 2444 919 2516 ὑποχαλάσαντας·
953 2443 1150 2497 θᾶττον
1178 2442 1234 2496 δὲ
1256 2444 1305 2497 oi
1336 2442 1576 2515 ἀνδρεῖοι
1613 2442 1703 2497 διά
1730 2458 1868 2497 παν-

277 2536 468 2608 νυχίου
520 2536 766 2601 στάσεως
802 2536 901 2608 τὴν
930 2535 1193 2591 τάλαιναν
1237 2533 1593 2602 ἐϐασάνισαν,
1643 2534 1740 2588 καί
1781 2535 1873 2588 τὸν

278 2630 447 2701 κόρον
473 2628 571 2682 τοῦ
604 2626 793 2682 λοιποῦ
838 2628 980 2699 μετά
1006 2628 1181 2700 χαρᾶς
1224 2625 1671 2697 ἀποστρέφεσθαι
1717 2627 1875 2680 ἐπαί-

206 2781 229 2789 _
272 2724 499 2779 δευσαν.
556 2723 786 2779 Παλαίει
842 2724 943 2796 μὲν
974 2724 1003 2778 ό
1041 2725 1141 2796 τῆς
1193 2722 1566 2797 φιλαργυρίας
1612 2721 1872 2795 [δαίμων]

277 2816 453 2882 ὀξέως
481 2817 595 2880 τοῖς
621 2816 927 2888 ἀκτήμοσιν
949 2831 977 2853 ἠ
995 2815 1127 2872 ὅταν
1154 2815 1212 2869 δὲ
1247 2815 1325 2888 μὴ
1353 2814 1571 2888 ίσχύσῃ,
1602 2814 1723 2868 τότε
1760 2814 1872 2869 λοι-

278 2910 387 2963 πὸν
417 2911 545 2974 τοὺς
573 2909 821 2980 πτωχοὺς
852 2909 934 2973 είς
964 2908 1221 2981 ἀφορμὴν
1252 2907 1717 2980 προϐαλλόμενος,
1754 2908 1869 2961 ὑλι-

277 3002 415 3065 κοὺς
464 3001 630 3057 πάλιν
678 3003 806 3066 τοὺς
849 3001 1051 3067 ἀΰλους
1090 3002 1349 3056 ἀνέπεισε
1382 2999 1665 3070 γενέσθαι.
1710 2999 1870 3053 Ἀθυ-

280 3093 515 3167 μοῦντες
544 3094 667 3167 μὲν,
696 3094 799 3166 τῆς
828 3094 965 3167 πρὸς
996 3094 1088 3147 τὸν
1120 3094 1329 3165 Πέτρον
1372 3092 1598 3164 ἐντολῆς
1626 3090 1722 3146 τοῦ
1754 3094 1871 3147 Κυ-

278 3186 403 3260 ρίου
451 3185 766 3251 ἐννοοῦντες
803 3186 879 3258 μὴ
915 3183 1281 3257 παυσώμεθα,
1314 3183 1410 3238 τοῦ
1437 3186 1747 3255 συγχωρεῖν
1773 3183 1868 3237 ἐδ-

274 3271 684 3350 δομηκοντάκις
706 3278 848 3332 ἐσττά
871 3275 949 3349 τῷ
991 3276 1388 3349 ἁμαρτάνοντι.
1414 3275 1516 3339 Ὃς
1558 3274 1667 3345 γάρ
1699 3276 1872 3348 ἑτέρῳ

274 3371 609 3441 ἐνετείλατο,
637 3370 856 3434 πάντως
876 3369 972 3424 καί
991 3370 1157 3434 αὐτὸς
1174 3367 1355 3439 πολλῷ
1377 3366 1541 3421 πλέον
1564 3368 1867 3439 ποιήσειεν.

288 3463 681 3535 Ἑπαιρόμενοι
710 3462 789 3529 δὲ,
815 3462 877 3516 τὸ
904 3460 1132 3535 σύμπαν
1166 3458 1262 3515 τοῦ
1291 3459 1582 3532 εἰρηκότος
1615 3459 1692 3533 μὴ
1727 3477 1869 3515 ἰι-αυ⁴

279 3556 512 3630 σώμεθα
535 3556 903 3628 ἐννοούμενοι.
938 3554 1131 3619 Ὅστις
1151 3552 1364 3608 τελέσει
1387 3554 1568 3608 πάντα
1589 3553 1682 3608 τὸν
1705 3570 1870 3607 πνευ-

278 3651 514 3725 ματικὸν
564 3651 750 3723 νόμον,
784 3650 1007 3704 πταίσει
1032 3648 1090 3703 δὲ
1120 3648 1180 3703 ἐν
1221 3649 1302 3702 ἐνὶ
1336 3646 1522 3715 πάθει,
1555 3647 1704 3702 τοῦτ’
1731 3648 1871 3716 ἐστι,

277 3748 338 3801 ἐν
367 3743 816 3817 ὑψηλοφροσύνῃ,
842 3744 1037 3813 γέγονε
1063 3742 1284 3797 πάντων
1326 3739 1535 3812 ἔνοχος.
1582 3739 1706 3793 Εἰσί
1725 3757 1871 3805 τινες

278 3837 673 3910 πνευματικῶν
714 3835 970 3908 πονηρῶν
1021 3835 1117 3889 καὶ
1157 3832 1441 3905 φθονερῶν
1504 3831 1873 3895 καταστάσεις

279 3930 554 3995 ἑκουσίως
580 3931 690 3985 τῶν
719 3931 894 4000 ἁγίων
944 3926 1351 4000 ύποχωροῦσαι,
1393 3926 1481 3981 ἵνα
1516 3926 1593 3997 μὴ
1635 3926 1730 3980 ἐπὶ
1758 3928 1871 3989 τοῖς

273 4024 567 4095 ἀνικήτοις
619 4023 878 4094 πολέμοις
926 4020 1181 4093 πρόξενοι
1229 4019 1514 4091 στεφάνων
1542 4021 1657 4082 τοῖς
1684 4018 1874 4089 ὀχλου-

282 4115 477 4185 μένοις
496 4113 782 4183 γένωνται.
814 4113 1099 4184 Μακάριοι
1142 4112 1243 4184 μὲν
1263 4113 1312 4165 oi
1341 4112 1678 4183 εἰρηνοποιοί
1728 4111 1865 4183 (15),

281 4206 385 4261 καὶ
407 4204 584 4269 οὐδεὶς
612 4207 641 4260 ὁ
660 4206 978 4275 ἀντιλέγων.
1020 4203 1164 4274 Ἐγὼ
1196 4202 1255 4257 δὲ
1304 4202 1529 4274 ἑώρακα
1558 4203 1651 4257 καί
1676 4201 1875 4274 ἐχθροο

275 4301 474 4364 ποιοὺς
501 4300 808 4372 μακαρίους
830 4318 845 4333 ο
877 4299 972 4354 δύο
1010 4298 1156 4362 τινὲς
1196 4297 1335 4369 πρὸς
1375 4296 1643 4369 ἀλλήλους
1687 4295 1875 4369 σχέσιν

276 4394 551 4465 πορνικὴν
609 4394 942 4464 ἐκέκτηντοο
990 4391 1101 4445 τῶν
1147 4389 1209 4444 δέ
1260 4388 1734 4459 γνωστικωτάτων
1788 4405 1875 4453 τις

276 4478 423 4549 ἀνὴρ
445 4478 836 4549 δοκιμώτατος,
863 4482 1115 4546 διάκονος
1143 4479 1284 4552 πρὸς
1321 4477 1623 4548 ἑκατέρους
1678 4479 1874 4551 μίσους

1974 2002 2059 2048 est
2098 1992 2273 2063 magis
2311 1991 2541 2060 laborat,
2581 2003 2643 2048 ut
2672 1993 2819 2064 ipsas
2870 1991 3137 2047 virtutum
3172 1988 3570 2062 procreatriees

1974 2082 2078 2137 sibi
2105 2092 2406 2154 comparet.
2450 2084 2657 2140 Harum
2694 2080 2982 2156 [matrum]
3015 2082 3161 2138 enim
3204 2081 3467 2154 magister
3514 2092 3571 2135 et

1974 2177 2167 2235 doctor
2192 2194 2289 2249 per
2319 2178 2659 2250 singularem
2685 2175 2983 2247 quamdam
3032 2176 3144 2231 vim
3183 2184 3239 2231 et
3288 2172 3569 2243 energiam

1975 2268 2093 2338 ipse
2134 2267 2277 2326 Deus
2300 2278 2424 2324 est:
2464 2269 2725 2324 virtutum
2799 2266 3086 2340 [ﬁliarum]
3143 2281 3274 2322 vero
3321 2264 3566 2337 plurimi.

1974 2360 2280 2417 Caveamus
2351 2376 2421 2417 nc
2465 2361 2787 2418 deliciarum
2824 2361 3067 2431 inopiam
3140 2359 3315 2414 multo
3370 2370 3568 2414 somno

1975 2467 2417 2524 compensemus,
2457 2453 2561 2509 boc
2594 2453 2742 2509 enim
2795 2452 3087 2509 stultorum
3150 2465 3288 2522 opus
3345 2460 3448 2515 cst,
3507 2463 3569 2504 ut

1975 2547 2312 2602 contrarium
2342 2546 2676 2617 sapientum.
2715 2544 2837 2600 Vidi
2899 2543 3167 2616 quosdam
3201 2541 3405 2598 Christi
3460 2556 3566 2611 pu-

1975 2638 2130 2709 giles,
2163 2638 2257 2708 qui
2303 2647 2511 2693 certam
2546 2636 2617 2692 ob
2654 2650 2879 2693 causam
2922 2633 3174 2690 nonnihil
3237 2632 3568 2704 quandoque

1976 2732 2150 2787 ventri
2185 2730 2551 2795 indulserunt,
2602 2729 2699 2800 qui
2730 2737 2911 2784 taen
2950 2741 3079 2782 mox
3144 2739 3269 2782 vere
3316 2725 3569 2797 generosi

1974 2839 2072 2894 per
2104 2822 2273 2881 totius
2326 2823 2503 2879 noctis
2528 2822 2750 2893 vigilem
2806 2820 3097 2877 stationem
3144 2818 3405 2875 miserum
3438 2829 3569 2872 ven-

1976 2928 2111 2973 trem
2144 2918 2216 2971 ita
2277 2923 2574 2982 torserunt,
2630 2923 2692 2969 ut
2761 2913 3023 2984 deinceps
3067 2926 3193 2968 cum
3244 2909 3449 2982 gaudio
3500 2907 3571 2962 ab

1972 3009 2121 3065 omni
2151 3008 2439 3066 saturitate
2471 3006 2811 3064 abstinerent
2840 3013 2897 3061 et
2919 3004 3303 3060 abhorrerent.
3328 2999 3568 3071 Spiritus

1973 3102 2215 3159 avaritia:
2234 3102 2436 3158 acriter
2459 3101 2700 3158 luctatur
2728 3113 2853 3156 cum
2877 3098 2946 3155 iis
2975 3099 3067 3168 qui
3095 3096 3230 3151 nihil
3259 3095 3565 3167 possident.

1972 3203 2028 3249 et
2075 3193 2254 3250 vietus
2315 3193 2694 3249 mendicorum
2742 3200 2946 3249 statum
2979 3191 3033 3246 in
3070 3190 3420 3247 occasionem
3454 3196 3568 3243 tra-

1977 3285 2081 3353 hit,
2133 3299 2471 3357 rursumque
2492 3301 2589 3342 eos
2620 3284 2714 3356 qui
2767 3294 2927 3341 antea
2973 3284 3042 3338 ab
3095 3281 3353 3337 omnibus
3400 3278 3568 3335 rebus

1978 3378 2210 3435 terrenis
2276 3376 2442 3434 alieni
2497 3385 2660 3434 erant
2682 3376 2845 3434 rebus
2868 3375 3188 3432 mortalibus
3217 3383 3271 3430 et
3290 3372 3570 3443 corporeis

1977 3470 2239 3541 implicat.
2264 3470 2680 3542 Desperabundi
2712 3469 2780 3525 ad
2802 3466 3019 3525 Domini
3052 3476 3383 3538 praeceptum
3406 3457 3570 3520 Petro

1974 3563 2164 3619 datum
2191 3564 2464 3634 respicere
2494 3576 2602 3618 non
2626 3560 2969 3625 desinamus,
2994 3568 3053 3614 ut
3074 3558 3320 3630 peccanti
3348 3565 3570 3627 septua-

1976 3655 2093 3726 gies
2113 3654 2315 3725 septies
2337 3654 2645 3725 ignosceret
2663 3651 2733 3708 “.
2756 3650 2863 3719 Qui
2885 3651 3029 3706 enim
3054 3650 3162 3705 hoc
3185 3648 3343 3704 alteri
3368 3662 3572 3718 praece-

1975 3745 2077 3815 pit,
2116 3744 2236 3800 sine
2274 3744 2616 3800 dubitatione
2658 3743 2837 3798 multo
2887 3740 3088 3812 saepius
3144 3739 3264 3810 ipse
3338 3737 3467 3793 fecit
3513 3745 3571 3792 et

1977 3837 2206 3907 ignovit.
2242 3837 2347 3903 Qui
2399 3850 2528 3890 vero
2572 3849 2670 3906 per
2699 3833 3011 3904 superbiam
3052 3828 3352 3895 ell‘erimur,
3421 3845 3567 3885 nun-

1975 3942 2142 3997 quam
2178 3926 2574 3981 obliviscamur
2615 3924 2802 3980 animo
2834 3923 3118 3980 revolvere
3144 3920 3352 3978 dictum
3383 3919 3563 3977 illius:

1975 4015 2140 4089 377
2179 4015 2285 4084 Qui
2321 4017 2491 4087 legem
2531 4023 2699 4071 totam
2739 4013 3075 4084 spiritualem
3098 4006 3429 4084 impleverit,
3490 4010 3570 4066 ol-

1976 4107 2213 4164 fenderit
2240 4114 2423 4163 autem
2456 4107 2510 4161 in
2539 4121 2651 4161 uno
2691 4106 2846 4172 vitio,
2891 4105 2997 4161 hoc
3044 4112 3154 4170 est,
3196 4104 3251 4159 in
3308 4101 3564 4174 superbia

1976 4200 2157 4257 factus
2184 4209 2270 4257 est
2293 4198 2539 4255 omnium
2571 4213 2701 4256 reus
2734 4198 2803 4252 ”.
2839 4195 2983 4252 Sunt
3043 4193 3293 4267 quaedam
3360 4195 3566 4265 impro-

1978 4294 2173 4350 borum
2193 4300 2250 4349 et
2284 4291 2599 4348 invidorum
2626 4289 2937 4345 daemonum
2992 4280 3198 4351 sortes,
3223 4301 3347 4359 qua:
3399 4300 3566 4357 spon-

1978 4395 2032 4443 te
2072 4401 2138 4443 se
2200 4386 2270 4442 ab
2322 4384 2531 4441 sanctis
2610 4383 2947 4448 subducunt,
3013 4397 3082 4438 ne
3142 4379 3445 4436 victoribus
3497 4394 3565 4434 ex

1980 4477 2123 4534 bello
2164 4489 2327 4533 causa
2356 4476 2628 4547 majorum
2661 4474 3013 4546 praemiorum
3072 4480 3296 4545 propter
3350 4470 3565 4527 exhibi-

277 4571 528 4641 ἐγένετο,
572 4573 769 4641 ἐκείνῳ
819 4576 937 4642 μὲν,
980 4574 1172 4630 τοῦτον
1227 4572 1533 4628 διαϐάλλων
1574 4572 1652 4637 ὡς
1706 4571 1872 4628 λοιδο-

1980 4578 2066 4627 tas
2105 4568 2386 4625 molestias
2439 4576 2495 4624 et
2521 4566 2970 4639 perturbationes
3016 4564 3171 4622 ﬁant.
3235 4563 3388 4620 Beati
3438 4562 3566 4637 qui-

279 4663 488 4737 ροῦντα
514 4662 681 4718 αὐτόν
701 4680 716 4696 ο
748 4661 926 4734 τούτῳ
961 4668 1019 4716 δέ
1055 4666 1221 4721 πάλιν
1250 4669 1462 4722 ἐκεῖνον
1495 4666 1703 4737 ὁμοίως
1732 4682 1748 4697 ’
1777 4666 1874 4721 καὶ

274 4754 525 4828 ἠδυνήθη
558 4756 588 4809 ό
612 4755 777 4824 σοφὸς
830 4753 1105 4825 δαιμόνων
1165 4758 1367 4809 κακίαν
1410 4757 1728 4831 ἀνθρωπίνῃ
1763 4776 1872 4813 πα-

274 4850 513 4922 νουργίᾳ.
537 4847 992 4920 διακρούσασθαι,
1021 4846 1118 4903 καὶ
1164 4848 1329 4920 μῖσος
1366 4846 1713 4919 ἐργάσασθαί
1740 4867 1875 4921 πορο

273 4943 430 4998 νείαν
453 4942 581 4997 λῦον
607 4942 745 5015 (16).
780 4942 972 4995 Ἔστιν
1009 4942 1039 4995 ό
1070 4940 1160 4994 διὰ
1208 4939 1452 5012 ἐντολὴν,
1499 4940 1724 5014 ἐντολὴν
1770 4959 1876 4996 πα-

277 5034 712 5106 ρακρουόμενος.
772 5029 928 5086 Εἶδον
992 5033 1102 5104 γάρ
1142 5031 1287 5085 κατά
1303 5030 1439 5084 Θεὸν
1469 5031 1622 5096 νέους
1650 5033 1872 5097 ἑαυτοῖς

272 5130 756 5200 προσκειμένους·
784 5128 882 5183 καὶ
919 5128 1105 5198 μέντοι
1133 5126 1227 5181 διὰ
1269 5128 1371 5199 τὴν
1409 5128 1617 5200 ἐτέρων
1664 5127 1872 5200 βλάϐην

273 5223 375 5277 καὶ
425 5220 756 5291 συνείδησιν,
812 5218 1079 5290 ἀλλήλους
1138 5218 1683 5290 πληροφορήσαντεςι,
1734 5219 1873 5289 πρὸς

276 5320 475 5391 γρόνον
504 5318 848 5390 ἐμάκρυναν.
907 5316 998 5379 Ὠς
1041 5314 1262 5370 ἐναντία
1300 5315 1480 5386 γάμος
1517 5315 1614 5369 καί
1648 5313 1873 5381 ἐξόδιον,

274 5411 455 5475 οὕτως
493 5411 808 5481 ἀσύμφωνα
839 5408 1193 5481 ὑπερηφανία
1240 5407 1336 5462 καὶ
1376 5407 1711 5477 ἀπόγνωσις.
1761 5408 1875 5463 Καὶ

275 5503 429 5557 εστιν
475 5502 537 5568 ἐξ
583 5503 1002 5567 ἀκαταστασίας
1055 5500 1350 5571 δαιμόνων,
1397 5502 1691 5574 ἀμφότερα
1738 5504 1872 5575 δμο-

278 5595 526 5668 θυμαδδν
555 5595 874 5651 θεάσασθαι.
906 5594 1026 5649 Εἰσί
1073 5611 1221 5658 τινες
1253 5594 1363 5648 τῶν
1406 5594 1735 5667 ἀκαθάρτων
1756 5594 1873 5651 δαι-

283 5688 467 5759 μόνων
509 5686 609 5758 τὴν
649 5688 758 5743 τῶν
800 5686 964 5741 θείων
989 5684 1225 5756 Γραφῶν
1274 5683 1573 5756 ἑρμηνείαν
1597 5688 1655 5740 ἐν
1685 5702 1893 5757 προοιο’

1979 4664 2102 4720 dem
2127 4660 2438 4734 paciﬁci",
2473 4674 2576 4717 nec
2622 4668 2709 4717 est
2755 4658 2849 4732 qui
2877 4657 3091 4715 inficias
3118 4666 3253 4714 cat:
3313 4657 3410 4713 sed
3465 4670 3571 4727 ego

1978 4755 2088 4810 vidi
2115 4755 2280 4810 etiam
2312 4753 2503 4809 beatos
2541 4750 2635 4822 qui
2688 4748 3004 4807 inimicitias
3054 4748 3406 4805 concinnant.
3448 4744 3567 4800 Duo

1975 4846 2202 4921 quidam
2238 4844 2457 4916 impuro
2516 4858 2706 4899 amore
2750 4852 2806 4898 et
2850 4840 3047 4898 aﬂ‘ectu
3101 4841 3245 4896 inter
3296 4854 3357 4896 se
3408 4838 3566 4895 colli~

1977 4941 2089 5013 gati
2122 4949 2303 5008 erant,
2342 4954 2485 5012 quos
2516 4954 2547 4995 e
2575 4934 2973 4994 laudatissimis
3014 4934 3263 5007 patribus
3324 4932 3557 5003 pruden~

1976 5035 2224 5092 tissimus
2266 5044 2322 5091 et
2351 5033 2773 5107 probatissimus
2815 5030 3061 5103 Quidam,
3100 5030 3228 5086 odio
3284 5028 3425 5083 inter
3484 5026 3567 5098 ip-

1979 5143 2074 5185 sos
2114 5128 2348 5186 conﬂato
2380 5127 2720 5194 dissociavit,
2753 5126 2938 5183 delato
2993 5126 3100 5181 hoc
3144 5121 3214 5180 ad
3274 5121 3452 5188 illum,
3512 5129 3568 5176 ct

1976 5222 2072 5278 illo
2102 5224 2363 5289 adhunc,
2398 5222 2546 5294 quod
2598 5221 2734 5277 alter
2761 5219 2918 5278 alteri
2985 5226 3133 5275 esset
3203 5214 3543 5281 conviciatus

1980 5326 2147 5387 atque
2179 5315 2251 5372 ita
2287 5317 2370 5371 vir
2406 5317 2626 5387 sapiens
2654 5316 2965 5371 daemonum
2998 5310 3265 5366 malitiam
3321 5307 3567 5362 humana

1977 5410 2181 5465 astutia
2216 5409 2443 5480 depulit,
2497 5418 2553 5464 et
2583 5422 2679 5479 per
2718 5408 2905 5464 odium
2963 5404 3276 5476 improbum
3316 5414 3562 5455 amorem

1978 5501 2245 5557 dissolvit.
2283 5500 2384 5556 Est
2414 5501 2508 5573 qui
2536 5509 2864 5571 praeceptum
2895 5497 3145 5570 praecepti
3174 5506 3339 5549 causa
3376 5490 3565 5547 violat.

1976 5587 2172 5648 Notavi
2201 5593 2347 5648 enim
2394 5593 2663 5664 quosdam
2689 5592 2920 5662 juvenes
2990 5587 3085 5658 qui
3152 5594 3305 5642 casto
3375 5598 3566 5638 amore

1977 5691 2171 5739 mutuo
2204 5682 2479 5753 prosecuti
2517 5690 2664 5747 sunt,
2698 5678 2797 5739 sed
2825 5693 2893 5735 ne
2924 5679 3063 5735 alios
3093 5676 3566 5744 oﬂendercnt,aut

350 5854 403 5891 "
432 5858 628 5914 Matth.
669 5878 822 5929 xvnt,
847 5861 939 5925 2|,
967 5861 1059 5917 22.
1135 5861 1329 5920 "-Jac.
1362 5879 1423 5930 It,
1456 5866 1543 5924 10.
1620 5867 1666 5899 "
1691 5864 1887 5923 Matth.
1913 5879 1969 5934 ν,
1998 5866 2052 5922 9.

564 5954 836 6020 Pamon.
887 5961 1003 6055 Gn.
1037 5957 1406 6021 LXXXVIII.

3172 5947 3257 6018 τι
