4030 6402
447 420 580 489 i071

1713 415 1770 474 S.
1799 412 2116 474 JOANNIS
2139 417 2444 478 CLIMACI

3572 423 3711 491 Mi?

441 531 782 590 facilioribus
807 527 1001 590 solent,
1031 532 1082 578 et
1102 521 1167 576 ad
1186 521 1438 592 graviora
1469 529 1522 576 et
1543 519 1902 575 laboriosiora
1928 520 2028 573 im-

2137 525 2281 594 ἡμᾱς
2339 525 2608 582 κωλύουσι
2646 527 3094 600 διαπράττεσθαι,
3133 530 3200 585 τὰ
3237 530 3294 586 δὲ
3327 533 3709 608 μοχθηρότερα

442 623 660 694 pellere.
683 621 976 690 Josepltum
1004 618 1122 685 lego
1145 626 1364 684 propter
1386 611 1407 665 f
1409 627 1566 683 ngam
1592 613 1774 683 potius
1793 611 2019 682 peccati,

441 730 605 785 quam
631 713 777 783 quod
792 726 850 766 se
873 709 1002 763 nulli
1026 720 1190 776 pravo
1210 703 1425 758 aﬂ‘cclui
1446 703 1744 759 obnoxium
1771 701 2027 757 ostende-

441 802 909 874 rit,|andatum"'.
944 797 1244 853 Vivendum
1274 796 1433 852 nobis
1457 797 1511 851 in
1541 795 1799 866 qualibus
1823 805 1874 850 et
1893 803 2028 864 quot

441 899 675 970 peccatis
704 897 791 950 illa
825 894 945 962 fuga
974 891 1257 961 praemium
1289 898 1588 944 mereatur.
1619 887 1781 943 Aliud
1815 896 1898 943 est
1935 886 2019 940 fn-

439 1006 564 1061 gere
596 989 842 1043 umbram
871 1027 884 1049 ,
926 983 1073 1037 aliud
1115 997 1405 1038 occurrere
1429 983 1493 1036 ad
1522 981 1693 1036 solem
1732 979 2024 1050 (iustitiae).

437 1082 539 1148 Qui
585 1081 636 1134 in
684 1076 923 1133 tenebris
961 1085 1214 1130 versatur
1257 1074 1398 1129 solet
1442 1072 1753 1137 offendere;
1795 1071 2026 1127 offensio

435 1179 711 1222 estcausa
752 1164 973 1233 lapsus,
1023 1163 1209 1230 lapsus
1246 1161 1463 1216 mortis.
1505 1161 1668 1231 382
1714 1160 1925 1227 Quibus
1958 1176 2023 1214 ex

439 1259 544 1312 vini
580 1255 1000 1328 ingnrgitalione
1029 1254 1236 1307 oborta:
1281 1261 1405 1306 sunt
1445 1253 1682 1306 tenebrat
1706 1293 1720 1316 ,
1754 1267 1900 1321 saepe
1931 1267 2028 1320 per

437 1367 590 1421 aqum
629 1351 882 1404 haustum
920 1345 988 1400 ad
1022 1345 1377 1400 sobrietatem
1422 1344 1720 1398 redierunt.
1749 1343 1851 1409 Qui
1884 1345 2026 1397 vitiis

435 1444 616 1500 obruti
651 1441 1009 1498 caecuticrunt
1033 1479 1045 1502 ,
1084 1454 1178 1507 per
1203 1439 1476 1508 lacrymas
1517 1437 1853 1506 pcenitentiae
1884 1435 2025 1490 resi-

435 1547 692 1610 pucrunt.
726 1533 883 1587 Aliud
916 1542 997 1586 est
1024 1529 1352 1600 inquinatio.
1383 1529 1530 1583 aliud
1565 1527 1848 1594 confusio,
1879 1527 2026 1581 aliud

435 1627 758 1692 occmcatio;
791 1624 1028 1694 priorem
1058 1629 1216 1676 sanat
1260 1619 1589 1675 abstinentia
1633 1620 1710 1687 (α)
1736 1658 1752 1681 ,
1796 1619 2024 1673 alteram

435 1720 747 1777 solitudinis
777 1717 931 1787 quies
951 1757 966 1780 ,
1010 1723 1340 1783 postremam
1366 1711 1678 1765 obedientia
1703 1750 1717 1775 ,
1781 1719 1835 1765 et
1881 1709 2025 1764 Deus

435 1816 530 1885 qui
557 1813 729 1868 factus
755 1817 839 1864 est
870 1806 1147 1862 obediens.
1190 1803 1299 1859 Nos
1332 1817 1399 1857 ex
1430 1802 1648 1857 duobus
1674 1817 1890 1866 eorum,
1928 1802 2025 1871 qui

2133 614 2415 684 μετελθεῖν
2458 615 2658 685 μᾶλλον
2713 617 3133 688 προτρέπονται.
3194 618 3449 691 Εὑρίσκω
3511 621 3709 692 ’Ῑωσὴςδ

2131 707 2336 758 ἐκεῖνον
2363 705 2428 759 δι’
2460 707 2814 780 ἀποστροφὴν
2843 709 3142 780 ἁμαρτίας,
3162 711 3258 764 καὶ
3285 712 3345 764 οὐ
3383 711 3451 765 δι’
3488 709 3713 778 ἔνδειξιν

2130 796 2399 860 ἀπαθείας
2427 798 2905 870 ⁶μακαριζόμενον.
2957 799 3233 870 Ζητητέον
3269 802 3402 872 ἡμῖν
3439 803 3498 856 ἐν
3529 804 3714 867 ποίαις

2131 887 2224 940 καὶ
2256 889 2451 954 πόσαις
2483 891 2837 962 άμαρτίαιςή
2871 893 3191 964 ἀποστροφὴ
3219 893 3485 962 στέφανον
3519 895 3721 960 κέκτη-

2129 997 2241 1033 ται.
2279 980 2443 1034 Ἀλλο
2464 981 2525 1034 τὸ
2546 982 2986 1053 ἀποστρέφεσθαι
3007 985 3107 1054 τὴν
3141 984 3303 1038 σκιάν
3334 1002 3350 1018 ο
3381 985 3720 1056 ὑψηλότεραι

2129 1071 2185 1125 δὲ
2211 1072 2270 1125 τὸ
2296 1073 2744 1146 προστρέχειντῷ
2773 1074 2924 1146 ἡλίῳ.
2950 1075 3023 1128 Τὸ
3053 1075 3376 1131 σκοτοῦσθαι
3417 1078 3590 1132 αἴτιον
3622 1076 3722 1131 τοῦ

2131 1167 2498 1237 προσκόπτειν
2530 1183 2544 1198 ο
2571 1167 2633 1220 τὸ
2661 1167 2718 1220 δὲ
2752 1168 3120 1237 προσκόπτειν
3156 1169 3250 1222 τοῦ
3279 1172 3501 1224 πίπτειν
3523 1189 3536 1201 ·
3570 1171 3634 1224 τὸ
3662 1171 3723 1222 δὲ

2132 1257 2354 1310 πίπτειν
2381 1258 2475 1311 τοῦ
2499 1258 2780 1329 θνήσκειν.
2807 1259 2898 1323 Ἐξ
2927 1259 3070 1313 οἴνου
3101 1263 3150 1314 oi
3183 1263 3583 1327 σκοτισθέντες,
3608 1261 3720 1314 ἑνί-

2129 1349 2296 1418 ψαντο
2327 1350 2589 1415 πολλάκις
2619 1352 2774 1406 ὕδατι
2794 1369 2808 1383 ⁸
2836 1354 2886 1405 οί
2919 1353 2975 1406 δὲ
3005 1356 3070 1406 ἐκ
3098 1355 3285 1408 παθῶν
3315 1355 3720 1420 σκοτισθέντες,

2129 1439 2386 1508 ὲνίψαντο
2413 1439 2698 1511 δάκρυσιν.
2753 1441 2916 1494 ’Λλλο
2939 1443 3182 1506 θύλωσις,
3225 1447 3319 1497 καὶ
3352 1444 3480 1498 ἄλλο
3526 1445 3719 1516 ἐπίχυ-

2133 1548 2214 1596 σις
2242 1531 2340 1602 (α),
2365 1533 2458 1586 καὶ
2486 1533 2671 1604 ἕτερον
2719 1533 3015 1601 τύφλωσις·
3047 1537 3141 1588 καὶ
3185 1539 3286 1607 τὴν
3311 1538 3412 1607 μὲν
3442 1539 3722 1610 προτέραν

2134 1624 2321 1676 ἰάσατο
2349 1624 2644 1695 ἐγκράτεια
2664 1642 2676 1654 °
2719 1626 2819 1697 τὴν
2857 1628 2912 1680 δὲ
2943 1627 3206 1699 δευτέραν
3243 1629 3443 1699 ἡσυχία
3470 1649 3482 1660 ·
3532 1631 3636 1702 τὴν
3661 1629 3726 1684 ὁὶ

2129 1714 2321 1786 τρίτην
2352 1716 2588 1788 ὑπακοὴ,
2632 1718 2728 1771 καὶ
2757 1720 2785 1770 6
2811 1719 2942 1782 Θεὸς
2966 1721 3206 1790 ὑπήκοος
3234 1721 3495 1789 γεγονώς.
3528 1722 3717 1792 Ἡμεῖς

2133 1810 2197 1861 ἐκ
2229 1809 2320 1863 δύο
2351 1809 2460 1864 τῶν
2497 1811 2564 1865 τὰ
2596 1811 2744 1865 κάτω
2771 1813 3139 1885 καθαιρόντων
3187 1815 3485 1885 προσφυῶς
3528 1816 3600 1874 τὰ
3629 1817 3724 1872 δύο

437 1906 626 1963 sordes
656 1904 936 1959 terrestres
959 1909 1290 1969 perpurgare
1325 1894 1523 1960 solent,
1561 1893 1728 1948 veluti
1759 1893 2026 1963 exemplis

2137 1901 2234 1955 τῶν
2259 1903 2328 1956 τὰ
2351 1903 2463 1956 ἄνω
2493 1904 2854 1973 φρονούντων,
2881 1907 2957 1970 ὡς
2995 1909 3052 1960 ὲν
3065 1908 3460 1978 ὑποδείγμασιν
3493 1908 3721 1981 ὑπειλή-

437 1999 882 2058 commodissime
928 1993 1285 2064 intelligimus
1330 1990 1515 2046 itidem
1561 1989 1668 2046 duo
1713 1989 2028 2060 (purgatio-

437 2112 568 2152 num
614 2091 855 2169 genera)
890 2102 1082 2143 eorum
1125 2085 1220 2156 qui
1263 2099 1503 2154 superna
1555 2083 1795 2152 sapiunt.
1842 2081 2030 2138 Offici-

440 2211 564 2250 nam
601 2189 916 2247 fullonicam
947 2184 1285 2257 appellamus
1317 2182 1631 2254 religiosum
1671 2183 1985 2237 coenobium
2012 2221 2027 2245 ,

436 2287 584 2356 quod
614 2283 810 2339 sordes
845 2279 1040 2333 animae
1071 2285 1124 2332 et
1153 2275 1575 2332 crassitudinem
1627 2282 1681 2328 et
1716 2274 2031 2329 deformita-

437 2388 543 2431 tem
585 2373 801 2429 dedolat
851 2379 905 2425 et
941 2367 1223 2436 abstergit.
1263 2365 1493 2420 Officina
1531 2380 1661 2420 vero
1699 2379 1892 2420 eurum
1935 2364 2031 2434 qui

436 2473 588 2524 lanas
617 2465 865 2520 inliciunt
885 2502 899 2528 ,
926 2462 997 2516 sit
1032 2458 1274 2516 secessio
1310 2458 1364 2512 in
1389 2457 1743 2512 solitudinem
1778 2457 1846 2511 iis
1871 2467 1994 2526 apta
2014 2499 2028 2522 ,

435 2562 529 2631 qui
551 2557 832 2614 lasciviam
852 2596 868 2620 ,
899 2551 1220 2607 memoriam
1244 2547 1570 2618 injuriarum
1599 2555 1651 2601 et
1690 2545 2031 2600 iracundiam

438 2659 740 2720 posuerunt
776 2655 830 2702 et
864 2649 1134 2699 exuerunt
1158 2681 1174 2706 ,
1210 2649 1262 2695 et
1302 2639 1497 2694 exinde
1545 2637 1599 2692 in
1644 2637 1846 2693 silentii
1878 2639 2034 2708 quie-

437 2755 545 2800 tem
586 2747 954 2798 secesserunt.
1007 2733 1149 2787 Sunt
1194 2732 1286 2802 qtti
1335 2730 1555 2795 dicant,
1601 2729 1746 2800 quod
1792 2730 2034 2786 recidere

435 2835 638 2907 sapius
684 2833 738 2887 in
781 2829 969 2885 eadem
1008 2832 1230 2897 peccata
1275 2822 1449 2879 soleat
1479 2838 1543 2877 ex
1588 2823 1803 2877 defectu
1835 2837 2037 2878 conve-

440 2927 645 2982 nientis
680 2935 733 2980 et
765 2921 933 2993 priori
967 2930 1188 2990 peccato
1213 2933 1280 2974 ex
1313 2931 1470 2986 aequo
1504 2915 1885 2984 respondentis
1917 2931 2035 2985 pa:-

439 3015 1023 3082 nitentiaecontingere.
1069 3009 1434 3077 Quaerendum
1471 3023 1602 3062 vero
1633 3017 1736 3071 est,
1762 3023 1828 3062 an
1858 3007 2038 3064 omnis

435 3113 531 3186 qui
563 3111 754 3170 eadem
784 3116 1001 3179 peccata
1034 3121 1138 3159 non
1171 3102 1406 3173 amplius
1437 3101 1600 3155 iterat
1633 3109 1687 3154 et
1711 3100 2032 3166 committit,

2131 2013 2332 2066 φαμεν.
2363 1999 2635 2066 Κναφεῖον
2679 1999 2776 2068 μὲν
2810 1997 2872 2052 τό
2901 2000 3042 2053 κατὰ
3081 2000 3286 2072 Κύριον
3313 2001 3582 2056 κοινόὸιον
3618 2017 3632 2031 ’
3662 2007 3721 2056 τὸ

2131 2087 2221 2140 τὶν
2254 2087 2444 2158 ῥύπον,
2480 2090 2575 2142 καὶ
2607 2089 2706 2162 τὴν
2738 2091 3050 2161 παχύτητα,
3076 2092 3170 2146 καὶ
3198 2092 3296 2163 τὴν
3330 2094 3608 2165 ἀμορφίαν
3627 2095 3719 2163 τῆς

2130 2179 2307 2252 ψυχῆς
2324 2181 2573 2248 ἀποξέον,
2599 2185 2902 2254 εἰρηκότες.
2933 2185 3162 2254 Βαφεῖον
3177 2185 3222 2238 δ’
3239 2184 3304 2239 ἂν
3327 2187 3414 2258 εἴη
3443 2189 3476 2256 ἡ
3507 2185 3718 2258 ἀναχώ-

2137 2287 2292 2342 ρησις
2319 2275 2432 2335 τοῖς
2457 2273 2554 2345 τὴν
2583 2273 2861 2342 λαγνείαν,
2883 2277 2978 2328 καὶ
3007 2278 3399 2347 μνησικακίαν,
3426 2280 3522 2332 καὶ
3553 2279 3718 2348 θυμὶν

2133 2357 2511 2428 ἀποθεμένοις,
2537 2362 2627 2413 καὶ
2645 2362 2702 2427 ἐξ
2721 2363 2928 2416 ἐκείνου
2953 2363 3138 2417 λοιπὸν
3168 2364 3300 2434 πρὸς
3326 2367 3559 2435 ἡσυχίαν
3593 2383 3716 2438 μετ-

2139 2452 2479 2522 ερχομένοις.
2516 2452 2672 2516 Τινὲς
2704 2453 2762 2506 τὸ
2791 2457 2902 2518 τοῖς
2940 2457 3126 2520 αὐτοῖς
3192 2457 3547 2528 περιπίπτειν
3583 2459 3720 2511 πτὼ-

2141 2561 2304 2615 μασιν
2356 2544 2415 2612 ἐξ
2467 2545 2761 2615 ἐλλείψεως
2809 2551 2908 2619 τῆς
2953 2549 3333 2622 ἁρμοζούσης,
3369 2553 3468 2605 καὶ
3499 2552 3720 2622 ἀντιση-

2138 2636 2343 2708 κούσης
2379 2638 2669 2708 μετανοίας
2696 2639 2775 2710 τῷ
2810 2643 3061 2714 προτέρῳ
3089 2644 3245 2709 φασί.
3289 2645 3568 2714 Ζητητέον
3595 2646 3649 2698 δὲ
3675 2646 3724 2698 εί

2139 2728 2244 2790 πᾶς
2277 2729 2305 2779 6
2329 2729 2402 2798 μὴ
2436 2728 2618 2782 πεσὼν
2637 2729 2715 2800 τῷ
2745 2731 2922 2799 ἑαυτῷ
2951 2731 3100 2797 εῖδει,
3125 2731 3232 2802 ἄρα
3263 2733 3359 2787 καὶ
3393 2735 3561 2800 ἀξίως
3599 2751 3726 2802 μετ·

2139 2818 2349 2888 ενόησε.
2398 2821 2730 2874 Πεπτώκασι
2787 2825 2899 2886 τοῖς
2936 2824 3120 2886 αὐτοῖς
3150 2841 3313 2888 τινες,
3369 2827 3404 2896 ἦ
3454 2826 3563 2879 τῶν
3598 2843 3726 2900 προ-

2139 2911 2314 2982 τέρων
2343 2914 2399 2964 ὲν
2435 2913 2603 2984 λήθης
2629 2913 2777 2984 βυθῷ
2806 2917 3278 2984 καταχωςθέντες,
3304 2918 3337 2987 ἢ
3365 2919 3454 2970 τὸν
3487 2917 3626 2970 Θεὸν
3666 2919 3728 2970 ἐκ

2141 3002 2451 3073 φιληδονίας
2484 3005 2871 3078 φιλάνθρωπον
2900 3008 3404 3078 ὑπολαμϐάνοντες·
3436 3007 3585 3079 ἣτῆς
3608 3009 3730 3060 ὲαυ-

2141 3094 2250 3148 τῶν
2292 3100 2570 3169 σωτηρίας
2609 3099 3022 3171 άπολεγόμενοι.
3059 3102 3174 3154 υύκ
3207 3097 3322 3155 οἶδα
3349 3102 3398 3154 εί
3455 3103 3627 3171 μήπω
3661 3103 3729 3171 μέ

438 3208 660 3279 dignam
699 3203 836 3257 alias
864 3197 1242 3271 paenitentiam
1271 3194 1478 3264 egerit?
1511 3192 1782 3264 chetunt
1813 3193 2032 3263 quidam

2141 3211 2226 3258 τις
2258 3192 2722 3263 καταμέμφεσθαι
2757 3193 3012 3264 ἤμελλεν,
3057 3194 3179 3246 ἐπεὶ
3234 3193 3298 3247 ἂν
3327 3189 3506 3257 εἷπον,
3536 3193 3728 3263 ὅτιπερ

435 3299 623 3356 eadem
658 3303 882 3366 peccata
930 3292 1014 3348 vel
1065 3291 1174 3346 alto
1213 3286 1507 3344 oblivionis
1545 3286 1751 3341 tumulo
1801 3286 2031 3356 sepulti,

439 3391 523 3445 vel
560 3405 627 3444 ex
663 3386 891 3442 mollitie
928 3383 1162 3455 quadam
1215 3377 1381 3434 Deum
1422 3381 1743 3434 clementem
1776 3379 1912 3442 rati,
1949 3387 2046 3432 aut

2141 3286 2232 3340 τὸν
2287 3287 2482 3358 ἐχθρὸν
2525 3286 2715 3340 τοῦτον
2766 3288 2952 3341 λοιπὸν
2993 3288 3153 3358 δῆσαι
3204 3288 3278 3359 μὴ
3336 3286 3634 3358 ἰσχύοντες,
3662 3288 3728 3356 τῇ

2153 3379 2249 3448 τῆς
2285 3378 2575 3450 συνηθείας
2613 3380 2758 3451 ίσχύῖ
2793 3379 3162 3451 τυραννοῦντα
3189 3380 3405 3444 αὐτούς.

435 3482 584 3554 quod
635 3479 829 3535 salutis
889 3492 1002 3533 sua:
1050 3489 1203 3545 spem
1248 3486 1464 3526 omnem
1505 3470 1823 3540 abjecerint.
1867 3467 2023 3524 llaud
2057 3470 2171 3525 scio
2209 3487 2276 3525 an
2311 3471 2436 3540 quis
2481 3487 2567 3527 me
2607 3488 2715 3527 non
2753 3473 2823 3526 sit
2878 3474 3338 3544 reprehensuros,
3372 3475 3418 3529 si
3471 3473 3663 3528 dixero
3697 3487 3730 3527 ιι

439 3573 767 3648 quibusdam
801 3571 1016 3626 hostem
1061 3567 1208 3622 bunc
1224 3565 1481 3634 deinceps
1503 3562 1695 3617 vinciri
1728 3577 1838 3616 non
1877 3577 2064 3632 posse,
2101 3564 2244 3634 quod
2277 3565 2344 3619 ab
2372 3564 2567 3619 eodem
2601 3564 2702 3634 ipsi
2729 3566 2838 3634 jam
2875 3566 3136 3635 peccandi
3181 3567 3580 3622 consuetudine
3675 3568 3728 3621 in

439 3671 758 3729 servitutem
789 3666 952 3738 383
1001 3673 1260 3733 tanquam
1303 3659 1372 3715 ab
1413 3668 1643 3731 tyranno
1681 3657 1882 3713 redacti
1929 3659 2060 3713 sint.

507 3757 969 3817 Perscrutandum
998 3753 1174 3822 etiam
1217 3758 1304 3806 est
1342 3749 1618 3820 quomodo
1648 3748 1830 3802 anima
1857 3787 1872 3812 ,
1903 3763 2030 3802 eum

439 3861 636 3908 natura
673 3851 744 3906 sit
767 3846 1013 3918 corporis
1039 3859 1256 3914 expers,
1291 3842 1515 3912 spiritus
1546 3841 1789 3911 ejusdem
1817 3847 2032 3894 naturae

439 3944 508 4000 ad
555 3959 614 3998 se
658 3941 934 3996 venientes
985 3939 1170 3992 videre
1221 3949 1330 3988 non
1372 3934 1579 4005 possit,
1624 3931 1903 4002 quomodo
1937 3945 2034 4000 per

439 4045 693 4092 naturam
726 4030 906 4087 affecti
942 4029 1073 4084 sint.
1115 4027 1200 4080 An
1233 4025 1462 4080 fortasse
1494 4033 1716 4094 propter
1751 4023 2033 4080 vinculum

439 4127 715 4198 corporis,
744 4124 890 4196 quod
922 4122 1100 4178 solum
1134 4119 1286 4174 novit
1306 4160 1320 4186 ,
1351 4117 1445 4188 qui
1476 4133 1681 4188 corpus
1709 4124 1764 4171 et
1791 4116 2034 4170 animam

439 4219 726 4292 conjunxit
758 4216 925 4290 [inter
953 4229 1014 4270 se
1049 4211 1330 4284 devinxit].
1371 4211 1605 4278 Quidam
1639 4225 1669 4264 e
1697 4209 2040 4265 doctioribus

443 4329 530 4370 me
564 4311 960 4380 interrogavit:
1008 4308 1144 4375 Die,
1187 4307 1397 4377 inquit,
1447 4305 1715 4370 obsecro,
1769 4303 1858 4357 die
1907 4300 2041 4355 mihi

444 4407 642 4462 volenti
669 4405 900 4468 discere,
923 4403 1148 4473 quinam
1173 4401 1399 4471 spiritus
1425 4407 1663 4453 mentem
1690 4411 1788 4466 per
1819 4402 2042 4464 peccata

2219 3745 2573 3821 Ἐρευνητέον
2619 3748 2734 3812 πῶς
2782 3747 3074 3820 ἀσώματος
3112 3745 3248 3803 οὖσα
3293 3751 3326 3818 ἡ
3376 3749 3558 3820 ψυχὴ,
3605 3750 3727 3812 τοὺς

2139 3840 2274 3912 πρὸς
2317 3841 2487 3912 αὐτὴν
2531 3841 2852 3913 ὁμοουσίους
2906 3842 3351 3914 ἐπιδημοῦντας,
3408 3842 3484 3906 ὡς
3545 3841 3727 3913 ἔχουσι

2143 3933 2359 4004 φύσεως
2391 3935 2526 4006 ὁρᾷν
2558 3935 2618 3988 ού
2649 3935 2860 4003 πέφυκε
2889 3951 2902 3964 ο
2939 3935 3136 4006 μήπως
3160 3937 3267 4007 ἄρα
3295 3935 3384 3988 διὰ
3413 3933 3510 4005 τὴν
3529 3933 3726 3998 ζεῦξιν,

2138 4027 2205 4098 ἣν
2255 4027 2284 4079 6
2331 4025 2502 4095 δήσας
2555 4028 2714 4098 μόνος
2769 4027 3089 4094 ἑπίσταται;
3142 4027 3468 4098 Βουλομένῳ
3538 4029 3728 4096 μαθεῖν

2142 4121 2316 4193 φράζε
2350 4121 2436 4192 δὴ,
2463 4119 2674 4191 φράζε,
2711 4119 2794 4183 τίς
2838 4137 2906 4189 με
2947 4117 3246 4187 γνωστικὸς
3286 4117 3540 4178 ἐπύθετο,
3591 4120 3728 4169 ποῖοι
3814 4167 3834 4180 ς

2140 4213 2250 4266 τῶν
2284 4211 2611 4282 πνευμάτων
2653 4209 2963 4273 ταπεινοῦν,
3015 4214 3156 4264 ποῖοι
3193 4209 3248 4262 δὲ
3284 4209 3454 4280 ὑψοῦν
3485 4210 3580 4262 ἐπὶ
3611 4211 3729 4270 ταῖς

2143 4303 2442 4375 ἁμαρτίαις
2460 4301 2737 4372 πεφύκασι
2758 4301 2848 4355 τὸν
2879 4300 3022 4357 νοῦν.
3044 4299 3237 4371 Κάμοῦ
3263 4300 3401 4368 πρὸς
3422 4299 3484 4352 τὺ
3513 4299 3730 4369 σκέμμα

2144 4395 2592 4466 δυσχεράναντος,
2610 4391 2810 4463 καὶτὴν
2833 4391 3058 4460 ἄγνοιαν
3083 4387 3534 4460 βεὸαιωσαμένου
3565 4388 3726 4458 ὅρκῳ,

442 4498 766 4568 deprimere,
790 4497 952 4568 quive
985 4495 1247 4550 extollere
1271 4491 1525 4548 soleant?
1552 4489 1630 4544 Mc
1656 4503 1784 4543 vero
1808 4487 1875 4540 ad
1904 4486 2032 4540 hanc

2146 4489 2175 4539 6
2204 4486 2493 4556 μανθάνων
2535 4483 2791 4551 ἐδίδαξεν.
2830 4484 2918 4534 Ἐν
2968 4479 3192 4550 ὀλίγοις,
3223 4482 3378 4550 φησι,
3410 4479 3729 4545 διακρίσεως

441 4591 857 4661 inquisitionem
901 4588 1194 4643 haerentem
1221 4625 1237 4651 ,
1285 4595 1339 4639 et
1369 4581 1645 4638 inscitiam
1676 4580 1838 4634 etiam
1887 4578 2032 4649 jure-

2145 4578 2324 4650 ζύμην
2382 4595 2462 4631 σοι
2516 4574 2764 4640 δεδωκὼς
2818 4574 3128 4644 καταλείψω
3171 4573 3354 4644 ζητεῖν
3384 4569 3638 4640 ἐμπόνως
3666 4584 3678 4595 ·
3703 4567 3729 4618 ὁ

441 4683 678 4753 jurando
702 4682 1080 4746 aﬂirmantem,
1120 4679 1309 4734 docuit
1339 4677 1431 4746 qui
1465 4691 1529 4730 ex
1571 4689 1657 4729 me
1686 4673 1900 4728 discere
1942 4686 2036 4726 vo-

444 4777 607 4831 lebat.
644 4776 701 4830 ln
733 4777 952 4847 paucis,
990 4773 1203 4844 inquit,
1235 4769 1504 4840 exemplis
1526 4806 1543 4833 ,
1576 4767 1672 4822 tibi
1706 4765 2036 4822 fermentum

443 4869 792 4924 discretionis
834 4869 1014 4933 dabo,
1063 4876 1123 4921 ut
1173 4865 1240 4920 de
1285 4863 1512 4934 reliquis
1555 4871 1648 4917 tuo
1694 4861 1812 4932 ipse
1852 4860 2038 4914 labore

442 4963 710 5034 inquiras.
741 4961 978 5032 Spiritus
1005 4959 1259 5024 luxuriae,
1282 4957 1376 5011 ine
1399 4998 1412 5024 ,
1451 4957 1660 5010 insana!
1686 4955 1857 5025 gulae,
1891 4951 2038 5007 desi-

437 5059 562 5120 dize,
600 5053 979 5110 somnolentiae
1003 5067 1112 5107 non
1138 5049 1318 5106 solent
1343 5049 1541 5104 mentis
1559 5063 1731 5103 cornu
1757 5045 2036 5102 extollere.

439 5148 544 5200 Sed
581 5147 807 5215 spiritus
833 5141 1096 5206 avaritiae,
1122 5139 1461 5211 principatus
1483 5147 1536 5194 et
1558 5137 1808 5202 honoris,
1844 5137 2040 5206 loqua-

433 5239 654 5306 citatis,
691 5247 743 5293 et
783 5238 876 5294 alii
918 5235 1230 5306 complures
1267 5232 1364 5304 qui
1404 5233 1609 5287 malum
1644 5231 1788 5285 malo
1821 5237 2040 5285 nectere

434 5335 489 5380 ct
519 5332 801 5386 cumulare
834 5335 1278 5393 consueverunt,
1311 5324 1456 5380 unde
1497 5333 1552 5380 et
1583 5320 1868 5393 iudicandi
1902 5319 2039 5375 alios

443 5418 666 5490 Spiritus
717 5421 824 5474 illis
883 5417 1169 5472 familiaris
1216 5424 1319 5470 est.
1372 5413 1476 5480 Qui
1531 5413 1600 5468 ad
1648 5420 1903 5467 externos
1953 5409 2040 5464 vel

441 5524 696 5581 egressus
723 5519 843 5575 est,
873 5511 958 5563 vel
985 5510 1200 5564 eosdem
1251 5509 1367 5576 ipse
1415 5508 1653 5578 hospitio
1702 5507 1933 5576 recepit,
1986 5511 2040 5559 et

435 5597 608 5674 super
650 5603 895 5659 discessu
943 5599 1183 5666 illorum,
1224 5599 1308 5654 vel
1342 5609 1465 5669 post
1494 5601 1719 5665 horam,
1770 5598 1854 5654 vel
1916 5607 2037 5666 post

515 5762 558 5793 °‘
590 5761 726 5817 Gen.
754 5775 944 5826 xxxtx,
971 5759 1042 5813 25
1064 5778 1078 5826 ;
1104 5756 1270 5814 Eccli.
1292 5772 1437 5819 thx,
1473 5758 1560 5823 l7,
1604 5757 1684 5812 18.

515 5855 594 5916 (α)
621 5850 843 5917 Εαιιεὶο,
869 5849 1378 5922 ασυεὶυ,ὲπίχυσις,
1413 5847 1718 5919 distractio,
1739 5847 2027 5920 dispersio.

2145 4674 2255 4726 τῶν
2290 4673 2581 4742 σωμάτων,
2614 4671 2709 4723 καὶ
2733 4671 2760 4722 ὁ
2788 4671 2885 4739 τῆς
2915 4667 3104 4736 ὀργῆς,
3135 4663 3228 4716 καὶ
3261 4665 3290 4715 6
3326 4662 3426 4732 τῆς
3457 4661 3731 4730 κοιλιομα-

2145 4767 2308 4830 νίας·
2351 4767 2380 4818 6
2430 4765 2531 4832 τῆς
2566 4764 2816 4831 ἀκηδίας,
2871 4761 2899 4810 6
2945 4757 3112 4810 ὕπνου
3169 4756 3228 4808 οὐ
3289 4754 3570 4824 πεφύκασί
3622 4769 3735 4816 πως

2146 4859 2395 4929 ἐπαίρειν
2427 4855 2488 4907 τὸ
2522 4853 2612 4907 τοῦ
2647 4853 2764 4916 νοὸς
2793 4851 2984 4922 κέρας.
3031 4849 3088 4902 Ὀ
3116 4849 3172 4902 δὲ
3208 4845 3309 4918 τῆς
3345 4845 3733 4916 φιλαργυρίας,

2146 4945 2436 5017 φιλαρχίας
2450 4961 2506 4997 τε
2531 4943 2624 4996 καὶ
2649 4941 2994 5009 πἰλυλογίας,
3026 4939 3119 4991 καὶ
3141 4939 3322 5008 ἕτεροι
3345 4935 3566 4998 πλείους
3585 4933 3736 5004 κακῷ

2146 5041 2315 5095 κακὸν
2344 5037 2599 5092 εἰώθασιν
2631 5035 3044 5088 ἐπισυνάπτειν.
3076 5031 3168 5083 Διὸ
3191 5029 3286 5083 καὶ
3315 5031 3343 5082 6
3386 5027 3735 5108 τοῦ-κρίνειν,

2145 5133 2360 5194 τούτοις
2407 5128 2790 5202 παραπλήσιος
2826 5123 3182 5194 καθέστηκεν.
3224 5121 3295 5174 Εἷ
3342 5138 3426 5183 τις
3476 5118 3615 5187 πρὸς
3645 5134 3739 5169 κο-

2147 5225 2380 5296 σμικοὺς
2412 5221 2445 5291 ἢ
2485 5219 2833 5291 παρεγένετο,
2865 5217 2898 5285 ἢ
2931 5215 3168 5278 ἐδέξατο,
3202 5213 3297 5266 καὶ
3326 5211 3419 5264 ἐπὶ
3447 5207 3524 5278 τῷ
3557 5205 3738 5260 αὐτῶν

2149 5316 2290 5386 μετὰ
2343 5313 2443 5385 τὴν
2495 5305 2646 5383 ὥραν
2694 5309 2726 5382 ἢ
2795 5307 3011 5379 ἡμέραν
3061 5301 3328 5376 χωρισμῷ
3361 5302 3543 5372 λύπης
3588 5297 3737 5368 βέλος

2146 5409 2383 5475 ἐδέξατο,
2427 5405 2523 5459 καὶ
2558 5403 2630 5474 μὴ
2666 5401 2866 5473 μᾶλλον
2897 5399 3072 5468 χαρᾶς
3100 5396 3177 5459 ὡς
3207 5394 3468 5466 ἐμποδίου
3507 5389 3737 5457 παγίδος

2145 5501 2504 5568 ἀπαλλαγεὶς,
2534 5489 2692 5559 οὗτος
2726 5489 2893 5566 ἥύπδ
2915 5488 3221 5557 κενοδοξίας
3251 5488 3313 5574 ἢκ
3331 5486 3437 5538 ὑπὸ
3477 5481 3735 5552 πορνείας

2145 5593 2493 5665 ἐμπαίζεται.
2549 5589 2623 5642 Τὸ
2668 5586 2829 5641 πόθεν
2865 5585 2893 5638 6
2949 5583 3148 5654 ἄνεμος
3185 5581 3311 5634 πνεῖ
3352 5576 3459 5649 πρὸ
3520 5574 3736 5628 πάντων
