4030 6422
386 351 532 418 1ιὶ¹ξ3

1356 338 1589 398 SCALA
1622 332 2007 395 PARADISI.
2026 343 2106 368 ’-
2128 331 2438 392 GRADUS
2468 330 2676 392 XXVI.

3510 321 3654 390 10⁸71

385 466 719 538 ζητήσωμεν
748 476 761 493 ³
818 461 1015 532 μήπως
1053 456 1368 529 εὑρεθῶμεν
1414 452 1675 515 ἐναντίως
1720 450 1791 504 τὰ
1840 447 1986 501 ἱστία

2096 444 2230 502 diem
2271 445 2506 501 tristitiae
2544 444 2711 499 telum
2753 441 2988 512 accepit,
3025 448 3079 496 et
3114 454 3226 496 non
3263 439 3444 511 potius
3471 441 3670 511 gaudio

383 552 753 619 ἐκτείνοντες·
796 550 1106 623 παρακάλει
1153 548 1211 614 ἐξ
1258 544 1483 615 ἀγάπης
1530 541 1793 614 γέροντας
1839 556 1976 611 πραο

392 648 625 711 κτικοὺς
646 645 846 708 οἵτινες
877 640 1215 712 κατέτριψαν
1234 638 1303 692 τὰ
1332 637 1559 707 σώματα
1582 631 1762 689 αὐτῶν
1796 633 1853 685 ἐν
1881 631 1981 685 ἁσ-

388 737 716 810 κὴσει(⁴25),
776 734 979 807 μικρὰν
1026 733 1332 786 ἀνάπαυσιν
1360 730 1544 791 αὐτοῖς
1586 723 1981 796 παρεχόμενος.

402 830 712 901 ’Λνάγκαζε
744 830 902 891 νέους
939 822 1393 897 ὲγκρατεὺεσθαι,
1427 822 1624 883 οἵτινες
1653 816 1985 887 κατέτριψαν

390 925 493 988 τὰς
535 923 716 995 ψυχὰς
764 921 949 975 αὐτῶν
998 921 1057 972 ὲν
1109 920 1429 989 ἁμαρτίαις,
1467 915 1689 985 μνήμην
1714 910 1984 972 κολάσεως

388 1018 581 1080 αὐτοῖς
608 1016 984 1086 διηγούμενος.
1008 1010 1132 1065 Τῶν
1155 1011 1257 1063 οὐκ
1286 1006 1650 1078 ὲνδοχομένων
1669 1004 1987 1075 ὲστὶν,ὄπερ

396 1109 458 1161 ἑν
489 1105 663 1177 ἑτέρῳ
703 1105 1030 1175 εἰρήκαμεν,
1069 1099 1273 1163 εὐθέως
1307 1101 1365 1152 ὲν
1395 1095 1706 1170 προοιμίοις
1727 1096 1811 1159 είς
1840 1094 1987 1148 ἅπαν

392 1196 846 1271 γαστριμαργίας
867 1196 962 1250 καὶ
986 1192 1293 1258 κενοδοξίας
1315 1192 1349 1262 ἡ
1358 1192 1467 1263 μᾶς
1488 1188 1836 1260 καθαρεύειν·
1853 1186 1989 1241 ἀλλὰ

396 1290 475 1362 μὴ
497 1290 815 1362 θελήσωμεν
833 1287 922 1342 διὰ
941 1288 1152 1359 τρυφῆς
1167 1288 1233 1357 τῇ
1252 1283 1528 1354 κενοδοξία
1543 1280 1831 1354 μάχεσθαι·
1852 1275 1992 1352 ἧττα

398 1382 513 1452 γὰρ
557 1379 1006 1452 γαστριμαργίας
1047 1376 1384 1441 κενοδοξίαν,
1435 1377 1552 1438 τοίς
1605 1373 1989 1442 είσαγωγικοίς

395 1471 871 1542 λέγω,ἀποτίκτει.
892 1468 1109 1522 Μᾶλλον
1123 1467 1180 1520 δὲ
1201 1467 1267 1520 δι’
1288 1466 1495 1528 ἐνδείας
1525 1465 1643 1518 κατ’
1657 1462 1828 1533 αὐτῆς
1857 1478 1993 1535 πρε-

399 1562 741 1633 σϐεύσωμεν.
789 1560 1102 1615 Ἐλεύσεται
1151 1558 1262 1629 γὰρ
1314 1556 1457 1630 ὥρα,
1499 1557 1595 1611 καὶ
1619 1555 1716 1610 νῦν
1737 1556 1853 1609 ἐστι
1878 1556 1993 1619 τοῖς

2088 538 2315 595 allectus
2340 548 2446 602 est,
2477 538 2627 609 quod
2666 537 2735 591 ab
2771 535 3143 606 impedimenti
3173 534 3372 604 laqueo
3404 532 3670 588 liberatus

2086 633 2179 698 sit,
2209 633 2301 688 hic
2328 648 2359 686 α
2384 632 2580 702 Spiritu
2617 645 2769 685 vana:
2795 628 2982 699 gloriae
3028 636 3122 682 aut
3153 626 3373 682 veneris
3405 625 3669 679 illuditur.

2086 726 2225 780 Ante
2248 725 2434 779 omnia
2481 724 2862 793 inquiramus,
2911 721 3058 777 unde
3098 719 3327 790 spiritus
3365 717 3497 772 flare
3534 718 3673 771 inri-
3704 712 3715 715 ’

2087 819 2233 889 piat,
2291 832 2358 871 ne
2401 816 2537 872 forte
2579 816 2697 871 vela
2741 815 2795 869 in
2846 812 3181 869 contrarium
3219 810 3532 866 tendamus.
3577 807 3675 862 Sc-

2090 911 2279 965 niores
2301 910 2356 963 in
2392 910 2610 963 actione
2632 914 2881 962 versatos
2898 946 2914 972 ,
2935 905 3031 975 qui
3061 918 3294 974 corpora
3324 919 3425 958 sua
3449 900 3672 957 assidua

2087 1003 2476 1058 exercitatione
2502 1001 2841 1056 detriverunt
2868 996 3157 1054 consolare
3182 1010 3249 1052 ex
3283 995 3546 1051 charitate
3562 1034 3578 1058 ,
3620 1002 3676 1046 et

2088 1095 2330 1167 aliquam
2384 1092 2552 1166 38‘,
2594 1090 2986 1148 relaxationem
3032 1089 3142 1146 illis
3181 1088 3401 1145 exhibe.
3439 1085 3676 1142 iuvenes

2090 1187 2185 1259 qui
2216 1200 2313 1256 per
2343 1192 2567 1255 peccata
2609 1184 2823 1239 animas
2863 1197 2995 1238 suas
3036 1182 3177 1236 male
3217 1186 3561 1245 tractarunt,
3607 1176 3674 1231 ad

2090 1280 2482 1336 continentiam
2543 1277 2855 1345 redigendis
2907 1277 2963 1331 in
3016 1274 3335 1330 memoriam
3392 1270 3676 1341 suppliciis

2091 1375 2313 1429 aeternis
2344 1371 2631 1440 compelle.
2666 1371 2811 1426 Fieri
2842 1384 2951 1425 non
2982 1375 3161 1439 potest
3181 1405 3196 1431 ,
3237 1364 3385 1435 quod
3417 1371 3471 1419 et
3510 1378 3675 1433 supra

2093 1465 2616 1530 demonstravimus,
2653 1471 2713 1517 ut
2741 1461 2929 1517 statim
2957 1460 3030 1515 ab
3058 1458 3215 1513 initio
3246 1457 3525 1527 ingressus
3550 1454 3677 1509 reli-

2092 1558 2307 1630 gionis,
2345 1558 2415 1613 ab
2452 1556 2604 1612 omni
2650 1556 2775 1627 gula
2815 1563 2869 1611 et
2911 1568 3049 1609 vana
3089 1551 3260 1622 gloria
3298 1563 3675 1620 repurgemur.

402 1651 774 1723 βουλομένοις,
791 1651 879 1705 ίνα
894 1649 1143 1725 ὑποτάξῃ
1170 1649 1377 1722 Κύριος
1399 1648 1490 1703 καὶ
1516 1647 1720 1718 ταύτην
1741 1647 1846 1701 ὑπὸ
1865 1648 1993 1711 τοὺς

2097 1651 2202 1708 Sed
2233 1661 2414 1709 tamen
2445 1667 2515 1707 ne
2546 1666 2643 1722 per
2671 1649 2899 1705 delicias
2928 1657 2983 1703 et
3005 1648 3194 1702 luxum
3222 1643 3454 1700 velimus
3482 1656 3676 1697 vanam

402 1744 577 1807 πόδας
594 1742 773 1816 ἡμῶν.
791 1743 867 1818 Οῤ
885 1745 997 1807 τοῖς
1018 1742 1203 1806 αὐτοῖς
1228 1744 1278 1796 οί
1303 1742 1413 1796 νέοι
1438 1740 1531 1796 καὶ
1542 1741 1592 1793 oi
1618 1739 1990 1809 γεγηρακότες

2099 1747 2329 1819 gloriam
2355 1758 2712 1816 oppugnare:
2758 1757 2885 1797 nam
2920 1742 3037 1810 ipsa
3072 1738 3301 1794 victoria
3329 1736 3396 1792 de
3423 1735 3549 1806 gula
3583 1750 3679 1789 va-

398 1804 849 1908 upoaepiépevot
886 1804 1253 1906 πολεμοῦνται
1299 1833 1521 1889 πάθεσι.
1557 1804 1825 1895 Πολλάκις
1876 1831 1985 1904 γὰρ

2096 1804 2222 1895 nam
2253 1804 2479 1923 gloriam
2502 1804 2587 1892 vin
2622 1837 2692 1892 iis
2728 1834 2823 1906 qui
2869 1804 3051 1890 adhuc
3097 1832 3262 1923 rudes
3307 1804 3474 1897 sunt,
3516 1827 3675 1898 parit.

399 1928 486 1992 si;
512 1926 661 1982 ἅπαν
685 1927 939 1991 ἐναντίας
982 1928 1085 1992 τὰς
1126 1927 1316 1992 νόσους
1352 1926 1670 1997 κέκτηνται.
1699 1925 1800 1979 Διὰ
1830 1924 1987 1979 τοῦτο

406 2017 676 2088 μακαρία,
708 2021 742 2090 ή
781 2019 1031 2090 μακαρία
1051 2019 1402 2082 ταπείνωσις,
1426 2018 1510 2072 ὅτι
1538 2017 1680 2081 νέοις
1704 2018 1801 2072 καὶ
1823 2031 1990 2088 γεγη-

403 2109 632 2179 ρακόσιν
664 2110 914 2183 ἀσφαλὴς
959 2111 1054 2165 καὶ
1083 2110 1286 2182 δυνατὴ
1313 2109 1557 2178 γίγνεται
1587 2110 1864 2181 μετάνοια.
1896 2108 1989 2180 Μὴ

401 2200 694 2272 θορυϐησω
754 2202 814 2256 ὲν
872 2200 951 2271 τῷ
1008 2202 1191 2270 λέγειν
1256 2200 1509 2273 ἔρχομαι.
1562 2200 1785 2255 Σπάνιοι
1855 2199 1987 2271 γὰρ,

342 2367 347 2371 ψ
402 2291 549 2363 πλὴν
578 2293 686 2345 eici
715 2293 887 2364 ψυχαὶ
932 2293 1112 2356 εὔθεῖς
1152 2294 1248 2347 καὶ
1291 2294 1580 2366 ἀπόνηροι,
1631 2291 1852 2358 κακίας,
1892 2291 1989 2345 καὶ

400 2383 773 2453 ὑποκρίσεως,
826 2385 922 2438 καὶ
967 2385 1396 2455 κακεντρεχείας
1427 2383 1869 2455 ἀπηλλαγμέναι,
1898 2379 1987 2449 αἶς

402 2474 582 2545 πάντη
615 2479 649 2547 ὴ
683 2475 791 2529 τῶν
828 2476 1134 2547 ἀνθρώπων
1179 2475 1531 2551 συνδιατριὸὴ
1563 2475 1866 2530 ἀντίκειται
1896 2475 1990 2529 δυ-

400 2564 667 2637 ναμέναις
699 2567 838 2637 μετὰ
876 2566 972 2621 τοῦ
1007 2567 1331 2639 ὁδηγοῦντος
1365 2570 1430 2621 ὲκ
1467 2568 1566 2638 τῆς
1598 2567 1852 2639 ἡσυχίας,
1880 2566 1990 2623 ῶσ-

402 2675 513 2730 περ
554 2659 620 2713 ὲκ
672 2658 911 2730 λιμένος,
969 2662 1050 2724 εἰς
1095 2659 1333 2742 οὐρανὸν,
1366 2659 1710 2731 ἀνέρχεσθαι,
1744 2660 1839 2714 καὶ
1881 2659 1989 2715 τῶν

402 2750 763 2806 κοινοόιακῶν
795 2751 1059 2824 θορύϐων,
1082 2752 1174 2813 καὶ
1202 2752 1513 2809 σκανδάλων
1531 2753 1806 2825 διαμεῖναι
1834 2754 1990 2807 ἀνεν-

400 2839 547 2903 δεεῖς
582 2842 678 2925 καὶ
715 2842 1025 2914 ἀπείρατοι.
1063 2843 1313 2913 Λάγνους
1345 2846 1443 2914 μὲν
1487 2845 1785 2917 ἄνθρωποι,
1819 2863 1987 2917 πονης-

402 2931 535 3003 ρους
557 2932 613 2986 δὲ
647 2933 892 3002 ἄγγελοι,
927 2936 1310 3007 ὑπερηφάνους
1347 2937 1404 2995 δὲ
1435 2936 1567 3000 Θεὸς
1607 2930 1861 2991 ἰάσασθαι
1893 2937 1992 2991 πέ-

402 3040 599 3092 φυκεν.
634 3022 789 3090 Εἶδος
822 3027 1046 3099 ἀγάπης
1080 3028 1341 3092 πολλάκις
1359 3030 1490 3092 ἴσως
1515 3028 1708 3096 γέγονε
1742 3029 1837 3083 καὶ
1866 3028 1991 3082 τοῦ-

2089 1934 2193 1989 Per
2218 1916 2454 1988 inediam
2485 1931 2666 2001 potius
2700 1938 2893 1985 contra
2921 1928 3071 1982 illam
3099 1913 3461 1981 dccertemus.
3490 1920 3683 1977 Veniet

2090 2026 2237 2082 enim
2288 2025 2459 2088 hora,
2507 2033 2564 2079 et
2604 2037 2753 2078 nunc
2803 2028 2890 2077 est
2924 2018 3268 2083 volentibus,
3315 2024 3377 2072 ut
3416 2014 3707 2070 Dominus'

2090 2118 2235 2174 hanc
2265 2132 2485 2189 quoque
2512 2115 2773 2188 subjiciat
2804 2113 3036 2186 pedibus
3066 2112 3291 2167 nostris.
3326 2107 3446 2164 Non
3476 2106 3681 2163 eisdem

2086 2211 2316 2283 juvenes
2348 2226 2413 2266 ac
2446 2225 2607 2267 senes
2635 2224 2760 2266 cum
2786 2207 2855 2263 ad
2887 2205 3204 2276 religionem
3237 2200 3506 2259 accedunt
3533 2197 3682 2254 vitiis

2088 2312 2491 2377 oppugnantur.
2530 2302 2686 2374 Saepe
2723 2301 2783 2357 fit
2817 2309 2879 2357 ut
2938 2299 3099 2370 plane
3138 2292 3432 2353 contrariis
3475 2291 3684 2347 morbis

2088 2400 2365 2456 laborent.
2394 2398 2739 2470 Quapropter
2764 2397 2946 2460 beata,
2975 2394 3286 2462 iterumque
3309 2389 3468 2446 beata
3495 2385 3681 2442 bumi~

2090 2485 2254 2560 litas,
2301 2491 2450 2562 quod
2500 2499 2610 2545 tam
2655 2488 2953 2560 juvenibus
2998 2500 3162 2556 quam
3210 2481 3439 2539 senibus
3489 2492 3683 2535 secura

2089 2593 2352 2655 tutaque,
2389 2595 2596 2653 etquae
2631 2583 2685 2637 in
2711 2578 3269 2652 cujusquefacultatc
3307 2574 3413 2631 sita
3451 2572 3554 2638 sit,
3589 2569 3685 2625 ﬁat

2092 2676 2434 2748 paenitentia.
2466 2673 2583 2732 Non
2610 2685 2662 2731 te
2688 2674 2973 2745 perturbet
3003 2672 3057 2726 id
3087 2669 3233 2741 quod
3261 2668 3511 2724 dicturus
3533 2678 3680 2720 sum.

2076 2770 2236 2826 'Sunt
2279 2771 2478 2827 animus
2517 2782 2833 2841 quanquam
2880 2764 3178 2821 admodum
3217 2776 3393 2826 rarae,
3438 2764 3566 2814 sunt
3603 2765 3686 2810 ta-

2092 2880 2218 2921 men
2248 2872 2411 2920 rectae
2442 2872 2496 2918 et
2524 2863 2594 2918 ab
2621 2861 2773 2917 omni
2801 2859 3009 2916 malitia
3046 2858 3241 2913 aliena:
3263 2898 3280 2924 ,
3317 2849 3686 2910 simulationis

2094 2968 2149 3015 et
2177 2957 2316 3014 artis
2362 2957 2548 3013 omnis
2593 2955 2841 3012 subdolae
2872 2961 3159 3024 expertes,
3197 2965 3323 3021 quae
3361 2946 3580 3018 penitus
3620 2943 3689 2998 ab

2093 3053 2245 3110 omni
2278 3053 2403 3107 vitae
2440 3050 2754 3108 communis
2788 3046 3069 3105 consortio
3093 3053 3149 3101 et
3180 3044 3445 3100 societate
3481 3040 3687 3095 abhor-

402 3128 488 3177 το,
514 3112 577 3165 τὺ
595 3111 672 3184 τῷ
699 3113 928 3186 πλησίον
955 3116 1390 3187 καταλιμπάνειν
1429 3117 1831 3189 παραϐάλλοντι
1854 3118 1989 3189 πρὸς

2096 3154 2252 3213 rent,
2315 3159 2437 3216 quae
2495 3144 2764 3213 Optimum
2827 3141 3023 3197 ducem
3083 3145 3285 3195 secutae
3336 3141 3570 3205 possunt
3621 3145 3687 3185 ex

404 3203 557 3279 ἡμᾶς
588 3206 784 3269 ποιεῖν,
813 3206 992 3271 καθὼς
1021 3206 1295 3279 βούλεται,
1331 3211 1389 3263 ὲν
1423 3209 1649 3274 ἆπασιν,
1672 3209 1830 3281 ἡμῶν
1859 3210 1992 3281 μέν-

401 3311 490 3350 τοι
530 3294 828 3369 ίλαρότητα
859 3300 1042 3353 πᾶσαν
1075 3300 1538 3370 ἐπιδεικνυμένων
1561 3300 1697 3373 (‘27),
1724 3299 1992 3372 ζητητέον

404 3388 526 3452 πῶς
558 3390 650 3443 καὶ
687 3390 792 3455 ἓως
823 3390 988 3457 τίνος,
1018 3392 1112 3446 καὶ
1141 3393 1294 3459 πότε,
1348 3395 1444 3448 καὶ
1473 3394 1506 3465 ἢ
1546 3393 1655 3465 ἆρα
1688 3392 1993 3465 ἀναλυτικὴ

404 3482 439 3555 ᾐ
478 3480 815 3550 μεταμέλεια
844 3481 955 3535 τῶν
997 3483 1203 3545 καλῶν,
1255 3483 1445 3554 ὥσπερ
1473 3483 1583 3537 τῶν
1615 3483 1823 3538 κακῶν.
1864 3486 1995 3537 Δια-

407 3564 785 3638 κρίσειπολλῇ
819 3567 1178 3640 χρησώμεθα,
1210 3570 1340 3623 πότε
1376 3571 1477 3641 μὲν
1505 3570 1782 3637 ἵστασθαι,
1814 3571 1910 3625 καὶ
1935 3571 1995 3625 ἐν

408 3654 607 3722 ποίοις,
637 3654 733 3710 καὶ
776 3657 881 3720 ἕως
925 3657 1069 3722 τίνος
1110 3659 1505 3730 προσπαλαίειν
1525 3660 1642 3722 ταῖς
1673 3659 1784 3714 τῶν
1809 3656 1996 3714 παθῶν

408 3744 568 3810 ὕλαις
597 3748 906 3819 ὀφείλομεν.
940 3750 1094 3804 Ἔστι
1115 3750 1225 3821 γὰρ
1246 3752 1337 3804 καὶ
1359 3754 1552 3820 φυγεῖν
1584 3754 1881 3824 προκρῖναι
1905 3750 1998 3805 διὰ

410 3837 517 3907 τὴν
559 3837 879 3907 ἀσθένειαν,
931 3840 1017 3893 ἵνα
1063 3839 1139 3914 μὴ
1190 3840 1572 3913 ἀποθάνωμεν.
1628 3841 1860 3912 Ἰδωμεν
1904 3841 1999 3896 καὶ

418 3927 743 3999 φυλάξωμεν
794 3929 958 4003 (ίσως
1005 3933 1116 4004 γὰρ
1172 3934 1269 3986 καὶ
1305 3934 1364 3987 ὲν
1416 3932 1600 4006 καιρῷ
1646 3932 1738 3987 διὰ
1771 3932 1997 4004 πικρίας

415 4017 584 4090 χολὴν
626 4023 858 4078 κενῶσαι
896 4023 1225 4095 δυνάμεθα),
1252 4028 1394 4079 ποῖοι
1434 4026 1534 4096 μὲν
1576 4025 1685 4078 τῶν
1724 4024 1997 4095 δαιμόνων

415 4110 637 4181 ὑψοῦσι,
672 4117 811 4169 ποῖοι
835 4115 894 4177 δὲ
920 4116 1266 4181 ταπεινοῦσι,
1298 4118 1394 4179 καὶ
1435 4119 1578 4170 ποῖοι
1606 4115 1994 4187 σκληρύνουσι,

413 4204 562 4258 ποῖοι
604 4204 1088 4279 δὲνπαρακαλοῦσι
1115 4247 1131 4275 ,
1176 4209 1272 4262 καλ⁵
1330 4212 1470 4262 ποίοι
1519 4209 1618 4280 μὲν
1666 4210 1997 4276 σκοτίζουσι,

410 4298 559 4350 ποῖοι
586 4295 647 4351 δὲ
669 4297 833 4352 πάλιν
860 4299 1144 4372 φωτισμὸν
1171 4299 1582 4370 ὑποκρίνονται,
1613 4300 1708 4354 καὶ
1730 4302 1874 4354 ποῖοι
1901 4299 2001 4371 μὲν

405 4387 679 4458 νωθροὺς,
715 4394 859 4446 ποῖοι
892 4392 947 4447 δὲ
991 4396 1382 4465 κακεντρεχεϊς
1404 4436 1418 4459 ,
1453 4396 1596 4447 ποῖοι
1640 4394 1698 4447 δὲ
1750 4393 2000 4462 σκυθρω-

409 4478 568 4544 ποὺς,
635 4481 733 4534 καὶ
773 4483 917 4535 ποῖοι
976 4482 1195 4554 ἱλαροὺς
1241 4484 1390 4554 ἡμᾶς
1421 4481 1853 4554 ἀπεργάζονται.
1907 4480 1999 4552 Μὴ
2036 4480 2082 4536 D

409 4569 790 4643 θαμόηθῶμεν
844 4576 909 4633 ὲν
961 4577 1041 4649 τῷ
1070 4577 1271 4649 σταδίῳ
1328 4579 1385 4631 έν
1416 4577 1721 4648 προοιμίοις
1775 4575 2003 4639 ἑαυτοὺς

410 4661 865 4745 ξμπαθεστέρους
908 4669 1012 4735 τῆς
1061 4669 1121 4721 ὲν
1168 4668 1249 4738 τῷ
1295 4669 1486 4739 κόσμῳ
1525 4666 1686 4740 ἡμῶν
1725 4666 2004 4736 διαγωγῆς

410 4754 673 4825 ὁρῶντες.
718 4759 812 4811 Δεῖ
853 4757 963 4835 γὰρ
1005 4759 1075 4815 τὰ
1120 4760 1271 4814 αἴτια
1320 4760 1496 4819 πάντα
1536 4758 1843 4830 κινηθῆναι.
1890 4754 2003 4812 Εἴθ’

411 4840 593 4910 οὕτως
630 4844 730 4917 τὴν
777 4846 969 4917 ὑγείαν
1008 4848 1143 4919 ἡμῖν
1178 4847 1598 4919 προσγενέσθαι,
1640 4850 1691 4902 εί
1733 4847 1826 4901 καὶ
1862 4847 2006 4919 τάχα

411 4952 516 4990 που
539 4935 611 4989 τὰ
641 4934 807 5008 θηρία
839 4939 1197 5018 κρυπτόμενα
1226 4939 1327 4993 οὐκ
1359 4938 1667 4998 ἐϐλέποντο.
1706 4940 1836 4993 Ὅτε
1860 4938 2006 4994 κατά

411 5040 537 5078 τινα
571 5023 845 5095 σύμϐασιν
877 5018 1067 5082 λοιπὸν
1098 5029 1155 5082 οίι
1180 5029 1481 5101 τελειότητι
1510 5028 1923 5100 πλησιάζοντες,
1946 5029 2006 5085 ἐν

410 5134 518 5170 τινι
583 5117 728 5190 ψιλῷ
774 5121 891 5183 τοῖς
942 5120 1163 5192 δαίμοσι
1214 5122 1532 5195 ἡττηθῶσι,
1582 5122 1734 5195 πάσῃ
1790 5126 2002 5195 μηχανῇ

417 5211 657 5282 (ρῶνται
689 5213 972 5284 συντόμως
1009 5213 1169 5268 τοῦτο
1195 5213 1255 5282 ἐξ
1292 5214 1474 5273 αὐτῶν
1507 5212 2003 5274 ἑκατονταπλάσιον

412 5305 878 5377 ἀφαρπάσασθαι.
916 5307 1130 5379 Ὥσπερ
1160 5308 1219 5361 οἱ
1241 5306 1435 5379 ἄνεμοι
1459 5305 1594 5377 (28),
1626 5307 1756 5361 ποτὲ
1785 5308 1882 5378 μὲν
1904 5306 2004 5377 τὴν

408 5398 707 5471 ἐπιστολὴν,
764 5398 872 5453 διὰι
905 5399 968 5454 τὸ
1012 5399 1288 5470 γαληνὸν,
1341 5399 1471 5459 ποτὲ
1497 5398 1556 5452 δὲ
1594 5398 1684 5453 τὸν
1714 5398 1875 5469 βυθὸν
1906 5399 2004 5469 τῆς

414 5487 439 5537 C
455 5486 704 5557 αλάσσης
726 5487 1020 5559 ταράττειν
1038 5486 1317 5542 εἰώθασιν·
1348 5485 1521 5548 οὕτως
1550 5503 1638 5556 μοι
1665 5486 1777 5539 νόει
1800 5487 1896 5540 καὶ
1911 5487 2004 5539 ἐπὶ

404 5574 532 5629 τῶν
567 5579 860 5634 σκοτεινῶν
893 5580 1136 5647 ἀνέμων,
1183 5578 1291 5632 τῶν
1334 5577 1432 5648 μὲν
1461 5576 1572 5647 γὰρ
1616 5577 1880 5649 ἑμπαθῶν
1910 5579 2006 5635 at’t-

403 5688 424 5723 τ
444 5664 521 5735 ἢν
556 5667 658 5739 τὴν
692 5671 790 5741 τῆς
828 5671 1056 5743 καρδίας
1084 5671 1337 5742 αἴσθησιν
1369 5671 1660 5741 ταράσσειν
1686 5668 2001 5741 πεφύκασι]

403 5758 534 5817 τῶν
573 5760 632 5817 δὶ
672 5762 772 5835 ἤδη
817 5763 1231 5839 προκοῷάντων,
1279 5763 1375 5832 τὴν
1426 5752 1689 5831 ἐπιστολὴν
1724 5760 1819 5816 τοῦ
1864 5761 2001 5827 νοός.

2094 3240 2278 3311 quieta
2323 3248 2380 3295 et
2418 3238 2668 3294 solitaria
2704 3236 2849 3302 vita,
2905 3242 3171 3302 tanquam
3220 3244 3251 3285 e
3284 3235 3448 3299 portu
3488 3223 3688 3280 coelum

2095 3331 2465 3388 conscendere
2490 3369 2508 3395 ,
2556 3337 2613 3385 et
2655 3344 2688 3385 a
2726 3324 3056 3384 tumultibus
3100 3333 3263 3392 atque
3300 3316 3523 3375 offensis
3567 3316 3692 3371 vitae

2097 3422 2400 3496 (quamvis
2457 3419 2777 3492 religiosae)
2829 3413 3142 3472 communis
3198 3419 3423 3475 tamen,
3488 3407 3691 3461 intacta

2095 3528 2153 3576 et
2209 3518 2475 3574 intentata
2537 3516 2856 3588 persistere.
2908 3510 3212 3575 Lascivos,
3268 3507 3469 3572 homo;
3530 3500 3691 3560 mali-

2097 3627 2274 3684 gnos,
2329 3611 2600 3683 angelus;
2671 3607 2940 3679 superbos
2976 3646 2992 3670 ,
3063 3605 3207 3659 Deus
3269 3613 3467 3656 sanare
3528 3595 3689 3652 solet.

2097 3704 2262 3778 385
2300 3703 2382 3760 Sit
2414 3704 2648 3758 fortasse
2678 3709 2734 3757 et
2767 3701 2883 3755 haec
2927 3713 3036 3753 non
3083 3709 3212 3751 raro
3250 3692 3464 3764 species
3513 3688 3693 3760 aliqua

2100 3796 2409 3863 charitatis,
2445 3808 2571 3849 cum
2613 3791 2769 3846 alteri
2798 3790 2866 3844 ad
2892 3802 2997 3843 nos
3026 3783 3265 3840 venienti
3301 3779 3692 3853 permittimus,

2100 3887 2369 3961 quidquid
2406 3886 2554 3951 velit,
2588 3883 2790 3950 facere,
2829 3893 3048 3937 omnem
3081 3876 3303 3932 interim
3336 3873 3414 3928 illi
3453 3872 3695 3926 benevo-

2099 3959 2325 4035 lentiam
2373 3987 2430 4032 et
2464 3973 2796 4030 hilaritatem
2852 3965 3186 4024 exhibendo.
3241 3963 3362 4030 Qua
3412 3961 3469 4017 in
3516 3974 3578 4014 re
3616 3959 3696 4012 vi-

2100 4069 2335 4126 dendum
2366 4065 2642 4139 quomodo
2682 4072 2737 4118 et
2766 4069 3057 4133 quatenus,
3096 4067 3152 4112 et
3183 4053 3430 4123 quando,
3472 4060 3527 4106 et
3563 4065 3693 4103 num

2099 4162 2446 4236 poenitentia,
2475 4154 2945 4232 quemadmodum
2989 4151 3155 4214 mala,
3197 4149 3272 4202 ita
3308 4156 3361 4203 et
3393 4147 3554 4208 bona,
3582 4143 3698 4198 dis-

2102 4234 2315 4313 solvere
2366 4268 2462 4309 seu
2518 4260 2874 4319 corrumpere
2914 4241 3130 4316 possit?
3183 4239 3353 4294 Multa
3408 4234 3696 4307 prudentia

2102 4365 2242 4421 Opus
2269 4356 2374 4413 est,
2407 4355 2469 4402 ut
2507 4342 2903 4414 intelligamus,
2946 4334 3167 4407 quando
3199 4332 3357 4387 nobis
3385 4328 3696 4385 subsisten-

2105 4420 2235 4500 dum
2279 4441 2370 4504 sit,
2399 4449 2453 4496 et
2493 4439 2548 4494 in
2577 4436 2781 4508 quibus
2827 4429 3032 4504 praeliis
3083 4436 3137 4482 et
3177 4436 3462 4497 quousque
3501 4420 3697 4477 contra

2112 4536 2370 4591 vitiorum
2439 4529 2725 4587 materiam
2789 4535 2846 4581 et
2899 4522 3145 4580 fomitem
3200 4517 3552 4582 luctandum;
3614 4522 3701 4568 est

2111 4631 2257 4687 enim
2289 4643 2437 4693 cum,
2464 4633 2685 4696 propter
2714 4618 3142 4676 imbecillitatem
3173 4622 3442 4675 nostram,
3476 4626 3544 4664 ne
3573 4622 3701 4662 suc—

2112 4723 2436 4779 cumbamns
2464 4728 2519 4774 ct
2553 4717 2878 4776 moriamur,
2910 4717 3135 4783 praestat
3161 4707 3367 4778 fugere.
3407 4703 3701 4758 Videamus

2112 4826 2167 4873 et
2201 4816 2553 4871 adven-tamus
2602 4810 2863 4883 (fortasse
2895 4804 3041 4860 enim
3086 4810 3141 4856 et
3183 4815 3288 4857 suo
3330 4807 3576 4867 tempore
3606 4808 3702 4864 per

2113 4908 2532 4966 amaritudinem
2598 4902 2672 4958 fel
2727 4899 3022 4958 exhaurire
3062 4892 3412 4967 possumus),
3473 4888 3698 4960 quinam

2112 5004 2419 5060 daemonum
2461 5012 2564 5053 nos
2612 4996 2669 5051 in
2717 4991 3029 5064 superbiam
3063 4987 3352 5051 extollant,
3384 4980 3484 5055 qui
3518 4978 3703 5049 depri-

2113 5103 2286 5161 mant,
2318 5094 2410 5165 qui
2456 5092 2627 5147 duros
2676 5086 2927 5149 reddant,
2969 5082 3071 5154 qui.
3101 5079 3455 5137 consolentur
3500 5085 3555 5128 et
3583 5072 3702 5142 pal-

2112 5196 2265 5261 pent,
2299 5187 2392 5259 qui
2426 5184 2680 5240 tenebras
2702 5178 2862 5236 nobis
2893 5176 3199 5238 oll'undant,
3237 5170 3442 5242 quique
3476 5179 3702 5222 rursum

2064 5316 2073 5325 -
2114 5258 2395 5340 illustrare
2436 5295 2496 5336 se
2531 5279 2761 5347 fingant,
2809 5273 2905 5345 qui
2945 5269 3194 5339 stupidus
3247 5274 3304 5322 et
3329 5264 3575 5328 hebetes,
3604 5258 3703 5330 qui

2114 5381 2344 5435 solet-tes
2382 5387 2437 5432 et
2478 5373 2744 5431 subdolus
2777 5369 3005 5434 faciant,
3035 5365 3129 5436 qui
3162 5361 3387 5418 tetricos
3415 5368 3469 5415 et
3493 5358 3699 5421 tristes,

2112 5475 2320 5545 quique
2363 5470 2567 5524 hilares
2611 5480 2713 5521 nos
2759 5461 3016 5521 efficiant.
3052 5456 3197 5512 Nihil
3227 5468 3331 5509 nos
3381 5451 3566 5506 turbet
3605 5457 3702 5503 aut

2114 5544 2478 5627 commoveat,
2531 5558 2754 5631 quando
2796 5557 2852 5610 iu
2885 5551 3146 5623 “religiosi
3202 5545 3361 5603 stadii
3421 5544 3696 5613 ingressu,

2114 5676 2210 5717 seu
2253 5656 2481 5715 exordio
2527 5652 2799 5723 religiosa:
2828 5647 2961 5721 vita;
2988 5656 3089 5701 nos
3123 5641 3297 5711 magis
3325 5635 3539 5703 vitiosis
3563 5635 3698 5691 alie-

2114 5754 2295 5814 ctibus
2325 5745 2633 5822 perturbari
2681 5742 2968 5802 sentimus,
3010 5750 3175 5807 quam
3228 5746 3352 5789 cum
3400 5728 3455 5785 in
3497 5728 3697 5795 sazcuio
