4030 6440
381 309 523 375 ῙΟΤΙ

662 422 922 491 Σχόλιον
950 420 1251 490 οεοδώρου
1291 422 1586 494 Ἐδέσσης
1612 427 1679 493 ζ’.

448 513 628 581 Οἷνος
658 514 776 585 μὲν,
800 513 875 577 ὼς
891 512 1221 585 γέγραπται,
1251 517 1560 586 εὐφραίνει
1580 518 1833 587 καρδίαν
1853 521 1961 577 ἀν-

362 605 635 673 θρώπου·
671 607 734 660 σὺ
756 606 813 659 δὲ
839 609 868 667 ό
900 607 1115 663 πενθεῖν
1143 609 1231 663 ἀεὶ
1260 610 1355 663 καὶ
1385 611 1594 666 κλαίειν
1626 613 1961 682 ἐπαγγειλάο

363 715 536 766 μενος
577 697 675 768 τὴν
720 698 977 770 τοιαύτην
1021 699 1285 754 ἐκκλίνων
1325 701 1686 775 εύφροσύνην,
1732 705 1961 777 εὐφραν-

358 787 515 860 θήσῃ
567 789 873 860 χαρίσμασι
928 795 1362 860 πνευματικοῖςο
1404 794 1833 866 εὐφραινόμενος
1898 796 1957 850 δὲ

356 882 501 952 οἴνῳ
540 883 753 953 αἰχροῖς
802 882 1216 954 συμϐιοτεῦσεις
1261 884 1572 957 λογισμοῖς’
1610 888 1705 943 καὶ
1736 888 1956 954 πολλαῖς

363 980 601 1046 παρήσῃ
638 972 858 1038 λύπαις.

991 1067 1249 1136 Σχόλιον
1272 1074 1344 1142 η’.

439 1178 696 1251 Νομικὴν
739 1179 996 1252 λατρείαν
1048 1174 1175 1249 ὧδε,
1212 1176 1389 1253 οἶμαι,
1435 1185 1465 1237 ό
1507 1183 1664 1254 ἅγιός
1711 1201 1868 1256 φησι,
1895 1185 1956 1240 τὺ

363 1270 552 1342 ἑαυτῷ
600 1272 706 1329 κᾶν
757 1273 1066 1344 προσέχειν,
1102 1273 1271 1344 ἤγουν
1312 1274 1379 1328 τὸ
1423 1274 1552 1329 ῐδιον
1579 1274 1762 1346 ζητεῖν
1786 1292 1800 1307 ’
1833 1278 1868 1348 ἡ
1899 1276 1956 1330 δὲ

361 1362 463 1416 τοῦ
492 1361 713 1435 Κυρίου,
732 1365 827 1419 καὶ
853 1365 949 1418 τοῦ
971 1364 1204 1435 ἀδελφοῦ
1232 1369 1475 1434 σκοπεῖν,
1495 1368 1591 1433 καὶ
1613 1366 1957 1439 διορθοῦσθαι

363 1458 537 1510 ἐστιν.

969 1549 1232 1615 Σχόλιον
1286 1548 1351 1604 θ’.

444 1639 517 1691 ’Ἠ
544 1637 614 1692 δι’
655 1637 865 1694 ἑαυτῶν
905 1640 1054 1712 ἡμᾶς
1079 1641 1130 1694 οι
1163 1641 1416 1713 δαίμονες
1448 1641 1950 1716 ἐκπειράζωσιν,ἧ

362 1728 497 1794 τοὺς
551 1730 627 1803 μὴ
679 1731 1049 1804 φοϐουμένους
1089 1733 1180 1788 τὸν
1229 1734 1436 1807 Κύριον
1475 1735 1594 1790 καθ’
1645 1735 1804 1807 ἡμῶν
1851 1736 1953 1806 ὲφ-

361 1823 647 1888 οπλίξουσι
674 1839 687 1853 ⁸
721 1824 787 1878 δι’
826 1825 1037 1879 ἑαυτῶν
1070 1826 1192 1897 μὲν,
1231 1827 1361 1881 ὅταν
1405 1829 1470 1881 ἐκ
1507 1827 1618 1881 τῶν
1643 1827 1950 1902 ἀνθρώπων

2067 1792 2272 1863 quando
2319 1791 2422 1848 soli
2461 1807 2655 1848 sumus

368 1912 688 1982 ὶδιάσωμεν,
712 1912 900 1986 ῶσπερ
939 1914 1037 1968 καὶ
1064 1916 1156 1969 τὸν
1178 1916 1381 1988 Κύριον
1417 1916 1475 1972 ἐν
1522 1919 1589 1988 τῇ
1622 1920 1812 1990 ἐρήμῳ
1832 1935 1848 1950 ο
1882 1917 1949 1972 δι’

268 2010 273 2013 ⁷
366 2001 673 2073 ἀνθρώπων
713 2003 809 2069 δὲ,
864 2005 993 2061 ὅταν
1045 2006 1163 2077 μετ’
1212 2005 1395 2061 αὐτῶν
1447 2006 1951 2079 συνδιατρίψωμεν,

362 2094 561 2167 ὥσπερ
613 2097 709 2150 καὶ
755 2097 847 2151 τὸν
900 2097 1105 2160 Κύριον
1160 2098 1250 2153 διὰ
1292 2099 1399 2153 τῶν
1435 2099 1765 2172 Φαρισαίων.
1811 2101 1950 2156 Ἀλλ’

288 2246 291 2247 ν
363 2187 534 2256 ἡμεῖς
573 2188 653 2250 εἰς
698 2187 789 2241 τὸν
815 2187 989 2245 τύπον
1029 2189 1186 2260 ἡμῶν
1237 2189 1678 2262 ἀποϐλεπόμενοι
1708 2191 1951 2263 ἀμφοτέ-

362 2275 547 2347 ρωθεν
574 2277 776 2343 αὐτοὺς
807 2279 1304 2351 ἀποκῳυσὼμεθα.

970 2376 1234 2442 Σχόλιον
1290 2375 1344 2430 ι’.

450 2465 640 2529 Ὁδοὺς
687 2470 720 2539 ἡ
764 2467 954 2540 Γραφὴ
1000 2468 1100 2532 τὰς
1145 2470 1348 2539 ἀρετὰς
1399 2470 1696 2542 ὀνομάζειο
1751 2470 1954 2544 μείζων

363 2557 425 2612 δὲ
458 2558 566 2613 τῶν
614 2560 826 2630 ἀρετῶν
878 2559 1071 2614 πασῶν
1124 2562 1158 2633 ή
1213 2562 1404 2633 ἀγάπη
1459 2563 1799 2634 καθέστηκε·
1864 2562 1953 2618 διὰ

365 2651 529 2706 τοῦτο
559 2650 746 2722 ἔλεγεν
790 2653 820 2706 δ
862 2653 1188 2718 Ἀπόστολος
1211 2672 1224 2685 ·
1255 2656 1385 2709 Ἔτι
1431 2657 1572 2711 καθ’
1604 2656 1954 2725 ὑπερϐολὴν

365 2744 517 2797 orior
547 2743 842 2814 δείκνυμι,
867 2744 953 2809 εὼς
981 2748 1339 2813 καταφρονεῖν
1381 2747 1675 2801 πείθουσαν
1704 2747 1811 2805 τῶν
1836 2747 1946 2800 an.

367 2833 482 2886 κῶν
513 2837 857 2906 πραγμάτων
876 2852 891 2867 ο
925 2837 1020 2891 καὶ
1053 2837 1222 2908 μηδὲν
1244 2839 1351 2892 τῶν
1379 2838 1730 2912 προσκαίρων
1758 2856 1953 2912 προτι-

372 2926 480 2994 μᾷν
514 2923 625 2977 τῶν
651 2925 909 2979 αἰωνίων.

969 3017 1230 3087 Σχόλιον
1267 3025 1356 3073 ια’.

440 3107 551 3177 Σχη
561 3108 827 3178 ματισμοὶ
845 3107 934 3163 διὰ
963 3104 1497 3186 παραδειγμάτων,
1524 3114 1806 3184 προεῖπεν,
1825 3113 1953 3167 ὐπο-

365 3197 656 3267 κρίνεσθαι
695 3199 853 3270 ἡμῶν
885 3201 996 3254 δεῖν
1040 3201 1374 3272 ὲμπμθείας,
1414 3203 1492 3266 ὡς
1524 3203 1591 3257 ἂν
1624 3203 1952 3276 ὲκφύγωμεν

361 3291 464 3359 τὴν
491 3289 593 3342 τοῦ
611 3288 807 3362 ἐχθροῦ
823 3286 1014 3362 ἧτταν,
1032 3292 1294 3361 ἀσφαλεῖς
1321 3294 1475 3358 ὄντες
1494 3296 1551 3348 ὲν
1573 3291 1655 3359 οἷς
1684 3312 1954 3368 σχηματι-

365 3378 597 3447 ζόμεθα,
636 3380 787 3452 αὐτῷ
811 3382 1162 3454 πολεμοῦντι,
1200 3383 1276 3456 μὴ
1309 3384 1472 3439 εἰδότι
1506 3386 1587 3442 δέ.

970 3474 1232 3543 Σχόλιον
1263 3475 1351 3547 ιβ’.

445 3563 509 3617 ὀ
549 3561 727 3630 assa;
775 3565 1060 3636 Σεραπίων
1096 3566 1251 3637 φησί’
1297 3567 1483 3621 Ἔστιν
1504 3569 1532 3623 ό
1551 3568 1610 3620 ὲν
1636 3570 1750 3632 τοῖς
1777 3568 1956 3640 πράγο

365 3673 505 3726 μασι
566 3658 679 3721 τοῖς
723 3659 1032 3728 ἀριστεροῖς
1061 3657 1428 3730 ἐργαζόμενος
1466 3659 1566 3731 τὴν
1607 3659 1752 3732 ζωὴν
1780 3663 1839 3716 ἐν
1885 3664 1954 3735 τῇ

368 3748 535 3820 σοφία
564 3747 660 3802 τοῦ
692 3748 829 3802 Θεοῦ
853 3766 869 3782 ο
903 3750 995 3811 καὶ
1028 3749 1179 3803 ἐστιν
1207 3752 1236 3804 ό
1261 3749 1360 3822 τὴν
1386 3752 1668 3825 ἁμαρτίαν
1690 3770 1954 3827 πραγμα-

364 3840 678 3911 τευόμενος,
715 3840 793 3906 ὡς
817 3842 877 3896 ὲν
905 3841 1183 3914 προσώπῳ
1212 3842 1322 3896 τιῖιν
1348 3842 1567 3899 θεῖκῶν.

957 3933 1220 4001 nam
1269 3933 1360 4004 ιγ’.

447 4019 537 4073 Τὰ
560 4020 916 4094 ἐλαττώματα
947 4022 1005 4078 ἐν
1034 4041 1146 4078 τισι
1169 4027 1286 4091 τοῖς
1316 4026 1679 4097 φυλάττουσιν
1701 4026 1954 4096 ἑαυτοὺς,

373 4110 619 4179 φύλακές
638 4115 759 4187 εισι,
779 4115 881 4188 τῆς
909 4115 1278 4182 δικαιοσύνης.

1043 4291 1259 4347 Ἀλλο.
1503 4336 1507 4338 ν

439 4377 564 4431 Ὅτι
618 4378 728 4451 χρὴ
785 4381 981 4453 νήφειν
1045 4382 1140 4437 τὸν
1174 4381 1645 4455 σχηματιζόμενον
1670 4426 1686 4452 ,
1742 4385 1953 4455 μήποτε

1332 315 1563 376 SCALA
1605 317 1989 382 PARADISI.
2023 345 2093 360 --
2114 323 2425 387 GRADUS
2452 326 2660 388 XXVI.

1991 438 2039 496 Α

2544 432 2806 488 Theodori
2840 430 3096 488 Edesseni
3132 434 3181 489 7.

2142 523 2355 592 Vinum,
2388 534 2448 582 ut
2476 525 2743 595 scriptum
2783 532 2886 589 est,
2919 523 3157 594 laetiﬁcat
3200 538 3294 578 cor
3328 523 3553 580 hominis
3573 526 3647 584 ".

2062 617 2145 673 Tu
2172 634 2302 674 vero
2344 633 2469 674 cum
2503 627 2705 674 statum
2740 617 2975 689 lugentis
3017 627 3070 673 et
3099 616 3281 673 ﬂentis
3314 617 3645 688 susceperis,

2061 710 2329 765 declinata
2345 710 2448 766 hac
2464 710 2575 765 vini
2598 711 2779 766 laetitia
2803 710 3160 767 delectaberis
3175 710 3333 766 donis
3347 710 3617 782 spirituali

2058 801 2183 859 bus.
2219 802 2360 859 Vino
2394 813 2575 858 autem
2624 804 2964 859 exhilaratus
2997 803 3184 881 multis
3229 803 3390 859 laedis
3436 802 3643 873 cogita~

2061 895 2300 961 tionibus
2328 894 2717 966 implicaberis,
2747 895 3042 969 multisque
3069 894 3337 963 molestiis
3363 893 3637 966 aﬂligeris.

2674 1074 2921 1131 Scholion
2962 1075 3016 1132 8.

2129 1165 2303 1240 Legis
2330 1166 2656 1239 obsequium
2679 1168 2771 1223 hic
2804 1169 3000 1239 opinor
3024 1169 3157 1226 dicit
3184 1169 3288 1227 sibi
3323 1170 3426 1241 ipsi
3455 1176 3635 1227 atten-

2057 1261 2185 1319 dere
2221 1262 2336 1317 sive
2367 1276 2466 1317 sua
2500 1276 2767 1332 quaerere.
2815 1259 3155 1334 Obsequium
3185 1262 3395 1319 domini
3418 1273 3503 1319 est
3535 1262 3638 1318 fra-

2059 1355 2128 1412 tri
2150 1355 2686 1428 quoque‘consulere
2712 1365 2774 1415 ut
2811 1365 2956 1412 recte
2983 1357 3148 1411 vivat.

2681 1513 2932 1572 Scholion
2969 1516 3025 1573 9.

2124 1605 2411 1663 Daemones
2462 1620 2565 1663 nos
2619 1607 2706 1663 vel
2758 1622 2856 1678 per
2907 1623 2968 1665 se
3018 1616 3231 1663 tentant
3278 1607 3363 1663 vel
3421 1607 3639 1679 impios,

2055 1696 2339 1771 Deumque
2392 1713 2501 1756 non
2545 1697 2800 1756 timentes
2846 1700 2902 1755 in
2961 1715 3064 1756 nos
3115 1708 3364 1783 armant;
3415 1714 3510 1770 per
3556 1716 3640 1767 se,

2668 1832 2685 1861 ,
2734 1793 3198 1864 quemadmodum
3242 1792 3529 1849 Dominum
3584 1794 3638 1848 in

2057 1898 2285 1951 eremo;
2323 1898 2421 1954 per
2441 1884 2716 1949 homines,
2759 1885 2980 1954 quando
3021 1885 3163 1941 inter
3204 1886 3349 1955 ipsos
3380 1885 3636 1949 vivimus,

2057 1972 2520 2043 quemadmodum
2555 1972 2850 2028 Dominum
2884 1988 2982 2043 per
3022 1972 3348 2028 Pharisaaos.
3393 1973 3497 2028 Sed
3539 1989 3640 2029 nos

2056 2064 2226 2136 388
2251 2065 2319 2123 ad
2344 2066 2624 2136 exemplar
2665 2074 2915 2122 nostrum
2961 2065 3341 2135 respiciamus,
3375 2075 3430 2122 et
3460 2068 3638 2121 utrin-

2056 2174 2163 2231 que
2195 2161 2320 2217 illos
2354 2160 2702 2232 repellamus.

2664 2339 2915 2397 Scholion
2954 2341 3043 2403 10.
3460 2386 3469 2393 -

2130 2433 2415 2504 Scriptura
2461 2447 2616 2490 sacra
2647 2433 2876 2490 virtutes
2918 2433 3037 2488 vias
3081 2431 3349 2504 appellat;
3384 2432 3639 2497 omnibus

2056 2540 2224 2597 porro
2250 2527 2546 2582 virtutibus
2576 2525 2755 2596 major
2785 2534 2872 2582 est
2901 2525 3163 2591 charitas,
3192 2533 3478 2595 propterea
3502 2524 3643 2579 dixit

2057 2616 2352 2689 Apostolus
2367 2636 2381 2673 :
2399 2620 2582 2673 Adhuc
2592 2616 3173 2684 excellentioremguobis
3186 2617 3325 2675 viam
3338 2618 3558 2673 ostendo
3570 2616 3640 2681 ⁸⁸,

2057 2719 2121 2763 ιιι
2162 2709 2520 2778 persuaderet
2560 2710 2723 2765 nobis
2776 2709 2961 2765 omnia
3001 2709 3240 2773 humana
3288 2716 3343 2767 et
3378 2723 3641 2780 corporea

2056 2800 2478 2856 contemnenda.
2537 2800 2604 2857 Et
2656 2800 2794 2857 nihil
2846 2800 3235 2872 temporalium
3295 2800 3537 2869 futuris,
3588 2809 3644 2856 et

2057 2889 2275 2947 internis
2301 2890 2763 2962 anteponendum.

2669 2979 2920 3035 Scholion
2959 2980 3047 3034 Η.

2127 3069 2343 3126 Formae
2367 3068 2768 3140 exemplorum,
2793 3068 3262 3139 quemadmodum
3291 3082 3458 3138 supra
3479 3066 3641 3132 dixit,

1978 3171 2021 3233 ο
2055 3163 2398 3220 simulandos
2424 3166 2753 3233 quandoque
2777 3161 3008 3218 vitiosos
3041 3160 3269 3229 affectus
3299 3176 3367 3217 ne
3389 3162 3457 3215 ab
3485 3160 3645 3217 hoste

2055 3256 2360 3321 vincamur,
2407 3255 2585 3313 securi
2620 3255 2674 3311 in
2731 3254 2800 3310 iis
2842 3268 2965 3325 quae
3013 3254 3338 3313 simulamus
3380 3262 3642 3325 tanquam

2054 3347 2186 3405 victi
2212 3349 2280 3402 ab
2308 3348 2489 3414 hoste,
2516 3346 2613 3407 sed
2640 3346 2864 3417 decepto
2892 3355 2947 3402 et
2980 3347 3285 3416 ignorante.

2658 3439 2911 3498 Scholion
2951 3440 3038 3494 12.

2123 3533 2308 3595 Abbas
2356 3533 2644 3605 Serapion.
2680 3531 2796 3599 Est,
2835 3535 3037 3604 inquit,
3083 3531 3178 3604 qui
3229 3531 3286 3586 in
3335 3532 3500 3603 rebus
3541 3532 3645 3588 ad-

2057 3623 2229 3681 versis
2269 3623 2558 3695 [sinistris,
2613 3617 2908 3697 suspectis]
2954 3631 3214 3693 operatur
3244 3622 3411 3685 vitam
3463 3623 3517 3678 in
3554 3639 3646 3679 sa-

2055 3714 2259 3787 pientia
2289 3713 2408 3783 Dei,
2435 3723 2491 3770 et
2526 3723 2609 3772 est
2647 3714 2740 3787 qui
2784 3716 2839 3770 in
2866 3723 3090 3785 peccato
3119 3717 3484 3785 perpetrando
3527 3723 3649 3769 tan-

2055 3826 2221 3882 quam
2246 3810 2300 3865 in
2334 3819 2631 3882 conspectu
2664 3809 2758 3866 Dei
2789 3819 3089 3879 occupatus
3114 3817 3220 3867 cst.

2678 3902 2931 3961 Scholion
2967 3904 3056 3960 15.

2129 3994 2386 4052 Defectus
2427 3995 2668 4054 minores
2696 4011 2796 4053 seu
2846 3997 3078 4055 leviores
3122 3995 3296 4067 culpa:
3327 4010 3518 4053 eorum
3548 3998 3645 4065 qui

2055 4103 2115 4146 se
2168 4089 2318 4159 ipsos
2363 4090 2659 4146 observant
2712 4098 2768 4146 et
2812 4089 3166 4156 custodiunt,
3206 4095 3344 4147 sunt.
3386 4089 3646 4147 custodes

2052 4181 2305 4253 iustitiae.

2757 4273 2944 4331 Aliud.

2757 4276 2800 4330 A
2831 4275 2944 4331 iud.

2126 4365 2284 4421 illum
2322 4376 2541 4438 oportet
2567 4367 2724 4423 valde
2750 4275 2993 4424 solbrium
3028 4381 3170 4436 esse,
3196 4367 3290 4439 qui
3333 4365 3554 4425 simulet
3584 4383 3646 4425 se

367 4469 840 4566 προσποιούμενος
897 4471 1072 4537 πάθος
1130 4474 1253 4530 κατ’
1311 4472 1568 4545 ἀλήθειαν
1636 4474 1813 4548 ληφθῇ
1861 4475 1952 4529 ὑπ’

2067 4461 2340 4528 vitiosum,
2383 4477 2452 4517 ne
2493 4461 2551 4516 in
2612 4461 2790 4532 ipsum
2836 4461 3051 4527 vitium,
3092 4461 3241 4534 quod
3295 4460 3541 4529 simulat,
3586 4475 3648 4519 re

366 4558 553 4617 αὐτοῦ.

682 4676 946 4745 Σχόλιον
989 4678 1303 4747 Θεωδώρου
1346 4680 1545 4735 Ἐδεσ.
1575 4679 1656 4734 ιδ’.

441 4763 728 4839 Τριμερής
761 4768 880 4822 ἐστι
911 4770 1060 4822 πᾶσα
1107 4770 1303 4842 λογικὴ
1345 4771 1528 4843 ψυχή·
1577 4770 1676 4843 τὴν
1718 4771 1820 4847 μὲν,
1863 4770 1955 4828 οὖν

366 4859 427 4912 ὲν
484 4860 565 4927 τῷ
625 4858 924 4932 λογιστικῷ
986 4863 1383 4937 συνισταμένην
1440 4864 1642 4936 ἀρετὴν
1676 4865 1938 4935 φρόνησιν

367 4948 658 5014 ἐκάλεσαν,
695 4947 912 5004 σύνεσιν
941 4951 1036 5006 καὶ
1078 4954 1269 5020 σοφίαν
1299 4967 1313 4981 ⁸
1353 4952 1453 5025 τὴν
1480 4953 1538 5006 δὲ
1579 4955 1638 5007 ὲν
1672 4954 1750 5027 τῷ
1797 4955 1956 5028 θυμισ

368 5039 471 5107 κῷ,
514 5039 769 5112 ἀνδρείαν
810 5042 906 5099 καὶ
929 5043 1208 5115 ὑπομονήν
1236 5062 1246 5073 ·
1274 5044 1373 5117 τὴν
1405 5045 1463 5100 δὲ
1488 5048 1547 5100 ὲν
1584 5044 1663 5117 τῷ
1691 5046 1962 5119 ἐπιθυμηο

366 5132 527 5202 τικῷ,
579 5133 827 5205 ἀγάπην,
875 5135 971 5189 καὶ
1014 5137 1410 5209 σωφροσύνην,
1464 5140 1557 5192 καὶ
1592 5140 1957 5213 ἐγκράτειαν·

368 5226 401 5292 ἡ
427 5224 485 5276 δὲ
513 5223 831 5298 δικαιοσύνη
874 5228 932 5280 ὲν
972 5229 1108 5284 πᾶσι
1142 5230 1351 5294 τούτοις
1388 5231 1762 5304 κατέσπαρται
1788 5233 1961 5305 ἁρμο-

367 5314 496 5377 δίως
522 5317 774 5385 ἐνεργεῖν
807 5319 1327 5391 παρασκευάζουσα,
1371 5322 1465 5376 καὶ
1492 5322 1581 5377 διὰ
1607 5323 1709 5394 μὲν
1753 5327 1958 5396 φρονήο

369 5420 512 5469 Georg
539 5408 664 5471 ταῖς
691 5405 1099 5480 ἀντικειμέναις
1117 5409 1433 5480 πολεμοῦσα
1446 5410 1765 5482 δυνάμεσιν,
1789 5412 1958 5483 ὑπερ-

373 5492 629 5564 μαχοῦσά
674 5512 736 5549 τε
780 5486 892 5552 τῶν
926 5497 1172 5571 ἀρετῶν·
1226 5499 1317 5553 διὰ
1352 5500 1410 5554 δὲ
1453 5501 1552 5572 τῆς
1604 5503 1958 5575 σωφροσύνης

370 5581 603 5649 ἀπαθῶς
655 5585 932 5657 βλέπουσα
980 5589 1051 5645 τὰ
1093 5590 1427 5665 πράγματα·
1461 5593 1549 5648 διὰ
1575 5594 1632 5649 δὲ
1678 5595 1779 5666 τῆς
1826 5596 1960 5668 ἁγά-

433 5755 488 5794 “
522 5764 665 5825 Psal.
699 5786 814 5838 cm,
852 5772 936 5830 15.
1015 5774 1061 5808 ⁸³
1103 5772 1279 5829 ICur.
1318 5790 1415 5840 xu,
1456 5774 1542 5829 51.

2062 4554 2177 4626 ipsa
2219 4553 2424 4612 incidat
2451 4561 2506 4610 et
2539 4554 2608 4610 ab
2639 4555 2761 4626 ipso
2790 4554 3060 4626 capiatur.

2515 4667 2773 4723 Theodori
2807 4667 3061 4729 Edesscni
3100 4667 3191 4735 H.

2133 4760 2324 4817 Omnis
2370 4761 2557 4816 anima
2605 4760 2848 4816 bumana
2894 4760 3169 4831 tripartita
3214 4768 3300 4817 est
3329 4778 3344 4816 :
3372 4775 3491 4816 eam
3525 4776 3653 4832 quae

2063 4855 2118 4910 in
2167 4855 2419 4910 rationali
2448 4864 2603 4926 parte
2641 4855 2939 4917 constituta
2967 4862 3072 4920 est,
3106 4854 3364 4917 virtutem
3407 4855 3650 4925 appella-

2066 4958 2195 5004 runt
2222 4948 2592 5021 prudentiam,
2621 4948 3033 5019 intelligentiam
3057 4954 3113 5003 et
3138 4947 3463 5019 sapientiam
3488 4964 3502 5001 :
3526 4961 3651 5016 qua

2058 5042 2113 5097 in
2140 5041 2417 5111 irascendi
2455 5040 2737 5109 facultate,
2778 5040 3159 5107 fortitudinem
3190 5048 3245 5096 et
3277 5038 3596 5111 patientiam
3628 5054 3646 5094 :

2026 5150 2182 5205 quae
2228 5135 2285 5190 in
2321 5135 2374 5189 vi
2414 5135 2726 5206 appetendi,
2758 5134 3110 5201 charitatem,
3152 5131 3566 5205 temperantiam
3592 5139 3652 5187 et

2057 5228 2475 5284 continentiam.
2545 5226 2781 5293 Iustitia,
2836 5242 2970 5289 vero
3039 5227 3126 5283 his
3195 5225 3453 5281 omnibus
3522 5232 3650 5295 apte

2059 5334 2286 5393 aspersa
2334 5328 2442 5387 est,
2485 5320 2758 5394 etiicitque
2805 5329 2867 5378 ut
2912 5319 3302 5383 convenienter
3358 5326 3544 5390 agant,
3595 5325 3653 5375 et

2062 5428 2160 5483 per
2190 5411 2542 5484 prudentiam
2569 5412 2793 5484 quidem
2836 5426 2963 5469 cum
2998 5408 3331 5469 adversariis
3359 5406 3649 5479 potestati-

2062 5507 2166 5565 bus
2193 5518 2420 5581 pugnat,
2450 5523 2518 5564 ac
2539 5522 2642 5580 pro
2668 5507 2967 5564 virtutibus
2996 5513 3304 5578 propugnat
3335 5521 3352 5559 :
3380 5518 3479 5576 per
3507 5510 3648 5560 tem-

2063 5595 2370 5666 perantiam
2419 5611 2510 5654 res
2555 5595 2681 5659 sine
2718 5595 2923 5657 vitioso
2985 5593 3186 5656 alectu
3231 5592 3510 5660 intuetur;
3549 5602 3646 5662 per
