4030 6476
379 330 523 405 ιοτο

1643 348 1702 408 s.
1731 347 2052 411 JOANNIS
2077 350 2386 413 CLIMACI
2498 335 2502 339 ’

3509 346 3658 411 1086

377 447 729 529 cliaritatem,
761 465 955 508 omnes
984 452 1247 511 mortales
1291 464 1347 510 ut
1383 455 1620 525 seipsam
1650 455 1805 528 diligi
1829 471 1963 523 sua-

2087 478 2198 532 της,
2226 463 2436 527 πάντας
2475 460 2797 535 ἀνθρώπους
2823 461 2898 526 ὡς
2925 460 3124 532 ἑαυτήν
3157 457 3303 530 φιλεῖ
3330 458 3594 517 πείθουσα
3619 474 3651 500 ο

375 544 498 611 det;
532 558 631 614 per
673 545 1070 602 continentiam
1113 561 1330 602 omnem
1376 547 1712 619 voluptatem
1764 563 1961 621 ampu-

378 648 488 707 tat;
541 655 640 709 per
665 639 1042 698 fortitudinem
1091 651 1147 698 et
1192 643 1512 714 patientiam
1566 645 1831 701 adversus
1879 646 1964 700 in-

374 733 740 804 aspectabiles
770 733 958 791 hostes
998 748 1059 790 se
1089 735 1358 791 obarmat.

436 814 443 821 ’
972 824 1224 882 Scholion
1264 827 1353 883 15.

448 917 722 977 Paeilicus
774 927 879 986 est,
922 919 1018 992 qui
1055 919 1212 975 alteri
1265 937 1451 993 pacem
1497 923 1771 980 conciliat.
1800 923 1969 995 389

379 1011 554 1068 Nemo
584 1028 715 1068 vero
758 1012 920 1068 alteri
963 1012 1233 1084 impertiri
1273 1025 1451 1085 petest
1495 1031 1606 1087 quo
1632 1017 1751 1087 ipse
1796 1026 1966 1082 caret,

378 1112 441 1158 ut
471 1105 691 1176 proprie
722 1103 987 1177 pacitlcus
1011 1105 1084 1162 sit
1116 1107 1213 1177 qui
1254 1108 1506 1178 corporis
1539 1110 1623 1164 sui
1650 1119 1705 1167 et
1743 1109 1969 1180 spiritus

378 1207 606 1269 statum,
638 1210 695 1258 et
735 1201 1102 1259 domesticum
1136 1205 1321 1267 carnis
1345 1203 1556 1260 bouem
1586 1206 1640 1260 in
1682 1205 1969 1276 pacificam

378 1294 735 1349 concordiam
772 1295 991 1366 redigit,
1043 1296 1117 1351 ita
1150 1305 1211 1350 ut
1248 1311 1358 1352 non
1403 1296 1643 1367 amplius
1673 1282 1807 1352 caro
1836 1311 1971 1351 con-

383 1385 636 1455 cupiscat
682 1386 948 1446 adversus
988 1389 1244 1461 spiritum
1265 1387 1334 1455 ⁸⁸,
1367 1387 1463 1444 sed
1507 1388 1747 1459 Spiritus
1796 1389 1971 1460 gratia

382 1478 618 1547 imperet
663 1480 913 1549 corporis
965 1480 1275 1546 aliectibus,
1329 1489 1386 1535 et
1426 1479 1513 1535 lex
1565 1481 1813 1552 corporis
1862 1494 1970 1534 non

382 1562 621 1635 amplius
652 1580 921 1640 repugnet
952 1568 1058 1640 legi
1098 1563 1318 1636 mentis,
1352 1566 1448 1624 sed
1477 1567 1725 1638 subjecta
1758 1568 1971 1626 meliori

382 1654 633 1727 imperio
664 1660 870 1717 serviat
928 1660 1133 1721 divinis
1190 1659 1487 1725 mandatis,
1543 1659 1770 1733 quando
1824 1660 1973 1717 enim

382 1740 663 1805 auferetur
719 1751 773 1806 in
824 1752 986 1809 nobis
1028 1751 1282 1815 maceriae
1336 1751 1553 1814 medius
1599 1752 1825 1810 malitia
1875 1767 1972 1823 pa-

2068 554 2158 617 διὰ
2184 554 2242 610 δὲ
2276 557 2376 627 τῆς
2402 541 2733 627 ἐγκρατείας
2768 555 2949 611 πᾶσαν
2977 553 3171 625 ἡδονὴν
3199 551 3647 623 περικόπτουσα·

2065 641 2154 695 διὰ
2183 642 2241 696 δὲ
2267 642 2368 712 τῆς
2398 629 2669 713 ἀνδρείας,
2707 642 2803 695 καὶ
2843 642 3121 713 ὑπομονῆς
3164 638 3298 711 πρδς
3327 639 3452 703 τοὺς
3482 638 3655 712 ἀορίιιε

2066 750 2195 797 τους
2237 732 2536 798 ὁπλίζουσα
2564 730 2856 803 πολέμους.

2669 824 2929 893 Σχόλιον
2966 829 3048 876 ιε’.

2142 914 2497 986 Είρηνοποιός
2545 898 2761 981 ἐστιν,
2799 916 2829 968 ὁ
2903 915 3127 987 εἰρήνην
3194 912 3406 977 διαδοὺς
3463 911 3609 983 ἄλλῳ
3636 926 3654 947 α

2069 1000 2171 1054 οὐκ
2211 999 2278 1054 ἂν
2304 999 2364 1053 δέ
2391 1016 2475 1061 τις
2544 999 2717 1072 ἑτέρῳ
2761 1000 3055 1071 παράσχοι,
3113 997 3143 1052 ὃ
3183 998 3275 1070 ’μὴ
3330 997 3497 1062 αὐτὸς
3543 998 3654 1069 ἔχει

2070 1089 2212 1144 ὥστε
2269 1091 2473 1160 κυρίως
2512 1090 2873 1163 είρηνοποιὸς,
2926 1093 2955 1145 ό
3004 1091 3104 1162 τὴν
3145 1093 3204 1145 ὲν
3242 1089 3394 1162 αὐτῷ
3464 1092 3656 1145 στάσιν

2071 1182 2170 1252 τῆς
2205 1181 2431 1253 σαρκὸς,
2459 1182 2554 1236 καὶ
2585 1181 2681 1236 τοῦ
2712 1184 3057 1255 πνεύματος,
3090 1184 3187 1238 καὶ
3235 1182 3328 1237 τὸν
3392 1182 3655 1252 ἐμφύλιον

2071 1274 2177 1343 τῆς,
2198 1271 2400 1343 σαρκὸς
2430 1270 2666 1343 πόλεμον
2691 1274 2773 1337 είς
2805 1253 3094 1345 εἰρηνικῆν
3118 1271 3443 1342 συμφωνίαν
3472 1273 3652 1341 ἄγων,

2073 1362 2202 1417 ὅταν
2233 1361 2430 1433 μηκέτι
2462 1364 2497 1434 ἠ
2526 1362 2666 1434 σὰρξ
2692 1362 2935 1438 ἐπιθυμῇ
2970 1362 3114 1417 κατά
3138 1361 3236 1416 τοῦ
3295 1361 3614 1432 πνεύματος
3637 1381 3657 1407 σε

2075 1454 2191 1509 ἀλλ’
2222 1455 2257 1526 ἡ
2302 1455 2397 1509 τοῦ
2430 1455 2743 1527 πνεύματος
2791 1456 2956 1528 χάρις
2993 1456 3342 1529 ἐπικρατήσῃ
3386 1456 3498 1509 τῶν
3554 1473 3660 1511 σω-

2079 1549 2329 1620 ματικῶν
2359 1548 2704 1620 παθημάτων
2727 1565 2742 1580 ο
2773 1550 2900 1603 ὅταν
2936 1548 3135 1620 μηκέτι
3166 1547 3394 1619 ἐνεργὸς
3507 1549 3537 1600 ὁ
3559 1548 3654 1601 τοῦ

2077 1639 2332 1713 σώματος
2363 1640 2552 1712 νόμος,
2598 1642 2628 1695 ὁ
2664 1640 3217 1713 άντιστρατευόμενος
3244 1636 3325 1706 τῷ
3387 1637 3541 1708 νόμῳ
3559 1637 3656 1691 τοῦ

2076 1732 2216 1795 νοός*
2239 1730 2354 1786 ἀλλ’
2376 1729 2732 1801 ὑποζιυχθεὶς
2760 1732 2827 1802 τῇ
2863 1729 3133 1801 κρείττονι
3165 1725 3415 1799 βασιλείᾳ.
3442 1726 3652 1797 ὑπηρέε

383 1839 585 1908 ries”,
622 1842 852 1900 meliore
892 1844 1277 1909 commistione
1308 1843 1419 1909 duo
1465 1844 1523 1900 in
1567 1859 1737 1911 unum
1784 1819 1970 1910 coale-

2087 1840 2172 1895 ιης
2224 1824 2334 1876 τῶν
2375 1821 2537 1877 θείων
2592 1822 2984 1892 ἐπιταγμάτων
3032 1822 3259 1892 γένηται
3290 1837 3306 1852 ο
3374 1821 3504 1875 ὅταν
3550 1819 3665 1890 γὰρ

384 1942 559 1988 scent.

992 2182 1243 2240 Scholion
1280 2185 1369 2239 16.

455 2265 535 2324 Ne
561 2271 861 2330 contrahas
903 2275 1205 2330 amicitiam
1243 2293 1369 2345 cum
1419 2276 1489 2332 iis
1525 2276 1865 2341 hominibus,
1909 2276 1979 2331 de

385 2360 588 2428 quibus
626 2363 784 2420 timet
819 2366 1157 2423 conscientia
1194 2384 1263 2424 ne
1309 2369 1552 2434 resciant
1596 2368 1726 2434 alii,
1765 2376 1827 2424 ut
1866 2382 1977 2437 non

389 2454 487 2511 des
522 2457 845 2514 scandalum
876 2460 933 2516 in
968 2462 1287 2534 cognitione
1308 2462 1409 2534 (α).

1077 2555 1265 2621 Aliud.

438 2639 675 2706 ‘Quibus
725 2644 970 2701 amicitia
1003 2657 1089 2703 est
1136 2662 1304 2704 causa
1344 2647 1520 2714 exitii,
1568 2648 1661 2715 bis
1699 2647 1889 2704 odium
1922 2647 1982 2701 ﬁt

387 2744 772 2803 argumentum
803 2745 859 2793 et
887 2740 1121 2795 materia
1152 2739 1394 2805 virtutis.

1085 2831 1273 2888 Aliud.

457 2914 567 2973 iter
600 2919 885 2991 ingressus
933 2937 1058 2988 cum
1089 2923 1356 2982 fratribus
1393 2925 1669 2996 religiosis
1695 2965 1711 2991 .
1732 2926 1778 2982 si
1814 2942 1877 2982 ex
1917 2928 1982 2981 il-

387 3010 457 3067 lis
487 3013 806 3091 quempiam
855 3017 1148 3094 repereris,
1185 3033 1349 3088 quem
1390 3026 1611 3090 propter
1645 3017 1818 3077 Deum
1867 3019 1981 3079 siu-

387 3115 513 3159 cere
539 3104 741 3175 diligis,
787 3121 856 3163 ne
887 3107 1115 3171 liberius
1160 3118 1215 3167 et
1241 3109 1468 3168 eli'usius
1495 3127 1622 3167 cum
1660 3113 1753 3169 illo
1791 3112 1980 3168 viden-

2078 1915 2334 1987 ἐξαιρεθῇ
2373 1914 2469 1969 τοῦ
2527 1915 2587 1969 ὲν
2613 1911 2746 1987 ἡμῖν
2776 1913 3040 1984 φραγμοῦ
3076 1914 3141 1967 τὸ
3195 1912 3511 1985 μεσότοιχον
3560 1912 3660 1981 τῆς

2077 2010 2298 2076 κακίας,
2329 2005 2410 2074 εἷς
2456 2009 2508 2062 oi
2527 2007 2623 2062 δύο
2663 2010 2732 2080 τῇ
2781 2008 2921 2079 πρὸς
2950 2008 3011 2062 οὺ
3056 2009 3312 2080 κρεῖττον
3358 2005 3661 2077 ἀνακράσει

2081 2104 2422 2173 συμφυέντες
2457 2103 2724 2172 γίνονται.

2126 2242 2134 2251 .
2674 2196 2932 2262 Σχόλιον
2979 2200 3082 2258 ιςι.

2151 2285 2243 2354 Μὴ
2274 2285 2410 2355 σχῇς
2437 2284 2621 2354 φιλίαν
2663 2283 2802 2354 μετὰ
2833 2279 3157 2354 ἀνθρώπων,
3186 2279 3317 2350 περὶ
3342 2269 3438 2331 ὧν
3471 2279 3505 2348 ἠ
3537 2293 3666 2335 συν-ι

2080 2378 2287 2448 είδησις
2336 2377 2580 2446 φοὸεῖται
2628 2373 2852 2445 ἑτέρους
2902 2372 3126 2443 γνῶναι,
3209 2372 3297 2425 ἴνα
3367 2367 3443 2441 μὴ
3496 2368 3667 2437 ripch

2080 2484 2274 2538 κόμμα
2299 2465 2405 2537 δῷς
2436 2468 2496 2520 ὲν
2523 2466 2745 2534 γνώσει.

2766 2559 2979 2613 Ἀλιλο.

2155 2644 2248 2713 οἷς
2274 2650 2311 2721 ἡ
2344 2648 2496 2718 φιλία
2523 2647 2799 2713 ἀπωλείας
2837 2646 3111 2719 πρόξενος,
3142 2646 3359 2709 τούτοις
3374 2645 3437 2699 τὸ
3484 2645 3660 2716 μῖσος,

2081 2743 2286 2814 ἀρετῆς
2333 2741 2590 2806 ὑπόθεσις
2617 2740 2847 2811 γίνεται.

2771 2835 2981 2888 Ἄλλο.

2165 2926 2293 2982 Ἐὰν
2319 2926 2547 3001 ὀδεύσης
2579 2927 2696 2999 μετ’
2727 2924 2993 2994 ἀδελφῶν,
3046 2925 3143 2979 καὶ
3171 2920 3369 2995 εὑρεθῇ
3397 2922 3457 2973 ὲν
3479 2918 3675 2985 αὐτοῖς

2080 3019 2162 3086 εἷς
2208 3023 2288 3086 εις
2342 3021 2403 3075 ὃν
2431 3020 2577 3093 ἔχεις
2625 3020 2847 3089 ἀγάπην
2888 3017 2975 3072 διὰ
3007 3017 3100 3071 τὸν
3128 3015 3284 3081 Θεὸν,
3333 3012 3409 3087 μὴ
3445 3013 3663 3085 παρρη-

2082 3113 2245 3186 σιάσῃ
2277 3112 2395 3184 μετ’
2444 3110 2609 3167 αὑτοῦ
2652 3110 2876 3165 ἐκείνων
2937 3106 3264 3181 βλεπόντων,
3326 3107 3538 3179 μήποτε
3578 3104 3665 3156 εὐ-

386 3189 710 3283 tibusaliis
761 3209 930 3273 agas,
993 3212 1064 3253 ne
1111 3211 1180 3254 ex
1225 3197 1333 3254 illis
1372 3198 1726 3270 imperfectus
1775 3198 1978 3270 aliquis

2088 3182 2315 3283 pseﬁvev
2340 3206 2527 3269 αὗτοῖς
2554 3202 2789 3274 ἀσθενὴς
2821 3203 2915 3256 καὶ
2936 3200 3185 3274 ἀποθάνῃ
3216 3199 3325 3254 ἀπὸ
3352 3197 3447 3253 τοῦ
3478 3196 3662 3267 ζήλου,

387 3278 726 3347 inveniatur,
767 3290 823 3338 et
867 3297 936 3338 ex
983 3285 1339 3341 aemulatione
1383 3285 1674 3361 moriatur,
1719 3286 1880 3357 cuius
1925 3294 1984 3342 tu

387 3379 672 3440 peccatum
702 3371 870 3440 feres,
898 3376 1046 3446 quod
1073 3375 1292 3433 dederis
1316 3377 1668 3434 occasionem
1698 3365 1982 3450 peccandi.

844 3464 1097 3523 Scholion
1131 3467 1398 3525 Diadochi
1438 3469 1528 3537 1Ἰ.

459 3556 618 3612 Vera:
650 3557 981 3631 cognitionis
1022 3560 1119 3616 lux
1159 3571 1245 3619 est
1285 3576 1577 3620 secernere
1634 3564 1755 3622 sine
1796 3577 1988 3623 errore

390 3664 489 3704 seu
521 3648 826 3708 oﬂ‘enslone
863 3651 1072 3708 bonum
1109 3669 1141 3709 a
1173 3655 1344 3711 malo.
1379 3653 1537 3710 Tunc
1580 3655 1729 3715 enim
1758 3656 1989 3727 iustitiae

388 3741 476 3794 via
515 3750 752 3798 mentem
794 3743 952 3807 ducit
998 3747 1067 3801 ad
1111 3746 1281 3802 Deum
1318 3755 1601 3807 auctorem
1624 3749 1874 3820 iustitiae.
1902 3758 1987 3805 at-

395 3847 506 3901 que
536 3833 750 3890 inducit
792 3835 969 3906 ipsam
1014 3837 1069 3905 in
1120 3839 1387 3896 inﬁnitam
1430 3826 1760 3913 cognitionis
1782 3842 1982 3908 lucem,

393 3934 453 3981 ut
477 3940 604 3980 cum
630 3926 963 3997 conﬁdentia
992 3939 1045 3986 et
1078 3946 1275 4003 magna
1303 3932 1553 3989 libertate
1576 3934 1833 4005 deinceps
1856 3934 1984 3990 cha-

389 4015 610 4072 ritatem
643 4027 877 4089 quierat.
910 4020 1150 4078 Proinde
1171 4023 1569 4096 arripiendum,
1606 4028 1753 4099 quod
1779 4027 1985 4099 justum

394 4121 480 4167 cst
516 4113 638 4170 sine
682 4116 855 4171 animi
901 4118 1030 4173 irati
1078 4122 1451 4178 commotione
1512 4123 1582 4178 ab
1642 4123 1710 4180 iis
1753 4123 1849 4195 qui
1889 4124 1987 4186 tibi

391 4208 787 4265 contumeliam
817 4210 1065 4284 irrogare
1089 4222 1220 4269 sunt
1243 4215 1388 4271 ausi.
1412 4213 1548 4272 Nam
1583 4216 1807 4287 pietatis
1832 4233 1989 4273 amor

393 4307 449 4352 et
479 4299 648 4356 ardor
691 4315 801 4374 non
854 4302 985 4359 odio
1034 4308 1438 4377 prosequendo,
1484 4308 1579 4364 sed
1634 4310 1987 4382 coarguendo

393 4395 805 4453 contentionem
831 4385 1052 4469 aperit.

882 4476 888 4484 λ
1002 4492 1251 4550 Scholion
1295 4495 1379 4579 18τ

465 4582 827 4653 Charitatem,
870 4596 1075 4644 metam
1110 4605 1206 4646 seu
1246 4590 1541 4647 terminum
1581 4591 1840 4662 appellat,
1875 4592 1978 4647 im-

394 4676 575 4745 posito
606 4676 685 4732 illi
729 4680 954 4737 nomine
978 4682 1126 4751 quod
1166 4682 1500 4754 principium
1541 4692 1597 4739 et
1643 4683 1811 4741 linem
1845 4697 1978 4741 con-

396 4767 556 4825 tinet.

890 4863 1142 4920 Scholion
1173 4865 1359 4922 lsaaci
1400 4869 1487 4925 19.

465 4952 624 5021 Quod
671 4955 721 5011 si
757 4954 982 5013 fuerunt
1008 4959 1296 5030 passiones
1330 4962 1656 5018 naturaliter
1685 4962 1740 5016 in
1776 4961 1983 5025 anima,

396 5046 754 5116 quamobrem
793 5048 1094 5107 laedebatur
1131 5053 1202 5109 ab
1243 5052 1392 5111 illis?
1432 5052 1727 5123 Propterea
1775 5061 1988 5112 natura:

398 5136 718 5197 alfectiones
745 5155 856 5198 non
885 5141 1111 5199 laedunt.

892 5234 1061 5307 390
1104 5234 1357 5292 Scholion
1388 5238 1483 5294 20.

468 5325 842 5398 Symptomata
872 5344 968 5386 seu
1015 5346 1179 5389 casus
1215 5334 1310 5404 qui
1344 5334 1578 5391 subinde
1619 5335 1861 5391 incidere
1892 5351 1984 5391 so-

378 5420 531 5484 ient,
581 5429 710 5476 sunt
741 5423 1129 5496 subreptiones
1181 5425 1296 5482 sive
1324 5428 1710 5484 distractiones
1748 5441 1802 5484 et
1837 5427 1983 5503 furta.

467 5593 514 5628 “
544 5596 726 5655 Galat.
763 5615 815 5668 ν,
848 5602 935 5657 17.
1011 5605 1059 5641 υ
1088 5603 1287 5677 Ephes.
1321 5620 1385 5673 ιι,
1412 5606 1499 5660 ll.

2086 3300 2183 3354 καὶ
2217 3298 2281 3352 σὺ
2322 3295 2614 3366 βαστάσεις
2659 3290 2825 3346 αὑτοῦ
2878 3290 2978 3359 τὴν
3020 3287 3320 3361 ἁμαρτίαν,
3367 3286 3457 3340 ὃτι
3500 3283 3663 3340 δέδωο

2087 3408 2191 3455 κας
2250 3386 2399 3458 αὐτῷ
2430 3386 2602 3440 τόπον
2641 3383 2736 3438 τοῦ
2787 3380 3174 3454 ἀμαρτεῖσθαι.

2517 3478 2777 3546 Σχόλιον
2816 3474 3105 3544 Διαδόχου
3135 3470 3221 3535 ιζ’.
3326 3500 3335 3505 τ
3446 3474 3449 3475 ⁷

2156 3572 2277 3637 Φῶς
2314 3573 2432 3625 ἐστι
2458 3569 2714 3639 γνώσεως
2743 3566 3005 3638 ἀληθινῆς
3041 3565 3102 3618 τὸ
3135 3562 3437 3634 διακρίνειν
3475 3556 3668 3614 ἁπταξιι

2091 3681 2230 3729 στως
2281 3662 2342 3717 τὸ
2390 3662 2556 3716 καλὸν
2634 3661 2701 3713 ὲκ
2746 3657 2846 3713 τοῦ
2880 3657 3095 3713 γακοῦο.
3150 3655 3275 3710 τότε
3342 3652 3454 3726 γὰρ
3478 3653 3513 3723 ἡ
3570 3651 3664 3719 τῆς

2086 3754 2439 3825 δικαιοσύνης
2473 3751 2591 3816 ὁδὸς
2615 3750 2713 3813 τὸν,
2739 3748 2871 3805 νοῦν
2922 3749 3218 3815 ἀπάγουσα
3250 3743 3389 3817 πρὸς
3432 3743 3524 3796 τὸν
3572 3740 3664 3807 τῆς

2087 3845 2436 3916 δικαιοσύνης
2460 3842 2597 3896 Θεὸν
2632 3842 2712 3905 εἰς
2746 3840 2974 3910 ἄπειρον
3002 3837 3167 3892 αὑτὸν
3194 3835 3519 3907 παρεισάγει
3533 3829 3667 3900 γνῶ·

2092 3956 2232 4003 σεως
2289 3935 2593 4007 φωτισμὸν,
2652 3933 2729 3997 ὡς
2781 3932 2922 4005 μετὰ
2975 3928 3288 4002 παρρησίας
3333 3926 3522 3980 λοιπὸν
3572 3922 3666 3994 τὴν

2088 4031 2318 4102 ἀγάπην
2348 4028 2637 4100 ζητοῦντα.
2676 4027 2768 4079 Δεῖ
2793 4025 2976 4079 τοίνυν
3006 4024 3262 4094 ὰοργήτῳ
3290 4017 3451 4092 θυμῷ
3494 4015 3667 4087 ἁρπά-

2091 4122 2205 4189 ζειν
2235 4122 2297 4175 τδ
2321 4121 2527 4175 δίκαιον
2562 4118 2628 4172 ἐκ
2659 4116 2773 4171 τῶν
2791 4114 3034 4188 ὑϐρίζειν
3090 4111 3419 4185 τολμώντων
3448 4126 3463 4140 °
3494 4112 3524 4164 ό
3566 4106 3667 4178 γὰρ

2088 4216 2190 4285 τῆς
2220 4211 2506 4275 εὐσεϐείας
2538 4208 2700 4282 ζῆλος
2733 4209 2796 4263 οὐ
2833 4206 3031 4279 μισῶν,
3061 4205 3177 4260 ἀλλ’
3209 4204 3449 4275 ἐλέγχων
3475 4201 3538 4255 τδ
3563 4200 3668 4257 νεῖν

2090 4323 2185 4371 κος
2214 4305 2573 4373 ἐνδείκνυται.
2846 4296 2851 4299 “

2703 4485 2962 4557 Σχᾶλιον
2987 4488 3077 4555 ιη’ν.

2168 4583 2353 4654 Πέρας
2386 4580 2485 4652 τὴν
2513 4577 2739 4649 ἀγάπην
2784 4575 2961 4643 καλεῖ,
2993 4574 3068 4639 ὡς
3115 4573 3289 4644 ὄνομα
3332 4568 3494 4624 τοῦτο
3535 4566 3666 4638 αὐτῇ

2091 4675 2260 4739 τιθεὶς
2288 4673 2385 4729 καὶ
2418 4672 2614 4746 ἀρχὴν,
2641 4672 2737 4727 καὶ
2759 4669 2934 4733 τέλος.
3328 4680 3335 4685 ’

2558 4871 2820 4940 Σχόλιον
2864 4864 3065 4923 Ἰσαάκ
3105 4861 3191 4917 ιθι.

2165 4967 2231 5021 Εἰ
2261 4961 2405 5038 ἦσαν
2441 4963 2511 5018 τὰ
2545 4960 2694 5033 πάθη
2733 4959 2983 5031 φυσικῶς
3018 4960 3075 5033 εν
3106 4956 3276 5028 ψυχῇ,
3312 4953 3468 5017 τίνος
3520 4950 3671 5022 χάριν

2095 5059 2396 5114 ἔδλάπτετο
2454 5057 2547 5110 ὑπ’
2599 5053 2815 5120 αὺτῶνς
2840 5051 2923 5106 Τὰ
2964 5049 3118 5123 παρὰ
3143 5047 3245 5119 τῆς
3288 5045 3510 5116 φύσεως
3571 5041 3672 5097 ἴδια

2095 5155 2162 5225 τῇ
2214 5151 2375 5221 φύσει
2408 5149 2469 5203 οὐ
2517 5146 2858 5219 λυμαίνεται.

2693 5237 2955 5307 Σχόλιον
3005 5231 3073 5287 κ’.

2168 5331 2562 5403 Συμπτώματά
2608 5331 2748 5384 εἰσιν
2773 5329 2830 5382 αί
2879 5323 3247 5396 συναρπαγαὶ,
3316 5322 3501 5377 καὶ.οε
3526 5318 3670 5378 παρὰ

2094 5427 2284 5505 καιρὸν
2308 5425 2398 5479 διὰ
2444 5424 2766 5497 περίστασιν
2802 5421 3060 5505 χρήσεις·
3109 5416 3315 5490 ὁμοίως
3363 5415 3460 5470 καὶ
3486 5416 3543 5472 αἱ
3568 5425 3669 5465 πα·

474 5788 555 5864 (ι)
580 5791 637 5851 1d
658 5801 761 5862 est,
796 5809 892 5866 per
923 5794 1181 5853 amicitiae
1214 5794 1334 5866 ejus
1376 5793 1743 5867 cognitionem
1773 5793 1865 5851 alii
1895 5792 2267 5863 οιιειιιίτιιιιιιιιηἰ
