4030 6422
364 333 512 404 1085

1325 337 1556 398 SCALA
1576 336 1960 398 PARADISI.
1990 359 2062 374 ·-
2088 338 2400 404 GRADUS
2428 340 2639 404 XXVI.

3493 342 3629 407 1085

437 445 631 516 Σιωπὴ
683 443 778 501 καὶ
800 444 1003 516 ἡσυχία
1032 444 1338 513 κενοδοξίας
1387 446 1659 532 πολέμιοι.
1689 448 1753 503 El.
1771 447 1829 502 δὲ
1851 446 1947 517 μέ-

2120 448 2409 507 Silentium
2474 460 2531 509 et
2570 450 2729 522 quies
2793 456 2924 506 sunt
2976 448 3164 507 hostes
3201 466 3356 507 vanae
3419 454 3629 523 gloriae.

363 551 464 600 σος
521 534 810 607 ὑπάρχεις,
852 535 1079 605 ἀτιμίαν
1104 536 1351 607 μέτελθε.

452 626 866 699 Ὕπερηφανίαν
895 629 1179 700 ὁρωμένην
1220 630 1465 686 ἰάσονται
1500 630 1824 704 σκυθρωπαὶ
1852 650 1956 689 κα-

356 718 660 782 tandem;
680 735 694 750 υ
724 716 961 790 ἀόρατον
1003 720 1059 774 δὲ
1103 723 1132 775 ὀ
1156 720 1261 793 πρὸ
1309 720 1525 777 αἰώνων
1554 723 1808 798 ἀόρατος.

442 892 669 945 Πάντων
734 892 942 965 Θηρίων
1010 893 1279 967 αἰσθητῶν
1326 898 1647 972 ἀναιρετικὴ
1731 897 1952 970 ἔλαφος,

363 993 384 1025 ἰ
408 981 581 1054 θητῶν
610 984 687 1049 δὲ,
724 986 1144 1056 ἠιταπείνωσις.

447 1159 663 1212 Ἐνεστι
691 1159 783 1214 διὰ
813 1161 924 1217 τῶν
974 1162 1118 1217 κατὰ
1154 1163 1316 1234 φύσιν
1349 1167 1568 1222 πάντων
1608 1168 1766 1239 ἡμῶν
1795 1170 2003 1251 ὲναρχ

365 1248 489 1315 τῶς
537 1249 604 1302 τὰ
637 1253 803 1322 νοητά
848 1254 1220 1311 παιδεύεσθαι.
1257 1257 1467 1329 Ὠσπερ
1521 1256 1644 1328 ὅφιν
1698 1259 1957 1312 ἀδύνατον

365 1340 474 1411 τὴν
500 1341 697 1395 ἑαυτοῦ
730 1342 1069 1415 παλαιότητα
1128 1349 1480 1416 ἐκδύσασθαι,
1545 1350 1620 1422 μὴ
1682 1352 1739 1402 ἐν
1797 1354 1955 1423 στενῇ

369 1433 483 1503 ὁπῇ
525 1433 775 1488 είσδύντα
803 1452 817 1465 ·
851 1434 1024 1499 οὕτως
1059 1439 1153 1492 καὶ
1201 1442 1349 1511 ἡμᾶς
1373 1442 1470 1505 τὰς
1521 1443 1761 1507 παλαιὰς
1823 1461 1958 1515 προ-

370 1522 592 1592 λήψεις,
640 1525 735 1578 καὶ⁹
780 1527 881 1596 τὴν
918 1530 1016 1599 τῆς
1061 1529 1240 1602 ψυχῆς
1300 1533 1660 1603 παλαιότητα,
1721 1537 1814 1589 καὶ
1866 1536 1960 1590 τὸν

372 1613 473 1668 τοῦ
526 1617 755 1670 παλαιοῦ
783 1620 1072 1692 ἀνθρώπου
1105 1623 1327 1693 χιτῶνα,
1360 1625 1421 1678 οὐ
1474 1627 1547 1696 μὴ
1577 1627 1957 1699 ἀποϐάλωμεν,

375 1707 477 1762 δαν
511 1707 586 1777 μὴ
621 1710 720 1780 τῆς
750 1711 946 1782 στενῆς
992 1713 1093 1785 (2),
1137 1716 1230 1767 καὶ
1276 1715 1644 1789 τεθλιμμένης
1687 1719 1956 1791 νηστείας,

373 1800 477 1854 καὶ
517 1801 742 1872 ἀτιμίας
772 1804 891 1858 ὁδὸν
922 1806 1305 1878 παρέλθωμεν.

455 1971 670 2046 Ὠσπερ
693 1975 762 2028 τὰ
792 1976 1115 2049 πολύσαρκα
1162 1978 1273 2032 τῶν
1316 1980 1547 2053 ὀρνίθων
1598 1983 1679 2047 είς
1734 1982 1962 2055 ούρανδν

375 2063 716 2135 πετασθῆναι
770 2068 1033 2123 ἀδύνατον
1066 2071 1179 2142 (5)’
1229 2071 1374 2128 οὕτω
1419 2077 1515 2128 καὶ
1563 2075 1657 2129 τὸν
1706 2076 1805 2148 τὴν
1834 2077 1962 2130 ἑαυ-

372 2153 476 2209 τοῦ
516 2158 693 2228 σάρκα
717 2160 1106 2231 θεραπεύοντα.

452 2248 755 2324 Ξηρανθεὶς
801 2249 1064 2323 βόρϐορος
1091 2254 1192 2307 οὐκ
1232 2253 1313 2307 ἔτι
1372 2254 1591 2329 χοίρους
1647 2255 1962 2328 θεραπεύει,

379 2341 479 2394 καὶ
556 2341 896 2413 μαρανθεῖσα
979 2346 1118 2416 σάρξ
1188 2346 1288 2400 οὐκ
1349 2346 1429 2402 ἔτι
1499 2347 1760 2419 δαίμονας
1834 2351 1966 2404 ἀνα-

378 2450 571 2490 παυει.

477 2638 689 2710 Ὠσπερ
755 2638 1058 2710 σχιδάκων’
1107 2639 1314 2710 πλῆθος
1363 2638 1623 2704 πολλάκις
1671 2638 1966 2712 συμπνίγει

383 2728 581 2798 φλόγα,
632 2730 728 2783 καὶ
758 2730 1139 2796 ἀποσϐέννυσι,
1213 2731 1416 2802 πλῆθος
1479 2731 1687 2785 καπνοῦ
1734 2732 1969 2802 ἐργασά-

384 2836 584 2891 μενον’
635 2818 778 2874 οὕτω
813 2819 1077 2886 πολλάκις
1125 2822 1224 2876 καὶ
1268 2822 1412 2894 λύπη
1465 2824 1813 2895 ὑπέρμετρος
1864 2841 1967 2877 κα-

386 2911 576 2982 πνώδη
607 2914 701 2967 καὶ
749 2911 1030 2983 σκοτεινὴν
1061 2911 1162 2983 τὴν
1189 2911 1369 2982 ψυχὴν
1415 2914 1733 2984 ἐργάζεται,
1772 2914 1867 2969 καλ⁹
1907 2914 1970 2969 τὸ

388 3000 537 3074 ὕδωρ
586 3003 697 3057 τῶν
746 3003 999 3076 δακρύων
1057 3003 1435 3076 ἀποξηραίνει.

461 3093 675 3167 Ὠσπερ
747 3095 942 3165 τυφλὸς
999 3094 1221 3166 τοξότης
1278 3095 1535 3168 ἀδόκιμος
1562 3113 1576 3127 ο
1625 3095 1799 3162 οὕτως
1868 3115 1970 3169 μα-

388 3187 559 3260 θητὴς
588 3188 868 3257 ἀντίλογος
902 3187 1203 3241 ἀπόλλυται
1231 3187 1330 3259 U).

459 3277 675 3351 Ὠσπερ
711 3278 929 3350 σίδηρος
956 3279 1201 3350 δόκιμος,
1263 3280 1358 3334 καὶ
1404 3279 1496 3333 τὸν
1529 3279 1789 3351 ἀδόκιμον
1848 3279 1970 3344 ὀξῦ-

387 3388 475 3424 ναι
508 3368 732 3423 δύναται
761 3385 778 3402 ο
838 3369 1010 3434 οὕτως
1065 3369 1293 3438 ἀδελφὸς
1321 3370 1600 3443 πρόθυμος
1653 3372 1746 3425 τὸν
1806 3370 1973 3444 ῥᾴθυ-

392 3480 496 3534 μον
543 3461 806 3526 πολλάκις
841 3462 1068 3518 ἔσωσεν.

460 3551 679 3624 Ὥσπερ
704 3553 774 3606 τὰ
800 3553 882 3607 ὠά
921 3556 980 3606 ὲν
1038 3554 1227 3625 κόλπῳ
1275 3555 1592 3625 θαλπόμενα
1641 3556 1974 3624 ζωογονοῦν⁸

388 3663 482 3700 ται
517 3646 596 3720 (5)
638 3663 652 3676 ’
720 3645 895 3711 οὕτως
948 3649 1044 3700 καὶ
1109 3647 1363 3718 λογισμοὶ
1412 3649 1489 3721 μὴ
1555 3649 1971 3721 φανερούμενοι,

386 3740 468 3803 είς
513 3739 654 3811 ἔργα
712 3738 1090 3808 προφαίνουσι.

462 3832 677 3902 Ὥσπερ
720 3831 874 3885 ἵπποι
933 3832 1220 3903 τρέχοντες
1265 3831 1517 3904 ἀλλήλοις
1592 3833 1927 3904 ἁμιλλῶνται
1955 3849 1971 3865 ⁸

387 3917 565 3984 οὓτως
615 3921 830 3975 συνοδία
882 3921 1062 3993 ἀγαθὴ
1091 3922 1288 3994 ἑαυτὴν
1340 3922 1618 3992 διεγείρει.

469 4011 680 4083 Ὠσπερ
743 4014 802 4066 αί
844 4012 1067 4082 νεφέλαι
1142 4012 1554 4086 ὑποκρύπτουσι
1635 4014 1727 4066 τὸν
1779 4014 1972 4085 ἥλιον·

394 4103 571 4168 οῦτως
603 4106 657 4157 αί
704 4107 942 4177 πονηραὶ
968 4106 1168 4161 ἔννοιαι
1208 4106 1546 4173 σκοτίζουσι,
1594 4108 1689 4162 καὶ
1742 4106 1978 4161 ἀπολλύε-

393 4215 516 4253 ουσι
557 4198 646 4252 τὸν
676 4196 825 4253 νοῦν.
1913 4250 1923 4259 κ

469 4293 680 4364 Ὥσπερ
707 4293 736 4346 ό
777 4291 877 4364 τὴν
932 4292 1212 4362 ἀπόφασιν
1254 4291 1512 4362 εἰληφὼς,
1563 4292 1655 4345 καὶ
1712 4291 1848 4362 πρὸς
1876 4292 1977 4364 τὴν

391 4382 696 4452 καταδίκην
735 4382 1124 4454 πορευόμενος,
1171 4382 1231 4434 οὐ
1296 4381 1448 4434 λαλεῖ
1504 4381 1632 4452 περὶ
1693 4380 1973 4453 θεάτρωνο

2061 543 2118 599 Si
2149 543 2204 598 in
2226 544 2405 599 medio
2427 552 2481 600 te
2498 544 2763 609 senseris,
2791 542 3149 613 ignominiam
3174 543 3562 613 complectere.

2129 633 2423 697 Exteruatn
2463 632 2777 704 superbiam
2804 630 3021 687 sanabit
3056 630 3230 687 tristis
3265 632 3505 698 habitus,
3538 648 3633 689 seu

2059 731 2275 781 status:
2308 726 2601 790 internam,
2639 725 2731 781 ille
2769 726 2863 796 qui
2898 734 3024 782 ante
3067 724 3265 781 saecula
3297 733 3383 781 est
3421 724 3635 796 inaspe-

2060 804 2272 872 ctahilis
2294 816 2510 888 (nempe
2542 815 2728 893 Deus).

2131 905 2389 963 Omnium
2414 908 2655 965 ferarum
2683 923 2808 979 quas
2837 923 3060 965 sensum
3108 909 3403 965 incurrunt
3428 924 3636 964 venena

2061 997 2202 1071 tollit
2258 1013 2455 1054 cervus
2505 1015 2520 1052 :
2581 998 2832 1052 omnium
2895 998 3187 1054 noxiarum
3225 999 3637 1069 'cogitatiumnn

2064 1105 2268 1144 venena
2295 1090 2571 1145 consumit
2599 1089 2904 1145 humilitas.

2132 1177 2236 1234 Per
2263 1178 2447 1232 omnia
2475 1193 2597 1248 quae
2629 1194 2696 1233 ex
2722 1179 2924 1234 creatis
2952 1178 3009 1232 in
3037 1178 3228 1233 oculos
3256 1178 3480 1241 cadunt,
3507 1193 3637 1247 pos-

2066 1286 2259 1326 sumus
2280 1286 2616 1340 cognoscere
2648 1279 2701 1324 et
2725 1270 2937 1326 discere
2962 1285 3026 1324 ea
3047 1285 3170 1339 qua:
3201 1279 3331 1325 sunt
3357 1271 3412 1324 in
3438 1280 3637 1325 tuente.

2064 1362 2224 1433 393
2245 1362 2711 1429 Quemadmodum
2743 1361 2858 1415 fieri
2881 1375 2987 1415 non
3007 1369 3205 1429 potest,
3229 1370 3288 1414 ut
3307 1375 3530 1430 serpens
3548 1376 3642 1415 ve-

2067 1459 2236 1505 terem
2270 1450 2464 1520 pellem
2496 1461 2682 1516 exuat,
2722 1450 2830 1505 nisi
2861 1465 2922 1506 se
2949 1464 3044 1519 per
3072 1458 3368 1517 angustum
3400 1449 3639 1503 foramen

2066 1549 2339 1611 penetret,
2370 1543 2444 1596 ita
2483 1555 2584 1597 nos
2628 1556 2737 1596 non
2768 1541 3084 1597 deseremus
3129 1541 3460 1594 inveteratas
3485 1540 3643 1593 vitio-

2068 1648 2189 1688 rnm
2221 1634 2783 1699 consuetudines,nec
2804 1632 3001 1688 animae
3020 1639 3425 1695 vetnstatem,et
3449 1631 3646 1685 veteris

2066 1725 2306 1780 hominis
2357 1726 2597 1779 tunicam
2651 1724 2997 1796 abjiciemus,
3042 1724 3148 1780 nisi
3203 1738 3299 1795 per
3357 1732 3644 1793 angustant

1991 1804 2041 1865 Β
2065 1814 2295 1884 jejunii,
2321 1823 2376 1869 et
2408 1814 2672 1870 aﬂlictam.
2696 1820 3044 1884 contemptus
3077 1818 3134 1867 et
3156 1810 3472 1880 ignominiae
3501 1808 3645 1864 viam

2070 1916 2437 1961 transeamus.
3015 1944 3030 1957 .

2142 1995 2297 2066 Sicut
2346 2012 2475 2054 aves
2523 1994 2867 2053 carnosiores
2909 1992 2965 2048 in
3005 1992 3201 2051 celum
3234 1990 3400 2046 altius
3430 1990 3649 2044 evolare

2070 2101 2180 2142 non
2214 2096 2465 2158 possunt,
2492 2088 2564 2143 ita
2592 2088 2688 2159 qui
2720 2100 2919 2157 corpus
2955 2100 3117 2141 suum
3140 2083 3426 2140 delicatius
3452 2088 3651 2136 tractat

2069 2186 2125 2236 et
2157 2178 2273 2234 alit.

2140 2271 2613 2338 Quemadmodum
2648 2271 2820 2325 lutum
2860 2268 2976 2325 sole
3023 2268 3278 2323 duratum
3304 2277 3358 2323 et
3380 2268 3646 2324 siccatum

2069 2380 2268 2436 porcos
2324 2380 2433 2419 non
2492 2364 2727 2419 admittit
2768 2362 3005 2432 amplius
3051 2369 3145 2415 aut
3191 2359 3358 2425 fovet,
3401 2360 3480 2416 ita
3517 2377 3650 2417 caro

2071 2469 2195 2524 qua:
2234 2453 2525 2519 emarcuit,
2575 2453 2786 2506 nullum
2832 2451 3036 2521 quietis
3078 2451 3259 2504 locum
3311 2447 3650 2506 dannonibus

2071 2544 2351 2615 relinquit.

2147 2634 2304 2692 Sicut
2361 2635 2652 2691 virentium
2702 2636 2977 2707 lignorum
3029 2633 3185 2702 ecpia
3248 2646 3390 2702 saepe
3423 2630 3657 2687 suﬂ'ocat

2072 2729 2347 2786 ﬂammam
2396 2742 2450 2785 et
2498 2730 2818 2798 exstinguit,
2876 2729 3265 2798 ingentemque
3305 2725 3514 2779 fumum
3553 2740 3654 2781 ex-

2075 2825 2225 2890 citat,
2256 2824 2330 2878 ita
2375 2806 2517 2894 smpc
2567 2823 2737 2877 nimia
2778 2830 2833 2876 et
2882 2804 3065 2891 gravis
3094 2817 3314 2872 tristitia
3352 2816 3655 2872 fumantem

2074 2924 2130 2971 et
2157 2916 2444 2972 obscuram
2478 2915 2658 2971 reddit
2692 2915 2956 2978 animam,
2979 2919 3033 2967 et
3057 2909 3265 2965 fontem
3288 2906 3655 2979 lacrymarum

2072 3009 2334 3065 exsiccat.

2147 3098 2616 3167 Quemadmodum
2651 3096 2967 3168 sagittarius
3004 3111 3182 3152 caecus
3211 3110 3320 3150 non
3354 3091 3659 3163 probatur,
3738 3143 3743 3147 .

2003 3163 2048 3221 Ο
2080 3163 2491 3259 itawdiscipulus
2524 3163 2821 3244 contumax
2851 3198 2905 3243 et
2943 3187 3167 3258 obloqui
3194 3185 3391 3241 solitus
3425 3183 3585 3252 perit.

2142 3284 2444 3340 Utferrum
2481 3282 2736 3350 probum,
2766 3279 2931 3333 etiam
2978 3277 3185 3332 malum
3240 3290 3339 3330 seu
3390 3271 3655 3326 vitiosum

2073 3374 2500 3450 [rubigittosum]
2530 3389 2726 3430 acuere
2755 3379 2970 3443 potest,
3011 3371 3086 3426 ita
3116 3377 3401 3440 promptus
3441 3364 3663 3435 religio-

2073 3484 2191 3536 sus,
2229 3469 2393 3523 etiam
2426 3473 2778 3523 cunctantem
2804 3473 2855 3519 et
2882 3465 3134 3533 ignavum
3167 3475 3309 3524 saepe
3330 3456 3588 3514 servavit.

2145 3559 2615 3626 Quemadmodum
2656 3573 2757 3611 ova
2804 3555 2927 3611 sinu
2961 3554 3069 3609 fota
3112 3552 3283 3608 fetum
3322 3549 3662 3618 concipiunt,

2076 3652 2153 3707 ita
2180 3650 2540 3722 cogitationes
2565 3664 2687 3719 qute
2727 3663 2832 3703 non
2875 3647 3221 3719 aperiuntur,
3243 3643 3297 3698 in
3329 3656 3469 3713 opus
3493 3640 3662 3711 prod-

2077 3752 2230 3801 eunt.

2154 3836 2311 3890 Sicut
2363 3834 2492 3904 equi
2536 3842 2826 3886 currentes
2878 3846 3042 3886 cursu
3077 3835 3313 3892 certant,
3368 3825 3443 3880 ita
3492 3824 3663 3896 proba

2077 3928 2318 3985 societas
2342 3942 2400 3980 se
2425 3935 2615 3979 mutuo
2638 3925 2705 3979 ad
2731 3924 2990 3977 virtutem
3014 3920 3236 3978 excitat.

2149 4018 2217 4074 Ut
2241 4018 2414 4074 nubes
2463 4016 2812 4072 abscondunt
2867 4013 3061 4073 solem,
3108 4011 3203 4071 ita,
3242 4009 3401 4064 malae
3451 4007 3665 4078 cogita-

2079 4111 2257 4167 tiones
2290 4109 2542 4164 tenebras
2569 4106 2859 4165 olIunduut
2887 4103 3056 4158 menti
3087 4112 3144 4158 et
3173 4099 3409 4172 perdunt
3437 4098 3611 4153 illam.

2152 4295 2305 4352 Sicut
2337 4295 2631 4350 damnatus
2656 4290 2751 4361 qui
2801 4289 2868 4345 ad
2908 4284 3241 4356 supplicium
3271 4282 3661 4354 proficiscitur,

2081 4389 2247 4465 394
2277 4404 2386 4444 non
2432 4387 2674 4457 loquitur
2705 4384 2772 4439 de
2817 4380 3168 4453 spectaculis,
3213 4379 3298 4433 sic
3335 4376 3429 4448 qui
3476 4391 3667 4433 revera

391 4473 568 4539 οῦτως
620 4475 742 4528 οὐδὲ
779 4476 808 4528 ό
856 4476 913 4527 ὲν
943 4472 1173 4545 ἀληθείᾳ
1210 4473 1445 4539 πενθῶν,
1505 4474 1751 4549 γαστέρα
1806 4474 1970 4546 θερα-

2082 4499 2245 4554 super
2296 4482 2535 4554 peccatis
2586 4478 2705 4535 suis
2754 4493 2820 4532 ex
2888 4475 3077 4531 animo
3151 4473 3331 4544 luget,
3383 4486 3666 4542 nunquam

394 4564 588 4619 πεύσει
618 4563 768 4617 ποτέ.

466 4657 681 4726 Ὥσπερ
732 4655 962 4727 πένητες
1008 4654 1319 4726 θησαυροὺς
1376 4654 1693 4726 βασιλικοὺς
1743 4656 1977 4728 ὁρῶντες

393 4747 488 4799 ἐπὶ
534 4745 719 4799 πλεῖον
746 4746 845 4818 τὴν
888 4746 1099 4800 ἑαυτῶν
1144 4746 1419 4817 πτωχείαν
1476 4747 1931 4816 ἐπιγινώσκουσιν
1961 4763 1975 4777 ⁸

393 4837 569 4901 οὕτως
619 4839 712 4891 καὶ
756 4837 904 4909 ψυχὴ
930 4835 1029 4900 τὰς
1074 4837 1316 4907 μεγάλας
1360 4836 1468 4890 τῶν
1500 4838 1751 4910 πατέρων
1781 4838 1980 4909 ἀρετὰς

395 4929 872 4999 ἀναγινώσκουσα,
948 4930 1167 4992 πάντως
1196 4927 1598 5001 ,ταπεινότερον
1646 4932 1879 4983 ποιεῖται
1919 4930 1981 4983 τὸ

396 5022 601 5091 ἑαυτῆς
631 5021 911 5091 φρόνημα.

469 5114 685 5184 Ὥσπερ
716 5112 811 5165 καὶ
870 5112 945 5182 μὴ
976 5110 1354 5183 βουλόμενοςό
1412 5112 1632 5185 σίδηρος
1695 5115 1966 5167 ὑπακούει

399 5206 475 5276 τῷ
528 5205 766 5277 μαγνίτῃ
797 5203 895 5276 [αἱ.
932 5203 1248 5278 μαγνήτιδι]
1272 5214 1291 5235 ⁸
1339 5203 1483 5259 οὕτω
1510 5205 1604 5260 καὶ¹
1640 5206 1689 5259 οἱ
1723 5205 1983 5260 ποιωθὲν-

398 5315 489 5361 τες
536 5297 657 5364 ταῖς
688 5296 1018 5369 προλήψεσι,
1058 5295 1447 5370 τυραννοῦνται
1476 5298 1566 5352 ὑπ’
1603 5297 1803 5353 αὐτῶν.

470 5391 688 5464 Ὠσπερ
718 5390 780 5445 τὺ
814 5388 996 5445 ἔλαιον
1029 5391 1128 5447 καὶ
1175 5390 1253 5463 μὴ
1284 5389 1620 5464 βουλομένην
1660 5393 1859 5465 ἡμεροϊ
1883 5391 1983 5463 τὴν

402 5482 683 5540 θάλασσαν
704 5498 719 5518 ·
775 5482 952 5547 οὕτως
1022 5483 1120 5538 καὶ
1169 5484 1203 5555 ἡ
1265 5482 1513 5554 νηστεία,
1577 5485 1675 5540 καὶ⁹
1720 5485 1984 5549 ἀκουσίας

402 5573 800 5631 κατασϐεννύει
827 5575 930 5640 τὰς
956 5572 1049 5629 τοῦ
1092 5572 1352 5645 σώματος
1383 5573 1680 5646 πυρώσεις.

476 5665 692 5735 ’Ὥσπερ
743 5663 1096 5735 στενούμενον
1130 5660 1277 5730 ὕδωρ
1323 5664 1404 5726 εἰς
1471 5662 1604 5733 ὕψος
1658 5665 1981 5739 ἀνατρέχειν

407 5752 549 5811 οὕτω
599 5754 856 5818 πολλάκις
889 5752 1159 5824 καὶψυχὴ
1203 5750 1309 5805 ὑπὸ
1357 5753 1619 5808 κινδύνων
1661 5758 1985 5814 στενωθεῖσα

2083 4577 2323 4633 studebit
2360 4575 2500 4647 gulm
2524 4582 2579 4628 et
2611 4570 2811 4627 ventri.

2156 4665 2629 4735 Quemadmodum
2663 4673 2930 4731 pauperes
2969 4655 3191 4727 quando
3228 4655 3409 4726 regios
3445 4653 3669 4707 thesau-

2083 4777 2174 4816 ros
2199 4760 2517 4830 inspiciunt,
2549 4755 2725 4826 magis
2744 4769 2898 4809 suam
2916 4748 3319 4805 mendicitatem
3342 4756 3669 4817 agnoscunt,

2083 4859 2157 4912 ita
2191 4857 2370 4911 anima
2421 4867 2646 4922 magnas
2694 4849 2919 4904 Patrum
2954 4846 3190 4902 virtutes
3218 4844 3504 4909 lectitans,
3551 4857 3673 4897 om-

2084 4951 2219 5007 nino
2249 4948 2511 5005 humilior
2538 4946 2808 5009 redditur,
2848 4952 2906 4998 et
2927 4940 3126 4997 fastum
3154 4938 3431 5011 deprimit.

2161 5124 2317 5180 Sicut
2351 5122 2557 5180 ferrum
2591 5123 2758 5179 etiam
2816 5120 3010 5175 nolens
3059 5126 3218 5189 paret
3272 5112 3551 5184 magneti,
3591 5111 3671 5165 ita

2085 5216 2272 5288 pravis
2320 5213 2819 5270 consuetudinibus
2883 5210 3153 5279 corrupti,
3215 5208 3285 5263 ab
3337 5205 3472 5275 ipsis
3517 5200 3569 5256 vi
3600 5200 3672 5255 ad

2084 5307 2429 5379 peccandum
2462 5305 2779 5363 trahuntur.

2159 5396 2314 5451 Sicut
2348 5397 2532 5450 oleum
2560 5395 2726 5449 etiam
2752 5392 2986 5448 invitum
3019 5398 3183 5461 pacat
3221 5399 3391 5450 mare,
3427 5382 3504 5438 ita
3528 5380 3673 5453 jeju-

2087 5489 2241 5545 nium
2271 5489 2520 5560 corporis
2546 5497 2903 5542 contumaces
2925 5480 3225 5551 exstinguit
3241 5477 3485 5532 ardores.

2159 5663 2636 5735 Quemadmodum
2655 5660 2904 5718 coercita:
2919 5658 2973 5714 in
2995 5664 3206 5713 arcium
3230 5670 3387 5726 aqua:
3406 5651 3462 5710 in
3492 5651 3662 5708 altum

2091 5767 2412 5828 exsto-gum,
2459 5757 2533 5823 ita
2561 5770 2703 5826 saepe
2763 5750 2944 5809 anima
2985 5747 3244 5821 periculis
3289 5746 3664 5803 circumventa
