4030 6458
514 339 650 405 1087

1770 353 1833 413 S.
1855 352 2177 417 JOANNIS
2203 356 2509 421 CLIMACI

3630 378 3748 453 l088

499 452 564 505 ad
622 454 790 508 Deum
839 470 936 525 per
984 458 1361 527 pmnitentiam
1410 462 1658 531 exsurgit
1705 472 1759 519 et
1820 474 2070 521 servatur

580 545 727 571 1:-..5
762 548 851 571 ..ηε
885 560 1125 571 __.....-.-
1182 551 1415 571 ,ευ----ηρ
1446 563 1486 571 η.
1570 554 1632 571 --ι
1678 570 1681 571 ,
1832 556 1844 571 ι

2196 471 2333 540 πρὸς
2381 473 2514 526 Θεὸν
2556 475 2646 529 διὰ
2700 476 2986 548 μετανοίας
3046 479 3244 550 ἀνῆλθε
3298 484 3393 537 καὶ
3449 487 3620 563 ἐσώθη
3661 496 3749 571 (6),

575 545 730 600 Sicut
759 548 853 616 qui
883 560 1130 605 aromata
1174 551 1510 611 circumfert.
1559 554 1725 609 etiam
1757 556 1971 622 nolens,
2003 574 2070 614 cx

498 636 729 691 odorum
766 638 1061 708 fragrantia
1095 642 1541 711 deprehenditur,
1574 645 1648 701 ita
1696 648 1786 717 qui
1824 650 2081 720 spiritum

498 722 592 778 Dei
646 726 908 795 possidet,
951 743 1015 782 ev
1060 729 1242 784 verbis
1290 730 1407 785 suis
1455 740 1511 786 et
1557 733 1862 791 humilitate
1911 752 2085 816 agno-

496 816 691 870 ﬁcitur.

568 906 1042 973 Quemadmodum
1076 912 1222 967 venti
1255 915 1584 984 perturbant
1634 933 1823 987 mare,
1875 920 1954 977 sic
2002 921 2085 978 ira

496 1014 610 1069 pra:
639 1003 853 1058 cunctis
881 1003 1003 1060 a'liis
1030 1006 1317 1074 perturbat
1346 1017 1605 1065 mentem.
1995 1031 2023 1071 ο

564 1182 1036 1250 Quemadmodum
1071 1187 1287 1253 oculus,
1320 1204 1444 1260 quae
1472 1204 1579 1245 non
1611 1191 1766 1260 vidit,
1797 1209 1860 1249 ex
1893 1197 2082 1253 auditu

496 1293 603 1332 non
635 1277 791 1333 valde
827 1280 1031 1350 appetit
1065 1292 1304 1352 gustare,
1355 1284 1428 1338 ita
1464 1287 1557 1357 qui
1603 1296 1757 1344 casto
1797 1301 1926 1345 sunt
1952 1298 2084 1347 ‘cor-

498 1384 631 1439 pore
662 1369 855 1442 ingens
876 1372 1002 1428 inde
1028 1373 1273 1430 levamen
1307 1376 1529 1433 habent.

567 1457 726 1513 Sicut
755 1457 904 1516 fures
939 1477 1064 1517 cum
1095 1464 1293 1520 alicubi
1314 1467 1463 1538 regia
1492 1484 1644 1525 arma
1680 1474 1919 1544 reposita
1953 1490 2078 1531 con-

496 1548 762 1617 spiciunt,
791 1567 899 1606 non
933 1552 1092 1610 facile
1121 1557 1251 1612 illuc
1277 1560 1603 1628 ascendunt,
1634 1564 1707 1619 ita
1731 1567 1824 1634 qui
1849 1565 2082 1622 familia-

496 1657 587 1695 res
627 1645 777 1699 cordi
814 1645 977 1700 habet
1012 1662 1231 1717 preces,
1278 1666 1386 1705 non
1433 1651 1593 1710 facile
1636 1656 1704 1712 ab
1740 1657 2080 1716 daemonibus

496 1732 713 1792 furibus
738 1738 938 1793 mentis
971 1737 1176 1795 furtum
1206 1744 1428 1812 patitur.

565 1824 1034 1894 Quemadmodum
1068 1832 1209 1902 ignis
1238 1850 1344 1889 non
1376 1847 1599 1907 generat
1628 1840 1829 1909 nivem,
1877 1843 1949 1899 ita
1982 1844 2077 1916 qui
2109 1831 2151 1886 Β

494 1918 760 1975 honorem
786 1923 1002 1991 quaerit,
1032 1939 1139 1979 non
1190 1927 1501 1996 perfruetur
1522 1930 1593 1985 ibi
1618 1932 1895 2009 [caelesti].

561 2011 724 2084 395
770 2012 923 2070 Sicut
964 2030 1072 2071 una
1118 2032 1259 2088 saepe
1311 2021 1546 2078 scintilla
1591 2035 1803 2081 vastam
1851 2029 2075 2100 depasta

490 2116 574 2160 est
613 2108 829 2174 silvam,
870 2110 945 2164 ita
980 2112 1202 2167 unicum
1244 2131 1386 2185 smpe
1437 2133 1576 2188 opus
1604 2121 1811 2177 bonum
1855 2140 2073 2185 omnem

492 2202 841 2261 peccatorum
875 2212 1195 2267 magnorum
1230 2218 1502 2259 sutumam
1532 2206 1756 2263 delevit.

562 2284 717 2341 Sicut
759 2287 963 2359 absque
1020 2291 1126 2346 telo
1180 2292 1307 2349 ferte
1370 2313 1478 2351 non
1541 2299 1947 2373 coniiciuntur,
2001 2305 2073 2363 ita

487 2373 611 2429 sine
642 2375 948 2434 humilitate
980 2395 1088 2436 non
1121 2384 1392 2442 obtinebis
1426 2388 1494 2443 de
1523 2389 1605 2444 ira
1629 2391 1937 2451 victorlam.

558 2465 731 2522 Sicuti
782 2485 947 2527 nemo
997 2477 1233 2530 naturali
1271 2478 1437 2534 modo
1470 2481 1591 2537 sine
1623 2483 1748 2538 cibo
1785 2487 1951 2555 vivit,
1997 2489 2072 2545 ita

484 2572 658 2626 usque
705 2559 773 2615 ad
826 2572 1056 2618 mortem
1118 2582 1401 2634 nunquam
1463 2572 1588 2628 licet
1655 2575 1738 2629 vel
1794 2591 2073 2637 momento

482 2663 704 2705 cessare
726 2658 817 2705 aut
854 2658 1216 2725 negligentem
1248 2674 1392 2715 esse.

552 2740 1028 2808 Quemadmodum
1090 2749 1224 2805 solis
1283 2753 1472 2809 radius
1522 2771 1621 2826 per
1670 2757 1913 2816 foramen
1978 2763 2075 2816 ad-

480 2833 688 2889 missus
712 2835 950 2892 illustrat
977 2846 1142 2894 totam
1175 2840 1421 2910 domum,
1458 2844 1532 2900 ita
1562 2855 1623 2902 ut
1658 2848 1871 2904 minimi
1903 2851 2068 2906 etiam

480 2924 647 2979 atomi
680 2941 775 2982 seu
803 2930 1092 2998 pulvisculi
1118 2935 1412 2993 volitantes
1439 2939 1760 3007 videantur;
1805 2942 1879 2997 ita
1906 2944 2071 3000 timor

483 3014 700 3073 Domini
736 3020 831 3090 qui
864 3021 917 3076 in
964 3024 1130 3079 corde
1173 3028 1358 3083 sedem
1411 3028 1530 3085 fixit
1566 3046 1759 3089 omnes
1812 3033 1889 3089 illi
1918 3034 2071 3093 labes

480 3122 833 3179 peccatorum
867 3118 1128 3174 ostendit.

552 3202 1027 3269 Quemadmodum
1059 3212 1251 3267 cancri
1284 3211 1440 3270 facile
1474 3216 1802 3286 capiuntur,
1835 3234 1902 3274 eo
1923 3220 2073 3291 quod

372 3372 387 3383 ι
481 3311 629 3355 nunc
656 3303 1109 3374 progrediantur,
1148 3323 1300 3365 nunc
1343 3312 1748 3382 regrediantur,
1778 3315 1851 3370 ita
1889 3316 2073 3372 anima

483 3403 631 3444 nunc
670 3390 728 3445 in
784 3394 897 3448 risu
950 3396 1150 3464 soluta,
1212 3415 1362 3457 nunc
1390 3402 1459 3457 ad
1508 3403 1716 3460 luctum
1745 3408 2070 3477 composita,

482 3493 634 3536 nunc
661 3480 873 3538 deliciis
920 3499 1141 3542 rursum
1179 3489 1436 3549 immersa
1481 3495 1691 3551 nullum
1727 3499 1874 3567 capit
1916 3497 2073 3554 labo-

484 3586 606 3626 rum
643 3587 873 3629 suorum
898 3577 1351 3638 emolumentum.

554 3660 709 3719 Sicut
751 3666 1085 3725 dormientes
1129 3669 1289 3727 facile
1328 3673 1639 3744 spoliantur
1669 3718 1685 3741 ,
1746 3676 1820 3732 ita
1863 3678 1957 3749 qui
2014 3679 2072 3734 in

415 3824 423 3832 _
480 3757 682 3812 saeculo
719 3759 805 3814 vel
855 3762 1055 3818 saeculo
1085 3766 1360 3835 proximi,
1414 3768 1605 3825 virtuti
1639 3772 1860 3827 student
1911 3772 2073 3843 (praes

479 3849 718 3905 donibus
744 3853 979 3924 patent).

555 3937 713 3995 Sicut
769 3941 815 3996 is
860 3943 954 4013 qui
1008 3956 1133 4001 cum
1184 3946 1341 4002 leone
1387 3959 1635 4019 pugnat,
1673 3952 1719 4006 si
1769 3952 1851 4007 vel
1902 3954 2070 4010 semel

476 4032 670 4087 oculos
710 4034 818 4089 alio
870 4035 1129 4103 declinet,
1164 4041 1438 4110 extemplo
1484 4043 1648 4113 perit,
1682 4044 1757 4100 ita
1794 4045 1888 4116 qui
1941 4061 2069 4103 cum

475 4140 645 4181 carne
683 4141 783 4183 sua
832 4127 1110 4197 luctatur,
1162 4132 1210 4187 si
1261 4133 1513 4191 inducias
1559 4151 1684 4192 cum
1739 4137 1828 4194 illa
1885 4138 2066 4207 faciat,

477 4216 681 4275 interit.

547 4313 1020 4380 Quemadmodum
1055 4320 1152 4391 qui
1199 4321 1404 4377 scalam
1440 4332 1845 4394 putrescentem
1873 4340 2067 4383 ascen-

2260 561 2475 632 ’Ὠσπερ
2503 566 2532 618 6
2554 565 2824 638 ἀρώματα
2859 567 3144 637 βαστάζων
3179 570 3277 644 (7),
3322 574 3418 628 καὶ
3467 577 3542 648 μὴ

2185 652 2250 705 ἐκ
2294 652 2396 723 τῆς
2436 654 2613 729 ὀσμῆς
2638 659 2961 730 ἐλέγχεται·
3008 660 3181 724 οὓτως
3206 664 3304 717 καὶ
3332 667 3362 719 6
3392 667 3613 742 Πνεῦμα
3647 675 3750 733 Κυ-

2188 743 2305 815 ρίου
2362 746 2522 817 ἔχων,
2581 751 2646 803 ὲκ
2675 750 2785 805 τῶν
2815 751 2981 806 αὑτοῦ
3010 751 3187 824 λόγων
3216 758 3309 811 καὶ
3342 758 3446 829 τῆς
3500 768 3751 820 ταπεινῶν

2188 827 2325 899 σε’ως
2369 838 2715 909 γνωρίζεται.

2258 924 2471 998 ’Ὠσπερ
2557 929 2626 983 τὰ
2687 932 2976 1004 πνεύματα
3041 937 3414 1007 ταράσσουσιν
3490 943 3751 1003 ἄϐυσσον·

2184 1015 2329 1071 οὕτω
2382 1019 2481 1077 καὶ
2513 1022 2542 1075 ὁ
2575 1022 2747 1095 θυμὸς
2772 1025 2935 1080 πλέον
2968 1027 3187 1083 πάντων
3219 1031 3481 1103 ταράττει
3512 1033 3605 1113 τὴν
3652 1038 3754 1093 διά-

2183 1121 2350 1168 νοιαν,

2258 1200 2470 1273 ’Ὠσπερ
2507 1201 2543 1257 δι
2588 1204 2866 1278 ὀφθαλμὸς
2910 1210 3012 1264 οὐκ
3041 1205 3200 1279 εἶδεν,
3230 1213 3356 1273 οὐδὲ
3421 1216 3664 1288 σφοδρῶς
3700 1219 3753 1285 ἐξ

2183 1288 2353 1361 ἀκοῆς
2386 1292 2646 1364 ἐπιθυμεῖ
2689 1297 2993 1365 γεύσασθαι
3025 1319 3039 1333 ·
3067 1302 3241 1366 οὕτως
3290 1304 3389 1357 καὶ
3418 1306 3466 1357 οἱ
3498 1306 3648 1374 ἁγνοὶ
3682 1308 3752 1379 τῷ

2186 1379 2421 1451 σώματι,
2454 1384 2623 1438 πολὺν
2655 1387 2719 1441 ἐκ
2738 1388 2929 1443 τούτου
2958 1392 3261 1462 κουφισμὸν
3292 1395 3617 1466 κέκτηνται.

2258 1472 2472 1545 Ὠσπερ
2516 1475 2657 1529 ὅπλα
2702 1477 2960 1549 βασιλικὰ
3002 1483 3064 1535 ἐν
3110 1483 3261 1555 τόπῳ
3309 1485 3548 1556 κείμενα
3602 1488 3750 1559 ὁρῶν·

2181 1578 2274 1626 τες
2310 1564 2358 1615 οξ
2399 1563 2649 1631 κλέπται,
2705 1570 2825 1640 οὐχ,
2855 1570 2935 1634 ὡς
2975 1571 3182 1647 ἔτυχεν,
3211 1574 3329 1629 ἐκεῖ
3358 1575 3746 1632 ἐπιϐαίνουσινο

2182 1652 2353 1717 οὕτως
2403 1656 2496 1708 καὶ
2533 1658 2561 1710 6
2593 1659 2661 1736 rﬁ
2695 1660 2894 1736 καρδίᾳ
2941 1664 3249 1736 προσευχὴν
3301 1667 3613 1737 προσάψας,
3645 1670 3747 1741 οὐχ,

2183 1745 2259 1808 ὡς
2309 1745 2522 1816 ἔτυχεν,
2560 1749 2665 1803 ὑπὸ
2700 1750 2810 1803 τῶν
2855 1752 3063 1823 νοητῶν
3097 1754 3309 1828 λῃστῶν
3343 1756 3655 1819 κλέπτεται.

2252 1837 2465 1911 Ὥσπερ
2490 1839 2552 1892 οὐ
2577 1843 2752 1896 τίκτει
2796 1842 2907 1914 πῦρ
2957 1845 3149 1915 χιόνα·
3193 1845 3375 1910 οὕτως
3431 1849 3552 1901 οὐδὲ
3590 1851 3616 1902 6
3665 1851 3750 1922 τὴν

2180 1926 2414 1980 ἐνταῦθα
2444 1927 2624 2005 ζητῶν
2666 1932 2852 2002 τιμὴν,
2883 1932 2983 2004 τῆς
3022 1934 3232 1997 ἐκεῖθεν
3295 1937 3621 1993 ἀπολαύσει.

2252 2019 2464 2092 Ὥσπερ
2506 2016 2587 2085 εἷς
2615 2023 2849 2104 σπινθὴρ
2885 2026 3145 2093 πολλάκις
3183 2030 3363 2100 πυρὸς
3406 2031 3606 2098 πολλὴν
3630 2032 3748 2104 ὖλην

2182 2110 2545 2165 κατέκαυσεν·
2574 2113 2749 2177 οὕτως
2775 2098 2869 2169 καὶ
2894 2116 2953 2169 ἓν
2982 2118 3184 2186 ἀγαθὸν
3207 2098 3533 2195 ειῖρίσκεται
3568 2123 3747 2195 πλῆθος

2181 2201 2545 2271 πταισμάτων
2575 2204 2828 2279 μεγάλων
2857 2207 3159 2280 ἐξαλεῖψαι.

2263 2293 2352 2358 Ὠς
2382 2294 2483 2350 ούκ
2515 2296 2631 2352 ἔστι
2665 2300 2834 2372 χωρὶς
2858 2301 3026 2356 ὅπλου
3058 2303 3230 2378 θηρία
3277 2307 3566 2376 ἀπολέσαι,
3591 2311 3743 2374 οὓτως

2177 2382 2301 2438 οὐδὲ
2349 2386 2519 2457 χωρὶς
2542 2389 2927 2456 ταπεινώσεως
2961 2394 3263 2467 ἀοργησίαν
3306 2401 3633 2471 κτήσασθαι.

2260 2475 2350 2538 Ὠς
2379 2477 2481 2531 οὐκ
2517 2477 2634 2533 ἐστι
2665 2481 2766 2551 ζῇν
2803 2483 2948 2536 κατὰ
2977 2485 3140 2555 φύσιν
3176 2487 3307 2542 ἄνευ
3354 2490 3627 2561 βρώσεως,
3662 2492 3745 2546 οὕ-

2178 2584 2285 2631 τως
2319 2568 2420 2622 ούκ
2461 2568 2611 2624 εστιν
2652 2571 2759 2637 ἓως
2798 2572 2981 2641 ἐξόδου
3029 2576 3133 2631 κᾶν
3175 2578 3316 2651 πρὸς
3351 2581 3524 2653 ῥοπὴν
3557 2583 3740 2653 ἁμελῑγ

2178 2676 2267 2713 σαι
2301 2664 2400 2731 (8).

2252 2752 2460 2825 Ὥσπερ
2504 2754 2664 2819 ἀκτὶς
2695 2755 2847 2825 ἡλίου
2896 2757 2965 2811 δι’
2998 2759 3139 2830 ὀπῆς
3184 2763 3506 2825 είσελθοῦσα
3544 2767 3598 2818 ἐν
3626 2766 3743 2843 οἴκῳ

2176 2841 2356 2895 πάντα
2382 2842 2627 2912 φωτίζει,
2667 2844 2744 2908 ὡς
2766 2845 2859 2899 καὶ
2887 2847 2979 2901 τὸν
2998 2846 3336 2909 λεπτότατον
3368 2856 3499 2925 ὁρᾷν
3525 2856 3637 2913 τότε
3658 2841 3739 2908 κοὲ

2174 2932 2387 3002 νιορτδν
2433 2933 2746 3004 πετόμενον·
2796 2934 2971 3002 οὕτως
3017 2941 3112 2995 καὶ
3168 2944 3197 2996 6
3244 2943 3418 3012 φόδος
3457 2945 3652 3016 Κυρίου
3691 2947 3741 2999 ἐν

2174 3019 2377 3091 καρδία
2409 3021 2701 3093 γενόμενος
2726 3023 2907 3080 πάντα
2931 3027 3071 3100 αὐτῇ
3094 3029 3163 3083 τὰ
3191 3031 3369 3104 αὐτῆς
3391 3035 3738 3106 ἁμαρτήματα

2174 3106 2580 3169 ὑποδείκνυσιν.

2247 3202 2460 3275 Ὥσπερ
2497 3208 2546 3259 οί
2589 3207 2871 3281 λεγόμενοι
2902 3215 3152 3285 καρκῖνοι
3184 3215 3590 3290 εὐεπιχείρητοι
3622 3234 3737 3285 τυγ-

2174 3293 2453 3364 χάνουσιν,
2487 3297 2578 3352 διὰ
2602 3299 2684 3365 τὸ,
2725 3301 2856 3356 ποτὲ
2887 3304 2986 3374 μὲν
3010 3304 3325 3378 ἔμπροσθεν
3376 3309 3597 3380 βαίνειν,
3622 3308 3738 3373 ποτὲ

2174 3384 2498 3442 δὲδπισθεν·
2522 3390 2695 3456 οὕτως
2728 3393 2823 3447 καὶ
2858 3394 3027 3468 ψυχὴ,
3060 3399 3191 3452 ποτὲ
3222 3401 3326 3471 μὲν
3368 3383 3595 3472 γελῶσα,
3623 3401 3737 3453 ποτέ

2171 3477 2229 3532 δὲ
2264 3480 2558 3549 πενθοῦσα,
2592 3485 2727 3540 ποτὲ
2755 3485 2812 3540 δὲ
2839 3489 3122 3559 τρυφῶσα,
3157 3492 3314 3546 οὐδὲν
3359 3494 3627 3564 ὠφελῆσαι
3650 3491 3734 3551 δύο

2171 3586 2329 3627 ναται
2338 3612 2351 3627 ο

2250 3663 2463 3735 Ὠσπερ
2493 3668 2542 3720 oi
2571 3667 2941 3736 ύπνώττοντες
2976 3674 3218 3746 εὐχερῶς
3262 3678 3548 3732 συλῶνται·
3579 3677 3733 3750 οὕτως

2172 3756 2266 3810 καὶ
2286 3757 2335 3809 oi
2364 3757 2823 3833 ﬂqclov_x6apou
2846 3764 2946 3836 τὴν
2968 3766 3171 3837 ἀρετὴν
3200 3771 3607 3843 μετερχόμενοι.

2245 3932 2456 4005 Ὠσπερ
2500 3936 2528 3988 ὁ
2567 3934 2741 3990 λέοντι
2790 3938 3095 4011 μαχόμενος
3131 3939 3227 3995 ἐὰν
3273 3944 3448 4015 ῥεφθῇ
3484 3942 3542 3996 τὸ
3576 3941 3731 4011 ὄμμα.

2170 4022 2376 4088 εὐθέως
2405 4025 2724 4081 ἀπόλλυταιο
2754 4026 2928 4093 οὕτως
2956 4030 3054 4084 καὶ
3078 4033 3106 4086 6
3133 4033 3200 4105 τῇ
3239 4033 3442 4088 ἑαυτοῦ
3471 4031 3624 4104 σαρκὶ
3644 4044 3731 4100 μα·

2168 4114 2400 4186 χόμενος
2427 4117 2521 4172 ἐὰν
2551 4118 2758 4190 ταύτην
2782 4120 3093 4194 ἀναπαύσῃ.
3140 4136 3147 4141 ³

2238 4333 2452 4405 ’Ὥσπερ
2496 4335 2546 4388 οί
2580 4335 2661 4399 είς
2688 4336 2939 4407 κλίμακα
2977 4339 3368 4407 ἀναϐαίνοντες
3402 4340 3601 4414 σαθρὰ]
3633 4352 3731 4390 κινς

477 4405 636 4470 dunt,
690 4408 800 4464 vita
835 4411 1219 4480 periclitantur
1248 4453 1265 4481 ,
1320 4416 1392 4470 ita
1427 4416 1637 4485 quaevis
1688 4416 1963 4489 dignitas,
2010 4427 2067 4474 et

2175 4423 2500 4480 Βυνεύουσιν·
2541 4425 2717 4491 οὕτως
2748 4405 2900 4486 πᾶσα
2929 4431 3086 4503 τιμὴ,
3129 4433 3222 4493 καὶ
3256 4405 3410 4500 δόξα,
3455 4405 3545 4488 καὶ
3587 4431 3727 4484 δυνα-

478 4502 690 4571 gloria,
740 4513 795 4559 et
855 4507 1146 4578 imperium
1192 4524 1287 4568 seu
1345 4513 1591 4584 potentia
1645 4523 1911 4585 repugnat
1959 4515 2066 4571 htt—

2175 4517 2326 4572 στεία
2358 4519 2424 4589 τῇ
2450 4520 2922 4593 ταπεινοφροσύνῃ
2954 4523 3311 4580 ἀντίκεινται.

479 4597 717 4658 militati.

556 4687 623 4746 Ut
677 4693 793 4748 fieri
840 4711 949 4751 non
997 4709 1179 4768 potest
1225 4699 1357 4771 quin
1415 4699 1700 4758 famelicus
1756 4702 2067 4759 meminerit
2112 4770 2121 4777 _

479 4785 656 4855 panis,
691 4787 766 4842 ita
794 4789 982 4847 salvus
1021 4792 1136 4848 fieri
1167 4807 1277 4849 non
1325 4793 1617 4867 potestqui
1639 4810 1744 4850 non
1779 4795 1979 4867 cogitat
1999 4796 2067 4852 de

480 4891 659 4936 morte
687 4887 740 4935 ct
763 4880 992 4950 judicio.

550 4973 707 5028 Sicut
730 4987 872 5044 aqua
904 4975 1137 5043 litteras,
1180 4977 1255 5033 ita
1306 4977 1560 5050 lacryma:
1592 4978 1776 5034 delent
1818 4990 2062 5051 peccata.

546 5131 713 5203 396
732 5132 887 5189 Sicut
901 5150 1027 5191 cum
1051 5151 1305 5194 caremus
1325 5146 1491 5210 aqua,
1514 5139 1727 5199 litteras
1748 5142 1870 5197 aliis
1890 5142 2065 5200 modis

476 5225 698 5282 abolere
737 5227 982 5282 solemus
1005 5272 1021 5295 ,
1081 5229 1155 5284 ita
1183 5239 1313 5285 sunt
1337 5240 1392 5288 et
1419 5232 1619 5289 animae
1643 5249 1768 5304 quae
1812 5235 2065 5307 lacrymis

475 5319 756 5373 destituta:
804 5335 901 5389 per
943 5321 1153 5377 luctum
1189 5332 1245 5379 et
1277 5326 1514 5394 gemitus
1545 5334 1601 5381 et
1630 5327 1904 5383 tristitiam
1945 5342 2065 5383 ma-

477 5424 637 5480 gnam
669 5419 894 5482 peccata
919 5413 1177 5469 dedolant
1209 5424 1263 5471 et
1288 5416 1545 5475 eradunt.

551 5593 706 5648 Sicut
735 5610 767 5649 e
804 5596 977 5650 multo
1026 5604 1270 5652 stercore
1320 5598 1479 5654 multi
1512 5600 1781 5656 exsistunt
1827 5616 2060 5667 vermes,

481 5685 556 5741 in
584 5688 740 5756 copia
788 5688 1036 5743 ciborum
1073 5691 1283 5761 copiam
1329 5692 1500 5762 gignit
1543 5703 1914 5764 peccatorum,
1947 5702 2063 5751 tur-

488 5782 633 5848 p'um
669 5782 1059 5851 cogitationum
1085 5791 1138 5840 et
1171 5799 1528 5842 somntorum.

2251 4693 2338 4757 Ὧς
2363 4693 2628 4750 ἀδύνατον
2656 4695 2746 4750 τδν
2773 4697 3045 4752 πεινῶντα
3070 4699 3147 4772 μὴ
3177 4700 3538 4772 μνημονεύειν
3559 4697 3721 4768 ἄρτου·

2166 4781 2342 4847 οὕτως
2367 4783 2653 4854 ἀμήχανον
2684 4784 2925 4858 σωθῆναι
2956 4787 3049 4841 τὸν
3066 4787 3250 4854 ἐξόδου
3282 4791 3379 4844 καὶ
3407 4789 3630 4862 κρίσεως
3660 4780 3727 4857 μὴ

2173 4889 2278 4945 μνη
2289 4891 2416 4943 μονε
2425 4874 2608 4930 ύοντα.

2239 4965 2452 5039 Ὥσπερ
2480 4966 2540 5021 τὺ
2576 4967 2723 5042 ὕδωρ
2757 4972 2827 5026 τὰ
2864 4973 3191 5045 γράμματα·
3219 4971 3394 5040 οὕτως
3430 4972 3488 5028 τὸ
3513 4969 3725 5039 δάκρυον

2167 5057 2237 5112 τὰ
2264 5059 2586 5131 πταίσματα
2612 5060 2920 5134 ἐξαλείφειν
2948 5065 3194 5121 δύναται.
3524 5093 3549 5106 κ

2242 5150 2455 5223 Ὥσπερ
2483 5153 2607 5207 τινὰ
2628 5153 2736 5207 τῶν
2765 5156 3135 5227 γραμμάτων,
3168 5158 3499 5230 ἀποροῦντες
3531 5152 3719 5209 ὕδατοςι

2165 5240 2233 5295 δι’
2261 5241 2467 5313 ἐτέρων
2496 5243 2713 5317 τρόπων
2745 5247 3142 5319 ἀπαλείφομεν·
3175 5248 3348 5314 οὕτως
3377 5247 3482 5303 είσὶ
3512 5243 3600 5299 καὶ
3632 5240 3722 5309 ψυ-

2165 5333 2260 5403 χαὶ
2303 5332 2606 5404 ἀποροῦσαι
2643 5335 2915 5408 δακρύων,
2947 5339 3042 5393 καὶ
3069 5338 3159 5394 διὰ
3191 5340 3391 5412 λύπης,
3431 5338 3521 5393 καὶ
3550 5343 3718 5386 στεναο

2166 5425 2333 5496 γμοῦ,
2361 5426 2456 5479 καὶ
2486 5425 2942 5502 σκυθρωπότητπ
2966 5430 3169 5503 πολλῆς
3192 5431 3364 5487 ταῦτα
3390 5425 3717 5484 ὲκλεαίνουσιι

2165 5518 2260 5572 καὶ
2292 5519 2524 5586 ἀποξέου
2534 5537 2636 5575 σιν.

2239 5612 2341 5665 Ὂσ
2346 5629 2451 5685 περ
2476 5612 2681 5684 πλῆθος
2705 5615 2911 5686 κόπρου
2943 5616 3149 5688 πλῆθος
3183 5619 3476 5689 σκωλήκων
3504 5602 3710 5680 ὲρῖἀξε⁶

2166 5718 2277 5757 ται·
2337 5701 2511 5767 οὕτως
2553 5702 2755 5775 πλῆθος
2802 5705 3107 5780 βρωμάτων
3160 5710 3362 5781 πλῆθος
3410 5699 3708 5770 πτωμάτωνι

2167 5789 2258 5845 καὶ
2291 5789 2542 5863 πονηρῶν
2567 5790 2863 5866 λογισμῶν,
2896 5797 2987 5851 καὶ
3016 5797 3286 5855 ἐνυπνίων
3326 5791 3613 5868 ἐργάζεται.
