4030 6422
397 401 530 468 1039

1345 392 1576 455 SCALA
1612 385 1994 449 PARADISI.
2026 408 2093 418 -’··
2118 384 2428 444 GRADUS
2455 382 2661 444 XXVI.

3511 376 3654 439 1090

391 514 606 582 Ὠσπερ
653 508 682 562 ό
723 507 849 571 τούς
876 506 1042 569 πόδας
1085 502 1335 575 πεδηθεὶς
1369 500 1604 574 βαδίζειν
1635 497 1874 569 εὐχερῶς
1908 495 1969 549 οὐ

2147 494 2615 560 Quemadmodum
2651 489 2995 560 compeditus
3021 502 3163 558 a'grc
3193 486 3414 551 inredit,
3448 486 3519 542 ita
3559 506 3652 556 qui

386 603 637 657 δύναται*
668 598 843 660 οὕτως
888 596 985 650 καὶ
1034 597 1083 649 οἱ
1130 593 1551 666 θησαυρίζοντες
1584 590 1863 661 χρήματα,
1895 588 1975 648 είς

386 691 620 763 οὐρανὸν
644 688 890 744 ἀνελθεῖν
912 689 1012 742 οὑκ
1039 686 1336 758 ἰσχύουσιν.

464 785 564 837 ’Ὤο
581 799 679 854 τερ
710 781 941 854 ζεούσης
971 781 1072 852 τῆς
1108 779 1321 851 πληγῆς
1361 776 1573 838 εὐΐατος
1612 771 1966 840 καθέστηκεν·

388 872 566 938 οῦτως
607 874 677 928 τὰ
725 873 918 944 χρόνια
956 871 1248 943 τραύματα
1298 870 1396 941 τῆς
1435 866 1614 937 ψυχῆς
1665 863 1974 919 τούναντίον

389 968 688 1038 πάσχουσι,
738 967 834 1020 καὶ
883 965 1159 1028 δυσκόλως
1209 963 1394 1017 ἰῶνται
1442 961 1532 1014 ὅτε
1569 957 1663 1013 καὶ
1723 956 1976 1027 ἱαθήσον-

388 1075 509 1113 ται.

478 1151 564 1213 Ὠς
598 1148 660 1202 οὐ
690 1147 914 1203 δυνατὸν
945 1147 1037 1201 τὸν
1065 1144 1478 1216 ἀποθνήσκοντα
1512 1140 1768 1212 βαδίζειν,
1801 1137 1976 1201 οὑτως

391 1239 657 1294 ἀδύνατον
687 1238 1001 1307 ἀπογνόντα
1032 1236 1298 1306 σωθῆναι.

478 1332 539 1384 '0
562 1331 746 1385 πίστιν
779 1330 879 1402 μὲν
913 1329 1086 1401 ὀρθὴν
1121 1326 1419 1398 κεκτῆσθαι
1458 1325 1629 1394 λέγων
1667 1324 1764 1394 (9),
1792 1325 1975 1394 ἁμαρ-

390 1423 514 1487 τίας
538 1424 595 1477 δὲ
613 1424 1099 1496 διαπραττόμενος,
1123 1421 1308 1493 ὅμοιός
1341 1422 1458 1473 ἐστι
1482 1415 1757 1490 προσώπῳ
1780 1415 1978 1485 ὀφθαλ-

398 1516 537 1586 μοὺς
566 1515 641 1586 μὴ
675 1514 876 1586 ἔχοντι.

482 1605 541 1659 ⁸0
571 1605 755 1660 πίστιν
786 1607 861 1675 μὴ
886 1604 1046 1676 ἔχων,
1078 1602 1219 1658 καλὰ
1261 1602 1319 1656 δὲ
1348 1603 1479 1664 ἴσως
1511 1600 1637 1655 τινὰ
1676 1600 1978 1671 ἐργαζόμε-

398 1713 585 1765 μενος,
611 1696 797 1766 ὅμοιός
823 1697 940 1749 ἐστι
963 1695 1042 1767 τῷ
1076 1694 1220 1766 ὕδωρ
1246 1693 1549 1758 ἀντλοῦντι,
1581 1693 1673 1747 καὶ
1710 1694 1792 1755 είς
1822 1690 1978 1745 πίθον

391 1788 732 1859 τετρημένον
757 1787 1022 1858 βάλλοντι.

2076 582 2429 656 pecuniarum
2459 587 2743 641 thesauros
2757 582 3039 653 colligunt,
3059 581 3254 637 malum
3287 582 3656 636 conscendere

2076 694 2182 732 non
2220 688 2470 748 possunt.

2149 770 2301 826 Sicut
2358 786 2547 825 recens
2601 770 2757 843 plaga
2815 769 2977 825 facile
3033 778 3301 831 curatur,
3350 765 3423 818 ita
3465 773 3653 818 contra

2077 860 2389 915 inveteratae
2450 861 2648 916 anima:
2696 861 2921 917 vulnera
2970 874 3112 931 aegre
3169 866 3457 918 sanantur,
3491 867 3657 911 etiam

2075 953 2294 1026 quando
2317 963 2600 1007 sanantur.

2149 1130 2302 1185 Sicut
2334 1128 2428 1200 qui
2486 1137 2737 1186 mortuus
2786 1138 2892 1194 est,
2946 1128 3227 1184 ambulare
3281 1126 3433 1182 nullo
3493 1125 3656 1180 modo

2078 1229 2277 1292 potest,
2308 1220 2380 1274 ita
2411 1220 2505 1290 qui
2535 1220 2809 1290 desperat,
2840 1233 2949 1274 nou
2982 1227 3162 1288 potest
3193 1217 3376 1273 salvus
3417 1215 3555 1270 fieri.

2151 1307 2252 1374 Qui
2293 1307 2581 1378 profitetur
2605 1321 2664 1361 se
2693 1305 2852 1360 fidem
2884 1314 3086 1360 rectam
3117 1299 3335 1366 habere,
3357 1313 3412 1358 et
3440 1303 3656 1357 interim

2076 1415 2305 1470 peccare
2333 1415 2441 1453 non
2471 1398 2694 1464 desinit,
2731 1397 2930 1453 similis
2953 1404 3037 1452 est
3063 1396 3151 1450 illl'
3169 1395 3336 1450 vultui
3367 1395 3461 1465 qui
3485 1396 3659 1449 oculis

2077 1499 2249 1545 caret.

2152 1582 2258 1649 Qui
2290 1598 2396 1636 non
2428 1581 2620 1648 credit,
2646 1590 2701 1637 et
2741 1590 2920 1636 tamen
2951 1578 3199 1651 quaedam
3246 1578 3479 1633 fortasse
3514 1577 3659 1631 bona

2078 1690 2238 1745 opera
2272 1673 2424 1738 facit,
2465 1674 2663 1730 similis
2693 1682 2777 1742 est
2804 1674 2879 1727 illi
2912 1672 3005 1743 qui
3045 1686 3243 1741 aquam
3279 1670 3482 1735 haurit,
3518 1677 3572 1723 et
3607 1669 3659 1721 in

2080 1767 2287 1833 dolium
2334 1776 2616 1837 pertusum
2654 1765 2911 1820 infundit.

473 1843 684 1952 ’ἧσπερ
714 1843 918 1943 πλοῖον,
965 1875 1169 1946 ἀγαθὸν
1198 1874 1538 1946 κυϐερνήτην
1581 1872 1719 1945 ἔχων
1756 1872 1975 1927 ἀκινδύο

2161 1858 2640 1925 Quemadmodum
2668 1857 2826 1912 navis
2867 1872 2990 1928 quae
3025 1856 3230 1911 bonum
3275 1854 3433 1908 habet
3467 1868 3663 1909 navar-

397 1984 511 2032 νως
553 1970 632 2032 είς
658 1968 872 2041 λιμένα,
902 1968 1037 2022 Θεοῦ
1070 1967 1484 2040 συνεργοῦντος,
1524 1966 1847 2036 εἰσέρχεταιο
1883 1964 1980 2018 οῦ-

396 2077 513 2125 τως
552 2061 646 2113 καὶ
681 2059 830 2133 ψυχὴ
875 2061 1078 2129 ἀγαθὸν
1112 2059 1349 2129 ποιμένα
1393 2057 1593 2128 ἔχουσα
1633 2055 1875 2127 εὐχερῶς
1900 2057 1981 2119 είς

397 2149 633 2223 οὐρανὸν
672 2151 982 2222 ἀνέρχεται,
1030 2150 1125 2203 καί⁵
1165 2149 1338 2204 πολλὰ
1382 2148 1528 2203 κακᾶ
1565 2146 1981 2217 διαπραξαμένη

399 2242 772 2314 καθέστηκεν.

479 2332 689 2405 Ὠσπερ
722 2332 799 2403 μὴ
830 2331 970 2402 ἔχων
998 2332 1192 2404 ὁδηγὸν
1228 2331 1338 2402 (10)
1388 2331 1627 2404 εὐχερῶς
1668 2332 1728 2384 ἐν
1772 2333 1838 2402 τῇ
1879 2328 1985 2399 όδῷ

400 2426 700 2489 πλανᾶται,
734 2424 835 2478 κᾶν
859 2423 980 2478 λίαν
1002 2424 1267 2496 φρόνιμος
1289 2424 1648 2495 καθέστηκεν·
1681 2423 1854 2488 οὑτως
1889 2423 1985 2477 καὶ

401 2515 434 2569 ὁ
462 2514 826 2581 αὐτεξουσίως
858 2512 956 2584 τὴν
989 2512 1283 2585 μοναδικὴν
1322 2512 1444 2567 όδδν
1472 2513 1859 2583 πορευόμενος,
1892 2511 1985 2564 εὐ-

402 2607 586 2679 χερῶς
607 2606 928 2671 ἀπόλλυται,
963 2604 1065 2659 κᾶν
1090 2607 1272 2658 πᾶσαν
1299 2603 1401 2675 τὴν
1424 2600 1615 2673 σοφίαν
1651 2602 1747 2657 τοῦ
1780 2603 1985 2673 κόσμου

404 2699 724 2754 ἐπίσταται.

492 2789 727 2842 Ὀπόταν
787 2804 870 2852 τις
918 2786 981 2840 τὸ
1028 2785 1188 2856 σῶμα
1244 2782 1479 2857 ἀσθενὴς
1527 2781 1584 2859 ᾖ,
1643 2786 1737 2840 καὶ
1776 2785 1990 2857 χαλεπὰ

408 2879 731 2956 πταίσματα
759 2877 1082 2950 πεπραχὼς,
1126 2878 1225 2951 τὴν
1267 2877 1386 2932 ὁδὸν
1443 2878 1541 2947 τῆς
1580 2878 1986 2946 ταπεινώσεως,

406 2970 504 3025 καὶ
530 2969 638 3023 τῶν
661 2970 834 3041 αὐτῆς
871 2969 1177 3041 ἰδιωμάτων
1199 2969 1449 3024 ὁδευέτω·
1476 2970 1645 3042 ἄλλην
1673 2971 1781 3043 γάρ
1814 2988 1992 3042 σωτη-

409 3061 535 3135 ρίαν
554 3061 656 3134 οὐχ
676 3062 918 3135 εὑρήσει.

2082 1950 2246 2007 chum
2313 1965 2411 2005 seu
2485 1949 2948 2021 gubernatorem,
3014 1946 3126 2001 Deo
3185 1946 3476 2017 adjuvante
3545 1944 3666 2000 sine

2083 2040 2324 2110 periculo
2356 2039 2409 2093 in
2432 2049 2648 2109 portum
2681 2038 2923 2094 defertur
2949 2055 2963 2091 :
3001 2037 3075 2091 ita
3104 2036 3284 2090 anima
3314 2050 3436 2105 qua;
3459 2035 3662 2089 bonum

2083 2130 2246 2185 habet
2274 2140 2567 2201 pastorem,
2601 2129 2757 2185 facile
2789 2129 2991 2184 caelum
3044 2127 3383 2190 conscendit,
3412 2129 3670 2196 quamvis

2083 2231 2241 2277 antea
2276 2221 2420 2276 mala
2452 2224 2622 2276 multa
2648 2220 3062 2292 perpetraverit.

2157 2313 2311 2369 Sicut
2351 2313 2445 2384 qui
2497 2314 2637 2369 duce
2687 2321 2836 2368 caret
2866 2313 3001 2378 vite,
3038 2311 3196 2368 facile
3232 2320 3447 2367 exerrat
3490 2326 3521 2364 a
3555 2310 3665 2376 via,

2085 2405 2438 2476 quantumvis
2490 2404 2693 2474 alioqui
2727 2405 2968 2474 prudens
3007 2403 3118 2458 sit:
3154 2405 3229 2457 ita
3265 2402 3358 2472 qui
3389 2415 3492 2465 suo
3512 2400 3664 2455 arbi-

2086 2504 2229 2549 tratu
2261 2493 2315 2547 in
2348 2492 2656 2551 monastico
2678 2503 2820 2548 statu
2853 2492 2987 2547 vivit
3015 2502 3070 2547 et
3107 2492 3474 2562 progreditur,
3510 2487 3671 2544 facile

2088 2586 2247 2656 perit,
2302 2582 2517 2640 etiamsi
2545 2598 2762 2639 omnem
2796 2582 3081 2654 profanam
3110 2581 3296 2637 saeculi
3340 2580 3666 2651 sapientiam

2088 2677 2407 2748 percalleat.

2160 2767 2265 2834 Qui
2291 2783 2522 2838 corpore
2551 2767 2715 2839 397
2759 2765 2978 2821 inﬁrmo
3015 2776 3131 2832 est,
3175 2765 3424 2836 quamvis
3461 2764 3670 2821 atrocia
3744 2762 3757 2773 '

2091 2862 2300 2915 scelera
2344 2860 2496 2931 prius
2540 2859 2902 2926 commiserit,
2939 2859 3155 2914 incedat
3189 2873 3283 2927 per
3314 2859 3455 2911 viam
3487 2855 3674 2911 humi-

2091 2952 2282 3018 litatis,
2327 2961 2381 3007 et
2438 2951 2560 3022 ejus
2591 2951 2812 3008 virtutis
2853 2964 3106 3006 naturam
3149 2950 3341 3004 induat
3374 2950 3450 3018 (et
3492 2948 3672 3003 salvus

2095 3044 2245 3111 erit),
2276 3043 2440 3097 aliam
2472 3042 2618 3097 enim
2642 3043 2836 3098 salutis
2872 3043 3009 3096 viam
3032 3041 3237 3096 nullam
3271 3039 3529 3095 inveniet.

489 3153 579 3215 Ὠς
602 3129 704 3205 οὐκ
869 3150 960 3205 τὸν
986 3151 1206 3223 μακρὰν
1229 3151 1560 3219 νενοσηκότα
1593 3152 1766 3214 νόσον,
1800 3154 1859 3205 ὲν
1891 3153 1990 3225 μιᾷ

2164 3130 2635 3198 Quemadmodum
2690 3131 2805 3186 ﬁeri
2868 3146 2975 3186 non
3005 3140 3204 3201 potest,
3239 3140 3300 3184 ut
3336 3129 3429 3200 qui
3461 3130 3676 3183 diutur-

408 3243 549 3315 ῥοπῇ
593 3240 693 3312 τὴν
728 3241 918 3309 ὑγείαν
961 3239 1287 3312 κτήσασθαι·
1320 3238 1493 3303 οὕτως
1533 3241 1633 3293 οὐκ
1665 3240 1813 3295 ἐστιν
1840 3241 1988 3308 ἐξαί-

406 3348 550 3409 φνης
575 3329 764 3386 παθῶν
784 3331 819 3399 ἢ
844 3330 1049 3396 πάθους
1083 3327 1492 3402 περιγενέσθαι.

416 3570 427 3585 _
480 3507 693 3573 Παντὸς
713 3506 941 3573 πάθους,
968 3508 1063 3564 καὶ
1085 3509 1265 3580 πάσης
1294 3510 1497 3583 ἀρετῆς
1521 3510 1611 3581 ἔχε
1642 3513 1867 3582 σημεῖον
1891 3511 1992 3582 τῆς

406 3601 710 3673 ποσότητος
763 3600 952 3667 αὐτοῦ,
993 3602 1088 3655 καὶ
1133 3601 1364 3672 γνώσεις
1407 3602 1508 3674 τὴν
1545 3602 1741 3656 ἑαυτοῦ
1787 3619 1991 3674 προκο-

405 3693 544 3765 may.

483 3785 700 3855 Ὠσπερ
727 3784 777 3837 οἱ
808 3783 1018 3856 χρυσίῳ
1048 3784 1219 3854 πηλὸν
1244 3782 1702 3851 καταλλάττοντες
1732 3781 1995 3853 ζημιοῦν-

406 3892 523 3932 ται⁸
553 3876 729 3943 οὕτως
769 3877 865 3930 καὶ
889 3877 937 3930 οί
968 3875 1079 3932 τῶν
1109 3875 1441 3948 σωματικῶν
1467 3876 1630 3948 χάριν
1657 3877 1724 3930 τὰ
1751 3893 1994 3947 πνευμα-

407 3968 542 4023 τικὰ
575 3968 1001 4040 θριαμϐεύοντες
1027 3969 1123 4023 καὶ
1147 3968 1510 4040 διηγούμενοι.
1698 3965 1706 3971 ’

470 4046 717 4128 δ”Δφεσιν
750 4057 849 4129 μὲν
874 4058 1155 4129 συντόμως
1194 4057 1396 4120 πολλοὶ,
1433 4058 1701 4111 ἀπάθειαν
1734 4058 1791 4111 δὲ
1819 4057 1995 4121 οὐδεὶς

413 4148 701 4219 ἐκτήσατο·
729 4149 889 4203 τοῦτο
910 4148 1021 4220 γὰρ
1049 4149 1263 4222 χρόνου,
1291 4149 1389 4202 καὶ
1414 4149 1581 4204 πόθου
1616 4147 1829 4221 [πόνου]
1874 4148 1998 4202 πολ-

411 4235 532 4306 λοῦ,
554 4239 646 4294 καὶ
675 4237 835 4294 θεοῦ.

2098 3239 2167 3278 uo
2195 3224 2388 3278 morbo
2420 3224 2710 3287 laboravit,
2746 3232 2967 3293 repente
2990 3222 3379 3277 convalescat:
3425 3222 3494 3275 ita
3555 3221 3674 3276 tieri

2099 3328 2207 3368 non
2242 3322 2421 3384 potest
2455 3323 2513 3369 ut
2544 3315 2724 3370 subito
2747 3315 2980 3370 vitiosos
3009 3312 3234 3368 affectus
3273 3328 3370 3368 seu
3424 3311 3675 3366 allectum

2098 3420 2264 3460 exuas
2295 3415 2349 3460 et
2387 3406 2597 3460 vincas.

2168 3497 2359 3552 Omnis
2422 3495 2552 3573 vitii
2576 3503 2632 3551 et
2655 3494 2836 3550 omnis
2865 3494 3083 3549 virtutis
3113 3504 3352 3565 quantus
3390 3494 3461 3549 sit
3485 3492 3681 3550 modus

2098 3591 2350 3656 observa,
2380 3597 2435 3646 et
2467 3590 2770 3660 profectum
2804 3590 2930 3646 inde
2964 3599 3117 3646 tuum
3151 3604 3471 3662 cognosces.

2174 3773 2347 3830 Sicuti
2380 3773 2472 3844 qui
2501 3788 2697 3827 aurum
2727 3773 2842 3827 luto
2894 3781 3258 3840 commutant,
3294 3772 3677 3831 detrimentum

2101 3864 2228 3920 inde
2260 3864 2517 3933 capiunt;
2565 3864 2636 3917 ita
2672 3862 2764 3931 qui
2811 3863 3117 3931 corporalia
3148 3871 3394 3926 narrant,
3430 3871 3484 3917 et
3513 3862 3679 3917 veluti

2101 3957 2156 4010 in
2193 3937 2471 4023 triumpho
2501 3952 2805 4022 spiritualia
2863 3960 3159 4007 ostentant.

2173 4046 2322 4101 Multi
2352 4044 2567 4115 quidem
2606 4052 2954 4113 peccatorum
2984 4044 3198 4097 veniam
3241 4051 3519 4097 momento
3575 4042 3681 4095 im-

2101 4146 2405 4209 petrarunt,
2461 4134 2556 4191 sed
2609 4148 2773 4188 nemo
2826 4143 3048 4204 repente
3070 4133 3136 4188 ad
3192 4147 3462 4189 summam
3509 4133 3678 4185 animi

2102 4231 2549 4302 tranquillitatem
2577 4224 2840 4298 aspiravit
2864 4241 2878 4278 :
2906 4226 3011 4281 hoc
3034 4224 3180 4282 enim
3205 4235 3257 4281 et
3279 4235 3497 4295 tempus
3518 4238 3678 4276 suum

2102 4334 2156 4381 et
2182 4323 2511 4380 desiderium
2544 4321 2566 4393 [
2598 4321 2840 4375 laborem
2874 4315 2974 4390 ]et
3001 4317 3096 4373 Dei
3136 4333 3293 4389 opem
3344 4317 3678 4388 singularem

2102 4416 2398 4474 desiderat.
2498 4416 2504 4423 ’

484 4506 822 4578 Ζητήσωμεν
864 4508 994 4561 ποῖα
1043 4507 1141 4576 μὲν
1189 4507 1248 4562 ὲν
1292 4506 1370 4577 τῷ
1414 4506 1621 4578 σπόρῳ,
1668 4510 1794 4560 ποῖα
1829 4506 1886 4561 δὲ
1929 4511 1990 4580 τῇ

2174 4507 2540 4563 Observemus
2594 4502 2883 4573 diligenter
2947 4515 3068 4571 quae
3115 4498 3246 4556 ferae
3268 4507 3323 4556 et
3351 4514 3478 4555 aves
3510 4500 3565 4554 in
3592 4514 3684 4554 se-

413 4597 568 4672 χλόῃ,
592 4600 723 4651 ποῖα
751 4598 809 4651 δὲ
845 4600 904 4652 ὲν
935 4597 1013 4668 τῷ
1051 4599 1247 4671 ἀμήτῳ
1290 4601 1423 4668 ἡμῖν
1474 4598 1640 4671 θηρία
1689 4598 1727 4670 ἦ
1778 4599 2000 4654 πετεινὰ

413 4689 878 4758 ἐπιϐουλεύουσιν,
902 4690 990 4744 ῐνα
1011 4690 1105 4743 καὶ
1136 4692 1205 4743 τὰ
1230 4691 1478 4762 θήρατρα
1512 4689 1825 4761 ἁρμόζοντα
1864 4692 1998 4762 στή-

417 4798 623 4851 σωμεν.

488 4873 701 4943 Ὠσπερ
732 4870 795 4924 οὑ
826 4870 1033 4925 δίκαιον
1066 4870 1156 4925 τὸν
1189 4869 1523 4940 πυρέττοντα
1561 4871 1756 4926 ἑαυτὸν
1794 4872 2001 4945 διαχει-

415 4961 695 5033 ρίσασθαι⁸
724 4960 898 5026 οὕτως
930 4961 1035 5026 ἕως
1066 4961 1304 5033 ἐσχάτης
1337 4961 1614 5034 ἀναπνοῆς
1644 4961 1719 5035 μὴ
1749 4963 2002 5034 ἀπογνῶ-

412 5053 504 5108 ναί
536 5071 689 5107 ποτε.

488 5232 703 5300 Ὠσπερ
737 5231 974 5302 ἄσεμνον
1000 5231 1111 5291 τὸν,
1132 5231 1226 5285 τὸν
1260 5231 1453 5285 ἑαυτοῦ
1486 5233 1697 5305 πατέρα
1731 5233 2000 5303 θάψαντα,

413 5316 537 5377 εττα
557 5323 621 5375 ἐκ
639 5322 741 5393 τῆς
761 5322 984 5393 κηδείας
1004 5323 1445 5394 ὑποστρέψαντα,
1469 5325 1547 5388 εἰς
1575 5325 1751 5394 γάμον
1772 5324 2003 5396 πορεύε-

414 5414 564 5468 σθαι·
592 5413 766 5478 οὕτως
792 5415 1060 5468 ἀνοίκειον
1091 5416 1204 5477 τοῖς
1233 5416 1520 5468 πενθοῦσιν
1545 5416 1637 5468 ἐπὶ
1673 5416 1999 5486 πταίσμασι,

411 5503 585 5574 τιμὴν
618 5504 652 5575 ἢ
688 5504 996 5558 ἀνάπαυσιν
1022 5502 1055 5574 ἢ
1082 5503 1238 5571 δόξαν
1268 5505 1325 5556 ὲν
1362 5504 1440 5574 τῷ
1468 5503 1696 5575 παρόντι
1729 5505 1884 5559 αἰῶνι
1912 5507 2004 5559 ὲκσ

412 5596 651 5667 ζητῆσαι
675 5596 826 5667 παρὰ
852 5595 949 5649 ἀνθ
956 5595 1177 5666 ρώπων.
1880 5650 1891 5657 ,

490 5688 705 5758 ’Ὠσπερ
751 5687 887 5741 ἄλλα
929 5687 997 5741 τὰ
1034 5686 1142 5741 τῶν
1174 5686 1427 5752 πολιτῶν,
1472 5686 1565 5739 καὶ
1601 5685 1764 5758 ’ἐτερα
1790 5687 1858 5743 τὰ
1893 5686 2002 5763 τῷν

413 5778 726 5832 καταδίκων
755 5779 1067 5850 οίκητήρια’
1099 5778 1272 5842 οὕτως
1314 5779 1491 5849 πάντῃ
1529 5777 1735 5847 ὀφείλει
1772 5779 2002 5850 ἐνηλλα-

2101 4606 2304 4662 mente,
2337 4612 2459 4666 qua:
2499 4595 2551 4649 in
2584 4593 2773 4656 herba,
2802 4608 2926 4662 quae
2948 4592 3183 4662 denique
3210 4592 3265 4645 in
3293 4607 3472 4647 messe
3526 4588 3683 4647 nubis

2102 4689 2454 4755 insidientur,
2518 4695 2579 4741 ut
2629 4685 2872 4739 vicissim
2928 4683 3037 4741 illis
3081 4683 3405 4739 insidiarum
3460 4683 3686 4754 laqueos

2101 4790 2156 4836 et
2186 4780 2408 4850 pedicas
2449 4790 2735 4848 ponamus.
3574 4825 3583 4835 ,

2178 4870 2333 4926 Sicut
2388 4869 2617 4940 impium
2673 4876 2758 4923 est
2810 4875 2866 4922 et
2915 4866 3189 4937 iniquum,
3214 4875 3276 4923 ut
3303 4865 3554 4922 febrienti
3581 4865 3685 4922 sibi

2104 4960 2230 5030 quis
2260 4961 2378 5030 ipse
2402 4959 2669 5013 violentas
2706 4972 2904 5013 manus
2951 4955 3153 5012 inferat
3195 4966 3251 5012 et
3305 4956 3554 5023 occidat;
3612 4956 3685 5011 itu

2105 5050 2238 5104 nulli
2267 5050 2333 5104 ad
2368 5058 2672 5103 extremum
2702 5062 2878 5116 usque
2909 5046 3165 5117 spiritum
3191 5061 3434 5118 unquam
3480 5054 3564 5102 est
3593 5046 3690 5101 de-

2105 5141 2455 5214 sperandum.

2175 5237 2328 5291 Sicut
2355 5246 2513 5304 turpe
2538 5240 2624 5290 est
2655 5249 2780 5289 eum
2811 5231 2904 5305 qui
2934 5232 3099 5288 modo
3131 5231 3302 5303 patris
3336 5229 3501 5287 funus
3527 5246 3686 5287 cura-

2104 5329 2201 5395 vit,
2235 5345 2266 5385 a
2301 5330 2493 5385 funere
2548 5344 2676 5384 mox
2721 5328 2790 5383 ad
2836 5327 3057 5398 nuptias
3085 5325 3399 5397 proﬁcisci:
3432 5325 3506 5379 ita
3532 5325 3691 5394 plane

2105 5437 2216 5477 non
2250 5423 2426 5487 decet,
2458 5430 2520 5476 ut
2543 5420 2636 5490 qui
2670 5430 2891 5491 peccata
2913 5435 3011 5475 sua
3035 5417 3281 5488 deplorat
3296 5424 3352 5473 et
3403 5417 3574 5485 luget,
3623 5415 3692 5467 ah

2107 5512 2429 5567 hominibus
2480 5513 2738 5578 honores,
2788 5510 3176 5575 relaxationes,
3227 5507 3431 5578 glorias
3464 5506 3519 5560 iu
3550 5520 3692 5576 prte-

2106 5603 2246 5658 senti
2278 5602 2389 5657 vita
2411 5611 2641 5672 quaerat.

2176 5693 2651 5759 Quemadmodum
2688 5690 2794 5746 alia
2824 5689 3048 5755 civium,
3070 5687 3179 5743 alia
3209 5700 3431 5742 reorum
3458 5693 3513 5740 et
3539 5683 3691 5741 damo

2106 5790 2365 5837 natorum
2414 5789 2538 5838 sunt
2594 5778 2896 5845 domicilia,
2949 5776 3021 5832 ita
3080 5775 3306 5834 omnino
3363 5782 3597 5845 oportet,
3634 5783 3693 5826 ut
