4030 6470
508 412 639 479 1091

1770 414 1829 473 s.
1858 413 2183 475 JOANNIS
2198 398 2512 473 CLIMACI

3624 423 3744 492 1092

502 524 645 578 alius
699 522 774 578 sit
805 523 928 578 vita
971 532 1149 579 status
1181 537 1369 577 eorum
1395 522 1487 592 qui
1514 537 1643 578 suas
1675 522 1860 594 culpas
1887 524 2093 593 lugent,

2205 523 2377 595 γμένη
2423 517 2565 575 εἶναι
2604 523 2638 592 ὴ
2683 522 2791 575 τῶν
2825 522 3163 579 πενθούντων
3195 524 3420 592 εὐθύνας
3460 530 3606 599 παρά
3636 534 3745 600 τοὺς

502 626 558 669 ct
610 631 806 669 eorum
865 614 960 687 qui
1012 616 1355 670 innocentem
1421 630 1636 686 semper
1669 614 1834 669 vitam
1910 623 2096 671 trans-

505 716 760 776 egerunt.

576 796 1047 863 Quemadmodum
1073 797 1240 869 398
1274 798 1572 868 imperator
1603 798 1851 863 militem,
1885 799 1979 869 qui
2015 797 2099 853 in-

505 889 687 959 gentia
753 887 807 942 in
857 887 1008 942 vultu
1067 890 1293 944 vulnera
1349 889 1579 959 accepit,
1626 904 1732 943 non
1759 893 1827 945 ob
1861 890 1911 944 id
1943 890 2101 959 jubet

507 997 658 1036 arma
687 996 907 1050 ponere,
936 988 991 1035 et
1016 996 1075 1036 se
1105 981 1297 1036 militia
1333 981 1609 1045 abdicare,
1646 981 1740 1035 sed
1767 980 1951 1051 potius
1999 996 2098 1035 au-

508 1074 729 1129 dentius
794 1073 1048 1143 progredi
1099 1071 1120 1145 [
1150 1073 1323 1144 magis
1384 1074 1647 1143 prolicere
1676 1070 1773 1144 ]ct
1805 1073 1856 1126 in
1889 1074 2098 1127 hostem

508 1164 622 1231 ire;
686 1164 762 1217 ita
807 1163 1122 1233 religiosum
1173 1165 1353 1218 virum
1389 1164 1629 1220 cmlestis
1660 1164 1956 1233 imperator
1979 1174 2102 1236 post

508 1254 681 1309 multa
731 1269 856 1318 cum
902 1254 1247 1310 daemonibus
1296 1256 1537 1326 pericula
1585 1256 1862 1311 exantlata
1933 1258 2100 1313 ctiam

507 1353 756 1401 coronat.

581 1437 791 1494 Sensus
833 1445 918 1493 est
974 1440 1171 1494 anima:
1230 1440 1511 1511 prOprius,
1543 1449 1823 1509 peccatmn
1856 1455 1984 1495 vero
2021 1449 2105 1495 est

510 1542 708 1583 sensus
739 1542 1119 1597 repercussus,
1165 1543 1261 1584 seu
1297 1530 1563 1598 colaplms
1600 1530 1889 1598 impactus.

585 1617 794 1674 Sensus
848 1620 1198 1674 conscientiae
1225 1622 1367 1690 parit
1389 1630 1482 1675 aut
1513 1620 1749 1689 quietem
1778 1628 1873 1674 aut
1908 1621 2105 1675 minuit
2166 1634 2173 1639 ’

516 1714 532 1773 (
565 1708 845 1764 stimulum
875 1711 1146 1781 peccati).
1174 1711 1490 1766 Consensus
1521 1722 1703 1764 autem
1728 1727 1791 1766 ex
1849 1728 2105 1767 conscen-

2201 612 2530 675 ἀνευθύνους
2567 614 2920 679 κατάστασις.

2269 790 2484 862 Ὠσπερ
2512 790 2607 844 τὸν
2640 792 2721 855 είς
2750 792 3044 865 πρόσωπον
3075 794 3277 849 ἑαυτοῦ
3308 796 3539 853 λαϐόντα
3563 801 3755 874 πληγὰς

2199 882 2444 955 χαλεπὰς
2476 886 2819 955 στρατιώτην
2855 888 2913 940 ἐν
2934 886 3014 957 τῷ
3037 887 3278 960 πολέμῳ,
3302 891 3362 943 οὐ
3386 891 3588 946 κελεύει
3617 894 3757 965 βασις

2200 975 2327 1041 λεὺς
2353 977 2453 1050 τῆς
2486 980 2778 1049 στρατείας
2799 980 3108 1050 ῥίπτεσθαι,
3137 981 3272 1035 ἀλλά
3297 982 3392 1036 καὶ
3418 983 3612 1054 μᾶλλον
3637 1004 3755 1058 προ-

2201 1066 2447 1120 κόπτειν·
2492 1066 2667 1132 οὖτως
2701 1068 2795 1122 καὶ
2826 1070 3063 1141 μοναχὸν
3116 1071 3348 1134 πολλοὺς
3397 1074 3662 1138 κινδύνους
3702 1078 3756 1132 ὲκ

2200 1158 2474 1229 δαιμόνων
2506 1160 2847 1231 ὑπομένοντα
2884 1164 2914 1215 ὁ
2946 1162 3268 1234 ἐπουράνιος
3302 1162 3552 1233 βασιλεὺς
3579 1182 3754 1237 στεφα-

2200 1254 2287 1305 νοῖ
2312 1251 2449 1324 (Η).

2274 1432 2537 1501 Αἴσθησις
2573 1432 2753 1505 ψυχῆς
2788 1434 3001 1508 -ἰδίωμα
3040 1436 3214 1507 αὐτῆς
3262 1437 3399 1507 (12)·
3436 1439 3668 1512 ἁμαρτία
3707 1440 3755 1499 δι

2202 1524 2510 1593 αἰσθήσεως
2542 1525 2899 1597 κολαςρισμός.

2276 1616 2540 1686 Αἴσθησις
2572 1619 2741 1689 γεννᾷ
2769 1618 2943 1673 κακοῦ
2988 1617 3022 1690 ἢ
3054 1621 3426 1685 κατάπαυσιν,
3473 1622 3504 1693 ἢ
3542 1624 3753 1693 μείωσιν·

2207 1709 2559 1780 συναίσθησις
2596 1711 2654 1764 δὲ
2691 1711 2938 1784 γέννημα
2978 1715 3360 1784 συνειδήσεως.
3401 1715 3757 1786 Συνείδησιςδὲ

514 1803 588 1856 tia
623 1803 889 1858 nascitur.
913 1801 1263 1858 Conscientia
1296 1812 1477 1858 autem
1526 1813 1609 1857 cst
1631 1806 1876 1859 custodis
1930 1804 2102 1860 nostri

2208 1803 2324 1855 ἐστι
2350 1800 2509 1870 λόγος
2542 1802 2632 1855 καὶ
2658 1802 2879 1873 ἐλεγχος
2904 1804 2998 1858 τοῦ
3025 1806 3299 1876 ἡμετέρου
3337 1806 3570 1875 φύλακος
3599 1806 3683 1860 τοῦ
3706 1810 3759 1862 ὲκ

516 1894 675 1949 nobis
737 1895 790 1948 in
844 1895 1117 1962 baptismo
1148 1909 1180 1949 a
1204 1892 1315 1949 Deo
1339 1895 1603 1966 assignati
1631 1905 1681 1951 et
1732 1896 1845 1951 dati
1892 1897 2105 1966 objecta

511 1983 655 2038 ratio
703 1995 757 2038 et
805 1984 1181 2053 reprehensio.
1226 1981 1380 2039 Unde
1411 1986 1468 2038 tit
1493 1996 1550 2038 ut
1579 1986 1852 2056 baptismo
1877 2002 1985 2041 non
2017 1987 2102 2041 lu-

513 2074 670 2129 strati
725 2089 837 2129 non
895 2082 1099 2141 tantos,
1137 2076 1234 2130 sed
1289 2076 1459 2129 multo
1484 2078 1724 2130 minores
1757 2076 2106 2132 conscientia!

513 2166 768 2222 stimulos
794 2182 859 2221 ex
902 2167 1060 2222 malis
1118 2167 1443 2238 perpetratis
1496 2167 1552 2222 in
1602 2168 1786 2223 anima
1842 2170 2104 2235 sentiant,

510 2274 676 2328 quam
711 2258 994 2326 ltaptizati.

582 2345 884 2401 Diminutio
907 2346 1035 2401 mali
1068 2348 1210 2418 parit
1232 2347 1622 2404 abstinentiam
1646 2364 1678 2403 a
1722 2348 1891 2404 malo.
1924 2347 2108 2403 Absti-

510 2438 695 2492 nentia
744 2447 928 2493 autem
980 2450 1010 2493 a
1062 2440 1212 2494 malo
1252 2440 1586 2511 principium
1633 2449 1717 2495 est
1746 2440 2105 2510 poenitentiae,

509 2531 833 2598 ptenitentia
863 2539 1044 2586 autem
1072 2531 1286 2586 initium
1333 2541 1418 2588 est
1446 2532 1660 2599 salutis,
1694 2532 1910 2587 initium
1959 2532 2110 2588 saltt-

512 2622 582 2677 tis
621 2623 823 2678 bonum
856 2623 1230 2693 'pr0positum.
1905 2614 1911 2623 ’

582 2713 788 2769 Bonum
835 2716 1179 2784 propositum
1227 2717 1467 2771 creatrix
1510 2724 1596 2771 est
1634 2715 1916 2782 laborum,
1962 2716 2108 2773 labo-

511 2820 632 2859 rum
660 2806 875 2860 initium
906 2816 1034 2860 sunt
1069 2806 1319 2873 virtutes,
1351 2808 1568 2862 initium
1602 2817 1787 2862 autem
1839 2807 2107 2861 virtutum

509 2896 634 2964 ﬂos,
683 2895 785 2952 tios
844 2905 1024 2951 autent
1065 2897 1311 2964 virtutis,
1358 2899 1501 2953 bona
1542 2899 1706 2964 aetio,
1732 2898 1956 2953 virtutis
1981 2913 2108 2968 par-

513 2996 602 3044 tus
641 2997 726 3042 est
781 2987 1115 3058 assiduitas;
1168 2992 1407 3045 assiduae
1458 2989 1870 3046 exercitationis
1896 2987 2108 3045 fructus

511 3088 569 3137 et
623 3078 768 3138 fetus
846 3092 930 3138 est
959 3082 1176 3139 habitus
1211 3102 1226 3152 ;
1255 3084 1475 3140 habitus
1501 3084 1720 3140 soboles
1753 3092 1837 3140 est
1858 3084 2108 3154 quaedam

513 3173 681 3229 animi
711 3175 1066 3243 modificatio,
1098 3192 1221 3248 quae
1252 3192 1450 3248 parens
1481 3185 1566 3233 est
1587 3178 1713 3231 boni
1747 3176 1964 3233 timoris
1995 3175 2104 3232 Do-
2126 3179 2175 3236 C

584 3356 778 3414 'limor
846 3361 992 3431 parit
1055 3360 1369 3417 divinorum
1392 3337 1448 3417 et
1475 3361 1842 3417 humanorum
1901 3377 2109 3433 prtece-

518 3461 738 3521 ptorum
773 3452 1237 3509 observationem.
1262 3452 1466 3525 Legum
1494 3455 1746 3510 custodia
1777 3454 1995 3526 signum
2026 3464 2110 3511 est

513 3543 824 3611 charitatis,
883 3546 1419 3619 charitatis'initium
1469 3547 1579 3602 alta
1606 3576 1610 3580 -
1637 3555 1693 3602 et
1726 3548 1893 3602 multa
1923 3546 2108 3608 humi-

514 3633 662 3689 litus.

583 3723 750 3779 Multa
797 3724 1082 3780 humilitas
1127 3734 1208 3781 est
1242 3725 1427 3796 proles
1458 3741 1688 3782 summae
1724 3726 1921 3782 animm
1957 3736 2108 3783 tran-

513 3818 821 3888 quillitatis,
838 3813 1009 3889 399
1036 3818 1196 3887 cujus
1232 3820 1618 3905 possessio.est
1645 3821 2105 3891 complementum

513 3908 819 3975 eharitatis,
844 3909 960 3964 sive
990 3909 1229 3978 perfecta
1254 3921 1309 3964 et
1354 3909 1547 3965 intima
1586 3910 1685 3966 Dei
1731 3911 2103 3980 familiaritas,

507 4016 639 4057 cum
708 4001 778 4056 iis
827 4001 922 4072 qui
985 4002 1055 4057 ab
1098 4003 1249 4058 omni
1285 4003 1484 4059 vitioso
1518 4003 1712 4062 aﬂ‘ectu
1761 4007 1937 4075 liberi,
1976 4018 2109 4065 sunt

515 4092 721 4148 nnmdo
770 4094 958 4159 corde,
995 4095 1256 4163 quoniam
1305 4095 1409 4166 ipsi
1434 4096 1606 4152 Deum
1627 4099 1888 4155 videbunt
1917 4100 1987 4167 ⁸⁷,
2018 4101 2108 4158 cui

509 4185 683 4256 gloria
703 4186 768 4241 in
799 4196 993 4242 omnes
1024 4188 1269 4242 omnium
1309 4192 1635 4246 saeculorum
1674 4194 2031 4251 aeternitatcs.

1133 4323 1314 4380 SCHO
1323 4324 1436 4381 LIA
1449 4372 1459 4382 _.

510 4438 592 4491 Ad
612 4438 1059 4493 enumerationem
1089 4449 1138 4492 et
1167 4455 1433 4493 summam
1460 4425 1793 4512 superiorum
1816 4445 2101 4516 graduum.

585 4597 602 4615 .
991 4564 1007 4595 ι
1123 4533 1375 4590 Scholion
1412 4537 1462 4590 1.

569 4622 979 4694 Argumentum
1022 4634 1114 4681 est
1160 4635 1396 4683 mentem
1452 4629 1615 4687 rebus
1660 4646 1782 4703 quae
1799 4634 1869 4689 ad
1901 4633 2101 4692 intelli-

504 4715 749 4786 gentiam
803 4715 1099 4786 pertinent,
1131 4731 1350 4785 vacare,
1392 4722 1615 4791 quando
1644 4727 1949 4782 contemnit
1978 4741 2102 4783 om-

508 4810 624 4877 nia,
669 4826 796 4882 qua
818 4825 1042 4867 sensum
1084 4827 1306 4868 movere
1352 4824 1603 4885 possunt.

1218 4905 1404 4962 :tliud.

581 4991 704 5051 Vita
737 4995 793 5052 in
829 4994 940 5053 Deo
972 5005 1077 5065 est,
1122 5010 1270 5055 mors
1299 5012 1586 5059 sensuum.
1617 5001 1847 5069 Quando
1913 5019 2095 5059 autem

502 5085 703 5142 vixerit
731 5103 848 5152 cor,
870 5082 1083 5149 acaduttt
1128 5104 1346 5147 sensus.

905 5253 911 5257 ι
1114 5250 1119 5257 .
1201 5181 1384 5253 Aliud.

594 5269 829 5337 Quando
882 5266 1227 5327 reviviscunt
1270 5280 1501 5341 ‘sensus,
1566 5274 1797 5331 moritur
1850 5292 1985 5345 cor;
2041 5288 2097 5336 et

2209 1892 2587 1963 βαπτίσματος
2612 1895 3009 1965 παραδοθέντος
3037 1898 3187 1967 ἡμῖν.
3216 1897 3423 1968 Διόπερ
3454 1886 3757 1953 οὐδὲτοσοῦ-

2205 2001 2299 2038 τον
2350 1986 2478 2049 τοὺς
2519 1987 2862 2054 ἀφωτίστους
2905 1987 3237 2058 εὑρίσκομεν
3278 1990 3645 2057 τυπτομένους
3684 1992 3760 2042 ἐπὶ

2205 2078 2327 2139 ταῖς
2351 2079 2549 2141 κακαῖς
2576 2076 2842 2148 πράξεσιν
2874 2080 2938 2132 ὲν
2966 2081 3033 2150 τῇ
3065 2078 3277 2131 ἑαυτῶν
3308 2077 3477 2151 ψυχῇ·
3510 2078 3617 2134 ἀλλ’
3639 2082 3759 2153 ἀμυ-

2207 2170 2353 2243 δρῶς
2378 2188 2515 2236 πως.

2280 2353 2524 2418 Μείωσις
2555 2352 2656 2424 μὲν
2690 2351 2862 2409 κακοῦ
2894 2355 3070 2408 τίκτει
3115 2354 3330 2425 ἀποχὴν
3381 2351 3572 2407 κακοῦ·
3609 2353 3763 2426 ἀποχὴ

2208 2445 2266 2499 δὲ
2299 2445 2469 2500 κακοῦ
2503 2444 2637 2519 (13),
2676 2446 2821 2518 ἀρχὴ
2864 2446 3175 2515 μετανοίας·
3220 2445 3366 2516 ἀρχὴ
3405 2445 3462 2499 δὲ
3511 2444 3763 2515 μετανοίας

2209 2537 2354 2609 ἁρχὴ
2387 2537 2685 2609 σοπηρίας·
2716 2539 2860 2610 ἀρχὴ
2893 2537 2950 2592 δὲ
2982 2537 3261 2610 σωτηρίας
3298 2536 3555 2608 πρόθεσις
3589 2535 3760 2607 ἀγαθή.

2283 2712 2546 2784 Πρόθεσις
2569 2712 2625 2767 δὲ
2646 2712 2826 2785 ἀγαθὴ
2846 2712 3144 2786 γεννὴτρια
3172 2712 3379 2767 πόνων·
3409 2712 3581 2767 πόνων
3603 2710 3655 2765 δὲ
3680 2711 3764 2781 ἀρ-

2208 2808 2299 2879 χὴ,
2329 2807 2556 2880 ἀρεταί·
2584 2806 2729 2879 ἀρχὴ
2758 2808 2817 2862 δὲ
2851 2807 3063 2879 ἀρετῶν
3085 2806 3267 2872 ἄνθος·
3316 2807 3477 2871 ἄνθος
3507 2804 3561 2859 δὲ
3589 2803 3766 2878 ἀρετῆς

2210 2900 2463 2972 ἐργασία·
2496 2899 2699 2972 ἀρετῆς
2722 2899 2779 2953 δὲ
2807 2899 3057 2970 γέννημα
3083 2897 3363 2970 συνέχεια·
3406 2895 3765 2969 συνεχεστὲρας

2208 2994 2265 3047 δὲ
2304 2992 2535 3065 μελέτης
2560 2992 2777 3064 καρπὸς
2808 2992 2901 3046 καὶ
2936 2993 3209 3062 γέννημα,
3240 2990 3384 3057 ἕξις·
3414 2992 3575 3057 ἕξεως
3607 2990 3659 3043 δὲ
3689 2988 3764 3044 τόο

2211 3104 2307 3151 κος
2341 3087 2587 3151 ποίωσις·
2623 3084 2790 3140 καλοῦ
2822 3085 2880 3140 δὲ
2903 3085 3131 3150 ποίωσις
3170 3087 3473 3158 γεννήτρια
3500 3083 3674 3156 φόϐου.

2277 3355 2446 3420 Φόϐος
2476 3355 2534 3410 δὲ
2557 3354 2734 3409 τίκτει
2761 3354 2995 3426 τήρησιν
3020 3351 3383 3423 ὲνταλμάτων
3414 3353 3460 3424 (1
3470 3351 3544 3423 ι),
3564 3351 3765 3421 ἑπουρα·

2207 3448 2337 3503 νίων
2383 3447 2527 3517 λέγω
2583 3446 2649 3519 δὴ
2688 3444 2785 3500 καὶ
2825 3441 3107 3514 ἐπιγείων·
3157 3444 3516 3517 ενταλμάτων
3571 3441 3764 3514 φυλακὴ

2206 3539 2431 3612 ἀγάπης
2464 3541 2786 3612 τεκμήριον·
2815 3539 3042 3610 ἀγάπης
3085 3535 3143 3591 δὲ
3178 3536 3333 3612 ἀρχὴ
3368 3535 3566 3611 πλῆθος
3599 3550 3766 3591 ταπειν-

2206 3631 2447 3695 νώσεως.

2279 3724 2490 3794 Πλῆθος
2511 3724 2568 3778 δὲ
2590 3723 2974 3789 ταπεινώσεως
2999 3723 3250 3797 θυγάτηρ
3272 3724 3566 3788 ἀπαθείας·
3588 3724 3765 3792 ταύτης

2204 3816 2263 3871 δὲ
2288 3816 2480 3888 κτῆσις
2508 3816 2732 3886 ἀγάπης
2765 3816 3058 3889 πλήρωμα·
3083 3817 3184 3870 εἴτ’
3213 3811 3310 3870 οὖν
3338 3816 3473 3871 Θεοῦ
3503 3815 3669 3871 τελεία
3691 3815 3765 3867 ὲν-

2206 3908 2424 3981 οίκησις
2446 3908 2644 3973 τοίς’δι’
2662 3908 2935 3972 ἀπαθείας
2960 3907 3224 3979 καθαροῖς
3248 3911 3315 3982 τῇ
3348 3906 3563 3982 καρδίᾳ·
3588 3908 3664 3962 ὃτι
3685 3904 3766 3959 αύ-

2205 4000 2290 4055 τοὶ
2332 3999 2424 4055 τὸν
2452 4000 2584 4054 Θεὸν
2610 4000 2864 4071 ὄψονται·
2904 3999 3057 4072 αὐτῷ
3085 4001 3119 4072 ὴ
3149 3999 3275 4066 δόξα
3319 4002 3403 4068 είς
3432 4001 3558 4066 τοὺς
3590 3997 3766 4056 αἰῶνας

2205 4090 2319 4148 τῶν
2351 4090 2587 4150 αἰώνων.
2622 4092 2820 4164 ’Δμήν.

2869 4344 3149 4401 ΣΧΟΛῙᾹ.

2280 4462 2385 4529 Είς
2414 4460 2945 4532 ἀνακεφαλαίωσιν
2987 4459 3111 4515 τῶν
3145 4459 3349 4531 λόγων
3386 4457 3706 4529 ἀνωτέρων.

2814 4549 3078 4619 Σχόλιον
3108 4553 3180 4604 α’.

2269 4643 2508 4715 Σημεὶον
2537 4642 2619 4697 ὅτι
2651 4640 2899 4714 σχολάζει
2944 4643 2974 4696 ό
3018 4640 3143 4706 νοῦς
3186 4640 3320 4715 περὶ
3362 4640 3437 4697 τὰ
3485 4640 3665 4715 νοητά,
3696 4635 3764 4706 si.

2205 4737 2382 4803 πάντα
2413 4737 2762 4808 περιφρονεῖν
2781 4735 2851 4790 τὰ
2868 4734 2969 4817 την
2986 4733 3238 4808 αἴσθησιν
3268 4734 3544 4793 σαίνοντα.

2880 4915 3096 4969 Ἄλλο.

2880 4915 2905 4936 "
3039 4931 3096 4969 ο.

2277 5004 2400 5077 Ζωὴ
2423 5006 2481 5059 ὲν
2512 5003 2631 5076 Θεῷ
2650 5005 2685 5077 ἠ
2711 4915 3060 5070 “ﬁngi:
3084 5004 3194 5061 τῶν
3215 5006 3555 5079 αίσθήσεων·
3583 5005 3704 5062 ὅταν
3723 5002 3769 5057 δδ

2207 5097 2348 5171 ζήσῃ
2380 5100 2414 5170 ὴ
2450 5097 2668 5169 καρδία,
2696 5099 3144 5154 καταπίπτουσιν
3162 5102 3218 5154 αἱ
3242 5099 3557 5185 αἰσθήσεις,

2899 5193 2972 5245 Ἀ
3061 5207 3114 5245 ο.

2284 5280 2351 5335 Ἦ
2391 5280 2687 5347 ἀνάστασις
2724 5282 2835 5336 τῶν
2877 5193 3206 5355 αἱσθληισεων,
3253 5283 3403 5338 ἐστὶν
3443 5284 3479 5353 ἡ
3522 5279 3759 5349 νέκρωσις

503 5362 724 5434 quando
795 5362 851 5417 hi
884 5364 1212 5427 rrevixorint,
1267 5365 1484 5436 signum
1540 5377 1623 5424 est
1668 5380 1762 5423 cor
1787 5382 1816 5422 a
1857 5367 1966 5426 Deo
1997 5387 2093 5442 per

2205 5373 2299 5445 τῆς
2323 5375 2567 5443 καρδίας·
2596 5376 2690 5429 καὶ
2719 5376 2849 5432 ὅταν
2876 5372 3035 5432 αὗται
3064 5377 3393 5442 ἀναστῶσιν,
3416 5376 3535 5431 ἐστὶ
3561 5369 3757 5444 σημεῖον

503 5458 739 5506 mortem
773 5451 982 5521 peccati
1000 5452 1326 5508 recessisse.

1174 5543 1446 5600 Scholion.

571 5630 676 5698 Qui
705 5648 765 5687 se
802 5632 963 5688 bonis
993 5633 1251 5689 omnibus
1285 5634 1581 5705 abdicavit,
1617 5657 1725 5698 non
1756 5642 1919 5698 habet
1948 5643 2091 5701 unde

494 5735 567 5776 ex
602 5721 904 5779 amissione
934 5721 1169 5795 alicujus
1194 5725 1567 5797 perturbetur.

574 5848 620 5891 ⁸⁷
646 5853 838 5913 ιιπιιιι.
868 5874 924 5925 v,
956 5858 1014 5914 8.

2202 5466 2298 5537 τῆς
2319 5464 2644 5537 νεκρὼσεως
2681 5468 2779 5538 τῆς
2810 5468 3037 5538 καρδίας
3065 5469 3173 5523 ἀπὸ
3201 5468 3356 5524 Θεοῦ.

2858 5563 3138 5618 Στόλων.

2858 5580 2899 5615 ,ε
2949 5580 3138 5618 onor.

2281 5647 2340 5700 '0
2374 5648 2481 5717 γάρ
2509 5651 2774 5723 ἀκτήμων
2807 5580 3047 5724 οὑχκὲξει
3077 5674 3130 5711 τι
3173 5651 3235 5713 οὗ
3270 5662 3334 5732 τῇ
3369 5658 3649 5732 ἀφαιρέσει
3674 5655 3754 5712 λιν

2198 5737 2527 5811 πηθήσεται.
