4030 6474
477 418 613 487 109.)
1728 409 1787 468 S.
1830 401 2068 468 JOANN

2119 403 2151 465 Ξ
2202 401 2322 464 CLI
2331 402 2513 465 MACI
3594 396 3710 464 1096

1114 520 1383 575 Scholion.
2093 528 2140 583 Α

2093 528 2140 583 Α
2810 507 2856 559 Σ
2859 503 3083 574 χόλων.

542 616 819 687 Principio
876 613 1236 669 abdicationis
1302 609 1481 665 medio
1530 616 1587 661 et
1628 605 1722 660 lini
1751 619 1850 661 seu
1877 601 2055 673 perfe-

2232 603 2313 674 Τῇ
2359 602 2501 674 ἀρχῇ
2550 601 2646 672 τῆς
2694 598 3001 667 ἀποταγῆς,
3039 596 3106 666 τῇ
3143 594 3398 665 μεσότητι
3441 593 3532 649 καὶ
3553 597 3614 667 τῇ
3637 614 3716 653 τε.

412 726 415 729 ·
472 708 665 765 οιὶυιιί.
2162 693 2424 764 λειότητι.

1038 796 1289 854 Scholion
1331 796 1353 850 1
1373 797 1420 851 I.

2771 782 3033 853 Σχόλιον
3055 784 3141 835 ια’.

541 890 788 948 Pericula
812 890 1064 963 intelligit
1087 889 1435 953 tentatioues,
1476 887 1617 942 sicut
1667 898 1832 941 sonos
1890 882 2060 953 phan-

2233 876 2524 939 Κινδὺνους
2573 874 2710 946 φησι
2758 875 2884 937 τοὺς
2934 869 3294 942 πειρασμοὺς.
3340 861 3449 924 οἷον
3503 869 3722 938 κτύπους

479 986 652 1051 ιοείεε,
684 986 893 1056 plagas.

2163 967 2465 1038 φαντασίας
2492 965 2726 1035 πληγάς.

1184 1071 1370 1128 Aliud.
1847 1138 1855 1141 _

1847 1138 1855 1141 _
2844 1057 3056 1112 Ἄλλο.
3357 1135 3365 1141 _

546 1165 835 1232 Quomodo
866 1160 1248 1234 accipiendum
1286 1157 1420 1214 illud
1452 1166 1537 1213 est
1564 1154 1711 1227 quod
1764 1138 1860 1227 qui
1920 1152 2062 1225 peri-

2234 1153 2359 1217 Πῶς
2390 1153 2539 1207 ἔστιν
2563 1154 2737 1207 εἰπεῖν
2766 1153 3047 1218 κινδύνους
3080 1138 3419 1225 ὑπομένοντα
3448 1154 3712 1223 στεφανοῦ-

478 1256 600 1312 cula
657 1257 950 1318 sustineat,
1010 1259 1329 1315 coronetur,
1388 1247 1547 1321 ωι
1608 1262 1677 1302 an
1710 1245 1807 1317 qui
1837 1243 2062 1327 omnino

2165 1244 2311 1312 σθαι,
2345 1245 2378 1312 ἢ
2407 1244 2644 1312 πάντως,
2679 1245 2770 1299 τὸν
2795 1245 2869 1317 μὴ
2898 1245 3194 1301 ὑπενδόντα
3211 1248 3332 1310 ταῖς
3350 1246 3458 1299 τῶν
3482 1245 3714 1303 κινδύνων

480 1364 589 1402 non
646 1349 802 1402 cedat
844 1344 1216 1417 periculorum
1286 1338 1687 1403 illectamentis,
1744 1336 1839 1392 sed
1878 1348 2064 1406 perse-

2163 1339 2462 1411 ἀφορμαῖςο
2495 1338 2614 1392 ἀλλ’
2653 1339 3097 1411 ἐγκαρτεροῦντα
3136 1340 3251 1404 τοῖς
3279 1338 3493 1406 δεινοῖς,
3529 1341 3618 1395 καὶ
3653 1341 3714 1411 μὴ

480 1449 623 1495 verct
690 1442 744 1493 in
795 1436 1081 1494 tolerantia
1114 1434 1381 1490 malorum
1418 1440 1473 1487 et
1500 1430 1758 1486 virtutem
1789 1443 1902 1485 non
1931 1440 2062 1498 pro-

1850 1443 1902 1484 ιιι
1931 1440 2062 1498 pro-
2165 1427 2489 1500 προδιδόντα
2521 1426 2621 1492 τὰς
2650 1428 2886 1498 ἀρετάς;
3419 1427 3441 1442 ί

597 1529 622 1568 9

478 1531 622 1584 dat?

1081 1615 1332 1671 Scholion
1366 1613 1454 1670 12.

2760 1604 3021 1678 Σχόλιον
3059 1607 3144 1679 ιβ’.

550 1709 758 1764 Sensus
813 1707 1117 1778 spiritualis
1161 1718 1244 1761 est
1270 1706 1343 1759 ita
1373 1703 1627 1769 allectus,
1655 1708 1714 1756 ut
1740 1700 1915 1770 possit
1951 1699 2062 1755 vim

2235 1698 2502 1771 Αἴσθησις
2532 1700 2877 1771 πνευματική
2909 1702 3080 1766 ἐστιν,
3110 1700 3145 1770 ἢ
3175 1698 3470 1754 ποιωθεῖσα
3487 1697 3715 1764 δέξασθαι

478 1798 882 1869 contemplandi
948 1800 1184 1867 recipere
1214 1835 1229 1863 ,
1310 1794 1771 1864 quemadmodum
1861 1792 2061 1864 pupilla

2124 1859 2136 1869 _
2166 1793 2266 1869 τὴν
2301 1793 2532 1863 δύναμιν
2561 1790 2660 1862 τὴν
2688 1791 3048 1864 θεωρητικὴν,
3087 1792 3164 1856 ὡς
3190 1794 3224 1863 ή
3253 1792 3389 1862 κόρη
3418 1790 3525 1846 τῶν
3553 1809 3715 1864 σωμα-

480 1893 767 1947 oculorum
823 1904 1235 1960 corporcorum,
1295 1888 1388 1958 qui
1455 1887 1635 1943 lumen
1701 1884 2064 1942 continentia

2125 1859 2139 1912 ι
2165 1857 2335 1943 τιζιῶν
2369 1857 2686 1957 ὀφθαλμῶν,
2719 1857 2830 1940 τῶν
2855 1857 2933 1939 ἰν
2975 1857 3159 1950 αὐτοῖς
3187 1857 3424 1955 ὲτχόντιυν
3451 1883 3510 1938 τὺ
3535 1857 3641 1953 φῶς
3667 1883 3716 1939 τὸ

480 1997 561 2045 se,
590 1980 734 2051 quod
770 1979 874 2035 sub
896 1993 1117 2035 sensum
1152 1978 1316 2033 cadit.

853 1995 874 2034 ο
896 1993 1117 2035 sensum
1152 1978 1316 2033 cadit.
2168 1978 2444 2050 αἰσθητόν.

1113 2068 1367 2125 Scholion
1399 2069 1485 2125 15.

2778 2071 3038 2139 Σχόλιον
3064 2075 3150 2138 ιγ’.

552 2163 756 2217 Bonum
781 2162 1167 2233 comprehendi
1190 2172 1245 2217 et
1276 2161 1468 2233 attingi
1492 2161 1642 2218 nullo
1675 2161 1840 2217 modo
1867 2170 2068 2231 potest,

2252 2162 2559 2235 ’Δμήχανον
2606 2158 2850 2232 ἅψασθαι
2902 2161 2998 2216 τοῦ
3043 2160 3253 2231 ἀγαθοῦ
3318 2163 3393 2234 μὴ
3439 2160 3719 2217 ἀποστάντα

481 2254 587 2308 nisi
644 2255 713 2309 ab
769 2269 837 2309 eo
895 2254 986 2325 qui
1033 2254 1251 2326 penitus
1304 2270 1333 2309 a
1371 2255 1518 2311 malo
1551 2254 1704 2326 prius
1737 2253 1986 2319 desistat,
2015 2262 2072 2311 et

2170 2254 2437 2327 πρότερον
2488 2254 2772 2319 παντελῶς
2818 2253 2915 2308 καὶ
2962 2253 3296 2309 ὲκνεύσαντα
3326 2252 3419 2307 τοῦ
3448 2253 3628 2308 κακοῦ·
3656 2253 3717 2315 ὡς

480 2345 613 2399 illud
664 2344 894 2412 rejiciat.
947 2342 1018 2399 Ut
1076 2360 1238 2400 nemo
1298 2347 1588 2402 sanitatem
1608 2346 1847 2417 recipere
1868 2353 2067 2417 potest,

2169 2347 2458 2419 ἀμήχανον
2503 2345 2693 2416 ὑγείαν
2731 2344 3024 2401 ἀναλαϐεῖν
3063 2345 3139 2418 μὴ
3163 2346 3267 2418 τῆς
3297 2346 3452 2401 νόσου
3502 2344 3717 2400 ἀπαλλα-

480 2436 588 2492 nisi
616 2436 769 2508 prius
801 2452 832 2492 a
860 2435 1056 2492 morbo
1090 2435 1371 2491 liberetur.

2171 2437 2357 2508 γέντα.
3172 2492 3183 2502 .

1189 2528 1374 2582 Aliud.

2855 2530 3056 2585 Ἄλλο.

552 2622 774 2676 Declina
806 2637 841 2674 a
895 2612 1061 2683 malo.
1089 2627 1139 2674 et
1177 2619 1263 2687 [ac
1291 2619 1485 2674 bonum
1512 2619 1581 2674 ’°.
1611 2617 1729 2676 Hoc
1757 2628 1860 2686 est,
1891 2634 2071 2693 pugna

2248 2622 2575 2677 Ἕκκλινον
2618 2621 2741 2677 ἀπὸ
2795 2620 3009 2688 κακοῦ,
3042 2619 3143 2676 καί
3191 2622 3452 2688 ποίησον
3503 2615 3720 2687 ἀγαθόν’

481 2713 754 2769 adversus
807 2713 1015 2778 hostes,
1052 2720 1114 2765 ut
1147 2710 1375 2767 vitiosas
1405 2711 1732 2782 cupiditates
1755 2712 2068 2768 imminuas.

2174 2714 2447 2781 τουτέστι,
2478 2715 2800 2787 Πολέμησον
2836 2715 2964 2780 τοὺς
3008 2713 3242 2786 ἐχθροὺς
3280 2713 3369 2767 ἶνα
3409 2710 3632 2783 μειὼσῃς
3666 2710 3722 2760 τὶ

481 2804 690 2860 Deinde
741 2804 928 2860 sobrie
982 2805 1128 2867 vive,
1182 2818 1252 2858 ne
1298 2812 1621 2873 augeantur,
1651 2818 1955 2874 rursusque
1972 2803 2072 2859 ἀει

2175 2806 2349 2878 πάθη.
2380 2807 2615 2861 Ἔπειτα
2650 2806 2709 2860 δὲ
2738 2808 2898 2877 νῆφε,
2933 2806 3020 2859 ἵνα
3048 2803 3125 2876 μὴ
3148 2802 3482 2875 αὐξήσωσιν·
3514 2793 3655 2862 αὖθίς
3678 2811 3726 2850 τι

481 2907 629 2951 certa
681 2905 740 2950 ut
808 2896 1039 2951 virtutes
1071 2893 1168 2951 tibi
1197 2909 1518 2965 compares:
1548 2894 1747 2951 iterum
1780 2895 2071 2957 abstinete.

2175 2899 2510 2971 πολέμησον,
2558 2900 2646 2955 ίνα
2686 2898 2864 2969 κτήσῃ
2914 2895 3016 2961 τὰς
3056 2895 3289 2967 ἀρετάς·
3340 2894 3434 2948 καὶ
3471 2889 3726 2963 μετέπειτα

401 2981 417 2991 ”
484 2996 541 3044 ut
570 2985 759 3043 eadem
796 2986 1098 3043 custodias.
1155 2984 1224 3039 Et
1267 2985 1372 3041 hoc
1404 2984 1511 3040 erit
1536 2984 1749 3056 operari
1808 2984 1992 3042 bonun

2175 2993 2337 3063 νῆφε,
2366 2992 2454 3046 ἵνα
2483 2984 2653 3055 αὑτὰς
2678 2987 3026 3061 διαφυλάξῃς
3062 2984 3158 3040 καὶ
3187 2984 3354 3039 τοῦτο
3378 2981 3443 3038 ἂν
3468 2982 3549 3053 εἴη
3570 2978 3626 3033 τὸ
3647 2978 3722 3047 ἐρ·

1269 3135 1278 3143 .
2174 3077 2438 3149 γάζεσθαι
2459 3078 2683 3148 ἀγαθόν.

1013 3161 1268 3223 Scholion
1298 3163 1485 3223 Isaaci
1514 3164 1602 3224 ﬂ.
2098 3193 2143 3252 ο

2098 3193 2143 3252 c
2672 3171 2722 3223 Σ
2723 3169 2938 3238 χόλων
2965 3165 3166 3223 Ἰσαὰκ
3198 3166 3291 3222 ιδ’.

549 3257 744 3313 Timor
781 3266 861 3314 est
890 3256 1041 3328 virga
1073 3254 1375 3329 spiritualis
1398 3272 1523 3331 qua:
1553 3259 1697 3332 regit
1739 3275 1842 3316 nos
1887 3261 2068 3332 quoad

2246 3259 2415 3323 Φόϐος
2460 3258 2578 3313 ἐστὶ
2622 3259 2814 3331 ῥάϐδος
2851 3257 3197 3329 πνευματική
3233 3255 3551 3329 κυϐερνῶσα
3583 3252 3721 3325 ἡμᾶς.

484 3348 771 3406 veniamus
823 3349 878 3404 in
914 3349 1228 3420 paradisum
1270 3351 1540 3407 bonorum
1591 3352 1979 3422 spiritualium,
2014 3361 2070 3410 et

2176 3350 2282 3414 ἕως
2303 3349 2370 3405 ἂν
2393 3348 2690 3419 φθάσωμεν
2713 3349 2793 3411 εἱς
2814 3347 2908 3401 τὸν
2930 3347 3256 3418 παράδεισον
3289 3347 3398 3403 τῶν
3414 3346 3619 3417 ἀγαθῶν
3635 3342 3724 3398 τῶν

484 3441 706 3515 quando
746 3441 820 3498 ibi
876 3439 1165 3507 fuerimus,
1235 3442 1462 3499 dimittit
1516 3458 1636 3510 nos,
1675 3452 1731 3499 et
1759 3444 1889 3501 abit.

2178 3440 2592 3511 πνευματικῶν·
2618 3440 2714 3495 καὶ
2739 3441 2867 3494 ὅταν
2889 3441 3006 3494 ἐκεῖ
3032 3438 3356 3510 φθάσωμεν,
3379 3438 3593 3515 ἀφίησιν
3604 3434 3723 3509 ἡμᾶς

2180 3533 2277 3586 καὶ
2303 3533 2615 3605 στρέφεται.

982 3839 1267 3899 GRADUS
1320 3840 1537 3896 XXVII.

2776 3837 2998 3896 ΛΟΓΟΣ
3030 3835 3162 3895 ΚΖί

486 3955 568 4017 De
617 3972 777 4012 sacra
816 3956 1052 4028 corporis
1089 3967 1141 4011 et
1181 3957 1375 4010 animi:
1427 3955 1673 4028 quietcl
1700 3956 1805 4009 sive
1839 3953 1908 4009 de
1960 3955 2069 4010 vita

2249 3955 2387 4024 Περὶ
2413 3951 2523 4026 τῆς
2553 3955 2714 4025 ἱερᾶς
2738 3955 3014 4028 σώματος
3038 3956 3136 4011 καί
3160 3957 3376 4027 ψυχῆς
3404 3955 3666 4027 ἡσυχίας.

890 4025 1259 4081 anachoretica
1285 4040 1334 4081 et
1356 4025 1645 4096 solitaria.)
2475 4025 2479 4026 ί
2826 4025 2850 4032 τι

552 4120 669 4176 Nos
696 4134 821 4176 cum
846 4119 993 4175 velut
1020 4119 1253 4189 emptitii
1274 4119 1495 4190 quidam
1522 4129 1578 4175 et
1602 4118 1869 4187 improbis
1909 4114 2070 4173 vitio-

2260 4116 2455 4187 Ἡμεῖς
2482 4115 2674 4188 ὥσπερ
2703 4116 2792 4171 ἀεὶ
2807 4114 3080 4188 ὠνήσιμοί
3104 4132 3251 4181 τινες
3277 4117 3394 4174 τῶν
3412 4113 3627 4170 ἀνοσίων
3649 4128 3726 4167 ποι

487 4223 612 4265 rum
665 4208 951 4266 affectibus
1009 4209 1236 4265 obnoxii
1304 4209 1444 4265 servi
1472 4208 1601 4265 lacti
1630 4210 1824 4276 simus,
1863 4223 1932 4263 ex
1966 4208 2073 4263 hoc

2179 4211 2290 4266 θῶν
2318 4210 2658 4283 ὑπάρχοντες
2689 4209 2790 4281 (1),
2824 4207 2919 4262 καὶ
2951 4207 3129 4262 δοῦλοι
3163 4209 3488 4264 ὑπόσπονδοι
3528 4206 3726 4276 γενόμε-

488 4300 611 4373 ipso
668 4300 947 4372 improbas
985 4308 1133 4357 artes
1189 4316 1393 4365 mores,
1437 4301 1687 4372 imperia,
1718 4302 1893 4357 malas
1923 4300 2076 4355 tech-

2179 4322 2262 4359 νοι
2292 4306 2356 4358 ὲκ
2393 4303 2586 4358 τούτου
2620 4300 2867 4365 καὶτοὺς
2903 4300 3088 4364 δόλους
3131 4301 3227 4355 καὶ
3264 4301 3501 4373 τρόπους
3535 4300 3621 4354 καὶ
3649 4297 3728 4358 τὰς

489 4407 592 4447 nas
661 4390 1065 4448 dominantium
1115 4392 1172 4448 in
1226 4393 1459 4449 miseras
1487 4394 1700 4450 animas
1729 4403 1947 4448 nostras
1968 4392 2073 4446 im-

2180 4388 2474 4465 ἓπιταγάς.
2515 4396 2612 4448 καὶ
2671 4393 2773 4457 τὰς
2818 4393 3156 4464 πανουργίας
3206 4391 3390 4456 ποσῶς
3424 4387 3728 4460 ἐπιστάμεθα

490 4484 788 4555 proborum
810 4484 1101 4555 spirituum
1132 4494 1408 4555 utcunque
1441 4485 1758 4542 didicimus.
1784 4486 1888 4540 Alii
1917 4484 2078 4555 quip-

2138 4486 2287 4543 ἑτῶν
2317 4486 2698 4543 δεσποσάντων
2729 4487 2831 4557 τῆς
2868 4484 3058 4548 ἀθλίας
3106 4485 3265 4556 ἡμῶν
3308 4485 3487 4557 ψυχῆς
3510 4479 3729 4549 Πνευμά-

490 4590 561 4646 pe
596 4575 947 4646 reperiuntur
975 4576 1070 4647 qui
1106 4576 1346 4646 Spiritus
1384 4579 1558 4633 sancti
1595 4577 1792 4633 virtute
1821 4576 2079 4632 illustrati

2179 4597 2313 4637 των.
2339 4580 2560 4652 Ἔτεροι
2590 4579 2701 4652 γὰρ
2737 4579 3067 4651 ὑπάρχουσι,
3095 4579 3146 4631 oi
3183 4576 3253 4632 δι’
3287 4577 3563 4649 ἐνεργείας
3589 4570 3729 4627 mad-

493 4667 762 4737 improbis
818 4668 1037 4723 illorum
1091 4669 1552 4734 machinationes,
1618 4685 1647 4723 a
1706 4670 1908 4739 quibus
1962 4669 2078 4739 jam

2185 4689 2354 4745 ματος
2384 4672 2565 4740 ἁγίου,
2598 4670 2693 4726 καὶ
2715 4670 2816 4741 τῆς
2836 4668 3042 4723 τούτων
3071 4667 3403 4741 ἀπαλλαγῆς·
3427 4669 3505 4730 είς
3525 4669 3616 4728 τὰς
3643 4679 3729 4731 μη-

493 4765 626 4817 sunt
664 4758 879 4814 liberati
906 4758 1401 4830 deprehenderunt.
1428 4759 1592 4833 402
1628 4762 1781 4816 Alius
1812 4762 1957 4816 enim
2011 4775 2078 4816 ex

2183 4765 2354 4837 χανὰς
2383 4764 2565 4820 αὐτῶν
2595 4762 2980 4833 φωτισθέντες.
3014 4759 3210 4825 Ἀλλος
3248 4761 3348 4832 μὲν
3379 4760 3487 4831 γὰρ
3509 4760 3537 4813 ό
3563 4757 3623 4809 ὲκ
3649 4750 3730 4823 τῆς

495 4850 676 4907 morbi
726 4851 937 4917 dolore,
997 4867 1161 4922 quem
1223 4867 1366 4923 aeger
1419 4855 1613 4917 sensit,
1653 4853 1903 4909 sanitatis
1926 4853 2081 4924 quie-

2184 4861 2243 4915 ἔν
2266 4861 2333 4929 τῇ
2360 4858 2502 4928 νόσῳ
2529 4856 2721 4927 ὀδύνης
2744 4853 2842 4927 τὴν
2865 4855 2963 4924 τῆς
2985 4851 3176 4921 ὑγείας
3206 4851 3596 4922 στοχαζόμενος
3624 4846 3738 4899 ἀνά-

497 4950 605 4998 tem
637 4942 864 5013 conjicit
890 4960 907 5010 ;
939 4944 1082 5000 alius
1106 4958 1234 5001 vero
1257 4959 1324 5000 ex
1359 4944 1615 5000 sanitatis
1648 4945 1851 5017 gaudio
1908 4947 2079 5000 mole-

2185 4966 2407 5016 παυσιν,
2460 4949 2555 5003 καὶ
2604 4948 2792 5019 ἕτερος
2837 4946 2867 4998 ό
2908 4947 2973 4999 ἐκ
3030 4945 3131 5016 τῆς
3179 4946 3238 4999 ὲν
3290 4946 3358 5016 τῇ
3400 4942 3556 5011 ὑγεία
3596 4935 3730 4991 εὐθυ-

496 5035 657 5090 stiam
689 5035 865 5090 morbi
896 5036 1144 5106 percipit,
1176 5044 1229 5091 et
1257 5036 1569 5107 conjectura
1617 5039 1951 5108 assequitur.
2016 5035 2084 5093 Et

2187 5045 2318 5114 μίας
2359 5042 2456 5113 τὴν
2505 5043 2563 5095 ὲν
2610 5044 2675 5112 τῇ
2728 5041 2869 5111 νόσῳ
2922 5037 3162 5109 ἀθυμίαν
3210 5030 3729 5114 καταλαμϐανόμενος

497 5126 627 5182 hinc
656 5126 905 5197 estquod
940 5142 1042 5182 nos
1075 5127 1221 5183 velut
1243 5129 1372 5198 aegri
1401 5139 1458 5184 et
1486 5128 1784 5185 imbecilles
1809 5129 1953 5199 apud
1984 5143 2082 5186 vos

2186 5113 2278 5188 καὶ
2318 5131 2768 5203 τεκμαιρόμενος.
2799 5130 2993 5184 Τοίνυν
3022 5131 3186 5201 ἡμεῖς
3209 5127 3287 5191 ὡς
3317 5125 3560 5186 ἀσθενεῖς
3589 5113 3725 5173 δεδοί-

474 5218 565 5274 'de
599 5218 802 5288 quietis
837 5219 1102 5274 solitariae
1133 5227 1293 5290 portu
1320 5220 1482 5277 verba
1534 5219 1738 5287 facere,
1799 5232 1854 5275 et
1902 5222 2065 5290 philo-

2186 5242 2361 5295 κάμεν
2394 5225 2523 5290 ὑμῖν
2560 5221 2654 5275 νῦν
2688 5222 2815 5292 περὶ
2840 5220 2934 5275 τοῦ
2967 5222 3063 5291 τῆς
3094 5220 3323 5292 ἡσυχίας
3350 5218 3563 5289 λιμένος
3593 5214 3644 5263 ἓν
3669 5204 3729 5274 τῷ

495 5311 718 5381 sophari
744 5310 1186 5378 reformidemus,
1222 5327 1345 5367 cum
1384 5312 1528 5367 haud
1562 5313 1879 5384 ignoremus
1938 5331 2083 5370 sem-

2184 5316 2329 5387 λόγῳ
2360 5316 2692 5385 φιλοσοφεῖν,
2736 5314 3090 5385 ἐπιστάμενοι
3117 5311 3207 5365 ἀεὶ
3240 5302 3604 5381 παρίστασθαί
3627 5311 3728 5352 τινα

495 5418 594 5473 per
628 5418 820 5458 canem
860 5404 1099 5475 aliquem
1123 5406 1189 5460 ad
1222 5406 1443 5476 Optima:
1470 5407 1775 5462 sodalitatis
1802 5415 1858 5462 et
1909 5418 2082 5463 coetus

2186 5407 2324 5460 κύνα
2357 5408 2414 5458 ἐν
2444 5408 2509 5477 τῇ
2535 5400 2782 5477 τραπέζῃ
2804 5404 2904 5474 τῆς
2942 5402 3114 5473 καλῆς
3144 5401 3412 5466 συνοδίας,
3446 5397 3536 5452 καὶ
3571 5395 3725 5462 ἄρτον,

496 5508 747 5551 mensam
782 5504 984 5564 astare,
1007 5498 1101 5568 qui
1137 5512 1331 5568 panem
1357 5501 1377 5568 (
1407 5498 1521 5553 sive
1558 5499 1800 5554 animam
1833 5500 1851 5568 )
1891 5514 1957 5554 ex
1993 5497 2082 5553 illa

2186 5499 2355 5569 ἤγουν
2401 5497 2600 5567 ψυχὴν,
2636 5497 2701 5550 ὲκ
2741 5495 2947 5568 ταύτης
2991 5491 3339 5567 ἀφαρπάζειν
3380 5483 3724 5557 δοκιμάζοντα-

498 5585 745 5655 abripere
774 5597 1026 5654 conatur,
1050 5604 1215 5660 quem
1245 5604 1340 5644 ore
1373 5588 1554 5645 ferens
1582 5590 1860 5660 deinceps,
1918 5599 2085 5661 atque

2184 5591 2295 5645 Καὶ
2349 5589 2537 5643 τοῦτον
2577 5587 2655 5658 τῷ
2687 5588 2916 5659 στόματι
2956 5586 3351 5657 ἐπιφερόμενον
3405 5578 3582 5635 λοιπὸν
3613 5572 3723 5625 ἀπο·

500 5673 786 5747 aufugiens
806 5678 950 5734 clam
991 5690 1047 5736 et
1070 5693 1322 5735 seorsum
1355 5681 1598 5738 devoret.
1643 5682 1832 5754 itaque
1880 5700 1947 5739 ne
2002 5685 2083 5739 Io-

2186 5684 2469 5754 τρέκυντα.
2509 5680 2603 5736 καὶ
2634 5680 2754 5735 καθ’
2780 5679 3011 5751 ἡσυχίαν
3038 5678 3225 5733 τοῦτον
3251 5675 3510 5731 ὶσθίοντα.
3541 5666 3624 5722 Διὸ
3655 5661 3723 5714 ἵνα

570 5856 617 5890 ’⁸
652 5857 805 5916 Psal.
834 5876 1018 5921 xxxvi.
1049 5844 1148 5920 27:
