4030 6446
108 5040 131 5079 [τ

108 5145 135 5175 ς

107 5230 131 5275 '5

107 5417 147 5455 ’ἐν

107 5516 145 5555 5⁵

108 5607 151 5645 ὢ

107 5699 151 5741 ρ

329 372 468 440 109⁵1
632 372 641 383 ’
1263 375 1496 436 SCALA
1529 366 1912 433 PARADISI.
1944 389 2014 400 -
2044 362 2353 426 GRADUS
2401 364 2643 427 XXVII.
3464 364 3598 428 1098

330 486 411 557 μὴ
441 484 617 558 τούτῳ
664 486 849 557 χώραν
888 487 964 559 τῷ
1007 488 1127 543 κυνὶ
1172 485 1260 542 διὰ
1300 486 1396 541 τοῦ
1434 484 1709 556 ἡμετέρου
1738 482 1919 555 δῶμεν

2050 492 2145 530 nm
2228 477 2359 533 huic
2410 479 2555 542 cani,
2606 485 2660 532 et
2710 475 3051 531 occasionem
3083 476 3475 546 qumrentihus,
3506 493 3603 547 per

329 579 515 647 λόγου,
546 582 641 633 καὶ
670 580 924 651 ἀφορμὴν
943 582 1056 644 τοῖς
1086 578 1331 651 ζητοῦσι,
1357 580 1418 632 οὐ
1449 576 1604 646 θέμις
1634 574 1910 647 ἡγησάμε-

330 670 400 723 θα
428 671 540 734 τοῖς
569 672 625 724 ὲν
660 669 737 740 τῷ
764 669 986 742 πολέμῳ
1012 671 1371 741 τυγχάνουσιν
1397 668 1662 739 ἐμψύχοις
1690 664 1783 718 τοῦ
1813 663 1911 735 βα-

330 761 529 826 σιλέως
559 761 716 833 ήμῶν
753 761 1131 832 πολεμισταῖς,
1175 761 1305 833 περὶ
1341 761 1566 832 εἰρήνης
1609 757 1705 811 νῦν
1736 756 1911 810 διαλέ-

331 855 549 923 γεσθαι.
588 854 798 908 Ἐκεῖνο
835 852 892 906 δὲ
937 853 1097 924 μόνον
1137 851 1392 923 λέγομεν,
1417 851 1499 904 ὅτι
1534 852 1644 913 τοῖς
1684 849 1915 911 εὐτόνως

330 943 691 1016 πολεμοῦσιν,
726 946 776 999 oi
819 945 920 1015 τῆς
950 945 1176 1016 εἰρήνης
1212 944 1306 997 καὶ
1338 942 1580 1014 γαλήνης
1621 939 1915 1013 περιεπλά-

331 1053 521 1107 κησαν
550 1036 825 1104 στέφανοι.
864 1036 952 1100 Ὠς
980 1037 1037 1091 ὲν
1068 1035 1395 1106 διακρίσεως
1424 1029 1517 1088 οὖν
1547 1034 1724 1099 τύπῳ,
1750 1033 1798 1084 εί
1828 1031 1914 1085 δο-

331 1132 444 1189 κεῖ,
481 1128 650 1200 μικρά
684 1128 780 1182 νῦν
811 1128 1083 1199 λέγωμεν,
1131 1128 1255 1182 ὅσον
1294 1125 1369 1197 μὴ
1394 1124 1637 1196 λυπῆσαί
1669 1141 1823 1187 τινας
1842 1123 1918 1187 ὡς

333 1219 686 1290 ἀγύμναστον
732 1221 825 1274 τὸν
874 1221 1002 1291 περὶ
1039 1218 1244 1273 τούτων
1288 1216 1450 1286 λόγον
1496 1216 1555 1269 ἐν
1593 1213 1674 1286 τῷ
1711 1214 1916 1286 μεταξὺ

336 1312 785 1383 καταλείψαντες.

426 1574 655 1646 Ἧσυχία
689 1574 787 1646 μὲν
826 1574 1078 1646 σώματός
1112 1577 1261 1631 ἐστιν
1307 1575 1455 1647 ήθῶν
1491 1574 1588 1629 καὶ
1617 1573 1923 1645 αἰσθήσεων

339 1666 623 1736 ἐπιστήμη
656 1666 753 1719 καὶ
787 1665 1123 1731 κατάστασις
1143 1682 1157 1697 ·
1191 1665 1393 1739 ήσυχία
1422 1664 1481 1720 δὲ
1501 1664 1681 1736 ψυχῆς
1708 1662 1808 1735 (2),
1838 1662 1926 1716 λο-

340 1758 561 1829 γισμῶν
606 1759 881 1829 ἐπιστήμη
933 1758 1027 1812 καὶ
1073 1756 1340 1830 ἀσύλητος
1398 1756 1597 1811 ἔννοια.
1663 1754 1926 1825 Ἡσυχίας

2019 577 2267 624 nostrum
2324 586 2633 626 sermonem
2693 571 2911 635 demus,
2968 567 3122 623 nefas
3180 581 3302 623 esse
3344 570 3601 624 duximus

2018 661 2161 732 apud
2191 678 2284 716 eos
2333 663 2401 716 dc
2465 678 2600 732 pace
2649 662 2946 732 disputare,
3001 662 3093 732 qui
3147 663 3197 714 in
3258 662 3603 731 imperatoris

2017 755 2189 808 nostri
2224 755 2417 824 prmlio
2451 754 2733 809 fortissimi
2769 754 3060 809 bellatores
3097 763 3403 809 versantur.
3468 752 3601 808 Illud

2018 852 2227 899 tantum
2268 844 2603 900 afﬁrmamus
2636 847 2703 902 iis
2729 846 2825 915 qui
2855 847 3071 902 fortiter
3102 847 3156 899 in
3198 846 3343 901 bello
3398 846 3606 902 faciunt

2017 943 2070 988 et
2097 934 2430 1004 depugnant,
2462 936 2626 989 etiam
2660 949 2849 989 eorum
2874 950 3108 990 coronas
3150 943 3205 988 ct
3237 935 3482 1004 praemia,
3510 931 3603 1002 qui

2019 1029 2073 1083 in
2104 1044 2237 1100 pace
2259 1038 2313 1084 et
2350 1031 2746 1099 tranquillitate
2779 1030 3089 1085 solitudinis
3124 1038 3437 1094 versantur,
3479 1042 3601 1082 esse

2018 1121 2278 1192 reposita.
2331 1120 2512 1177 Pauca
2564 1137 2695 1193 ergo
2752 1121 2899 1176 velut
2951 1138 3047 1192 per
3094 1121 3446 1177 discretionis
3488 1118 3603 1174 for-

2023 1231 2188 1281 mam,
2246 1216 2292 1270 si
2349 1217 2422 1270 ita
2486 1216 2722 1280 videtur,
2790 1216 3060 1283 dicamus,
3119 1232 3188 1271 ne
3233 1212 3608 1286 praetereundo

2021 1308 2170 1362 velut
2231 1308 2574 1379 inexpertum
2623 1319 2769 1364 nunc
2823 1308 3003 1364 locum
3056 1316 3112 1362 et
3171 1323 3482 1363 sermonem
3550 1305 3605 1359 in

2023 1400 2204 1455 medio
2245 1402 2638 1471 relinquamus,
2672 1411 2728 1456 et
2752 1400 2967 1472 aliquos
3022 1400 3078 1455 in
3134 1407 3429 1455 maerorem
3486 1398 3612 1453 inde

2022 1502 2080 1547 et
2119 1493 2404 1547 tristitiam
2446 1491 2837 1562 conjiciamus.

2095 1585 2262 1651 Quies
2292 1586 2540 1656 corporis
2569 1594 2654 1642 est
2688 1593 2938 1641 motuum
2965 1593 3019 1641 et
3062 1599 3323 1641 sensuum
3377 1583 3617 1653 cognitio

2026 1687 2082 1733 et
2116 1679 2465 1749 compositio.
2506 1677 2675 1745 Quies
2718 1678 2940 1743 animae,
2988 1687 3073 1734 est
3124 1677 3349 1733 scientia
3412 1676 3618 1746 cogita-

2028 1770 2262 1834 tionum,
2294 1780 2349 1826 et
2385 1785 2578 1827 secura
2600 1785 2697 1827 seu
2751 1769 3083 1827 inviolabilis
3136 1770 3335 1825 mentis
3384 1769 3617 1823 medita-

342 1852 522 1921 φίλος,
560 1851 804 1923 ἀνδρεῖός
831 1869 916 1916 τις
940 1852 1037 1906 καὶ
1069 1850 1345 1923 ἀπότομος
1375 1849 1655 1921 λογισμὸς,
1690 1849 1749 1902 ὲν
1787 1847 1929 1920 θύρᾳ

2050 1863 2131 1918 .io.
2169 1860 2495 1919 SOIitudinis
2523 1878 2720 1919 amans
2746 1872 2831 1937 est
2861 1861 3021 1917 fortis
3044 1862 3293 1932 quaedam
3326 1871 3376 1916 et
3431 1874 3618 1916 severa

342 1944 575 2015 καρδίας
597 1944 953 2008 ἀνυστάκτως
972 1944 1283 2015 ἱστάμενος,
1298 1943 1536 2007 καὶτοὺς
1560 1939 1934 2013 προσερχομέ-

342 2055 492 2101 νους,
524 2039 558 2106 ἢ
586 2036 835 2100 κτείνων,
865 2036 898 2106 ἢ
928 2036 1340 2107 ἀποσειόμενος.
1368 2033 1428 2089 '0
1447 2035 1506 2087 ὲν
1530 2035 1933 2104 αίσθήσεικαρ-

342 2132 465 2195 δίας
491 2129 807 2202 ἡσυχάζων,
826 2129 1161 2200 γινώσκειτὸ
1183 2128 1472 2201 εἰρημένον
1488 2144 1500 2157 ⁸
1524 2130 1552 2182 ὁ
1574 2127 1630 2181 δὲ
1651 2130 1840 2199 νήπιος
1855 2127 1935 2180 ἔτι

343 2221 445 2287 ὢν,
462 2221 651 2275 τούτου
671 2223 935 2290 ἄγευστος
957 2221 1051 2273 καὶ
1080 2219 1359 2286 ἄγνωστος
1388 2217 1563 2272 πέλει.
1597 2217 1936 2288 Ἥσυχαστὴς

343 2311 646 2383 γνωστικδς
678 2314 741 2366 οὺ
789 2310 1115 2383 δεηθήσεται
1169 2309 1345 2378 λόγων
1372 2325 1386 2339 ·
1433 2311 1559 2372 τοὺς
1601 2309 1710 2379 γάρ
1746 2307 1937 2373 λόγους

345 2404 461 2457 τῶν
505 2401 684 2473 ἔργων
725 2401 1040 2470 φωτίζεται.
1088 2398 1257 2470 Ἀρχὴ
1301 2399 1401 2470 μὲν
1439 2398 1673 2469 ἡσυχίας
1707 2396 1768 2450 τὸ
1804 2396 1939 2448 ἀπο-

348 2495 596 2549 σείεσθαι
626 2493 885 2557 κτύπους,
916 2492 991 2556 ὡς
1022 2492 1114 2545 τὸν
1149 2491 1310 2562 βυθὸν
1341 2490 1715 2560 ταράσσοντας
1739 2503 1754 2517 ⁸
1788 2487 1939 2552 τέλος

346 2587 407 2642 δὲ
440 2587 667 2658 ταύτης,
700 2585 763 2638 τὸ
795 2586 871 2656 μὴ
910 2584 1141 2638 δεδιέναι
1169 2582 1474 2655 θορύϐους,
1524 2582 1640 2635 ἀλλ’
1673 2580 1941 2651 ἀναισθηο

349 2680 469 2733 τεῖν
502 2679 561 2733 ὲν
587 2676 820 2741 τούτοις.
868 2670 1305 2748 Προερχόμενος,
1343 2675 1374 2728 ὁ
1406 2673 1551 2745 λόγῳ
1579 2673 1640 2727 οὐ
1671 2672 1942 2745 προερχό-

352 2789 541 2842 μενος,
574 2772 756 2844 ἧπιος,
800 2771 1022 2841 ἀγάπης
1049 2770 1169 2831 ὅλος
1203 2766 1354 2831 οἶκος
1380 2783 1396 2798 ·
1449 2767 1774 2839 δυσκίνητος
1805 2766 1944 2837 πρὸς

2034 1954 2318 2024 cogitatio,
2342 1970 2464 2025 quae
2494 1954 2548 2009 in
2580 1953 2796 2010 foribus
2827 1952 3010 2009 cordis
3045 1953 3402 2007 inconnivens
3451 1966 3620 2007 exeu-

2034 2043 2149 2112 bat,
2178 2054 2231 2099 et
2262 2046 2532 2102 irruentes
2559 2043 2922 2115 cogitationes
2949 2052 3046 2098 aut
3089 2043 3348 2113 opprimit
3373 2049 3469 2097 aut
3522 2056 3614 2096 rc-

2033 2136 2175 2206 jicit.
2204 2136 2310 2203 Qui
2337 2137 2390 2191 in
2416 2152 2580 2192 sensu
2602 2135 2788 2192 cordis
2809 2136 3172 2206 conquiescit,
3200 2134 3447 2202 intelligit
3473 2133 3621 2205 quod

2031 2230 2147 2299 jam
2182 2228 2344 2302 5,03
2375 2228 2579 2283 dictum
2618 2237 2721 2284 est.
2769 2227 2952 2283 Infans
2985 2237 3169 2283 autem
3209 2243 3305 2284 seu
3338 2228 3459 2294 tiro,
3493 2226 3623 2298 quia

2036 2322 2145 2377 hoc
2185 2337 2462 2392 nunquam
2492 2321 2755 2391 gustavit,
2804 2319 2936 2391 quid
2987 2320 3060 2374 sit
3089 2320 3326 2390 ignorat.
3377 2318 3626 2373 Prudens

2039 2407 2295 2481 [peritus]
2331 2409 2531 2479 quietis
2562 2407 2743 2463 cultor
2782 2422 2892 2463 non
2937 2408 3140 2478 indiget
3186 2408 3374 2462 multis
3402 2406 3624 2473 verbis;

2040 2495 2201 2550 factis
2251 2496 2396 2550 enim
2448 2495 2580 2563 ipsis
2627 2495 2791 2549 verba
2840 2493 3236 2564 interpretatur
3264 2504 3321 2550 et
3368 2494 3626 2549 illustrat.

2042 2585 2381 2676 Principium
2411 2586 2611 2657 quietis
2644 2595 2729 2641 est
2756 2602 2948 2642 omnes
2986 2587 3268 2656 strepitus,
3302 2596 3362 2642 ut
3383 2585 3476 2657 qui
3520 2587 3628 2641 ima

2042 2680 2224 2735 cordis
2273 2680 2614 2751 perturbant,
2664 2694 2969 2735 removere.
3014 2678 3169 2735 Finis
3218 2689 3400 2734 autem
3442 2679 3626 2750 hujus,

2052 2788 2153 2829 nec
2204 2775 2395 2828 timere
2426 2771 2657 2843 .quidem
2708 2772 2847 2829 ullos
2898 2773 3135 2843 amplius
3178 2774 3446 2827 tunmltus
3478 2812 3494 2836 ,
3536 2771 3631 2827 sed

352 2863 536 2934 λόγον,
567 2863 827 2931 ἀκίνητος
875 2862 1013 2932 πρὸς
1066 2860 1240 2931 θυμδν
1286 2858 1528 2929 πέφυκεν
1567 2856 1731 2913 εἶναι.
1781 2859 1856 2914 Τὸ
1885 2859 1945 2915 δὲ

2050 2866 2310 2920 immotos
2342 2873 2395 2919 et
2420 2865 2539 2919 sine
2569 2878 2734 2920 sensu
2764 2864 2923 2934 quasi
2962 2864 3016 2918 in
3049 2864 3158 2920 illis
3187 2865 3498 2935 persistere.
3527 2863 3634 2931 Qui

352 2956 604 3011 ἐναντίον
634 2954 899 3027 πρόδηλον
922 2968 938 2985 ο
978 2954 1292 3025 ἡσυχαστής
1323 2954 1470 3006 ἔστιν
1506 2955 1535 3007 ὁ
1565 2953 1628 3006 τδ
1654 2950 1946 3025 ἀσώματον

2050 2957 2392 3027 progreditur
2430 2963 2486 3010 et
2512 2970 2617 3010 non
2659 2955 2922 3026 loquitur,
2951 2966 3269 3011 mansuetus
3306 2966 3412 3023 est,
3442 2965 3495 3010 ct
3520 2957 3634 3025 ple.

354 3051 419 3104 ἐν
449 3047 750 3121 σωματικῷ
775 3047 910 3117 οἴκῳ
937 3045 1271 3117 περιορίζειν
1301 3044 1643 3117 φιλονεικῶν,
1674 3046 1734 3099 τὸ
1762 3046 1943 3118 παρά-

2050 3061 2179 3101 num
2208 3044 2494 3099 charitatis
2518 3042 2881 3098 domicilium.
2908 3043 3010 3110 Qui
3039 3059 3181 3113 aegre
3208 3043 3275 3098 ad
3301 3044 3633 3114 loquendum

356 3140 513 3206 δοξον
539 3154 554 3170 ⁸
589 3141 750 3210 τηρεί
780 3138 877 3207 μὲν
910 3136 1013 3208 μῦν
1045 3138 1078 3208 ἡ
1118 3135 1311 3191 τούτου
1359 3135 1656 3207 θηρεύτρια
1683 3153 1699 3168 ο
1752 3136 1855 3208 μῦν
1889 3136 1946 3189 δὲ

2050 3146 2398 3211 permovetur
2449 3138 2518 3193 ad
2555 3138 2690 3193 iram
2723 3137 2950 3192 omnino
3004 3136 3307 3203 permoveri
3372 3152 3480 3191 non
3536 3151 3638 3206 po-

356 3231 574 3304 νοητὸν,
616 3228 925 3301 ἡσυχαστοῦ
963 3228 1161 3282 ἔννοια.
1212 3228 1309 3298 Μὴ
1349 3227 1490 3282 ἔστω
1531 3242 1615 3281 σοι
1642 3227 1946 3297 ἀπόϐλητον

2050 3242 2175 3289 test.
2213 3232 2309 3287 His
2343 3231 2619 3287 contraria
2652 3239 2782 3286 sunt
2810 3239 3014 3299 aperta.
3061 3228 3354 3284 Solitarius
3386 3245 3480 3284 seu
3509 3231 3639 3298 qni-

357 3324 423 3379 τὺ
454 3321 753 3396 προλεχθὲν
795 3319 1101 3391 ὑπόδειγμα
1127 3334 1142 3349 ⁶
1197 3321 1247 3373 εἰ
1289 3319 1347 3373 δὲ
1386 3318 1481 3392 μὴ,
1517 3319 1672 3374 οὔπω
1714 3319 1947 3392 ἡσυχίαν

2050 3327 2155 3380 etis
2188 3334 2243 3380 et
2271 3323 2585 3379 solitudinis
2617 3324 2894 3378 studiosus
2929 3322 2976 3376 is
3016 3331 3100 3376 est
3129 3321 3221 3391 qui
3269 3331 3522 3375 naturam
3555 3322 3642 3375 itt-

360 3412 693 3484 ιγνώρισας.
736 3412 848 3482 Οὐχ
879 3410 1054 3475 οὕτως
1083 3409 1319 3482 μοναχὺς
1354 3410 1430 3478 (5)
1462 3409 1845 3483 [ἡσυχαστὴς].
1874 3411 1951 3473 ὡς

367 3504 608 3577 μοναχὺς
654 3501 892 3575 μοναχῷ.
945 3501 1006 3555 '0
1043 3501 1276 3572 μοναχὸς
1321 3500 1536 3572 νήψεως
1587 3501 1812 3570 πολλῆς,
1860 3501 1954 3554 καὶ

361 3595 717 3665 ἁρεμὸάστου
748 3595 867 3659 νοὸς
894 3592 1074 3647 δέεται
1106 3608 1121 3624 ·
1175 3592 1255 3663 τῷ
1286 3593 1384 3663 μὲν
1413 3593 1666 3665 προτέρῳ
1696 3592 1954 3654 πολλάκις

363 3684 671 3759 ἐϐοήθησεν
702 3685 919 3757 ἓτερος’
951 3682 1029 3754 τῷ
1053 3682 1112 3736 δὲ
1144 3683 1380 3755 δευτέρῳ
1413 3685 1756 3754 συνήργησεν
1788 3682 1954 3750 ἄγγε-

365 3779 499 3842 λος·
548 3776 742 3849 νοεράς
773 3777 1031 3847 δυνάμεις
1059 3775 1554 3848 συλλειτουργοῦσι,
1587 3775 1683 3828 καὶ
1726 3773 1957 3844 φιλοχωο

373 3874 565 3945 ροῦσιν
596 3874 654 3925 ὲν
673 3869 893 3942 ψυχικῷ
918 3872 1221 3943 ήσυχαστῇ.
1252 3869 1326 3923 Τὸ
1346 3868 1405 3923 δὲ
1432 3868 1674 3924 ἐναντίον
1697 3869 1958 3939 σιωπήσω

373 3979 466 4016 σοι
499 3961 577 4032 (ὁ)
606 3977 622 3994 ο
668 3961 956 4033 δογμάτων
990 3960 1148 4032 βυθὸς
1184 3960 1374 4032 βαθὺς,
1413 3959 1538 4023 νοῦς
1565 3959 1623 4013 δὲ
1652 3957 1956 4029 ήσυχαστοῦ

372 4051 600 4108 ἅλλεται
636 4052 737 4105 οὐκ
762 4050 1060 4115 ἀκινδύνως
1104 4052 1163 4106 ὲν
1206 4051 1391 4114 αὐτοῖς
1428 4050 1505 4121 (5)
1530 4066 1543 4079 °
1589 4049 1688 4103 οὔκ
1719 4048 1961 4117 ἀσφαλὲς

378 4142 500 4213 μετ’
532 4141 763 4213 ἐσθῆτος
789 4142 1049 4213 νήχεσθαι
1072 4156 1089 4174 ο
1121 4141 1242 4196 οὐδὲ
1265 4140 1438 4205 πάθος
1467 4139 1657 4210 ἔχοντα
1682 4137 1961 4208 θεολογίας

377 4234 673 4290 ἅπτεσθαι.
724 4233 904 4302 Κέλλη
959 4233 1059 4305 μὶν
1090 4231 1404 4305 ήσυχαστοῦ
1457 4230 1814 4302 περιορισμὸς
1853 4229 1963 4282 oth-

378 4344 575 4397 ματος,
610 4326 823 4380 ἔνδοθεν
869 4324 1068 4396 ἔχουσα
1110 4321 1258 4379 οἶκον
1308 4322 1580 4393 γνώσεως.
1635 4324 1695 4377 '0
1729 4321 1964 4394 ψυχικὸν

374 4419 555 4483 πάθος
584 4418 775 4482 νοσῶν,
799 4417 895 4472 καὶ
920 4417 1150 4488 ἡσυχίαν
1182 4414 1429 4489 [ἠσυχίᾳ]
1464 4415 1755 4487 ἐπιχειρῶν
1779 4416 1965 4487 ὅμοιός

2050 3430 2373 3485 corpoream
2400 3412 2650 3483 corporis
2681 3413 2765 3469 sui
2795 3411 3075 3467 domicilio
3105 3410 3275 3481 (quod
3309 3426 3443 3465 sane
3480 3426 3644 3479 para-

2052 3508 2257 3563 doxum
2286 3516 2340 3562 et
2372 3521 2556 3560 rarum
2589 3503 2694 3575 est)
2721 3503 3185 3561 circumscribere
3210 3515 3266 3559 et
3316 3504 3643 3559 concludere

2055 3610 2307 3656 conatur.
2350 3598 2670 3669 Aucupatur
2698 3599 2917 3669 quidem
2953 3613 3162 3653 murem
3192 3599 3442 3653 venatrix
3480 3598 3647 3667 hujus

2056 3686 2178 3742 fetis
2217 3705 2230 3740 :
2271 3687 2364 3742 sed
2398 3702 2607 3740 murem
2642 3686 2980 3755 spiritualem
3011 3687 3128 3756 (seu
3158 3685 3484 3757 daemonem)
3513 3686 3647 3739 soli-

2059 3779 2182 3834 tarii
2224 3777 2428 3833 intenta
2471 3792 2626 3832 meus
2670 3788 2725 3832 et
2775 3777 3054 3847 cogitatio.
3091 3775 3211 3833 Non
3240 3777 3491 3833 videatur
3547 3779 3644 3833 tibi

2065 3867 2211 3939 quod
2282 3867 2394 3922 dixi
2449 3869 2757 3936 exemplum
2814 3866 3272 3922 contemnendum
3316 3874 3458 3922 :aut
3501 3878 3649 3924 certe

2061 3957 2245 4014 nescis
2283 3956 2414 4029 quid
2459 3957 2531 4011 sit
2562 3956 2805 4013 solitaria
2838 3957 2968 4011 vita.
3021 3956 3321 4013 Monachus
3368 3958 3649 4013 solitarius

2062 4070 2171 4108 non
2203 4061 2289 4107 est
2332 4061 2393 4107 ut
2418 4050 2722 4105 monachus
2742 4049 3039 4114 cmnobita,
3073 4049 3165 4104 ubi
3196 4049 3331 4103 alter
3354 4064 3480 4105 eum
3512 4049 3648 4105 alte-

2064 4160 2127 4199 ro
2164 4143 2317 4197 vivit.
2355 4139 2647 4197 Solitarius
2682 4141 2855 4194 multo
2882 4139 3090 4211 jejunio
3143 4139 3422 4210 multaque
3451 4142 3652 4196 mentis

2065 4235 2371 4290 constantia
2422 4233 2648 4304 indiget.
2678 4231 2856 4289 Priori
2885 4232 2964 4304 (α)
2997 4233 3111 4302 (seu
3146 4232 3463 4303 canobilte)
3507 4248 3653 4303 sa'pe

2066 4330 2203 4384 alter
2231 4343 2387 4398 Opem
2421 4327 2579 4392 tulit;
2609 4325 2762 4382 alteri
2796 4334 2978 4381 autem
3006 4341 3102 4380 seu
3145 4325 3393 4379 solitario
3425 4326 3654 4396 angelus

2067 4418 2357 4475 succurrit.
2378 4418 2648 4488 Angelicae
2670 4419 2896 4474 virtutes
2921 4433 3045 4474 cum
3069 4418 3314 4473 solitario
3336 4416 3655 4492 [spirituali]

375 4514 498 4567 ἔστι
539 4509 621 4582 τῷ
655 4513 714 4565 ὲν
764 4511 844 4582 τῷ
891 4511 1119 4580 πελάγει
1171 4512 1236 4563 ἐκ
1279 4509 1378 4580 τῆς
1406 4508 1533 4577 νηὸς
1567 4507 1947 4579 ἑκπηδήσαντι

2070 4510 2301 4565 libenter
2333 4519 2650 4574 versantur,
2685 4518 2855 4580 agunt
2869 4518 2923 4565 et
2952 4511 3286 4565 ministrant.
3304 4509 3654 4566 Contrarium

376 4607 479 4658 καῖ
510 4606 570 4657 ιν
620 4602 792 4657 σανίδι
837 4602 934 4656 ἐπὶ
966 4603 1066 4673 τὴν
1112 4601 1218 4671 γῆν
1260 4599 1559 4664 ἀκινδύνως
1607 4599 1831 4668 φθάνειν
1882 4599 1965 4653 δο-

377 4696 574 4751 κοῦντι
603 4712 618 4727 ·
668 4697 783 4749 ὅσοι
811 4698 878 4766 τῇ
914 4692 1072 4764 πηλῷ
1124 4693 1410 4763 μάχονται,
1450 4690 1659 4754 τούτοις
1689 4693 1745 4744 ὲν
1790 4690 1967 4763 καιρῷ

376 4788 571 4858 οίκείῳ
600 4789 634 4858 ή
665 4787 868 4859 ήσυχίκ
908 4785 1263 4858 συντρέχεται
1293 4782 1393 4856 [αι.
1417 4767 1782 4855 συνέῥχεται],
1814 4783 1969 4854 εἴπερ

380 4880 481 4934 καὶ
527 4880 620 4933 τὸν
654 4878 1024 4949 ὲφοδηγοῦντα
1069 4878 1406 4949 κέκτηνται·
1459 4876 1521 4929 τὸ
1560 4876 1668 4947 γὰρ
1719 4892 1970 4947 μεμονω-

382 4970 551 5041 μένον
605 4971 904 5041 άγγελικῆς
965 4969 1148 5040 ἰσχύος
1199 4968 1415 5023 δέεται*
1469 4967 1592 5038 ἐμοὶ
1634 4967 1793 5035 λόγος
1840 4966 1970 5034 περὶ

377 5062 557 5125 ὅντως
582 5062 906 5132 ἡσυχαστῶν
939 5060 1272 5131 σωματικαὶ
1302 5059 1596 5130 πνεύματι.
1632 5058 1971 5130 Ἦσυχαστὴς

379 5155 865 5227 άποῤῥᾳθυμήσας
909 5152 1135 5225 λαλήσει
1189 5152 1355 5225 ψεύδη
1385 5193 1400 5215 ,
1460 5153 1588 5216 τοὺς
1648 5150 1971 5224 ἀνθρώπους

380 5246 552 5300 αὑτὸν
581 5232 683 5315 τῆς
715 5244 945 5316 ἡσυχίας
977 5243 1184 5298 παῦσαι
1211 5243 1298 5298 διὰ
1331 5243 1447 5297 τῶν
1470 5243 1807 5314 αἰνιγμάτων
1838 5261 1972 5313 προ-

380 5337 746 5411 τρεπόμενος,
778 5335 1130 5406 Καταλείψας
1174 5337 1274 5408 τὴν
1310 5336 1531 5403 κὲλλαν,
1576 5338 1813 5390 αἰτιᾶται
1856 5337 1973 5390 δαί-

387 5445 584 5500 μονας,
617 5428 811 5499 λέληθε
856 5427 914 5481 δὲ
962 5428 1127 5492 αὐτὸς
1173 5427 1353 5499 ἑαυτῷ
1399 5428 1610 5500 δαίμων
1658 5428 1971 5498 γενόμενος.

385 5517 547 5572 Εἶδον
594 5517 927 5589 ήσυχαστέις.
976 5517 1073 5571 καὶ
1103 5516 1204 5588 τήν
1238 5516 1577 5590 φλεγομένην
1608 5517 1791 5572 αὐτῶν
1839 5518 1975 5588 πρὸς

382 5608 525 5663 Θεὸν
554 5607 850 5677 ἐπιθυμίαν
877 5609 967 5662 διὰ
998 5607 1098 5680 τῆς
1122 5606 1352 5680 ἡσυχίας
1378 5610 1716 5681 ἁπληρὼτως
1753 5609 1974 5680 πληρώ-

2071 4620 2178 4660 uou
2209 4603 2452 4672 estquod
2481 4602 2579 4657 tibi
2604 4603 2806 4658 dicam.
2836 4601 3160 4673 Dogmatum
3191 4603 3425 4656 altitudo
3460 4614 3544 4656 est.
3573 4603 3658 4655 in-

2072 4710 2207 4765 gens
2241 4704 2296 4750 et
2348 4693 2618 4764 profunda
2654 4693 2708 4747 in
2748 4708 2871 4762 qua:
2910 4709 3065 4747 mens
3103 4694 3333 4748 solitarii
3389 4709 3497 4747 non
3541 4694 3662 4747 sine

2074 4786 2317 4853 periculo
2346 4803 2403 4844 se
2447 4787 2723 4843 immittet.
2747 4785 2865 4842 Non
2906 4787 3024 4843 sine
3060 4786 3376 4843 discrimine
3419 4789 3663 4843 vestibus

2073 4878 2356 4936 involutus
2402 4888 2570 4944 natat,
2619 4894 2799 4949 neque
2839 4878 3019 4933 divina
3060 4880 3318 4950 mysteria
3361 4886 3417 4933 et
3459 4894 3660 4932 arcana

2076 4971 2362 5041 theologia:
2394 4970 2541 5041 capit
2572 4969 2721 5025 vitiis
2745 4970 3037 5025 obnoxius.
3076 4969 3219 5025 Cella
3247 4969 3473 5025 solitarii
3498 4967 3665 5040 ἀ.οᾷ

2078 5065 2323 5119 continet
2345 5078 2566 5133 corpus,
2589 5070 2646 5118 et
2670 5063 2819 5118 intus
2840 5063 3001 5118 habet
3022 5064 3356 5118 domicilium
3384 5061 3664 5131 cogitatio-

2080 5156 2189 5211 nis.
2221 5153 2328 5222 Qui
2364 5155 2574 5211 morbis
2607 5153 2776 5210 animi
2806 5153 3037 5218 laborat,
3067 5163 3120 5209 et
3152 5164 3331 5209 tamen
3380 5154 3539 5206 vitam
3573 5166 3665 5207 so-

2079 5246 2316 5301 litariam
2344 5247 2507 5303 audet
2536 5245 2780 5318 aggredi,
2812 5246 3039 5316 perinde
3066 5245 3195 5301 facit
3223 5261 3289 5299 ac
3334 5245 3427 5314 qui
3458 5244 3513 5298 in
3556 5243 3668 5298 alto

2083 5342 2218 5392 nmri
2250 5356 2312 5392 ex
2349 5339 2473 5393 navi
2504 5339 2688 5394 desilit
2713 5338 2767 5392 in
2810 5337 3031 5399 ductus,
3072 5345 3126 5391 et
3158 5338 3210 5391 in
3243 5336 3426 5392 tabula
3476 5334 3669 5390 existi-

2080 5441 2191 5483 mat
2218 5445 2276 5485 se
2317 5429 2436 5486 sine
2460 5431 2703 5500 periculo
2733 5431 2787 5485 in
2812 5439 3029 5502 portum
3058 5445 3374 5485 evasurum.
3405 5425 3510 5493 Qui
3540 5441 3667 5481 cum

2078 5520 2194 5574 luto
2228 5521 2476 5591 corporis
2502 5532 2556 5576 et
2590 5527 2777 5578 carnis
2809 5538 2923 5579 suae
2951 5523 3249 5581 luctantur,
3276 5520 3364 5575 his
3396 5534 3499 5575 suo
3529 5529 3670 5574 tem-

2082 5627 2212 5682 pore
2245 5614 2350 5667 vita
2375 5614 2620 5669 solitaria
2648 5616 2925 5682 convenit,
2959 5614 3003 5670 si
3038 5624 3217 5667 tamen
3253 5612 3559 5683 religiosum
3586 5610 3668 5667 vi-

463 5785 544 5857 (α)
574 5783 747 5841 Voces
771 5787 920 5856 prior
985 5796 1038 5841 et
1077 5788 1340 5855 posterior
1382 5797 1562 5842 essent
1601 5789 2015 5845 rommutandze.
2054 5786 2260 5861 Nempe
2293 5791 2443 5862 prior
2498 5803 2581 5848 est
2629 5791 2944 5861 solitarius;
3003 5796 3137 5851 alter
3195 5794 3489 5852 rmnobita.

692 5874 965 5936 Ρλτιιοιι.
1011 5878 1126 5936 Gn.
1172 5877 1532 5938 LXXXVI”.

3341 5888 3414 5949 35
