4030 6486
412 417 547 481 1099
1671 416 1732 475 S.
1773 413 2096 474 JOANNIS
2122 413 2432 474 CLIMACI
3528 417 3667 483 1100

406 550 471 592 ta:
507 534 701 589 ducem
727 533 1031 590 habuerint.
1068 531 1224 599 Quod
1256 547 1400 588 enim
1426 530 1730 587 solitarium
1756 540 1859 591 est.
1892 546 1989 584 an-

2108 547 2292 595 ῖαντας
2323 548 2334 560 ·
2388 531 2481 584 καὶ
2508 530 2619 602 πῦρ
2656 530 2807 601 πυρὶ,
2845 529 2938 583 καὶ
2967 531 3127 601 ἔρωτι
3161 530 3357 602 ἔρωτα,
3393 532 3487 584 καὶ
3522 531 3673 605 πόθῳ

402 627 573 697 gelica
604 624 771 680 tutela
815 634 870 681 ct
907 626 1107 680 virtute
1156 625 1373 695 indiget.
1410 624 1629 694 Loquor
1674 639 1774 694 ego
1805 632 1860 677 et
1892 638 1992 694 ago

2108 619 2261 671 πόθον
2290 619 2677 689 γεννήσαντας.
2719 619 3060 691 Ὶισυχαστής
3089 621 3206 673 ἔστι
3237 636 3407 685 τυπος
3435 621 3675 689 ἀγγέλου

404 715 473 771 de
499 716 643 772 veris
664 718 921 772 solitariis
939 732 1167 787 corpore
1195 724 1250 771 et
1275 717 1469 787 spiritu
1509 717 1600 786 (ab
1625 715 1772 771 onttti
1798 716 1991 769 huma-

414 819 480 860 no
511 806 793 861 consortio
815 805 1130 876 scjunctis).
1179 804 1467 861 Solitarius
1501 807 1729 877 ignavus
1757 804 1996 875 proteret

415 898 716 963 mendacia,
748 900 972 968 quando
1000 915 1094 969 per
1125 899 1393 954 obscuros
1419 912 1699 953 sermones
1726 898 1795 952 ab
1821 897 1996 953 homi-

413 992 598 1055 nibus,
656 999 777 1045 uta
830 990 1075 1046 solitaria
1114 992 1224 1046 vita
1266 991 1513 1054 desistat,
1565 990 1845 1046 incitatur.
1893 990 1993 1047 Ubi

413 1083 600 1137 cellam
636 1082 897 1149 deseruit,
928 1085 1144 1154 culpam
1179 1085 1233 1138 in
1272 1083 1549 1139 diabolum
1579 1083 1809 1149 confert,
1844 1083 1998 1152 igna-

415 1190 507 1230 rus
541 1175 689 1245 quod
726 1175 843 1246 ipse
877 1176 978 1231 sibi
1011 1172 1264 1232 diabolus
1299 1177 1370 1231 sit
1399 1173 1594 1231 factus.
1629 1172 1751 1229 Vidi
1783 1190 1882 1245 ego
1906 1189 1997 1230 so-

413 1267 625 1322 litarios
664 1268 758 1337 qui
795 1268 993 1323 ardens
1033 1282 1195 1323 suum
1246 1281 1376 1338 erga
1429 1269 1597 1322 Deum
1638 1266 1992 1331 desiderium,

412 1377 502 1432 per
540 1361 843 1417 solitariam
889 1362 1133 1433 quietem
1158 1360 1471 1432 inexplebili
1505 1361 1670 1417 modo
1698 1362 2000 1432 explerent,

406 1469 539 1511 eum
566 1454 747 1524 ignem
777 1467 842 1508 ex
865 1454 1010 1526 igne,
1047 1468 1292 1510 amorem
1323 1470 1389 1510 ex
1426 1468 1638 1516 amore,
1663 1454 1998 1509 desiderium

406 1562 477 1600 ea
514 1546 790 1601 desiderio
814 1555 1164 1617 procrearent
1192 1558 1246 1601 et
1277 1553 1555 1620 augerent.
1590 1544 1883 1603 Solitarius
1917 1557 2002 1602 cst

411 1638 689 1695 terrestris
740 1637 919 1696 forma
964 1639 1179 1712 angeli,
1231 1637 1327 1711 qui
1376 1639 1682 1695 orationem
1731 1655 1886 1695 suam
1933 1640 2003 1695 ab

412 1731 626 1801 ignavia
655 1738 710 1786 et
745 1731 1073 1802 negligentia
1097 1740 1196 1802 per
1215 1729 1461 1787 chartam
1486 1730 1743 1787 desiderii
1776 1740 1829 1785 et
1853 1732 2002 1788 litte-

2094 711 2336 780 ἐπίγειος
2362 706 2563 784 ’χάρτῃ
2610 711 2778 765 πόθου
2828 711 2921 787 κοαὶ
2976 712 3213 782 σπουδῆς
3245 713 3534 783 γράμμασι
3574 713 3679 783 τὴν

2095 802 2286 859 ἑαυτοῦ
2320 805 2626 877 προσευχὴν
2676 804 2947 876 ῥᾳθυμίας
2993 806 3088 858 καὶ
3121 805 3411 877 ὀλιγωρίας
3461 805 3683 859 ὲλευθςο

2097 897 2299 968 ρώσας.
2337 898 2679 969 Ἥσυχαστής
2712 900 2860 951 ἐστιν
2881 899 2909 949 6
2938 898 3139 968 βοήσας
3166 898 3412 968 ἐναργῶς
3432 914 3446 929 ·
3490 898 3677 952 'Etot-

2090 1004 2173 1055 μη
2202 987 2241 1056 ὴ
2271 988 2485 1057 καρδία
2507 1005 2647 1057 μου,
2673 990 2705 1041 ό
2726 986 2890 1053 Θεός.
2932 987 3276 1058 Ἠσυχαστής
3302 989 3451 1041 ἐστιν
3471 990 3682 1052 ἐκεῖνος

2095 1083 2123 1133 6
2149 1080 2319 1133 εἰπών
2340 1098 2353 1110 ·
2409 1076 2558 1149 Ἐγὼ
2590 1079 2884 1144 καθεύδω,
2916 1078 3016 1132 καὶ
3041 1080 3078 1148 ή
3108 1079 3324 1147 καρδιά
3347 1096 3468 1149 μου
3498 1080 3683 1149 drpv-

2097 1170 2252 1227 πνεῒ.
2301 1171 2463 1224 Κλεῖε
2510 1171 2608 1242 μὲν
2641 1170 2809 1242 θύραν
2843 1170 3042 1239 κέλλης
3073 1169 3287 1241 σώματι
3314 1188 3326 1200 ·
3381 1173 3478 1224 καί
3510 1172 3682 1241 θύραν

2100 1264 2348 1337 γλώσσης
2418 1264 2727 1334 φθέγμασι,
2800 1264 2895 1317 καὶ
2945 1263 3093 1317 ἔνδον
3145 1262 3321 1330 πύλην
3380 1263 3680 1334 πνεύμασι.

2099 1357 2315 1429 Γαλήνη
2345 1357 2466 1426 μὲν,
2513 1357 2607 1409 καὶ
2640 1356 2960 1428 μεσημερία
2991 1356 3146 1426 ήλίου
3173 1356 3453 1427 ὑπομονὴν
3482 1356 3683 1412 ναύτου

2099 1449 2323 1521 ήλεγξεν
2350 1447 2426 1520 (7)
2453 1464 2469 1478 ·
2496 1448 2700 1518 ἀπορία
2721 1448 2777 1501 δὲ
2805 1446 3027 1519 χρειῶν,
3050 1447 3352 1518 καρτερίαν
3371 1447 3683 1518 ήσυχαστοῦ

2099 1544 2447 1616 ἐφανέρωσεν
2470 1559 2486 1575 ο
2534 1545 2563 1597 6
2600 1543 2700 1614 μιν
2742 1543 2973 1615 ἀθυμῶν
3012 1545 3237 1617 νήχεται
3271 1543 3462 1598 ὕδασιν
3487 1560 3502 1574 ·
3555 1545 3584 1597 6
3625 1544 3685 1598 δὲ

2099 1635 2339 1706 ἀκηδιῶν
2385 1634 2617 1707 φύρεται
2664 1634 2897 1707 πλήθεσι
2942 1636 3040 1707 (8).
3094 1636 3187 1707 Μὴ
3242 1634 3411 1705 φοὸοὖ
3462 1634 3687 1688 κτύπων

2101 1726 2414 1799 ἀθύρματαο
2456 1726 2659 1781 δειλίαν
2685 1729 2796 1799 γὰρ
2841 1726 3036 1791 πένθος
3080 1726 3182 1780 οὐκ
3228 1727 3518 1780 έπίσταται
3562 1727 3686 1781 οὐδὲ

417 1838 504 1878 ras
558 1823 855 1893 diligentiae
903 1823 1178 1879 liberavit.
1224 1820 1518 1879 Solitarius
1553 1831 1637 1879 est
1687 1824 1779 1894 qui
1835 1824 2003 1881 libere

2108 1819 2392 1893 πτύρεται.
2435 1812 2536 1872 Ὧν
2569 1822 2597 1873 6
2634 1818 2759 1883 νοῦς
2809 1818 3129 1891 μεμάθηκεν
3160 1819 3378 1892 άληθῶς
3407 1821 3684 1893 εὔχεσθαι,

415 1892 684 1971 exclamat
718 1932 731 1970 :
765 1914 1025 1970 Paratum
1069 1926 1161 1969 car
1207 1929 1402 1981 meum,
1444 1914 1583 1969 Deus
1611 1916 1679 1970 οι.
1706 1892 1999 1974 Solitarius

2108 1892 2251 1969 οὗτοι
2279 1914 2455 1987 κυρίῳ
2498 1912 2743 1976 ὲνωπίως
2777 1913 2992 1983 ένωπίῳ
3030 1912 3306 1980 λαλοῦσιν,
3344 1912 3421 1977 ὡς
3624 1914 3688 1966 τὸ

417 2006 506 2062 ille
524 2007 727 2078 estqui
750 2009 879 2063 dicit
907 2026 920 2062 :
952 2005 1065 2078 Ego
1092 2006 1325 2075 dormio,
1350 2015 1398 2062 et
1425 2023 1515 2062 cor
1540 2022 1710 2062 meum
1734 2008 2000 2080 vigilat".

416 2097 579 2154 Cellae
612 2099 838 2169 januam
883 2096 1112 2155 occlude
1146 2096 1385 2168 corpori,
1432 2097 1632 2170 lingure
1659 2098 1883 2170 januam
1920 2101 2005 2155 lo-

415 2193 610 2262 quelte,
644 2199 701 2247 et
728 2192 926 2257 anima:
949 2191 1188 2271 claustra
1215 2189 1477 2245 interiora
1504 2191 1665 2246 malis
1693 2191 2004 2262 spiritibus.

417 2284 762 2339 Serenitaset
788 2284 869 2339 sol
896 2282 1229 2338 meridianus
1265 2291 1447 2337 nauta:
1465 2283 1782 2353 patientiam
1822 2292 2008 2341 osten-

416 2376 586 2444 dunt;
611 2390 794 2430 rerum
821 2388 951 2431 vero
979 2376 1414 2432 necessariarum
1442 2373 1625 2443 inepia
1660 2374 2000 2430 tolerantiam

416 2466 645 2524 solitarii
694 2467 1100 2538 comprobant:
1133 2481 1258 2522 nam
1306 2467 1397 2522 ille
1441 2467 1784 2537 impatientia
1839 2464 2002 2540 405

420 2554 591 2612 victus
614 2555 774 2625 aquis
797 2556 1044 2622 innatat;
1083 2555 1173 2611 ltie
1218 2556 1381 2611 tt'cdio
1425 2555 1737 2611 solitudinis
1778 2556 2003 2613 allectus

416 2647 699 2702 hominum
728 2648 909 2704 turbis
946 2662 1005 2703 se
1030 2649 1248 2704 miscet.
1282 2645 1402 2703 Non
1430 2651 1682 2720 estquod
1721 2651 1843 2705 vani
1873 2660 2006 2707 stre-

417 2739 563 2809 pitus
595 2740 832 2796 ludibria
854 2739 1136 2806 furmides,
1169 2740 1349 2797 luctus
1376 2741 1520 2796 enim
1551 2750 1752 2798 temere
1782 2752 1875 2798 aut
1898 2754 2006 2797 ter-

418 2832 524 2886 reri
571 2832 771 2888 nescit.
805 2833 1054 2899 Quorum
1095 2846 1253 2888 meus
1283 2844 1423 2889 vera
1461 2834 1699 2889 orationi
1749 2835 2004 2901 insuevit,

419 2924 641 2979 illleum
675 2924 789 2980 Deo
819 2924 959 2980 facie
987 2925 1053 2981 ad
1077 2924 1274 2981 faciem
1309 2930 1569 2996 tanquam
1601 2927 1653 2980 in
1695 2942 1883 2982 aurem
1920 2944 2007 2982 re-

2106 2002 2198 2070 οὗς
2225 2006 2321 2060 τοῦ
2360 1992 2647 2077 βασιλέως.
2688 2000 2792 2058 ’Ὧν
2828 2005 2889 2058 τὸ
2919 2005 3096 2077 στόμα
3125 2005 3369 2077 εὔχεται,
3415 2000 3560 2061 οὗτοι
3590 2007 3689 2060 ἐπὶ

2110 2099 2288 2167 πάσης
2315 2098 2414 2168 τῆς
2443 2096 2749 2167 συγκλήτου
2777 2094 2930 2167 αὐτῷ
2956 2098 3413 2169 προσπίπτουσιν.
3443 2099 3597 2151 Ὅσοι
3627 2097 3689 2150 ὲν

2108 2187 2300 2258 κόσμῳ
2339 2186 2749 2258 διατρίόουσιν,
2802 2181 2948 2241 οὗτοι
2998 2189 3057 2240 ἐν
3114 2186 3266 2258 μέσῳ
3308 2186 3405 2240 τοῦ
3455 2185 3688 2258 θορύϐου

2110 2278 2315 2343 παντὸς
2354 2277 2449 2332 τοῦ
2493 2277 2667 2350 δήμου
2710 2277 2803 2332 τὸν
2843 2276 3068 2348 βασιλέα
3104 2278 3462 2332 ἱκετεύουσιν.
3493 2278 3558 2331 Εἰ
3588 2278 3690 2347 τὴν

2105 2373 2302 2444 τέχνην
2333 2372 2709 2441 ἐπισταμένως
2736 2370 3065 2442 μεμάθηκας
3086 2410 3101 2437 ,
3143 2372 3245 2425 οὐκ
3273 2372 3490 2440 ἀγνοεῖς
3515 2371 3578 2424 τὸ
3604 2369 3692 2423 λε-

2106 2464 2358 2535 γόμενον.
2396 2461 2777 2533 Καθεζόμενος
2805 2461 2891 2531 ἐφ’
2939 2461 3110 2532 ὕψους
3140 2464 3315 2534 τήρει,
3352 2463 3402 2515 εί
3447 2463 3556 2531 ἄρα
3597 2463 3692 2514 καὶ

2108 2556 2421 2621 ἐπίστασαι,
2456 2553 2551 2611 καὶ
2579 2552 2700 2607 τότε
2725 2553 2848 2624 ὕψει
2883 2552 3022 2622 πῶς,
3053 2554 3147 2607 καὶ
3181 2554 3334 2619 πότε,
3362 2553 3458 2606 καὶ
3489 2551 3688 2606 πόθεν·

2109 2649 2204 2703 και⁷
2237 2646 2416 2710 πόσοι,
2456 2646 2552 2702 καὶ
2583 2649 2730 2701 ποῖοι
2764 2645 2995 2701 κλέπται
3031 2644 3317 2711 εἰσέλθεῖν,
3360 2644 3457 2698 καὶ
3496 2643 3689 2713 κλέψαι

2110 2741 2237 2804 τοὺς
2262 2738 2497 2812 βότρυας
2528 2738 2763 2810 ἔχονται.
2795 2736 3123 2808 ’Δποκαμὼν
3153 2738 3182 2791 6
3211 2734 3430 2799 σκοπὸς,
3454 2733 3692 2797 ἀναστὰς

2114 2833 2500 2907 προσεύχεται,
2537 2832 2632 2887 καὶ
2657 2831 2820 2886 πάλιν
2846 2829 3078 2894 καθίσας
3104 2828 3206 2899 τῆς
3230 2827 3503 2900 προτέρας
3530 2828 3693 2897 ὲργα-

2116 2926 2238 2989 σίας
2263 2923 2523 2995 ἀνδρείως
2550 2922 2757 2995 ἔχεται.

418 3012 502 3083 gis
534 3013 857 3083 loquuntur.
892 3014 996 3081 Qui
1028 3028 1126 3069 ore
1161 3014 1427 3070 duntaxat
1452 3024 1764 3085 precantur,
1802 3017 1877 3072 illi
1912 3018 2061 3073 velut
2122 3031 2307 3070 coram
2350 3023 2465 3070 toto
2521 3023 2715 3070 senatu
2776 3012 2844 3067 ad
2883 3010 3004 3081 ejus
3032 3024 3210 3082 genua
3273 3009 3556 3065 accidunt.
3586 3003 3692 3076 Qui

422 3100 476 3155 in
508 3101 712 3157 saeculo
740 3109 1051 3167 versantur,
1093 3100 1168 3155 illi
1195 3101 1246 3154 in
1276 3102 1458 3157 medio
1515 3102 1778 3159 tumultus
1836 3112 2101 3175 prtesente
2150 3113 2264 3158 toto
2322 3102 2523 3173 pottulo
2575 3101 2691 3171 regi
2763 3099 3090 3169 supplicant.
3149 3097 3306 3165 Quod
3348 3101 3394 3156 si
3438 3101 3692 3171 precandi

422 3199 595 3247 artem
619 3191 791 3262 probe
813 3192 1003 3258 calles,
1027 3206 1135 3246 non
1175 3202 1328 3262 potes
1354 3194 1610 3265 ignorare
1631 3195 1778 3265 quod
1827 3196 2036 3253 dictum
2074 3206 2178 3251 est.
2212 3195 2269 3249 In
2299 3195 2407 3249 alta
2461 3192 2680 3263 specula
2730 3193 2975 3249 residens
3007 3192 3237 3247 observa
3278 3191 3349 3261 (si
3379 3202 3561 3247 tamen
3591 3193 3693 3249 hoc

424 3282 594 3355 nosti)
625 3292 681 3338 et
716 3294 849 3339 tunc
868 3283 1080 3339 videbis
1110 3297 1219 3354 quo
1250 3294 1409 3355 pacto
1432 3292 1487 3341 et
1513 3286 1752 3354 quando,
1778 3295 1835 3341 et
1885 3286 2051 3353 unde,
2091 3295 2139 3341 et
2178 3300 2346 3356 quam
2381 3283 2562 3348 multi,
2594 3292 2649 3337 ει
2696 3281 3001 3352 cuiusmodi
3053 3280 3348 3337 latrunculi
3402 3299 3498 3339 seu
3546 3283 3695 3340 fures

424 3375 492 3432 ad
526 3376 738 3431 vineam
762 3383 912 3430 tuam
946 3378 1266 3430 tastaudam
1321 3373 1587 3446 irrepant.
1617 3374 1792 3432 Mente
1839 3375 2063 3448 fatigata
2101 3384 2289 3446 surget
2340 3385 2395 3431 ει
2423 3375 2677 3446 precibus
2705 3387 2929 3444 operam
2959 3371 3133 3439 dabit,
3168 3380 3283 3427 tum
3330 3388 3528 3432 rursus
3557 3378 3693 3434 resi-

424 3468 593 3534 drhit,
625 3478 678 3521 et
707 3467 857 3537 operi
888 3467 1053 3535 priori
1083 3467 1337 3522 alacriter
1362 3467 1598 3522 vacabit.

504 3560 784 3615 Statuerat
813 3559 1088 3628 quispiam
1132 3558 1228 3629 qui
1270 3559 1466 3613 harum
1514 3573 1698 3613 rerum
1742 3572 1904 3614 usum
1956 3565 2080 3622 ειο

428 3649 820 3724 experientiam
855 3648 1115 3716 habebat,
1152 3648 1415 3705 subtilius
1462 3658 1520 3704 et
1554 3650 1868 3705 accuratius
1918 3665 2014 3705 su-

429 3762 524 3816 per
554 3744 639 3799 his
657 3742 965 3806 disserere;
993 3743 1088 3799 sed
1119 3739 1326 3797 veritus
1353 3750 1438 3796 est
1469 3756 1537 3797 ne
1559 3751 1813 3799 strenuos
1844 3743 2013 3799 athle-

429 3848 512 3892 tas
539 3834 821 3906 segniores
844 3832 1112 3902 redderet,
1141 3843 1192 3890 ct
1216 3835 1470 3891 alacriter
1515 3845 1796 3891 currentes
1823 3832 2015 3889 verbo-

429 3946 549 3984 rum
593 3927 822 3999 strepitu
866 3927 1187 3984 deterreret.
1240 3929 1348 3997 Qui
1393 3930 1461 3985 de
1491 3928 1805 3986 solitudinis
1832 3927 2015 4000 quiete

429 4016 690 4073 subtilius
727 4025 782 4071 et
817 4015 1089 4072 eruditius
1137 4015 1415 4087 disputat,
1453 4018 1760 4072 daemonum
1802 4015 2011 4072 rabiem

429 4109 483 4162 in
518 4121 578 4163 se
614 4107 850 4163 concitat
882 4126 897 4161 :
931 4120 1094 4163 nemo
1123 4109 1268 4162 enim
1303 4109 1442 4164 alius
1507 4109 1701 4163 horum
1746 4118 1931 4178 turpes
1960 4117 2016 4164 et

428 4200 699 4256 absurdas
720 4199 1151 4255 machinationes
1174 4209 1283 4253 tant
1314 4200 1619 4256 luculenter
1643 4207 1821 4271 potest
1846 4199 1899 4254 itt
1927 4201 2012 4255 lu-

430 4304 548 4345 ccm
587 4287 855 4360 proferre.
882 4288 1207 4346 Solitudinis
1231 4290 1430 4360 quietae
1462 4299 1703 4347 sectator
1725 4292 1835 4346 alta
1861 4307 2015 4348 arca-

431 4394 628 4435 norum
680 4380 990 4435 divinorum
1026 4387 1312 4450 penetrat,
1363 4380 1428 4436 ad
1482 4397 1606 4453 qua:
1652 4397 1761 4437 non
1807 4380 2014 4452 aspirat

433 4471 536 4526 nisi
565 4471 718 4541 prius
749 4471 1015 4527 tumultus
1038 4472 1301 4528 ﬂuctuum
1331 4486 1385 4528 ει
1412 4474 1718 4530 daemonum
1744 4483 1917 4529 status
1949 4490 2014 4530 ac

433 4561 678 4617 turbines
702 4570 758 4616 ει
784 4562 981 4616 viderit
1003 4571 1058 4617 et
1079 4563 1335 4629 audierit,
1361 4570 1417 4618 et
1447 4563 1679 4621 fortasse
1707 4565 1871 4619 etiam
1897 4562 2014 4619 luc-

431 4638 525 4708 rit‘i
549 4653 617 4708 iis
662 4666 967 4722 respersus.
1007 4653 1310 4709 Conﬁrmat
1346 4654 1512 4727 me
1553 4656 1656 4711 hoc
1688 4655 2012 4711 auctoritate

432 4760 531 4801 sua
565 4744 788 4811 Paulus,
819 4746 913 4814 qui
945 4744 1050 4799 nisi
1097 4746 1151 4799 in
1184 4748 1498 4816 paradisum
1532 4755 1790 4819 tanquam
1837 4749 1892 4802 in
1922 4763 2011 4804 so-

431 4838 666 4893 litariam
695 4837 932 4907 quietem
960 4849 1153 4907 raptus
1192 4840 1405 4904 fuisset,
1438 4854 1719 4911 nunquam
1748 4842 2013 4912 potuisset

379 4974 385 4983 .
427 4943 628 4985 arcana
688 4928 850 4984 verba
898 4928 1108 4985 audire.
1156 4931 1322 4987 Auris
1379 4932 1434 4987 in
1479 4933 1773 4989 solitudine
1834 4933 2011 5004 posita

370 5051 380 5095 ς
427 5019 656 5090 accipiet
694 5035 726 5075 a
761 5018 873 5075 Deo
920 5019 1202 5075 inusitata.
1252 5020 1596 5092 Quapropter
1632 5032 1686 5078 et
1730 5026 1871 5093 apud
1912 5022 2016 5077 .lob

363 5109 375 5161 ι’
426 5113 830 5184 sapientissima
871 5113 989 5168 haec
1017 5115 1175 5183 quies
1223 5113 1362 5169 dixit
1390 5134 1404 5170 :
1437 5114 1628 5171 Utrum
1662 5133 1765 5171 non
1797 5119 2017 5187 accipiet

2195 3557 2484 3614 Ἦὸούλετό
2512 3574 2601 3623 τις
2627 3558 2687 3612 έν
2721 3558 2890 3630 πείρα
2920 3558 3054 3628 περὶ
3095 3557 3305 3613 τούτων
3331 3557 3570 3628 γεγονὼς
3606 3560 3692 3614 λε·

2116 3649 2266 3715 πτῶς
2316 3650 2411 3704 καὶ
2455 3648 2856 3721 ήκριϐωμένως
2905 3648 3122 3703 εἰπεῖν*
3176 3648 3314 3704 ἀλλὰ
3364 3652 3687 3723 πεφόϐηται,

2117 3743 2315 3814 μήπως
2345 3741 2580 3804 καὶτοῖς
2616 3742 2878 3813 ἐργάταις
2931 3740 3207 3813 ρᾳθυμίαν
3250 3743 3550 3815 ἐμποιήσῃ,
3597 3744 3692 3797 καὶ

2112 3834 2240 3897 τοὺς
2270 3830 2731 3905 προαιρουμένους
2773 3832 2853 3903 τῷ
2884 3831 3075 3905 κτύπῳ
3120 3833 3229 3889 τῶν
3273 3833 3449 3903 λόγων
3495 3818 3718 3888 ἁποσο-’

2115 3924 2280 3997 ϐήσῃ.
2331 3924 2389 3978 '0
2419 3924 2546 3996 περὶ
2575 3924 2807 3995 ἡσυχίας
2854 3924 3069 3988 λεπτῶς
3112 3924 3204 3981 καὶ
3247 3926 3567 3994 γνωπικῶς
3604 3926 3689 3992 ἐξ·

2114 4013 2436 4087 ηγούμενος,
2458 4014 2699 4087 διήγειρε
2716 4015 2837 4069 καθ’
2859 4015 3053 4069 ἑαυτοῦ
3080 4014 3357 4087 δαίμοναςο
3389 4016 3564 4080 οὐδεὶς
3586 4017 3689 4088 γὰρ

2114 4105 2299 4179 ἕτερος
2332 4106 2433 4172 τὰς
2455 4107 2660 4161 τούτων
2697 4106 3088 4179 ἀσχημοσύνας
3125 4107 3503 4178 θρωμόεὗσαι
3539 4109 3690 4162 δύνα-

2113 4216 2224 4255 ται.
2269 4199 2326 4253 '0
2360 4200 2589 4271 ήσυχῗαν
2629 4199 2953 4254 καταλαϐὼν
2987 4200 3129 4270 έγνω
3169 4200 3330 4271 βυθὸν
3359 4201 3686 4273 μυστηρίων,

2112 4291 2176 4342 ού
2211 4290 2538 4360 κατελήλυθε
2571 4290 2627 4343 δὲ
2660 4292 2718 4343 ἐν
2758 4290 2933 4362 τούτῳ
2966 4292 3015 4346 εἰ
3063 4290 3139 4363 μή
3180 4292 3377 4362 πρώην
3416 4293 3549 4356 τοὺς
3586 4291 3692 4344 τῶν

2115 4379 2377 4451 κυμάτων
2400 4379 2662 4453 θορύϐους
2687 4379 2783 4433 καὶ
2807 4382 3135 4452 πνευμάτων
3160 4381 3421 4453 ἀνέμους,
3460 4382 3557 4436 καὶ
3583 4376 3688 4434 εἶδε

2115 4472 2210 4526 καὶ
2234 4460 2467 4544 ἤκουσεν
2494 4488 2507 4503 ο
2556 4471 2687 4536 ἴσως
2729 4472 2823 4527 καὶ
2850 4472 3204 4544 ὲρῤαντίσθη.
3254 4474 3428 4545 Κυροῐ
3456 4473 3518 4526 τὸ
3543 4475 3689 4544 εἰρη-

2116 4563 2276 4635 μένον
2308 4561 2540 4626 Παῦλος·
2569 4563 2713 4634 εἰμὴ
2742 4562 2851 4635 γὰρ
2875 4564 2933 4617 έν
2958 4563 3274 4636 παραδείσῳ
3303 4564 3380 4629 ὡς
3409 4565 3468 4617 ἐν
3494 4564 3689 4634 ἡσυχίᾳ

2114 4654 2361 4726 ἡρπάγη,
2409 4655 2508 4707 οὐκ
2548 4652 2614 4708 ἂν
2658 4655 2876 4726 ἄρρητα
2925 4656 3148 4727 ῥήματα
3176 4654 3411 4710 ἀκοῦσαι
3443 4655 3686 4725 ἠδύνατο.

2115 4745 2226 4813 Τῆς
2249 4746 2475 4816 ἡσυχίας
2504 4748 2565 4799 τὸ
2599 4743 2692 4811 οὖς
2728 4747 2940 4815 δέξεται
2973 4748 3126 4818 παρὰ
3154 4747 3290 4801 Θεοῦ
3332 4747 3566 4812 ἐξαίσια.
3605 4746 3693 4800 Διὸ

2115 4837 2207 4891 καὶ
2244 4837 2302 4889 ἐν
2343 4837 2421 4908 τῷ
2473 4836 2592 4891 ’1ὼῦ
2626 4836 2766 4909 αὕτη
2810 4839 2845 4909 ἡ
2879 4838 3155 4907 πάνσοφος
3193 4836 3347 4906 ἔλεγε
3370 4854 3385 4869 ο
3436 4839 3694 4905 Πότερον

2115 4930 2186 4983 οὐ
2221 4927 2458 4993 δέξεταί
2492 4946 2615 4998 μου
2654 4929 2723 4985 τὸ
2759 4923 2869 4996 οὖς
2905 4928 3146 4995 ἐξαίσια
3192 4931 3330 4998 παρτ
3367 4928 3554 4984 αὐτοῦ
3597 4928 3695 4997 (9);

2128 5018 2475 5090 Ἡσυχαστής
2504 5021 2652 5074 ἐστιν
2668 5022 2696 5073 6
2717 5018 2888 5084 οὕτως
2915 5019 3133 5092 φεύγων
3155 5019 3389 5090 ἀμίσως,
3413 5018 3489 5081 ὡς
3512 5017 3694 5087 ἕτερος

2123 5110 2471 5182 προστρέχων
2503 5111 2762 5183 ῥᾳθύμως
2792 5111 3031 5184 ἐκκοπὴν
3058 5112 3395 5182 γλυκύτητος
3434 5109 3571 5163 Θεοῦ
3603 5108 3694 5161 λα-

424 5207 572 5261 aurt's
605 5222 726 5261 mea
770 5206 1032 5261 inusitata
1076 5204 1142 5259 ab
1189 5222 1249 5261 eo
1295 5206 1385 5262 "l
1413 5204 1705 5263 Solitarius
1750 5214 1868 5274 est,
1927 5206 2011 5279 qui

2125 5202 2241 5254 δεῖν
2284 5202 2359 5273 μὴ
2410 5201 2752 5285 βουλόμενρς.
2822 5201 3099 5256 Ἀπελθὼν
3143 5200 3438 5272 σκόρπισόν
3479 5216 3578 5252 σου
3619 5198 3694 5268 (α)

427 5300 498 5352 ita
525 5313 718 5354 omnes
735 5298 878 5369 (sine
902 5296 1030 5352 oilio
1055 5298 1259 5367 tamen)
1290 5298 1510 5371 refugtt,
1544 5310 1606 5354 ut
1632 5300 1772 5356 alius
1794 5301 1860 5356 ad
1888 5315 2011 5354 om-

425 5401 523 5440 nes
559 5385 713 5442 facile
742 5384 1001 5440 accurrit.
1034 5383 1192 5452 Quod
1224 5385 1508 5442 solitarius
1535 5386 1684 5453 facit,
1721 5402 1790 5443 ne
1818 5389 2008 5444 dulce-

425 5479 569 5534 dinis
618 5476 820 5533 divinae
856 5476 1141 5549 iacturam
1181 5477 1365 5534 faciat.
1412 5477 1676 5535 Abiturus
1702 5462 1881 5536 omnia
1915 5488 2007 5535 tua

2119 5294 2442 5366 συντόμως·
2502 5294 2564 5348 τὸ
2619 5297 2767 5369 γὰρ,
2811 5295 3109 5364 Πώλησόν
3157 5310 3298 5361 σου,
3350 5294 3568 5365 χρόνου,
3626 5291 3695 5344 τὰ

2116 5388 2488 5459 ὑπάρχοντα,
2542 5389 2643 5443 καὶ
2675 5389 2780 5457 δὸς
2808 5388 3068 5460 πτωχοῖς
3110 5387 3251 5460 (ιο),
3300 5389 3388 5441 ἴνα
3418 5387 3484 5440 δι’
3530 5384 3694 5454 εὐχῆς

2118 5475 2256 5547 πρὸς
2290 5475 2386 5547 τὴν
2438 5477 2667 5549 ήσυχίαν
2713 5478 3096 5549 συνδράμωσι·
3142 5474 3277 5549 ἆρον
3322 5476 3415 5530 τὸν
3463 5471 3692 5544 σταυρόν

492 5677 533 5709 ’⁸
560 5676 704 5732 Psal.
734 5676 920 5742 “1,8.
994 5677 1041 5708 ⁸³
1061 5674 1289 5741 Canta,
1311 5674 1365 5732 2.
1441 5675 1607 5732 "Job
1632 5694 1701 5745 tv,
1723 5678 1881 5759 l2.——
1905 5678 2011 5733 Lat‘

2117 5678 2266 5750 Sept.
2291 5676 2520 5748 lnterpr.
2548 5677 2710 5734 habet
2729 5677 3048 5748 iudccentia,
3067 5679 3213 5750 quod
3251 5692 3360 5734 non
3376 5683 3459 5733 est
3483 5674 3551 5730 ad
3576 5686 3686 5728 rem

499 5791 572 5861 (ο)
609 5790 691 5844 Al.
729 5790 881 5847 deest
915 5788 1029 5847 σοῦ.
1065 5788 1316 5846 Fortasse
1353 5790 1763 5848 rescribendum
1788 5794 1853 5848 τά
1882 5811 2000 5855 σου,
2041 5801 2153 5848 tua.
