4030 6440
425 416 567 484 1105

560 533 702 603 Περὶ
734 532 1027 606 διαφορᾶς
1055 534 1148 591 καί
1177 526 1531 606 διακρίσεως
1560 539 1854 610 ἡσυχιῶν.

1350 424 1583 486 SCALA
1620 423 2004 485 PAMDISI.
2043 447 2113 459 -
2150 422 2460 484 GRADUS
2496 419 2735 483 XXVII.

3547 413 3682 478 1106

2031 546 2077 601 Α
2143 541 2218 596 De
2241 540 2548 610 lii/ferentia
2588 547 2639 592 et
2671 536 2979 591 discrimine
3014 535 3272 607 religiosa:
3319 533 3645 588 solitudinis.

1779 672 1906 734 (Sub
1929 677 2111 727 eodem
2130 673 2327 739 gradu.)

495 770 617 825 Elei
662 770 793 841 (καὶ
834 768 993 823 τοῦτο
1036 771 1170 824 πᾶσι
1200 770 1510 844 γνώριμον)
1549 776 1607 827 ἑν
1647 774 1849 837 πάσαις
1886 777 2007 839 ταῖς

424 860 536 914 τῶν
583 860 906 931 ἐπιστημῶν
940 862 1325 927 καταστάσεσι,
1370 863 1607 933 γνωμῶν
1658 866 1752 918 καὶ
1801 861 2007 934 βουλῶν

421 953 717 1026 διαφοραί·
766 954 828 1007 οὑ
861 953 972 1025 γὰρ
1017 954 1234 1008 πάντων
1275 954 1455 1008 πάντα
1490 955 1559 1008 τὰ
1603 954 1786 1008 τέλεια
1823 954 1889 1008 δι’
1926 953 2011 1006 ἑν-

421 1047 577 1101 δειαν
610 1045 871 1117 σπουδῆς,
920 1045 952 1117 ἢ
997 1046 1093 1100 καὶ
1138 1046 1206 1099 δι’
1235 1045 1472 1114 ἀπορίαν
1505 1046 1810 1116 δυνάμεως.
1855 1047 2010 1099 Εἰσὶν

423 1140 478 1193 oi
525 1136 618 1190 ἑπὶ
650 1138 742 1190 τὸν
775 1137 969 1208 λιμένα
1015 1137 1224 1203 τοῦτον,
1262 1136 1463 1208 μᾶλλον
1509 1136 1567 1190 δὲ
1609 1137 1671 1190 τὺ
1701 1136 1938 1205 πέλαγος
1975 1136 2009 1207 ἢ

425 1227 568 1298 τάχα
600 1228 692 1282 τὸν
727 1228 911 1298 βυθὸν,
945 1229 1317 1301 εἰσερχόμενοι
1345 1228 1412 1283 δι’
1443 1228 1726 1284 ἀσθένειαν
1758 1228 1850 1283 τοῦ
1880 1231 2011 1283 ἑαυ-

428 1317 537 1370 τῶν
566 1317 833 1388 στόματος
858 1321 957 1389 (l),
982 1319 1076 1372 καὶ
1104 1317 1352 1389 σώματος
1379 1317 1468 1372 διὰ
1497 1317 1764 1390 πρόληψιν
1792 1333 1808 1348 ⁸
1835 1319 2012 1390 ἕτεροι

429 1408 689 1481 ἀκρατῶς
730 1410 867 1480 πρὸς
920 1408 1091 1482 θυμὸν
1137 1409 1372 1482 ἔχοντες,
1430 1411 1525 1464 καί¹
1583 1412 1724 1483 μετά
1774 1411 2015 1482 πλήθους

432 1504 710 1575 κρατῆσαι
741 1503 933 1557 τοῦτον
983 1504 1060 1577 μὴ
1119 1504 1410 1576 δυνάμενοι
1441 1507 1492 1558 οι
1540 1503 1769 1569 τάλανες
1795 1522 1808 1535 ·
1866 1504 2015 1560 ἄλλοι

437 1595 750 1667 ίδιορυθμίᾳ
788 1595 989 1667 μᾶλλον
1020 1596 1120 1668 (2),
1155 1598 1189 1668 ἢ
1218 1597 1412 1669 ὁδηγίᾳ
1440 1598 1501 1665 ἑξ
1526 1599 1795 1668 οἰκήσεως
1829 1597 2014 1652 πλέειν

437 1687 773 1759 σκεψάμενοι
797 1704 812 1720 ·
841 1688 1018 1762 ἕτεροι
1053 1689 1129 1761 μὴ
1161 1689 1450 1760 δυνάμενοι
1481 1690 1538 1744 ἑν
1573 1689 1722 1760 μέσῳ
1750 1688 1851 1760 τῆς
1880 1688 2016 1762 ὕλης

435 1779 547 1834 τῶν
571 1758 715 1834 ὑλῶν
747 1758 1091 1851 ἀπέχεσθαι’
1116 1758 1127 1761 ὴ
1149 1758 1311 1845 τινὲς
1343 1781 1465 1851 μὲν,
1522 1758 1610 1834 ἵνα
1644 1758 1925 1836 σπουδαῖοῖ
1952 1758 2018 1835 ἑκ

436 1873 539 1943 τῆς
566 1871 817 1936 ίδιάσεως
849 1871 1143 1941 γένωνταισ
1180 1872 1329 1927 ἄλλοι
1357 1872 1445 1926 ἵνα
1473 1871 1769 1942 ἅγνώστως
1794 1872 2019 1936 ἑαυτοὺς

442 1965 584 2036 ὑπὲρ
626 1964 868 2017 εὐθυνῶν
909 1964 1165 2019 αίκίσωσι
1211 1962 1555 2036 [κολάσωσι]
1586 1981 1599 1995 ·
1646 1963 1792 2028 τινὲς
1820 1963 1899 2025 δὲ,
1930 1963 2020 2018 ἵνα

451 2148 631 2221 ιτεροι
685 2151 756 2220 (εί
792 2150 904 2222 ἄρα
932 2150 1103 2204 ἐλθὼν
1131 2150 1160 2203 ὁ
1200 2150 1326 2214 re;
1351 2148 1446 2203 τοῦ
1476 2149 1766 2221 ἀνθρώπου
1801 2149 2023 2220 εὑρήσει

451 2241 716 2305 τοιούτους
742 2242 835 2295 ἐπὶ
865 2243 961 2313 τῆς
990 2242 1118 2314 γῆς)
1146 2241 1236 2297 διὰ
1261 2242 1474 2313 τρυφὴν
1506 2242 1601 2295 καὶ
1628 2241 1788 2311 δίψαν
1812 2241 1910 2310 τῆς
1932 2239 2025 2293 τοῦ

446 2330 584 2385 Θεοῦ
615 2332 837 2403 ἀγάπης
889 2334 986 2387 καὶ
1022 2330 1363 2402 γλυκύτητος
1394 2334 1461 2402 τῇ
1489 2332 1615 2403 ὁσίᾳ
1639 2331 1810 2403 ταύτῃ
1839 2329 2028 2394 συζευο

446 2423 689 2493 χθέντες,
741 2424 803 2476 οὐ
838 2424 1103 2495 πρότερον
1153 2422 1313 2477 τοῦτο
1358 2424 1687 2493 ποιήσαντες
1717 2425 1846 2494 πρὶν
1877 2421 2028 2494 πάσῃ

446 2514 647 2585 ἀκηδίᾳ
674 2513 1005 2568 ἀποστάσιον
1029 2515 1296 2570 δεδώκασι
1325 2516 1422 2585 (5).
1468 2514 1685 2585 Ταύτης
1709 2514 1818 2585 γὰρ
1841 2515 1874 2585 ἡ
1912 2531 2033 2568 συν-

446 2605 637 2673 άφεια,
687 2606 914 2676 πορνεία
960 2606 1114 2675 παρὰ
1156 2609 1223 2677 τῇ
1269 2606 1516 2679 προτέρᾳ
1557 2605 1841 2679 κρίνεται·
1891 2605 2032 2660 κατὰ

448 2696 547 2768 τὴν
572 2697 776 2766 γνῶσιν
801 2698 902 2770 τὴν
930 2697 1094 2770 ψιλήν
1122 2698 1222 2770 τὴν
1250 2699 1496 2754 δοθεῖσάν
1528 2716 1642 2770 μοι,
1676 2698 1751 2763 ὡς
1778 2699 1840 2752 οὑ
1870 2698 2033 2767 σοφὸς

447 2775 792 2859 ἀρχιτέκτων
824 2789 1072 2862 κλίμακα
1118 2791 1437 2856 ἀναϐάσεως
1471 2791 1824 2863 πεπελέκηκα
1849 2806 1863 2820 ·
1902 2790 2033 2843 ’ἑκα-

451 2895 575 2943 στος
602 2879 661 2933 δὲ
685 2880 871 2935 λοιπὸν
906 2881 1150 2952 βλεπέτω
1182 2884 1239 2935 ἑν
1276 2880 1406 2952 ποίᾳ
1435 2881 1655 2953 βαθμίδι
1688 2881 1942 2952 ἕστηκεν,
1975 2878 2036 2944 ἐξ

453 2967 828 3040 ίδιορυθμίας,
879 2969 968 3024 διὰ
1022 2971 1182 3036 δόξαν
1234 2968 1572 3042 ἀνθρώπων,
1631 2970 1699 3023 δι’
1752 2968 2036 3024 ἀσθένειαν

452 3055 708 3128 Υλὼσσης
735 3074 751 3089 ο
798 3059 866 3112 δι’
895 3061 1169 3131 ἀκρασίαν
1201 3059 1399 3132 θυμοῦ,
1435 3059 1524 3114 διὰ
1552 3058 1754 3131 πλῆθος
1791 3076 2037 3131 προσπα-

454 3149 627 3215 θείας,
659 3150 748 3205 ἵνα
779 3151 1010 3217 εὐθύνας
1042 3152 1286 3216 τίσωσιν,
1320 3152 1410 3207 ἵνα
1441 3152 1720 3206 σπουδαῖοι
1748 3151 2034 3221 γένωνται,

452 3241 543 3301 ἶνα
584 3241 696 3312 πῦρ
725 3244 861 3313 πυρὶ
890 3242 1331 3314 προσλάϐωνται.
1373 3243 1654 3297 Ἔσονται
1700 3243 1756 3296 οἱ
1789 3240 2039 3310 ἔσχατοι

2181 775 2372 831 Solent
2412 788 2535 830 esse
2566 773 2734 844 (quod
2766 772 2983 842 ignorat
3027 774 3212 842 nemo)
3243 771 3297 824 in
3333 768 3484 824 onmi
3511 767 3687 822 scien-

2109 869 2308 923 tiarum
2355 879 2554 935 genere
2595 864 2992 920 sententiarum
3033 873 3088 918 et
3122 862 3465 917 voluntatum
3496 856 3691 913 discri-

2110 959 2281 1014 mina.
2318 954 2503 1024 Neque
2546 955 2693 1010 enim
2744 955 2991 1009 omnium
3036 954 3223 1009 omnia
3263 962 3393 1009 sunt
3421 949 3687 1022 perfecta,

2112 1051 2312 1121 partim
2340 1047 2485 1119 quod
2508 1047 2633 1102 aliis
2651 1046 2793 1103 desit
2818 1047 3060 1102 studium
3077 1054 3131 1101 et
3151 1044 3464 1115 diligentia;
3495 1042 3690 1112 partim

2114 1147 2337 1211 propter
2382 1135 2697 1191 facultatem
2729 1142 2783 1188 et
2824 1133 3125 1204 ingenium.
3170 1130 3309 1186 Sunt
3330 1131 3425 1200 qui
3451 1131 3518 1184 ad
3547 1129 3694 1182 hunc

2113 1241 2332 1299 partum
2371 1227 2660 1299 (solitariae
2690 1226 2857 1296 vitae),
2891 1225 2974 1279 vel
3005 1223 3189 1293 potius
3217 1223 3441 1293 pelagus
3467 1229 3560 1275 aut
3587 1235 3696 1274 ma-

2114 1325 2191 1378 ris
2222 1320 2555 1393 profundum
2587 1319 2969 1395 ingrediuntur
2996 1326 3216 1388 propter
3242 1315 3693 1371 incontinentiam

2117 1414 2316 1487 linguae
2358 1419 2413 1467 et
2456 1413 2758 1468 inveterata
2796 1409 3045 1481 corporis
3080 1416 3136 1463 et
3180 1406 3364 1462 carnis
3417 1404 3545 1458 vitia
3591 1401 3692 1473 (a).

2119 1507 2263 1562 Sunt
2303 1504 2399 1575 qui
2448 1503 2589 1559 iram
2631 1501 2846 1558 frenare
2885 1501 3028 1556 inter
3070 1499 3274 1554 multos
3304 1511 3415 1550 nou
3461 1495 3694 1565 possint.

2116 1599 2263 1670 quod
2312 1598 2381 1653 ad
2409 1612 2530 1652 eam
2559 1596 2863 1668 praecipites
2895 1594 3187 1659 feruntur;
3222 1592 3315 1664 qui
3341 1606 3474 1646 sane
3511 1589 3699 1643 miseri

2118 1694 2274 1745 sunt.
2310 1683 2453 1740 Sunt
2499 1690 2597 1755 qui
2623 1698 2687 1739 ex
2724 1683 2893 1739 animi
2929 1682 3165 1738 elatione
3209 1680 3400 1735 malint
3427 1689 3527 1733 suo
3556 1677 3704 1731 arbi-

2120 1789 2289 1843 tratu,
2324 1792 2486 1849 quam
2527 1778 2706 1833 alieno
2754 1777 2925 1831 ductu
2973 1785 3028 1830 et
3060 1772 3375 1845 magisterio
3415 1770 3698 1840 navigare.

2119 1872 2224 1927 Alii
2259 1862 2408 1941 quod
2437 1871 2492 1926 in
2532 1869 2788 1942 praesenti
2836 1883 3130 1939 corporum
3180 1875 3237 1923 et
3264 1863 3509 1920 materia:
3547 1862 3705 1932 copia

2121 1980 2227 2019 non
2255 1973 2484 2035 possunt
2508 1964 2579 2020 ab
2599 1964 2690 2020 illa
2707 1963 2981 2021 abstinere
3004 1981 3019 2031 ;
3043 1962 3135 2018 alii
3161 1970 3219 2016 ut
3237 1977 3304 2017 ex
3327 1958 3526 2031 quietis
3544 1956 3710 2030 410

335 2085 339 2088 ~
444 2056 536 2111 διὰ
561 2055 763 2127 ταύτης
807 2056 968 2125 δόξαν
1017 2059 1229 2122 ἑαυτοῖς
1274 2058 1765 2129 περιποιήσωνται.
1814 2056 1938 2111 Εἰσὶ
1967 2056 2025 2109 δὲ

2130 2057 2426 2113 solitudine
2458 2057 2834 2129 diligentiores
2860 2056 2994 2111 ﬁant
3016 2074 3031 2123 ;
3057 2055 3153 2110 alii
3184 2064 3243 2110 ut
3277 2054 3333 2107 in
3357 2061 3572 2108 secreto
3601 2065 3710 2120 pce.

2126 2165 2227 2205 nas
2265 2165 2297 2205 a
2331 2165 2391 2206 se
2422 2151 2560 2222 ipsis
2594 2167 2689 2222 per
2718 2151 2947 2207 verbera
2981 2161 3205 2222 propter
3235 2149 3424 2219 culpas
3451 2153 3506 2202 et
3536 2160 3711 2201 noxas

2127 2242 2379 2313 exigant;
2425 2245 2517 2301 alii
2547 2253 2605 2299 nt
2639 2244 2866 2317 gloriam
2903 2244 3007 2299 sibi
3051 2258 3146 2314 per
3186 2243 3330 2297 hanc
3357 2246 3704 2310 comparent.

2128 2336 2233 2390 Alii
2253 2336 2489 2408 denique
2505 2337 2575 2409 (si
2603 2346 2785 2392 tamen
2808 2337 2949 2393 ullos
2970 2336 3240 2405 ejusmodi
3263 2333 3436 2389 Filius
3467 2329 3710 2387 hominis

2129 2427 2224 2483 ubi
2256 2430 2487 2493 venerit,
2522 2430 2577 2483 in
2609 2438 2752 2484 terra
2778 2438 3095 2498 reperturus
3115 2428 3220 2494 est)
3245 2435 3468 2496 propter
3487 2422 3715 2478 delicias

2131 2519 2411 2586 caclestes,
2436 2529 2493 2575 et
2532 2520 2682 2576 sitim
2726 2520 2928 2576 divinae
2975 2517 3262 2574 charitatis
3305 2527 3361 2572 et
3405 2513 3714 2571 dulcedinis

2132 2626 2260 2666 cum
2301 2612 2406 2666 hac
2452 2627 2513 2668 se
2551 2611 2901 2667 sanctissima
2947 2610 3130 2680 quiete
3166 2608 3319 2664 velut
3353 2604 3586 2675 conjuge
3614 2603 3714 2658 de-

2135 2702 2448 2770 vinxerunt,
2499 2702 2645 2773 quod
2680 2712 2859 2758 tamen
2905 2717 3014 2756 non
3060 2709 3188 2755 ante
3238 2698 3507 2763 fecerunt,
3548 2710 3715 2764 quam

2135 2792 2377 2849 libellum
2412 2794 2623 2865 repudii
2666 2794 2890 2850 desidiae
2920 2803 2975 2850 et
3008 2792 3229 2858 acediae,
3262 2789 3550 2845 dederunt.
3579 2785 3718 2841 Nam

2126 2886 2256 2956 ‘ejus
2284 2902 2410 2943 cum
2444 2886 2647 2956 priore,
2681 2886 2870 2942 acedia
2904 2882 3514 2956 inquam,conjunctio,
3543 2877 3717 2933 forni-

2137 2977 2284 3034 catio
2328 2987 2606 3035 censetur.
2640 2975 2757 3049 Ego
2786 2977 2936 3032 velut
2965 2991 3076 3030 non
3119 2975 3344 3047 sapiens
3388 2970 3721 3027 architectus

2137 3086 2237 3141 pro
2274 3070 2419 3126 tenui
2447 3068 2760 3141 cognitione
2795 3068 2927 3123 mihi
2952 3068 3081 3123 data
3111 3066 3256 3122 scala
3289 3065 3430 3119 hanc
3458 3073 3721 3117 ascensus

2138 3165 2404 3218 exstruxi.
2423 3160 2695 3217 (laterum
2721 3160 2921 3232 singuli
2945 3160 3166 3215 videant
3188 3159 3241 3214 in
3262 3170 3373 3226 quo
3394 3152 3566 3226 gradu
3590 3164 3722 3206 eone

2140 3255 2356 3311 sistant.
2387 3252 2472 3309 An
2511 3270 2593 3309 ex.
2620 3253 2836 3308 ratione
2872 3267 2984 3323 pro
3000 3265 3113 3307 suc-
3148 3248 3415 3305 arbitratu
3462 3242 3719 3308 vivendi;

450 3329 695 3400 πρῶτοι,
734 3331 834 3391 καὶ
873 3336 927 3389 οἱ
962 3332 1180 3402 πρῶτοι
1209 3332 1479 3403 ἔσχατοι.
1529 3333 1594 3386 Αἰ
1636 3332 1736 3403 μὲν
1770 3332 1910 3385 ἑπτὰ
1938 3330 2034 3401 τῆς

2143 3363 2213 3403 an
2267 3357 2488 3418 propter
2521 3346 2754 3417 gloriam
2806 3345 2881 3400 ab
2912 3342 3229 3398 hominibus
3262 3336 3721 3440 exspectandam;

452 3423 713 3495 ἑϐδόμης,
745 3423 838 3479 τοῦ
873 3425 969 3479 νῦν
1008 3427 1146 3479 εἰσιν
1177 3425 1435 3496 ἐργασίαι
1467 3441 1482 3456 ·
1530 3425 1587 3478 al
1619 3423 1718 3495 μὲν
1741 3423 1951 3488 δεκταὶ,
1979 3423 2045 3477 αί,

452 3517 510 3570 δὲ
540 3517 755 3572 ἀδεκτοι
777 3534 797 3553 α
824 3519 858 3587 ή
881 3517 939 3573 δὲ
960 3517 1118 3589 ὀγδόη
1145 3515 1388 3587 δηλονότι
1409 3514 1504 3569 τοῦ
1529 3514 1815 3586 μέλλοντος
1844 3512 2038 3574 αίῶνος

457 3608 775 3682 σημαντικὴ
800 3609 1059 3681 ὑπάρχει.
1112 3609 1416 3681 Ἐπιτήρει,
1447 3600 1493 3661 ὦ
1532 3606 1754 3678 μοναχὲ,
1794 3622 2042 3676 μεμονω-

458 3704 587 3777 μένε
614 3704 819 3774 Θηρίων
849 3703 997 3775 ὧρας
1022 3721 1034 3733 '
1077 3706 1125 3768 εἰ
1158 3704 1215 3757 δὲ
1249 3702 1346 3775 μὴ,
1373 3703 1434 3756 οὑ
1462 3701 1668 3775 δυνήσῃ
1694 3699 2042 3771 ἁρμοζούσας

457 3795 557 3859 τὰς
587 3795 823 3863 παγίδας
855 3796 1031 3867 ίστᾷν,
1071 3796 1120 3848 εί
1159 3795 1371 3865 ἀπέστη
1407 3792 1627 3856 τελείως
1654 3794 1689 3863 ἡ
1713 3792 1774 3846 τδ
1799 3789 2042 3844 ἀποστάς-

462 3903 578 3943 σιον
605 3884 865 3949 λαϐοῦσα,
916 3884 1169 3957 περιττὸν
1203 3884 1263 3938 τὸ
1301 3883 1460 3955 ἔργον
1486 3899 1499 3914 °
1546 3884 1592 3937 εί
1623 3882 1681 3935 δὲ
1713 3881 1793 3935 ἔτι
1840 3897 2046 3952 προπε-

463 3976 700 4042 τεύεται,
729 3978 791 4031 οὐ
822 3977 1078 4047 γινώσκω
1114 3975 1234 4039 πῶς
1271 3975 1551 4047 ήσυχὰσω.
1600 3974 1665 4026 Τί
1699 3974 1763 4042 δή
1809 3989 1940 4026 ποτε
1980 3973 2043 4026 οὑ

465 4066 710 4121 τοσοῦτοι
739 4068 884 4140 παρά
908 4071 1023 4133 τοῖς
1050 4068 1219 4133 ὁσίοις
1244 4064 1719 4137 Ταϐεννησιώταις
1748 4064 1799 4118 oi
1826 4063 2046 4135 φωστῆ-

470 4177 564 4231 ρες
597 4159 692 4231 (4),
738 4162 850 4217 ὅσοι
883 4162 1037 4232 παρά
1078 4163 1192 4225 τοῖς
1226 4159 1569 4233 Σκητιώταις
1612 4156 1946 4227 γεγόνασιν;
1988 4157 2048 4210 '0

467 4252 604 4307 νοῶν
636 4255 824 4309 νοείτω
851 4271 866 4286 ⁸
923 4253 1038 4324 ἑγὼ
1066 4253 1175 4326 γὰρ
1201 4252 1384 4323 λέγειν
1409 4252 1473 4306 οὐ
1503 4250 1739 4323 δύναμαι
1773 4249 1876 4321 (5),
1912 4247 2050 4321 μᾶλ-

461 4345 554 4400 λον
591 4346 652 4401 δὲ
690 4348 751 4401 οὑ
788 4347 1071 4420 βούλομαι.
1119 4348 1183 4402 Oi.
1216 4346 1316 4418 μὲν
1343 4344 1418 4399 τὰ
1454 4344 1601 4416 πάθη
1636 4342 1917 4416 μειοῦντες
1947 4341 2050 4414 (6),

2139 3453 2208 3492 an
2245 3446 2469 3508 prepter
2511 3436 2711 3506 linguae
2754 3432 3242 3497 incontinentiam;
3275 3446 3345 3485 an
3390 3428 3462 3484 ob
3504 3427 3726 3481 iracun-

2137 3532 2266 3586 dum
2292 3530 2567 3598 ingenium
2591 3546 2606 3595 ;
2630 3545 2698 3582 an
2731 3526 3030 3583 affectuum
3065 3523 3457 3595 improborum-
3474 3519 3726 3588 copiam;

2139 3638 2210 3678 au
2245 3631 2305 3677 ut
2334 3621 2526 3690 culpas
2552 3619 2738 3684 luant;
2777 3633 2844 3672 an
2880 3626 2940 3673 ut
2963 3615 3339 3687 diligentiores
3371 3613 3537 3674 (iant;
3575 3625 3643 3664 an
3671 3616 3731 3662 ut

2142 3715 2323 3786 ignem
2348 3713 2458 3783 igni
2488 3712 2608 3782 (per
2635 3710 3227 3781 charitatem)adtl:mt.
3264 3706 3439 3761 Erunt
3462 3702 3731 3760 uerissimi

2141 3803 2326 3874 primi,
2371 3812 2421 3856 et
2457 3801 2620 3872 primi
2660 3802 2933 3857 novissimi
2964 3802 3032 3857 ⁸⁷.
3080 3799 3161 3853 Ex
3210 3799 3295 3854 his
3322 3805 3563 3867 septena:
3603 3800 3733 3848 sunt

2144 3894 2503 3951 hebdomadis
2551 3894 2714 3963 hujus
2747 3892 3033 3964 praesentis
3059 3892 3182 3946 vita
3216 3889 3587 3959 operationes,
3614 3884 3734 3939 alia:

2146 3987 2257 4042 Deo
2291 3997 2492 4057 graue;
2518 3986 2638 4061 alia;
2672 3984 2938 4054 ingratas:
2973 3992 3163 4040 octava
3195 3983 3311 4037 sine
3338 3979 3506 4035 dubio
3534 3984 3619 4033 est
3653 3976 3735 4032 fu-

2147 4079 2253 4135 turi
2271 4077 2456 4134 steeuli
2485 4076 2669 4132 index.
2685 4073 2951 4143 Observa,
2971 4089 3006 4132 ο
3029 4075 3317 4139 monache,
3343 4072 3436 4144 qui
3464 4072 3617 4127 solus
3639 4071 3732 4126 de-

2149 4169 2252 4243 gis.
2280 4167 2521 4224 ferarum
2554 4178 2823 4239 tempora.
2859 4167 3017 4234 Quod
3044 4166 3151 4223 nisi
3187 4164 3410 4229 feceris,
3446 4179 3553 4219 non
3574 4172 3734 4233 pote-

2150 4260 2230 4316 ris
2259 4267 2417 4329 aptas
2450 4259 2560 4316 illis
2589 4259 2913 4331 laqueorum
2951 4258 3185 4313 insidias
3209 4264 3452 4312 nectere.
3491 4253 3551 4309 Si
3591 4255 3738 4325 igna-

2154 4351 2236 4406 via
2263 4366 2386 4421 qua!
2410 4350 2655 4407 libellum
2690 4349 2900 4421 repudii
2928 4334 3157 4419 accepit,
3193 4347 3415 4419 penitus
3446 4346 3735 4409 abscessit,

459 4443 511 4496 oi.
543 4442 602 4497 δὲ
648 4442 974 4513 ψάλλοντες,
1027 4443 1124 4498 καὶ
1169 4441 1234 4497 τὸ
1286 4441 1537 4496 πλεῖστον
1578 4441 1634 4494 ὲν
1666 4442 1731 4512 τῇ
1774 4440 2034 4512 προσευχὶ

2155 4458 2264 4499 ιιοιι
2296 4441 2402 4500 erit
2430 4457 2572 4513 opus
2598 4443 2771 4499 multo
2796 4442 3005 4497 labore.
3040 4437 3100 4496 Si
3124 4440 3307 4497 adhuc
3333 4440 3646 4510 importune
3679 4453 3740 4493 se

462 4536 865 4607 καρτεροῦντες
899 4536 1005 4609 [τῇ
1031 4537 1309 4608 προσευχῇ
1343 4530 1919 4606 προσκαρτεροῦντες]
1945 4547 1961 4564 ο
2002 4547 2033 4584 ο

2155 4530 2374 4603 ingerit,
2393 4546 2501 4586 non
2517 4530 2678 4586 video
2699 4529 2980 4602 quomodo
3000 4528 3354 4585 solitudinem
3382 4527 3556 4583 colam
3581 4524 3741 4599 [con-

462 4629 522 4683 δὲ
667 4629 875 4704 Θεωρίᾳ
915 4628 1253 4696 ἀτενίζοντες
1301 4627 1415 4699 [αι.
1455 4629 1610 4683 deest
1655 4629 1714 4680 ὲν
1753 4624 1830 4695 τῷ
1868 4623 2017 4696 βυθῷ

2157 4619 2484 4694 quiescam].
2516 4620 2677 4695 ιιι
2713 4619 2856 4690 Quid
2871 4628 2959 4677 est
2977 4619 3123 4691 quod
3147 4634 3257 4675 non
3279 4627 3393 4674 tam
3411 4618 3578 4673 multa
3597 4618 3742 4687 apud

462 4721 740 4790 διάγουσι,
781 4720 928 4777 κατά
973 4721 1065 4775 τὸν
1094 4719 1196 4792 τῆς
1227 4718 1498 4791 κλίμακος
1537 4718 1738 4789 τρόπον
1769 4715 2034 4788 ζητηθήτιι

2130 4723 2389 4781 .sanctos
2422 4711 2859 4771 Tabennesiotas
2890 4721 3209 4769 sanctorum
3256 4709 3468 4767 lumina
3514 4708 3740 4775 fuerint,

464 4821 529 4874 τὸ
557 4820 861 4892 πρόϐλημα
882 4838 897 4852 ο
931 4821 960 4874 ὁ
984 4818 1201 4892 χωρῶν,
1230 4819 1288 4873 ἑν
1316 4816 1510 4889 Κυρίῳ
1531 4815 1806 4888 χωρείτω.

2162 4821 2328 4878 quam
2361 4808 2504 4879 apud
2538 4806 2852 4866 Scetiotas?
2874 4804 2981 4872 Qui
3020 4803 3279 4874 intelligit
3320 4801 3606 4874 intelligat,
3641 4815 3745 4870 ego

468 4926 698 4967 causam
735 4911 1096 4982 pronuntiare
1125 4924 1229 4964 non
1261 4923 1509 4979 possum,
1570 4918 1665 4963 aut
1703 4907 1888 4980 potius
1964 4902 2115 4960 nolo.
2156 4899 2361 4957 Eorum
2393 4903 2488 4972 qui
2555 4900 2609 4955 in
2645 4899 2753 4955 hoc
2785 4896 3055 4969 profundo
3093 4894 3408 4953 solitudinis
3454 4895 3742 4966 (tauquam

468 5003 688 5074 pelago)
714 5011 1010 5060 versantur
1042 5019 1059 5069 ;
1090 5001 1185 5057 alii
1220 5000 1449 5057 vitiosos
1481 4998 1706 5057 affectus
1740 4998 1946 5073 sensim
1973 4995 2352 5060 immiuuunt;
2394 4994 2489 5049 alii
2555 4993 2608 5047 in
2649 4990 2950 5062 psalmodia
2998 4996 3055 5045 et
3084 4988 3138 5043 in
3165 4986 3744 5059 precibusplusimum

472 5096 743 5168 temporis
787 5105 842 5152 et
871 5097 1037 5153 studii
1103 5105 1347 5167 ponunt;
1391 5096 1481 5151 alii
1536 5091 1987 5164 contemplationi
2035 5104 2095 5146 se
2131 5089 2358 5145 dedunt.
2394 5086 2552 5155 Quod
2595 5084 2872 5156 problema
2912 5098 2979 5137 ex
3046 5082 3327 5154 proposito
3370 5078 3532 5135 scalae
3579 5077 3745 5137 mOdo

471 5191 895 5261 disquirendum
925 5205 1048 5249 est:
1082 5193 1178 5264 qui
1204 5194 1372 5264 capit,
1395 5192 1450 5246 in
1477 5189 1710 5245 Domino
1738 5187 1941 5258 capiat.

545 5287 671 5342 Εἰσὶ
701 5288 940 5360 pecuum
965 5287 1143 5361 ψυχαὶ
1194 5290 1254 5342 ἑν
1284 5285 1539 5358 κοινοϐίῳ
1581 5283 2051 5354 παραγενόμεναι,

474 5377 571 5433 καὶ
602 5378 722 5433 τῶν
760 5378 902 5434 ὑλῶν
930 5380 1029 5449 τῆς
1065 5379 1277 5434 ἑαυτῶν
1323 5378 1602 5452 ῥᾳθυμίας
1650 5376 2051 5448 εὐπορήσασαι,

475 5471 556 5534 είς
595 5469 810 5524 τελείαν
862 5471 1143 5526 ἀπώλειαν
1184 5473 1550 5543 κατήντησαν.
1593 5468 1700 5522 Καὶ
1731 5468 1840 5521 είσὶ
1869 5465 2051 5532 πάλιν,

475 5563 527 5617 o'i
551 5561 655 5632 τὴν
678 5561 891 5616 ἑαυτῶν
920 5562 1194 5635 ρᾳθυμίαν
1249 5563 1340 5617 διὰ
1358 5563 1453 5633 τῆς
1515 5559 1716 5631 ἑτέρων
1750 5556 2050 5625 συνδιαγωο

551 5737 600 5772 ’⁷
623 5738 819 5796 Matth.
859 5757 999 5808 'nx,
1022 5740 1114 5796 '50.

2235 5274 2377 5329 Sunt
2422 5271 2477 5327 in
2526 5269 2796 5326 coenobiis
2847 5267 3048 5322 anima:
3109 5264 3359 5336 quaedam
3411 5261 3632 5318 desides
3688 5269 3744 5315 et

2163 5367 2392 5439 ignavae,
2422 5379 2546 5434 qua:
2583 5360 2869 5417 materiam
2905 5357 3139 5431 pigritiae
3189 5371 3305 5413 sua:
3331 5363 3505 5411 nactae
3533 5355 3588 5408 in
3616 5352 3747 5407 ulti—

2165 5473 2317 5515 mum
2347 5454 2579 5512 exitium
2597 5450 2905 5525 praecipites
2926 5449 3198 5505 abierunt.
3226 5447 3368 5507 Sunt
3399 5456 3455 5501 et
3481 5445 3750 5516 aliae-quae

2162 5548 2456 5625 segnitiem
2492 5561 2651 5609 suam
2700 5560 2799 5616 per
2845 5543 3080 5601 aliorum
3113 5540 3425 5598 convictum
3467 5546 3749 5595 etcentu-

548 5830 633 5901 (a)
662 5830 908 5899 Quietem
937 5842 990 5890 et
1027 5831 1198 5890 otium
1251 5830 1495 5902 corporis
1537 5828 1860 5887 scholiastes
1891 5816 2185 5899 intelligit.
