4030 6424
459 370 592 433 “07

1709 381 1767 438 S.
1793 378 2112 444 JOANNIS
2147 385 2449 448 CLIMACI

3559 400 3688 460 1108

448 486 700 541 bernium
734 487 1071 556 castigarunt
1101 494 1151 541 ct
1185 499 1468 543 exuerunt.
1507 489 1661 555 Quod
1697 505 1805 546 non
1840 493 2000 550 solun

2125 513 2228 566 γης
2272 499 2644 554 άπεδύσαντο·
2704 504 2765 556 οῦ
2829 504 2988 574 μόνον
3039 508 3096 561 δὲ
3135 507 3226 560 ἐπὶ
3281 504 3685 578 ἀμελεστιρων,

451 579 954 648 negligentioribus,
992 579 1085 633 sed
1117 579 1539 636 studiosioribus
1562 583 1724 638 etiam
1749 599 1891 654 saepe
1917 601 2018 640 usu

451 669 615 722 venit.
647 669 849 725 Eadem
890 685 1083 726 norma
1133 670 1185 724 in
1213 671 1457 726 solitaria
1491 672 1598 728 vita
1633 675 1708 728 uti
1747 675 1871 730 licet
1894 692 2018 731 cum

445 757 705 822 dicimus,
739 758 884 828 quod
918 759 1137 824 ntultos,
1165 759 1258 829 qui
1291 761 1400 830 apti
1432 761 1774 830 videbantur,
1802 779 2020 834 recepe-

450 850 518 902 rit
542 859 594 903 et
621 858 809 918 postea
851 850 1150 915 damnarit,
1180 866 1305 906 eum
1346 852 1469 908 illos
1499 867 1599 908 suo
1639 854 1906 910 arbitratu
1938 859 2018 910 vi-

449 955 572 994 vere
601 941 848 997 volentes
893 941 1238 1011 voluptatum
1284 943 1563 999 studiosos
1587 945 1943 1015 deprehendit
1966 958 2018 1003 et

446 1031 764 1102 redarguit:
798 1033 935 1088 alios
967 1048 1100 1089 vero
1137 1044 1421 1104 susceptos
1450 1035 1646 1092 timore
1677 1049 1733 1092 et
1767 1055 1898 1094 cura
1939 1039 2018 1096 le-

444 1121 596 1176 rendi
632 1123 839 1186 oneris,
885 1123 937 1178 id
969 1132 1054 1179 est
1079 1123 1274 1194 iudicii
1317 1127 1660 1195 propriarum
1711 1131 2012 1195 actionum,

443 1215 710 1270 sollicitos
733 1215 952 1286 aliquos
994 1227 1048 1272 et
1083 1218 1136 1270 in
1169 1216 1331 1272 rebus
1373 1218 1574 1274 divinis
1604 1220 1858 1276 ardentes
1888 1222 2016 1276 ell'e-

440 1306 534 1361 eit.
562 1305 736 1362 Nemo
765 1309 862 1364 irae
905 1317 960 1363 et
998 1309 1220 1370 elationi
1264 1310 1430 1365 animi
1461 1322 1515 1366 et
1553 1313 1888 1370 simulationi
1919 1331 2014 1370 seu

444 1400 756 1470 hypocrisis
781 1410 835 1455 et
866 1400 1192 1470 iniuriarum
1217 1401 1889 1466 recordationiobnoxius,
1920 1419 2017 1460 au-

441 1491 568 1544 deat
617 1491 669 1544 in
719 1491 1070 1546 solitudinem
1103 1491 1395 1560 vestigium
1424 1507 1661 1562 ponere,
1715 1510 1782 1548 ne
1827 1505 2015 1565 stupo-

440 1595 556 1635 rem
603 1581 774 1634 animi
823 1583 1090 1648 incurrat,
1123 1591 1176 1637 et
1211 1582 1362 1636 illum
1409 1585 1586 1638 solum
1619 1601 1683 1640 ex
1719 1587 2016 1642 solitudine

441 1671 679 1726 fructum
711 1685 968 1744 reportet.
1009 1677 1090 1732 Ab
1124 1677 1208 1731 his
1236 1677 1284 1733 si
1319 1679 1446 1747 quis
1472 1677 1637 1732 fuerit
1665 1689 2011 1750 repurgatus,

2121 588 2258 641 ἀλλά
2291 590 2383 643 καλΙ
2425 591 2517 644 ἐπὶ
2557 593 2864 646 σπουδαίων
2916 594 3176 658 πολλάκις
3214 595 3274 646 τὸ
3319 595 3453 649 αὑτὸ
3474 596 3683 662 γέγονε.

2122 677 2211 747 Τῷ
2237 679 2384 750 αὑτῷ
2415 683 2598 736 κανόνι
2629 685 2724 736 καὶ
2778 684 2873 736 ἐπὶ
2931 685 3029 755 τῆς
3073 685 3302 755 ἡσυχίας
3351 684 3687 756 χρησώμεθα

2119 769 2390 838 λέγοντες,
2423 773 2650 837 πολλοὺς
2699 773 2955 844 δοκίμους
2984 774 3274 847 δεξαμένη,
3308 777 3684 848 ἀπεδοκίμασε

2117 861 2204 913 διὰ
2225 863 2323 930 τῆς
2357 863 2712 934 ίδιορυθμίας,
2766 865 3079 936 φιληδόνους
3131 867 3331 930 αὐτοὺς
3380 867 3682 936 ὲλέγξασα·

2120 951 2341 1022 ἑτέρους
2387 952 2443 1005 δὲ
2493 953 2735 1010 λαϐοῦσα
2776 957 2854 1027 τῷ
2886 957 3035 1027 φόϐῳ
3062 959 3158 1011 καὶ
3197 961 3263 1029 τῇ
3318 959 3561 1030 μερίμνῃ
3587 962 3687 1029 τῆς

2117 1043 2209 1098 τοῦ
2237 1043 2448 1098 ἑαυτῶν
2466 1045 2732 1117 κρίματος
2753 1047 3027 1119 βασταγῆς
3048 1049 3147 1120 (7),
3165 1050 3490 1114 σπουδαίους
3515 1051 3684 1117 τινάς,

2118 1134 2213 1186 καὶ
2233 1134 2452 1199 ζέοντας
2500 1138 2814 1208 εἰργάσατο.
2863 1141 3072 1210 Μηδεὶς
3106 1141 3210 1193 ὑπὸ
3234 1140 3410 1210 θυμοῦ
3458 1141 3550 1195 καὶ
3575 1142 3689 1212 eiii-

2119 1240 2276 1287 σεως,
2308 1225 2649 1295 ὑποκρίσεως
2676 1245 2735 1281 τε
2781 1229 2877 1282 καὶ
2935 1232 3302 1301 μνησικακίας
3343 1232 3681 1303 ὀχλούμενος,

2120 1316 2262 1385 [χνος
2287 1317 2520 1388 ἡσυχίας
2554 1319 2681 1372 ἰδεῖν
2716 1319 2986 1390 τολμῆσαι
3046 1324 3244 1394 μήπως
3282 1323 3563 1390 ἔκστασιν,
3596 1327 3689 1379 καὶ

2121 1408 2280 1478 μόνον
2309 1409 2570 1482 κερδήσῃ.
2614 1411 2675 1463 Ei
2726 1411 2786 1464 δέ
2841 1428 2925 1474 τις
2967 1412 3175 1466 τούτων
3224 1412 3489 1484 καθαρὸς,
3525 1415 3688 1478 αὑτὸς

2115 1500 2299 1554 λοιπὸν
2325 1501 2595 1569 γνώσεται
2624 1501 2684 1555 τδ
2713 1501 3011 1574 συμφέρον,
3050 1499 3202 1574 οἶμαι
3240 1503 3297 1556 δὲ
3343 1506 3454 1558 οὐδ’
3491 1505 3684 1568 αὑτός·

2114 1590 2224 1644 τῶν
2271 1591 2418 1662 λόγῳ
2442 1591 2541 1663 τὴν
2598 1593 2828 1663 ἡσυχίαν
2881 1592 3297 1664 μετερχομένων
3329 1595 3533 1663 σημεῖα
3552 1634 3567 1660 ,
3595 1595 3685 1648 καὶ

2118 1681 2328 1746 στάδια,
2385 1683 2479 1736 καὶ
2546 1685 2827 1754 τεκμήρια
2891 1685 3096 1738 ταῦτα·
3170 1685 3295 1749 νοῦς
3352 1685 3684 1758 άκύμαντος,

441 1767 531 1822 ille
561 1769 816 1838 deinceps
864 1771 1146 1841 intelliget,
1177 1771 1307 1842 quid
1339 1772 1440 1826 sibi
1468 1773 1742 1842 expediat,
1773 1775 1884 1829 imo
1915 1789 2001 1830 net

2114 1773 2292 1844 ἐννρια
2325 1773 2649 1846 ἡγνισμένη,
2701 1775 2923 1847 ἁρπαγὴ
2957 1777 3095 1846 πρὸς
3138 1775 3368 1848 Κύριον,
3415 1777 3682 1832 κολάσεων

438 1857 540 1914 iste
563 1860 719 1925 satis,
745 1861 961 1929 opiner,
993 1841 1340 1932 assequetur.
1369 1841 1548 1935 ιιι
1570 1864 1736 1936 Signa
1767 1879 1931 1934 porro
1958 1875 2001 1921 et

2115 1841 2476 1932 παράστασις,
2493 1841 2752 1917 θανάτου
2787 1841 3016 1930 ἔπειξις,
3053 1841 3331 1936 προσευχὴ
3355 1841 3685 1938 ἀκόρεστος,

434 1950 854 2014 exercitationes
878 1963 932 2008 et
963 1963 1280 2022 argumenta
1307 1971 1496 2011 eorum
1523 1957 1616 2026 qui
1651 1972 1760 2012 non
1785 1957 1904 2013 sine
1925 1973 2010 2012 ra-

436 2042 583 2096 tione
607 2043 958 2100 solitudinem
983 2055 1308 2115 sequ-untur,
1338 2047 1453 2104 haec
1480 2059 1643 2104 sunt:
1671 2063 1826 2105 mens
1849 2050 2011 2106 nullis

432 2132 906 2202 perturbationum
955 2136 1212 2193 ﬂuctibus
1260 2137 1482 2206 agitata,
1531 2139 1884 2210 cogitationes
1919 2156 2011 2196 ca-

432 2233 553 2290 stae,
574 2236 763 2294 raptus
787 2224 844 2282 in
875 2225 1068 2294 Deum,
1100 2228 1495 2298 suppliciorum
1519 2238 1850 2285 aeternorum
1872 2245 2010 2300 prae-

430 2331 557 2374 sens
590 2332 810 2386 semper
847 2320 1134 2386 memoria,
1169 2320 1364 2376 mortis
1397 2321 1656 2378 instantis
1690 2321 2006 2377 considera-

429 2410 539 2467 tio.
585 2408 910 2479 inexplebile
960 2411 1223 2481 precandi
1277 2412 1568 2477 studium,
1617 2414 1865 2469 custodia
1917 2415 2002 2470 sui

427 2497 912 2568 inexpugnabilis,
964 2501 1178 2559 veneris
1221 2503 1556 2569 exstinctio,
1603 2503 2000 2574 appetitionum

427 2589 720 2658 ignoratio,
765 2592 954 2648 mundi
1015 2607 1189 2657 mora,
1239 2593 1449 2649 tmllum
1489 2594 1596 2649 cibi
1644 2594 2001 2661 desiderium,

428 2697 611 2740 rerum
660 2682 974 2742 divinarum
1028 2685 1535 2754 coguescendarum
1579 2686 1831 2753 materia,
1881 2687 2004 2742 fons

424 2773 797 2841 discretionis,
821 2777 1188 2846 lacrymarum
1209 2775 1438 2832 facultas
1456 2774 1674 2848 [pignus
1687 2794 1777 2831 seu
1790 2776 1998 2849 arrha],

425 2865 773 2934 loquacitatis
797 2866 1206 2929 exterminatio.
1253 2877 1307 2925 et
1338 2867 1385 2923 si
1425 2867 1558 2937 quid
1593 2869 1693 2923 hoc
1714 2885 1886 2938 genus
1916 2879 2002 2924 est

421 2955 568 3010 aliud
602 2955 750 3026 quod
787 2956 946 3027 vulgo
984 2968 1069 3016 est
1100 2958 1371 3028 ingratum
1407 2969 1462 3015 et
1486 2957 1767 3037 infestum.
1796 2959 1994 3015 Eorum

2114 1952 2333 2023 φυλακὴ
2398 1953 2618 2019 ἄσυλος,
2704 1955 2961 2026 πορνείας
3043 1951 3253 2027 θνῆσις,
3312 1958 3688 2026 προσπαθείας

2112 2045 2324 2112 ἄγνοια,
2375 2045 2605 2110 θάνατος
2660 2047 2890 2118 κόσμου,
2927 2048 3371 2118 γαστριμαργίας
3411 2049 3686 2120 ἀνορεξία,

2113 2133 2390 2203 θεολογίας
2459 2135 2738 2200 ὑπόθεσις,
2792 2136 3117 2207 διακρίσεως
3203 2137 3389 2209 πηγὴ,
3453 2139 3688 2210 δάκρυον

2116 2226 2471 2292 ὑπόσπονδον,
2520 2227 2844 2296 πολυλογίας
2899 2227 3145 2284 ἀπώλεια
3167 2227 3266 2302 (8),
3315 2232 3411 2285 ira).
3447 2231 3553 2286 εἴτι
3581 2231 3688 2286 τῶν

2111 2317 2388 2382 τοιούτων,
2413 2314 2495 2382 οἷς
2520 2320 2590 2374 τά
2611 2319 2792 2390 πλήθη
2825 2322 2972 2390 φιλεῖ
2992 2322 3352 2376 ἀντικεῖσθαι.
3389 2324 3515 2385 Τοῖς
3541 2323 3599 2376 δὲ
3623 2325 3684 2376 ού

2109 2405 2254 2476 λόγῳ
2293 2407 2495 2478 ταύτην
2548 2409 2967 2478 μετερχομένοις
2995 2409 3094 2480 (9),
3129 2409 3292 2480 αὕτη,
3327 2411 3422 2464 τοῦ
3453 2411 3684 2465 πλυύτου

2108 2500 2142 2568 ὴ
2175 2499 2331 2552 πενία
2366 2498 2476 2569 (l0)
2509 2500 2709 2572 όργῆςο
2733 2497 2962 2571 αὔξησις
3004 2503 3372 2572 μνησικακίας
3409 2504 3686 2576 ἀποθήκη,

2108 2588 2328 2656 ἀγάπης
2383 2587 2628 2658 μείωσις,
2690 2589 2862 2660 τύφου
2910 2591 3236 2662 πρόσληψις,
3300 2595 3393 2647 καὶ
3451 2595 3514 2647 τὸ
3561 2594 3686 2664 ἑξῆς

2111 2684 2459 2755 σιωπήσομαι
2491 2685 2629 2755 (Η).
2681 2685 2837 2738 Ἐπεὶ
2861 2685 2920 2738 δὲ
2952 2685 3128 2750 οὕτως
3163 2687 3193 2739 ό
3221 2685 3380 2754 λόγος
3421 2685 3686 2756 κατέδρα-

2112 2793 2230 2846 μεν,
2260 2775 2474 2848 ἀνάγκη
2507 2777 2603 2831 καὶ
2621 2777 2752 2850 περὶ
2777 2777 2886 2831 τῶν
2928 2779 2986 2831 ὲν
3029 2779 3275 2849 ὑποταγῇ
3321 2777 3557 2832 ἐνταῦθα
3601 2781 3685 2832 ὲν-

2109 2866 2319 2933 θέσθαι,
2349 2867 2445 2922 καὶ
2479 2869 2738 2939 μάλιστα,
2771 2871 2909 2940 πρὸς
2948 2871 3148 2934 αὐτοὺς
3190 2870 3301 2942 γάρ
3330 2871 3427 2924 καὶ
3461 2873 3491 2924 ὁ
3528 2870 3683 2938 λόγος

2106 2962 2182 3026 ὡς
2210 2963 2438 3018 ἐπιπολὺ
2480 2964 2842 3021 ἀποτείνεται.

428 3063 580 3114 vero,
620 3050 716 3119 qui
781 3050 923 3108 hanc
994 3052 1314 3110 solitudinis
1387 3054 1696 3124 palastram
1751 3054 1962 3124 absque
2012 3056 2226 3111 ratione
2265 3058 2678 3129 aggrediuntur,
2732 3059 2887 3132 signa
2937 3062 3052 3116 haec
3124 3073 3294 3118 sunt.
3361 3061 3677 3118 Coalesrium

428 3144 730 3213 gratiarum
763 3161 862 3206 seu
889 3161 1055 3216 opum
1092 3147 1298 3218 inopia,
1326 3147 1422 3202 ira:
1459 3148 1882 3213 incrementum,
1922 3149 2240 3218 iniuriarum
2307 3151 2658 3206 toleratarum
2695 3154 2802 3210 alte
2858 3158 3094 3224 reposita
3165 3156 3452 3221 memoria,
3496 3156 3676 3211 chari-

423 3239 554 3299 tatis
591 3238 848 3305 defectio,
899 3240 1158 3296 elationis
1193 3249 1570 3308 aug-mentum,
1608 3250 1664 3295 et
1709 3241 1815 3296 alia
1844 3241 2127 3310 complura
2188 3257 2312 3310 quae
2385 3242 2605 3297 silentio
2671 3243 2965 3299 involvam.
3001 3242 3122 3298 Jam
3157 3261 3283 3299 cum
3327 3247 3443 3300 haec
3502 3245 3675 3300 oratio

427 3330 500 3383 ita
537 3327 700 3402 {huc}
723 3331 1050 3399 decurrat-lt,
1077 3347 1302 3388 necesse
1327 3342 1430 3395 est,
1461 3342 1522 3388 ut
1551 3335 1616 3391 de
1639 3333 1706 3388 iis
1736 3334 1826 3389 hic
1841 3335 1934 3404 qui
1959 3334 2063 3388 sub
2100 3333 2404 3390 obedientia
2436 3336 2648 3402 vivunt,
2686 3335 2968 3408 disputare
2997 3352 3242 3406 pergam,
3270 3353 3337 3392 ac
3370 3349 3523 3394 tanto
3559 3355 3674 3394 ma'

421 3423 505 3491 gis
523 3423 668 3492 quod
693 3424 760 3478 ad
787 3423 936 3494 ipsos
964 3425 1314 3493 potissimum
1343 3425 1434 3480 hic
1455 3437 1643 3482 noster
1673 3441 1858 3482 sermo
1886 3427 2175 3495 pertineat.

492 3514 694 3574 Eorum
740 3518 834 3586 qui
864 3533 924 3573 se
971 3517 1211 3588 legitime
1240 3527 1294 3574 et
1321 3528 1472 3574 caste
1492 3531 1546 3576 et
1576 3535 1711 3590 pure
1749 3523 1879 3577 huic
1912 3536 1996 3576 or-

2171 3522 2292 3574 Τῶν
2321 3524 2588 3592 νομίμως,
2643 3522 2981 3592 ἀμοιχεύτως
3055 3523 3150 3576 καὶ
3223 3522 3543 3593 ἀμολύντως
3613 3527 3675 3596 τῇ

422 3619 562 3663 natas
603 3619 658 3664 et
699 3609 1106 3666 decentissima:
1142 3611 1504 3682 subiectionis
1542 3613 1731 3670 virtuti
1760 3614 1998 3683 despon—

420 3701 618 3755 derant
671 3711 727 3755 et
771 3701 1204 3772 coniunxerunt,
1240 3705 1354 3760 haec
1392 3716 1716 3774 argumenta
1746 3715 1800 3760 ct
1845 3707 1997 3774 signa

419 3802 570 3858 sunt,
607 3803 710 3849 eta
745 3795 956 3851 sanctis
1000 3795 1220 3866 Dcoque
1243 3797 1418 3867 plenis
1451 3796 1706 3854 Patribus
1759 3798 1998 3870 (singula

419 3895 599 3940 tamen
648 3901 750 3941 suo
803 3895 1048 3958 tempore
1083 3889 1436 3958 perﬁcienda)
1480 3889 1822 3945 deﬁniuntur
1867 3891 1996 3955 (nisi

417 3977 563 4046 quod
606 3977 660 4030 in
695 3978 814 4032 dies
843 3978 1062 4034 interim
1095 3979 1186 4034 illa
1233 3995 1550 4050 augeamus,
1590 3990 1646 4036 et
1678 3981 1852 4052 magis
1879 3997 1996 4036 ma-

416 4070 608 4140 gisque
650 4072 704 4124 in
741 4071 944 4128 eisdem
996 4073 1394 4146 proficiamus).
1446 4073 1677 4140 Quando
1715 4075 1998 4131 humilitas

419 4162 671 4216 inchoata
699 4177 915 4233 semper
941 4173 1194 4234 augetur,
1228 4165 1306 4220 ira
1336 4164 1664 4221 defervescit
1697 4165 1997 4238 (quomodo

417 4255 562 4315 enim
596 4255 646 4308 id
677 4270 783 4309 non
819 4255 934 4320 ﬁat,
965 4271 1091 4312 cum
1135 4257 1260 4313 bilis
1285 4266 1340 4313 et
1375 4256 1447 4312 fel
1491 4258 1710 4327 penitus
1743 4259 1996 4313 exinani-

421 4345 553 4416 tur),
581 4348 822 4402 tenebrae
854 4350 1055 4406 mentis
1074 4350 1280 4405 sensim
1304 4361 1663 4414 evanescunt,
1682 4349 1845 4422 513
1869 4351 1997 4406 cha-

424 4435 559 4491 ritas
611 4447 862 4507 augetur,
914 4440 1097 4494 vitiosi
1133 4440 1362 4496 allectus
1405 4451 1686 4496 exuuntur
1712 4451 1766 4496 et
1807 4458 1993 4496 emen-

423 4526 644 4594 dantur,
674 4529 860 4584 odium
904 4532 1072 4586 corde
1115 4533 1276 4599 cedit,
1319 4533 1540 4588 lascivia
1591 4539 1814 4604 propter
1857 4533 1996 4588 assi-

423 4620 560 4674 duas
588 4621 1046 4689 reprehensiones
1071 4622 1357 4686 minuitur,
1381 4623 1606 4679 desidia:
1629 4625 1781 4678 locus
1811 4623 1993 4677 nullus

422 4708 765 4778 relinquitur,
797 4710 1077 4778 diligentia
1119 4713 1338 4777 crescit,
1375 4711 1874 4768 commiserationis
1914 4709 1994 4764 al-

421 4801 597 4854 l'cetus
654 4800 978 4856 charitatem
1008 4802 1270 4864 ostendit,
1313 4802 1565 4870 superbia
1607 4800 1988 4870 proscribitur.

419 4892 573 4956 Quod
603 4890 823 4944 virtutis
864 4908 1036 4960 genus
1064 4894 1321 4947 omnibus
1351 4895 1570 4962 quidem
1621 4893 1988 4965 indagandum

417 4992 468 5034 et
521 4983 901 5050 quaerendum,
959 4985 1106 5050 quod
1153 4993 1332 5037 tamen
1378 5000 1408 5036 a
1451 4985 1640 5054 paucis
1697 4986 1988 5054 reperitur.

418 5072 563 5128 Fons
597 5090 740 5144 aqua
771 5076 1066 5139 destitutus
1098 5075 1301 5131 frustra
1329 5091 1527 5131 nomen
1558 5078 1725 5136 fontis
1750 5079 1988 5143 retinet;

417 5162 558 5232 quod
593 5161 716 5217 inde
760 5165 1004 5234 sequitur
1053 5165 1290 5243 pru'dens
1331 5165 1493 5221 facile
1537 5167 1810 5238 intelligit.
1845 5168 1992 5222 Ado-

417 5254 733 5318 lescentuia,
779 5270 904 5324 qua:
945 5270 976 5308 a
1003 5265 1124 5322 toro
1155 5270 1255 5308 suo
1289 5257 1595 5324 exerravit,
1631 5272 1833 5327 corpus
1875 5259 1990 5327 pol-

417 5345 539 5400 luit.
576 5345 774 5403 Anima
804 5361 928 5416 qua
971 5347 1196 5412 violavit
1222 5349 1330 5402 voti
1363 5349 1446 5401 sui
1475 5359 1716 5416 pactum,
1743 5350 1996 5420 inquinav

419 5438 760 5508 vitspiritum
784 5457 798 5506 ς
823 5452 879 5495 et
896 5439 1046 5494 illam
1065 5439 1290 5510 quidem
1317 5450 1626 5509 sequuntur
1647 5444 1996 5513 vituperatio,

415 5535 622 5599 odium,
641 5535 831 5606 ﬂagra,
860 5545 914 5591 et
936 5536 1081 5606 quod
1104 5536 1352 5591 omnium
1380 5544 1465 5601 est
1491 5536 1983 5602 luctuosissimum,

418 5625 733 5680 divortium.
783 5628 932 5682 llanc
983 5644 1134 5692 vero,
1164 5628 1427 5691 animam,
1453 5629 1697 5697 inquam,
1733 5628 1988 5698 inquina-

419 5717 616 5777 tiones.
643 5719 831 5772 mortis
853 5719 1075 5781 oblivio,
1097 5720 1302 5774 ventris
1331 5719 1671 5789 tnexplehilis
1701 5719 1985 5790 ingluvies,

419 5806 700 5861 oculorum
752 5812 1080 5879 petulantia,
1145 5828 1294 5865 vana?
1339 5811 1521 5881 gloriae
1570 5810 1834 5876 studium,
1870 5828 1990 5882 pcr-

2104 3615 2316 3686 κοσμίῳ
2344 3615 2518 3687 ταύτῃ
2559 3618 2852 3688 (ὑποταγῇ)
2878 3617 2972 3670 καὶ
2996 3617 3222 3688 εὐρεπεϊ
3253 3617 3676 3688 συζευχθέντων,

2099 3707 2274 3762 ταῦτα
2305 3707 2374 3762 τά
2401 3709 2676 3780 τεκμήρια
2716 3709 2809 3761 καὶ
2835 3709 2964 3772 eis),
2991 3710 3086 3762 xui
3101 3709 3374 3780 ὁρίζονται
3401 3709 3551 3781 παρά
3569 3711 3676 3774 τοῖς

2102 3799 2379 3869 θεοφόροις
2409 3800 2711 3870 ιΙατράσιν,
2747 3800 2860 3872 ίδίῳ
2891 3799 3074 3871 μέντοι
3102 3800 3280 3872 καιρῷ
3299 3801 3676 3872 τελειούμενα·

2103 3890 2242 3960 πλὴν
2259 3891 2342 3943 ὅτι
2372 3891 2694 3962 καθημέραν
2719 3887 3198 3963 προσενηνόχαμεν
3222 3892 3566 3964 προσθήκην,
3589 3893 3678 3945 καὶ

2104 3981 2387 4054 προκοπὴν
2420 3981 2808 4052 λαμϐάνοντες.
2861 3981 3257 4045 Ταπεινώσεως
3307 3981 3677 4051 είσαγωγικῆς

2100 4071 2345 4144 αὔξησις,
2379 4072 2552 4141 θυμοῦ
2583 4073 2807 4144 μείωσις
2831 4089 2844 4103 ο
2874 4072 2991 4135 πῶς
3011 4072 3120 4142 γάρ
3148 4073 3242 4125 καί
3267 4072 3341 4143 μὴ
3363 4075 3676 4143 γεννήσεται

2100 4162 2200 4233 τῆς
2233 4163 2397 4233 χολῆς
2421 4163 2779 4232 κενουμένης,
2829 4162 3138 4233 σκοτισμῶν
3167 4161 3427 4232 ἔλλειψις,
3461 4163 3675 4230 ἀγάπης

2103 4253 2432 4325 πρόσληψις,
2469 4253 2656 4306 παθῶν
2674 4253 3046 4326 ἀλλοτρίωσις,
3081 4252 3274 4323 μίσους
3303 4252 3593 4324 λύτρωσις,
3618 4251 3673 4320 ἐξ

2107 4347 2332 4415 ἐλέγχου
2362 4345 2617 4414 λαγνείας
2657 4345 2901 4416 μείωσις,
2934 4343 3163 4414 ἀκηδίας
3190 4344 3403 4411 ἄγνοια,
3442 4341 3674 4413 σπουδῆς

2098 4437 2424 4509 πρόσληψις,
2481 4436 2827 4508 συμπαθείας
2858 4437 3070 4505 ἀγάπη,
3112 4434 3496 4506 ὑπερηφανίας
3543 4434 3678 4499 ξενι-

2097 4530 2235 4591 τεία,
2269 4530 2330 4582 τὸ
2360 4531 2494 4582 πᾶσι
2523 4527 2804 4598 ζητητέον,
2836 4527 2930 4581 καὶ
2961 4527 3161 4594 ὀλίγοις
3206 4526 3486 4596 εὑρητέον,
3540 4542 3672 4580 κατ-

2097 4621 2356 4691 όρθωμαο
2400 4617 2592 4681 ὓδατος
2657 4617 2732 4688 μὴ
2800 4617 3066 4686 παρόντος
3109 4618 3179 4669 ὲν·
3220 4619 3366 4688 πηγῇ
3409 4617 3674 4670 ἀνοίκειον

2099 4713 2160 4764 τὸ
2188 4712 2362 4783 ὄνομα
2381 4712 2516 4782 (12).
2543 4713 2653 4764 Καὶ
2677 4709 2740 4762 τὸ
2770 4709 2898 4779 ἑξῆς
2920 4709 3172 4779 νενόηται
3191 4711 3302 4772 τοῖς
3321 4708 3446 4762 νοῦν
3469 4708 3670 4778 ἔχουσι·

2099 4805 2277 4866 νεᾶνις
2337 4803 2436 4874 μὲν
2489 4804 2566 4875 μὴ
2623 4801 2910 4871 φυλάξασα
2957 4801 3166 4870 κοίτην,
3227 4801 3420 4870 ἐμίανε
3481 4799 3672 4870 σῶμα’

2101 4896 2194 4948 καὶ
2224 4894 2372 4966 ψυχὴ
2405 4893 2480 4965 μὴ
2511 4893 2794 4964 φυλάξασα
2852 4893 3151 4963 συνθήκην,
3205 4892 3398 4962 ἐμίανε
3427 4891 3674 4961 πνεῦμω

2102 4991 2196 5041 καὶ
2221 4990 2288 5058 τῇ
2327 4988 2426 5058 μὲν
2453 4985 2739 5040 ἀκολουθεῖ
2781 4985 2971 5055 ψόγος,
3015 4987 3190 5054 μῖσος,
3238 4984 3528 5052 μάστιγες,
3576 5001 3678 5053 χω-

2106 5080 2316 5150 ρισμοὶ,
2345 5078 2408 5131 τὸ
2436 5077 2654 5131 πάντων
2708 5077 3078 5138 ἐλεεινότατον
3105 5093 3119 5106 ·
3177 5078 3243 5145 τῇ
3267 5075 3346 5138 δὲ,
3386 5073 3674 5145 μολυσμοὶ,

2101 5169 2334 5226 θανάτου
2366 5166 2527 5237 λήθη,
2583 5167 2790 5229 κοιλίας
2842 5164 3137 5236 ἀπληστία,
3166 5163 3464 5234 ὀφθαλμῶν
3510 5163 3678 5233 ἀκράο

2099 5278 2240 5324 τεια,
2282 5259 2588 5324 κενοδοξίας
2621 5257 2879 5328 ἐργασία,
2934 5256 3104 5316 ὕπνου
3127 5259 3450 5327 ἁχορτασία,
3509 5256 3675 5327 σκλη-

2102 5350 2380 5424 ροκαρδία,
2411 5348 2766 5420 ἀναισθησία,
2799 5348 3080 5419 λογισμῶν
3110 5348 3388 5420 ἀποθήκη,
3420 5349 3519 5402 καὶ
3543 5363 3675 5416 συγ⁹

2097 5440 2443 5501 καταθέσεως
2533 5438 2863 5510 προσθήκη,
2959 5436 3307 5507 αἰχμαλωσία
3423 5437 3672 5506 καρδίας,

2097 5530 2344 5602 ταραχῆς
2375 5529 2628 5599 ἐργασία,
2657 5528 2911 5598 ἀνηκοτα,
2963 5525 3267 5596 ἀντιλογία,
3307 5525 3672 5597 προσπάθεια.

2098 5626 2349 5690 ἀπιστία,
2420 5623 2824 5696 ἀπληροφορία,
2874 5622 3188 5689 πολυλογία,
3225 5621 3509 5693 παρρησία
3540 5617 3672 5690 (15).

2100 5719 2132 5790 ἡ
2167 5718 2384 5771 πάντων
2417 5715 2773 5787 χαλεπωτέρα
2795 5731 2807 5743 ο
2833 5715 2892 5766 τί)
2927 5713 2984 5766 δὲ
3027 5713 3246 5770 πάντων
3269 5712 3633 5783 ἐλεεινότερον
3655 5747 3669 5770 ,

2101 5797 2472 5871 ἀκατάνυκτος
2500 5807 2718 5880 καρδία,
2750 5807 2816 5877 ἢν
2843 5805 3145 5876 διαδέχεται
3171 5808 3225 5858 ὲν
3248 5808 3357 5867 τοῖς
3400 5803 3474 5876 μὴ
3507 5818 3672 5876 προσ-
