4030 6486
476 425 619 494 113³)

477 538 694 609 έχουσιν
728 540 760 608 ἡ
802 538 1129 609 άναλγησία.
1163 542 1201 608 ἡ
1232 542 1415 612 μήτηρ
1469 540 1579 594 τῶν
1611 539 1945 610 πτωμάτων.

1412 431 1644 493 SCALA
1700 429 2082 490 PARADISI-
2117 453 2185 462 —
2213 428 2524 493 GHADUS
2554 433 2772 495 XXVII

3600 434 3735 500 11Ῑῦ

2077 543 2122 598 Α
2153 551 2374 608 petuum
2423 545 2603 599 somni
2655 545 3013 605 desidertun.
3046 548 3229 603 cordis
3275 550 3497 616 duritia,
3546 559 3737 622 stupor

474 641 664 703 animi,
705 641 1099 712 cogitationum
1151 641 1429 707 horreum,
1476 653 1780 695 consensus
1823 635 2055 692 facilitas
2087 651 2183 690 seu
2217 652 2592 710 augmentum,
2633 645 2819 700 cordis
2860 648 3182 716 captivitas,
3224 648 3446 705 officina
3473 651 3737 719 strepitus

473 736 531 782 οι
563 729 740 784 tumul
769 747 853 799 ιιι,
897 733 1270 796 contumacia,
1318 730 1703 797 contradictio,
1757 730 1953 782 vitiosa
1994 726 2060 780 ad
2136 742 2223 784 res
2268 730 2502 801 aﬂectio,
2560 736 2872 801 inﬁdelitas,
2923 738 3073 794 nulla
3150 740 3370 807 fiducia,
3409 741 3735 812 loquacitas,

472 823 644 879 c'l‘nsa
678 820 905 878 libertas
932 833 984 877 et
1015 823 1345 878 conlidcnlia
1376 838 1498 894 qua:
1550 830 1635 879 est
1703 818 1951 874 omnium
2014 816 2338 886 gravissima
2368 840 2381 877 :
2442 824 2538 881 sed
2578 825 2727 894 quod
2754 836 2838 882 est
2898 829 3165 885 omnibus
3220 829 3616 890 miserabilius.
3642 846 3738 885 cer

467 912 626 970 o.nni
668 913 846 983 gratia
880 915 951 969 lui
973 922 1061 968 tus
1095 929 1191 970 seu
1240 912 1685 984 coinpuuctionis
1717 909 2064 967 destitutum,
2106 909 2250 967 quod
2287 915 2538 981 sequitur
2605 917 2658 970 in
2694 918 2763 973 iis
2784 917 2877 987 qui
2908 934 3017 973 non
3044 924 3361 986 attendunt,
3394 930 3588 992 stupor
3619 935 3740 977 sen-

468 1024 572 1064 sas
609 1023 707 1063 seu
738 1005 1062 1068 indolentia,
1088 1020 1212 1075 quae
1247 1007 1434 1078 lapsus
1455 1005 1638 1060 omnis
1679 1012 1764 1058 est
1793 1012 1991 1073 parens
2020 1007 2075 1051 et
2111 1012 2300 1056 causa.

543 1101 653 1155 Καὶ
675 1100 1003 1173 πνευμάτων
1023 1103 1138 1164 τοῖς
1158 1099 1260 1172 μὲν
1281 1100 1650 1171 ἡσυχάζουσιν
1667 1098 1719 1151 οἱ
1737 1095 1897 1150 πέντε
1915 1093 2050 1163 (14)·

468 1195 585 1254 τοῖς
611 1191 669 1245 δὲ
697 1192 1181 1263 ὑποτασσομένοις,
1224 1193 1273 1247 oi
1332 1194 1482 1263 τρεῖς
1536 1190 1648 1245 τῶν
1679 1187 1825 1243 ὀκτὼ
1878 1202 2052 1258 προσ-

478 1283 823 1338 παλαίουσιν.
894 1284 954 1336 '0
1000 1284 1311 1355 ἡσυχάζων,
1366 1283 1460 1337 καὶ
1537 1280 1740 1353 ἀκηδίᾳ
1796 1278 2053 1349 πολεμῶν

469 1372 767 1443 ζημιοῦται
835 1374 1137 1439 πολλάκις·
1194 1376 1388 1447 καιρὸν
1427 1375 1537 1446 γάρ
1595 1370 1909 1445 προσευχῆς
1958 1369 2055 1425 καὶ

470 1464 709 1535 θεωρίας
741 1466 801 1519 ὲν
827 1468 951 1529 ταῖς
998 1466 1137 1538 πρὸς
1185 1468 1354 1539 αὐτὴν
1393 1471 1664 1539 μηχαναῖς
1698 1467 2050 1534 ὲξαναλώσει,

472 1557 570 1610 καὶ
626 1557 870 1621 πάλαιςο
922 1558 1301 1631 ρᾳθυμὴσαντί
1355 1559 1447 1632 μοί
1483 1577 1611 1614 ποτε
1662 1563 1721 1614 ἐν
1770 1563 1835 1631 τῇ
1888 1559 2054 1633 κέλλῃ

472 1648 826 1720 καθεζομένῳ
852 1648 987 1722 (15),
1018 1650 1114 1705 καὶ
1145 1649 1352 1722 ταύτην
1392 1651 1578 1723 σχεδὸν
1613 1652 2051 1721 καταλιμπάνειν

471 1737 834 1810 λογιζομένῳ,
870 1740 1065 1812 ἄνδρες
1091 1741 1238 1805 τινὲς
1271 1742 1700 1812 παραϐαλόντες,
1746 1743 1949 1809 ἱκανῶς
1979 1744 2054 1808 ὡς

479 1832 794 1904 ἡσυχαστὴν
833 1849 903 1903 με
930 1832 1275 1907 ὲμακάρισαν
1301 1850 1315 1864 ·
1350 1834 1444 1888 καὶ
1471 1833 1665 1888 θᾶττον
1689 1835 1721 1888 ὁ
1743 1837 1844 1907 τῆς
1890 1834 2053 1907 ρᾳθυο

2235 1093 2310 1148 Ex
2342 1105 2468 1151 octo
2502 1099 2836 1169 capitalibus
2883 1102 3029 1161 vitiis
3070 1110 3127 1156 et
3167 1104 3450 1173 spiritibus
3496 1107 3741 1176 quinque

2162 1186 2510 1254 potissimum
2551 1191 2834 1249 solitarius
2866 1203 3223 1264 oppugnant;
3253 1205 3363 1251 tres
3386 1211 3484 1251 eos
3505 1197 3599 1266 qui
3636 1197 3740 1252 sub

2162 1277 2475 1337 obedientia
2508 1283 2715 1339 vivunt.
2752 1284 3047 1341 Solitarius
3074 1285 3206 1341 dum
3249 1302 3373 1342 cum
3414 1289 3601 1343 acedia
3640 1302 3735 1343 seu

2162 1367 2370 1427 desidia
2407 1372 2667 1441 luctatur,
2708 1390 3087 1446 saepenumero
3119 1375 3447 1432 detrimento
3475 1377 3735 1433 alcitur:

2164 1465 2379 1528 tempus
2407 1460 2554 1517 enim
2584 1461 2840 1532 precibus
2868 1472 2923 1518 et
2961 1462 3129 1536 414
3170 1466 3615 1534 contemplationi
3643 1466 3739 1520 de-

2159 1549 2451 1607 dicandum
2482 1568 2626 1623 saepe
2655 1556 2794 1609 inter
2818 1570 3057 1627 pugnam
3082 1565 3138 1612 et
3160 1555 3362 1612 luctam
3392 1571 3516 1611 cum
3551 1557 3736 1612 acedia

2158 1652 2465 1700 consumet.
2516 1643 2631 1715 Ego
2680 1661 2807 1702 cum
2854 1647 2988 1702 olim
3040 1648 3290 1704 residens
3332 1648 3387 1702 in
3434 1648 3571 1703 cella
3618 1663 3740 1703 mea

2156 1734 2317 1791 taedio
2334 1735 2665 1805 laborarem,
2695 1746 2750 1793 et
2773 1753 2841 1795 eo
2859 1738 2972 1809 jam
3000 1739 3390 1796 descenderem
3414 1748 3475 1795 ut
3505 1741 3573 1795 de
3604 1741 3736 1794 cella

2154 1823 2456 1882 deserenda
2520 1826 2914 1897 deliberarem,
2981 1832 3370 1902 percommode
3408 1831 3628 1898 accidit,
3680 1842 3740 1885 ut

476 1919 606 1991 μίας
635 1921 895 1991 λογισμὸς
929 1922 1035 1975 ὑπὸ
1062 1922 1164 1993 τῆς
1208 1921 1511 1990 κενοδοξίας
1541 1922 1808 1995 ἐχώρησε,
1856 1922 1949 1977 καί
1987 1939 2053 1992 γε

2159 1915 2404 1988 hospites
2432 1919 2657 1989 quidam
2685 1922 3044 1979 adventantes
3068 1938 3154 1979 me
3179 1924 3252 1980 ob
3279 1924 3446 1979 vitam
3479 1923 3621 1979 hanc
3643 1938 3736 1978 so-

474 2009 793 2081 τεθαύμακα
824 2011 939 2076 πῶς
969 2014 1135 2067 πᾶσιν
1172 2012 1511 2067 ἐναντιοῦται
1541 2015 1653 2077 τοῖς
1678 2013 1986 2084 πνεύμασιν
2029 2016 2057 2068 ὁ

479 2100 722 2171 τρίὸολος
762 2102 991 2171 δαίμων.
1038 2104 1181 2174 Ὅρα
1228 2104 1349 2161 καθ’
1374 2103 1523 2176 ὥραν
1556 2104 1649 2157 τοῦ
1687 2103 1783 2158 σοῦ
1817 2103 2055 2175 συζύγου

480 2190 608 2255 τοὺς
637 2192 947 2263 ριπισμοὺς,
979 2195 1073 2248 καὶ
1104 2197 1579 2268 παραριπισμοὺς,
1610 2197 1705 2251 καὶ
1729 2196 1924 2268 ῥοπάς,
1960 2198 2056 2253 καὶ

478 2285 705 2352 τροπὰς,
742 2284 802 2337 τὸ
824 2284 942 2348 πῶς
971 2287 1063 2340 καὶ
1092 2286 1195 2340 ποῦ
1221 2287 1318 2359 τὴν
1342 2288 1514 2360 ῥοπὴν
1536 2287 1852 2359 κέκτηνται.
1888 2289 1946 2342 '0
1967 2290 2056 2345 διὰ

476 2375 791 2444 Πνεύματος
824 2377 983 2445 ἁγίου
1025 2379 1267 2451 γαλήνην
1311 2380 1674 2451 κτησάμενος,
1718 2382 1820 2435 οὐκ
1868 2383 2058 2451 ἀγνοεῖ

470 2465 532 2519 τὸ
573 2464 855 2539 θεώρημα.
913 2468 1116 2539 Ἔργον
1160 2472 1390 2542 ἡσυχίας
1425 2473 1730 2547 ἀμεριμνία
1782 2490 2055 2545 προηγου-

473 2556 610 2630 μένη
661 2560 881 2614 πάντων
929 2562 1038 2616 τῶν
1088 2565 1434 2635 πραγμάτων
1495 2565 1733 2635 εὐλόγων
1784 2567 1880 2621 καὶ
1932 2567 2056 2622 ἁλό-

470 2668 584 2720 γων
609 2653 742 2724 (16).
782 2654 842 2707 ’0
870 2656 981 2726 γάρ
1027 2658 1141 2719 τοῖς
1185 2657 1476 2728 προτέροις
1530 2658 1784 2727 ἀνοίγων,
1839 2659 1899 2713 ὲν
1938 2661 2053 2724 τοῖς

469 2742 745 2813 δευτέροις
775 2745 992 2809 πάντως
1035 2749 1431 2817 περιπεσεῖται.
1477 2747 1741 2819 Δεύτερον
1774 2749 2053 2821 προσευχὴ

470 2832 664 2896 ἄοκνος
688 2851 702 2865 ·
740 2834 838 2887 καὶ
864 2834 1047 2906 τρίτον
1074 2836 1305 2907 ἐργασία
1349 2838 1574 2910 καρδίας
1614 2839 1835 2903 ἄσυλος.
1902 2840 2054 2895 Ἀδύ-

471 2939 629 2978 νατον
656 2925 752 2979 τὸν
802 2926 876 2998 μὴ
925 2926 1230 2999 γράμματα
1284 2929 1646 3000 μεμαθηκότα
1705 2930 1952 3001 φυσικῶς
1993 2933 2052 2985 ὲν

469 3014 675 3079 δέλτοις
701 3017 930 3091 μελετᾷ-ι
954 3036 967 3048 δ
1001 3018 1407 3087 ἀδυνατώτερον
1438 3021 1515 3088 δὲ,
1544 3024 1670 3086 τοὺς
1705 3023 1781 3093 μὴ
1821 3023 1882 3077 τὸ
1913 3025 2049 3094 πρό-

474 3124 634 3180 τερον
668 3110 1055 3181 κτησαμένους
1080 3112 1150 3167 τὰ
1173 3111 1286 3177 δύο,
1314 3113 1456 3183 λόγῳ
1490 3114 1791 3183 μετελθεῖν.
1832 3116 2048 3186 Μετερ-

469 3199 702 3270 χόμενος
728 3202 789 3255 τὸ
816 3201 999 3272 μέσον,
1051 3207 1111 3257 ὲν
1163 3206 1355 3275 μέσοις
1392 3208 1591 3275 γέγονα
1613 3222 1624 3235 ·
1679 3207 1774 3260 καὶ
1814 3206 2048 3277 ὲφώτιζε

468 3289 744 3360 διψῶνταο
775 3293 870 3345 καὶ
892 3292 1002 3346 ίδοὺ
1040 3293 1203 3348 πάλιν
1241 3291 1309 3367 ἦν
1351 3296 1409 3349 ἐν
1438 3296 1668 3360 ἐκείνοις
1690 3313 1704 3327 “
1752 3296 1804 3350 τί
1859 3297 1957 3368 μὲν
1982 3293 2050 3369 ἦν

470 3379 579 3451 πρὸ
602 3379 705 3450 τῆς
734 3381 937 3453 ὁρατῆς
966 3384 1022 3434 ἐν
1047 3383 1198 3456 αὐτῷ
1230 3386 1445 3457 μορφῆς
1485 3386 1756 3441 διδάσκειν
1795 3388 1894 3441 οὐκ
1925 3388 2052 3459 ἡδύ-

468 3487 599 3525 νατο
622 3489 638 3505 ο
663 3472 782 3526 οὐδὲ
809 3472 919 3544 γὰρ
951 3473 1144 3545 ἠφίετο
1174 3476 1202 3528 ὁ
1250 3476 1436 3548 ἄρχων
1457 3494 1472 3510 ο
1503 3478 1620 3541 πῶς
1648 3478 1707 3532 δὲ
1757 3479 1850 3533 νῦν
1900 3481 2054 3535 πέλει

471 3559 702 3634 ἠρώτων
737 3561 919 3633 λέγειν
944 3582 957 3596 ·
988 3567 1046 3618 ἐν
1078 3568 1190 3631 τοῖς
1218 3567 1367 3632 ἰδίοις
1395 3568 1494 3640 μὲν
1542 3569 1748 3639 ἔλεγεν,
1789 3571 1904 3625 ἀλλ’
1954 3573 2055 3628 οὐκ

468 3657 529 3708 ὲν
569 3656 801 3719 τούτοις.
847 3657 988 3726 Ἐγὼ
1031 3658 1089 3711 δέ
1120 3674 1133 3687 ·
1183 3660 1280 3724 Τίς
1310 3662 1343 3731 ἡ
1374 3660 1526 3727 δεξιά
1560 3663 1746 3727 στάσις
1785 3667 1881 3718 καὶ
1925 3665 2056 3720 καθ-

468 3745 600 3819 έδρα
635 3750 728 3802 ἐπὶ
761 3749 858 3802 τοῦ
912 3750 1122 3816 αἰτίους
1180 3753 1489 3821 Ἀδύνατον,
1541 3754 1678 3825 ἔφη,
1713 3757 1851 3829 ἀκοῇ
1885 3775 2057 3828 μυστ-

469 3842 805 3909 αγωγεῖσθαι
841 3843 1036 3899 ταῦτα.
1087 3845 1235 3917 Πρὸς
1281 3845 1311 3900 ὃ
1369 3846 1426 3899 δέ
1465 3864 1534 3918 με
1591 3849 1619 3900 ό
1661 3847 1826 3913 πόθος
1880 3843 2054 3915 εἷλκε,

474 3935 843 4001 προσαγαγεῖν
903 3934 984 4006 τῷ
1058 3937 1237 4009 καιρῷ
1310 3938 1504 4010 ἐκείνῳ
1584 3938 1836 4010 ἡρώτων,
1901 3939 2056 3996 οὔπω

384 4082 397 4097 κ
479 4020 711 4089 ἐφραζεν
742 4025 897 4094 ἣκειν
922 4028 1022 4098 τὴν
1048 4027 1222 4098 ῶραν,
1249 4029 1316 4083 δι’
1349 4028 1585 4101 ἔλλειψιν
1628 4031 1797 4102 πυρὸς
1843 4031 2056 4103 ἀξθαρ-

483 4112 626 4176 σίας.
681 4114 861 4169 Ταῦτα
889 4118 1000 4170 εἴτε
1043 4120 1141 4173 σὺν
1178 4119 1255 4191 τῷ
1288 4120 1373 4191 χοῖ
1402 4120 1505 4174 οὐκ
1526 4118 1678 4175 οἴδα·
1718 4120 1829 4175 εἴτε
1862 4123 2054 4177 τούτου

479 4206 666 4276 χωρὶς,
697 4207 869 4276 λέγειν
908 4211 987 4273 εἰς
1018 4211 1164 4265 ἆπαν
1210 4213 1309 4264 οὐκ
1357 4212 1483 4283 ἔχω.
1516 4213 1769 4267 Χαλεπὸν
1815 4215 1907 4269 τὸν
1954 4215 2056 4286 τῆς

420 4374 427 4375 7
477 4299 827 4370 μεσημϐρίας
860 4303 1286 4372 ἀποτινάξασθαι
1317 4302 1483 4358 ὕπνον
1514 4308 1573 4359 ἐν
1625 4308 1747 4370 ταῖς
1808 4307 2054 4380 θεριναῖς

473 4390 709 4460 μάλιστα
732 4391 944 4464 ὧραιςσ
997 4396 1118 4449 τότε
1151 4396 1260 4467 γὰρ
1315 4399 1410 4451 καὶ
1437 4399 1595 4468 μόνον
1645 4403 1777 4463 ἴσως
1823 4400 1886 4454 τὸ
1944 4404 2052 4456 τῶν

472 4482 671 4552 χειρῶν
720 4484 821 4537 οὐκ
871 4486 1177 4557 ἀπόϐλητον
1212 4487 1392 4559 ἔργον.
1441 4490 1656 4557 Ἐγνων
1709 4491 1799 4544 τὸν
1825 4491 2053 4563 άκηδίας

2158 2004 2393 2061 litariam
2448 2008 2669 2065 beatum
2724 2011 3108 2081 praedicarent,
3160 2020 3216 2069 et
3253 2013 3438 2071 subito
3478 2013 3738 2084 cogitatio

2157 2095 2380 2153 desidiae
2416 2113 2447 2152 a
2490 2114 2627 2155 vana
2667 2099 2840 2170 gloria
2878 2099 3063 2172 fugata
3111 2103 3363 2167 recessit,
3403 2116 3738 2172 magnopere

2158 2202 2247 2242 me
2276 2189 2581 2245 demirautc
2615 2192 2759 2260 quod
2810 2193 3049 2249 tribulus
3078 2193 3184 2250 iste
3230 2209 3327 2255 seu
3370 2209 3524 2250 vanae
3549 2194 3739 2265 gloria;

2156 2278 2367 2335 daemon
2404 2283 2660 2339 ornuibus
2707 2282 2997 2353 spiritibus
3042 2285 3446 2345 adversaretur.
3494 2284 3736 2342 Observa

2157 2372 2389 2443 singulis
2422 2374 2574 2429 horis
2603 2375 2855 2448 conjugis
2885 2392 2983 2432 seu
3010 2376 3425 2434 contubernalis
3449 2379 3525 2433 tui
3556 2386 3738 2435 motus

2155 2470 2209 2517 et
2239 2465 2642 2531 ventilatioues,
2679 2467 3060 2538 subreptiones
3092 2480 3149 2524 et
3190 2479 3467 2525 momenta
3510 2469 3742 2524 incline-

2156 2554 2391 2618 tionum,
2422 2567 2477 2611 et
2497 2559 2908 2626 conversiones,
2939 2561 3217 2628 quomodo
3250 2560 3510 2625 habeant,
3539 2575 3651 2631 quo
3680 2571 3736 2616 et

2154 2657 2319 2714 quam
2344 2644 2396 2698 in
2430 2654 2639 2715 partem
2668 2658 2912 2716 vergant.
2937 2647 3041 2714 Qui
3070 2663 3167 2721 per
3192 2648 3457 2721 Spiritum
3486 2658 3736 2705 sanctum

2155 2734 2324 2790 animi
2364 2737 2819 2807 tranquillitatem
2869 2741 3100 2810 adeptus
3127 2748 3231 2809 est,
3281 2756 3395 2796 non
3436 2743 3609 2797 nescit
3634 2742 3739 2796 hoc

2156 2826 2438 2883 theorema
2497 2843 2591 2885 seu
2636 2829 3162 2887 considerationem.
3217 2829 3477 2901 Princeps
3538 2831 3739 2900 quietae

2155 2918 2468 2974 solitudinis
2515 2919 2759 2976 studium
2808 2929 2916 2986 est,
2963 2929 3023 2978 ut
3052 2921 3370 2989 solitudinis
3413 2921 3591 2978 cultor
3620 2936 3741 2975 om-

2156 3009 2318 3065 nibus
2357 3011 2507 3067 curis
2536 3028 2659 3082 qua:
2688 3013 2904 3082 negotia
2934 3012 3274 3084 praecedunt,
3306 3014 3422 3069 sive
3443 3014 3535 3068 illa
3572 3012 3740 3069 ratio-

2155 3098 2241 3154 nis
2283 3099 2412 3168 siut,
2438 3102 2553 3155 sive
2582 3117 2691 3156 non
2723 3102 2833 3158 sint
2880 3112 3054 3159 vacet.
3109 3102 3282 3173 (Nam
3315 3104 3411 3175 qui
3463 3105 3740 3175 prioribus

2155 3191 2362 3247 aditum
2391 3192 2618 3257 dederit,
2644 3193 2697 3247 in
2737 3193 3094 3263 sequentibus
3137 3194 3381 3262 ltaarebit,
3415 3202 3470 3251 et
3511 3194 3740 3251 omnino

2158 3281 2615 3353 cadet.)Altcrum
2643 3298 2780 3353 opus
2795 3293 2879 3338 est
2899 3284 3131 3355 impigra
3153 3284 3330 3339 oratio
3359 3303 3375 3340 :
3404 3285 3741 3351 tertium,iu-

2158 3374 2427 3429 violabilis
2462 3375 2646 3431 cei-dis
2674 3375 2817 3430 actio
2853 3374 2997 3430 Fieri
3021 3390 3117 3445 per
3134 3384 3385 3435 naturam
3410 3391 3519 3431 non
3537 3385 3739 3447 potest,

2161 3475 2220 3518 ut
2250 3481 2443 3537 expers
2465 3467 2772 3521 litterarum
2796 3467 2849 3522 in
2873 3467 3025 3523 libris
3054 3483 3114 3525 se
3134 3477 3385 3525 exerceat
3409 3485 3423 3526 :
3451 3470 3542 3523 sed
3566 3469 3739 3526 multo

2160 3555 2361 3624 minus,
2388 3557 2560 3626 utqui
2588 3556 2767 3626 primo
2793 3565 2962 3622 caret,
3003 3557 3113 3615 duo
3146 3557 3314 3613 altera
3352 3573 3448 3629 per
3471 3557 3740 3614 rationem

2161 3649 2440 3716 acquirat;
2493 3647 2733 3702 medium
2783 3656 3075 3702 assecutus
3133 3648 3188 3701 in
3235 3647 3430 3702 mediis
3482 3647 3734 3711 constiti,

2157 3747 2211 3794 et
2254 3736 2531 3811 [angelus]
2567 3739 2841 3793 sitientem
2876 3737 3240 3793 illuminabat.
3286 3738 3352 3793 Et
3381 3753 3507 3793 ecce
3545 3753 3738 3795 rursus

2158 3843 2308 3884 erant
2355 3827 2494 3883 inter
2526 3827 2681 3892 illos,
2732 3842 2966 3897 cumque
3027 3843 3305 3898 rogassem
3369 3828 3501 3898 quid
3574 3827 3740 3883 fuerit

2159 3926 2287 3973 ante
2340 3917 2725 3987 aspectabilem
2774 3918 2831 3971 in
2869 3918 2965 3972 illo
3010 3908 3737 3990 (Christo)'formam,.do-

2158 4024 2283 4064 cere
2327 4023 2416 4063 me
2450 4024 2560 4063 non
2611 4008 2820 4080 potuit,
2872 4024 2975 4064 nec
3015 4007 3299 4062 sinebatur
3346 4007 3436 4060 ille
3486 4006 3741 4078 princeps

2163 4100 2412 4173 (angelus
2454 4099 2691 4170 nempe.)
2726 4099 2866 4154 Tum
2921 4102 3180 4171 rogabam
3223 4108 3283 4153 ut
3324 4098 3551 4163 diceret,
3600 4114 3741 4169 quo-

2160 4195 2324 4249 modo
2357 4208 2504 4249 nunc
2548 4201 2694 4248 esset
2725 4190 3016 4266 [haberet].
3062 4190 3118 4245 ln
3150 4189 3407 4262 propriis,
3435 4189 3741 4259 inquiebat,

2159 4284 2322 4358 415
2357 4284 2452 4340 sed
2485 4298 2591 4339 non
2627 4285 2735 4340 his.
2773 4282 2912 4338 Tum
2951 4299 3098 4355 ego:
3133 4281 3265 4349 Quae
3322 4291 3409 4337 est
3464 4290 3519 4337 et
3564 4281 3744 4352 qualis

2161 4380 2251 4433 illa
2278 4379 2344 4433 ad
2375 4378 2640 4443 dextram,
2669 4377 2874 4432 Christi
2932 4377 3173 4430 auctoris
3228 4373 3393 4430 statio
3426 4381 3482 4429 et
3540 4376 3743 4430 sedes?

2162 4470 2309 4539 litae,
2345 4471 2544 4542 inquit,
2576 4472 2727 4527 auris
2758 4469 2995 4525 humana
3043 4468 3226 4525 doceri
3259 4482 3369 4523 non
3414 4474 3611 4540 potest.
3665 4466 3743 4540 (ιι)

470 4573 702 4646 δαίμονα
744 4577 1115 4645 προποιοῦντα
1154 4580 1249 4633 καὶ
1305 4581 1765 4651 προοδοποιοῢντα
1811 4583 1902 4637 τὸν
1948 4584 2048 4650 τῆς

2163 4563 2444 4635 Rogabam
2477 4579 2607 4633 ergo
2638 4573 2696 4618 ut
2727 4578 2814 4619 me
2862 4561 2931 4617 ad
2986 4562 3039 4616 id
3097 4561 3387 4619 occasione
3451 4560 3748 4617 deduceret

472 4668 756 4737 πορνείας,
785 4670 873 4723 ἵνα
916 4670 1153 4741 ἰσχυρῶς
1198 4672 1259 4726 τὺ
1320 4674 1480 4745 σῶμα
1518 4674 1777 4740 ἑλκύσας,
1830 4678 1925 4731 καὶ
1979 4677 2057 4746 τῷ

474 4756 629 4831 ΰπνῳ
695 4760 986 4831 βαπτίσας,
1044 4762 1233 4837 ὥσπερ
1285 4767 1411 4830 τοὺς
1481 4766 1788 4840 μολυσμοὺς,
1838 4770 1896 4822 ἐν
1948 4773 2057 4828 τοῖς

474 4851 844 4923 ἡσυχάζουσιν
876 4856 1200 4929 ἐργάσηται.
1246 4856 1373 4913 Ἐάν
1412 4859 1667 4931 άντιστῇς
1700 4859 1883 4925 αὐτοῖς
1917 4864 2061 4932 ἰσχυ-

475 4938 608 5008 ρῶς,
640 4940 1015 5013 πολεμήσουσί
1042 4962 1100 4998 σε
1122 4945 1338 5010 πάντως
1359 4948 1657 5020 κραταιῶς,
1698 4950 1763 5003 ἵν’
1785 4950 1860 5015 ὡς
1891 4952 2059 5022 μηδὲν

472 5030 788 5101 ὠφελοῦντα
807 5076 822 5098 ,
847 5036 959 5089 παύ
970 5055 1100 5091 sum
1124 5038 1230 5092 τῶν
1255 5039 1502 5108 ἀγώνων.
1535 5041 1701 5097 Οὐδὲν
1725 5043 1780 5097 δὲ
1804 5044 1903 5115 τὴν
1952 5044 2058 5098 τῶν

472 5125 749 5195 δαιμόνων
780 5121 972 5199 ἧτταν,
998 5129 1072 5191 ὡς
1100 5130 1237 5198 ὅπερ
1269 5130 1450 5185 αὐτῶν
1485 5132 1622 5203 πρὸς
1648 5133 1798 5202 ἡμᾶς
1827 5133 2059 5204 χαλεπὸς

474 5216 715 5287 πόλεμος
740 5217 1078 5284 ἐνδείξασθαι
1112 5221 1359 5278 δύναται.
1424 5225 1513 5277 Ἐν
1548 5228 1669 5290 ταῖς
1717 5228 1965 5298 προόδοις
1992 5227 2060 5282 τὰ

476 5310 816 5381 συναχθέντα
846 5312 1081 5382 φύλαττε
1105 5313 1245 5385 (17)’
1278 5315 1379 5385 τῆς
1406 5316 1576 5387 θύρας
1624 5320 1733 5389 γὰρ
1773 5321 2058 5390 ἀνοιγομέ-

474 5418 574 5472 νης
593 5403 652 5454 αἱ
681 5403 1069 5459 κατάκλειστοι
1091 5406 1242 5477 ὅρνις
1261 5407 1542 5466 πέτανται.
1571 5410 1682 5464 Καὶ
1710 5410 1829 5464 τότε
1850 5411 2057 5476 λοιπὸν,

475 5490 629 5545 οὐδὲν
647 5493 746 5561 τῆς
764 5494 999 5564 ἡσυχίας
1020 5494 1275 5569 ὠφελὴθὴ
1283 5515 1403 5566 μεν.
1431 5499 1620 5569 Μικρὰ
1643 5500 1765 5571 θρὶξ
1794 5501 2060 5572 ταράσσει

479 5580 784 5651 όφθαλμδν,
829 5585 923 5637 καὶ
975 5586 1147 5659 μικρὰ
1212 5591 1433 5659 φροντὶς
1493 5588 1747 5659 ἀφανίζει
1806 5594 2056 5664 ἡσυχίαν.

2163 4674 2274 4731 quo
2307 4672 2394 4713 me
2431 4655 2760 4713 desiderium
2796 4654 3064 4710 trahebat.
3096 4650 3373 4716 Nondum,
3406 4651 3604 4722 inquit,
3652 4668 3746 4707 ve-

2165 4753 2244 4807 nit
2281 4753 2437 4816 hora,
2471 4757 2694 4820 propter
2723 4747 3081 4803 defectionem
3114 4744 3256 4817 ignis
3287 4744 3745 4815 incorruptionis.

2164 4845 2291 4901 Hscc
2334 4861 2401 4900 an
2430 4845 2483 4899 in
2510 4857 2741 4913 corpore
2771 4856 2839 4895 an
2873 4849 3028 4895 extra
3073 4855 3272 4908 corpus
3299 4838 3438 4894 facta
3470 4840 3600 4903 sint,
3648 4855 3749 4894 nec

2167 4939 2305 5005 scio,
2339 4953 2439 4993 nec
2486 4938 2713 4990 omnino
2771 4935 2947 4989 habeo
2972 4933 3175 4989 dicere.
3210 4931 3443 4987 Dillicile
3496 4941 3584 4987 est
3649 4948 3748 5002 ρο-
3832 4978 3849 4989 ,

2169 5031 2530 5086 meridianum
2564 5043 2818 5084 somnum
2862 5025 3161 5097 praesertim
3201 5025 3405 5080 aestivis
3456 5024 3607 5079 boris
3658 5038 3753 5079 ar-

2167 5140 2313 5180 cere.
2347 5122 2504 5177 Tunc
2550 5122 2717 5184 enim,
2757 5131 2811 5175 et
2839 5118 3072 5175 fortasse
3106 5124 3347 5182 tantum,
3375 5116 3581 5189 aliquid
3616 5129 3740 5185 opeo

2168 5218 2244 5272 ris
2273 5232 2433 5271 manu
2467 5214 2771 5269 rﬂ('it‘ll(lllnl
2799 5220 2903 5267 est.
2980 5209 3116 5266 Novi
3162 5226 3263 5280 ego
3314 5209 3566 5279 spiritum
3622 5222 3745 5264 ace-r

2162 5311 2267 5366 dia:
2298 5307 2626 5381 praecedere,
2656 5318 2709 5360 et
2746 5306 2887 5359 viain
2929 5303 3142 5358 munire
3172 5302 3388 5374 spiritui
3423 5299 3748 5356 fornicatio-

2164 5404 2269 5468 nis,
2301 5412 2360 5457 ut
2398 5416 2600 5471 corpus
2641 5398 2817 5454 valide
2852 5396 3054 5463 trahat,
3094 5403 3149 5450 et
3171 5408 3366 5449 somno
3405 5408 3573 5465 prope
3607 5393 3747 5447 irri-

2164 5505 2272 5568 get,
2306 5507 2362 5550 et
2395 5494 2544 5548 velut
2567 5509 2663 5564 per
2707 5492 2980 5547 somnium
3022 5491 3078 5543 in
3113 5487 3518 5558 quiescentibus
3560 5487 3746 5557 inqui-

2167 5602 2278 5648 net.
2309 5589 2462 5658 Quod
2495 5590 2542 5646 si
2584 5588 2670 5645 his
2710 5586 2911 5642 acriter
2941 5595 2998 5640 et
3027 5583 3241 5638 fortiter
3272 5579 3587 5635 obluctatus
3629 5578 3750 5635 fuco

549 5793 735 5879 MA"
770 5796 932 5879 ,ιιηηε
956 5797 1275 5879 ,οβεειξτξιιη
1328 5798 1678 5879 locumuvide
1722 5800 1857 5871 quid
1888 5800 2058 5859 .Elias
2088 5802 2371 5860 Cretensis
2439 5800 2582 5857 dicat
2610 5796 2663 5853 in
2686 5791 3076 5852 commentario
3102 5804 3266 5861 quem
3309 5787 3436 5845 inde
3488 5787 3746 5856 deprom-

480 5867 585 5933 psi,
612 5876 665 5919 ct
707 5868 927 5925 selmltis
955 5868 1094 5925 inter
1132 5869 1194 5924 16
1222 5881 1275 5926 ct
1330 5871 1392 5925 i7
1458 5869 1702 5942 adjuuxi.
