4030 6496
409 429 464 487 tl
482 428 537 485 ll
1658 424 1715 486 S.
1737 425 1924 495 JOAN
1930 425 1979 488 N
1984 424 2056 487 IS
2106 427 2413 492 CLIMACI

3534 427 3665 499 illi

402 538 497 592 ris.
531 534 855 604 impotenter
888 543 940 591 te
965 535 1376 605 oppugnabunt,
1409 538 1628 605 perinde
1674 536 1833 605 quasi
1893 535 1979 590 ni—

2093 540 2324 613 Ἠσυχία
2357 540 2467 612 γάρ
2490 540 2639 595 ἔστιν
2662 541 2922 608 ἀπόθεσις
2961 541 3252 613 νοημάτων
3293 543 3386 596 καί
3432 543 3672 614 ἄρνησις·

398 628 475 682 liil
502 646 565 684 ex
604 631 845 684 solitaria
883 631 991 684 vita
1016 630 1269 685 utilitatis
1292 629 1518 693 referas,
1552 640 1609 685 ut
1635 634 1705 685 ab
1749 630 1892 686 lucta
1920 637 1976 686 et

2084 634 2323 703 εὐλόγων
2358 634 2677 706 φροντίδων.
2716 634 2775 689 ’0
2818 635 2989 700 ὄντως
3024 633 3255 707 ἡσυχίαν
3295 634 3665 706 κατειληφὼς,

398 725 695 778 certamine
727 723 984 778 desistas.
1020 723 1123 777 Sed
1150 736 1260 792 quo
1291 722 1471 777 acrius
1504 723 1556 776 in
1586 737 1685 777 nos
1747 738 1977 779 consur-

398 825 551 884 gunt,
588 816 688 868 hoc
722 817 895 882 magis
937 824 1160 885 apparet
1192 814 1315 869 illos
1345 829 1373 867 a
1443 815 1609 870 nobis
1637 815 1811 870 victos
1874 815 1971 887 (ὁ).

398 911 530 962 Cum
566 908 619 961 in
651 908 924 974 publicum
957 909 1141 977 prodis
1172 908 1397 963 collecta
1429 906 1665 963 custodi.
1701 907 1836 963 Nam
1888 909 1974 977 ja-

399 1015 503 1053 nna
540 1009 724 1068 aperta
764 1015 893 1055 aves
942 999 1169 1056 inclusa:
1216 1000 1460 1064 avolant,
1498 1002 1645 1055 unde
1712 1001 1976 1071 quidquid

396 1090 665 1145 commodi
700 1092 752 1144 in
786 1092 1080 1147 solitudine
1101 1101 1320 1163 partum
1360 1103 1465 1157 est,
1524 1092 1786 1161 perditur.
1845 1093 1976 1148 Par-

397 1198 496 1238 vus
545 1184 687 1253 pilus
725 1182 950 1239 oculum
984 1184 1205 1240 infestat
1236 1193 1292 1240 et
1332 1185 1535 1249 turbat,
1577 1194 1634 1240 et
1679 1201 1844 1254 parva
1875 1202 1975 1241 cu-

397 1289 454 1327 ra
483 1275 724 1345 quietem
785 1277 945 1331 tollit.
1007 1274 1174 1343 Quies
1234 1278 1381 1333 enim
1459 1286 1540 1333 est
1583 1277 1974 1348 cogitationum

396 1366 649 1435 abjcctio,
680 1377 736 1424 et
761 1383 1020 1424 curarum
1074 1369 1436 1424 humanarum
1497 1370 1660 1424 etiam
1702 1370 1974 1441 iustarum

395 1459 690 1515 abdicatio.
736 1459 839 1537 Qui
871 1476 938 1515 ex
984 1461 1170 1515 animo
1218 1462 1518 1516 solitariam
1602 1463 1769 1517 vitam
1827 1477 1977 1517 com-

397 1553 587 1623 plexus
611 1564 713 1615 est,
747 1568 924 1623 neque
954 1554 1202 1623 corporis
1227 1554 1447 1623 quidem
1479 1554 1564 1610 sui
1591 1570 1781 1610 curam
1828 1563 1972 1625 aget,

399 1644 612 1700 mentiri
644 1645 788 1700 enim
819 1645 1010 1709 nescit,
1034 1646 1128 1716 qui
1186 1660 1373 1701 curam
1419 1662 1478 1702 sc
1532 1647 1702 1702 nostri
1762 1647 1977 1702 habitu-

400 1752 519 1790 rum
547 1737 857 1807 spopondit.
887 1736 991 1804 Qui
1049 1753 1242 1805 puram
1305 1737 1416 1792 Deo
1474 1748 1710 1793 mentem
1780 1740 1978 1796 sistere

407 1828 580 1897 tu,.it,
643 1840 700 1884 et
729 1831 878 1885 curis
938 1830 1105 1902 416
1140 1830 1358 1884 interim
1390 1831 1645 1901 agitatur,
1683 1833 1976 1901 persimilis

397 1928 482 1976 est
506 1921 606 1987 illi,
651 1923 747 1993 qui
789 1922 1004 1992 injectis
1050 1922 1157 1977 sibi
1198 1923 1302 1992 ipsi
1354 1923 1549 1978 validis
1593 1924 1974 1994 compedibus,

397 2016 648 2072 celeriter
693 2025 871 2072 tamen
894 2033 1115 2075 currere
1142 2026 1395 2073 conatur.
1455 2016 1582 2072 Rari
1607 2030 1736 2074 sunt
1787 2021 1879 2091 qui
1921 2022 1974 2076 in

397 2109 578 2163 studio
611 2109 892 2180 sapientiae
950 2117 1005 2164 et
1045 2110 1407 2180 philosophia:
1430 2111 1707 2166 smeularis
1751 2129 1978 2185 magno-

398 2217 523 2271 pere
543 2204 938 2269 excelluerunt,
974 2213 1030 2258 et
1070 2204 1234 2274 quasi
1266 2204 1331 2257 ad
1366 2203 1645 2273 fastigium
1677 2207 1798 2275 ejus
1851 2224 1976 2277 per-

394 2302 698 2361 venerunt;
729 2295 827 2350 sed
855 2295 1142 2364 pauciores
1171 2294 1428 2349 existimo
1469 2295 1562 2364 qui
1597 2311 1781 2350 veram
1844 2299 1978 2353 soli-

395 2387 547 2441 tarite
588 2387 711 2441 vitae
763 2387 1166 2457 philosophiam
1195 2397 1388 2443 exacte
1422 2401 1808 2457 pernoveruut.
1870 2392 1975 2458 Qui

396 2476 561 2532 Deum
590 2479 831 2534 nondum
863 2480 1014 2533 novit
1046 2480 1111 2534 ad
1142 2479 1496 2534 solitudinem
1527 2481 1744 2550 ineptus
1758 2492 1860 2546 est,
1894 2500 1978 2538 se-

2079 725 2203 779 οὑδὲ
2255 727 2358 797 τῆς
2405 725 2601 781 ἑαυτοῦ
2642 725 2844 798 σαρκὸς
2901 726 3222 799 φροντίσεμ
3266 725 3508 797 ἀψευδὴς
3554 730 3669 799 γάρ

2087 819 2238 871 ἐστιν
2293 819 2322 871 ὁ
2357 817 2852 888 ἐπαγγειλάμενος.
2916 818 2975 872 Ὀ
3027 818 3152 872 νοῦν
3195 818 3440 891 καθαρὸν
3482 835 3669 890 παρα⁶

2084 910 2280 980 στῆσαι
2326 911 2438 981 (18)
2509 910 2589 982 τῷ
2647 910 2767 983 Θεῷ
2826 910 3180 982 βουλόμενος,
3237 911 3333 965 καὶ
3379 913 3669 982 φροντίσαι

2079 1001 2422 1073 δονούμενος,
2477 1004 2664 1074 ὅμοιός
2743 1005 2858 1057 ἐστι
2913 1003 2991 1073 τῷ
3052 1003 3179 1066 τοὺς
3248 1001 3446 1055 ἑαυτοῦ
3495 1002 3669 1067 πόδας

2082 1093 2321 1165 ἰσχυρῶς
2355 1094 2671 1166 πεδήσαντι,
2706 1095 2801 1149 καὶ
2824 1093 2988 1160 ὀξέως
3018 1092 3256 1165 βαδίζειν
3288 1092 3665 1165 δοκιμάζοντι.

2080 1187 2304 1241 Σπάνιοι
2367 1186 2465 1258 μὲν
2500 1188 2549 1239 oi
2601 1186 2702 1255 τὴν
2766 1186 2909 1240 κατά
2956 1187 3164 1257 κόσμον
3214 1184 3537 1255 φιλοσοφίαν
3583 1186 3667 1247 είς

2078 1277 2248 1351 ἀκρον
2279 1279 2697 1349 παιδευόμενον
2725 1278 2836 1347 ἐγὼ
2867 1278 2923 1331 δὲ
2952 1279 3117 1344 λέγω,
3145 1274 3533 1350 βραχύτεροιοί
3562 1278 3667 1344 τὴν

2076 1370 2177 1442 τῆς
2215 1370 2387 1435 ὅντως
2416 1371 2650 1443 ἡσυχίας
2682 1371 3000 1440 φιλοσοφίαν
3023 1370 3379 1441 ἐπιστάμενοι
3402 1384 3416 1401 ·
3450 1369 3480 1421 ὁ
3505 1367 3666 1422 οὔπω

2079 1464 2214 1518 Θεὸν
2236 1466 2421 1534 γνοὺς,
2452 1467 2534 1521 είς
2555 1464 2789 1537 ἡσυχίαν
2817 1464 3099 1534 ἀδόκιμος,
3132 1464 3228 1517 καὶ
3274 1460 3505 1525 πολλοὺς
3544 1479 3666 1515 xw-

2078 1553 2270 1616 δύνους
2310 1554 2702 1625 ὑφιστάμενος.
2747 1552 2978 1625 Ἡσυχία
3019 1552 3283 1623 ἀπείρους
3324 1549 3615 1617 ἀποπνίγει
3640 1564 3662 1580 ’

2080 1645 2338 1714 ἄγευστοι
2393 1645 2504 1716 γὰρ
2560 1643 2901 1716 γλυκύτητος
2956 1643 3094 1698 Θεοῦ
3159 1644 3528 1715 ὑπάρχουσιν,
3578 1644 3663 1705 εἰς

2080 1736 2486 1807 αἰχμαλωσίας.
2516 1736 2612 1791 καὶ
2633 1735 2860 1799 κλοπάς,
2904 1735 2999 1790 καὶ
3026 1733 3288 1807 ἀκηδίαςο,
3324 1732 3418 1786 καὶ
3448 1731 3658 1802 ῥεμὸα-

2085 1830 2256 1899 σμοὺς
2312 1829 2404 1881 τὸν
2451 1829 2644 1900 καιρὸν
2696 1827 3163 1893 ὲξαναλίσκοντες.
3222 1827 3283 1879 '0
3354 1823 3664 1895 προσευχῆς

2088 1920 2285 1985 κάλλος
2317 1921 2612 1991 ἁψάμενος,
2638 1920 2892 1991 φεύξεται
2926 1921 3116 1991 ὄχλους
3149 1918 3224 1983 ὡς
3273 1917 3507 1988 δναγρος
3531 1931 3546 1946 ·
3581 1913 3672 1977 τίς

2084 2013 2196 2083 γὰρ
2241 2014 2291 2067 εί
2337 2013 2413 2085 μὴ
2460 2011 2637 2083 αὕτη,
2704 2013 2890 2067 εἴασεν
2949 2013 3071 2066 ινον
3132 2011 3324 2080 ἀγριον
3381 2006 3665 2076 ἐλεύθερον

2091 2106 2274 2176 πάσης
2309 2105 2601 2168 συνουσίας
2639 2103 2983 2175 ἀνθρώπων;
3031 2104 3089 2155 ’0
3124 2101 3191 2157 τά
3231 2099 3381 2169 πάθη
3416 2093 3667 2168 περικεί-

2087 2213 2269 2267 μενος,
2299 2195 2487 2267 καὶστῇ
2521 2195 2728 2250 τούτων
2773 2195 3061 2267 ἀδολεσχίᾳ
3120 2196 3177 2247 ἐν
3216 2191 3406 2263 ἐρήμῳ
3462 2186 3671 2258 διατρί-

2089 2289 2174 2342 δει
2198 2289 2331 2359 (l9),
2357 2289 2433 2354 ὡς
2460 2287 2555 2343 καὶ
2587 2288 2766 2360 γέρων
2801 2305 2892 2359 μοι
2916 2287 3073 2356 ἅγιος
3093 2288 3157 2340 τὸ
3203 2284 3447 2338 τοιοῦτον
3470 2278 3668 2348 ἐφθέγ-

2086 2382 2235 2449 ξατο,
2271 2383 2367 2436 καὶ
2401 2382 2635 2449 ἐδίδαξε,
2666 2380 2939 2452 Γεὼργιον
2979 2378 3123 2448 λέγω
3151 2377 3242 2432 τδν
3290 2372 3663 2446 Ἀρσιλαῖτην,

2084 2474 2144 2527 ὃν
2174 2473 2270 2529 καὶ
2318 2477 2351 2547 ἡ
2396 2474 2465 2546 σὴ
2520 2475 2775 2545 τιμιότης
2826 2474 2943 2527 οὐδ’
2991 2472 3128 2536 ὅλως
3166 2470 3436 2539 ἡγνόησεν
3460 2483 3475 2498 ⁶
3511 2459 3663 2527 οὗτος

391 2585 558 2639 seque
586 2569 772 2627 multis
835 2571 1090 2641 periculis
1119 2573 1364 2643 exponit.
1407 2572 1656 2627 Solitudo
1692 2574 1975 2643 imperitos

2084 2565 2313 2636 ἀχρείαν
2336 2563 2516 2637 ψυχήν
2561 2582 2692 2619 ποτε
2747 2563 3051 2635 στοιχειῶν,
3098 2563 3194 2617 καὶ
3240 2557 3496 2630 ποδηγῶν
3528 2554 3666 2627 πρὸς

391 2661 638 2729 euﬂ‘ocat,
697 2663 1001 2719 cmlestinm
1054 2664 1200 2718 enim
1265 2664 1709 2719 consolationum
1751 2667 1976 2725 delicias

2084 2657 2313 2728 ἡσυχίαν
2351 2656 2526 2725 ἔλεγε.

392 2767 500 2807 non
538 2761 780 2823 gustant,
819 2759 874 2808 et
913 2760 1130 2823 tempus
1163 2751 1215 2806 in
1272 2751 1604 2821 captivitate,
1663 2751 2083 2813 distractiunum
2123 2773 2219 2812 seu
2264 2755 2519 2812 maeroris
2576 2753 2763 2820 furtis,
2813 2754 3066 2817 desidia,
3131 2759 3187 2807 et
3246 2750 3414 2806 animi
3468 2747 3671 2805 defati-

391 2845 610 2916 gatione
637 2845 953 2899 absumunt.
989 2841 1092 2909 Qui
1140 2843 1409 2899 orationis
1460 2843 1691 2913 gratiam
1749 2857 2036 2903 assecutus
2065 2857 2169 2912 est,
2214 2850 2403 2903 turbas
2468 2847 2755 2903 hominum
2819 2859 2931 2900 non
3011 2859 3173 2899 secus
3235 2850 3402 2912 atque
3456 2852 3671 2911 onager

393 2938 548 3007 fugit.
586 2932 722 3005 Quis
762 2938 909 2992 enim
944 2937 1048 2993 nisi
1082 2937 1197 2992 hzec
1227 2937 1450 3007 (oratio)
1485 2935 1661 2990 ferum
1708 2951 1974 3006 onagrum
2013 2940 2083 2994 ab
2129 2943 2281 2995 omni
2317 2940 2605 2996 hominum
2663 2940 2926 2995 societate
2976 2936 3212 2991 liberum
3262 2930 3519 2990 dimisit?
3561 2930 3667 2997 Qui

394 3032 603 3087 vitiosis
627 3030 910 3087 affectibus
946 3041 1030 3086 est
1058 3038 1381 3100 occupatus,
1419 3029 1487 3084 iis
1520 3029 1864 3086 revolvendis
1919 3040 1974 3086 et
2011 3033 2333 3088 exercendis
2409 3041 2583 3087 totum
2632 3031 2898 3088 solitariae
2952 3030 3078 3085 vitae
3125 3037 3340 3097 tempus
3392 3026 3545 3090 terit,
3609 3029 3670 3076 ut

392 3123 527 3179 mihi
591 3132 816 3179 sanctus
871 3132 1045 3193 pater.
1109 3121 1410 3193 Georgius,
1451 3122 1695 3191 inquam,
1735 3121 2043 3189 Arsilaites,
2083 3140 2246 3196 quem
2288 3133 2344 3180 et
2378 3124 2615 3194 dignitas
2665 3133 2760 3179 tua
2829 3138 2939 3178 non
2997 3122 3216 3193 penitus
3281 3119 3519 3188 ignorat,
3578 3112 3670 3167 [tie

392 3216 521 3271 olim
554 3216 805 3285 exposuit
848 3224 901 3271 et
949 3215 1192 3280 edocuit,
1247 3231 1369 3272 cum
1417 3216 1664 3272 inutilem
1735 3216 1976 3273 animam
2017 3234 2193 3274 meam
2267 3219 2334 3275 ad
2395 3218 2701 3275 solitariam
2777 3217 2902 3273 vita:
2949 3216 3293 3286 disciplinam
3353 3209 3674 3266 institueret

391 3317 446 3363 et
475 3307 798 3361 informaret

462 3395 641 3461 Mane,
664 3397 857 3466 inquit,
905 3404 968 3452 ut
1015 3397 1311 3467 plurimum
1366 3397 1605 3468 Spiritus
1659 3413 1812 3453 vanae
1855 3398 1972 3470 glo-

2147 3404 2225 3476 Τῇ
2262 3405 2360 3474 μὲν
2392 3403 2595 3476 πρωΐᾳ,
2658 3402 2847 3474 φησὶν,
2891 3396 3332 3469 ὲπεσημηνάμην
3361 3394 3438 3458 ὡς
3461 3392 3669 3446 ὲπίπαν

393 3491 490 3548 ria:
524 3500 579 3546 et
608 3491 1066 3561 concupiscentia:
1097 3493 1363 3564 impetum
1407 3493 1460 3547 i‘n
1512 3509 1613 3549 nos
1655 3492 1832 3549 facere
1889 3510 1980 3549 so-

397 3586 519 3641 litos
559 3584 937 3640 animadverti.
973 3583 1086 3638 Sub
1116 3584 1396 3639 meridiem
1461 3600 1592 3640 vero
1650 3585 1870 3640 desidia:
1927 3594 1982 3641 et

396 3676 630 3733 tristitiae
655 3686 708 3730 et
739 3677 854 3730 irae.
889 3676 1112 3746 Vesperi
1149 3684 1331 3730 autem
1396 3676 1603 3732 ventris
1666 3687 1721 3732 et
1776 3687 1982 3732 sterco-

397 3783 517 3822 rum
548 3767 803 3822 dominos
833 3781 895 3822 ac
936 3775 1217 3839 tyrannos.
1251 3765 1439 3821 Melior
1461 3775 1544 3821 est
1577 3767 1669 3837 qui
1695 3777 1850 3837 paret
1896 3768 1979 3822 al-

394 3860 496 3915 teri
536 3875 758 3930 pauper,
809 3874 973 3929 quam
1015 3858 1171 3914 vanis
1197 3858 1627 3930 cogitationibus
1680 3860 1982 3915 distractus

395 3952 694 4009 solitarius.
725 3951 826 4019 Qui
857 3952 1069 4008 ratione
1096 3953 1244 4023 justa
1277 3952 1477 4008 ductus
1529 3952 1833 4008 solitariam
1897 3954 1979 4008 vi—

393 4053 503 4098 tam
538 4056 621 4099 est
650 4043 952 4115 ingressus,
975 4058 1078 4099 nec
1106 4043 1351 4115 quotidie
1414 4042 1581 4116 417
1631 4045 1685 4098 in
1749 4046 1975 4102 virtuti-

396 4137 498 4192 bus
525 4150 871 4207 progressum
908 4150 1003 4191 seu
1039 4130 1487 4203 fructum‘notat,
1539 4148 1635 4191 aut
1688 4154 1795 4192 nou
1848 4155 1977 4194 cum

397 4227 605 4282 ratione
645 4225 776 4281 illttd
812 4226 933 4281 vitae
957 4241 1128 4299 genus
1152 4227 1528 4297 prosequitur,
1556 4236 1649 4282 aut
1678 4243 1776 4298 per
1806 4230 1986 4284 animi.

396 4319 684 4373 elationem
708 4318 1002 4374 deluditur.
1022 4316 1143 4374 Vita
1172 4318 1418 4375 solitaria
1439 4326 1524 4375 est
1559 4320 1673 4375 Deo.
1693 4336 1788 4389 per
1811 4320 1982 4377 indis-

397 4411 687 4466 solubilem
719 4411 928 4466 cultum
951 4420 1213 4481 perpetuo
1238 4411 1515 4468 assistere.
1548 4410 1685 4467 les-ta
1708 4412 1990 4468 memoria.

397 4519 521 4558 cum
538 4511 630 4557 tuo
649 4503 844 4573 spiritu
860 4498 1164 4572 copuletur,
1183 4512 1235 4557 et
1251 4511 1381 4558 tunc
1402 4516 1701 4574 cognosces
1726 4504 1950 4559 solitudi
1963 4533 1979 4544 -

397 4595 484 4650 nis
498 4604 551 4649 et
566 4595 764 4665 quietis
780 4592 1038 4649 fructum.
1053 4590 1339 4649 Obedicnti
1355 4596 1541 4666 lapsus
1557 4611 1746 4659 causa,
1765 4596 1981 4667 propria

396 4687 651 4742 voluntas
690 4686 944 4741 exsistit:
987 4684 1232 4741 solitario
1272 4687 1539 4742 orationis
1572 4688 1844 4743 remissio.
1879 4685 1982 4743 Ubi

397 4774 705 4845 frequentia
756 4775 1035 4845 hospitum
1072 4774 1125 4830 in
1150 4775 1284 4830 cella
1316 4786 1409 4832 tua
1463 4776 1632 4831 fueris
1660 4760 1979 4843 delectatus,

394 4870 538 4925 scito
561 4878 613 4922 te
638 4884 742 4922 non
764 4866 895 4931 Deo,
915 4866 1009 4922 sed
1029 4867 1133 4924 soli
1148 4867 1369 4924 desidiae
1383 4870 1617 4940 operari.
1646 4868 1727 4924 Sit
1747 4870 1841 4924 tibi
1867 4870 1981 4925 fur-

398 4977 486 5016 ma
525 4961 780 5031 precandi
815 4962 977 5016 vidua
1013 4963 1101 5018 illa
1142 4966 1455 5036 evangelica
1511 4966 1580 5021 ab
1636 4981 1738 5020 suo
1789 4968 1981 5021 adrer-

399 5057 545 5110 sario
579 5055 817 5123 amicta;
855 5058 975 5112 vita:
1006 5067 1187 5113 autem
1223 5060 1480 5115 solitariae
1507 5060 1815 5131 exemplum
1868 5077 1984 5114 ma-

401 5163 542 5217 gnus
571 5148 661 5203 ille
690 5150 932 5204 caelitum
979 5151 1211 5206 aemulus
1248 5151 1516 5208 Arsenius
1546 5152 1844 5208 solitarius.
1876 5152 1987 5206 Mc-

406 5255 525 5294 mor
563 5249 684 5296 esto
715 5241 767 5295 iu
823 5242 1119 5299 solitudine
1166 5243 1292 5298 vitae
1338 5259 1506 5314 qttam
1555 5244 1840 5315 angelicus
1898 5245 1989 5300 bic

405 5330 735 5385 anachoreta
776 5333 1039 5398 traduxit,
1075 5344 1128 5389 et
1186 5344 1313 5389 nota
1355 5334 1635 5404 quomodo
1698 5350 1807 5389 non
1863 5351 1989 5391 raro

405 5420 731 5478 adventores
793 5422 863 5477 ab
901 5438 961 5480 se
1000 5425 1295 5490 dimiserit,
1345 5440 1413 5479 ne
1466 5425 1615 5495 quod
1680 5426 1875 5482 melius
1935 5437 1992 5481 et

409 5514 587 5584 majus
641 5524 779 5581 erat,
841 5517 1110 5585 perderet.
1193 5514 1384 5570 Notavi
1427 5531 1529 5585 ego
1580 5516 1859 5574 daemones
1884 5534 1988 5575 sm-

406 5620 474 5677 pe
523 5607 878 5678 vagabnndus
911 5609 1205 5672 solitarios,
1250 5618 1304 5664 ct
1331 5609 1422 5678 qui
1449 5609 1599 5664 nullo
1628 5611 1859 5667 consilio
1899 5626 1991 5667 so-

2082 3497 2208 3559 τοὺς
2262 3495 2365 3566 τῆς
2422 3494 2726 3561 κενοδοξίας
2758 3491 2854 3546 καὶ
2883 3489 3179 3559 ἐπιθυμίας
3214 3485 3502 3556 ἐπιδημεῖν
3544 3481 3665 3537 δαί-

2088 3605 2290 3660 μονας’
2322 3589 2389 3659 τῇ
2419 3586 2478 3640 δὲ
2510 3583 2831 3656 μεσημϐρίᾳ
2874 3582 3000 3644 τοὺς
3040 3578 3298 3650 ἀκηδίας,
3334 3575 3432 3629 καὶ
3458 3573 3660 3643 λύπης,

2087 3682 2182 3735 καί¹
2211 3678 2428 3754 ὀργῆς“
2462 3680 2532 3753 τῇ
2591 3679 2649 3731 δὲ
2701 3676 2913 3747 ἑσπέρᾳ
2972 3674 3099 3737 τοὺς
3146 3669 3515 3740 φιλοκόπρους
3573 3665 3668 3718 καὶ

2081 3772 2381 3843 τυράννους
2411 3770 2509 3841 τῆς
2533 3765 2767 3840 γαστρός
2794 3783 2808 3797 ·
2832 3763 3106 3836 κρείσσων
3134 3756 3501 3819 ὑποτακτικδς
3523 3771 3667 3807 πτω-

2081 3865 2176 3938 χὸς
2205 3866 2345 3935 ὑπὲρ
2402 3861 2717 3937 ἡσυχαστὴν
2750 3859 2861 3930 (20)
2917 3852 3340 3928 περισπώμενον
3373 3849 3476 3920 (Ἡ
3494 3847 3540 3902 i.
3605 3845 3664 3898 ὐ

2084 3958 2228 4028 λόγῳ
2258 3956 2357 4028 τὴν
2411 3953 2643 4027 ἡσυχίαν
2694 3949 2925 4023 μετιὼν,
2971 3947 3067 4000 καὶ
3116 3945 3181 3999 τὸ
3241 3942 3420 4012 αὐτῆς
3475 3938 3663 4009 κέρδος

2083 4050 2203 4105 καθ’
2229 4050 2442 4125 ἡμέραν
2493 4049 2570 4118 μὴ
2613 4042 2885 4116 καθορῶν,
2918 4041 2959 4113 ῆι
3004 4042 3064 4095 οὐ
3109 4038 3257 4109 λόγῳ
3302 4030 3661 4125 ἡσύχασεν,ἡ

2083 4122 2604 4215 οἰήσεινκλέπτεται.
2648 4137 2713 4191 Ἦ
2748 4134 2951 4207 ἡσυχία
2984 4132 3102 4186 ἐστὶ
3146 4129 3521 4189 ἀδιάσπαστος
3546 4122 3661 4192 Θεῷ

2084 4233 2330 4304 λατρεία.
2362 4232 2458 4286 καί⁸
2489 4228 2865 4305 παράστασιςο
2902 4228 2945 4299 ἡ.
2967 4223 3145 4297 Ἰησοῦ
3185 4223 3374 4293 μνὴμη
3403 4215 3655 4288 tivath

2084 4329 2154 4398 τῇ
2184 4326 2320 4396 πνοῇ
2350 4341 2444 4377 σου
2466 4321 2583 4395 (22)
2612 4323 2707 4375 καὶ
2736 4320 2858 4373 τότε
2883 4316 3080 4391 γνώσῃ,
3102 4314 3333 4387 ἡσυχίας
3362 4310 3650 4378 ὠφέλειαν.

2086 4419 2296 4490 Πτῶμα
2332 4418 2430 4488 μὲν
2464 4414 2691 4487 ὑπηκόῳ
2716 4413 2776 4467 τὸ
2822 4414 3020 4466 οἰκεῖον
3074 4409 3325 4478 θέλημα·
3371 4402 3582 4474 ἡσυχίῳ
3606 4398 3661 4452 δὲ

2086 4511 2395 4585 προσευχῆς
2430 4508 2744 4570 διάστασις.,
2777 4506 2905 4560 Ἐὰν
2956 4501 3215 4573 ἐπιχαίρῃ
3255 4496 3581 4568 παρουσίαις
3608 4494 3662 4585 ἐν

2088 4581 2276 4674 κέλλῃ,
2298 4581 2547 4670 γίνωσκε
2580 4596 2808 4653 σεαυτὸν
2855 4594 3059 4667 ἀκηδίᾳ
3113 4592 3270 4663 μόνη,
3328 4588 3424 4643 καὶ
3460 4586 3522 4640 οὺ
3551 4581 3664 4651 Θεῷ

2091 4692 2442 4765 σχολάζοντα.
2481 4687 2877 4763 ’Υπογραμμός
2925 4702 3011 4739 σοι
3069 4682 3210 4736 ἔστω
3267 4675 3581 4751 προσευχῆς
3631 4674 3664 4741 ἡ

2089 4784 2420 4855 ἀδικουμένη
2450 4782 2600 4855 χήρα
2618 4781 2724 4835 ἀπὸ
2753 4778 2850 4833 τοῦ
2883 4777 3158 4833 ἀντιδίκου
3209 4774 3381 4843 αὐτῆς
3404 4788 3417 4802 ’
3442 4767 3663 4842 ἡσυχίας

2086 4877 2145 4933 δὲ
2179 4879 2346 4938 τύπο;
2379 4878 2407 4928 ὁ
2439 4873 2612 4945 μέγας
2659 4870 2754 4926 καὶ
2801 4868 3087 4939 ίσάγγελος
3122 4862 3438 4939 ἡσυχαστὴς
3484 4858 3665 4945 Ἀρσίο

2089 4982 2222 5029 νιος.
2249 4943 2514 5034 Μέμνησο
2561 4962 2619 5012 ἐν
2645 4962 2710 5031 τῇ
2745 4957 2906 5029 μονίᾳ
2954 4957 3058 5025 τῆς
3093 4953 3187 5007 τοῦ
3232 4948 3520 5020 ίσαγγέλου
3547 4943 3664 5000 τού-

2090 5074 2183 5110 του
2246 5051 2556 5127 ἡσυχαστοῦ
2605 5050 2888 5120 διαγωγῆς
2934 5047 3113 5119 (25),
3166 5044 3262 5099 καὶ
3301 5044 3404 5114 ὅρα
3456 5042 3533 5103 ὡς
3576 5035 3666 5093 καὶ

2089 5147 2539 5217 παραϐάλλοντας
2591 5143 2850 5217 πολλάκις
2898 5137 3288 5209 ἀπεπέμψατο,
3343 5134 3432 5187 ἴνα
3487 5130 3569 5203 μὴ
3608 5127 3666 5180 τὸ

2092 5238 2277 5309 μείζον
2350 5236 2606 5310 ἀπολέσῃ
2640 5233 2776 5305 (24).
2834 5230 3048 5299 Ἐγνων
3097 5228 3222 5292 τοὺς
3267 5225 3532 5295 δαίμονας
3563 5221 3668 5279 τοῖς

2085 5331 2229 5402 λόγῳ
2259 5327 2594 5400 ἡσυχάζουσι
2620 5327 2747 5388 τοὺς
2771 5322 2996 5392 ἀλόγους
3028 5320 3138 5373 τῶν
3168 5335 3234 5387 γυ
3245 5314 3454 5389 ρευτῶν
3497 5326 3668 5383 παρα-

2087 5422 2305 5476 ϐάλλειν
2338 5419 2660 5491 συχνότερον
2692 5414 3110 5479 ἀναπείθοντας,
3135 5411 3223 5465 ἵνα
3255 5410 3367 5469 τοῖς
3387 5407 3665 5480 ἐργάταις.

2087 5514 2188 5569 κᾶν
2211 5514 2278 5568 δι’
2306 5512 2531 5566 ἐκείνων
2565 5509 2760 5582 μικρὸν
2784 5504 3074 5578 ἐμποδίσαι
3112 5499 3405 5572 δυνηθῶσι.
3438 5493 3666 5567 Σημείου

2100 5609 2225 5670 τοὺς
2247 5605 2520 5670 τοιούτους
2544 5602 2681 5673 (25),
2699 5593 2744 5654 ὧ
2765 5594 2938 5666 οὗτος,
2957 5595 3149 5668 καὶμὴ
3181 5590 3451 5674 παρ-αιτοῦ
3480 5587 3664 5643 λυπεῖν

477 5786 553 5853 (b)
590 5785 807 5851 Melius,
834 5787 923 5842 sed
949 5787 1083 5843 nihil
1121 5788 1200 5842 ita
1239 5788 1471 5845 ostendit
1528 5789 1650 5847 illoc
1684 5810 1714 5846 τι
1781 5787 1933 5844 nol-is
1995 5789 2157 5844 victos
2205 5801 2364 5859 quam
2413 5799 2532 5841 cum
2577 5780 2759 5836 acrius
2791 5780 2844 5833 in
2881 5792 2973 5832 nos
3018 5773 3217 5848 (quasi
3250 5772 3452 5831 irritati
3478 5781 3500 5844 )
3543 5787 3662 5826 cott-

409 5876 464 5909 ειι
477 5866 651 5925 rgtmt.
