4030 6440
413 395 547 465 1113

1349 406 1582 466 SCALA
1624 401 2007 465 PARADISI.
2038 427 2109 437 -
2138 401 2448 465 GRADUS
2486 402 2719 465 XXVII.

3540 408 3674 474 1114

403 510 640 574 εὐσεϐῶς
670 510 989 583 ῥᾳθύμουςο,
1017 511 1148 576 ἴσως
1172 510 1282 583 γάρ
1313 514 1375 566 ἐκ
1395 512 1494 581 τῆς
1529 508 1709 581 λύπης
1749 506 1846 561 τοῦ
1884 523 1967 575 γυ-

2090 506 2377 563 litudinem
2419 517 2550 564 sunt
2574 506 2831 575 ingrcssi,
2883 507 3127 564 excitare
3178 517 3240 564 ut
3293 511 3359 565 ad
3413 528 3571 569 veros
3616 530 3674 573 et

403 603 583 677 ρεύειν
614 604 936 660 παύσονται.
970 605 1113 677 Ὅρα
1150 605 1225 676 μὴ
1267 604 1362 658 τοῦ
1393 601 1799 675 προειρημένου
1851 616 1980 653 σκο-

400 696 505 751 ποῦ
544 698 704 768 χάριν
734 698 857 768 εἰκῆ
880 697 1132 771 λυπήσῃς
1178 697 1357 768 ψυχὴν
1376 695 1512 768 (‘26),
1560 694 1703 764 ὕδωρ
1727 696 1792 747 ἐκ
1820 692 1980 763 δίψης

395 788 703 859 ἐρχομένην
768 787 919 858 παρὰ
993 788 1088 841 σοῦ
1141 786 1473 859 ἀρύσασθαι.
1548 784 1635 837 Ἐν
1697 783 1858 836 παντὶ
1922 781 1980 834 δὲ

392 878 592 950 λύχνου
620 896 702 932 σοι
729 879 849 933 δέον
871 897 885 909 ·
943 879 1054 949 βίαις
1111 878 1513 950 ἡσυχαζόντων,
1549 875 1751 945 μᾶλλον
1784 874 1842 926 δὲ
1886 889 1981 943 μο-

390 968 667 1034 ναζὸντων
714 969 856 1023 κατὰ
918 970 1226 1040 συνείδησιν
1250 968 1363 1039 (27)
1411 965 1508 1019 καὶ
1539 963 1793 1036 αἴσθησιν
1831 961 1980 1032 γινέ-

390 1060 511 1115 σθω
535 1078 550 1092 ο
584 1064 614 1116 6
669 1061 815 1131 λόγῳ
864 1060 1079 1132 τρέχων
1135 1060 1206 1113 τὰ
1252 1058 1665 1131 ἐπιτηδεύματα
1691 1097 1705 1118 ,
1767 1055 1863 1109 καὶ
1908 1052 1978 1107 τά

386 1147 822 1223 ἀποφθέγματα,
869 1153 962 1206 καὶ
1003 1153 1073 1205 τὰ
1117 1152 1494 1223 ἐνθυμήματα,
1526 1150 1622 1203 καὶ
1657 1147 1727 1202 τά
1783 1147 1977 1216 διασή-

387 1260 566 1313 ματα,
596 1244 691 1297 καὶ
715 1244 783 1297 τά
812 1243 1089 1314 κινήματα
1118 1243 1296 1298 πάντα
1346 1241 1487 1297 κατὰ
1507 1239 1734 1313 Κύριον,
1764 1239 1859 1292 καὶ
1887 1237 1978 1292 διὰ

382 1335 597 1406 Κύριον
632 1334 782 1407 αὐτῷ
807 1336 1237 1408 ἐπιτηδευόμενα
1269 1337 1329 1389 ἐν
1355 1335 1605 1406 αἰσθήσει
1636 1332 1836 1402 ψυχῆς,
1880 1329 1975 1384 καὶ

382 1426 670 1500 προσώπῳ
701 1429 909 1498 Κυρίου
945 1427 1239 1498 ἐργάζεται
1259 1443 1275 1459 ο
1301 1428 1349 1480 εί
1389 1425 1446 1478 δέ
1471 1424 1785 1486 κλέπτεται,
1821 1419 1975 1475 οὔπω

380 1519 531 1575 κατά
579 1520 785 1592 ἀρετὴν
836 1520 1202 1575 πολιτεύεται.
1260 1517 1527 1583 Ἀνοίξω,
1588 1515 1722 1586 φησί
1769 1530 1875 1578 τις,
1904 1512 1976 1567 ἐν

381 1611 704 1681 ψαλτηρίῳ
735 1614 803 1665 τὸ
831 1609 1149 1682 πρόϐλημά
1169 1628 1313 1680 μου,
1344 1609 1439 1663 καὶ
1474 1608 1537 1662 τὸ
1566 1605 1815 1679 βούλημά
1845 1621 1971 1676 μου,

381 1703 475 1757 διὰ
498 1703 560 1757 τὸ
589 1703 777 1767 ἀτελὲς
797 1702 879 1757 ἔτι
909 1705 1003 1774 τῆς
1031 1703 1360 1775 διακρίσεως
1380 1717 1397 1734 ο
1430 1698 1539 1771 ἐγὼ
1563 1699 1620 1752 δὲ
1648 1697 1848 1753 άνοίσω
1882 1694 1972 1749 διά

385 1794 697 1867 προσευχῆς
726 1795 789 1848 τὸ
820 1794 1034 1866 θέλημά
1064 1812 1167 1864 μου
1193 1794 1330 1867 (28),
1360 1789 1613 1846 κάκεῖθεν
1642 1789 1742 1861 τὴν
1772 1787 1974 1859 πληρο-

2082 597 2265 667 justos
2294 600 2655 654 anachoretas
2703 597 2903 667 smpius
2951 599 3170 663 adeant,
3215 608 3274 655 ιιι
3297 602 3677 673 pugilesCln-i-

2085 691 2153 746 sti
2201 707 2296 761 per
2339 692 2460 747 illos
2490 706 2720 748 errones
2763 692 2849 747 vel
2883 692 3157 748 modicum
3185 696 3256 749 ab
3303 697 3501 753 studiis
3553 700 3670 756 suis

2085 782 2302 854 pietatis
2333 782 2650 853 impediant.
2687 782 2799 839 Hos
2836 794 2893 839 tu
2941 799 3199 855 vagones,
3241 787 3384 843 bone
3431 790 3534 855 vir,
3566 792 3669 847 ob.

2085 889 2265 939 serva,
2308 890 2407 929 nec
2438 890 2632 931 recusa
2698 876 2864 931 hosce
2929 875 3132 932 inertes
3181 881 3269 949 pie
3319 882 3665 950 contristare,

2085 964 2318 1022 fortasse
2335 968 2482 1021 enim
2519 983 2584 1021 ex
2620 968 2836 1023 tristitia
2870 968 2973 1024 hac
3030 969 3464 1028 circumcursare
3490 984 3546 1029 et
3569 991 3667 1031 va-

2084 1057 2198 1129 gari
2227 1057 2502 1112 desinent.
2537 1057 2684 1112 Cave
2715 1066 2895 1112 tamen
2930 1074 2999 1113 ne
3042 1074 3109 1115 ex
3145 1063 3440 1118 occasione
3490 1066 3669 1120 dicto-

2084 1167 2205 1206 rum
2239 1150 2479 1205 animam
2522 1159 2727 1205 temere
2760 1151 2979 1206 tristitia
3011 1152 3243 1225 allligas,
3275 1171 3399 1225 quae
3470 1158 3667 1214 sitiens

2083 1244 2152 1298 ad
2198 1258 2396 1313 aquam
2426 1243 2549 1297 vita:
2583 1242 2940 1299 hauriendam
2971 1244 3038 1299 ad
3080 1253 3131 1299 te
3166 1248 3333 1304 venit.
3374 1246 3433 1303 In
3480 1253 3664 1305 omni-

2084 1335 2192 1391 bus
2222 1335 2319 1389 tibi
2358 1335 2582 1390 lucerna
2618 1334 2972 1390 discretionis
3001 1352 3139 1406 opus
3181 1348 3287 1394 est.
3321 1337 3442 1395 Vita
3473 1343 3664 1398 solita»-

2083 1428 2295 1483 riorum
2309 1428 2392 1481 vel
2424 1427 2606 1497 potius
2634 1426 3026 1482 monachorum
3049 1443 3145 1498 per
3174 1430 3563 1488 conscientiam
3611 1444 3664 1489 et

2081 1533 2273 1574 verum
2303 1517 2488 1573 cordis
2529 1516 2699 1589 418
2731 1532 2952 1573 sensum
2990 1527 3230 1588 regatur.
3249 1517 3354 1585 Qui
3380 1520 3521 1575 viam
3552 1521 3663 1577 Do-

2080 1610 2215 1666 mini
2242 1625 2368 1665 cum
2414 1609 2630 1665 ratione
2655 1609 2851 1674 currit,
2881 1609 3068 1665 omnia
3112 1625 3210 1665 sua
3237 1611 3443 1678 studia,
3475 1617 3660 1679 verba,

2080 1702 2459 1773 cogitationes,
2490 1702 2761 1767 incessus,
2798 1710 2981 1757 motus
3012 1701 3078 1756 ad
3106 1703 3371 1758 amussim
3418 1706 3659 1760 divinam

2079 1794 2380 1864 componit,
2413 1803 2466 1848 et
2487 1776 2671 1848 omnia
2712 1802 2935 1863 propter
2973 1791 3263 1849 Dominum
3294 1796 3395 1865 ipsi
3430 1795 3663 1853 Domino

385 1889 584 1959 φορίαν
612 1905 724 1959 «μου
788 1887 1101 1957 ἐκδέξομαι.
1146 1886 1337 1949 Πίστις
1383 1884 1582 1955 πτερὸν
1621 1882 1967 1954 προσευχῆς⁶

2078 1896 2338 1956 operatus
2368 1888 2421 1941 in
2463 1901 2593 1941 vero
2617 1886 2801 1941 cordis
2831 1900 2997 1941 sensu
3034 1902 3221 1941 coram
3266 1889 3358 1942 Dei
3393 1889 3531 1944 facie
3564 1905 3664 1946 ex-

386 1977 548 2031 τοῦτο
601 1978 713 2049 γὰρ
766 1977 847 2049 μὴ
910 1978 1129 2048 ἔχουσα,
1188 1976 1379 2033 πάλιν
1439 1978 1528 2042 είς
1573 1975 1807 2029 κόλπον
1849 1990 1970 2043 μου

386 2068 921 2140 ἀποστραφήσεται
942 2088 957 2102 ·
989 2070 1171 2134 πίστις
1193 2069 1342 2123 ἐστὶν
1372 2068 1748 2130 άνενδοίαστος
1788 2065 1969 2137 ψυχῆς

394 2162 607 2227 στάσις,
675 2162 778 2215 ὑπὸ
843 2161 1101 2232 οὐδεμιᾶς
1164 2160 1543 2230 ἐναντιότητος
1604 2156 1966 2227 κλονουμένη.

389 2253 588 2318 Πιστός
611 2255 777 2317 ἐστιν,
814 2254 912 2324 οὐχ
959 2256 987 2307 6
1028 2253 1278 2318 οἰόμενος
1305 2251 1439 2305 Θεὸν
1479 2249 1763 2313 δύνασθαι,
1795 2248 1911 2302 ἀλλ’
1938 2247 1967 2302 6

381 2344 657 2398 πιστεύων
688 2344 904 2398 πάντων
933 2341 1206 2409 τεύξεται.
1248 2341 1440 2404 Πίστις
1464 2340 1583 2395 ἐστὶ
1622 2338 1966 2394 ἀνελπίστων

377 2436 667 2507 πρόξενος,
716 2435 810 2490 καὶ
863 2434 1025 2489 τοῦτο
1068 2437 1097 2489 6
1146 2433 1353 2509 λῃστὴς
1399 2429 1674 2494 ἀπέδειξε.
1720 2430 1966 2495 Πίστεως

378 2529 569 2598 μήτηρ
601 2526 821 2598 μόχθος,
852 2529 942 2582 καὶ
991 2526 1152 2598 ειίθὴς
1205 2525 1502 2598 καρδίαοή
1557 2524 1657 2595 μὲν
1697 2523 1808 2596 γὰρ
1854 2522 1968 2576 άδί-

377 2636 616 2676 στακτον
648 2624 828 2674 ποιεῖ’
856 2622 885 2676 ό
919 2621 977 2675 δὲ
997 2621 1323 2692 δημιουργεῖ
1342 2635 1357 2651 ο
1411 2617 1735 2690 ἡσυχαστῶν
1782 2616 1965 2688 μήτηρ

378 2711 595 2776 πίστις’
629 2714 679 2766 εί
719 2712 795 2785 μὴ
845 2712 956 2783 γὰρ
1008 2710 1448 2782 πιστεύσειβθ),
1504 2710 1627 2774 πῶς
1658 2710 1965 2781 ἡσυχάσει;

372 2806 438 2859 ἐν
469 2807 661 2877 εἱρκτῇ
711 2804 989 2875 πεδηθεὶς,
1041 2803 1209 2873 φόϐον
1256 2801 1577 2867 κολάζοντος
1635 2803 1864 2857 δέδοικε.
1903 2801 1963 2854 '0

370 2898 523 2953 δὲέν
565 2898 728 2971 κέλλῃ
791 2898 1018 2970 ἠρεμῶν
1069 2896 1233 2968 φόϐον
1288 2895 1493 2968 Κυρίου
1559 2895 1804 2949 τέτοκεν.
1850 2896 1963 2966 Οὐχ

370 2989 553 3055 οὕτως
588 2992 619 3045 6
647 2990 912 3063 πρότερος
950 2990 1010 3043 τὸ
1040 2990 1414 3061 δικαστήριον,
1438 2988 1515 3053 ὡς
1548 2989 1577 3042 6
1604 2989 1857 3061 δεύτερος
1902 2986 1965 3042 τὸ

372 3077 478 3134 τοῦ
511 3078 699 3150 κριτοῦ
730 3082 1016 3151 κριτήριον
1042 3080 1303 3134 δέδοικεν.

2076 1980 2345 2049 sequitur.
2379 1979 2438 2034 Si
2493 1989 2677 2034 autem
2718 1978 2928 2033 fallitur
2966 1989 3021 2034 et
3060 1978 3363 2047 dcluditur,
3418 1982 3659 2038 nondum

2075 2087 2143 2127 ex
2175 2072 2393 2127 virtutis
2425 2070 2746 2142 praescripto
2771 2071 2924 2125 vivit.
2981 2071 3252 2141 Aperiunt,
3303 2074 3483 2144 inquit
3543 2076 3654 2140 ille,

2074 2162 2130 2217 in
2147 2162 2400 2232 psalterio
2424 2161 2835 2231 propositionem
2859 2177 3049 2229 meam,
3084 2170 3139 2217 et
3154 2164 3446 2219 consilium
3476 2181 3656 2220 meum

2073 2255 2145 2311 ob
2178 2254 2551 2325 imperfectam
2598 2254 2779 2310 adhuc
2820 2254 3229 2312 discretionem.
3301 2256 3416 2328 Ego
3474 2269 3655 2316 autem

2072 2348 2300 2405 oll‘eram
2327 2362 2421 2417 per
2459 2346 2765 2402 orationem
2788 2346 3123 2402 voluntatem
3162 2363 3363 2416 meam,
3432 2359 3488 2406 et
3530 2351 3659 2408 inde

2072 2452 2162 2493 me
2193 2437 2509 2493 exauditam
2549 2452 2670 2494 esse
2693 2446 2904 2493 certum
2937 2446 3134 2493 testem
3175 2448 3232 2494 et
3279 2440 3541 2496 indicium
3570 2457 3661 2499 ac-

2072 2528 2290 2598 cipiam.
2325 2525 2482 2583 Fides
2529 2528 2615 2582 ala
2660 2536 2746 2584 est
2802 2528 3089 2596 orationis,
3144 2545 3250 2601 qua
3307 2531 3352 2586 si
3400 2546 3655 2595 caruero.

2071 2623 2241 2677 oratio
2275 2638 2390 2675 mea
2415 2622 2469 2675 in
2490 2621 2665 2675 sinunt
2710 2637 2883 2674 meum
2914 2633 3198 2677 revertetur
3246 2624 3315 2681 ”.
3350 2624 3511 2683 Fides
3573 2637 3661 2684 est

2072 2714 2421 2771 ﬁrmissimus
2454 2715 2653 2769 anima:
2685 2722 2889 2779 status,
2923 2723 2985 2768 ut
3026 2715 3193 2771 nullis
3237 2718 3403 2772 rebus
3462 2720 3657 2774 adver-

2071 2808 2149 2865 sis
2204 2806 2534 2864 commoveri
2575 2807 2769 2877 possit.
2799 2805 3003 2862 Fidelis
3050 2817 3171 2874 est,
3209 2823 3318 2863 non
3363 2809 3456 2880 qui
3506 2820 3660 2880 putat

2070 2899 2245 2956 Deum
2289 2898 2474 2954 omnia
2507 2913 2690 2968 posse,
2721 2898 2815 2953 sed
2851 2898 2946 2969 qui
2979 2900 3175 2965 credit,
3214 2917 3274 2957 se
3299 2903 3482 2957 omnia
3511 2901 3659 2973 (qua:

2070 2991 2227 3062 petit)
2271 2998 2722 3046 consecuturum.
2769 2988 2932 3045 Fides
2962 2998 3049 3045 est
3111 3007 3294 3045 rerum
3353 2994 3659 3060 insperata-

2063 3099 2187 3142 rum
2209 3081 2428 3153 pignus,
2456 3080 2601 3150 quod
2633 3080 2778 3134 latro
2807 3080 2898 3136 ille
2925 3081 3325 3151 comprobavit.
3357 3081 3508 3137 Fidei
3536 3098 3659 3152 pro-

369 3172 614 3227 creatrix
649 3182 735 3229 est
803 3173 981 3239 labor,
1019 3181 1074 3227 et
1135 3187 1232 3229 cor
1297 3182 1547 3229 rectum:
1590 3174 1695 3230 hoc
1745 3174 1892 3229 enim
1947 3184 2290 3249 constantem
2319 3182 2374 3229 et
2427 3173 2648 3227 firmum
2688 3171 2839 3237 facit,
2896 3172 2985 3227 ille
3020 3188 3150 3229 vero
3210 3172 3392 3229 cilicii.
3446 3172 3656 3229 Solita-

368 3264 591 3320 riorum
630 3279 832 3334 parcus
864 3271 945 3319 est
996 3263 1131 3320 fides
1170 3281 1184 3320 :
1220 3264 1267 3319 si
1299 3266 1442 3320 enim
1492 3281 1602 3321 non
1650 3267 1962 3336 crediderit,
2000 3266 2279 3339 quomodo
2341 3264 2694 3321 solitudinem
2764 3263 2950 3318 colet?
2989 3262 3047 3317 In
3096 3277 3318 3320 carcere
3371 3263 3659 3334 compedi'

368 3356 481 3413 bus
510 3357 796 3414 districtus
842 3357 1083 3427 iudicem
1145 3360 1353 3415 metuit;
1404 3358 1509 3427 Qui
1554 3374 1687 3415 vero
1734 3358 1793 3414 in
1861 3361 2001 3417 cella
2035 3359 2287 3431 quiescit,
2360 3356 2652 3413 Dominum
2723 3355 2901 3411 timet.
2970 3353 3090 3411 Non
3140 3363 3254 3411 tam
3308 3356 3661 3412 vehementer

369 3454 465 3511 ille
496 3457 676 3511 locum
703 3453 898 3526 iudicii
925 3451 1266 3520 reformidat,
1290 3470 1455 3525 quam
1486 3453 1587 3511 iste
1610 3454 1852 3524 supremi
1881 3453 2090 3525 judicis
2131 3452 2396 3509 tribunal.

442 3548 615 3603 Φόϐου
644 3566 727 3602 σοι
753 3547 952 3603 πολλοῦ
985 3546 1109 3601 καθ’
1139 3546 1376 3618 ἡσυχίαν
1409 3547 1541 3619 χρὴ,
1572 3541 1617 3601 ὦ
1649 3546 1945 3619 θαυμάσιε·

2128 3544 2326 3617 Magno
2355 3543 2473 3610 tibi,
2504 3544 2585 3598 vir
2627 3542 2967 3611 admirande,
3034 3558 3174 3613 opus
3232 3551 3316 3600 est
3373 3543 3570 3600 timore
3598 3545 3657 3602 in

368 3641 522 3694 οὐδὲν
567 3644 678 3713 γὰρ
716 3638 891 3703 οὕτως
937 3639 1170 3709 άκηδίαν
1234 3638 1518 3694 ἐκδιώκειν
1566 3638 1791 3693 δύναται
1818 3637 1955 3709 (50).

384 3734 648 3798 ’Λτενίζει
691 3733 791 3804 μὲν
842 3732 1178 3803 κατάκριτος
1209 3732 1298 3786 διὰ
1349 3731 1575 3798 παντὸς,
1629 3731 1761 3785 πότε
1794 3733 1852 3786 ἐν
1881 3730 1959 3803 τῷ

372 3824 740 3897 δεσμωτηρίῳ
799 3824 830 3876 6
884 3823 1081 3895 κριτὴς
1130 3822 1516 3893 παραγίνεταιο
1573 3822 1603 3874 6
1658 3821 1718 3874 δὲ
1788 3821 1958 3886 ὅντως

379 3914 637 3984 ἐργάτης,
665 3915 798 3968 πότε
830 3914 859 3967 6
889 3914 1233 3983 κατεπείγων
1264 3912 1566 3967 ἐλεύσεται.
1593 3911 1959 3982 Δεδέσμευται

380 4005 456 4077 τῷ
484 4007 732 4079 προτέρῳ
779 4007 1004 4079 φορτίον
1059 4006 1267 4078 λύπης·
1299 4005 1377 4076 τῷ
1422 4005 1481 4058 δὲ
1533 4004 1775 4075 δευτέρῳ
1805 4001 1957 4075 πηγὴ

378 4098 652 4173 δακρύων.
739 4100 863 4154 Ἐάν
911 4100 1090 4172 κτήσῃ
1162 4100 1444 4170 ὑπομονῆς
1487 4096 1705 4166 ράδδον,
1762 4096 1958 4149 θᾶττον

377 4189 738 4261 ύπολήξουσιν
773 4192 824 4246 οί
852 4190 1016 4256 κύνες
1040 4189 1447 4246 άναιδεύεσοαι.
1490 4188 1770 4259 ’Υπομονή
1809 4189 1956 4241 ἐστιν

370 4280 677 4352 ἄθραυστος
743 4280 906 4346 πόνος
962 4280 1168 4353 ψυχῆς,
1248 4279 1343 4333 ὑπ’
1404 4278 1645 4349 εὐλόγων
1731 4278 1955 4333 κτύπων

371 4373 644 4444 μηδαμῶς
689 4373 1052 4446 σαλευομένη.
1109 4371 1546 4445 Ὑπομονητικός
1601 4372 1750 4425 ἐστιν
1788 4371 1957 4444 ἐργά·

367 4482 470 4536 της
511 4464 764 4530 ἄπτωτος
803 4465 915 4537 (51)
941 4505 956 4532 ,
1005 4465 1101 4519 καὶ
1150 4464 1240 4518 διὰ
1294 4465 1604 4535 πτωμάτων
1655 4461 1753 4535 τὴν
1801 4462 1957 4535 νίκην

370 4555 719 4627 ποιούμενος.
771 4556 1052 4627 ’Υπομονή
1089 4558 1239 4609 ἐστιν
1286 4555 1513 4627 ὁρισμὸς
1571 4554 1803 4622 θλίψεως
1833 4554 1954 4608 καθ’

2062 3638 2355 3694 solitudine
2392 3655 2406 3691 :
2438 3636 2574 3690 nihil
2628 3635 2778 3692 enim
2824 3636 3104 3707 potentius
3155 3644 3241 3693 est
3285 3637 3352 3691 ad
3411 3636 3657 3692 acediam

2060 3732 2364 3802 pellendam
2397 3739 2451 3785 et
2491 3714 2950 3800 persequendam.
3000 3729 3149 3786 Reus
3181 3746 3397 3800 semper
3427 3731 3658 3785 circum-

2060 3823 2223 3893 spicit
2255 3838 2324 3876 an
2353 3820 2521 3892 judcx
2555 3822 2740 3875 veniat
2800 3822 2868 3876 ad
2927 3837 3203 3877 carcerem
3236 3840 3249 3876 :
3314 3837 3478 3877 verus
3523 3836 3656 3877 vero

2056 3913 2341 3982 cpt-rarius
2369 3912 2589 3982 quando
2622 3911 2789 3983 419
2820 3923 3082 3967 venturus
3113 3911 3206 3979 sit,
3238 3912 3331 3981 qui
3356 3913 3509 3967 exire
3560 3913 3654 3979 (de

2059 4018 2280 4056 carcere
2332 4001 2599 4071 corporis)
2651 4003 2842 4068 lubeat
2900 4011 2955 4055 et
3022 4011 3231 4072 urgeat.
3272 4002 3443 4057 Reum
3497 4004 3650 4058 illum

2058 4109 2275 4165 semper
2301 4093 2594 4147 comitatur
2622 4093 2857 4148 tristitiae
2896 4093 3147 4163 pondus;
3198 4094 3504 4150 solitarium
3530 4095 3674 4153 fons-

2059 4189 2449 4262 latzrymarum.
2479 4187 2535 4243 Si
2566 4188 2842 4260 patientiae
2887 4188 3096 4259 virgam
3146 4186 3491 4258 acquisieris,
3558 4204 3651 4244 ca-

2058 4297 2154 4336 nes
2209 4296 2332 4334 mox
2384 4281 2651 4336 desistcut
2694 4279 3068 4349 impudentius
3105 4280 3317 4336 ludere.
3378 4279 3648 4338 Patientia

2056 4384 2141 4428 est
2178 4374 2330 4428 labor
2356 4374 2451 4444 qui
2488 4388 2764 4442 nunquam
2807 4372 3012 4443 frangit
3076 4373 3341 4438 animam,
3408 4389 3510 4431 nec
3558 4383 3646 4430 tu-

2058 4469 2320 4525 multibus
2361 4467 2617 4538 quamvis
2656 4466 3076 4523 rationabilibus
3132 4467 3386 4524 excitatis
3428 4477 3648 4538 pertur-

2058 4561 2233 4617 batur.
2274 4562 2494 4617 Patiens
2534 4560 2825 4631 religiosus
2864 4560 3062 4615 cadere
3088 4575 3197 4614 non
3228 4567 3447 4629 potest:
3512 4561 3645 4631 quin

369 4648 587 4722 ἡμέραν
648 4649 1026 4721 ἐκδεχόμενος.
1094 4649 1375 4721 ’Υπομονή
1430 4648 1549 4702 ἐστι
1628 4648 1956 4721 προφάσεων

2071 4653 2222 4708 aliam
2263 4668 2359 4723 per
2398 4653 2551 4723 ipsos
2573 4665 2738 4706 casus
2777 4650 3033 4705 vincendi
3070 4651 3423 4706 occasionem
3455 4652 3649 4709 sumit.

366 4740 604 4809 ἐκκοπὴ,
636 4740 732 4792 καὶ
763 4737 945 4793 οἰκεία
968 4738 1210 4810 προσοχὴ
1234 4755 1247 4768 ⁸
1279 4738 1377 4809 οὐχ
1400 4736 1575 4801 οὕτως
1611 4736 1714 4807 τῆς
1752 4735 1950 4791 ἑαυτοῦ

2071 4742 2325 4800 Patientia
2384 4753 2469 4801 cst
2527 4743 2751 4799 delinita
2798 4743 3131 4813 quotidianae
3174 4743 3486 4799 amictionis
3552 4760 3651 4799 ex-

364 4832 596 4903 τροφῆς,
625 4832 702 4895 ὡς
751 4832 1055 4903 ὑπομονῆς,
1084 4834 1113 4885 6
1151 4831 1392 4902 ἐργάτης
1425 4830 1629 4886 δέεται.
1674 4828 1801 4884 Ἐπὶ
1852 4830 1951 4900 μὲν

2071 4838 2346 4907 spectatio.
2384 4836 2658 4891 Patientia
2689 4846 2775 4890 est
2815 4836 3172 4890 occasionum
3232 4836 3557 4906 amputatio,
3596 4846 3652 4891 et

365 4895 609 4998 ripa.
670 4895 931 4996 δευτέρας
981 4895 1241 4994 iacuit
1274 4895 1576 4991 στέφανον·
1618 4923 1713 4976 ἐπὶ
1758 4922 1817 4976 δὲ
1848 4895 1949 4993 τῆς

2071 4930 2127 4983 ad
2151 4945 2282 4985 suas
2314 4944 2401 4984 res
2439 4925 2824 4983 attcntio.Non
2858 4935 3139 4998 tantopere
3172 4929 3296 4983 cibo
3331 4943 3454 4994 suo,
3483 4943 3649 4997 quam

365 5018 644 5088 προτέρας
690 5017 915 5087 ὄλεθρον
964 5016 1271 5087 κομίσεται.
1328 5014 1953 5089 Ὑπομονητικὸςίάνὴρ

2071 5022 2327 5092 patientia
2386 5022 2594 5090 indiget
2633 5020 2969 5091 religiosus;
3028 5036 3154 5075 nam
3188 5036 3286 5092 per
3331 5020 3649 5091 patientiam

363 5112 475 5181 πρὸ
516 5112 805 5183 μνήματος
847 5109 1080 5181 τέθνηκε
1103 5152 1118 5176 ,
1166 5108 1357 5180 μνῆμα
1389 5107 1585 5161 ἐαυτοῦ
1613 5108 1711 5179 τὴν
1751 5109 1947 5164 κέλλαν

2071 5116 2366 5186 reporlahit
2402 5116 2711 5184 praemium,
2753 5123 2977 5183 propter
3029 5114 3267 5185 priorem
3328 5112 3515 5184 (saepe)
3566 5114 3651 5168 in-
3750 5111 3767 5118 ’

362 5204 764 5272 ποιησάμενος.
808 5201 1121 5273 ’Υπομονὴθ
1169 5200 1356 5253 ἔτεκεν
1389 5199 1543 5263 ἐλπὶς
1570 5200 1668 5254 καὶ
1716 5201 1911 5267 πένθος
1936 5220 1951 5233 ο

360 5297 392 5347 6
422 5295 533 5368 γάρ
568 5293 681 5347 τῶν
712 5293 808 5348 δύο
836 5294 1030 5365 χωρὶς,
1058 5292 1288 5363 άκηδίας
1314 5292 1522 5356 δοῦλος.

2071 5312 2350 5369 mortuus,
2397 5302 2490 5372 qui
2541 5302 2732 5357 cellam
2783 5318 2940 5356 suam
3000 5302 3056 5356 in
3109 5299 3420 5369 sepulcrum
3465 5298 3649 5357 vertit.

365 5386 695 5445 Patientiam
724 5404 850 5459 spes
883 5397 939 5444 et
976 5388 1157 5444 luctus
1202 5397 1572 5459 pepererunt;
1607 5406 1735 5446 nam
1794 5395 1891 5465 qui
1949 5396 2034 5453 his
2065 5397 2280 5453 duabus
2353 5396 2653 5451 virtutibus
2728 5406 2900 5460 caret,
2951 5393 3285 5463 mancipium
3341 5400 3426 5447 est
3479 5390 3649 5460 pigri.

367 5485 476 5538 tite.

437 5578 733 5633 Γινώσκειν
765 5580 849 5634 δεϊ
892 5577 983 5633 τὸν
1015 5577 1108 5632 τοῦ
1166 5576 1405 5649 Χριστοῦ
1464 5578 1766 5651 παλαιστὴν
1812 5581 1952 5651 (33),

2132 5578 2427 5635 Sciendum
2459 5587 2546 5634 est
2581 5578 2799 5633 athletae
2850 5574 3077 5641 Christi,
3112 5572 3341 5644 quinam
3401 5570 3644 5626 hostium

369 5671 557 5737 ποίους
591 5674 691 5741 μιν
716 5675 824 5729 τῶν
861 5672 1062 5743 ἐχθρῶν
1110 5672 1173 5725 ἐκ
1206 5669 1478 5743 μακρόθεν
1503 5669 1737 5741 διώκειν,
1771 5671 1960 5737 ποίους

2071 5672 2284 5730 eminus
2311 5670 2671 5744 persequendi
2709 5677 2856 5737 sunt,
2890 5667 3219 5739 quibuscum
3250 5665 3505 5722 cominus
3520 5677 3646 5721 con-

2062 5209 2237 5264 currit
2279 5209 2331 5263 in
2363 5209 2611 5263 exitium.
2671 5206 2766 5262 Vir
2816 5209 3035 5279 patiens
3095 5217 3224 5262 ante
3283 5215 3515 5261 martem
3563 5214 3651 5261 est

441 5851 487 5883 "'
520 5851 664 5908 Psal.
709 5867 894 5915 mm,
968 5849 1051 5904 l5.
