4030 6430
505 352 642 418 1115

1751 364 1812 427 S.
1846 359 2170 429 JOKNNIS
2204 369 2519 431 CLIMACI

3609 382 3726 455 1116

494 459 870 531 gredie‘udum.
906 461 1307 534 Nonnunquam
1336 468 1484 525 lucta
1511 486 1770 527 coronam
1834 474 2032 530 meruit

2139 471 2233 538 ,δὲ
2260 475 2655 546 προσπαλαίειν
2685 480 3005 550 συγχωρεῖν.
3048 481 3186 536 Ποτέ
3234 485 3333 554 μὲν
3375 485 3579 561 eum
3622 502 3730 550 στι.

496 558 792 628 aliquando
818 557 942 629 fuga
996 575 1191 630 pugnae
1222 563 1499 632 improbos
1524 566 1776 621 reddidit.
1837 569 1965 623 Haec
2016 577 2073 625 et

496 650 809 720 huiusmodi
857 654 1021 708 verbo
1049 654 1234 710 doceri
1282 672 1387 711 non
1415 669 1683 728 possunt:
1728 677 1904 732 neque
1952 676 2072 716 om-

493 758 590 798 nes
616 745 682 798 ad
715 761 883 799 unum
930 747 1150 801 modum
1204 748 1381 804 aﬂ‘ecti
1436 766 1649 818 sumus,
1711 770 1890 824 neque
1929 771 2071 816 unus

492 835 736 890 inanium
779 838 1032 908 idemque
1058 848 1270 894 naturae
1312 842 1532 899 habitus
1564 855 1649 900 est
1700 856 1755 900 et
1809 848 2065 917 qualitas.

496 923 671 980 Unum
702 926 835 996 (pra:
895 930 1144 1001 reliquis)
1198 933 1427 989 observa
1475 937 1729 1006 spiritum
1785 942 2065 1009 attentius,

489 1018 633 1085 quod
696 1019 741 1074 is
779 1028 829 1073 te
877 1022 996 1076 sine
1051 1023 1177 1078 ullis
1233 1025 1468 1083 induciis
1509 1031 1735 1087 assidue
1771 1046 2064 1105 oppugnet,

426 1160 429 1161 ν
488 1111 602 1162 sive
622 1118 755 1174 stes,
783 1111 899 1167 sive
931 1113 1196 1177 ambules.
1231 1115 1345 1171 sive
1378 1119 1593 1180 sedeas.
1654 1124 1770 1178 sive
1815 1134 1868 1180 te
1906 1142 2065 1181 com-

487 1212 728 1262 moveas,
760 1201 877 1255 sive
921 1204 1232 1269 recumbas,
1286 1207 1401 1261 sive
1436 1222 1580 1274 ores,
1639 1211 1754 1267 sive
1802 1214 2065 1273 dormias.

483 1292 738 1349 Nonnulli
790 1312 980 1351 eorum
1012 1300 1104 1368 qui
1132 1300 1187 1354 in
1229 1302 1404 1355 stadio
1435 1301 1601 1374 420
1637 1305 1897 1361 solitaria:
1912 1310 2064 1378 quic-

483 1387 553 1442 tis
576 1399 881 1454 versantur,
924 1392 1058 1445 illud
1090 1391 1395 1449 Psalmistw
1430 1410 1616 1451 secum
1665 1414 1881 1468 semper
1906 1417 2065 1456 excr-

482 1489 606 1534 eent
629 1497 642 1533 :
667 1479 1010 1536 Providebam
1031 1482 1314 1539 Dominum
1344 1502 1513 1541 meum
1545 1488 1600 1542 iu
1638 1500 1912 1559 conspectu
1951 1510 2065 1548 meo

481 1587 683 1641 semper
695 1574 760 1626 9’.
775 1572 959 1644 Neque
969 1575 1114 1629 enim
1131 1591 1322 1632 omnes
1333 1592 1500 1648 panes
1513 1580 1811 1649 spiritualis
1822 1584 2063 1640 alimenti

480 1677 548 1718 ex
577 1666 784 1721 cmlesti
813 1666 1085 1723 frumento
1104 1667 1254 1737 facti,
1283 1679 1413 1727 sunt
1441 1671 1685 1740 ejusdem
1719 1674 1926 1732 formae.
1956 1678 2064 1732 Alii

479 1759 625 1813 enim
655 1760 785 1814 illud
813 1760 1016 1817 Christi
1050 1774 1342 1820 exercent:
1369 1763 1435 1820 In
1461 1769 1719 1836 patientia
1738 1782 1908 1826 vestra
1937 1788 2059 1841 pos-

479 1850 719 1904 sidebitis
743 1852 949 1908 (mimus
967 1863 1163 1909 vestras
1179 1855 1217 1909 ⁸.
1237 1856 1340 1909 Alii
1369 1875 1382 1911 :
1420 1855 1643 1929 Vigilate
1657 1869 1707 1914 et
1728 1872 1874 1917 orate
1892 1866 1933 1918 '.
1949 1864 2056 1919 Alii

479 1940 608 1995 illud
631 1958 644 1995 :
671 1940 927 2012 Prwpara
949 1946 1002 1999 iu
1019 1946 1217 1999 exitum
1236 1964 1393 2013 opera
1419 1957 1531 2004 tua.
1549 1949 1655 2005 Alii
1683 1969 1697 2006 :
1722 1952 2055 2011 Ilumiliatus

477 2046 617 2095 sum,
650 2042 702 2085 et
736 2033 962 2089 saluauit
991 2052 1071 2090 me
1110 2037 1152 2090 ⁸.
1186 2038 1417 2104 Quidam
1448 2040 1582 2095 illud
1612 2043 1836 2101 assidue
1882 2048 2060 2101 revol-

364 2124 377 2140 ‘
476 2133 648 2179 runt:
691 2124 816 2180 Non
859 2138 982 2183 sunt
1026 2132 1301 2201 condigna.-
1341 2135 1612 2202 passiones
1647 2137 1807 2206 hujus
1858 2149 2057 2209 tempa-

474 2216 549 2270 ris
577 2217 647 2270 ad
703 2218 945 2289 futuram
972 2221 1265 2291 gloriam‘.
1315 2224 1419 2280 Alii
1473 2244 1694 2284 rursum
1752 2232 1923 2289 illud:
1972 2234 2055 2291 Ne

468 2310 681 2378 quando
711 2313 908 2381 rapiat,
943 2323 992 2367 et
1015 2330 1119 2368 non
1145 2320 1216 2370 sit
1253 2318 1344 2387 qui
1371 2320 1562 2388 eripiat
1595 2323 1638 2389 ",
1705 2339 1924 2395 semper
1967 2327 2054 2382 in-

470 2402 775 2458 tentissima
834 2407 1184 2462 meditantur.
1239 2409 1445 2467 Omnes
1513 2414 1734 2484 quidem
1796 2431 2047 2488 currunt,

467 2494 561 2548 sed
602 2510 744 2551 unus
790 2496 988 2553 borum
1040 2500 1238 2572 accipit
1296 2504 1612 2561 bravium‘.
1661 2508 1764 2573 Qui
1817 2511 2050 2579 profecit

465 2587 546 2656 (in
575 2588 816 2643 solitaria
861 2591 994 2663 vita)
1020 2593 1135 2661 jam
1165 2594 1285 2650 sine
1316 2596 1501 2652 labore
1553 2615 1660 2653 non
1708 2601 1887 2656 solum
1910 2603 2047 2675 τίείς

463 2678 604 2742 lans,
633 2681 731 2735 sed
782 2682 948 2737 etiam
1015 2684 1319 2753 dormiens,
1391 2700 1689 2767 operatur._
1722 2691 1877 2750 Unde
1923 2696 2048 2767 qui-

459 2770 587 2825 dam
653 2772 708 2827 in
745 2773 864 2842 ipso
916 2776 1081 2831 etiam
1148 2794 1342 2834 somno
1405 2760 1765 2853 subrepcrnes
1839 2760 2046 2843 daemo-

458 2878 560 2919 nas
602 2867 1000 2924 contumeliose
1037 2880 1289 2935 tractant,
1332 2882 1388 2928 et
1435 2873 1669 2933 feminas
1707 2879 1941 2935 lascivas
1970 2882 2040 2936 ad

457 2957 760 3014 castitatem
802 2960 1111 3018 hortantur.
1146 2965 1257 3021 Nec
1298 2978 1377 3022 est
1420 2972 1565 3037 quod
1608 2980 1892 3041 exspectes
1944 2975 2044 3029 ho-

455 3065 576 3105 rum
615 3055 907 3109 adventum
935 3066 1033 3112 aut
1074 3066 1127 3113 te
1174 3061 1436 3117 adversus
1486 3064 1607 3119 illos
1663 3066 1892 3122 multum
1945 3075 2041 3121 aut

2175 583 2341 636 φανον
2371 568 2701 640 προεξενησε
2721 586 2735 602 ο
2780 571 2908 625 ποτὲ
2933 571 2989 627 δὲ
3019 573 3053 644 ἡ
3081 575 3416 647 παραίτησις
3468 578 3731 655 ἀδοκίμους

2174 660 2474 730 πεποίηκεν
2498 678 2512 691 ·
2540 662 2601 717 ού
2619 662 2762 734 λόγῳ
2782 663 2849 717 τὰ
2880 664 3061 718 τοιάδε
3111 666 3329 735 ἐφικτὸν
3360 669 3693 731 παιδεύεσθαι
3714 693 3727 708 °

2171 749 2230 803 ού
2261 750 2369 820 γάρ
2407 751 2601 814 πάντες
2623 754 2735 816 τοῖς
2776 752 2984 818 αὐτοῖς,
3041 754 3160 809 οὐδὲ
3216 755 3479 823 ὡσαύτως
3515 764 3730 817 πεποιώ-

2173 843 2317 912 μεθα
2351 844 2447 898 ἕνα
2473 860 2487 874 ⁶
2516 830 2625 897 τῶν
2654 844 2980 915 πνευμάτων
3024 846 3274 917 ἐπιτήρει
3301 848 3578 918 νηφόντως
3609 853 3729 925 (54),

2170 930 2357 1001 ἐπειδὴ
2384 931 2480 985 καὶ
2505 931 2669 996 αὑτός
2720 948 2781 985 σε
2831 931 3058 1002 πολεμεῖ
3106 932 3406 998 ἀπαύστως
3446 936 3503 989 ἐν
3538 939 3730 1010 στάσει,

2170 1021 2265 1074 καὶ
2329 1021 2649 1091 μεταϐάσει,
2711 1022 2807 1076 καὶ
2870 1021 3133 1095 καθέδρᾳ,
3205 1025 3298 1077 καὶ
3353 1026 3584 1097 κινήσει,
3651 1032 3735 1084 καὶ

2168 1109 2467 1176 ἀνακλίσει,
2507 1111 2599 1164 καὶ
2626 1112 2780 1183 εὐχῇ,
2830 1112 2927 1169 καὶ
2977 1111 3151 1184 ὕπνῳ.
3206 1114 3271 1167 Oi
3308 1115 3407 1184 μὲν
3427 1116 3537 1171 τῶν
3585 1120 3642 1172 ἐν
3667 1120 3735 1192 τῷ

2166 1199 2352 1271 δρόμῳ
2377 1200 2478 1272 τῆς
2501 1202 2734 1274 ἡσυχίας
2769 1202 3153 1274 καθεζομένων
3197 1203 3310 1278 (55)
3335 1221 3349 1236 °
3377 1208 3737 1280 Προωρώμην

2167 1291 2273 1346 τὸν
2304 1293 2521 1361 Κύριον
2572 1311 2693 1363 μου
2727 1293 2986 1349 ἐνώπιόν
3044 1313 3163 1365 μου
3211 1295 3309 1350 διὰ
3358 1298 3624 1365 παντὸς,
3684 1302 3734 1355 ἐν

2166 1383 2381 1447 ἑαυτοῖς
2432 1385 2695 1455 ἐργασίαν
2755 1385 3100 1456 κατέχουσιν.
3157 1387 3232 1441 Οὐ
3292 1387 3402 1460 γάρ
3448 1390 3649 1454 πάντες
3690 1394 3733 1447 οι

2165 1473 2321 1544 ἄρτοι
2348 1473 2449 1544 τῆς
2481 1473 2863 1547 πνευματικῆς
2882 1474 2976 1528 τοῦ
3000 1474 3251 1548 οὐρανίου
3283 1477 3433 1530 σίτου
3462 1478 3715 1561 ἐργασίας

2167 1565 2456 1635 μονοειδεῖς
2481 1564 2805 1637 ὑπάρχουσι.
2847 1564 3063 1635 Ἕτεροι
3093 1566 3151 1619 δέ
3176 1583 3189 1597 ·
3239 1568 3336 1621 Ἐν
3362 1567 3439 1638 τῇ
3470 1571 3731 1642 ὑπομονῇ

2163 1654 2332 1724 ὑμῶν
2352 1654 2652 1723 κτήσεσθε
2697 1655 2805 1724 τὰς
2838 1656 3044 1725 ψυχὰς
3070 1656 3264 1728 ὑμῶν·
3295 1660 3446 1715 ἄλλοι
3473 1677 3487 1691 ·
3516 1665 3728 1733 Γρηγο-

2160 1746 2338 1814 ρεῖτε,
2399 1747 2496 1800 καί
2540 1749 2990 1817 προσεύχεσθεο
3044 1749 3255 1822 ἕτεροι·
3321 1750 3617 1822 Ἑτοίμαζέ
3653 1757 3729 1822 είς

2090 1825 2131 1880 Β
2159 1836 2274 1903 τὴν
2300 1836 2515 1902 ἔξοδον
2562 1838 2635 1890 τὰ
2663 1838 2808 1908 ἔργα
2834 1854 2981 1894 σου·
3025 1839 3178 1894 ἄλλοι
3197 1857 3213 1873 ο
3282 1841 3726 1912 Ἐταπεινώθην,

2159 1927 2258 1981 καὶ
2286 1925 2483 1981 ἔσωσέ
2496 1944 2601 1997 με·
2635 1929 2780 1993 τινὲς
2809 1929 2909 2000 μέν
2941 1947 2955 1960 ·
2990 1932 3112 1984 Οὐκ
3136 1930 3278 1996 ἄξια
3300 1933 3374 1986 τὰ
3418 1932 3730 2003 παθήματα

2157 2017 2265 2072 τοῦ
2297 2019 2412 2072 νῦν
2426 2020 2633 2090 καιροῦ
2656 2022 2797 2088 πρὸς
2825 2019 2939 2090 τὴν
2960 2021 3321 2092 μέλλουσαν
3347 2022 3560 2090 δόξαν·
3594 2027 3728 2081 ἄλλοι

2157 2109 2320 2162 πάλιν
2340 2125 2356 2139 ο
2398 2109 2642 2178 Μήποτε
2670 2109 2935 2183 ἁρπάσῃ,
2969 2111 3069 2165 καὶ
3100 2115 3171 2166 οὐ
3187 2111 3273 2181 μὴ
3298 2107 3341 2185 ᾗ
3363 2112 3727 2184 όρυόμενος,

2156 2197 2242 2253 διὰ
2281 2198 2480 2262 παντὸς
2506 2198 2855 2256 σκέπτονται.
2908 2202 3115 2266 Πάντες
3151 2203 3250 2272 μὲν
3281 2203 3574 2274 τρέχουσιν
3605 2205 3725 2278 (56).

2154 2283 2250 2355 Εἷς
2290 2291 2347 2344 δὲ
2376 2290 2582 2345 τούτων
2607 2292 2875 2363 λαμϐάνει
2904 2294 2964 2347 τὸ
2992 2294 3244 2367 βραϐεῖον
3280 2297 3415 2367 (37).
3467 2298 3727 2363 Ἀκὸπως,

2152 2384 2213 2439 οὐ
2244 2385 2403 2456 μόνον
2431 2386 2750 2458 ἐγρηγορὼς
2770 2427 2784 2452 ,
2844 2388 2980 2443 ἀλλὰ
3039 2391 3133 2442 καὶ
3164 2391 3440 2445 καθεύδων
3473 2393 3506 2446 ὁ
3540 2393 3730 2463 προκό-

2150 2474 2255 2544 ψας
2283 2476 2595 2548 ἐργάζεται.
2619 2477 2778 2532 Ὅθεν
2798 2479 2941 2542 τινὲς
2974 2480 3066 2532 καὶ
3092 2480 3150 2533 ἐν
3182 2481 3367 2545 αὐτοῖς
3397 2484 3515 2546 τοῖς
3552 2483 3728 2547 ὕπνοις

2150 2567 2275 2629 τοὺς
2339 2567 2598 2637 δαίμονας
2687 2570 3163 2641 προσερχομένους
3216 2572 3576 2643 ἀτιμάζουσι,
3644 2573 3729 2629 καὶ

2149 2657 2427 2712 ἀκόλαστα
2470 2658 2670 2728 γύναια
2705 2661 2834 2731 περὶ
2869 2662 3227 2733 σωφροσύνης
3273 2665 3614 2720 νουθετοῦσι.
3642 2667 3727 2738 Μὴ

2147 2748 2404 2821 ἀνάμενε,
2432 2750 2568 2822 μηδέ
2607 2752 3135 2826 προπαρασκευάζου
3201 2756 3512 2827 παρουσίας
3540 2775 3559 2791 σ
3594 2758 3726 2829 ἁπλῆ

2146 2841 2255 2910 γὰρ
2309 2840 2406 2912 ὅλη
2454 2843 2549 2895 καὶ
2602 2843 2784 2908 ἄδετος
2858 2845 2956 2916 τῆς
3006 2845 3234 2917 ἡσυχίας
3282 2849 3315 2919 ἡ
3368 2849 3722 2914 κατάστασις.

2146 2932 2334 2995 Οὐδεὶς
2365 2932 2535 2987 θέλων
2585 2933 2940 3007 οἰκοδομῆσαι
2984 2936 3215 3007 πύργον,
3253 2939 3344 2992 καὶ
3370 2938 3578 2994 κέλλοιν
3605 2943 3725 3013 ἡσυ-

2143 3023 2264 3092 χίας
2294 3023 2584 3095 ἐπιχειρεῖ,
2618 3027 2668 3077 εἰ
2698 3026 2775 3096 μὴ
2798 3027 3063 3099 πρότερον
3103 3028 3348 3099 καθήσεις
3371 3029 3610 3100 ψηφίσει
3638 3032 3724 3087 καὶ

454 3142 684 3200 sollicite
706 3148 943 3205 munias.
979 3150 1169 3206 Status
1210 3153 1355 3208 enim
1407 3155 1534 3211 vitae
1587 3157 1851 3213 solitaria:
1902 3159 2039 3214 sim-

2140 3114 2436 3186 ψηλαφίσει
2463 3115 2564 3188 [aL
2589 3115 2954 3191 ψηλαφήσει],
2991 3118 3082 3174 διὰ
3127 3124 3461 3193 προσευχῆς,
3529 3126 3582 3177 εἰ
3621 3123 3721 3196 ἔχει

455 3235 575 3304 plex
614 3245 669 3291 et
711 3239 781 3292 ab
804 3240 954 3294 omni
987 3242 1204 3298 vinculo
1254 3261 1482 3314 prorsus
1549 3252 1841 3319 expeditus
1866 3262 1925 3307 et
1970 3252 2036 3306 li-

453 3325 554 3380 ber
580 3336 681 3381 est.
708 3326 880 3384 Nemo
910 3333 1001 3399 qui
1033 3334 1148 3387 vult
1194 3337 1389 3390 turrim
1431 3349 1528 3394 aut
1576 3343 1767 3397 cellam
1803 3342 2037 3418 religio-

451 3431 526 3471 sas
566 3419 764 3486 quietis
795 3422 1052 3490 excitare,
1102 3426 1251 3495 prius
1301 3444 1417 3484 rem
1472 3436 1808 3505 aggreditur,
1866 3455 2032 3517 quam

449 3508 645 3565 sedens
684 3523 983 3583 computet,
1022 3524 1077 3571 et
1121 3533 1217 3586 per
1239 3522 1540 3578 orationem
1595 3540 1853 3588 accurate
1882 3508 2034 3591 scru-

447 3612 613 3667 tetur,
655 3620 724 3660 an
769 3608 963 3663 habeat
1000 3611 1066 3664 ad
1109 3627 1249 3682 opus
1297 3616 1689 3685 perﬁciendum
1766 3641 2029 3684 necessa-

448 3698 527 3751 ria
568 3707 622 3753 et
683 3710 863 3770 aptam
935 3713 1220 3775 naturam;
1272 3725 1339 3764 ne
1400 3721 1523 3780 post
1560 3715 1768 3785 jactum
1832 3720 2030 3779 funda-

447 3800 687 3846 mentum
735 3794 827 3848 flat
869 3796 1161 3853 ludibrium
1208 3801 1456 3859 hostibus
1479 3807 1613 3874 suis,
1642 3819 1695 3864 et
1722 3812 1844 3868 aliis
1869 3831 2023 3871 exer-

443 3882 763 3940 citatnribus
796 3887 1262 3958 impedimentum.
1294 3896 1526 3955 Attende
1555 3901 1622 3955 ad
1675 3906 2021 3975 suavitatem,

442 3991 535 4030 seu
559 3978 904 4035 dulcedinem
930 3984 1329 4051 advenientem,
1357 4005 1425 4044 ne
1449 3993 1517 4048 ab
1551 3996 1752 4051 amaris
1776 4001 2021 4067 medicis,

441 4068 551 4125 imo
608 4086 736 4127 vero
807 4075 878 4129 ab
921 4077 1335 4138 insidiatoribus
1395 4099 1491 4154 per
1543 4087 1727 4143 dolum
1791 4100 2023 4164 temper-

433 4348 523 4404 die
550 4366 680 4405 vero
731 4355 1015 4424 accingere
1052 4373 1267 4413 rursum
1310 4360 1377 4415 ad
1422 4377 1560 4431 opus
1608 4376 1761 4422 tuum
1803 4385 1901 4439 pro
1934 4372 2016 4427 vi-

433 4441 584 4497 ribus
633 4443 743 4498 tuis
784 4448 1168 4515 peragendum.
1222 4449 1340 4506 Non
1386 4456 1733 4514 mediocriter
1767 4462 1903 4519 solet
1946 4465 2014 4518 il-

431 4530 664 4587 lustrare
696 4544 750 4588 et
791 4537 1046 4606 colligere
1102 4553 1337 4597 mentem
1397 4547 1578 4602 lectio.
1645 4548 1816 4606 Verba
1863 4555 2009 4611 enim

430 4623 666 4693 Spiritus
702 4628 874 4681 sancti
912 4640 1059 4695 sunt,
1099 4645 1153 4686 et
1184 4635 1411 4692 lectores
1440 4641 1665 4696 omnino
1689 4644 1933 4716 dirigunt
1957 4658 2012 4704 et

430 4714 802 4784 moderantur.
864 4717 947 4774 Sit
985 4722 1083 4776 tibi
1117 4727 1362 4793 operanti
1411 4729 1570 4787 lectio
1600 4714 2008 4796 accommodata

422 4805 492 4859 ad
534 4808 825 4865 actionem.
862 4811 994 4866 Nam
1020 4816 1253 4873 actionis
1282 4824 1614 4891 propositum
1648 4825 1777 4882 facit
1804 4840 1860 4882 ut
1891 4831 2004 4900 jam

425 4898 559 4952 nihil
584 4915 720 4967 opus
759 4901 831 4956 sit
855 4905 1089 4974 amplius
1119 4907 1354 4964 lectione
1384 4913 1722 4982 reliquorum
1751 4936 1765 4972 :
1801 4898 2007 4975 labori-

370 5020 381 5025 -
423 4987 525 5043 bus
552 4989 735 5058 potius
777 5006 941 5061 quam
971 4994 1125 5051 libris
1153 4997 1459 5054 doctrinam
1507 5005 1699 5061 salutis
1735 5008 2006 5067 illustrare

420 5082 707 5137 contende.
775 5082 966 5140 Libros
1011 5087 1079 5143 ab
1125 5095 1221 5144 tuo
1268 5090 1519 5150 instituto
1563 5097 1792 5164 alienos,
1824 5103 2004 5171 prius-

419 5184 583 5239 quam
611 5173 821 5229 virtute
839 5176 1080 5246 Spiritus
1112 5184 1285 5237 sancti
1310 5182 1612 5244 instructus
1651 5207 1732 5255 es,
1778 5194 1888 5248 noli
1914 5205 2000 5249 at-

419 5264 644 5333 tingere.
689 5266 860 5324 Verba
893 5273 1095 5343 quippe
1120 5274 1440 5333 obscuriora
1479 5281 1767 5340 imbecillis
1798 5289 1998 5345 animis

418 5355 672 5447 tenebras
715 5360 1022 5419 oﬂiiuduut.
1082 5366 1290 5423 Unicus
1331 5373 1518 5428 calicis
1549 5375 1779 5433 haustus

415 5454 526 5509 vini
577 5473 674 5527 per
712 5469 932 5532 gustum
980 5467 1202 5535 prodit;
1251 5478 1307 5526 et
1351 5470 1511 5527 unica
1563 5475 1846 5533 familiaris
1881 5495 1997 5536 cor-

2141 3207 2208 3258 τὰ
2255 3205 2391 3277 πρὸς
2449 3208 2798 3280 ἀπαρτισμὸν
2879 3209 3165 3280 ἰδιώματα,
3242 3213 3454 3282 μήποτε
3506 3215 3722 3287 γένηται

2143 3296 2285 3367 μετά
2304 3297 2403 3370 τὴν
2432 3297 2527 3351 τοῦ
2554 3298 2806 3368 θεμελίου
2826 3302 3134 3373 καταϐολὴν
3150 3302 3358 3372 γελεῖον
3375 3306 3490 3368 τοῖς
3515 3306 3722 3378 ἐχθροῖς

2139 3387 2329 3452 αὐτοῦ,
2366 3390 2463 3443 καὶ
2499 3391 2757 3460 ἐμπόδιον
2805 3391 3014 3464 ἑτέροις
3044 3393 3307 3466 ἐργάταις
3336 3411 3352 3427 ⁸
3408 3396 3609 3452 σκόπει
3631 3398 3723 3471 τὴν

2136 3479 2510 3550 ἐπιδημοῦσαν
2551 3481 2812 3555 ἡδύτητα,
2838 3485 3073 3557 ίμήπως
3111 3486 3175 3539 ἐκ
3228 3487 3443 3559 πικρῶν
3501 3490 3718 3562 ίατρῶν,

2138 3568 2338 3638 μᾶλλον
2382 3569 2440 3623 δέ
2505 3571 2811 3626 ἐπιϐούλων
2849 3572 3042 3637 δολίως
3092 3576 3425 3648 συνεκράθη.
3485 3577 3719 3649 Νύκτωρ

2135 3659 2235 3729 μὲν
2269 3659 2339 3714 τὰ
2375 3660 2548 3715 πολλὰ
2572 3665 2638 3734 τῇ
2667 3667 2946 3736 προσευχῇ
2987 3664 3129 3719 δίδου
3158 3667 3292 3738 (58),
3328 3668 3398 3721 τά
3422 3668 3481 3722 δὲ
3518 3670 3719 3743 βραχέα

2129 3753 2194 3822 τῇ
2235 3751 2553 3827 ψαλμῳδίᾳο
2578 3755 2840 3829 ἡμέρα[ς]
2868 3757 2926 3811 δὲ
2972 3757 3110 3828 πρὸς
3140 3759 3240 3829 τὴν
3271 3759 3373 3831 σὴν
3404 3761 3577 3815 πάλιν
3617 3782 3716 3817 πα-

2133 3843 2472 3915 ρασκευάζου
2549 3847 2811 3919 δύναμιν*
2870 3849 2933 3902 οὐ
2992 3851 3231 3922 μετρίως
3303 3852 3570 3923 φωτίζειν
3628 3856 3749 3923 καὶ,

2126 3935 2484 4006 ὲπισυνάγειν
2520 3940 2611 3992 τὸν
2651 3939 2777 3994 νοῦν
2835 3943 2868 4013 ἡ
2924 3943 3233 4009 ἀνάγνωσις
3286 3945 3505 4015 πέφυκε
3557 3947 3666 4019 (59)
3697 3963 3713 3981 ο

2127 4027 2276 4099 λόγοι
2338 4030 2448 4103 γάρ
2493 4031 2815 4103 Πνεύματος
2854 4034 3011 4104 ἀγίου
3074 4034 3408 4108 ὑπάρχουσι,
3438 4040 3543 4094 καὶ
3595 4041 3713 4103 τοὺς

2125 4125 2556 4196 μετερχομένους
2573 4127 2793 4190 πάντως
2814 4127 3168 4200 ῥυθμίζουσιν
3185 4145 3201 4161 ο
3224 4128 3366 4183 ἔστω
3392 4147 3474 4184 σοι
3501 4131 3705 4205 ἐργάτῃ

2118 4396 2304 4460 πόνοις
2339 4397 2564 4468 μᾶλλον,
2590 4398 2685 4452 καὶ
2706 4398 2781 4471 μὴ
2796 4399 3002 4466 δέλτοις
3021 4401 3145 4466 τοὺς
3175 4404 3276 4481 τῆς
3301 4404 3494 4473 ὑγείας
3522 4405 3709 4474 λόγους

2047 4516 2093 4573 D
2120 4487 2449 4557 φωτίζεσθαι
2521 4487 2712 4560 ζήτειο
2779 4491 3185 4563 ἀλλοτριονόους
3252 4497 3359 4567 πρὸ
3422 4496 3705 4568 δυνάμεως

2117 4581 2494 4650 πνευματικῆς
2523 4580 2658 4652 (40),
2690 4580 2765 4653 μὴ
2802 4583 3069 4655 μετέρχου
3096 4584 3310 4653 λόγους.
3337 4586 3579 4651 Σκότους
3602 4586 3704 4656 γάρ

2115 4666 2243 4720 ὄντα
2274 4670 2518 4739 ῥήματα,
2542 4672 2666 4734 τοὺς
2687 4671 2982 4737 ἀδυνάτους
2999 4675 3339 4740 σκοτίζουσι·
3398 4677 3498 4748 μία
3552 4677 3703 4742 κύλιξ

2116 4758 2373 4825 πολλάκις
2404 4760 2594 4828 γεῦσιν
2620 4762 2764 4815 οἴνου
2809 4764 3054 4837 ὲσήμανε
3077 4781 3091 4796 ·
3132 4766 3227 4820 καὶ
3258 4762 3340 4831 εἷς
3371 4766 3534 4836 λόγος
3568 4770 3700 4840 ἠσυ-

2114 4848 2315 4919 χαστοῦ
2337 4853 2451 4912 τοῖς
2474 4850 2776 4916 γεύσασθαι
2822 4854 3143 4926 δυναμένοις
3179 4860 3362 4914 πᾶσαν
3396 4860 3567 4913 αὐτοῦ
3603 4858 3699 4930 τὴν

2110 4939 2256 4993 ἔνδον
2285 4939 2568 5008 ὑπέδειξεν
2596 4944 2862 5014 ἐργασίαν
2913 4947 3007 5000 καὶ
3026 4947 3383 5004 κατάστασιν.
3421 4950 3486 5002 ’Δ
3497 4966 3697 5021 ρεπτον

2110 5026 2501 5104 [ἁρέμϐαστον]
2521 5031 2700 5109 ψυχῆς
2725 5033 2879 5107 ὄμμα
2912 5036 3157 5108 κέκτησο
3202 5040 3338 5109 προς
3383 5039 3567 5112 οἴησιν
3591 5061 3608 5074 ο
3633 5040 3692 5094 ού

2107 5119 2216 5190 γάρ
2244 5121 2392 5175 ἐστιν
2435 5124 2492 5176 ἐν
2521 5124 2751 5189 κλοπαῖς
2782 5142 2836 5179 τι
2865 5127 3095 5192 ταύταις
3123 5129 3515 5203 ὀλεθριώτερον
3554 5132 3689 5203 (ﬂ).

2103 5211 2291 5264 Φείδου
2340 5213 2438 5284 τῆς
2486 5213 2738 5287 γλώσσης
2795 5222 3039 5288 προϊώνο
3074 5217 3185 5276 οἶδε
3234 5223 3347 5294 γάρ
3408 5225 3691 5296 συντόμως

2108 5302 2335 5368 πολλοὺς
2368 5306 2650 5376 καμάτους
2703 5310 3042 5380 σκορπίζειν.
3114 5314 3471 5386 ’Λπερίεργον
3524 5316 3689 5371 ἄσκει

1825 5393 1999 5449 genus
2103 5394 2473 5449 κατάστασιν·
2519 5397 2772 5468 μολύνειν
2813 5400 2923 5471 γὰρ
2952 5402 3052 5474 τὴν
3106 5405 3339 5476 ἡσυχίαν
3392 5407 3686 5479 περιεργία

2100 5484 2179 5548 ὡς
2226 5485 2327 5541 οὐκ
2374 5487 2503 5542 ἄλλο
2548 5505 2601 5543 τι
2655 5489 2898 5547 δύναται.
2961 5495 3085 5561 Τοῖς
3138 5497 3547 5568 παραϐάλλουσι
3614 5498 3684 5553 τὰ

416 5558 619 5614 locutio
651 5576 868 5617 omnem
923 5564 1235 5624 interiorem
1285 5572 1511 5628 solitarii
1549 5577 1672 5632 vitae
1722 5578 1990 5637 rationem

2140 5575 2336 5650 ρειώδη
2368 5578 2681 5652 παράϐαλλε
2743 5583 2881 5654 (42),
2943 5558 3154 5657 σώματι
3188 5558 3333 5658 λέγω
3382 5592 3479 5645 καὶ
3508 5589 3679 5644 πνεύ-

479 5731 703 5831 ’ξξῖδίὶίί
725 5744 907 5831 331.13-
990 5750 1004 5779 ¹
1049 5749 1178 5808 Luc.
1211 5768 1319 5822 ut,
1346 5755 1425 5811 l9.
1503 5761 1523 5791 ’
1554 5759 1744 5817 Matth.
1777 5779 1919 5831 τινι,
1956 5765 2043 5821 Η.

411 5799 429 5831 ⁶
458 5798 620 5863 Hier.
655 5824 729 5876 ix,
770 5798 862 5868 21.

2125 5768 2145 5800 ³
2174 5767 2315 5825 Psal.
2351 5784 2498 5839 στιν,
2535 5771 2587 5827 6.
2666 5770 2865 5829 ‘Rom.
2903 5788 3022 5844 vui,
3054 5776 3112 5832 6.
3174 5777 3193 5809 δ
3218 5776 3360 5837 Psal.
3390 5797 3544 5848 nix,
3581 5783 3673 5838 23.
