4030 6480
439 416 579 485 1117

1429 421 1657 480 SCALA
1702 417 2155 481 PARADISIr-
2187 419 2495 480 GRADUS
2534 421 2775 481 XXVII.

3572 422 3707 488 1118

438 545 606 600 ματιο
640 529 688 581 εί
732 527 833 598 μὲν
880 526 1179 599 σοφώτεροι
1234 527 1628 598 καθεστήκασι,
1662 526 1751 581 διὰ
1796 525 2005 597 σιωπῆς

2115 536 2167 580 ει
2199 534 2427 593 statum,
2474 528 2541 582 iis
2564 528 2657 597 qui
2705 527 2959 596 judicare
2983 535 3237 596 possunt,
3264 527 3525 586 ostendit.
3567 529 3709 585 Irre-

435 621 538 692 τὴν
567 619 886 689 φιλοσοφίαν
922 618 1340 688 ἑπιδιιξώμιθα.
1380 619 1443 673 Εί
1483 617 1540 672 δὲ
1567 617 1784 687 ἀδελφοὶ
1808 618 1873 687 τῇ
1914 633 2016 670 καη

435 712 722 775 ταστάσει,
780 711 1116 783 συμμέτρως
1146 729 1244 782 την
1291 710 1465 782 θύραν
1510 710 1831 780 ἀνοίξωμεν.
1871 707 2016 777 Πλὴν

434 805 663 875 ἄμεινον
705 803 914 868 πάντας
966 804 1255 874 ὑπερέχειν
1305 799 1641 871 λογίζεσθαι.
1682 799 2015 870 Βουλόμενόν

437 913 509 967 με
539 894 716 966 πάντῃ
766 895 1099 965 ἀποτρέπειν
1148 895 1209 946 ἐν
1250 895 1371 956 ταῖς
1407 891 1662 958 συνάξεσι
1689 890 1751 944 τὸ
1781 889 1876 943 τοῦ
1910 887 2015 942 σώ-

438 1005 611 1058 ματος
666 986 830 1058 ἔργον
872 988 988 1049 τοῖς
1032 985 1113 1039 ἔτι
1160 985 1513 1056 νηπιὼδεσιν,
1589 985 1821 1054 ἐπέσχεν
1862 986 1890 1036 ὁ
1914 983 2014 1053 τὴν

435 1078 663 1148 ψάμμον
711 1077 770 1130 ἐν
817 1079 885 1147 τῇ
931 1076 1206 1131 ἀναϐολίδι
1254 1076 1490 1146 παννυχὶ
1541 1074 1745 1147 φέρων,
1804 1073 2014 1145 Ὠσπερ

432 1165 774 1224 ἔναντιοῢται
799 1166 878 1237 τῷ
908 1165 1053 1238 λόγῳ
1080 1166 1190 1225 τῶν
1247 1167 1559 1238 δογμάτων·
1588 1166 1686 1235 τῆς
1725 1164 1886 1233 ἁγίας
1919 1164 2016 1218 καὶ

433 1256 693 1310 ἀκτίστου
724 1256 863 1328 (45),
911 1256 1009 1310 καὶ
1066 1257 1455 1328 προσκυνητῆς
1511 1256 1740 1328 Τριάδος
1773 1255 1841 1309 τὰ
1887 1255 2016 1326 περὶ

432 1348 535 1417 τῆς
567 1347 835 1419 ἐνσάρκου
869 1347 1183 1416 οἰκονομίας
1241 1346 1334 1399 τοῦ
1388 1345 1506 1409 ένὸς
1536 1347 1638 1415 τῆς
1671 1346 1843 1416 αὐτῆς
1875 1359 2013 1397 παν-

433 1441 679 1509 υμνήτου
728 1437 956 1507 μονάδος
988 1436 1298 1511 [Τριάδος]⁶
1358 1438 1429 1491 τὰ
1466 1437 1566 1507 μὲν
1591 1437 1700 1506 γὰρ
1738 1437 1855 1489 ἐκεῖ
1880 1435 2015 1505 πλη-

433 1527 658 1582 θυντικὰ
711 1530 771 1582 ὲν
819 1527 995 1598 τούτῳ
1047 1529 1354 1601 ὑπάρχουσι
1409 1529 1599 1583 ἑνικά·
1647 1530 1717 1583 τὰ
1792 1529 1850 1583 δὲ
1899 1530 2017 1583 ἐκεῖ

432 1618 590 1673 ἑνικὰ
641 1618 883 1675 ἐνταῦθά
927 1620 1035 1674 εισι
1074 1618 1455 1691 πληθυντικά·
1514 1618 1689 1682 οὕτως
1733 1618 1896 1691 ἓτερα
1944 1620 2013 1674 τὰ

429 1711 498 1782 τῇ
555 1709 779 1783 ἠσυχίᾳ,
861 1711 957 1767 καὶ
1004 1710 1143 1767 ἄλλα
1201 1711 1273 1766 τὰ
1332 1712 1400 1783 τῇ
1453 1710 1668 1781 ὑπακοῇ
1735 1710 2013 1782 πρέποντα

434 1802 865 1874 ἐπιτηδεύματα.
908 1803 969 1856 ὐ
1038 1802 1139 1875 μὲν
1207 1802 1351 1867 θεῖός
1412 1818 1579 1872 φησιν
1642 1801 1965 1867 ’Δπόστολος
1993 1816 2008 1831 ⁸

2117 622 2318 673 tortum
2362 616 2561 670 animat
2591 617 2812 671 oculum
2867 630 3026 686 geras
3071 615 3336 670 adversus
3381 617 3552 681 animi
3592 620 3708 674 ela-

2118 707 2363 762 tionem:
2405 708 2553 763 nulla
2582 709 2726 762 enim
2759 709 2910 763 fraus
2955 710 3057 765 hac
3080 719 3167 764 est
3219 710 3606 778 perniciosior.
3645 711 3702 766 In

2115 798 2395 867 publicum
2428 812 2821 868 progressurus
2859 800 3098 869 linguam
3132 815 3346 855 coerce.
3386 801 3537 856 Solet
3558 809 3701 859 enim

2115 899 2395 945 momento
2425 893 2685 959 temporis
2710 907 2902 947 omnes
2923 894 3188 948 virtutum
3215 894 3429 950 labores
3458 909 3694 962 pessum—

2115 981 2264 1037 dare.
2321 981 2552 1038 Abstine
2584 982 2652 1036 ab
2687 984 2835 1037 omni
2876 985 3092 1038 curiosa
3136 995 3189 1039 et
3222 1000 3330 1039 non
3391 986 3703 1043 necessaria

2115 1072 2495 1141 occupatione.
2532 1070 2664 1126 Tam
2692 1073 2836 1127 enim
2867 1073 3156 1143 inquinare
3183 1077 3496 1133 solitudinis
3544 1079 3701 1148 quie—

2117 1170 2222 1215 tem
2247 1162 2387 1216 solet
2435 1162 2537 1215 ista
2581 1164 2863 1232 negotiosa
2905 1163 3233 1229 curiositas,
3266 1180 3429 1249 quam
3463 1166 3575 1221 ulla
3612 1182 3701 1223 res

2115 1254 2215 1306 alia
2253 1261 2448 1322 potest.
2502 1252 2912 1308 Adventoribus
2946 1263 3003 1309 et
3040 1257 3344 1324 peregrinis
3392 1259 3699 1314 necessaria

2114 1358 2220 1414 qua
2262 1345 2529 1412 corporis,
2571 1358 2679 1412 qua
2719 1342 2945 1413 spiritus
2974 1344 3171 1413 praebe,
3201 1347 3291 1413 qui
3340 1347 3386 1400 si
3436 1348 3696 1416 sapientia

2115 1433 2491 1503 prmpolleant,
2527 1447 2627 1489 nos
2670 1442 2914 1487 nostram
2966 1433 3076 1486 illis
3127 1434 3447 1504 sapientiam
3479 1450 3575 1504 per
3620 1436 3699 1489 si-

2115 1526 2334 1580 lentium
2362 1525 2828 1578 demonstremus.
2882 1522 2939 1577 Si
2987 1534 3168 1578 autem
3223 1523 3420 1579 fratres
3457 1526 3699 1597 religiosi

2115 1615 2335 1681 fuerint,
2361 1625 2473 1670 tum
2501 1614 2782 1671 moderate
2802 1615 3029 1685 januam
3055 1616 3335 1685 sapientia:
3358 1619 3692 1686 aperiamus.

2110 1704 2274 1778 422
2320 1705 2646 1776 Quanquam
2692 1713 2911 1775 praestat
2951 1705 3266 1761 existimare
3305 1722 3500 1763 omnes
3543 1708 3701 1771 nobis

2114 1784 2527 1852 excellentiores
2552 1808 2692 1849 esse.
2729 1792 2868 1848 Cum
2906 1792 3223 1864 junioribus
3253 1795 3306 1848 in
3339 1795 3700 1851 conventibus

437 1862 713 1962 Τίς
736 1893 891 1948 νοῦν
920 1862 1188 1962 Kvot'ov;
1245 1862 1358 1962 ἔγω
1410 1862 1673 1962 δὲ’λέγω·
1721 1892 1816 1956 Τίς
1870 1862 2005 1962 ἔγνω

2119 1886 2347 1942 omnino
2385 1886 2579 1940 vellem
2633 1899 2798 1955 opere
2846 1883 3106 1941 faciendo
3160 1886 3517 1951 interdicere,
3567 1901 3700 1956 pro-

430 1979 558 2039 νοῦν
630 1981 920 2054 ἀνθρώπου
996 1982 1305 2054 ἡσυχαιττοῦ
1404 1982 1618 2055 σώματι
1682 1982 1779 2036 καὶ
1845 1981 2012 2038 πνεύ-

436 2085 571 2137 ματι
593 2086 608 2134 ;

2121 1978 2300 2034 bibuit
2343 1977 2392 2032 is
2422 1974 2519 2047 qui
2568 1990 2666 2045 per
2697 1981 2869 2029 totam
2919 1984 3133 2030 noctem
3175 1991 3396 2032 arenam
3447 1978 3502 2030 in
3541 1976 3701 2047 pallio
3756 1994 3765 1999 ‘

2121 2071 2266 2129 tulit.
2321 2067 2476 2125 Sicut
2516 2068 2877 2123 adversantur
2920 2066 3184 2123 doctrina:
3222 2070 3697 2141 pronuntiatorum

435 2159 504 2214 de
539 2169 724 2216 sancta
756 2169 802 2219 et
862 2161 1106 2219 increata
1180 2170 1235 2217 et
1308 2160 1587 2218 adoranda
1650 2162 1941 2229 Trinitale,
1993 2160 2350 2236 pronuntiata
2403 2160 2472 2214 de
2523 2157 2865 2213 humanitate
2914 2157 3120 2214 Christi
3175 2160 3337 2215 unius
3391 2176 3457 2216 ex
3514 2162 3692 2217 tribus

433 2253 687 2319 personis
739 2252 984 2323 ejusdem
1043 2254 1437 2311 laudatissima:
1493 2254 1779 2312 Trinitatis
1816 2274 1830 2311 :
1892 2271 2015 2326 quas
2046 2255 2194 2310 enim
2240 2253 2295 2307 iu
2337 2249 2606 2306 Trinitate
2647 2259 2777 2306 sunt
2823 2251 3092 2321 pluralia,

3176 2266 3305 2309 sunt
3361 2253 3414 2307 in
3479 2254 3699 2314 Chrislo

426 2341 729 2410 singularia
754 2364 767 2399 :
793 2351 849 2399 et
869 2358 993 2413 quae
1019 2343 1074 2398 in
1107 2344 1197 2399 illa
1218 2353 1347 2398 sunt
1369 2344 1688 2415 singularia,
1748 2345 1803 2400 in
1862 2344 2082 2403 Christo
2121 2349 2252 2399 sunt
2292 2340 2554 2412 pluralia:
2589 2340 2661 2396 ita
2711 2343 2816 2398 alia
2850 2343 3187 2399 conveniunt
3228 2343 3407 2397 studia
3441 2344 3700 2402 solitariae

425 2432 585 2499 vitae,
627 2434 731 2493 alia
786 2436 855 2491 iis
882 2437 977 2508 qui
1024 2437 1128 2493 sub
1160 2438 1468 2495 obedientia
1508 2441 1720 2495 vivunt.
1779 2439 2007 2496 Divinus
2043 2438 2261 2509 quidem
2331 2435 2628 2505 Apostolus
2670 2437 2749 2492 ait
2806 2456 2820 2492 :

2877 2436 3011 2505 Quis
3055 2438 3296 2508 cognovit
3345 2453 3561 2492 sensum
3585 2439 3693 2493 Do-

422 2526 637 2583 mini’?
669 2528 783 2600 Ego
811 2544 942 2586 vero
971 2530 1096 2587 dico
1135 2550 1150 2587 :
1186 2531 1323 2599 Quis
1352 2535 1634 2602 cognoscit
1664 2547 1899 2590 mentem
1932 2531 2172 2588 hominis
2199 2529 2293 2602 qui
2329 2543 2559 2598 corpore
2612 2536 2667 2584 et
2721 2531 2908 2584 animo
2940 2530 2993 2584 in
3030 2530 3327 2585 solitudine
3349 2529 3525 2585 vivit?

495 2620 716 2691 Κράτος
759 2621 973 2693 βασιλεῖ
1025 2624 1256 2687 πλοῦτος
1305 2625 1399 2679 καὶ
1442 2624 1683 2697 πλῆθος·
1718 2625 1919 2699 κράτος
1946 2626 2003 2680 δὲ

421 2714 705 2785 ἠσυχαστῇ
730 2716 1042 2785 προσευχῆς
1070 2715 1295 2785 πλῆθος.

1089 2826 1342 2880 ΣΧΟΛῙΑ
1355 2868 1370 2883 .

634 2937 738 3003 Εἰς
783 2938 971 3009 λόγον
1011 2939 1143 3006 περὶ
1181 2938 1469 3009 διαφορᾶς
1504 2939 1788 3010 ἡσυχίας.

1019 3030 1281 3099 Σχόλιον
1330 3037 1400 3086 α’.

491 3113 660 3189 Οἶμαι
685 3119 770 3174 ὅτι
801 3118 891 3175 διὰ
915 3120 1015 3193 τὴν
1064 3122 1396 3193 προπέτειαν
1423 3122 1573 3193 λέγει
1602 3123 1699 3193 τῆς
1728 3122 2000 3195 γλώσσης,

417 3207 515 3261 καὶ
559 3207 764 3280 ταύτην
796 3209 954 3265 καλεῖ
998 3211 1286 3268 ἀσθένειαν
1320 3212 1588 3285 στόματος
1615 3229 1630 3244 ο
1670 3213 1918 3285 σώματος
1945 3214 2004 3267 δὲ

416 3295 689 3368 πρόληψιν
712 3299 813 3370 τὴν
858 3301 1080 3372 ἀργίαν,
1102 3302 1177 3369 ὡς
1210 3304 1490 3369 ἐθίσαντες
1533 3306 1745 3377 ἀργεῖν,
1772 3308 1868 3360 καὶ
1894 3324 2002 3361 σω-

417 3393 666 3465 ματικῶς
699 3391 1097 3448 ἀναπαύεσθαι.

1010 3571 1271 3640 Σχόλιον
1330 3572 1396 3643 β’.

496 3659 827 3734 Ἶδιορυθμία
856 3662 974 3717 ἐστὶ
993 3663 1056 3717 τδ
1083 3662 1228 3735 ἔχειν
1250 3662 1375 3718 τινὰ
1397 3663 1536 3718 ἰδίαν
1574 3666 1748 3734 τάξιν,
1782 3665 1876 3719 καὶ
1904 3664 2002 3717 ὲκ·

413 3753 657 3827 πληροῦν
674 3736 744 3807 ’τὸ
767 3753 896 3809 ῐδιον
930 3753 1165 3827 θέλημα.

583 3911 587 3914 _
1019 3849 1277 3918 Σχόλιον
1322 3856 1394 3919 γ’.

496 3937 558 3990 El
576 3936 805 4009 ἀπέστη,
836 3938 1025 4010 φησὶν,
1050 3939 1160 3992 ἀπὸ
1188 3939 1282 3992 σοῦ
1310 3941 1344 4010 ἠ
1369 3940 1567 4015 ἀκηδία
1593 3957 1605 3971 ·
1641 3942 1769 4014 περὶ
1795 3937 1994 4011 ταύτης

425 4026 540 4098 γὰρ
570 4027 662 4079 καὶ
704 4029 808 4099 πρὸ
838 4026 1035 4100 μικροῦ
1071 4028 1198 4098 ἔφη,
1233 4029 1315 4083 ὄτι
1350 4031 1400 4083 oi
1437 4030 1578 4101 μετὰ
1605 4029 1762 4099 λόγον
1792 4028 1996 4100 ἡσυχάςι

433 4135 650 4182 σαντες,
691 4118 764 4190 μὴ
796 4120 1060 4192 πρότερον
1094 4120 1401 4191 ἡσύχασαν,
1432 4122 1564 4192 πρὶν
1602 4122 1751 4192 πάσῃ
1794 4119 1995 4192 ἀκηδίᾳ

414 4212 722 4264 ἀπόστασιν
751 4208 1046 4266 δεδώκασιν
1071 4226 1084 4243 ·
1124 4213 1173 4265 εἰ
1191 4208 1285 4267 οὖν
1310 4213 1520 4283 ἀπέστη
1545 4211 1704 4283 αὕτη,
1734 4211 1994 4284 περισσὸν

413 4302 479 4355 τὸ
505 4300 855 4373 ἐργάζεσθαι.

1009 4394 1271 4466 Σχό.1ιον
1331 4395 1394 4449 δ’.

485 4485 547 4539 Oi
579 4485 677 4556 μὲν
703 4484 1035 4541 κοινοϐιακοί
1057 4504 1073 4520 ο
1096 4487 1147 4541 οι
1173 4487 1231 4540 δὲ
1253 4486 1635 4558 ἡσυχαστικαί.

1009 4580 1269 4648 Σχόλιον
1331 4585 1393 4633 ε’.

483 4666 737 4739 Δηλονότι
773 4668 917 4739 μέγα
968 4671 1031 4724 τὸ
1058 4671 1158 4741 τῆς
1194 4669 1424 4742 ἡσυχίας
1451 4670 1634 4742 ἔργον,
1692 4672 1787 4726 καὶ
1818 4671 1992 4725 πλείο-

410 4779 501 4826 νος
560 4762 843 4833 προκοπῆς
887 4762 1081 4826 αἴτιον,
1132 4763 1166 4835 ἢ
1202 4761 1272 4815 τὰ
1319 4760 1561 4815 κοινόὸια
1592 4778 1606 4793 ·
1648 4763 1707 4816 οὐ
1747 4761 1994 4833 βούλεται

409 4854 648 4910 δὲτοῦτο
679 4855 856 4909 εἰπεῖν
888 4854 976 4909 διὰ
1003 4857 1129 4919 τοὺς
1163 4853 1603 4927 ἀσθενεστέρους.

1018 5063 1279 5130 Σχόλιον
1294 5066 1371 5128 ς’.

481 5151 594 5215 Τὰς
614 5152 878 5225 ἐργασίας
912 5152 1020 5206 τῶν
1043 5151 1165 5206 καθ’
1196 5151 1428 5227 ἡσυχίαν
1460 5149 1630 5204 ὄντων
1662 5152 1988 5223 ἀπαριθμεῖν

409 5260 521 5308 ται,
550 5243 648 5296 καὶ
671 5243 779 5297 ἀπὸ
803 5242 913 5296 τῶν
944 5242 1244 5297 ἐλαττόνων
1290 5243 1385 5296 ἐπὶ
1425 5241 1495 5296 τὰ
1555 5241 1774 5312 μείζονα
1802 5244 1991 5313 πρόει-

412 5351 526 5395 σινο
562 5335 614 5388 oi
651 5335 748 5407 μὲν
773 5335 904 5411 γὰρ,
951 5334 1110 5405 φησὶ,
1148 5335 1236 5389 διὰ
1276 5333 1335 5387 τὸ
1390 5333 1459 5387 τὰ
1488 5333 1637 5402 πάθη
1689 5333 1990 5389 ἐλαττῶσαι

411 5425 616 5498 ταύτην
642 5427 986 5496 ἐργάζονται,
1024 5428 1119 5482 καὶ
1151 5426 1305 5493 ῐσως,
1327 5425 1421 5482 καὶ
1451 5425 1517 5478 δι’
1546 5425 1862 5497 ὲργοχείρου
1895 5443 1988 5485 κο-

412 5516 637 5583 πιῶσιν,
684 5518 821 5588 ὅπερ
854 5518 972 5573 ἐστὶ
1006 5519 1114 5572 τῶν
1162 5515 1478 5590 ἀρχομένιιιν
1500 5529 1515 5545 ο
1547 5517 1596 5570 οἱ
1617 5516 1675 5570 δὲ
1706 5520 1774 5590 τῇ
1802 5516 1987 5589 ψαλμεν

411 5606 549 5678 ῳδίᾳ
582 5606 1020 5678 ὲνασχολοῦνται,
1047 5607 1188 5678 ὅπερ
1231 5606 1346 5660 ἐστὶ
1388 5605 1499 5657 τῶν
1522 5604 1944 5675 προκοπτόντων
1969 5622 1984 5638 ⁸

2180 2620 2431 2676 Potentia
2461 2620 2606 2691 regis
2646 2620 2701 2675 in
2738 2622 2935 2690 opibus
2965 2629 3018 2677 et
3048 2621 3394 2675 multitudine
3431 2622 3535 2677 sita
3568 2630 3690 2683 est;

2107 2713 2350 2785 potentia
2364 2726 2493 2768 vero
2519 2711 2748 2768 solitarii
2780 2711 2833 2765 in
2863 2726 3083 2782 precum
3106 2712 3264 2783 copia
3284 2720 3337 2767 et
3367 2712 3692 2784 frequentia.

2761 2819 3084 2878 SCHOLIA.

2110 2937 2188 2991 Ad
2210 2936 2438 3008 gradum
2463 2935 2528 2993 da
2542 2936 2841 3007 ili/ferentia
2861 2948 2911 2994 et
2928 2939 3247 2997 discretione
3264 2941 3385 2996 vita:
3410 2941 3689 2996 solitaria'.

2735 3028 2987 3083 Scholion
3023 3029 3048 3084 1

2177 3117 2445 3174 Existimo
2496 3120 2854 3189 petulantiam
2899 3135 2997 3176 seu
3048 3121 3437 3193 procacitatem
3492 3122 3692 3196 lingua:

2105 3210 2536 3285 intelligendam,
2579 3220 2635 3267 et
2679 3213 2821 3267 hanc
2850 3229 2881 3268 a
2906 3212 3548 3271 Climacoinlirmitatem
3593 3232 3689 3275 seu

2106 3304 2358 3359 morbum
2397 3304 2511 3360 oris
2534 3304 2740 3361 vocari.
2800 3302 2906 3363 Per
2936 3306 3183 3375 corporis
3212 3321 3344 3362 vero
3372 3322 3597 3377 pravam
3638 3318 3695 3362 et

2106 3400 2432 3462 praeceptam
2480 3391 2971 3457 consuetudinem,
3027 3394 3283 3464 intelligit
3335 3396 3545 3463 otium,
3597 3398 3691 3453 cui

2105 3498 2327 3555 corpus,
2353 3483 2496 3553 quod
2519 3493 2668 3538 amat
2694 3483 3033 3552 corporalem
3060 3485 3325 3555 quietem,
3352 3486 3617 3544 assuevit.

2730 3574 2984 3631 Scholion
3014 3576 3070 3632 2.

2175 3666 2408 3738 Pr0pria
2436 3666 2652 3722 vivendi
2687 3667 2827 3727 ratio
2858 3678 2942 3727 est
2975 3668 3133 3739 sequi
3167 3684 3325 3733 suam
3351 3670 3567 3728 vivendi
3599 3687 3691 3726 ra-

1907 3782 1913 3791 ι
2022 3758 2064 3815 C
2100 3760 2330 3825 tionem,
2367 3767 2421 3812 et
2455 3774 2610 3814 suam
2646 3760 2866 3830 explere
2903 3760 3263 3821 voluntatem.

2718 3849 2970 3906 Scholion
3009 3854 3062 3907 5.

2169 3940 2457 4015 Proﬂigata
2494 3941 2592 4005 abs
2623 3949 2675 3997 te
2697 3942 2881 3997 accdia
2905 3959 3000 3999 seu
3032 3944 3249 4015 pigritia
3283 3944 3373 4013 (de
3410 3945 3512 4001 bac
3540 3946 3687 4001 enim

2096 4034 2259 4104 paulo
2292 4041 2419 4088 ante
2445 4033 2583 4088 dixit
2634 4033 2785 4103 quod
2825 4034 2918 4105 qui
2956 4051 3081 4090 cum
3130 4036 3341 4091 ratione
3384 4037 3684 4093 solitariam

2094 4124 2258 4198 423
2273 4125 2436 4179 vitam
2454 4132 2752 4191 sectantur,
2771 4142 2879 4181 non
2908 4127 3060 4196 prius
3081 4126 3148 4182 ad
3170 4142 3289 4182 eam
3314 4127 3683 4199 pervenerint,

2095 4232 2259 4286 quam
2282 4217 2431 4271 omni
2462 4216 2672 4272 inertiae
2700 4212 2953 4272 nuntium
2976 4219 3373 4292 remitterent),
3407 4220 3509 4277 ltac
3531 4236 3681 4293 ergo,

2096 4307 2297 4379 inquit,
2337 4307 2644 4381 proﬂigata,
2683 4309 2817 4363 nihil
2853 4319 2938 4365 est
2969 4311 3115 4383 quod
3156 4311 3392 4369 labores.

2719 4399 2971 4457 Scholion
3005 4402 3060 4458 4.

2166 4490 2231 4547 Hi
2266 4492 2488 4565 quidem
2524 4494 2838 4557 cenabitis,
2878 4494 2965 4548 isti
3002 4510 3131 4551 vero
3169 4495 3418 4553 solitarii.

2721 4587 2975 4645 Scholion
3009 4589 3064 4648 5.

2164 4677 2318 4734 llaud
2370 4679 2533 4737 dubie
2577 4680 2771 4754 ingens
2818 4697 2958 4753 opus
2998 4691 3083 4745 est
3134 4682 3381 4739 solitaria
3427 4682 3580 4751 vita,
3626 4691 3682 4738 et

2097 4773 2267 4826 multo
2292 4773 2517 4843 majoris
2544 4773 2824 4843 profectus
2851 4790 3017 4831 causa
3050 4785 3105 4831 et
3126 4775 3345 4833 occasio
3374 4792 3540 4846 quam
3569 4775 3680 4833 vita

2096 4865 2441 4920 coenobitica.
2497 4866 2615 4920 Non
2655 4867 3031 4936 pronuntiavit
3055 4878 3237 4925 autem
3273 4869 3376 4924 hoc
3404 4868 3682 4927 Clitnacus

2097 4967 2317 5026 prepter
2356 4956 2802 5031 imperfectiores.

2725 5050 2975 5107 Scholion
3007 5054 3061 5108 6.

2166 5141 2354 5199 Studia
2382 5144 2752 5205 solitariorttm
2791 5155 3111 5215 enumerat,
3140 5157 3194 5203 et
3223 5163 3255 5204 a
3281 5147 3585 5207 minoribus
3608 5148 3679 5207 ad

2093 5237 2301 5309 majora
2351 5240 2718 5309 progreditur.
2758 5241 2862 5295 Alii
2895 5242 3039 5303 enim
3061 5283 3078 5308 ,
3112 5242 3321 5311 inquit,
3357 5240 3498 5297 hanc
3521 5256 3680 5297 exer-

2090 5339 2249 5395 cent,
2302 5340 2363 5393 ut
2415 5347 2611 5405 pravas
2646 5332 2813 5391 animi
2861 5333 3188 5405 cupiditates
3241 5343 3571 5405 temperent,
3622 5344 3678 5390 et
3720 5326 3733 5331 ’

2091 5421 2329 5487 fortasse
2364 5435 2423 5485 ut
2452 5426 2699 5498 carperis
2747 5428 2933 5484 labore
2976 5426 3207 5499 fatigent
3243 5444 3309 5485 ac
3350 5429 3675 5487 debilitent:

2094 5516 2145 5579 id
2173 5517 2319 5588 quod
2348 5526 2435 5573 est
2491 5518 2887 5595 incipientium.
2952 5521 3059 5579 Alii
3108 5521 3443 5592 psalmorum
3488 5523 3673 5577 cantni

2097 5612 2310 5671 vacant,
2349 5607 2492 5675 qttod
2522 5617 2607 5662 est
2641 5606 3065 5676 proﬁcientium.
3118 5607 3222 5659 Alii
3260 5609 3511 5676 precibus
3542 5608 3674 5664 dant

412 5699 464 5751 oi
494 5698 551 5757 δὲ
582 5701 649 5781 τῇ
693 5702 967 5772 προσευχῇ
1013 5696 1505 5771 προσκαρτεροῦσι,
1535 5696 1671 5762 ὅπερ
1717 5696 1834 5752 ἐστὶ
1867 5697 1974 5754 τῶν

2115 5711 2331 5767 merant,
2365 5697 2420 5755 in
2453 5698 2625 5771 iisque
2667 5707 3015 5769 perseverant
3048 5706 3103 5753 et
3135 5699 3336 5757 durant
3363 5718 3376 5756 :
3416 5700 3562 5773 quod
3588 5713 3673 5758 est

489 5873 509 5905 ’
542 5872 701 5928 Rom.
747 5892 817 5939 XI,
879 5878 972 5932 5-1.
