4030 6482
393 384 531 450 1119
1169 410 1174 415 ·
1631 387 1691 445 S.
1755 387 2078 447 JUANNIS
2115 386 2418 448 CLIMACI
3529 381 3674 446 1120

389 509 580 553 eorum
619 495 712 564 qul
766 493 879 564 jam
927 491 1296 563 profecerunt.
1357 493 1463 550 Alii
1521 492 1586 546 ad
1634 493 2008 564 contempla-1

2131 495 2179 566 5η
2221 493 2649 566 προκοψάντων·
2699 496 2748 550 οι
2777 494 2835 548 δι
2879 495 2947 564 τῇ
2988 492 3196 565 Θεωρία
3244 490 3673 557 ὶνατενίζουσιν,

393 585 594 640 tionem
649 582 1010 647 incumbunt,
1071 583 1216 652 quod
1273 593 1356 638 est
1412 583 1525 652 jam
1592 583 1980 653 periculorum.

2131 603 2222 657 περ
2256 586 2404 641 ἐστὶν
2431 587 2534 659 ἤδη
2571 586 2681 640 τῶν
2707 585 2949 640 τελείων.
2995 585 3128 638 Ἀπὸ
3151 581 3247 638 οὖν
3278 582 3389 637 τῶν
3413 599 3679 637 ταπεινο-

393 679 533 752 Ergo
562 680 630 735 ab
665 680 1054 735 humilioribus
1080 681 1372 750 coaptando
1401 680 1466 734 ad
1509 681 1700 735 altiora
1749 680 1985 735 recurrit

2131 679 2260 750 ἑρων
2295 680 2601 751 ἀρξάμενος
2652 680 2744 733 ἐπὶ
2769 679 2836 734 τά
2870 676 3176 748 ὑψηλότερα
3210 677 3314 748 ήδη
3343 675 3678 747 ἀνέδραμεν,

393 773 664 830 sermonis
711 773 922 828 ratione
961 774 1110 827 velut
1151 775 1299 828 scala
1345 789 1496 828 usus.
1553 771 1686 827 Nant
1730 774 1874 828 scala
1916 773 1985 827 ab

2137 786 2275 839 σπερ
2308 771 2539 838 κλίμακι
2579 771 2685 824 τινὶ
2737 768 2814 839 τῷ
2872 769 3020 840 λόγῳ
3063 769 3444 838 χρησάμενοςσ
3486 767 3520 835 ή
3566 767 3684 838 γάρ

397 866 598 920 intimis
662 866 920 935 gradibus
979 877 1034 920 et
1093 865 1262 920 radiis
1313 865 1378 920 ad
1444 865 1639 920 altiora
1702 866 1986 920 consuevit

2131 863 2293 932 λίμαξ
2346 863 2454 916 ἀπὸ
2499 863 2610 916 τῶν
2645 861 3052 934 ταπεινοτέε-υέ
3102 861 3195 914 ἐπὶ
3233 860 3302 914 τὰ
3363 859 3683 931 ὑψηλότερα

396 959 715 1015 ascendere.

2131 954 2442 1020 ναὸιῦάξειν
2477 955 2712 1023 πέφυκε.

2549 1047 2814 1115 Σχόλιον
2886 1047 3093 1100 Ἰσαὰκ
3146 1044 3213 1108 ζ’.

2159 1136 2234 1190 Τὸ
2271 1136 2559 1192 λυπεῖσθαι
2581 1141 2722 1191 κατὰ
2739 1138 3003 1203 διάνοιαν,
3035 1134 3368 1208 ύπερὸάλλει
3393 1135 3494 1188 τὸν
3511 1135 3693 1188 κόπον

2090 1226 2183 1280 τοῦ
2230 1225 2500 1297 σώματος.

1013 1049 1264 1104 Scholion
1308 1050 1360 1102 7.

464 1146 664 1200 Animo
707 1147 995 1216 concipere
1039 1148 1286 1200 dolorem
1328 1156 1382 1200 et
1435 1148 1710 1202 tristitiam
1765 1158 1988 1217 superat

399 1256 615 1296 omnem
657 1240 906 1309 corporis
951 1241 1188 1294 laborem
1231 1248 1284 1294 et
1322 1238 1720 1311 fatigationem.

1024 1330 1274 1386 Scholion
1311 1332 1366 1388 8.

469 1423 584 1478 Non
621 1441 783 1480 s-cus
815 1441 877 1480 ac
911 1440 1130 1479 setvutn
1161 1428 1467 1480 venientem
1499 1423 1720 1496 quando
1746 1425 1861 1480 vult
1893 1427 1991 1481 do-

403 1536 606 1574 mllllIS.

2676 1321 2942 1390 Σχόλιον
3001 1319 3070 1390 η’.

2163 1411 2343 1464 Οἱονεὶ
2393 1409 2600 1476 δοῦλον,
2670 1415 2760 1467 ὅτε
2807 1412 2953 1466 ϐέλει
3006 1415 3035 1466 6
3087 1411 3468 1484 κεκτημένος,
3524 1409 3692 1481 ἐρχό-

2097 1519 2278 1570 μενον.

1024 1629 1276 1686 Scholion
1311 1632 1363 1686 9.

474 1722 732 1793 Corporis
762 1723 1185 1795 [membrorum]
1215 1724 1594 1780 remissionem
1626 1725 1874 1794 sequitur
1903 1739 1987 1778 co-

403 1815 727 1886 gitationum
765 1817 1016 1886 evagatio
1047 1826 1100 1870 et
1138 1817 1481 1886 inquinatio;
1524 1817 1876 1872 immodicum
1919 1818 1992 1871 la-
2029 1842 2069 1895 Β

409 1910 594 1963 borem
649 1909 905 1976 pigritia;
975 1907 1245 1978 pigritiam
1302 1910 1391 1963 illa
1433 1909 1699 1979 evagandi
1751 1909 1994 1973 libertus,

407 2021 636 2074 quarum
671 2006 838 2060 altera
871 2005 1051 2060 ὤσει-ι
1101 2005 1169 2059 ab
1200 2005 1392 2058 altera.
1440 2002 1680 2058 Primam
1718 2005 1861 2058 enim
1916 2019 2001 2058 se-

407 2097 595 2168 quitur
640 2113 820 2169 pttgna
871 2097 1141 2164 luxuriae;
1199 2097 1426 2152 alteram
1476 2096 1582 2151 loci
1633 2094 1866 2151 solitarii
1915 2110 2002 2150 re-

411 2191 579 2256 lictio,
635 2201 688 2246 et
727 2207 757 2246 e
799 2192 918 2246 loco
966 2191 1018 2245 itt
1079 2191 1261 2245 locum
1319 2189 1574 2260 migratio
1633 2189 1998 2259 (moderatum

409 2291 594 2334 autem
625 2291 679 2336 et
709 2289 1050 2336 constantem
1082 2281 1326 2336 laborem
1367 2296 1477 2335 non
1509 2281 1760 2351 sequitur
1793 2279 1998 2350 poena).

409 2371 615 2426 Horum
653 2382 835 2427 autem
873 2373 1126 2427 laborum
1161 2372 1415 2428 remissio
1451 2384 1614 2441 auget
1643 2371 2001 2440 voluptatem,

406 2480 663 2519 excessus
706 2480 834 2519 vero
881 2466 1221 2521 discursum.
1277 2465 1621 2535 Quapropter
1664 2463 1879 2520 diﬂieile
1921 2473 2006 2518 est

408 2557 647 2627 assequi,
677 2573 797 2627 quae
827 2567 1134 2628 sequuntur
1159 2574 1222 2612 ea
1255 2574 1378 2628 quae
1400 2559 1766 2623 enumeravit,
1801 2557 2004 2628 quibus

407 2649 501 2718 qui
532 2658 683 2704 caret
712 2651 832 2706 sine
862 2652 1073 2708 ratione
1100 2653 1266 2708 vitam
1297 2653 1542 2723 quietam
1574 2669 1667 2709 seu
1701 2653 2001 2709 solitariam

409 2750 668 2797 SCCIQIUI‘.
707 2785 719 2797 .
758 2783 774 2798 .
813 2787 824 2800 .
863 2783 876 2797 .

1021 2838 1275 2894 Scholion
1314 2838 1400 2894 10.

483 2925 588 2983 Ubi
625 2927 880 2985 vitiorum
925 2932 1116 3002 copia,
1160 2931 1230 2986 ibi
1271 2931 1532 2987 virtutum
1573 2931 1778 3004 inopia.

1025 3107 1277 3164 Scholion
1320 3111 1340 3162 1
1361 3109 1406 3162 Ι.

487 3196 571 3261 Ει,
608 3199 753 3268 quod
789 3200 912 3254 inde
943 3201 1211 3270 sequitur,
1237 3201 1506 3270 intelligit.
1533 3203 1751 3271 opinor,
1788 3201 2004 3270 lapsum

2192 3231 2267 3285 Τὸ
2297 3233 2424 3305 ἑξῆς
2450 3227 2625 3302 οἶμαι,

413 3291 613 3356 carnis,
649 3300 743 3347 aut
769 3295 966 3348 mentis
991 3293 1157 3366 424
1181 3303 1456 3364 stuporem
1484 3313 1498 3349 :
1527 3295 1642 3350 haec
1665 3294 1806 3348 enim
1832 3310 1900 3350 ex
1924 3295 2011 3348 itt-

417 3385 542 3439 ﬂato
567 3396 619 3440 et
649 3387 791 3441 elato
821 3389 1027 3451 animo,
1057 3390 1524 3458 quemadmodum
1556 3399 1610 3445 et
1646 3389 2007 3459 blasphemia,

417 3479 595 3534 solent
632 3481 914 3536 exsistere.

1020 3575 1273 3630 Scholion
1310 3577 1396 3631 12.

489 3665 591 3732 Qui
636 3665 719 3720 his
752 3673 920 3730 caret,
958 3667 1222 3723 obediens
1259 3684 1354 3723 seu
1388 3665 1670 3737 subjectus
1709 3683 1816 3722 non
1858 3678 1962 3723 est.

1023 3759 1274 3815 Scholion
1317 3760 1402 3815 15.

2703 1597 2968 1666 Σχόλιον
3013 1596 3080 1652 θ’.

2166 1689 2401 1742 "Enecat
2435 1692 2501 1760 τῇ
2556 1689 2738 1742 ἀνέσει
2771 1689 2889 1743 τῶν
2954 1689 3132 1761 μελῶν
3188 1691 3224 1760 ὴ
3265 1689 3378 1744 τῶν
3407 1689 3693 1760 λογισμῶν

2100 1780 2336 1846 ἔκτεισις,
2371 1783 2465 1834 καὶ
2494 1781 2714 1852 φύρσις,
2743 1783 2836 1836 καὶ
2862 1785 2930 1854 τῇ
2955 1782 3182 1855 ἀμέτρῳ
3203 1782 3438 1853 ἐργασίᾳ
3462 1780 3691 1852 άκηδία,

2098 1876 2192 1927 καὶ
2221 1877 2286 1945 τῇ
2329 1873 2528 1946 ἀκηδίᾳ
2553 1875 2775 1940 ἔκτασις
2798 1891 2811 1904 ·
2866 1875 3116 1947 διαφέρει
3143 1875 3201 1928 δὲ
3253 1874 3476 1936 ἔκτασις
3525 1873 3694 1927 ἑκτά-

2102 1983 2243 2030 σεως
2266 1984 2280 1997 ·
2313 1968 2379 2036 τῇ
2415 1967 2512 2038 μὲν
2535 1967 2645 2040 γὰρ
2668 1967 2861 2039 πρώτῃ
2891 1966 3113 2020 ἐκτάσει
3147 1965 3340 2020 ἕπεται
3383 1967 3413 2018 6
3452 1967 3696 2036 πόλεμος

2100 2062 2199 2130 τῆς
2227 2059 2484 2132 πορνείας
2507 2077 2521 2090 '
2552 2063 2620 2131 τῇ
2644 2061 2700 2114 δὲ
2723 2059 2956 2132 δευτέρα
2995 2059 3092 2113 τοῦ
3127 2059 3259 2114 ίδίου
3281 2057 3691 2130 ὴσυχαστηρίου

2101 2151 2442 2223 κατάλειψις,
2493 2153 2587 2206 καὶ
2648 2152 2756 2206 ἀπὸ
2789 2153 2956 2206 τόπου
2990 2155 3071 2216 εἰς
3098 2151 3264 2206 τόπον
3306 2149 3660 2221 μετακίνησις
3673 2163 3695 2177 "

2099 2247 2166 2316 τῇ
2192 2245 2248 2297 δὲ
2281 2244 2543 2317 ἐμμέτρῳ
2575 2246 2670 2298 καὶ
2706 2246 2951 2317 ὲπιμόνῳ
2993 2244 3224 2318 ἐργασίᾳ
3253 2243 3386 2316 τιμὴ
3416 2243 3515 2296 οὔκ
3542 2242 3693 2294 ἔστι·

2101 2339 2310 2391 τούτων
2349 2339 2403 2392 δὲ
2456 2340 2489 2410 ὴ
2533 2338 2760 2410 μείωσις
2806 2339 2905 2409 μὲν
2945 2337 3205 2409 πληθύνει
3260 2338 3360 2408 τὴν
3406 2336 3621 2406 ἡδονὴν,
3655 2335 3695 2403 ἠ

2102 2430 2342 2500 ἀμετρία
2373 2429 2430 2483 δὲ
2467 2429 2567 2500 τὴν
2598 2431 2822 2485 ἔκτασιν
2853 2446 2866 2460 ο
2902 2430 2993 2483 καὶ
3017 2429 3107 2482 διὰ
3149 2429 3308 2482 τοῦτο
3348 2425 3606 2480 δύσκολον
3631 2424 3698 2478 τδ

2107 2519 2245 2590 μετὰ
2273 2521 2349 2589 (al
2389 2519 2560 2574 ταῦτα
2590 2523 2717 2574 ποῖα
2765 2521 2908 2591 άπερ
2938 2520 3361 2593 ἀπηριθμήσατο
3382 2535 3394 2547 ·
3431 2519 3572 2589 ἅπερ
3618 2518 3696 2587 μὴ

2106 2608 2247 2679 ἔχων
2277 2608 2340 2661 ού
2373 2609 2580 2679 κυρίως
2616 2609 2759 2682 λόγῳ
2787 2609 2992 2681 ταύτην
3048 2609 3347 2681 μετελθεῖν.
3391 2647 3405 2660 .
3447 2647 3461 2662 .
3505 2647 3520 2660 .
3557 2645 3575 2661 .
3618 2643 3633 2659 .
3673 2641 3698 2660 .

2715 2858 2976 2927 Σχόλιον
3045 2862 3095 2912 ι’.

2190 2947 2257 3000 Ἦ
2283 2948 2342 3001 ὲν
2383 2949 2462 3022 τῷ
2515 2951 2732 3022 πλούτῳ
2783 2949 2882 3022 τῆς
2911 2947 3130 3012 κακίας,
3183 2946 3290 3001 τῶν
3337 2949 3548 3020 ἀρετῶν
3607 2964 3705 3001 περ

2109 3046 2221 3101 νία.

2702 3141 2749 3192 Σ
2751 3139 2964 3207 χόλων
3011 3145 3100 3192 ια’.

2662 3230 2694 3302 ἢ
2719 3231 2920 3301 πτῶμα
2954 3229 3286 3302 σωματικὸν,
3312 3228 3346 3298 ἢ
3377 3226 3498 3290 νοὸς
3544 3226 3710 3282 ἔκτα-

2120 3342 2224 3380 σιν·
2259 3325 2506 3396 γέννημα
2534 3325 2642 3396 γάρ
2673 3325 2842 3394 τύφου
2861 3323 3146 3391 ταῦτα,ὼς
3183 3322 3276 3379 καὶ
3304 3323 3338 3392 ἡ
3367 3319 3705 3398 βλασφημία.

2705 3593 2960 3660 Σχόλιον
3028 3590 3126 3661 ιβέ..

2189 3685 2312 3755 ’ξΟτι
2343 3683 2418 3756 μὴ
2440 3683 2577 3756 ἔχων
2600 3684 2794 3750 ταῦτα,
2831 3684 2931 3737 οὐκ
2972 3682 3118 3737 ἔστιν
3147 3682 3531 3745 ὖποτακτικός.

2715 3775 2977 3844 Σχόλιον
3018 3781 3108 3842 ιγ’.

487 3852 625 3918 Quia
657 3853 896 3907 deterior
923 3861 1009 3909 est
1053 3853 1312 3910 omnibus
1359 3854 1530 3908 nimia
1576 3852 1802 3909 libertas
1831 3863 1885 3909 ct
1916 3853 2015 3910 de-

423 3943 595 4001 lectus
635 3947 1095 4016 comptntctionis,
1135 3963 1299 4016 quam
1337 3948 1583 4018 sequitur
1614 3948 1941 4003 scurrilitas.

1028 4038 1275 4094 Scholion
1311 4040 1400 4096 14.

2188 3868 2312 3922 Ὀτι
2336 3869 2520 3938 χεῖρον
2551 3866 2770 3921 πάντων
2812 3872 2844 3938 ἡ
2906 3865 3195 3940 παρρησία
3248 3866 3356 3922 καὶ,
3390 3866 3451 3919 τὸ
3505 3864 3712 3919 ἀκατά-

2121 3977 2334 4024 νυκτον,
2377 3961 2404 4013 ὅ
2439 3960 2586 4014 ἐστιν
2625 3959 2976 4030 εὐτραπελία.

2725 4052 2990 4118 Σχόλιον
3019 4051 3111 4106 ιδ’.

491 4128 628 4186 Octo
688 4141 817 4186 sunt
877 4133 1142 4202 capitales
1209 4133 1466 4189 vitiorum
1524 4131 1918 4206 cogitationes,
1983 4149 2008 4190 ε

2203 4143 2378 4196 Ὀκτὼ
2397 4143 2445 4195 οί
2485 4143 2694 4211 γενικοὶ
2740 4147 2837 4214 τῇς
2876 4144 3077 4209 κακίας
3114 4144 3405 4216 λογισμοίο
3453 4143 3548 4198 καὶ
3594 4145 3708 4208 τοῖς

421 4225 621 4295 quihtts
670 4227 946 4284 solitarios
994 4219 1568 4301 oppugnant,vitium
1612 4230 1833 4295 acedizr,
1865 4245 2008 4286 vana:

2131 4232 2223 4304 μὲν
2284 4234 2622 4303 ἡσυχάζουσι
2671 4221 3001 4304 πολεμοῦσιν
3024 4249 3038 4264 ⁸
3069 4235 3098 4288 6
3132 4235 3385 4306 ἀκηδίας,
3432 4237 3461 4288 6
3496 4235 3708 4290 κενοδο-

424 4317 629 4386 ςιοτίαξ,
660 4320 950 4390 superbiae,
976 4323 1237 4385 tristitiae,
1267 4324 1400 4392 iraa;
1443 4339 1539 4380 eos
1565 4333 1746 4378 autem
1786 4325 1879 4396 qtti
1915 4324 2008 4380 sub

2131 4320 2261 4388 Ξίας.
2293 4323 2321 4374 6
2343 4322 2749 4393 ὑπερηφανίας.
2772 4324 2801 4375 6
2828 4321 3027 4394 λύπης,
3058 4326 3087 4378 6
3132 4325 3303 4397 ὀργῆς
3324 4343 3338 4358 ·
3393 4327 3504 4388 τοῖς
3546 4324 3602 4378 δὲ
3651 4325 3709 4376 ἐν

423 4410 732 4466 obedientia
768 4413 980 4478 vivunt,
1024 4415 1170 4484 gula,
1212 4415 1452 4483 luxuria,
1488 4417 1740 4472 avaritia.

2131 4414 2392 4486 ὑποταγῇ,
2423 4416 2564 4486 ὁτῆς
2583 4417 3051 4488 γαστριμαργίας,
3074 4419 3104 4471 6
3127 4419 3224 4489 τῆς
3253 4420 3529 4489 πορνείας.
3555 4420 3583 4474 ὁ
3610 4417 3708 4488 τῆς

2124 4504 2508 4577 φιλαργυρίας.

1038 4591 1286 4648 Scholion
1322 4593 1406 4650 15.
2052 4603 2096 4658 D

497 4681 700 4736 Parens
733 4682 981 4750 quasdam
1015 4683 1270 4741 vitiorum
1303 4694 1384 4742 est
1426 4686 1643 4757 pigritia
1671 4705 1684 4742 :
1717 4703 1840 4759 quae
1870 4687 2016 4743 enim

428 4769 567 4824 bona
615 4768 708 4822 tibi
750 4772 1115 4838 comparasti,
1152 4773 1310 4830 facile
1344 4775 1549 4844 eripit;
1605 4775 1808 4845 quibus
1840 4790 2018 4845 cares,

427 4870 584 4916 cavet
621 4875 688 4914 ne
722 4863 996 4930 acquiras.

1030 4956 1283 5011 Scholion
1332 4956 1417 5013 i6.

498 5043 630 5099 Nam
682 5046 774 5116 qui
828 5061 936 5101 non
971 5058 1126 5103 extra
1169 5064 1334 5104 curas
1373 5059 1493 5115 est,
1539 5057 1819 5120 quomodo
1845 5065 2024 5128 potest

432 5139 683 5208 precibus
713 5155 930 5207 vacare,
969 5150 1065 5196 aut
1102 5157 1199 5197 cor
1234 5143 1590 5216 animumque
1623 5162 1688 5202 eo
1717 5148 2024 5206 intendere?

1005 5233 1139 5290 Elia;
1173 5236 1458 5292 Cretensis.

502 5321 637 5380 Tres
669 5326 946 5395 profectus
976 5344 1072 5385 seu
1104 5328 1326 5385 ordines
1356 5345 1450 5386 seu
1489 5331 1691 5402 gradus
1732 5334 2017 5398 praesenti-

434 5417 532 5474 bus
560 5419 678 5490 (seu
715 5421 988 5493 adductis)
1017 5423 1201 5479 verbis
1233 5422 1390 5478 docet
1430 5422 1651 5480 divinus
1691 5424 1783 5480 hic
1831 5435 1982 5494 pater
2011 5444 2024 5479 :

433 5512 678 5567 omnium
711 5515 839 5570 vitae
867 5531 1122 5572 curarum
1166 5515 1597 5582 abdicationem,
1629 5527 1682 5572 et
1711 5534 1834 5588 qua:
1859 5519 2025 5573 vitam

2725 4603 2987 4670 Σχόλιον
3035 4609 3114 4658 ιε’.

2196 4689 2399 4760 Μήτηρ
2450 4689 2637 4745 κακῶν
2673 4687 2928 4762 [κακιῶν]
2977 4708 3058 4754 τις
3112 4691 3262 4743 ἐστιν
3292 4689 3326 4758 ἡ
3360 4687 3638 4760 ρᾳθυμία-
3677 4687 3712 4740 ἃ

2129 4779 2229 4850 μὲν
2272 4779 2380 4851 γὰρ
2423 4777 2580 4850 ἔσχες
2615 4781 2848 4851 χρηστά,
2878 4782 3014 4853 συλᾷ
3057 4780 3282 4852 ῥᾳδίως·
3306 4777 3342 4832 ἀ
3362 4778 3406 4831 δ’
3439 4779 3542 4832 οὐκ
3572 4777 3716 4849 ἔχεις

2127 4871 2291 4926 ίδεισε
2331 4871 2516 4926 λαϐεῖν
2545 4873 2745 4926 κωλύει

2710 4967 2972 5035 Σχόλιον
3034 4971 3130 5031 ις’.

2201 5057 2304 5110 Τὸν
2330 5057 2438 5129 γὰρ
2471 5053 2545 5129 μὴ
2574 5059 2917 5129 κτησάμενον
2957 5059 3311 5129 ἀμεριμνίας,
3351 5059 3468 5120 πῶς
3494 5054 3716 5110 δυνατὸν

2127 5149 2525 5222 ἐπιμεληθῆναι
2547 5153 2851 5222 προσευχῇ,
2872 5149 2904 5220 ἢ
2941 5150 3242 5221 καρδιακῆς
3265 5149 3570 5222 προσοχῆς

2735 5241 2845 5295 Τοῦ
2899 5242 3116 5296 Ἑλίου.

2198 5335 2360 5406 Τρεῖς
2395 5335 2679 5403 προκοπὰς
2730 5333 2839 5386 εἴτε
2883 5334 3064 5400 τάξεις
3096 5332 3207 5386 εἴτε
3241 5331 3486 5404 βαθμοὺς
3511 5333 3570 5384 ὲν
3601 5332 3708 5392 τοῖς

2129 5424 2386 5497 παροῦσι,
2411 5425 2652 5478 διδάσκει
2682 5427 2710 5477 6
2737 5423 2880 5488 θεῖος
2932 5417 3089 5487 οὗτος
3136 5423 3340 5494 πατὴρ,
3375 5419 3707 5492 ἀμεριμνίαν

2125 5518 2182 5570 ὲν
2213 5514 2290 5587 τῷ
2316 5515 2415 5586 βίῳ
2443 5519 2534 5570 καὶ
2557 5511 2639 5580 οἷς
2672 5511 2825 5578 οὗτος
2882 5515 3336 5584 συγκαταλύεται,
3399 5509 3712 5584 προσευχὴν-

2123 5695 2240 5776 qui,
2272 5703 2326 5750 ct
2364 5695 2516 5750 locus
2559 5697 2672 5765 ipse
2696 5695 2783 5750 hic
2836 5695 2888 5750 in
2919 5695 3214 5750 scltoliaste
3249 5709 3353 5748 non
3407 5699 3492 5749 est
3532 5692 3707 5764 justus

2123 5777 2171 5821 el
2195 5777 2502 5904 ἂῗίῖῧὲῗρς,
2528 5834 2563 5887 ἀ
2590 5835 2634 5887 δ’
2659 5836 2758 5906 οὐκ
2789 5835 2934 5906 ἔχειν
2959 5837 3074 5906 ᾔδει
3097 5852 3178 5897 σε,
3235 5832 3421 5906 λαβεῖν
3473 5831 3708 5901 κωλύεις

2124 5925 2243 5979 qnce
2272 5917 2319 5963 te
2349 5906 2488 5962 norit
2523 5921 2623 5960 non
2661 5904 2867 5972 habere,
2900 5904 3134 5977 prohibet
3170 5905 3461 5976 acquirere.

439 5761 470 5771 __
507 5691 582 5760 (a)
605 5693 776 5748 Aliter
807 5693 1022 5771 μέτρον.
1049 5695 1279 5771 Difﬁcile
1303 5705 1386 5749 est
1412 5695 1650 5771 medium
1678 5696 1942 5764 attingere
1965 5696 2016 5748 itt

437 5763 504 5816 iis
523 5777 644 5837 quae
660 5763 1019 5837 enumeravit,
1043 5769 1244 5837 quibus
1270 5775 1450 5821 tamen
1467 5766 1560 5837 qui
1579 5774 1745 5830 caret,
1769 5763 1875 5820 non
1894 5781 2016 5818 eum

438 5833 974 5912 rationesolitariam
1000 5833 1166 5912 vitam
1193 5833 1500 5912 sectatum:
1515 5836 1790 5912 ﬁmterum
1859 5837 2020 5892 scito-

439 5902 622 5959 liastes
651 5905 764 5974 ipse
783 5905 981 5961 fatetur
1004 5924 1062 5963 se
1088 5908 1232 5963 hunc
1257 5908 1483 5966 (Zlimari
1515 5907 1694 5963 locum
1732 5922 1838 5962 non
1869 5922 2019 5964 asse-
