4030 6426
325 383 460 454 1121

324 503 540 566 ἄοκνον,
576 497 674 553 καὶ
726 494 907 568 τρίτον

320 592 506 662 δῆλον,
526 560 617 643 ⁷ὅτι
657 560 822 659 μέσον
862 560 1136 653 ἑκατέρων
1188 575 1295 631 τῶν
1324 574 1510 644 ἄκρων
1540 571 1582 662 ἠ.
1632 560 1911 662 προσευχῇ

322 649 525 733 κεῖται.
594 649 865 729 ’θ’τοίνυν
891 671 988 743 τὴν
1023 649 1359 740 ἀμεριμνίαν
1414 657 1779 731 κτησάμενος,
1808 649 1913 743 καὶ

320 770 395 824 τὰ
443 767 571 836 ἐξῆς
610 766 836 821 δύναται
884 741 1185 834 μετελθεῖν.
1214 755 1288 809 Τὸ
1343 752 1508 826 μέσον
1533 745 1628 803 οὖν
1649 746 1758 800 τῶν
1785 741 1912 836 δύο,

320 834 572 933 ἧτοιτην
611 855 924 928 προσευχὴν
967 851 1102 922 φησὶ
1155 845 1572 933 μετεχόμενοςη
1607 840 1668 892 ἐν
1732 834 1916 933 μέσοις

319 926 539 1023 πίέγονα
573 926 683 1013 τοῖς
710 948 917 1012 καλοῖς,
956 943 1051 997 καὶ
1085 941 1253 1013 μήπω
1286 937 1423 1008 πρὸς
1451 933 1513 988 τὸ
1548 930 1735 1001 ἕτερον
1786 926 1918 980 ἀνα-

321 1043 544 1116 σὲὁηκα
558 1027 667 1095 τῶν
696 1037 919 1111 ἀγαθῶν
951 1034 1049 1106 (b).

920 1298 1185 1367 Σχόλιον
1250 1290 1337 1356 ιζ’.

403 1390 845 1467 Προερχόμενος,
865 1388 1021 1459 φησι,
1036 1387 1136 1457 τῆς
1159 1383 1353 1455 κὲλλης
1375 1381 1613 1454 φύλαττε
1635 1378 1710 1450 μὴ
1724 1377 1924 1450 θριαμ-

325 1487 539 1561 ϐεύσῃς
572 1488 677 1547 τὰς
706 1481 930 1555 ἀρετὰς,
960 1479 1027 1545 ἃς
1060 1477 1304 1551 εἰργάσω
1332 1477 1392 1530 ὲν
1418 1473 1641 1547 ἡσυχίᾳ.
1680 1470 1788 1526 Τοῦ
1813 1469 1924 1540 γὰρ

329 1560 606 1650 στόματος
629 1575 961 1646 ἀφυλάκτως
992 1568 1369 1642 ἀνοιγομένου,
1395 1567 1488 1622 καὶ
1521 1560 1926 1638 προπετευομὲ-

329 1689 454 1738 νου,
476 1670 534 1725 αί
568 1671 627 1723 ἐν
659 1665 888 1740 κρυπτῷ
943 1662 1157 1736 ἀρεταὶ,
1191 1663 1249 1716 al
1302 1660 1397 1714 τὸν
1451 1657 1577 1712 νοῦν
1611 1655 1748 1729 πρὸς
1794 1652 1926 1706 Θεὸν

332 1756 666 1831 ἀνυψοῦσαι,
693 1754 1023 1810 ἀπόλλυνται
1060 1751 1156 1805 καὶ
1176 1748 1406 1820 ἄφαντοι
1433 1747 1675 1816 γίνονται
1703 1759 1716 1776 ’
1752 1740 1926 1813 στόμα

334 1852 451 1926 γὰρ
479 1893 496 1921 ,
524 1851 681 1925 φησὶ,
711 1849 978 1922 προπετεῖ
1002 1843 1213 1916 ἐγγίζει
1254 1839 1540 1912 συντριϐῇ.

1026 2019 1241 2073 Ἀλλο.

433 2113 500 2166 'H
532 2110 638 2178 ἔξω
692 2109 789 2179 τῆς
835 2107 1034 2176 κέλλης
1094 2105 1324 2176 συνεχὴς
1352 2101 1603 2173 διατριϐὴ
1651 2101 1792 2153 ἔστω
1822 2115 1930 2152 πα-

351 2205 630 2276 ραιτητὼ,
657 2201 811 2271 είπερ
841 2197 1135 2270 ἡσυχάζειν
1164 2196 1423 2269 ῄρετίσω.
1462 2194 1620 2247 Ἔστι
1667 2191 1775 2264 γὰρ
1812 2191 1932 2243 ἐπι-

348 2297 545 2367 ζήμιος
596 2292 773 2345 πάνυ·
858 2292 1180 2362 ἀφαιρεῖται
1244 2288 1344 2358 τὴν
1399 2285 1600 2358 ψυχὴν,
1648 2284 1834 2338 σκοτοῖ
1870 2281 1933 2334 τὸ

343 2385 626 2456 φρόνημα,
653 2380 908 2453 μαραίνει
937 2378 1031 2433 τὸν
1073 2379 1265 2434 πόθονο
1330 2376 1421 2431 διὰ
1474 2374 1634 2430 τοῦτο
1682 2374 1928 2446 εἴρηται·

354 2471 735 2544 Ῥεμϐασμός
766 2470 1092 2540 ἐπιθυμίας
1115 2466 1473 2539 μεταλλεύει
1498 2463 1652 2519 νοῦν
1681 2462 1929 2517 ἄκακον.

341 2565 649 2637 Τοιγαροῦν
669 2563 838 2617 κόπτε
864 2561 973 2616 τῶν
1017 2558 1232 2614 πολλῶν
1254 2558 1355 2623 τὰς
1389 2557 1626 2628 σχέσεις,
1658 2556 1736 2626 μή
1768 2571 1862 2608 σου
1891 2555 1935 2625 ,ὁ

343 2660 476 2722 νοῦς
498 2654 883 2730 περιστατικὸς
906 2654 1155 2726 γένηται,
1189 2651 1285 2707 καὶ
1312 2648 1525 2723 ταράξῃ
1549 2648 1640 2704 τὸν
1664 2648 1773 2722 τῆς
1800 2650 1935 2718 ήσυο

347 2751 477 2823 χίας
490 2749 717 2822 τρόπον.

839 2928 1101 2998 Σχόλιον
1144 2926 1340 2983 Ἰσαὰκ
1380 2932 1470 2996 ιη’.

425 3023 698 3095 Καθάπερ
732 3022 792 3076 οὐ
827 3020 1056 3075 δύναται
1080 3021 1109 3073 ό
1131 3019 1231 3092 τὴν
1263 3018 1508 3091 κεφαλὴν
1551 3016 1692 3089 ἔχων
1739 3016 1846 3070 ὑπὸ
1873 3015 1937 3070 τὸ

354 3116 506 3187 ὓδωρ
529 3114 862 3171 ἀναπνεῦσαι
890 3112 983 3166 τὸν
1012 3111 1173 3184 ἀέρα,
1211 3112 1305 3166 τὸν
1348 3109 1566 3176 λεπτὸν,
1604 3109 1696 3163 τὸν
1720 3109 1939 3179 ἐπιχεό-

1298 366 1531 430 SCALA
1562 355 1943 423 PARADISI.
1979 377 2051 390 -
2072 348 2384 412 GRADUS
2402 347 2577 429 ,Ην
2594 345 2677 407 ΙΙ.

952 486 1217 563 ἐργασίαν
1260 482 1488 556 καρδίας
1519 476 1716 534 ἄσυλον
1736 490 1749 505 ·
1772 471 1913 563 ὥστε

2053 465 2085 519 d
2114 474 2344 520 mortem
2375 476 2549 531 usque
2576 460 2913 516 comitantur
2937 458 3242 514 orationem
3275 457 3598 529 lmpigram;

3459 340 3605 410 ηιξ

2019 556 2202 612 cordis
2246 554 2561 609 inviolabile
2617 552 2860 608 studium
2912 566 3009 605 seu
3064 549 3481 621 operationem,
3543 556 3604 601 ut

2021 645 2313 703 manifeste
2342 655 2558 714 pateat,
2602 642 2840 697 medium
2872 642 3017 695 inter
3042 641 3153 695 duo
3183 650 3425 695 extrema
3458 638 3604 707 posi-

2021 746 2137 794 tum
2169 750 2313 797 esse,
2352 736 2677 788 orationem.
2719 731 2824 798 Qui
2859 746 2993 801 ergo
3017 731 3273 784 omnibus
3300 729 3420 781 vitae
3454 726 3606 782 curis

2022 843 2084 885 se
2122 826 2433 889 abdicavit,
2489 823 2692 894 poterit
2719 825 2884 878 etiam
2925 822 2992 875 ad
3033 835 3096 875 ea
3134 835 3257 889 qua:
3299 827 3608 888 sequuntur

2023 920 2179 975 eniti.
2213 916 2451 972 Medium
2481 930 2657 985 ergoe
2677 914 2910 981 duobus,
2943 912 3140 982 inquit,
3172 920 3458 965 assecutus
3482 923 3606 978 ego,

2025 1012 2081 1067 in
2104 1008 2302 1066 mediis
2326 1007 2548 1064 constiti
2588 1006 2856 1061 boum-um
2888 1020 2985 1060 seu
3014 1004 3276 1058 virtutum
3303 1001 3484 1065 bouis,
3512 1013 3609 1053 ex~

2027 1112 2373 1170 tremumque
2400 1098 2630 1170 gradum
2657 1098 2926 1153 bonorum
2952 1110 3050 1151 seu
3072 1095 3334 1150 virtutum
3364 1090 3607 1147 nondum

2026 1191 2351 1250 conscendi.
2730 1192 2737 1200 '

2648 1275 2898 1333 Scholion
2934 1274 3023 1329 l'l.

2104 1372 2148 1428 Ε
2176 1373 2310 1429 cella
2341 1380 2431 1427 tua
2467 1385 2726 1443 egressus
2751 1383 2884 1424 cave
2911 1380 2980 1421 ne
3009 1365 3182 1436 iactes
3216 1365 3429 1435 palam,
3472 1375 3614 1432 quas

2031 1465 2086 1522 in
2134 1466 2353 1521 silentio
2394 1473 2451 1519 et
2502 1462 2799 1518 solitudine
2847 1458 3142 1515 exercuisti
3189 1459 3437 1512 virtutes.
3506 1452 3615 1508 Ore

2030 1558 2177 1615 enim
2217 1556 2436 1612 incaute
2470 1562 2734 1619 reserato,
2766 1561 3077 1621 temereque
3112 1547 3486 1620 praecipitante
3505 1545 3615 1599 vir-

2033 1659 2176 1705 tutes
2231 1648 2287 1703 in
2328 1646 2546 1703 occulto
2593 1652 2805 1715 partae,
2858 1657 2981 1713 quae
3022 1650 3261 1696 mentem
3319 1638 3387 1694 ad
3446 1636 3614 1692 Deum

2033 1739 2427 1805 sublimabant,
2459 1745 2689 1809 percunt
2720 1743 2778 1790 et
2806 1741 3166 1790 evanescunt.
3219 1731 3296 1787 Os
3322 1730 3493 1796 enim,
3527 1727 3615 1782 in-

1957 1832 2000 1892 B
2029 1833 2185 1903 quit,
2232 1830 2423 1885 invitat
2462 1828 2530 1883 ad
2571 1839 2857 1897 procacem
2888 1822 3310 1880 collocutionem
3352 1835 3450 1877 seu
3492 1835 3619 1889 gar-

2035 1922 2211 1980 riendi
2256 1919 2737 1978 consuetudinem.

2743 2007 2927 2063 Aliud.

2104 2104 2286 2176 Longa
2316 2112 2372 2159 et
2400 2102 2657 2173 frequens
2681 2107 2834 2155 extra
2857 2100 3049 2154 cellam
3084 2110 3237 2151 mora
3271 2094 3367 2151 tibi
3404 2093 3619 2164 penitus

2037 2195 2368 2268 repudianda
2393 2203 2496 2257 est,
2520 2192 2789 2263 siquidem
2818 2189 3121 2245 solitariam
3142 2188 3307 2242 vitam
3330 2185 3617 2255 delegisti;

2038 2297 2121 2344 est
2148 2288 2294 2342 enim
2338 2283 2645 2355 perniciosa
2673 2280 2853 2347 valde,
2873 2291 2928 2335 et
2954 2281 3196 2335 animam
3218 2279 3420 2350 perdit,
3454 2280 3620 2334 menti

2041 2378 2291 2434 tenebras
2316 2374 2547 2430 offundit
2577 2374 2767 2446 [animi
2803 2389 3025 2429 sensum
3054 2371 3363 2444 obtundit],
3406 2371 3621 2427 deside-

2041 2469 2182 2523 rium
2206 2482 2386 2521 rerum
2404 2467 2711 2521 caestiqu
2728 2466 3046 2534 exstinguit.
3060 2463 3222 2536 425
3240 2462 3394 2519 Unde
3415 2463 3622 2518 dictum

2040 2568 2163 2615 est:
2215 2557 2587 2612 Inconstantia
2611 2557 3050 2626 concupiscentia:
3075 2556 3380 2609 transocrtit
3410 2569 3620 2608 sensum

2041 2652 2156 2706 sine
2214 2648 2494 2704 malitia‘.
2552 2648 2899 2719 Quapropter
2965 2647 3211 2704 rescindc
3259 2662 3452 2701 omnes
3495 2660 3625 2716 erga

2042 2743 2181 2797 alios
2208 2742 2460 2805 affectus,
2503 2756 2571 2795 nc
2615 2757 2771 2796 mens
2803 2740 3065 2795 ﬂuctuare
3094 2740 3343 2810 incipiat,
3373 2747 3429 2794 et
3473 2737 3628 2792 habi-

2044 2843 2158 2891 tum
2194 2834 2394 2904 quietis
2433 2842 2485 2887 et
2521 2833 2838 2888 solitudinis
2876 2831 3160 2902 perturbet

2528 2922 2777 2977 Scholion
2811 2921 2991 2976 Isaaci
3034 2921 3122 2975 18.

2111 3016 2581 3084 Quemadmodum
2613 3014 2706 3085 qui
2734 3024 2897 3085 caput
2924 3014 3029 3070 sub
3057 3027 3199 3084 aqua
3236 3010 3416 3077 habet,
3451 3008 3627 3064 subti-

2051 3112 2158 3167 lem
2186 3120 2240 3165 et
2285 3110 2340 3165 in
2372 3110 2480 3163 hoc
2507 3122 2681 3161 vacuo
2712 3106 2900 3161 mundi
2944 3106 3121 3175 spatio
3149 3101 3404 3158 diffusum
3445 3115 3628 3156 aerem

352 3226 524 3280 μενον
549 3210 611 3262 ἐν
629 3207 707 3279 τῷ
727 3205 914 3275 κόλπῳ
938 3203 1017 3275 τῷ
1039 3203 1182 3275 κενῷ
1203 3202 1401 3275 τούτῳ,
1428 3202 1604 3265 οὕτως
1624 3200 1684 3254 οὺ
1715 3199 1937 3255 δύναται

2050 3213 2264 3274 captare
2293 3216 2402 3257 non
2456 3208 2672 3270 potest,
2729 3199 2799 3252 ita
2839 3199 2932 3268 qui
2986 3205 3226 3251 mentem
3271 3209 3427 3250 suam
3480 3192 3632 3249 curis

348 3304 382 3357 ό
416 3302 699 3374 βαπτίζων
743 3301 845 3375 τὴν
882 3303 1121 3357 διάνοιαν
1150 3297 1318 3354 αὑτοῦ
1362 3298 1420 3349 ἐν
1468 3297 1534 3366 τῇ
1578 3293 1822 3365 μερίμνῃ
1872 3294 1942 3364 τῇ

353 3392 595 3448 ἐνταῦθα
651 3393 999 3460 εἰσδέξασθαι
1047 3393 1148 3463 τὴν
1185 3387 1463 3458 ἀναπνοὴν
1503 3384 1603 3457 τῆς
1638 3383 1947 3456 αἰσθήσεως

355 3485 578 3557 ἐκείνης
605 3484 702 3539 τοῦ
724 3485 932 3556 κόσμου
960 3484 1058 3539 τοῦ
1096 3482 1306 3538 καινοῦ.

962 3580 1010 3633 Σ
1011 3577 1223 3647 χόλιον
1265 3574 1354 3629 ιθ’.

443 3669 694 3742 Ἔρημός
723 3669 873 3724 ἐστιν
904 3671 938 3741 η
958 3668 1171 3742 φρενῶν
1193 3667 1454 3739 ἀκοσμία.

1043 3850 1252 3906 Ἄλλο.

445 3946 509 3998 Ei.
540 3943 719 4014 βούλει
767 3943 1036 4016 διηνεκῶς
1072 3939 1435 4014 μνημονεύειν
1455 3939 1612 4004 Θεοῦ,
1640 3938 1715 4010 μὴ
1744 3936 1951 3995 ἀπόθου

376 4038 453 4103 ὥς
489 4038 708 4102 ἀδίκους
742 4038 842 4101 τὰς
868 4035 1139 4107 ἐπιφοράς
1163 4050 1178 4065 ο
1208 4032 1346 4088 ἀλλὰ
1380 4031 1597 4095 δικαίας
1620 4027 1954 4099 ἐπιφερομέ-

378 4148 474 4195 νας
495 4129 767 4202 ὑπόφερε·
799 4131 834 4200 ἡ
872 4128 972 4200 μὲν
1012 4127 1124 4198 γὰρ
1161 4125 1408 4197 ὑπομονὴ
1436 4123 1505 4176 δι’
1540 4122 1775 4192 ἑκάστης
1810 4135 1952 4190 συμ-

376 4222 591 4285 6άσεως
614 4219 713 4292 τὴν
737 4221 960 4291 μνήμην
988 4218 1240 4272 άνακινεῖ
1260 4231 1276 4247 ο
1297 4216 1331 4286 ἡ
1355 4213 1413 4268 δὲ
1454 4211 1789 4284 παραίτησις
1816 4211 1958 4281 μειοί

369 4314 468 4367 τὸν
500 4310 867 4387 ἐφεδρεύοντα
908 4310 1009 4380 τῆς
1067 4308 1297 4379 καρδίας
1346 4306 1531 4372 πόνον,
1584 4304 1679 4357 καὶ
1724 4301 1813 4355 διὰ
1857 4300 1959 4372 τῆς

372 4403 615 4468 ἀνέσεως
657 4402 756 4474 τὴν
788 4399 960 4472 λήθην
1000 4395 1319 4470 ἐργάζεται.

980 4579 1241 4649 Σχόλιον
1264 4581 1311 4631 κ’
1325 4615 1341 4632 .

450 4670 677 4743 Πτωχδν
711 4669 806 4725 τὸν
851 4669 1143 4741 ἀκτήμονα
1182 4668 1269 4731 τίς
1290 4666 1483 4734 λέγεις
1536 4663 1681 4733 Ἐγὼ
1718 4662 1778 4717 δέ
1807 4657 1962 4733 οἶμαι

381 4766 474 4823 τὸν
501 4763 780 4819 ταπεινόν.

1023 4852 1283 4921 Σχόλιον
1306 4856 1417 4905 κα’.

458 4947 715 5021 Χώρημα
750 4943 981 5018 καρδίας
1029 4941 1189 5006 ἐλπὶς
1220 4942 1303 5004 είς
1348 4938 1482 4993 Θεόν
1506 4952 1523 4970 ·
1545 4935 1882 5008 ,στενοχωρία
1908 4933 1968 4989 δέ

387 5038 560 5112 αὐτῆς
591 5037 814 5111 φροντὶς
840 5033 1113 5105 σώματος.

828 5126 1089 5196 Σχόλιον
1124 5123 1374 5193 Μάρκου
1408 5122 1513 5193 κβ’.
1726 5187 1730 5191 .

462 5221 672 5293 Μνήμη
698 5218 834 5272 Θεοῦ
875 5221 994 5272 ἐστι
1035 5216 1196 5280 πόνος
1233 5214 1463 5288 καρδίας
1503 5212 1646 5284 ὑπὲρ
1689 5208 1973 5274 εὐσεϐείας

392 5312 682 5384 γινόμενος
700 5328 715 5343 ·
748 5313 860 5375 πᾶς
889 5309 949 5364 δέ
979 5310 1010 5364 ὁ
1041 5306 1532 5378 ἐπιλανθανόμενος
1557 5302 1654 5359 τοῦ
1673 5302 1811 5357 Θεοῦ
1843 5302 1972 5375 ἡδυ-

395 5404 574 5479 παθὴς
603 5404 700 5457 καὶ
724 5401 1030 5472 ἀνάλγητος
1061 5399 1293 5469 γίνεται.
1404 5442 1407 5445 .

470 5591 494 5625 ⁸
518 5591 649 5661 Sap.
682 5606 758 5655 Iv,
792 5590 880 5644 12.

477 5748 555 5819 (ι)
595 5747 849 5820 Disputat
891 5745 1086 5820 deinde
1118 5742 1265 5801 Elias
1287 5743 1564 5820 Cretensis
1625 5745 1848 5820 copiose
1898 5742 1977 5820 _de

406 5813 618 5877 visione
648 5813 892 5875 Climaco
921 5818 1123 5887 oblata,
1157 5832 1323 5892 quam
1392 5816 1534 5890 apud
1586 5813 1837 5875 eumdem
1898 5813 1977 5872 lc—

2045 3297 2170 3351 vita:
2211 3294 2498 3366 praesentis
2536 3293 2841 3347 demersam
2895 3291 3098 3356 habet,
3152 3304 3261 3343 non
3317 3295 3496 3357 potest
3543 3300 3626 3340 re-

2048 3389 2261 3460 spirare
2293 3401 2361 3442 ex
2400 3400 2563 3442 sensu
2605 3385 2701 3439 illo
2734 3384 2863 3438 novi
2898 3392 2952 3438 et
2983 3381 3208 3437 alterius
3244 3378 3457 3434 mundi.

2654 3559 2908 3617 Scholion
2941 3558 3031 3614 i9.

2115 3655 2367 3713 Solitudo
2415 3665 2501 3712 est
2557 3655 2837 3726 neglectus
2893 3650 3102 3726 ingenii
3176 3658 3277 3705 seu
3333 3646 3637 3720 prudentia

2053 3750 2288 3806 callidae.

2750 3843 2932 3899 Aliud.

2126 3939 2187 3996 Si
2211 3941 2297 3996 vis
2327 3952 2544 4008 semper
2571 3937 2669 3992 Dei
2700 3935 3023 3992 memoriam
3055 3943 3232 3992 tecum
3259 3933 3634 4000 circumferre,

2056 4046 2165 4087 non
2220 4030 2437 4100 rejicias
2488 4039 2748 4097 tanquam
2824 4026 3104 4081 immerito
3147 4025 3249 4080 tibi
3318 4024 3498 4080 illatas
3546 4039 3641 4080 ca-

2055 4120 2331 4187 lumnias,
2387 4117 2483 4174 sed
2553 4126 2816 4186 tanquam
2881 4115 3031 4186 justc
3087 4114 3363 4185 irrogatus
3427 4112 3641 4168 fortiter

2057 4213 2304 4270 sustine:
2352 4209 2614 4282 patientia
2645 4207 2789 4263 enim
2833 4222 2931 4277 per
2953 4221 3337 4276 quemcunque
3367 4221 3555 4260 casum
3588 4217 3642 4259 et

2056 4312 2306 4362 eventum
2362 4302 2686 4357 memoriam
2719 4298 2960 4355 refricat.
3026 4296 3321 4354 Recusatio
3366 4313 3497 4354 vero
3533 4298 3641 4352 mi-

2060 4398 2181 4453 nuit
2224 4401 2591 4467 opportunum
2644 4391 3124 4449 cordiselaborem
3151 4430 3167 4457 ,
3219 4399 3275 4446 et
3321 4404 3418 4461 per
3463 4403 3645 4445 cessa-

2064 4488 2288 4554 tionem,
2324 4485 2653 4540 oblivionem
2692 4482 2924 4537 inducit.

2671 4573 2923 4630 Scholion
2957 4572 3049 4629 20.

2137 4671 2272 4740 Quis
2295 4680 2457 4727 vocat
2498 4669 2648 4724 illum
2677 4667 2773 4739 qui
2815 4682 2876 4724 se
2922 4668 3083 4723 bonis
3125 4663 3399 4723 abdicavit
3434 4660 3648 4719 tuendi-

2069 4778 2196 4820 cum
2217 4766 2242 4818 τ
2297 4762 2413 4835 Ego
2446 4760 2711 4816 humilem
2746 4760 3096 4831 interpretor.

2678 4850 2932 4908 Scholion
2964 4852 3027 4907 ‘21
3042 4892 3054 4906 .

2133 4950 2330 5007 Cordis
2366 4946 2674 5019 perfugium
2716 4963 2813 5002 seu
2860 4946 3261 5016 receptaculum
3295 4952 3381 4998 est
3429 4954 3556 5011 spes
3596 4938 3651 4994 in

2075 5042 2269 5099 Deum.
2325 5044 2525 5099 (Zarcer
2563 5043 2744 5099 cordis
2781 5047 2866 5097 est
2906 5054 3037 5094 cura
3072 5035 3345 5108 corporis.

2571 5134 2821 5190 Scholion
2856 5131 3027 5187 Marci
3044 5166 3048 5177 χ
3077 5128 3166 5183 22.

2143 5227 2403 5284 Memoria
2438 5225 2533 5282 Dei
2559 5235 2641 5283 est
2679 5227 2834 5281 labor
2861 5224 3043 5280 cordis
3075 5219 3292 5291 pictatis
3329 5230 3495 5273 causa
3526 5228 3653 5269 sus.

2080 5332 2291 5392 ceptus.
2362 5318 2687 5390 Quicunque
2738 5328 2923 5373 autem
2987 5314 3080 5368 Dei
3138 5310 3499 5373 obliviscitur,
3558 5319 3653 5361 vo—

2082 5412 2288 5486 luptate
2318 5413 2568 5484 corporis
2598 5421 2654 5469 et
2687 5411 2855 5468 animi
2889 5418 3110 5480 stupore
3144 5414 3458 5474 occupatur.

2086 5758 2195 5814 ges.
2225 5739 2708 5814 Estsubobscura,
2778 5737 2851 5792 ita
2907 5743 2969 5790 ut
3033 5727 3461 5789 commentarius
3504 5739 3655 5783 com-

2088 5811 2356 5871 mentario
2380 5811 2637 5881 indigeat.
