4030 6480
417 349 567 416 ’1123

1024 459 1185 514 Aliud
1217 455 1421 512 Isaaci.

494 555 726 622 Quando
743 553 852 608 vini
877 552 956 607 vis
981 551 1221 606 membra
1251 543 1556 613 occupavit,
1585 555 1738 595 mens
1761 540 2008 593 omnium

415 662 610 700 rerum
633 659 820 700 curam
849 643 1050 697 abolet.
1091 640 1158 693 Et
1185 636 1449 691 memoria
1481 634 1571 688 Dei
1596 632 1688 686 ubi
1718 630 2008 700 imperium

427 735 696 804 acceperit
721 733 774 787 in
805 733 1067 797 animam,
1098 727 1287 796 abjicit
1316 739 1536 779 omnem
1560 721 1770 778 saniem
1795 735 1892 776 seu
1919 733 2012 773 vo-

424 826 624 880 micam
652 823 856 888 cor-dis,
897 835 1060 891 quam
1102 833 1198 889 per
1227 818 1406 871 visum
1448 813 1654 869 haurit.

1023 997 1277 1060 Scholion
1313 997 1403 1051 25.

484 1092 693 1146 Bonum
745 1098 830 1146 est
877 1089 1124 1145 discendi
1173 1088 1406 1156 cupidos
1441 1085 1605 1140 verbo
1637 1085 1856 1150 docere,
1914 1085 2009 1140 sed

424 1185 620 1239 melius
668 1192 752 1238 est
798 1182 1018 1238 eosdem
1062 1181 1388 1244 virtutibus,
1443 1178 1699 1247 precibus
1747 1189 1802 1232 et
1851 1177 2010 1233 factis

419 1274 648 1343 iuvare:
695 1273 786 1343 qui
816 1273 962 1328 enim
993 1273 1237 1341 seipsum
1278 1285 1374 1340 per
1400 1271 1515 1324 haec
1552 1268 1663 1323 Deo
1691 1269 1870 1334 olfert,
1914 1285 2011 1339 per

420 1380 573 1419 suam
599 1366 850 1420 virtutem
877 1375 932 1419 et
952 1365 1217 1418 auxilium
1243 1364 1407 1418 simul
1431 1363 1704 1418 succurrit
1737 1363 2007 1432 proximo.

423 1456 480 1511 Si
505 1473 604 1527 per
619 1457 1002 1527 compendium
1026 1456 1106 1510 vis
1127 1455 1326 1510 docere
1350 1455 1656 1510 studiosum
1680 1453 2006 1524 disciplinae,

423 1565 664 1620 propone
704 1549 778 1603 illi
822 1549 1065 1604 studium
1102 1547 1362 1617 precandi
1397 1556 1449 1601 et
1490 1559 1694 1602 rectam
1733 1547 1914 1601 tidem.

915 1639 1080 1710 426
1134 1638 1384 1693 Scholion
1417 1639 1508 1693 24.

490 1732 582 1788 Dei
619 1746 809 1789 nutum
846 1748 1039 1800 nempe
1077 1739 1132 1785 et
1170 1731 1527 1800 colloquium.

1026 1818 1277 1874 Scholion
1309 1821 1401 1876 25.

487 1919 541 1972 In
585 1933 746 1973 aures
793 1917 940 1972 stulti
980 1931 1088 1971 non
1115 1915 1368 1970 ell'undas
1411 1929 1760 1985 sermonem,
1812 1934 1880 1974 ne
1907 1921 2007 1977 ali-
2039 1955 2082 2011 Β

418 2008 636 2078 quando
673 2008 926 2078 suggillet
953 2017 1006 2062 et
1036 2007 1341 2062 subsannet
1376 2007 1654 2077 adjutores
1687 2018 1832 2066 tuos.
1894 2014 2004 2068 Ad-

418 2098 637 2152 modum
669 2099 814 2152 enim
866 2097 1068 2152 noxius
1108 2106 1192 2152 est
1223 2105 1278 2150 et
1330 2097 1487 2152 valde
1530 2101 1875 2168 perniciosus
1925 2103 2005 2157 le-

415 2187 628 2240 viorum
672 2201 768 2240 seu
802 2187 1081 2239 vanior-um
1131 2185 1418 2240 hominum
1449 2189 1755 2244 convictus.
1794 2189 2002 2256 Quem-

414 2277 706 2332 admodum
746 2277 891 2331 enim
935 2277 1028 2346 qui
1071 2275 1336 2331 infectum
1367 2285 1421 2331 et
1465 2279 1785 2348 peSIiferum
1818 2298 2000 2338 aerem

416 2367 700 2420 hauriunt.
739 2366 963 2420 omnino
1003 2366 1210 2422 morbis
1248 2377 1556 2435 vexantur;
1615 2371 1688 2425 ita
1733 2375 1825 2442 qui
1875 2389 1999 2428 cum

412 2457 607 2524 quovis
639 2471 834 2527 genere
861 2457 1146 2511 hominum
1191 2458 1310 2512 sine
1339 2459 1660 2515 discriminc
1689 2473 1999 2530 versantur,

413 2543 560 2598 vitiis
590 2543 808 2596 illorum
853 2543 1212 2598 imbuuntur:
1261 2543 1619 2614 Corrumpunt
1651 2549 1791 2602 enim
1829 2566 2000 2606 more:

411 2633 570 2688 bonos
601 2634 866 2703 colloquia
899 2649 1065 2702 prava
1087 2637 1129 2688 θ.

747 2797 750 2800 _
905 2722 1155 2777 Scholion
1189 2723 1372 2780 Isaaci
1413 2727 1504 2781 26.

478 2811 596 2867 Non
652 2813 908 2884 objurges
963 2815 1156 2873 durius
1202 2833 1299 2873 eos
1345 2820 1439 2889 qui
1505 2837 1694 2890 preces
1740 2833 1862 2881 tuas
1901 2843 1996 2881 ex-

407 2913 616 2973 petunt,
658 2921 758 2961 nec
798 2907 1045 2960 mollium
1075 2908 1365 2964 verborum
1401 2914 1781 2972 consolatione
1823 2917 1994 2975 desti-

409 3007 550 3061 tuas,
578 3013 644 3050 ne
667 3005 912 3066 pereant,
937 3009 989 3052 et
1011 3001 1108 3054 abs
1131 3009 1182 3054 te
1204 3003 1342 3056 ratio
1373 3005 1681 3062 animarum
1707 3010 1990 3082 exigatur;

407 3087 500 3142 sed
561 3087 775 3142 imitare
824 3089 1066 3142 medicos
1117 3091 1210 3158 qui
1256 3091 1476 3147 morbos
1509 3094 1850 3153 ardentiores
1898 3097 1995 3153 fri-

407 3174 734 3244 gidioribus,
789 3185 845 3229 et
905 3174 1217 3247 frigidiores
1273 3179 1630 3235 calidioribus
1682 3184 1994 3253 pharntacis

406 3275 624 3321 curant.

1008 3379 1261 3435 Scholion
1296 3382 1390 3435 27.

475 3467 682 3534 Quaest.
727 3464 867 3532 Quid
899 3469 970 3525 sit
1001 3471 1322 3527 solitarius?
1383 3473 1548 3544 Resp.
1590 3476 1693 3543 Qui
1735 3478 1888 3535 solus
1912 3489 1997 3536 est

405 3559 571 3625 loris,
603 3569 758 3615 extra
790 3575 875 3615 res
901 3571 957 3615 et
998 3563 1215 3634 negotia
1259 3564 1542 3620 saecularia
1569 3583 1585 3633 ;
1634 3567 1783 3625 intus
1809 3582 1993 3626 autem

402 3655 480 3720 (et
511 3652 710 3722 mente)
741 3652 906 3706 etiam
940 3654 1374 3723 cogitationibus
1415 3656 1485 3712 ab
1513 3657 1718 3714 eisdem
1735 3663 1995 3733 __negotiis

400 3742 708 3813 sejunctus,
743 3752 800 3797 ut
833 3761 899 3799 ne
929 3745 1292 3816 cogitationes
1318 3747 1538 3816 quidem
1580 3766 1838 3807 curarum
1873 3769 1996 3824 pro-

401 3831 654 3888 fanarum
684 3835 954 3889 admittat.
995 3834 1201 3892 Deinde
1228 3837 1510 3893 solitarius
1545 3847 1650 3905 est,
1679 3841 1772 3909 qui
1808 3843 1993 3899 animo

401 3923 471 3978 ad
512 3940 700 3979 verum
752 3923 925 3980 Deum
966 3941 1164 3982 versus
1205 3938 1260 3983 et
1311 3929 1584 3995 intentus.
1633 3931 1993 4002 cogitationes

396 4029 594 4073 omnes
627 4032 659 4073 a
699 4018 907 4072 malitia
947 4018 1221 4088 profectas
1257 4021 1487 4091 repellit.

1003 4110 1256 4164 Scholion
1297 4112 1387 4166 28.

473 4198 576 4254 Ubi
613 4215 737 4254 vere
792 4201 1114 4270 sincereque
1162 4212 1414 4271 precatus
1469 4202 1675 4268 fueris,
1720 4207 1985 4275 optimum

398 4289 548 4344 intus
595 4292 942 4346 conscientia:
982 4293 1360 4349 testimonium
1396 4295 1657 4365 reperies.
1713 4299 1778 4352 Et
1807 4301 1988 4369 angeli

398 4391 579 4436 tecum
628 4385 1016 4450 versabuntur,
1062 4395 1118 4440 et
1164 4387 1408 4442 rationes
1459 4405 1642 4443 rerum
1679 4407 1800 4460 quae
1848 4394 1988 4448 liunt

398 4472 692 4537 docebunt,
730 4483 1077 4546 mentemque
1115 4477 1526 4534 illuminabunt.

1095 4567 1276 4622 Aliud.

1589 417 1610 434 .
1673 340 1734 399 S.
1766 335 2092 399 JOANNIS
2130 335 2438 398 CLIMACI

2039 447 2087 506 Α

3559 341 3750 408 112ιῄ

2685 451 2873 505 Ἄλλο
2913 450 3136 506 Ἰσαάκ.

2189 541 2355 594 Ὅταν
2386 543 2418 612 ή
2452 542 2683 610 δύναμις
2734 541 2828 596 τοῦ
2865 540 3011 595 οἴνου
3055 542 3134 603 είς
3167 541 3237 596 ιὰ
3285 543 3424 615 μέθη
3452 543 3710 618 εἰσέλθῃ,

2114 630 2535 684 ἐπιλανθάνεται
2565 633 2591 685 ὁ
2628 631 2751 692 νοῦς
2795 633 2898 698 τῆς
2947 630 3233 701 ἀκριϐείας
3280 632 3392 686 τῶν
3436 635 3666 688 πάντων
3695 654 3712 667 ο

2112 721 2206 774 καὶ⁵
2245 721 2278 790 ἡ
2325 721 2516 790 μνήμη
2564 718 2658 772 τοῦ
2709 717 2868 784 Θεοῦ,
2915 719 3046 773 ὅταν
3101 721 3356 794 κρατήσῃ
3407 723 3575 792 νόμον
3626 727 3714 788 εἰς

2111 813 2208 882 τὴν
2234 811 2433 882 ψυχὴν,
2468 810 2764 866 ἀποϐάλλει
2799 813 2979 866 πᾶσαν
3014 810 3183 882 νομὴν
3215 813 3465 883 ὁράσεως
3496 815 3562 868 ἐκ
3605 816 3711 885 τῆς

2113 903 2363 975 καρδίας.

2695 995 2952 1064 Σχόλιον
2996 993 3103 1060 κγ’.

2183 1085 2364 1139 Καλὸν
2395 1085 2455 1138 τὸ
2489 1084 2576 1138 διὰ
2598 1084 2760 1153 λόγου
2794 1086 3026 1155 ὠφελεῖν
3057 1086 3184 1149 τοὺς
3208 1086 3666 1157 πυνθανομένους
3694 1102 3712 1116 ·

2111 1177 2365 1246 κρεῖσσον
2401 1174 2458 1228 δὲ
2484 1175 2544 1228 τὸ
2569 1175 2637 1228 δι’
2667 1176 2872 1246 ἀρετῆς
2928 1177 3022 1228 καὶ
3061 1177 3372 1247 προσευχῆς
3414 1179 3713 1252 συνεργεῖν

2111 1269 2296 1331 αὐτοῖς
2319 1283 2333 1298 ·
2371 1270 2400 1320 ὁ
2423 1267 2534 1338 γὰρ
2568 1267 2656 1321 διὰ
2705 1267 2912 1321 τούτων
2955 1269 3281 1339 προσφέρων
3314 1269 3456 1340 Θεῷ,
3512 1270 3712 1340 βοηθεῖ

2111 1358 2312 1429 καὶτῷ
2339 1359 2511 1422 πέλας
2540 1358 2632 1414 διὰ
2675 1358 2777 1414 τοῦ
2821 1359 2952 1412 ἰδίου
3002 1359 3374 1430 βοηθήματος.
3422 1361 3487 1414 Εἰ
3522 1361 3709 1426 θέλεις

2111 1452 2361 1522 συντόμῳ
2379 1452 2521 1522 λόγῳ
2549 1452 2780 1522 ὠφελεῖν
2805 1452 2896 1506 τὸν
2920 1452 3220 1523 φιλομαθῆ,
3245 1453 3526 1520 ὑπόδειξον
3545 1454 3705 1526 αὐτῷ

2111 1544 2420 1616 προσευχὴν
2444 1546 2538 1597 καὶ
2571 1543 2754 1597 πίστιν
2779 1543 2966 1614 ὀρθήν.

2707 1634 2972 1701 Σχόλιον
3006 1633 3106 1687 κδ’.

2185 1719 2297 1792 Τὴν
2340 1719 2478 1790 πρὸς
2510 1720 2643 1773 Θεὸν
2665 1720 2846 1774 νεῦσιν
2903 1721 3000 1773 καὶ
3039 1721 3260 1792 ὁμιλίαν
3285 1721 3553 1793 δηλονότι.

2737 1813 2996 1879 Σχόλιον
3019 1819 3117 1866 κε’.

2180 1899 2274 1962 El;
2295 1892 2410 1951 ὦτα
2437 1897 2674 1967 ἄφρονος
2710 1897 2874 1968 μηδὲν
2924 1897 3072 1966 λέγε,
3122 1901 3334 1970 μήποτε
3376 1903 3696 1975 μυκτηρίσῃ

2106 1991 2234 2054 τοὺς
2285 1988 2587 2060 συνεργούς
2644 2005 2760 2042 σου.
2827 1988 3164 2059 Ἐπιὸλαϐὴς
3223 1990 3354 2063 γὰρ,
3405 1992 3502 2045 καὶ
3547 1993 3690 2047 πάνυ

2108 2082 2432 2154 φθοροποιδς
2461 2083 2495 2153 ἡ
2539 2080 2679 2152 μετὰ
2722 2081 2830 2134 τῶν
2868 2083 3224 2154 εἰκαιοτέρων
3275 2084 3646 2155 συνδιαίτησις
3674 2102 3686 2115 ·

2107 2175 2358 2245 καθάπερ
2393 2173 2502 2244 γὰρ
2527 2174 2577 2226 οἱ
2619 2177 2677 2227 έν
2707 2174 2832 2245 ἀέρι
2885 2173 3124 2245 λοιμικῷ
3151 2174 3436 2246 γενόμενοι
3468 2177 3690 2240 πάντως

2106 2266 2352 2320 νοσοῦσιν
2378 2283 2391 2295 ·
2423 2265 2598 2329 οὕτως
2627 2265 2679 2319 oi
2704 2266 2764 2319 ὲν
2809 2264 3122 2338 ἀνθρώποις
3157 2267 3476 2339 ἀδιαφόροις
3507 2268 3684 2321 ἐνδια-

2104 2359 2382 2431 τρίϐοντες
2459 2357 2942 2428 μεταλαμϐάνουσι
2999 2359 3099 2429 τῆς
3149 2359 3380 2414 ἐκείνων
3441 2364 3640 2424 κακίας
3668 2378 3682 2391 ·

2104 2453 2417 2519 Φθεῲουσι
2441 2451 2552 2519 γὰρ
2570 2449 2691 2518 ἤθη
2713 2451 2950 2520 χρηστὰ
2972 2452 3201 2522 ὁμιλίαι
3222 2454 3427 2509 κακαί.

2535 2736 2794 2804 Σχόλιον
2842 2733 3051 2790 Ἰσαὰκ
3101 2741 3212 2800 κς’.

2168 2826 2262 2898 Μὴ
2285 2825 2584 2898 ἐπίπληττε
2617 2829 2746 2891 τοὺς
2794 2827 3084 2898 δεομένους
3127 2827 3227 2898 τῆς
3258 2828 3356 2898 σῆς
3380 2827 3567 2899 εὐχῆς,
3589 2831 3680 2883 καὶ

2097 2918 2207 2972 τῶν
2239 2917 2536 2989 μαλθακῶν
2568 2917 2744 2987 λόγων
2768 2919 2870 2989 τῆς
2899 2919 3304 2990 παρακλήσεως
3331 2919 3406 2990 μὴ
3441 2922 3676 2974 ἀποστέ-

2099 3029 2204 3083 ρει,
2232 3011 2320 3064 ἵνα
2362 3011 2438 3082 μὴ
2483 3010 2818 3076 ἀπόλωνται,
2872 3011 2967 3064 καὶ
3003 3011 3314 3082 ἀπαιτηθῇς
3359 3011 3460 3075 τὰς
3503 3012 3677 3082 ψυχὰς

2097 3103 2280 3157 αὐτῶν
2307 3119 2320 3133 ·
2353 3102 2492 3156 ἀλλὰ
2520 3102 2759 3173 μίμησαι
2783 3103 2910 3166 τοὺς
2945 3103 3187 3174 ἰατροὺς,
3230 3103 3430 3169 οἵτινες
3460 3106 3528 3159 τὰ
3557 3106 3676 3178 θερ-

2099 3195 2303 3266 μότερα
2347 3193 2493 3264 πάθη
2539 3195 2654 3256 τοῖς
2691 3191 3055 3264 ψυχροτέροις
3105 3193 3294 3248 ίῶνται
3340 3197 3671 3267 φαρμάκοις,

2023 3291 2065 3348 C
2099 3287 2194 3341 καὶ
2222 3286 2292 3339 τὰ
2332 3285 2649 3356 ψυχρότερα
2687 3287 2801 3348 τοῖς
2842 3285 3129 3350 ἐναντίοις.

2689 3383 2738 3435 Σ
2741 3380 2952 3448 χόλιον
2980 3381 3083 3444 κζ’.

2177 3469 2522 3539 Ἐρώτησις.
2555 3469 2619 3523 Τί
2643 3473 2760 3524 ἐστι
2791 3471 3083 3548 novantem);
3130 3473 3374 3545 Ἀπόκρ.
3405 3476 3532 3532 Ὅτι
3581 3479 3675 3548 μό·

2095 3578 2186 3626 νος
2223 3561 2394 3627 ἐστὶν,
2435 3563 2637 3627 ἔξωθεν
2687 3561 2787 3632 μὲν
2825 3565 2947 3628 ταῖς
2988 3563 3163 3631 ὕλαις,
3202 3567 3297 3620 καὶ
3335 3570 3452 3632 τοῖς
3481 3587 3673 3640 κοσμι-

2095 3655 2212 3717 κοῖς
2240 3654 2561 3726 πράγμασιν
2582 3671 2594 3683 ·
2629 3654 2835 3708 ἔσωθεν
2862 3655 2918 3709 δὲ
2941 3659 3058 3720 τοῖς
3098 3659 3306 3713 τούτων
3329 3659 3668 3732 διανοήμασι,

2094 3741 2180 3795 ἵνα
2208 3742 2282 3813 μὴ
2324 3741 2685 3812 καταδὲχηται
2728 3743 2864 3806 τοὺς
2910 3743 3207 3815 λογισμοὺς
3254 3747 3351 3818 τῆς
3401 3750 3671 3818 κοσμικῆς

2095 3833 2372 3905 φροντίδος
2400 3852 2414 3866 ·
2441 3833 2694 3908 δεύτερον
2734 3835 2812 3896 δὲ,
2851 3835 2937 3888 ἵνα
2969 3835 3196 3904 γένηται
3228 3837 3479 3907 μονὰζων
3505 3841 3533 3892 ὁ
3555 3839 3672 3902 νοῦς

2095 3924 2234 3996 πρὸς
2259 3924 2352 3978 τὸν
2395 3923 2650 3994 ἀληθινὸν
2699 3925 2855 3994 Θεὸν,
2894 3926 2971 3998 μὴ
2991 3927 3429 3998 καταδεχόμενος
3454 3931 3582 3994 τοὺς
3609 3932 3668 3983 ἐκ

2093 4020 2191 4088 τῆς
2219 4018 2420 4081 κακίας
2455 4018 2772 4089 λογισμούς.

2705 4111 2965 4179 Σχόλιον
3014 4111 3122 4182 κη’.

2174 4200 2301 4255 Ἐὰν
2329 4201 2546 4272 ἀληθῶς
2579 4201 2885 4275 προσεύχῃ,
2931 4203 3137 4274 πολλὴν
3179 4204 3558 4276 πληροφορίαν
3584 4207 3660 4259 εὑ-

2093 4286 2279 4358 ρήσεις
2300 4303 2315 4316 ·
2343 4287 2440 4340 καὶ.
2463 4287 2686 4354 ἄγγελοι
2715 4285 3129 4343 συνελεὺσονταί
3161 4305 3271 4355 σοι,
3301 4291 3396 4344 καὶ
3425 4292 3551 4354 τοὺς
3589 4290 3667 4344 λό-

2092 4393 2223 4445 γους
2249 4378 2356 4430 τῶν
2381 4379 2682 4449 γινομένων
2714 4377 3032 4448 φωτιοῦσιν.

2787 4566 2982 4627 Ἄλλο.

466 4653 625 4721 Quod
657 4655 802 4710 aliud
839 4667 922 4711 est
957 4657 1162 4712 bonum
1196 4669 1392 4728 praeter
1424 4659 1641 4715 Deum?
1682 4660 1825 4729 Quin
1855 4680 1984 4736 ergo

2161 4661 2228 4714 Τί
2254 4661 2382 4716 ἄλλο
2411 4662 2617 4732 ἀγαθὸν
2666 4663 2787 4717 ἀλλ’
2815 4664 2848 4736 ἢ
2881 4665 3054 4730 Bede;
3115 4667 3323 4722 Οὐκοῦν
3355 4668 3507 4738 αὐτῷ
3537 4670 3663 4724 ἀπο-

397 4745 679 4798 reddimus
715 4745 791 4798 illi
823 4749 1007 4799 omnia
1049 4756 1236 4802 nostra
1268 4763 1391 4816 qua:
1423 4750 1707 4818 habemus,
1749 4763 1805 4806 rt
1851 4754 1987 4810 bene

2113 4751 2267 4823 ὦμεν
2317 4755 2498 4808 πάντα
2535 4754 2603 4807 τὰ
2647 4754 2774 4808 καθ’
2802 4757 2971 4826 ἡμᾶς,
3017 4757 3113 4811 καὶ
3155 4753 3215 4812 εὖ
3251 4761 3382 4830 ἡμῖν
3413 4761 3565 4814 ἔσται
3591 4776 3606 4792 ο
3637 4764 3664 4814 ό

394 4835 500 4887 erit
542 4835 719 4890 nobis.
785 4835 922 4889 Cum
973 4838 1118 4891 enim
1171 4839 1242 4893 sit
1285 4855 1502 4894 summe
1553 4841 1764 4908 bonus,
1801 4845 1984 4900 omnia

392 4940 616 4997 quoque
653 4926 810 4982 nobis
849 4928 988 4982 bona
1028 4928 1172 4982 dona
1213 4929 1480 4998 largietur

1002 5018 1251 5073 Scholion
1292 5019 1362 5073 29

461 5107 566 5174 Oui
597 5109 774 5165 credit
803 5125 867 5165 ea
902 5112 1209 5182 (quaapost
1237 5115 1378 5167 hanc
1396 5113 1588 5184 vitam)
1619 5115 1800 5172 l‘ntura
1827 5128 1976 5182 sunt,

393 5197 511 5254 sine
538 5199 910 5253 controversia
939 5200 1177 5256 abstinet
1201 5215 1230 5254 a
1262 5203 1547 5270 prtesentis
1573 5207 1698 5262 vita:
1723 5209 1976 5278 volupta-

2090 4849 2201 4915 γὰρ
2253 4845 2456 4911 ἀγαθὸς
2510 4847 2750 4913 πάντως,
2795 4851 2892 4903 καὶ
2913 4851 3136 4919 ἀγαθῶν
3164 4852 3316 4906 ἔσται
3347 4855 3376 4908 ό
3397 4857 3662 4925 παροχεὺς

2082 4935 2322 5007 δωρεῶν.

2665 5033 2708 5084 Σ
2710 5030 2926 5100 χόλων
2963 5033 3069 5088 κθ’.

2169 5119 2230 5172 '0
2281 5119 2556 5174 πιστεύων
2581 5122 2714 5193 περὶ
2744 5124 2854 5177 τῶν
2886 5125 3217 5194 μελλόντων,
3237 5127 3346 5181 τῶν
3373 5121 3476 5182 ὧδε
3499 5130 3662 5200 ἡδέων

2083 5209 2500 5282 ἀδογματίστως
2555 5216 2860 5286 ἀπέχεταν
2899 5219 2930 5271 ὁ
2979 5217 3036 5285 δὲ
3076 5220 3323 5273 ἀπιστῶν
3378 5221 3510 5291 ἡδὺς
3573 5221 3662 5274 καὶ

390 5285 559 5342 tibus.
599 5284 916 5343 lncredulus
949 5298 1130 5343 autem
1179 5291 1498 5349 luxuriosus
1531 5295 1620 5362 lit,
1665 5307 1719 5350 ct
1756 5314 1974 5356 omnem

2113 5303 2387 5374 ινὰλγητος
2419 5306 2650 5373 γίνεται.

390 5379 562 5433 animi
601 5395 824 5435 sensum
866 5380 1063 5452 perdit.

903 5470 1154 5526 Scholion
1188 5469 1352 5527 Isaia:
1386 5473 1475 5528 50.

463 5560 638 5618 Homo
667 5561 759 5632 qui
782 5563 1009 5618 conlidit
1037 5564 1088 5617 in
1121 5564 1308 5634 aliquo
1339 5567 1432 5634 qui
1465 5583 1572 5623 non
1599 5577 1682 5625 est
1711 5585 1834 5627 cum
1865 5570 1975 5628 Deo

459 5729 640 5799 ’Sap.
664 5746 726 5794 ιι,
768 5732 834 5797 6;
883 5732 903 5786 Ι
965 5733 1091 5788 Cor.
1154 5751 1240 5802 xv,
1289 5738 1374 5790 53.

2563 5485 2822 5552 Σχόλιον
2855 5485 3072 5539 Ἰσαΐου
3104 5487 3169 5540 λ’.

2156 5570 2480 5643 Ἀνθρωπος
2522 5575 2845 5646 πειθόμενος
2899 5577 3036 5647 μετὰ
3085 5592 3231 5642 τινος
3285 5579 3361 5648 μὴ
3389 5578 3541 5644 ὖντος
3569 5577 3659 5633 τοῦ
