4030 6482
365 397 505 463 “‘25

1353 387 1585 448 SCALA
1632 381 2012 444 PARADISI.
2033 404 2102 415 -·
2126 378 2435 440 GRADUS
2467 380 2686 441 XXVII

3478 334 3638 451 '1126

359 508 524 567 θεοῦ,
570 499 727 567 οὗτος
765 502 863 557 οὐκ
910 501 1023 571 ἔχει
1055 502 1112 553 ὲν
1148 497 1326 568 ἑαυτῷ
1358 497 1523 566 φόϐον
1551 496 1688 550 Θεοῦ
1712 513 1726 527 '
1764 495 1859 549 καὶ
1887 495 1945 547 ὲν

2071 489 2409 561 :onjunctus,
2440 490 2528 545 liic
2561 506 2666 543 non
2695 489 2856 546 liabet
2884 490 3132 546 timorem
3166 492 3279 548 Dei.
3319 494 3383 549 Et
3409 496 3464 550 in
3498 511 3640 567 quo-

357 602 475 671 ὄσῳ
518 613 602 660 τις
643 592 884 649 δουλεύει
935 594 1049 655 τοῖς
1092 589 1345 653 πάθεσιν,
1398 587 1552 642 οὔπω
1580 586 1834 656 ἐλογίσθη
1868 587 1949 648 εἰς

2071 598 2274 651 :unque
2315 583 2441 653 quis
2486 582 2602 637 suis
2629 582 2788 637 malis
2821 580 3104 640 aﬂectibus
3155 584 3416 656 indulget,
3475 584 3638 660 427

354 689 549 744 δοῦλον
579 686 674 741 τοῦ
702 683 864 752 Θεοῦ,
894 684 1010 738 ἀλλ’
1034 683 1247 737 ἐκείνου
1286 680 1471 744 δοῦλός
1504 681 1674 745 ἐστιν,
1700 681 1759 733 ὲν
1776 671 1821 747 ᾧ
1849 694 1949 732 κα-

355 776 769 851 τακυριεύεται.

582 870 774 924 Ἀλλο
815 866 1100 923 Ἰωάννου
1148 864 1258 919 τοῦ
1302 862 1726 933 Δαμασκηνοῦ.

436 962 735 1032 Διαιρεῖται
762 961 791 1012 ὀ
818 957 982 1027 φόϐος
1019 957 1098 1020 είς
1126 956 1187 1021 ἓξ
1210 973 1224 986 ·
1255 956 1333 1018 εἰς
1362 955 1541 1018 ὄκνον,
1585 954 1667 1017 είς
1697 949 1850 1016 αίδὼ,
1870 953 1952 1016 εἰς

354 1050 654 1123 αἰσχύνην,
681 1051 763 1113 είς
785 1046 1149 1118 κατάπληξιν,
1196 1048 1276 1109 εἰς
1320 1045 1584 1115 ἀγωνίαν,
1625 1046 1705 1107 είς
1746 1042 1951 1115 ἐκπλη-

356 1147 475 1211 ξιν.
505 1145 699 1207 Ὀκνος
725 1142 826 1213 μὲν
848 1137 941 1196 οὖν
974 1138 1272 1211 ὲστιφόϐος
1307 1138 1610 1210 μελλούσης
1636 1139 1948 1209 ἐνεργείας·

2053 677 2296 729 nondum
2325 685 2411 729 est
2452 676 2657 729 relatus
2718 675 2772 729 in
2801 691 3027 732 censum
3069 693 3353 732 servorum
3384 678 3514 747 Dei,
3545 682 3639 734 sed

2051 778 2246 821 servus
2279 764 2427 820 illius
2463 775 2564 828 est,
2602 765 2695 834 qui
2732 766 3020 836 imperium
3058 767 3111 823 in
3156 770 3305 824 illum
3347 784 3579 827 exercet.

2452 855 2614 910 Aliud
2647 846 2870 913 foannis
2913 859 3246 915 Damasceni.

2127 947 2231 1001 Sex
2269 960 2468 1019 genera
2507 955 2638 1002 sunt
2672 959 2895 1005 metus:
2934 953 3216 1021 segnities,
3256 953 3449 1021 pudor,
3481 970 3638 1006 vere-

2053 1041 2276 1105 cundia,
2300 1049 2513 1110 stupor,
2546 1057 2720 1111 angor
2748 1051 2803 1096 et
2827 1054 3027 1098 terror.
3054 1043 3326 1114 Segnilies
3354 1055 3435 1098 est
3466 1056 3641 1100 metus

2055 1133 2419 1203 impendentis
2439 1133 2689 1188 actionis.
2728 1132 2913 1189 Pudor
2936 1147 3113 1191 metus
3136 1154 3199 1192 ex
3229 1138 3642 1208 vituperationis

356 1235 535 1299 αἰδὼς
561 1234 617 1287 δὲ
648 1234 813 1303 φόϐος
859 1232 955 1287 ἐπὶ
999 1230 1300 1303 προσδοκίᾳ
1328 1230 1498 1301 ψόγου
1521 1247 1534 1260 ·
1578 1230 1865 1284 κάλλιστον
1894 1230 1953 1284 δὲ

2071 1227 2460 1296 :XSpeclatione
2480 1236 2785 1296 susceptus,
2812 1229 3155 1296 Optimusque
3175 1239 3259 1285 est
3282 1231 3369 1285 hic
3389 1232 3637 1287 nilei-tus.

354 1326 531 1380 τοῦτο
570 1327 630 1379 τὸ
681 1324 855 1388 πάθος
881 1342 895 1355 ·
920 1323 1155 1395 αἰσχύνη
1193 1322 1251 1377 δὲ
1292 1322 1457 1392 φόϐος
1505 1323 1592 1375 ἐπ’
1616 1321 1826 1394 αἰσχρῷ
1859 1339 1955 1375 πε-

358 1417 711 1491 πραγμένῳ·
773 1414 895 1469 οὐδὲ
953 1414 1116 1468 τοῦτο
1154 1414 1475 1469 ἀνέλπιστον
1507 1414 1588 1476 είς
1642 1413 1950 1485 σωτηρίανο

360 1506 715 1577 κατάπληξις
737 1504 795 1558 δὲ
817 1505 982 1574 φόϐος
1009 1507 1073 1558 ἐκ
1103 1503 1350 1575 μεγάλης
1381 1502 1684 1571 φαντασίας
1704 1519 1718 1532 ⁸
1752 1502 1957 1570 ἔκπλη-

364 1599 459 1663 ξις
498 1598 555 1651 δὲ
601 1595 771 1666 φόϐος
818 1594 879 1659 ἐξ
920 1594 1226 1666 ἀσυνήθους
1266 1593 1607 1663 φαντασίαςο
1643 1591 1850 1661 ἀγωνία
1898 1591 1956 1645 δὲ

2055 1316 2396 1372 Verecundia
2460 1330 2638 1375 metus
2672 1320 2743 1373 ob
2780 1320 3074 1392 admissam
3132 1337 3242 1376 rem
3298 1324 3593 1377 obscenam
3622 1365 3638 1386 ,

2055 1420 2112 1465 et
2145 1427 2212 1465 ne
2262 1411 2352 1466 bic
2379 1410 2599 1481 quidem
2633 1411 2864 1467 allectus
2901 1421 2985 1466 est
3026 1421 3180 1466 extra
3234 1428 3385 1482 spem
3423 1414 3636 1469 salutis.

2044 1485 2266 1573 'Stupor
2308 1516 2487 1559 metus
2535 1519 2600 1559 ex
2653 1505 2859 1572 ingenti
2898 1506 3081 1575 aliqua
3117 1506 3192 1560 rei
3243 1507 3421 1575 specie
3454 1507 3642 1560 animo

2063 1594 2269 1647 oblata.
2302 1592 2501 1647 Terror
2530 1600 2710 1649 metus
2742 1610 2808 1649 ex
2854 1610 2994 1650 nova
3027 1595 3212 1666 aliqua
3253 1610 3346 1651 seu
3382 1596 3642 1651 inusitata

364 1691 540 1759 φόϐος
583 1688 650 1742 δι’
677 1685 982 1749 ἁπτώσεως
1021 1687 1189 1757 ἧγουν
1239 1683 1538 1754 ἀποτυχίας
1563 1701 1577 1717 ο
1629 1680 1955 1753 φοϐούμενοι

2071 1686 2134 1738 rei
2163 1686 2352 1756 specie
2377 1695 2717 1742 contractus.
2746 1688 2934 1759 Angor
2958 1688 3178 1743 demum
3212 1698 3392 1744 metus
3421 1706 3487 1745 ne
3520 1699 3642 1745 vota

365 1780 483 1853 γὰρ
513 1779 814 1848 ἀποτυχεῖν
842 1777 942 1847 τῆς
972 1775 1228 1847 πράξεως
1251 1772 1595 1844 ἀγωνιῶμεν.

846 2063 1108 2132 Σχόλιον
1150 2058 1350 2115 Ἰσαὰκ
1376 2058 1479 2113 λα’.

452 2155 598 2228 Πρὸς
625 2154 685 2208 τδ
722 2150 921 2224 μέτρον
946 2149 1048 2221 τῆς
1073 2146 1576 2219 ταπεινοφροσύνης
1634 2144 1836 2199 δίδοται
1872 2161 1954 2198 σοι

380 2248 477 2302 καὶ
503 2245 747 2317 ὑπομονὴ
770 2245 828 2296 ἐν
856 2244 977 2305 ταῖς
1019 2242 1329 2312 συμφοραῖς
1383 2255 1500 2292 σου.
1533 2239 1642 2291 Καὶ
1682 2237 1821 2291 κατὰ
1855 2236 1955 2306 τὴν

375 2338 656 2408 ὑπομονήν
702 2352 796 2387 σου
842 2330 1206 2403 ὲλαφρύνεται
1257 2330 1359 2400 (α)
1402 2328 1464 2381 τὸ
1503 2326 1669 2399 βάρος
1706 2327 1809 2395 τῆς
1841 2324 1955 2378 θλί-

369 2428 519 2499 ego;
544 2445 662 2496 σου,
686 2427 784 2481 καὶ
815 2424 1173 2497 παραμυθίαν
1206 2423 1405 2494 κτήσῃ.

961 2513 1224 2583 Σχόλιον
1265 2510 1366 2580 λβ’.

449 2611 742 2683 Δευτέραν,
772 2607 874 2679 τὴν
912 2604 1191 2676 ὑπομονὴν
1232 2601 1403 2670 λέγει.
1440 2599 1540 2654 Διά
1570 2598 1669 2670 μὲν
1696 2597 1793 2667 τῆς
1822 2596 1955 2649 ὕπο-

379 2705 568 2774 μονῆς,
603 2701 757 2772 φησὶ,
784 2696 1323 2768 ⁹σιτε<ίέοανωθήσειςαν
1367 2693 1454 2745 διὰ
1498 2691 1556 2744 δὲ
1586 2689 1686 2761 τῆς
1730 2690 1955 2758 τροφῆς,

375 2796 429 2848 εί
467 2794 716 2866 ἀμέτρως
751 2791 889 2863 αὐτῇ
935 2782 1684 2860 χρήσεται,θανατωθήσεται
1708 2796 1724 2811 ·
1758 2783 1823 2834 ὲκ
1850 2779 1960 2833 τῶν

375 2887 519 2939 ἑπτὰ
553 2887 583 2938 ὁ
610 2882 906 2954 λαμϐάνων
932 2879 995 2933 τὸ
1018 2878 1270 2951 βραϐεῖον
1295 2877 1516 2940 ἀκόπως
1537 2877 1566 2929 6
1589 2872 1759 2927 εἰπὼν
1775 2912 1789 2939 ,
1825 2871 1959 2925 ἐτα-

374 2976 702 3044 πεινώθην,
733 2976 765 3046 ἢ
803 2975 899 3027 καὶ
931 2975 960 3026 6
980 2971 1195 3042 πρῶτος
1228 2970 1256 3022 6
1278 2968 1690 3038 προορώμενος
1711 2964 1820 3019 τὸν
1842 2963 1960 3017 Κύ-

374 3086 539 3140 ι-ιικν*
571 3068 604 3139 ἢ
638 3068 802 3121 πάλιν
827 3060 930 3131 εἷς,
958 3067 987 3117 6
1014 3060 1238 3116 τελειῶν
1263 3060 1353 3115 τὸν
1394 3058 1603 3113 σκοπὸν
1636 3057 1742 3111 κᾶν
1771 3058 1957 3109 ὁποιο-

375 3158 511 3214 σοῦν
535 3159 598 3212 ἐκ
619 3156 823 3211 τούτων

961 3353 1222 3422 Σχόλιον
1248 3350 1352 3419 λγ’.

461 3449 659 3505 Ἰστέον
709 3448 792 3501 ὅτι
843 3446 991 3518 ἔργῳ
1045 3443 1152 3515 χρὴ
1204 3440 1467 3512 πειράσαι
1518 3437 1608 3490 τὸν
1640 3434 1963 3506 βουλόμενον

2060 1787 2247 1832 nostra
2273 1778 2428 1833 nobis
2458 1795 2568 1834 non
2592 1781 2911 1846 succedant,
2930 1790 3027 1835 aut
3054 1781 3345 1837 infeliciter
3367 1783 3641 1845 excidant,

1987 1858 2035 1920 Β
2060 1884 2183 1925 cum
2212 1870 2490 1940 timemus,
2516 1888 2582 1928 ne
2604 1875 2750 1932 quod
2773 1876 3018 1944 aggressi
3040 1891 3256 1941 sumus,
3277 1891 3343 1931 ex
3376 1878 3643 1933 sententia

2060 1978 2171 2019 non
2206 1963 2385 2019 cadat.

2560 2057 2810 2112 Scholion
2845 2057 3025 2114 Isaaci
3058 2062 3149 2117 51.

2130 2152 2238 2207 Pro
2267 2151 2433 2206 modo
2472 2150 2801 2208 humilitatis
2845 2162 2954 2209 tuae
2982 2155 3146 2210 datur
3176 2155 3274 2211 tibi
3300 2164 3355 2211 et
3383 2156 3644 2227 patientia

2062 2244 2117 2298 in
2149 2244 2313 2299 rebus
2339 2243 2584 2299 adversis
2610 2245 2739 2299 tuis.
2780 2244 2846 2299 Et
2872 2261 2971 2317 pro
3000 2248 3215 2303 ratione
3235 2248 3512 2318 patientiae
3538 2260 3646 2304 tua:

2062 2336 2432 2392 sublevabitur
2451 2351 2594 2391 onus
2616 2336 2926 2394 aﬂlictionis
2952 2346 3081 2407 tuae,
3112 2348 3168 2395 et
3202 2341 3642 2397 consolationem

2064 2427 2358 2483 obtinebis.

2663 2520 2916 2576 Scholion
2953 2522 3042 2578 52.

2131 2606 2237 2663 Per
2269 2624 2459 2665 vocem
2510 2610 2807 2682 (alteram)
2861 2614 3178 2681 patientiam
3222 2614 3493 2686 intelligit.
3544 2617 3647 2672 Per

2065 2700 2413 2770 patientiam,
2455 2700 2655 2770 inquit,
2679 2704 3059 2771 coronabitur,
3089 2720 3184 2774 per
3212 2707 3392 2762 cibum
3428 2708 3649 2775 (immo-

2066 2791 2187 2847 dice
2220 2807 2416 2861 nempe
2447 2792 2765 2867 sumptum)
2794 2803 2971 2849 morte
3000 2796 3341 2853 multabitur.
3372 2796 3413 2851 E
3438 2809 3643 2870 septem

2069 2885 2241 2953 (quos
2275 2885 2649 2957 enumeravit)
2690 2887 2976 2956 praemium
3025 2890 3227 2958 accipit
3279 2890 3399 2944 sine
3448 2891 3644 2962 fatiga-

2067 2976 2217 3030 tione
2262 2974 2310 3030 is
2342 2977 2436 3046 qui
2476 2975 2616 3031 dixit
2649 2995 2662 3032 :
2701 2976 2815 3048 Ego
2857 2978 3172 3033 humiliatus
3204 2995 3326 3034 sum
3368 2999 3380 3034 :
3414 2982 3643 3051 antpri-

2066 3080 2191 3121 mus
2217 3066 2406 3131 etiam,
2439 3067 2534 3135 qui
2577 3067 2885 3137 providebat
2932 3068 3218 3123 Dominum
3248 3070 3332 3141 (in
3372 3081 3649 3142 conspectu

2067 3173 2162 3210 suo
2198 3173 2399 3227 semper
2427 3158 2505 3227 ¹⁰)
2534 3177 2547 3212 :
2580 3159 2707 3214 item
2736 3176 2880 3216 unus
2900 3161 3104 3232 aliquis
3126 3163 3218 3232 qui
3249 3163 3477 3232 perfecit
3498 3166 3647 3234 quod

1989 3219 2034 3280 ο
2065 3244 2367 3306 destinarat
2397 3254 2763 3324 quodcunque
2792 3256 2958 3311 fuerit
2986 3272 3053 3311 ex
3090 3257 3194 3313 his.

2666 3346 2917 3401 Scholion
2954 3349 3043 3403 55.

2135 3435 2456 3505 Sciendum,
2509 3437 2652 3493 facto
2684 3455 2822 3507 opus
2847 3454 2971 3495 esse
3002 3442 3051 3495 ei
3095 3443 3189 3512 qui
3223 3442 3360 3498 velit
3391 3443 3644 3513 institui;

372 3536 805 3612 (παιδεύεσθαι)”
854 3534 915 3586 οὐ
974 3530 1083 3602 γάρ
1139 3529 1365 3583 δυνατὸν
1422 3525 1584 3578 τοῦτο
1634 3521 1955 3577 καταλαϐεῖν

2071 3526 2167 3583 hoc
2200 3528 2347 3583 enim
2380 3531 2546 3585 verbo
2576 3546 2685 3586 non
2712 3542 3061 3602 assequetur.

371 3629 540 3700 λόγφο

992 3734 1250 3804 Σχόλιον
1289 3731 1383 3786 λδθ.

454 3836 550 3888 Ἓν
575 3833 686 3887 τῶν
717 3828 1045 3900 πνευμάτων
1091 3827 1183 3881 τὸν
1211 3825 1311 3897 τῆς
1354 3822 1613 3895 πορνείας
1651 3820 1799 3890 λέγει
1822 3835 1837 3850 ·
1860 3820 1955 3875 ἄλ-

3064 3624 3078 3668 5

2658 3726 2912 3782 Scholion
2951 3728 3044 3787 54.

2137 3812 2315 3869 Unum
2349 3830 2379 3870 e
2425 3817 2584 3872 malis
2617 3821 2795 3888 geniis
2846 3822 3118 3893 intelligit,
3155 3825 3410 3894 spiritum
3452 3843 3647 3900 nempe

384 3923 468 3976 λοι
493 3921 550 3974 δέ
581 3938 714 3991 φασι
746 3919 842 3971 τὸν
879 3917 979 3986 τῆς
1019 3912 1326 3979 κενοδοξίας
1347 3929 1365 3947 ·
1398 3911 1581 3982 ἕτεροι
1624 3909 1684 3963 δὲ
1724 3908 1817 3963 τὸν
1855 3909 1955 3979 τῆς

2071 3907 2323 3976 luxuriae;
2358 3911 2451 3965 alii
2492 3912 2675 3967 inanis
2703 3913 2915 3980 laudis;
2949 3916 3041 3969 alii
3083 3918 3312 3988 pigritiae
3352 3920 3647 3988 prmsidem

390 4013 615 4084 ἁκηδίας
641 4013 890 4082 δαίμονα.

962 4126 1007 4177 Σ
1013 4122 1224 4192 χόλιον
1276 4120 1372 4175 λε’.

470 4218 528 4271 '0
556 4217 792 4289 πρῶτος,
836 4215 1007 4287 ήγουν
1050 4217 1078 4267 6
1122 4210 1541 4284 προορώμενοςο
1600 4207 1635 4279 ἢ
1669 4206 1836 4261 πάλιν
1882 4200 1961 4268 εἷς

2061 3999 2367 4057 daemonem
2407 4002 2859 4073 interpretantur.

2663 4116 2913 4173 Scholion
2953 4118 3042 4174 55.

2132 4204 2349 4261 Primus
2377 4208 2468 4278 qui
2496 4209 2817 4279 providebat
2848 4209 3142 4265 Dominum
3175 4230 3188 4265 :
3215 4222 3310 4268 aut
3338 4212 3465 4268 item
3498 4230 3645 4269 unus

379 4310 411 4362 ό
456 4305 706 4377 προορῶν
745 4303 838 4357 τὸν
900 4302 1123 4370 σκοπὸν,
1185 4299 1289 4355 κᾶν
1353 4295 1640 4352 ὁποιοσοῦν
1704 4296 1771 4350 ἐκ
1820 4295 1955 4349 τού-

2071 4300 2154 4366 [ιιιί
2199 4299 2358 4354 tinem
2391 4301 2699 4370 spectabat,
2735 4302 3048 4373 quicunque
3077 4318 3142 4358 ex
3178 4304 3262 4360 his
3294 4304 3477 4361 fuerit.

375 4414 488 4453 των
515 4392 606 4467 ἦν.

944 4504 1203 4576 Σχόλιον
1240 4503 1351 4568 λς’.

450 4603 577 4655 ’Ὀτι
606 4599 793 4663 ἁπλῶς
827 4597 914 4652 διὰ
939 4596 1113 4652 ταῦτα
1162 4596 1363 4660 πάντα,
1410 4592 1508 4648 καὶ
1549 4593 1611 4647 οὗ
1637 4592 1705 4647 δι’
1726 4591 1785 4646 ἓν
1812 4589 1960 4664 ήτοί-

377 4708 589 4763 μασται
620 4691 683 4744 τὸ
719 4689 971 4761 βραϐεῖον
1022 4690 1134 4750 τοῖς
1167 4684 1651 4757 προτρεχομένοις.

977 4891 1233 4959 Σχόλιον
1258 4886 1356 4951 λζ’.

453 4985 639 5057 ιΙνόρων
682 4982 940 5054 λογιστὴς
978 4981 1216 5035 δεικνύει
1255 4979 1342 5043 τίς
1382 4976 1692 5049 λαμϐάνει,
1726 4977 1761 5048 ἦ
1789 4976 1960 5049 δημο-

376 5077 513 5131 σίων
562 5076 857 5145 συλλογεὺς
895 5073 1248 5145 τελεσμάτων
1279 5069 1378 5142 τήν
1411 5068 1670 5140 ὑψοποιὺν
1713 5069 1962 5123 ἀσπασά-

376 5186 544 5240 μενος
577 5168 774 5223 κλίσιν.

967 5279 1228 5348 Σχόλιον
1264 5274 1366 5347 λη’.

451 5370 527 5422 Τὸ
554 5368 744 5439 ἱλαρὸν
772 5369 868 5422 καὶ
898 5367 1104 5423 ἄλυπον
1138 5364 1243 5418 ὑπὸ
1267 5364 1369 5434 τῆς
1396 5363 1577 5433 ψυχῆς
1604 5363 1956 5435 κατάστημα,

380 5459 439 5513 αἱ
465 5458 577 5512 τῶν
603 5457 790 5530 ὓμνων
816 5456 1157 5529 παρηγορίαι
1186 5453 1522 5527 χαρίζονται.

451 5636 647 5696 "Psal.
697 5654 788 5705 XV,
821 5640 876 5708 8,
909 5639 995 5697 10.

2665 4500 2921 4554 Scholion
2952 4501 3042 4556 56.

2133 4584 2286 4653 Quod
2316 4586 2564 4645 absolute
2596 4603 2819 4662 propter
2853 4592 2968 4649 haec
2995 4595 3179 4650 omnia
3207 4604 3263 4651 et
3285 4611 3394 4650 non
3425 4606 3647 4666 propter

2064 4694 2256 4746 unum,
2288 4682 2572 4751 praemium
2607 4684 2679 4739 sit
2702 4685 3030 4742 destinatum
3063 4689 3524 4758 praecurrentibus
3544 4705 3647 4746 seu

2063 4784 2228 4824 cursu
2258 4772 2631 4830 vincentibus.

2559 4886 2728 4960 528
2768 4889 3018 4944 Scholion
3058 4891 3149 4945 57.

2140 4974 2492 5033 'l‘ributorum
2540 4992 2764 5035 curator
2795 4983 3037 5037 ostendit
3076 4984 3201 5053 quis
3240 4984 3507 5053 accipiat,
3552 4990 3650 5036 aut

2070 5067 2414 5134 publicorum
2449 5074 2797 5144 vectigalium
2822 5084 3062 5142 exactor,
3090 5076 3186 5147 qui
3211 5076 3475 5132 humilem
3500 5083 3651 5129 amat

2069 5155 2478 5217 inclinationem
2506 5179 2630 5234 qua
2654 5164 2948 5222 sublimem
2980 5165 3115 5223 facit
3141 5165 3558 5238 (inclinatum).

2672 5281 2921 5339 Scholion
2959 5284 3049 5339 58.
3504 5326 3510 5331 .

2138 5364 2379 5425 Hilarem
2407 5381 2462 5429 et
2487 5372 2672 5429 laetum
2696 5374 2896 5429 animae
2918 5382 3119 5428 statum
3141 5381 3194 5427 et
3214 5371 3465 5427 habitum
3487 5370 3646 5442 bym—

2069 5472 2267 5515 norum
2299 5464 2704 5521 consolationes
2731 5473 3014 5536 praestant.

458 5797 538 5867 (ιι)
587 5794 787 5853 Ultima
832 5798 998 5856 verba
1044 5809 1167 5857 octo
1226 5801 1420 5856 abrasa
1482 5797 1722 5873 fuerant,
1771 5820 1894 5875 quze
1919 5820 1983 5865 ex
2024 5806 2342 5877 conjectura
2410 5806 2616 5865 Latina:
2661 5810 2830 5866 Isaari
2887 5813 3263 5873 translationis
3322 5811 3634 5891 adiecimus.
