4030 6440
419 280 562 363 tm

1023 404 1269 461 Scholion
1308 405 1393 461 59.

495 496 980 566 Quemadmodum
1014 496 1108 567 qui
1136 496 1257 551 luce
1284 501 1386 551 hac
1411 504 1621 564 carent,
1649 512 1755 552 non
1783 508 2014 570 possunt

425 601 574 643 recta
595 586 850 642 incedere
877 604 890 640 :
925 586 996 640 ita
1026 585 1117 654 qui
1143 600 1425 641 sacrarum
1445 584 1775 643 Litterarum
1803 590 2013 644 lumine

427 688 557 735 sunt
589 678 859 741 destituti,
895 692 1019 733 cum
1056 676 1124 731 ad
1161 677 1355 730 harum
1399 679 1745 749 splendorem
1782 695 1890 735 non
1922 695 2009 735 re-

427 770 693 841 spiciunt,
731 768 1043 841 frequenter
1076 766 1379 834 oﬂ'eudunt,
1415 778 1469 823 et
1504 785 1648 840 saepe
1684 786 1870 826 errare
1913 786 2012 827 co-

428 874 652 935 guntur,
681 870 740 917 ut
769 861 862 933 qui
888 862 941 915 itt
966 860 1091 917 altis
1114 860 1353 916 tenebris
1378 861 1656 919 incedunt.

1032 1035 1281 1093 Scholion
1319 1038 1409 1093 40.

499 1128 874 1200 lmproborum
913 1143 1108 1200 nempe
1137 1137 1192 1184 et
1231 1129 1616 1200 impostorum,
1653 1129 1845 1200 quales
1887 1137 2014 1185 sunt

428 1221 814 1276 haereticorum
854 1236 1161 1276 sermones.

1127 1308 1311 1364 Aliud.

501 1396 630 1454 Sive
671 1399 794 1455 illos
833 1399 1090 1469 intelligit
1135 1400 1230 1469 qui
1277 1399 1424 1453 aliud
1461 1399 1646 1454 verbis
1676 1414 1787 1470 pm
1820 1413 1879 1454 se
1927 1396 2011 1454 le-

426 1498 578 1555 runt,
624 1491 771 1546 aliud
804 1491 1218 1560 intelligendum
1259 1492 1600 1561 relinquunt,
1643 1492 1833 1562 quales
1884 1500 2015 1545 sunt

431 1582 714 1654 anagogici
743 1599 942 1639 sensus
971 1593 1026 1639 et
1063 1584 1348 1639 sublimes.
1394 1582 1568 1639 Verba
1601 1586 1744 1638 enim
1778 1585 2012 1639 obscura

432 1674 547 1729 sive
568 1676 804 1730 tenebris
825 1678 1174 1743 aenigmatum
1201 1678 1439 1732 involuta
1464 1687 1515 1732 et
1537 1677 1813 1732 recondita
1841 1678 2010 1747 (juxta

1685 296 1745 357 S.
1779 295 2100 358 JOANNIS
2127 295 2434 369 CLIMACI

2033 421 2085 477 Δ

3553 294 3703 365 ιέεέε

2707 412 2755 464 Σ
2756 410 2968 478 χόλων
2990 408 3087 462 λθ’.

2186 501 2402 573 Ὠσπερ
2457 503 2505 555 οἱ
2560 500 2656 555 τοῦ
2698 502 2877 571 φωτὸς
2922 499 3116 553 τούτου
3170 498 3532 570 ἐστερημένοι
3590 501 3708 552 οὔκ

2112 591 2179 646 ἂν
2218 592 2357 665 ὀρθά
2408 593 2721 664 βαδίσαιεν·
2764 592 2941 655 οὕτως
2986 593 3035 644 οί
3096 589 3209 644 τῶν
3251 589 3414 644 θείων
3459 588 3710 659 Γραφῶν

2112 685 2490 755 ἐστερημένοι,
2531 685 2628 738 καὶ
2666 684 2804 757 πρὸς
2846 683 2943 755 τὴν
2984 684 3180 737 ἀκτῖνα
3219 681 3429 735 τούτων
3463 678 3542 752 μὴ
3572 678 3706 750 βλέ-

2112 793 2330 844 ποντες,
2354 778 2528 833 πολλὰ
2556 779 2992 850 προσκόπτουσι,
3026 777 3119 830 καὶ
3138 775 3549 844 ἀναγκάζονται
3572 790 3709 827 συν-

2113 867 2253 938 εχῶς
2309 869 2670 941 ἁμαρτάνειν,
2703 868 2798 923 ἆτε
2826 868 2892 941 δὴ
2938 870 2998 923 ὲν
3050 869 3236 924 σκότει
3285 866 3514 939 χαλεπῷ
3548 863 3711 936 βαδίο

2114 960 2318 1024 ζοντες.

2681 1054 2729 1108 Σ
2730 1052 2943 1122 χόλιον
2984 1055 3059 1119 μ’.

2196 1143 2650 1214 Ἂλιτηριονοοῦς,
2683 1143 2718 1215 ἢ
2743 1141 3143 1210 πλανολόγους·
3169 1134 3274 1194 οἷοί
3304 1138 3412 1193 είσι
3451 1138 3565 1192 τῶν
3606 1137 3702 1191 αῖ-

2005 1282 2015 1291 .
2117 1234 2419 1307 ρεσιωτῶν.

2183 1362 2189 1367 .
2805 1323 3013 1379 Ἄλλο.

2188 1416 2346 1470 Ἤτοι
2393 1415 2778 1485 ἀναγωγικοὺς
2830 1416 2959 1476 τοὺς
3011 1414 3143 1485 ἄλλο
3197 1412 3298 1485 μὲν
3358 1412 3589 1485 ἔχοντας
3639 1410 3707 1465 τὸ

2115 1507 2465 1578 φαινόμενον,
2493 1505 2622 1560 ἄλλο
2645 1505 2702 1559 δὲ
2735 1506 2795 1558 τὸ
2821 1504 3134 1577 νοούμενον·
3167 1506 3394 1568 σκότους
3424 1502 3537 1576 γὰρ
3568 1504 3707 1557 ὄντα

2117 1600 2370 1670 ῥήματα·
2405 1598 2573 1669 ἧγουν
2616 1596 2990 1667 αἰνιγματώδη
3035 1595 3130 1650 καὶ
3178 1595 3365 1665 ἀσαφῆ
3404 1594 3585 1665 (κατὰ
3602 1595 3703 1648 τό·

2120 1691 2328 1745 Ἐθετο
2380 1688 2604 1753 σκότος
2634 1687 3001 1757 ποκρυφὴγ
3053 1685 3275 1757 αὑτοῦ)
3321 1687 3447 1750 τοὺς
3489 1685 3569 1756 μὴ
3609 1685 3708 1738 δυ-

434 1764 567 1820 illud
599 1784 613 1820 :
644 1764 831 1820 Posuit
883 1768 1122 1822 tenebras
1178 1768 1460 1821 latibulum
1510 1785 1667 1822 suum
1697 1769 1770 1841 ")
1808 1769 1874 1823 iis
1923 1770 2012 1840 qui

2135 1780 2385 1846 ναμένους
2416 1778 2724 1851 ὑπερϐῆναι
2757 1754 2819 1831 το
2853 1754 3113 1849 γράμμα,
3145 1779 3240 1832 καὶ
3256 1754 3416 1832 ’ἔνδον
3447 1754 3707 1848 χωρῆσαι

434 1859 577 1912 ultra
630 1859 935 1913 litterarum
985 1876 1213 1915 sensum
1256 1875 1364 1914 non
1411 1870 1643 1931 possunt
1685 1862 2012 1928 ascendere,

435 1962 533 2001 nec
562 1948 708 2015 quod
755 1947 902 2003 intus
949 1949 1083 2003 latet
1127 1950 1313 2004 animo
1361 1963 1558 2018 capere
1602 1958 1694 2003 aut
1731 1961 2017 2018 penetrare

434 2030 770 2092 intellectum
803 2039 910 2107 rei,
942 2048 1164 2105 nocent,
1201 2055 1325 2093 cum
1368 2050 1421 2094 ut
1450 2040 1634 2108 jacent
1666 2040 1830 2094 verba
1869 2039 2017 2094 acci-

434 2129 1152 2203 piuntur,quemadmodum
1185 2131 1411 2186 Cantica
1439 2130 1805 2196 canticorum,
1833 2139 1888 2185 et
1911 2130 2018 2187 hoc

433 2234 606 2290 genus
640 2221 769 2276 alia.

860 2310 1110 2366 Scholion
1154 2311 1463 2368 Theodoreti
1498 2313 1561 2368 ιι

504 2399 713 2457 Ventus
765 2403 1037 2459 levissima
1103 2406 1431 2476 corpuscula
1487 2407 1541 2460 in
1589 2421 1771 2462 aerem
1828 2404 2017 2461 tollere

431 2495 572 2550 solet
604 2513 619 2551 :
654 2504 709 2550 ct
735 2496 986 2553 homines
1020 2513 1191 2554 vanos
1220 2509 1401 2555 tumor
1426 2499 1619 2568 animi,
1648 2515 1744 2556 seu
1780 2500 1861 2556 sui
1895 2499 2015 2555 exi-

430 2587 695 2644 stimatio.

871 2678 1037 2734 Aliud
1079 2680 1257 2736 Theol.
1301 2679 1551 2736 Naziauz

505 2767 668 2826 Utres
700 2786 909 2828 vacuos
944 2781 1143 2829 ventus
1173 2773 1458 2839 distendit,
1498 2774 1678 2832 fatuos
1707 2776 1790 2834 sui
1822 2775 2016 2832 existi-

432 2863 627 2919 Instio.

1131 2953 1317 3009 Aliud.

503 3039 735 3116 (Hujus)
766 3042 1195 3100 existimationis
1226 3044 1313 3099 sui
1344 3051 1400 3100 et
1430 3059 1571 3100 vana
1593 3043 1843 3113 jactatio.

504 3215 746 3291 Dissipat
782 3235 878 3292 per
910 3132 1334 3278 ostentalitlitxm
1367 3229 1424 3277 et
1446 3219 1793 3292 jactantiam.

1139 3399 1315 3456 Aliud.

507 3486 588 3544 Ne
639 3488 737 3543 tibi
787 3489 1047 3562 subrepat
1097 3506 1213 3545 rem
1255 3491 1330 3545 ita
1369 3504 1512 3556 esse,
1551 3489 2015 3561 quemadmodum

434 3582 535 3638 tibi
574 3581 807 3637 videtur.

1137 3673 1320 3728 Aliud.

506 3764 830 3821 Aristoteles
878 3779 1005 3821 cum
1061 3765 1270 3820 videret
1315 3766 1717 3821 adolescentem
1767 3765 1913 3821 elato
1965 3775 2019 3821 et

434 3861 670 3929 superbo
698 3860 993 3930 supercilio
1019 3859 1379 3924 incedentem,
1420 3859 1516 3915 sed
1544 3860 1735 3914 rudem
1769 3868 1823 3914 et
1847 3858 2019 3929 impe-

436 3951 597 4005 ritum
626 3967 641 4005 :
669 3949 1027 4021 Adolescens,
1056 3952 1259 4021 qualis,
1287 3950 1484 4021 inquit,
1512 3951 1610 4006 tibi
1643 3949 1866 4015 videris,
1898 3963 2020 4005 esse

436 4057 570 4096 sane
598 4042 850 4112 cupiam;
886 4043 1064 4114 qualis
1089 4053 1269 4097 autem
1313 4057 1502 4098 revera
1531 4057 1616 4109 es,
1647 4042 1835 4098 hostes
1868 4057 2018 4097 meos

431 4147 553 4188 esse
582 4134 768 4188 velim.

940 4224 1107 4299 429
1139 4224 1390 4282 Scholion
1428 4225 1520 4281 42.

505 4314 762 4387 Hospites
790 4314 1114 4389 [peregrini]
1150 4317 1511 4371 adventantes
1549 4330 1729 4386 neque
1753 4314 2018 4371 varietate

2114 1871 2211 1925 τοῦ
2253 1871 2588 1942 πνεύματος,
2628 1869 2929 1941 βλάπτουσι
2968 1868 3107 1923 κατὰ
3145 1869 3208 1922 τὸ
3237 1869 3532 1941 πρόχειρον
3562 1867 3711 1939 λαμ-

2116 1960 2427 2031 ϐανόμενα·
2467 1959 2544 2023 ὡς
2601 1958 2664 2012 τὸ
2704 1954 2896 2028 ’ᾼσμα
2948 1957 3062 2011 τῶν
3129 1956 3413 2029 ᾀσμάτων,
3482 1958 3580 2011 καὶ
3632 1957 3710 2009 τὰ

2115 2068 2270 2105 τοιαυ
2276 2067 2363 2105 τα.

2548 2318 2739 2372 Ἀλλο
2793 2315 3061 2386 Θεοδωρή
3069 2334 3173 2371 του
3211 2321 3322 2387 μα’.

2202 2405 2262 2462 Ὀ
2289 2407 2387 2478 μὲν
2414 2406 2613 2477 ἄνεμος
2657 2406 2726 2460 τά
2771 2405 3120 2479 ἐλαφρότατα
3148 2404 3250 2476 τῆς
3279 2404 3415 2477 ὕλης
3447 2406 3530 2469 είς
3560 2406 3709 2477 άέρα

2118 2498 2401 2569 κουφίζειν
2450 2497 2685 2552 εἴωθεν
2715 2497 2845 2562 τοὺς
2891 2497 2950 2551 δὲ
3004 2496 3195 2561 κενοὺς
3236 2496 3347 2550 τῶν
3393 2496 3711 2568 ἀνθρώπων

2118 2592 2152 2663 η
2192 2591 2393 2662 οίησις.

2545 2683 2728 2737 Ἀλλο
2758 2681 2866 2736 τοῦ
2918 2680 3235 2751 Θεολόγου.

2189 2772 2330 2837 Τοὺς
2380 2770 2481 2844 μὲν
2545 2774 2740 2836 κενοὺς
2786 2772 2990 2835 ἀσκοὺς
3044 2769 3106 2823 τὸ
3153 2767 3374 2841 πνεῦμα
3426 2768 3708 2841 διίστησι*

2117 2860 2245 2924 τοὺς
2278 2858 2338 2912 δὲ
2381 2858 2706 2931 ἀνοήτουςὴ
2740 2859 2938 2930 οἴησις.

2814 2949 3023 3004 Ἄλλο.

2187 3045 2300 3117 Τῆς
2327 3043 2558 3114 οἰήσεως
2588 3040 2684 3096 καὶ
2709 3041 3052 3112 καυχήσεως.

2840 3133 3051 3188 Ἀλλο.

2187 3224 2481 3298 Σκορπίξει
2534 3225 2646 3298 γὰρ
2697 3224 2787 3280 διὰ
2850 3225 3237 3298 φανητιασμοῦ
3316 3226 3415 3282 καὶ
3476 3225 3706 3299 καυχή-

2119 3334 2279 3381 σεως.

2817 3411 3033 3466 Ἄλλο.

2188 3502 2279 3573 Μή
2308 3519 2392 3557 σοι
2425 3502 2485 3557 τὸ
2512 3497 2657 3557 εἶναι
2692 3502 2755 3558 τδ
2784 3501 2968 3557 δοκεῖν
3000 3502 3284 3577 ὐποῤῥέοι.

2829 3679 3032 3733 Ἄλλο.

2204 3769 2586 3841 Ἀριστοτέλης
2620 3767 2963 3839 θεασάμενος
3017 3770 3305 3823 νεανίσκον
3358 3765 3705 3839 κατωφρυὼ-

2122 3876 2307 3932 μενον,
2347 3858 2513 3931 μηδὲν
2552 3857 2611 3911 δὲ
2641 3858 3041 3930 ἐπιστάμενον·
3074 3857 3370 3923 Νεανίσκε,
3407 3856 3563 3927 φησὶ,
3585 3850 3702 3919 οἶος

2122 3951 2225 4022 μὲν
2267 3952 2452 4014 δοκεῖς
2495 3948 2725 4003 σεαυτὸν
2767 3943 2931 4016 εῖναι,
2992 3947 3105 4017 ἐγὼ
3152 3946 3453 4018 γενοίμην·
3503 3939 3614 4009 οἷος
3641 3943 3699 3997 δὲ

2118 4041 2351 4113 ἀληθείᾳ
2411 4039 2704 4111 ὑπάρχεις,
2768 4039 3003 4093 τοιοῦτοί
3078 4055 3170 4110 μοι
3239 4038 3291 4092 οί
3359 4036 3547 4109 ἐχθροὶ
3603 4034 3697 4105 τίς

2116 4152 2309 4193 νοιντο.

2715 4224 2764 4277 Σ
2764 4221 2978 4292 χόλιον
3020 4219 3131 4293 μβ’.

2189 4314 2264 4366 Οὐ
2303 4312 2408 4385 χρὴ
2460 4313 2572 4376 τοῖς
2605 4314 3036 4383 παραϐάλλουσι,
3062 4312 3185 4366 οὔτε
3234 4312 3514 4377 ποικιλίας
3559 4311 3705 4384 βρω-

434 4411 681 4467 ciborum
704 4451 719 4476 ,
767 4428 947 4482 neque
978 4428 1179 4484 magno
1214 4413 1508 4470 verborum
1555 4421 1819 4482 apparatu
1862 4411 2013 4467 exci-

2135 4402 2331 4466 ιάτων,
2361 4400 2422 4455 οὕ
2434 4419 2485 4455 τε
2513 4403 2784 4473 κομψείας
2828 4403 3090 4476 ῥημάτων
3122 4402 3499 4474 παρατιθέναι,
3531 4406 3702 4457 ὁποῖοι

436 4501 617 4571 piendi
649 4511 798 4567 sunt,
829 4518 1162 4573 quocunque
1203 4502 1396 4557 habitu
1443 4504 1556 4558 sint
1595 4510 1691 4557 aut
1728 4502 2010 4569 moribus,

437 4593 529 4647 sed
560 4593 707 4647 tenui
732 4593 1077 4664 simplicique
1111 4593 1271 4648 modo
1310 4593 1604 4649 tractandi.

885 4682 1044 4735 Aliud
1077 4679 1293 4752 Iosephi
1333 4682 1559 4736 abbatis.

507 4768 737 4838 Quando
768 4771 1007 4828 volueris
1044 4772 1283 4842 aliquem
1327 4772 1394 4826 ad
1431 4774 1637 4827 bonum
1686 4769 1964 4828 adhortari
1997 4812 2013 4839 ,

437 4861 675 4931 primum
707 4861 904 4915 exhibe
933 4861 1010 4916 illi
1044 4861 1216 4916 oﬂlcia
1246 4861 1495 4932 corporis
1533 4869 1593 4917 ιιι
1624 4862 2012 4930 conquiescat;

438 4953 633 5008 deinde
655 4952 839 5008 verbis
882 4953 1149 5009 charitate
1171 4953 1347 5024 plenis
1377 4952 1529 5007 illum
1563 4952 1682 5009 cole
1705 4962 1759 5008 et
1786 4953 2018 5007 honora.

437 5042 585 5100 Nihil
613 5045 759 5100 enim
799 5046 873 5101 ita
921 5045 1201 5100 hominem
1246 5046 1313 5101 ad
1357 5045 1716 5100 reverentiam
1765 5054 1819 5100 et
1863 5059 2021 5099 vere-

438 5136 692 5191 cundiam
726 5152 942 5193 morum
976 5137 1205 5203 inducit,
1258 5144 1320 5191 ut
1367 5136 1543 5193 oﬂicia
1593 5137 1877 5193 charitatis
1923 5152 2021 5191 ex-

439 5236 593 5283 terna
641 5231 920 5300 corporis,
963 5238 1020 5285 et
1065 5228 1241 5285 honor
1285 5246 1446 5303 quem
1490 5230 1587 5285 abs
1642 5239 1694 5285 te
1745 5227 2016 5300 proﬁcisci

439 5319 644 5377 vident.

1038 5411 1292 5469 Scholion
1328 5415 1419 5469 45.

512 5501 569 5557 In
601 5515 787 5559 sancta
839 5502 1109 5561 Trinitate
1151 5513 1263 5561 tres
1306 5505 1630 5577 hypostases
1676 5503 1792 5558 sive
1839 5501 2018 5559 subsi-

2115 4493 2184 4547 ἂν
2233 4493 2441 4564 σχῆμα,
2493 4493 2526 4565 ἢ
2565 4493 2656 4547 τὸν
2699 4494 2899 4566 τρόπον
2951 4495 3276 4565 τυγχάνουσι
3301 4510 3316 4525 ·
3366 4494 3603 4567 λιτότητι
3645 4492 3703 4547 δὲ

2112 4582 2328 4648 πάντας
2355 4583 2692 4656 ἐκδέχεσθαι.

2537 4678 2719 4731 Ἄλλο
2754 4675 3042 4746 ἰωσήφου
3069 4674 3239 4732 ἀσόᾶ.

2189 4771 2359 4824 Ὅταν
2412 4767 2663 4840 θελήσεις
2704 4768 3023 4839 νουθετῆσαί
3074 4786 3197 4822 τινα
3244 4771 3323 4836 εἰς
3377 4771 3439 4826 τὸ
3478 4772 3705 4841 ἀγαθὸν,

2124 4860 2341 4932 πρῶτον
2374 4860 2688 4914 ἀνάπαυσον
2720 4860 2882 4913 αὐτὸν
2918 4859 3247 4931 σωματικῶς
3269 4877 3284 4891 ·
3329 4863 3424 4916 καὶ
3473 4862 3709 4935 τίμησον

2124 4952 2291 5005 αὑτὸν
2319 4953 2378 5004 ὲν
2406 4950 2550 5021 λόγῳ
2582 4950 2835 5021 ἀγάπης’
2870 4951 3020 5004 οὐδὲν
3050 4951 3159 5023 γάρ
3201 4952 3376 5018 οὕτως
3408 4955 3587 5009 πείθει
3614 4956 3710 5008 τὸν

2125 5043 2412 5115 ἄνθρωπον
2465 5041 2731 5096 αίδεῖσθαι
2795 5040 2890 5095 καὶ
2941 5043 3345 5114 μεταλλαγῆναι
3407 5048 3552 5100 ποιεῖ
3598 5046 3710 5100 ἀπὸ

2124 5137 2226 5206 τῆς
2254 5136 2454 5200 κακίας
2486 5133 2652 5188 αὐτοῦ
2678 5134 2772 5188 ἐπὶ
2802 5134 2871 5189 τὰ
2904 5135 3168 5206 βελτίονα,
3198 5138 3281 5200 ὡς
3318 5139 3385 5193 τά
3420 5140 3713 5212 σωματικά

2125 5225 2328 5296 ἀγαθὰ,
2363 5226 2459 5281 καὶ
2488 5228 2521 5297 ἠ
2558 5226 2692 5297 τιμὴ
2725 5226 2902 5298 ἥνπερ
2936 5225 3133 5297 θεωρεῖ
3164 5227 3273 5281 ἀπὸ
3304 5229 3422 5285 σοῦ.

2715 5403 2975 5473 Σχόλιον
3008 5412 3119 5473 μγ’.

2200 5494 2324 5551 Ἐπὶ
2377 5495 2477 5567 μὲν
2522 5492 2622 5563 τῆς
2666 5492 2824 5564 ἁγίας
2890 5493 3117 5565 Τριάδος
3179 5496 3328 5565 τρεῖς
3379 5495 3709 5557 ὑποστασεις

442 5594 686 5660 stentias,
718 5604 772 5651 et
805 5605 917 5652 tres
961 5610 1226 5668 personas
1257 5598 1600 5670 proﬁtemur,
1637 5603 1891 5651 naturam
1919 5608 2015 5648 au-

2135 5589 2371 5661 ιέγομεν,
2417 5586 2513 5643 καὶ
2554 5586 2682 5659 τρία
2741 5585 3043 5657 πρόσωπα,
3102 5588 3265 5656 φύσιν
3319 5585 3376 5640 δὲ
3432 5587 3562 5658 μίαν
3612 5589 3706 5643 καὶ

511 5704 554 5737 ⁸⁸
587 5701 736 5762 Psal.
776 5722 914 5774 ινιι,
948 5706 1037 5761 l2.
