4030 6472
299 433 434 502 1129

1221 437 1454 496 SCALA
1503 436 1887 507 PARADISI.
1912 459 1982 469 ·-
2022 434 2332 495 GRADUS
2367 434 2641 496 XXVIII.

3424 435 3563 498 1130

295 549 535 618 θέλημαι
575 545 667 600 iul
706 546 763 600 δὲ
795 544 886 599 τοῦ
934 545 1194 619 Χριστοῦ,
1247 547 1374 618 μίαν
1408 547 1511 618 μὲν
1557 549 1875 613 ὑπόστασιν,

2005 560 2092 599 em
2125 555 2180 601 et
2213 535 2788 602 voluntatem'u'uam.
2841 547 2898 602 lu
2945 547 3166 604 Christo
3209 563 3340 604 vero
3397 565 3564 604 unam

293 641 386 694 xui.
427 638 489 690 ἰν
536 637 852 708 πρόσωπον,
897 637 992 691 δύο
1037 638 1094 692 δὲ
1145 639 1358 709 φύσεις,
1421 639 1726 712 θελήματα,
1775 641 1880 696 κᾶν

291 731 388 800 οὐχ
415 726 560 782 οὕτω
588 728 720 799 δοκῇ
749 731 862 792 τοῖς
898 730 1198 798 αἱρετικοίς
1228 729 1324 784 καὶ
1373 729 1734 804 βλασφήμοιςι

889 1163 1110 1220 ΛΟΓΟΣ
1148 1165 1286 1220 KH'.

283 1274 436 1343 Περὶ
480 1271 592 1348 τῆς
634 1273 796 1343 ἱερᾶς
825 1275 1187 1348 καί-μητρὸς
1217 1275 1339 1331 τῶν
1367 1277 1596 1346 ἀρετῶν
1636 1276 1746 1346 τῆς
1775 1295 1887 1348 ματ

353 1345 580 1421 πειρίας
646 1345 1036 1421 προσευχῆς-ρ
1095 1347 1196 1400 καὶ
1251 1345 1413 1421 «cpi,
1439 1348 1552 1416 τῆς
1597 1350 1668 1403 ἐν
1699 1345 1886 1417 αὐτῇ

353 1414 602 1482 νοερᾶς,
641 1414 742 1467 καὶ
769 1414 1065 1486 αἰσθητῆς
1105 1414 1564 1484 παραστάσεως.

353 1506 654 1576 Προσευχή
721 1508 839 1560 ἐστι
891 1507 1031 1561 κατὰ
1089 1508 1187 1579 μὲν
1246 1508 1345 1581 τὴν
1400 1510 1569 1581 αὐτῆς
1626 1511 1888 1582 ποιότητα

288 1595 555 1652 συνουσία
603 1596 700 1649 καὶ
729 1596 925 1661 ἓνωσις
970 1597 1262 1670 ἀνθρώπου
1313 1601 1408 1653 καὶ
1451 1600 1619 1654 Θεοῦ·
1659 1601 1799 1656 κατά
1830 1603 1888 1656 δὲ

287 1691 397 1760 τὴν
425 1689 726 1760 ἐνέργειαν,
773 1689 984 1760 κόσμου
1028 1690 1323 1756 σύστασις
1361 1693 1497 1746 Θεοῦ
1546 1693 1885 1766 καταλλαγὴ,

289 1781 548 1851 δακρύων
596 1781 781 1852 μήτηρ
811 1782 907 1835 καὶ
942 1783 1105 1836 πάλιν
1157 1783 1428 1854 θυγάτηρ,
1471 1785 1890 1856 ἁμαρτημάτων

295 1871 548 1942 ἱλασμὸς,
601 1870 932 1942 πειρασμῶν
980 1872 1219 1943 γέφυραν,
1271 1873 1506 1943 θλίψεων
1552 1876 1888 1949 μεσότοιχον,

1990 638 2312 709 hypostasin
2355 641 2468 694 sive
2502 639 2913 696 subsistentiam
2959 649 3014 696 et
3049 657 3212 696 unam
3252 646 3567 712 personam,

1989 727 2127 784 duas
2150 744 2279 784 vero
2311 738 2535 785 naturas
2569 739 2624 785 et
2653 731 2791 785 duas
2813 731 3143 796 voluntates,
3174 732 3426 802 quamvis
3457 731 3572 785 hae-

1989 819 2145 875 retici
2179 831 2234 877 et
2263 821 2568 892 blasphemi
2599 825 2758 878 aliter
2795 825 3055 880 sentiant.

2502 1159 2784 1217 GRADUS
2821 1159 3060 1216 XXVIII.

2025 1272 2106 1326 De
2133 1289 2291 1327 sacra
2325 1282 2377 1327 et
2403 1273 2664 1327 virtutum
2693 1275 3044 1340 procreatrice
3071 1273 3223 1326 beata
3256 1273 3494 1328 oratione
3517 1287 3538 1326 :

2130 1352 2179 1396 et
2216 1343 2281 1397 de
2320 1345 2511 1398 mentis
2543 1354 2592 1398 et
2634 1345 2872 1412 corporis
2905 1345 2962 1396 in
2992 1342 3090 1396 illa
3125 1345 3431 1411 praesentia.

2068 1501 2278 1568 Oratio,
2316 1501 2362 1556 si
2393 1500 2566 1571 ipsius
2590 1509 2845 1555 naturam
2876 1513 2972 1555 seu
3002 1497 3320 1569 qualitatem
3343 1505 3577 1567 spectes,

1998 1606 2082 1653 est
2128 1595 2418 1651 familiaris
2469 1595 2816 1652 conversatio
2864 1606 2919 1651 et
2971 1594 3290 1664 coniunctio
3339 1591 3580 1648 hominis

1998 1707 2121 1748 cum
2149 1691 2296 1760 Deo;
2334 1692 2380 1748 si
2413 1700 2593 1746 autem
2619 1691 2726 1745 vim
2760 1706 2854 1746 seu
2887 1688 3206 1753 efﬁcaciam,
3235 1686 3426 1742 mundi
3450 1701 3583 1741 eon-

2000 1789 2259 1848 servatio,
2309 1785 2404 1840 Dei
2443 1785 2846 1850 reconciliatio,
2898 1795 3070 1839 mater
3119 1784 3483 1854 lacrymarum
3527 1789 3584 1833 et

2003 1879 2202 1936 iterum
2239 1880 2370 1943 ﬁlia,
2401 1879 2720 1950 propitiatio
2746 1887 3118 1948 peccatorum,
3151 1891 3291 1947 pons
3327 1875 3584 1930 tentatio--

299 1964 554 2034 πολέμων
582 1963 834 2034 θραῦσις,
887 1965 1135 2033 ἀγγέλων
1171 1965 1357 2037 ἔργον,
1405 1967 1714 2041 ἀσωμάτων
1757 1971 1896 2024 πάν-

2005 1989 2155 2041 num,
2198 1973 2670 2044 propugnaculum
2713 1970 2979 2026 adversus
3021 1970 3284 2038 impetum
3331 1966 3583 2023 afﬂictio-

307 2075 418 2110 των
458 2059 664 2127 τροφὴο
701 2059 733 2128 ἡ
787 2058 1056 2129 μέλλουσα
1102 2060 1433 2134 εὐφροσύνη,
1471 2064 1777 2135 ἀπέραντος
1808 2066 1898 2136 ἑρ-

308 2148 498 2216 γασία,
534 2149 737 2220 ἀρετῶν
795 2150 970 2224 πηγὴ,
1028 2155 1384 2226 χαρισμάτων
1432 2155 1716 2226 πρόξενος,
1765 2172 1900 2226 προσ⁸

313 2239 458 2312 κοπὴ
512 2240 759 2314 ἀόρατος,
813 2243 990 2316 τροφὴ
1037 2245 1240 2317 ψυχῆς,
1286 2246 1377 2300 νοῦ
1426 2250 1729 2318 φωτισμὺς,
1764 2249 1901 2301 ἀπο-

310 2333 567 2401 γνώσεως
625 2335 815 2402 πέλυξ,
868 2335 1085 2400 ἐλπίδος
1134 2338 1430 2404 ἀπόδειξις,
1481 2339 1659 2411 λύπης
1721 2338 1898 2404 λύσις,

307 2424 538 2488 πλοῦτος
580 2426 851 2497 μοναχῶν,
885 2428 1214 2498 ήσυχαστῶν
1245 2428 1543 2501 Θησαυρὸς,
1575 2429 1748 2502 θυμοῦ
1782 2431 1902 2502 μεί·

301 2535 479 2583 ωσις,
536 2518 802 2590 ἔσοπτρον
851 2519 1159 2591 προκοπῆς,
1213 2521 1430 2592 μέτρων
1476 2521 1554 2593 (a)
1607 2523 1899 2593 ὲμφάνεια,

302 2611 702 2674 καταστάσεως
764 2611 1030 2684 δήλωσις,
1086 2613 1194 2667 τῶν
1267 2614 1573 2683 μελλόντων
1637 2617 1900 2689 μηνυτὴς,

305 2709 504 2773 κλέους
541 2711 808 2781 σημασία.
839 2712 1124 2782 Προσευχή
1159 2715 1276 2766 ἐστι
1303 2713 1382 2784 τῷ
1423 2713 1594 2778 ὅντως
1626 2715 1904 2786 εὐχομένη)

307 2802 665 2873 δικαστήριον
709 2802 806 2856 καὶ
854 2805 1159 2875 κριτήριον,
1201 2805 1293 2858 καὶ
1327 2806 1478 2877 βῆμα
1525 2807 1756 2877 Κυρίου,
1798 2808 1905 2880 προ

306 2895 405 2948 τοῦ
435 2893 679 2966 βήματος
709 2895 993 2966 μέλλοντος
1013 2913 1027 2927 ο
1061 2897 1392 2962 ἀναστάντες
1424 2898 1774 2971 ἀκούσωμεν,
1803 2902 1906 2972 τῆς

2004 2081 2162 2128 num,
2217 2063 2487 2120 bellorum
2539 2063 2822 2134 oppressio
2859 2073 2914 2139 et
2960 2061 3286 2127 exstinctio,
3338 2059 3582 2115 ofﬁcium

2002 2154 2342 2225 angelorum,
2376 2155 2621 2208 omnium
2668 2153 2962 2224 spirituum
3006 2153 3352 2214 alimentum,
3393 2151 3578 2206 futura

2001 2246 2210 2311 laetitia,
2238 2247 2382 2301 actio
2425 2247 2778 2316 sempiterna,
2815 2246 3079 2299 virtutum
3125 2244 3423 2314 scaturigo,
3460 2258 3586 2314 gra-

2002 2338 2202 2393 tiarum
2233 2337 2542 2407 divinarum
2569 2338 2942 2404 conciliatrix,
2971 2335 3136 2410 430
3171 2335 3448 2406 profectus
3474 2335 3586 2404 spi-

2003 2431 2216 2486 ritualis
2241 2472 2257 2498 ,
2309 2431 2705 2486 nutrimentum
2743 2430 2978 2496 animae,
3025 2429 3224 2484 mentis
3260 2429 3582 2490 illustratio.

2003 2521 2213 2578 securis
2248 2521 2668 2592 desperationis,
2724 2521 2838 2592 spei
2882 2519 3298 2582 demonstratio,
3351 2509 3589 2573 tristitia,

2004 2613 2234 2681 solutio,
2265 2616 2470 2671 divitia:
2503 2616 2900 2670 monachorum
2926 2655 2940 2680 ,
2993 2615 3285 2670 thesaurus
3314 2612 3587 2668 solitario-

2003 2725 2151 2774 rum,
2187 2710 2283 2766 im
2311 2709 2627 2774 diminutio,
2671 2708 2955 2779 speculum
2989 2707 3230 2778 religiosi
3276 2708 3586 2776 profectus.

2004 2801 2414 2857 dimensionum
2446 2801 2633 2864 index,
2684 2809 2862 2855 status
2913 2799 3240 2862 declaratio,
3279 2798 3586 2854 futurorum

2007 2892 2359 2964 signiﬁcatio,
2393 2893 2582 2964 gloria:
2609 2890 2802 2946 futura:
2829 2891 3113 2946 iudicium.
3144 2887 3332 2946 Oratio
3357 2899 3440 2946 est
3461 2906 3589 2946 vere

2005 2984 2286 3054 precantis
2317 2984 2492 3048 curia,
2525 2983 2680 3038 locus
2707 2981 2898 3051 judieii
2930 2990 2984 3036 et
3010 2980 3227 3035 Domini
3265 2989 3393 3035 ante
3423 2994 3589 3052 gene—

2008 3075 2413 3146 ralejudicium
2458 3075 2720 3130 tribunal.
2765 3073 3131 3146 Exsurgentes
3170 3073 3459 3130 audiamus
3501 3089 3583 3128 sae

2006 3181 2158 3222 cram
2195 3167 2338 3223 hanc
2383 3167 2647 3222 virtutum
2683 3172 2927 3237 reginam
2963 3166 3028 3220 ad
3065 3181 3166 3220 nos
3195 3164 3410 3220 excelsa
3455 3179 3590 3218 voco

2009 3259 2378 3315 clamitantem
2411 3277 2426 3313 :
2467 3258 2650 3313 Venite
2678 3259 2748 3312 ad
2787 3275 2890 3322 me,
2924 3274 3099 3313 omnes
3130 3257 3220 3326 qui
3252 3256 3512 3310 laboratis
3540 3267 3588 3308 et

2006 3353 2212 3406 onerati
2235 3353 2383 3417 estis,
2414 3363 2462 3406 et
2487 3368 2580 3421 ego
2611 3352 2846 3421 reﬁciam
2866 3367 2954 3404 vos
2973 3364 2992 3402 :
3014 3349 3180 3402 tollite
3199 3347 3388 3418 jugum
3419 3361 3590 3399 meum

2005 3460 2164 3515 super
2193 3461 2300 3507 ros,
2335 3453 2384 3498 et
2417 3445 2694 3498 invenietis
2727 3443 2957 3514 requiem
2993 3440 3272 3495 animabus
3309 3439 3493 3493 vestris
3521 3439 3587 3503 ”,

2003 3545 2058 3592 ct
2113 3537 2440 3592 medicinam
2489 3537 2664 3607 plagis
2725 3535 2943 3591 vestris.
2983 3532 3179 3603 Iugum
3233 3533 3372 3586 cnim
3418 3547 3589 3585 meum

2005 3647 2163 3685 suave
2201 3643 2278 3686 est
2308 3632 2372 3697 ¹³,
2421 3641 2476 3686 et
2533 3646 2728 3703 magna
2767 3637 2989 3700 peccata
3040 3637 3218 3684 sanat.
3265 3629 3591 3698 Quicunque

2005 3723 2323 3794 imperatori
2368 3733 2424 3779 et
2468 3723 2578 3780 Deo
2621 3723 2903 3789 assistere,
2951 3734 3004 3777 et
3046 3738 3172 3778 cum
3215 3722 3308 3776 illo
3349 3721 3589 3791 colloqui

2007 3832 2392 3888 properamus,
2429 3833 2496 3871 ne
2526 3817 2780 3888 imparati
2811 3815 3149 3871 curriculum
3181 3815 3286 3869 hoc
3318 3813 3593 3885 ingredia-

2008 3927 2152 3972 tnur,
2185 3924 2253 3963 ne
2283 3923 2382 3963 nos
2405 3908 2624 3962 eminus
2647 3907 2766 3963 sine
2793 3906 2983 3972 armis,
3009 3914 3065 3961 et
3096 3904 3259 3974 regiis
3283 3903 3590 3974 insignibus

308 2987 471 3057 ἱεράς
528 2985 734 3056 ταύτης
785 2987 1107 3060 βασιλίσσης
1153 2989 1262 3042 τῶν
1311 2989 1522 3061 ἀρετῶν
1563 2990 1699 3062 πρὸς
1755 2993 1905 3063 ἡμᾶς

304 3077 494 3148 inpulit;
526 3081 596 3148 τῇ
623 3080 776 3150 φωνῇ
829 3078 1040 3152 βοώσης
1086 3081 1181 3134 καὶ
1214 3080 1505 3153 λεγούσης·
1541 3084 1721 3138 Δεῦτε
1752 3086 1905 3154 πρός

297 3187 380 3240 με
405 3212 424 3237 ,
484 3169 706 3236 πάντες
760 3173 816 3225 οι
874 3169 1204 3237 κοπιῶντες
1263 3173 1361 3226 καί
1417 3175 1902 3246 πεφορτισμένοι,

301 3259 478 3328 κάγὼ
533 3261 868 3315 ἀναπαύσω
923 3259 1114 3332 ὑμᾶς·
1187 3263 1365 3332 ἄρατε
1411 3266 1518 3319 τὸν
1557 3266 1735 3336 ζυγόν
1783 3287 1904 3338 μου

297 3351 398 3420 ἐφ’
431 3349 608 3420 ὑμᾶς,
646 3351 746 3405 καί
795 3355 1088 3423 εὑρήσετε
1123 3354 1475 3410 ἀνάπαυσιν
1512 3357 1640 3424 ταῖς
1674 3359 1900 3429 ψυχαῖς

298 3439 502 3510 ὑμῶν,
543 3445 638 3495 καὶ
669 3443 812 3497 ἴασιν
838 3447 960 3509 ταῖς
992 3446 1232 3516 πληγαῖς
1269 3449 1442 3518 ὑμῶν.
1495 3449 1560 3502 ὐ
1584 3452 1694 3519 γὰρ
1728 3450 1902 3522 ζυγός

292 3549 430 3600 μου
472 3534 766 3607 χρηστὸς,
804 3535 897 3590 καὶ
929 3539 1288 3608 πταισμάτων
1321 3539 1572 3609 μεγάλων
1612 3542 1902 3612 ίαματικὸς

301 3625 574 3697 ὑπάρχει.
627 3626 785 3680 Ὅσοι
833 3626 1066 3698 βασιλεῖ,
1107 3629 1202 3683 καὶ
1233 3629 1352 3702 Θεῷ
1395 3633 1762 3702 παραστῆναι,
1808 3635 1904 3689 καὶ

301 3716 649 3789 συλλαλῆσαι
697 3719 1080 3792 πορευόμεθα,
1137 3722 1212 3794 μὴ
1272 3724 1752 3796 ἀπαρασκεύαστοι
1812 3727 1904 3780 τὸν

300 3808 513 3879 δρόμον
569 3809 952 3882 ποιησώμεθα,
1001 3813 1198 3885 μήπως
1227 3815 1564 3887 θεασάμενος
1612 3819 1759 3889 ἡμᾶς
1803 3836 1904 3890 μα-

304 3900 516 3972 κρόθεν
557 3901 633 3974 μὴ
659 3901 885 3974 ἔχοντας
926 3905 1066 3960 ὅπλα
1112 3911 1210 3960 καὶ
1254 3907 1446 3981 στολὴν
1480 3910 1766 3982 βασιλικῆς
1785 3929 1904 3965 -πα-

1930 3307 1973 3363 C

316 3990 658 4060 ραστάσεως,
689 3997 802 4058 τοῖς
829 3996 1130 4069 ὑπηρέταις
1159 3999 1254 4052 καὶ
1283 3999 1613 4074 λειτουργοῖς
1636 4001 1905 4074 ἐπιτρέψῃ

312 4080 519 4153 ςτόρρω
552 4101 652 4137 που
690 4085 782 4140 τοῦ
826 4089 995 4144 αὐτοῦ
1041 4090 1336 4161 προσώπου
1381 4091 1635 4156 δεθέντας
1669 4093 1906 4167 ἐξορίζε-

315 4171 475 4239 αθαι,
524 4175 618 4228 καὶ
669 4175 764 4240 τὰς
810 4178 970 4250 ἡμῶν
1018 4180 1232 4252 δεήσεις
1273 4182 1352 4246 είς
1402 4182 1692 4255 πρόσωπον
1747 4183 1905 4254 ἡμῶν

305 4265 788 4338 διαρρησσομένας
812 4269 913 4341 [αι.
946 4271 1405 4344 διαρησσομένας]
1442 4273 1904 4344 άντιπέμπεσθαι.
1952 4261 1961 4270 ’

307 4354 504 4408 Ἔστω
548 4359 578 4410 ό
607 4357 698 4421 σὸς
731 4358 897 4428 χιτὼν
943 4362 1043 4431 τῆς
1085 4361 1265 4432 ψυχῆς
1293 4361 1526 4415 ἐνώπιον
1558 4361 1765 4433 Κυρίου
1800 4380 1901 4416 πα-

2009 4367 2110 4420 stis
2135 4373 2190 4421 et
2223 4364 2401 4419 tunica
2438 4373 2533 4419 tua
2563 4373 2696 4429 tota,
2723 4363 2778 4417 in
2809 4361 3026 4418 Domini
3054 4369 3372 4432 conspectu,
3404 4375 3471 4416 ex
3501 4358 3595 4414 illo

302 4445 656 4517 ρασταθῆναι
686 4447 785 4520 [αι.
834 4451 1206 4523 παραστῆναι]
1240 4451 1594 4524 πορευομένῳ
1637 4453 1758 4516 ὅλος
1812 4455 1901 4525 νή·

2011 4456 2098 4510 vel
2125 4454 2309 4525 potius
2343 4454 2456 4509 hilo
2491 4453 2786 4508 oblivionis
2820 4453 3066 4508 omnium
3107 4451 3432 4522 injuriarum
3459 4465 3594 4505 con-

303 4553 476 4607 ματι,
511 4538 716 4608 μᾶλλον
745 4539 802 4593 δὲ
835 4541 1037 4612 λύματι
1067 4543 1476 4614 ἀμνησικακίας
1511 4543 1901 4618 ἐξυφασμένος.

2013 4558 2184 4602 texta.
2217 4547 2373 4614 Quod
2412 4545 2518 4602 nisi
2553 4546 2646 4601 ﬁat
2670 4546 2880 4600 nullum
2911 4560 3090 4614 operte
3120 4545 3354 4616 pretium
3383 4560 3450 4599 ex
3473 4558 3600 4598 ora-

294 4627 371 4682 Εί
406 4627 471 4681 δὲ
516 4629 614 4700 μὴ,
666 4631 821 4685 οὐδὲν
848 4633 947 4703 τῆς
993 4635 1302 4707 προσευχῆς
1335 4635 1688 4710 ὠφεληθήσῃ.
1725 4638 1901 4692 Ἔστω

2013 4640 2163 4696 tione
2192 4649 2284 4694 tua
2316 4639 2545 4694 referes.
2581 4637 2666 4693 Sit
2693 4647 2806 4693 tota
2839 4638 3017 4694 oratio
3050 4646 3142 4692 tua
3165 4637 3379 4693 sincera
3408 4646 3461 4692 et
3481 4638 3598 4692 sine

295 4737 392 4774 σοι
433 4721 561 4774 ὅλον
602 4721 666 4776 τὸ
715 4723 817 4798 τῆς
849 4725 1086 4796 δεήσεως
1134 4729 1452 4782 ἀποίκιλονο
1495 4729 1576 4782 ἑνὶ
1623 4730 1734 4801 γὰρ
1761 4728 1901 4802 λόγῳ

2015 4731 2162 4789 fuco.
2199 4729 2360 4806 43],
2381 4730 2556 4787 Unico
2587 4719 2731 4785 enim
2763 4729 2930 4786 verbo
2957 4737 3011 4785 et
3031 4725 3363 4800 publicanus
3389 4737 3444 4784 et
3471 4743 3600 4799 pro-

292 4813 578 4886 τελώνης,
614 4816 710 4869 καὶ
742 4817 952 4882 ἄσωτος
989 4819 1079 4873 τὸν
1117 4819 1251 4874 Θεὸν
1295 4821 1622 4892 διήλλαξαν·
1672 4822 1768 4891 μία
1808 4823 1901 4893 μὲν

2014 4826 2175 4896 digus
2207 4823 2378 4880 Deum
2425 4823 2530 4879 sibi
2562 4821 3007 4879 reconciliarent.
3060 4821 3214 4878 Unus
3251 4819 3470 4891 quidem
3516 4831 3601 4874 est

289 4907 330 4976 ἡ
373 4903 499 4958 τῶν
531 4908 958 4978 παρισταμένων
993 4911 1372 4980 παράστασις·
1411 4911 1546 4964 πολὺ
1587 4910 1644 4963 δὲ
1678 4912 1738 4963 ἐν
1767 4910 1901 4981 αὐτῇ

2017 4916 2358 4988 precantium
2389 4923 2593 4981 status,
2625 4915 2720 4972 sed
2746 4915 2801 4970 in
2831 4914 2926 4969 illo
2951 4915 3097 4970 mille
3125 4911 3316 4970 formae
3345 4922 3400 4969 et
3425 4912 3600 4966 varie-

286 4997 361 5051 τὸ
389 4998 674 5062 ποικίλον,
709 4999 804 5053 καὶ
850 4999 914 5053 τὺ
962 5000 1218 5072 διάφορον
1266 4999 1564 5072 κέκτηταιο
1598 5004 1646 5055 oi
1684 5003 1782 5071 μὲν
1832 5001 1901 5065 ὡς

2017 5019 2154 5066 tates
2184 5010 2556 5066 continentur.
2587 5007 2692 5062 Alii
2719 5007 2919 5078 quippe
2939 5006 3332 5079 colloquuntur
3350 5013 3404 5059 et
3430 5013 3598 5074 agunt

284 5087 455 5158 φίλῳ
489 5089 586 5140 καὶ
619 5090 867 5160 Δεσπότῃ
900 5091 1309 5160 ἐντυγχάνουσι,
1341 5093 1440 5162 τῆς
1470 5092 1671 5162 ἑτέρων
1699 5090 1901 5155 λοιπὸν1

2014 5115 2140 5154 eum
2177 5099 2288 5154 Deo
2336 5098 2484 5152 velut
2533 5098 2711 5152 amico
2755 5106 2810 5152 et
2857 5093 3109 5159 Domino,
3148 5108 3254 5148 non
3296 5106 3452 5147 suam
3484 5091 3607 5160 jam.

284 5180 398 5234 καὶ
431 5181 503 5232 ού
543 5180 646 5249 τῆς
678 5180 860 5234 αὐτῶν
889 5182 1227 5252 ἀντιλήψεως
1256 5183 1440 5248 ἓνεκα,
1471 5183 1564 5236 τὸν
1594 5183 1784 5252 ὕμνον,
1817 5184 1901 5237 καὶ

2016 5193 2276 5264 amplius,
2311 5191 2404 5248 sed
2431 5191 2663 5244 aliorum
2692 5201 2919 5244 causam
2943 5187 3256 5252 actitautes,
3277 5184 3466 5239 laudes
3489 5181 3601 5237 Deo

283 5275 408 5346 τὴν
443 5272 666 5326 ἱκεσίαν
695 5275 1064 5346 προσάγοντες
1083 5293 1097 5308 ·
1125 5276 1276 5330 ἄλλοι
1323 5277 1554 5330 πλοῦτον
1600 5277 1696 5330 καὶ
1729 5277 1901 5342 δόξαν,

2017 5294 2224 5340 canunt
2249 5293 2302 5338 et
2331 5282 2640 5353 supplicant
2675 5299 2689 5334 :
2727 5280 2820 5334 alii
2861 5278 3079 5334 divitias
3109 5278 3362 5333 ctelestes
3388 5282 3444 5329 et
3481 5273 3600 5345 glo-

285 5363 401 5416 καὶ
469 5361 788 5434 παρρησίαν
851 5364 1073 5419 πλείονα
1120 5365 1542 5438 ιπιξητοῦντες⁶
1588 5368 1765 5440 ἕτεροι
1814 5369 1901 5423 τοῦ

2018 5377 2154 5430 riam
2203 5386 2256 5428 et
2307 5375 2561 5429 ﬁduciam
2602 5371 2864 5442 majorem
2901 5377 3132 5440 petunt:
3166 5367 3258 5422 alii
3304 5375 3498 5437 rogant
3543 5376 3602 5418 ut

227 5516 235 5523 _
283 5451 597 5508 ἀντιδίκου
637 5454 733 5508 τοῦ
781 5457 992 5512 ἑαυτῶν
1040 5459 1118 5522 είς
1169 5458 1352 5513 τέλεον
1396 5459 1779 5532 ἀπαλλαγῆναι
1823 5463 1912 5515 ai-

285 5544 542 5609 τοῦντες
565 5559 580 5576 °
619 5545 765 5610 τινὲς
805 5548 907 5618 μὲν
935 5547 1094 5612 ἀξίαν
1137 5550 1261 5604 τινά
1291 5549 1560 5620 λήψεσθαι
1599 5550 1913 5604 δυσωποῦν-

281 5651 446 5700 τεςο
517 5636 667 5690 ἄλλοι
718 5638 932 5692 τελείαν
985 5641 1086 5711 τὴν
1131 5640 1227 5694 τοῦ
1277 5642 1474 5712 χρέους
1540 5642 1907 5713 ἀμεριμνίαν·

284 5728 469 5790 τινὲς
497 5727 599 5795 μὲν
629 5729 880 5802 φυλακῆς
904 5731 1220 5804 ἐλευθερίαν
1239 5751 1252 5763 ·
1282 5734 1434 5789 ἄλλοι
1462 5735 1520 5787 δὲ
1550 5734 1911 5805 ἐγκλημάτων

380 5841 440 5872 η
495 5839 937 5926 Matih._m,28,
977 5845 1067 5901 ea.
1151 5848 1194 5879 η
1222 5849 1356 5903 ibid.
1394 5849 1486 5904 so.

380 5941 478 6008 (α)
505 5937 790 5994 Medorum
815 5955 910 5995 seu
959 5944 1288 6000 mediorum.

610 6036 884 6097 ΡΑτιιοι..
923 6036 1038 6097 Gn.
1080 6038 1448 6099 LXXXVIII.

2741 6020 2751 6030 ’
3214 6033 3288 6096 36

2006 4007 2189 4054 astare
2216 3997 2578 4068 prospiciens,
2620 3996 2889 4051 ministris
2915 3996 3163 4066 imperet,
3200 4001 3260 4047 ut
3283 4007 3382 4048 nos
3400 3994 3589 4062 procul

2005 4105 2038 4144 ε
2069 4087 2208 4143 facie
2240 4103 2340 4142 sua
2373 4085 2628 4156 reice-tos,
2663 4096 2717 4142 et
2755 4085 2971 4140 vinctos
3001 4085 3056 4139 in
3091 4082 3341 4139 exsilium
3393 4096 3589 4136 aman-

2007 4181 2118 4246 det,
2147 4189 2201 4235 et
2229 4194 2419 4250 preces
2451 4187 2670 4234 nostras
2699 4178 2968 4233 laceratas
3031 4184 3086 4231 et
3117 4175 3405 4230 damnatas
3433 4172 3592 4229 nobis

2010 4276 2062 4328 in
2097 4273 2288 4329 facient
2321 4274 2589 4343 rejieiant.
2619 4272 2850 4340 Quando
2893 4278 3175 4342 precatum
3205 4269 3358 4336 abis,
3395 4268 3468 4324 sit
3499 4283 3593 4323 ve-

2019 5576 2185 5630 quam
2221 5559 2533 5614 desiderant
2559 5571 2622 5612 ac
2652 5564 2875 5626 petunt;
2908 5555 3034 5616 alii,
3080 5561 3142 5607 ut
3169 5553 3238 5605 ab
3268 5549 3416 5603 omni
3447 5548 3602 5602 debi-

2023 5662 2202 5705 torum
2231 5665 2364 5704 cura
2407 5649 2754 5713 eximantur;
2792 5645 2906 5707 alii,
2957 5653 3020 5699 ut
3062 5643 3130 5698 ab
3174 5655 3396 5696 carcere
3441 5655 3603 5708 espe-

2021 5741 2274 5806 diantur;
2309 5741 2400 5794 alii
2446 5739 2740 5794 criminum
2784 5735 3110 5791 solutionem
3144 5739 3418 5802 quaerunt.
3467 5732 3606 5783 Ante

2021 5469 2090 5522 ab
2124 5468 2279 5522 hoste
2304 5482 2406 5522 suo
2434 5465 2654 5534 penitus
2676 5463 3010 5527 liberentur;
3041 5459 3131 5514 alii
3157 5458 3475 5531 dignitatem
3504 5457 3604 5510 ali-
3697 5455 3705 5464 '
