  <div class='ocr_page' id='page_1' title='image "/cluster/home/n/w/nwhite01/storage/ocr_20150623/88/coo.31924054869924/588.png"; bbox 0 0 4030 6444; ppageno 0'>
   <div class='ocr_carea' id='block_1_1' title="bbox 326 447 3606 546">
    <p class='ocr_par' dir='ltr' id='par_1_1' title="bbox 326 447 3606 546">
     <span class='ocr_line' id='line_1_1' title="bbox 326 447 3606 546; baseline -0.003 0"><span class='ocrx_word' id='word_1_1' title='bbox 326 447 467 546; x_wconf 63' lang='lat' dir='ltr'><strong>ttat</strong></span> <span class='ocrx_word' id='word_1_2' title='bbox 1271 479 1503 540; x_wconf 81' lang='lat' dir='ltr'><strong>SCALA</strong></span> <span class='ocrx_word' id='word_1_3' title='bbox 1554 479 1941 540; x_wconf 62' lang='lat' dir='ltr'><strong>mnamsr.</strong></span> <span class='ocrx_word' id='word_1_4' title='bbox 1981 504 2053 516; x_wconf 87' lang='lat'><strong><em>——</em></strong></span> <span class='ocrx_word' id='word_1_5' title='bbox 2078 481 2395 544; x_wconf 72' lang='lat' dir='ltr'><strong>smnus</strong></span> <span class='ocrx_word' id='word_1_6' title='bbox 2433 479 2704 541; x_wconf 83' lang='lat' dir='ltr'><strong>xxvuI.</strong></span> <span class='ocrx_word' id='word_1_7' title='bbox 3465 462 3606 536; x_wconf 74' lang='lat'><strong>1138</strong></span> 
     </span>
    </p>
   </div>
   <div class='ocr_carea' id='block_1_2' title="bbox 313 589 1961 671">
    <p class='ocr_par' dir='ltr' id='par_1_2' title="bbox 313 595 1961 670">
     <span class='ocr_line' id='line_1_2' title="bbox 313 595 1961 670; baseline -0.004 -13"><span class='ocrx_word' id='word_1_8' title='bbox 313 602 581 657; x_wconf 75' lang='grc' dir='ltr'>ικστασιν</span> <span class='ocrx_word' id='word_1_9' title='bbox 601 595 866 670; x_wconf 71' lang='grc' dir='ltr'>ὑποστῇςο</span> <span class='ocrx_word' id='word_1_10' title='bbox 899 596 1189 667; x_wconf 79' lang='grc' dir='ltr'>ἀπαλλαγὴ</span> <span class='ocrx_word' id='word_1_11' title='bbox 1220 596 1572 668; x_wconf 68' lang='grc' dir='ltr'>ἀμφιϐολίας,</span> <span class='ocrx_word' id='word_1_12' title='bbox 1605 597 1802 670; x_wconf 75' lang='grc' dir='ltr'>ἀδήλου</span> <span class='ocrx_word' id='word_1_13' title='bbox 1832 597 1929 670; x_wconf 78' lang='grc' dir='ltr'><strong>δή·</strong></span> <span class='ocrx_word' id='word_1_14' title='bbox 1959 648 1961 654; x_wconf 75' lang='grc'><strong>,</strong></span> 
     </span>
    </p>
   </div>
   <div class='ocr_carea' id='block_1_3' title="bbox 2070 589 3610 671">
    <p class='ocr_par' dir='ltr' id='par_1_3' title="bbox 2070 589 3610 671">
     <span class='ocr_line' id='line_1_3' title="bbox 2070 589 3610 671; baseline -0.008 -15"><span class='ocrx_word' id='word_1_15' title='bbox 2070 599 2299 658; x_wconf 77' lang='lat' dir='ltr'><strong>allicitus</strong></span> <span class='ocrx_word' id='word_1_16' title='bbox 2328 598 2398 655; x_wconf 85' lang='lat' dir='ltr'><strong>de</strong></span> <span class='ocrx_word' id='word_1_17' title='bbox 2442 597 2775 671; x_wconf 79' lang='lat' dir='ltr'><strong>reperiendis</strong></span> <span class='ocrx_word' id='word_1_18' title='bbox 2804 594 3072 651; x_wconf 84' lang='lat' dir='ltr'><strong>orationis</strong></span> <span class='ocrx_word' id='word_1_19' title='bbox 3121 591 3305 649; x_wconf 82' lang='lat' dir='ltr'><strong>verbis</strong></span> <span class='ocrx_word' id='word_1_20' title='bbox 3332 609 3346 647; x_wconf 89' lang='lat'><strong>:</strong></span> <span class='ocrx_word' id='word_1_21' title='bbox 3379 589 3610 662; x_wconf 78' lang='lat' dir='ltr'><strong>spiritus</strong></span> 
     </span>
    </p>
   </div>
   <div class='ocr_carea' id='block_1_4' title="bbox 316 680 1961 764">
    <p class='ocr_par' dir='ltr' id='par_1_4' title="bbox 316 690 807 756">
     <span class='ocr_line' id='line_1_4' title="bbox 316 690 807 756; baseline 0 -10"><span class='ocrx_word' id='word_1_22' title='bbox 316 693 488 756; x_wconf 83' lang='grc' dir='ltr'>λωσις</span> <span class='ocrx_word' id='word_1_23' title='bbox 533 690 807 754; x_wconf 72' lang='grc' dir='ltr'>ἄσειστος.</span> 
     </span>
    </p>
   </div>
   <div class='ocr_carea' id='block_1_5' title="bbox 2070 680 3622 764">
    <p class='ocr_par' dir='ltr' id='par_1_5' title="bbox 2070 680 3622 764">
     <span class='ocr_line' id='line_1_5' title="bbox 2070 680 3622 764; baseline -0.007 -18"><span class='ocrx_word' id='word_1_24' title='bbox 2070 693 2177 746; x_wconf 83' lang='lat' dir='ltr'><strong>nim</strong></span> <span class='ocrx_word' id='word_1_25' title='bbox 2212 701 2346 749; x_wconf 84' lang='lat' dir='ltr'><strong>tunc</strong></span> <span class='ocrx_word' id='word_1_26' title='bbox 2372 690 2428 748; x_wconf 90' lang='lat' dir='ltr'><strong>in</strong></span> <span class='ocrx_word' id='word_1_27' title='bbox 2458 693 2643 764; x_wconf 83' lang='lat' dir='ltr'><strong>seipse</strong></span> <span class='ocrx_word' id='word_1_28' title='bbox 2674 706 2774 762; x_wconf 91' lang='lat' dir='ltr'><strong>pro</strong></span> <span class='ocrx_word' id='word_1_29' title='bbox 2800 689 2896 744; x_wconf 87' lang='lat' dir='ltr'><strong>illo</strong></span> <span class='ocrx_word' id='word_1_30' title='bbox 2922 686 3217 759; x_wconf 76' lang='lat' dir='ltr'><strong>gemitibus</strong></span> <span class='ocrx_word' id='word_1_31' title='bbox 3242 680 3622 741; x_wconf 77' lang='lat' dir='ltr'><strong>inenarrabili-</strong></span> 
     </span>
    </p>
   </div>
   <div class='ocr_carea' id='block_1_6' title="bbox 318 777 3613 855">
    <p class='ocr_par' dir='ltr' id='par_1_6' title="bbox 318 777 3613 855">
     <span class='ocr_line' id='line_1_6' title="bbox 318 777 3613 855; baseline -0.004 -16"><span class='ocrx_word' id='word_1_32' title='bbox 318 785 429 840; x_wconf 81' lang='lat' dir='ltr'><strong>bns</strong></span> <span class='ocrx_word' id='word_1_33' title='bbox 474 781 788 853; x_wconf 73' lang='lat' dir='ltr'><strong>interpellat</strong></span> <span class='ocrx_word' id='word_1_34' title='bbox 834 783 903 835; x_wconf 80' lang='lat'><strong>“.</strong></span> <span class='ocrx_word' id='word_1_35' title='bbox 955 780 1102 836; x_wconf 94' lang='lat' dir='ltr'><strong>Inter</strong></span> <span class='ocrx_word' id='word_1_36' title='bbox 1147 796 1345 853; x_wconf 84' lang='lat' dir='ltr'><strong>preces</strong></span> <span class='ocrx_word' id='word_1_37' title='bbox 1392 782 1600 839; x_wconf 79' lang='lat' dir='ltr'><strong>nullam</strong></span> <span class='ocrx_word' id='word_1_38' title='bbox 1654 797 1918 840; x_wconf 76' lang='lat' dir='ltr'><strong>sensuum</strong></span> <span class='ocrx_word' id='word_1_39' title='bbox 1956 784 2253 855; x_wconf 78' lang='lat' dir='ltr'><strong>imaginem</strong></span> <span class='ocrx_word' id='word_1_40' title='bbox 2304 786 2582 850; x_wconf 80' lang='lat' dir='ltr'><strong>admittes,</strong></span> <span class='ocrx_word' id='word_1_41' title='bbox 2622 800 2689 838; x_wconf 91' lang='lat' dir='ltr'><strong>ne</strong></span> <span class='ocrx_word' id='word_1_42' title='bbox 2740 782 2793 837; x_wconf 86' lang='lat' dir='ltr'><strong>in</strong></span> <span class='ocrx_word' id='word_1_43' title='bbox 2823 790 3103 851; x_wconf 81' lang='lat' dir='ltr'><strong>stuporem</strong></span> <span class='ocrx_word' id='word_1_44' title='bbox 3136 778 3305 834; x_wconf 86' lang='lat' dir='ltr'><strong>animi</strong></span> <span class='ocrx_word' id='word_1_45' title='bbox 3338 777 3613 833; x_wconf 87' lang='lat' dir='ltr'><strong>iucurras.</strong></span> 
     </span>
    </p>
   </div>
   <div class='ocr_carea' id='block_1_7' title="bbox 316 867 3623 950">
    <p class='ocr_par' dir='ltr' id='par_1_7' title="bbox 316 867 3623 950">
     <span class='ocr_line' id='line_1_7' title="bbox 316 867 3623 950; baseline -0.003 -17"><span class='ocrx_word' id='word_1_46' title='bbox 316 876 520 934; x_wconf 83' lang='lat' dir='ltr'><strong>Omnis</strong></span> <span class='ocrx_word' id='word_1_47' title='bbox 553 876 838 947; x_wconf 74' lang='lat' dir='ltr'><strong>petitionis</strong></span> <span class='ocrx_word' id='word_1_48' title='bbox 859 875 1129 930; x_wconf 68' lang='lat' dir='ltr'><strong>exaudita:</strong></span> <span class='ocrx_word' id='word_1_49' title='bbox 1154 875 1208 928; x_wconf 89' lang='lat' dir='ltr'><strong>in</strong></span> <span class='ocrx_word' id='word_1_50' title='bbox 1232 874 1487 931; x_wconf 84' lang='lat' dir='ltr'><strong>oratione</strong></span> <span class='ocrx_word' id='word_1_51' title='bbox 1514 870 1731 947; x_wconf 80' lang='lat' dir='ltr'><strong>signum</strong></span> <span class='ocrx_word' id='word_1_52' title='bbox 1752 884 1813 932; x_wconf 76' lang='lat' dir='ltr'><strong>et</strong></span> <span class='ocrx_word' id='word_1_53' title='bbox 1879 875 2145 934; x_wconf 80' lang='lat' dir='ltr'><strong>indicium</strong></span> <span class='ocrx_word' id='word_1_54' title='bbox 2209 887 2455 950; x_wconf 76' lang='lat' dir='ltr'><strong>apparet.</strong></span> <span class='ocrx_word' id='word_1_55' title='bbox 2506 877 2740 949; x_wconf 82' lang='lat' dir='ltr'><strong>Signum</strong></span> <span class='ocrx_word' id='word_1_56' title='bbox 2786 872 3176 941; x_wconf 79' lang='lat' dir='ltr'><strong>exauditionis,</strong></span> <span class='ocrx_word' id='word_1_57' title='bbox 3252 882 3337 929; x_wconf 65' lang='lat' dir='ltr'><strong>est</strong></span> <span class='ocrx_word' id='word_1_58' title='bbox 3404 867 3623 927; x_wconf 81' lang='lat' dir='ltr'><strong>dubita-</strong></span> 
     </span>
    </p>
   </div>
   <div class='ocr_carea' id='block_1_8' title="bbox 318 967 1546 1028">
    <p class='ocr_par' dir='ltr' id='par_1_8' title="bbox 318 967 1546 1028">
     <span class='ocr_line' id='line_1_8' title="bbox 318 967 1546 1028; baseline -0.004 -1"><span class='ocrx_word' id='word_1_59' title='bbox 318 971 495 1028; x_wconf 81' lang='lat' dir='ltr'><strong>tionis</strong></span> <span class='ocrx_word' id='word_1_60' title='bbox 525 969 726 1026; x_wconf 83' lang='lat' dir='ltr'><strong>selutie</strong></span> <span class='ocrx_word' id='word_1_61' title='bbox 750 978 805 1023; x_wconf 85' lang='lat' dir='ltr'><strong>et</strong></span> <span class='ocrx_word' id='word_1_62' title='bbox 827 967 1023 1024; x_wconf 74' lang='lat' dir='ltr'><strong>incerti</strong></span> <span class='ocrx_word' id='word_1_63' title='bbox 1052 976 1203 1023; x_wconf 84' lang='lat' dir='ltr'><strong>certa</strong></span> <span class='ocrx_word' id='word_1_64' title='bbox 1223 969 1546 1024; x_wconf 83' lang='lat' dir='ltr'><strong>declaratio.</strong></span> 
     </span>
    </p>
   </div>
   <div class='ocr_carea' id='block_1_9' title="bbox 410 1061 1920 1135">
    <p class='ocr_par' dir='ltr' id='par_1_9' title="bbox 410 1061 1920 1135">
     <span class='ocr_line' id='line_1_9' title="bbox 410 1061 1920 1135; baseline 0 -18"><span class='ocrx_word' id='word_1_65' title='bbox 410 1062 691 1134; x_wconf 77' lang='grc' dir='ltr'>Ἐλεήμων</span> <span class='ocrx_word' id='word_1_66' title='bbox 746 1062 913 1129; x_wconf 80' lang='grc' dir='ltr'>γίνου</span> <span class='ocrx_word' id='word_1_67' title='bbox 956 1061 1163 1133; x_wconf 80' lang='grc' dir='ltr'>σφόδρα</span> <span class='ocrx_word' id='word_1_68' title='bbox 1211 1063 1535 1134; x_wconf 75' lang='grc' dir='ltr'>προσευχῆς</span> <span class='ocrx_word' id='word_1_69' title='bbox 1554 1062 1920 1135; x_wconf 67' lang='grc' dir='ltr'>ἐπιμελούμε-</span> 
     </span>
    </p>
   </div>
   <div class='ocr_carea' id='block_1_10' title="bbox 2101 1052 3632 1134">
    <p class='ocr_par' dir='ltr' id='par_1_10' title="bbox 2101 1052 3632 1134">
     <span class='ocr_line' id='line_1_10' title="bbox 2101 1052 3632 1134; baseline -0.005 -15"><span class='ocrx_word' id='word_1_70' title='bbox 2101 1062 2426 1134; x_wconf 74' lang='lat' dir='ltr'><strong>cuicunque</strong></span> <span class='ocrx_word' id='word_1_71' title='bbox 2452 1061 2605 1118; x_wconf 82' lang='lat' dir='ltr'><strong>cordi</strong></span> <span class='ocrx_word' id='word_1_72' title='bbox 2641 1069 2727 1118; x_wconf 86' lang='lat' dir='ltr'><strong>est</strong></span> <span class='ocrx_word' id='word_1_73' title='bbox 2752 1060 2950 1127; x_wconf 82' lang='lat' dir='ltr'><strong>oratio,</strong></span> <span class='ocrx_word' id='word_1_74' title='bbox 2989 1073 3119 1130; x_wconf 85' lang='lat' dir='ltr'><strong>erga</strong></span> <span class='ocrx_word' id='word_1_75' title='bbox 3146 1057 3285 1114; x_wconf 88' lang='lat' dir='ltr'><strong>alios</strong></span> <span class='ocrx_word' id='word_1_76' title='bbox 3309 1052 3632 1111; x_wconf 72' lang='lat' dir='ltr'><strong>misericors</strong></span> 
     </span>
    </p>
   </div>
   <div class='ocr_carea' id='block_1_11' title="bbox 315 1147 1961 1229">
    <p class='ocr_par' dir='ltr' id='par_1_11' title="bbox 315 1153 1924 1229">
     <span class='ocr_line' id='line_1_11' title="bbox 315 1153 1924 1229; baseline 0.001 -20"><span class='ocrx_word' id='word_1_77' title='bbox 315 1174 417 1222; x_wconf 81' lang='grc' dir='ltr'><strong>νος</strong></span> <span class='ocrx_word' id='word_1_78' title='bbox 444 1153 586 1229; x_wconf 80' lang='lat' dir='ltr'><strong>(l6)°</strong></span> <span class='ocrx_word' id='word_1_79' title='bbox 617 1156 679 1210; x_wconf 70' lang='grc' dir='ltr'>ὃν</span> <span class='ocrx_word' id='word_1_80' title='bbox 702 1155 843 1225; x_wconf 81' lang='grc' dir='ltr'>αὐτῇ</span> <span class='ocrx_word' id='word_1_81' title='bbox 871 1153 981 1226; x_wconf 87' lang='grc' dir='ltr'><strong>γὰρ</strong></span> <span class='ocrx_word' id='word_1_82' title='bbox 1014 1154 1240 1225; x_wconf 69' lang='grc' dir='ltr'>μοναχοὶ</span> <span class='ocrx_word' id='word_1_83' title='bbox 1278 1155 1349 1209; x_wconf 79' lang='grc' dir='ltr'>τὰ</span> <span class='ocrx_word' id='word_1_84' title='bbox 1390 1156 1924 1211; x_wconf 70' lang='grc' dir='ltr'><strong>ἑκατονταπλασίονα</strong></span> 
     </span>
    </p>
   </div>
   <div class='ocr_carea' id='block_1_12' title="bbox 2070 1147 3629 1229">
    <p class='ocr_par' dir='ltr' id='par_1_12' title="bbox 2070 1147 3629 1226">
     <span class='ocr_line' id='line_1_12' title="bbox 2070 1147 3629 1226; baseline -0.008 -15"><span class='ocrx_word' id='word_1_85' title='bbox 2070 1164 2148 1212; x_wconf 79' lang='lat' dir='ltr'><strong>sto</strong></span> <span class='ocrx_word' id='word_1_86' title='bbox 2176 1172 2191 1211; x_wconf 87' lang='lat'><strong>:</strong></span> <span class='ocrx_word' id='word_1_87' title='bbox 2225 1170 2325 1226; x_wconf 89' lang='lat' dir='ltr'><strong>per</strong></span> <span class='ocrx_word' id='word_1_88' title='bbox 2358 1155 2505 1211; x_wconf 88' lang='lat' dir='ltr'><strong>hanc</strong></span> <span class='ocrx_word' id='word_1_89' title='bbox 2533 1154 2680 1210; x_wconf 90' lang='lat' dir='ltr'><strong>enim</strong></span> <span class='ocrx_word' id='word_1_90' title='bbox 2720 1153 3158 1209; x_wconf 88' lang='lat' dir='ltr'><strong>misericordiam</strong></span> <span class='ocrx_word' id='word_1_91' title='bbox 3193 1147 3454 1205; x_wconf 80' lang='lat' dir='ltr'><strong>monachi</strong></span> <span class='ocrx_word' id='word_1_92' title='bbox 3497 1161 3629 1202; x_wconf 88' lang='lat' dir='ltr'><strong>cen-</strong></span> 
     </span>
    </p>
   </div>
   <div class='ocr_carea' id='block_1_13' title="bbox 317 1246 1924 1322">
    <p class='ocr_par' dir='ltr' id='par_1_13' title="bbox 317 1246 1924 1322">
     <span class='ocr_line' id='line_1_13' title="bbox 317 1246 1924 1322; baseline 0.001 -19"><span class='ocrx_word' id='word_1_93' title='bbox 317 1249 615 1322; x_wconf 67' lang='grc' dir='ltr'>λήψονταιυ</span> <span class='ocrx_word' id='word_1_94' title='bbox 651 1248 714 1301; x_wconf 70' lang='grc' dir='ltr'><strong>τὸ</strong></span> <span class='ocrx_word' id='word_1_95' title='bbox 742 1246 804 1300; x_wconf 71' lang='grc' dir='ltr'><strong>διε</strong></span> <span class='ocrx_word' id='word_1_96' title='bbox 834 1246 962 1318; x_wconf 79' lang='grc' dir='ltr'>ἑξῆς</span> <span class='ocrx_word' id='word_1_97' title='bbox 990 1246 1049 1301; x_wconf 73' lang='grc' dir='ltr'>ἐν</span> <span class='ocrx_word' id='word_1_98' title='bbox 1081 1247 1162 1319; x_wconf 74' lang='grc' dir='ltr'>τῷ</span> <span class='ocrx_word' id='word_1_99' title='bbox 1200 1246 1329 1319; x_wconf 76' lang='grc' dir='ltr'><strong>ἑξῆς</strong></span> <span class='ocrx_word' id='word_1_100' title='bbox 1358 1248 1376 1320; x_wconf 88' lang='grc'>(</span> <span class='ocrx_word' id='word_1_101' title='bbox 1388 1248 1493 1319; x_wconf 84' lang='lat' dir='ltr'><strong>l7).</strong></span> <span class='ocrx_word' id='word_1_102' title='bbox 1526 1248 1646 1321; x_wconf 83' lang='grc' dir='ltr'><strong>Πῦρ</strong></span> <span class='ocrx_word' id='word_1_103' title='bbox 1672 1249 1773 1321; x_wconf 83' lang='grc' dir='ltr'>μὲν</span> <span class='ocrx_word' id='word_1_104' title='bbox 1802 1252 1924 1304; x_wconf 73' lang='grc' dir='ltr'>ἔπι-</span> 
     </span>
    </p>
   </div>
   <div class='ocr_carea' id='block_1_14' title="bbox 316 1338 1925 1413">
    <p class='ocr_par' dir='ltr' id='par_1_14' title="bbox 316 1338 1925 1413">
     <span class='ocr_line' id='line_1_14' title="bbox 316 1338 1925 1413; baseline -0.002 -15"><span class='ocrx_word' id='word_1_105' title='bbox 316 1340 584 1413; x_wconf 79' lang='grc' dir='ltr'>δημῆσαν</span> <span class='ocrx_word' id='word_1_106' title='bbox 637 1340 699 1393; x_wconf 75' lang='grc' dir='ltr'><strong>έν</strong></span> <span class='ocrx_word' id='word_1_107' title='bbox 730 1338 930 1410; x_wconf 75' lang='grc' dir='ltr'>καρδίᾳ</span> <span class='ocrx_word' id='word_1_108' title='bbox 961 1338 1274 1410; x_wconf 75' lang='grc' dir='ltr'>προσευχὴν</span> <span class='ocrx_word' id='word_1_109' title='bbox 1316 1340 1582 1413; x_wconf 79' lang='grc' dir='ltr'>ἀνέστησε</span> <span class='ocrx_word' id='word_1_110' title='bbox 1624 1341 1757 1413; x_wconf 75' lang='grc'><strong>(18)’</strong></span> <span class='ocrx_word' id='word_1_111' title='bbox 1790 1341 1925 1396; x_wconf 73' lang='grc' dir='ltr'><strong>ταῦ-</strong></span> 
     </span>
    </p>
   </div>
   <div class='ocr_carea' id='block_1_15' title="bbox 321 1428 1926 1504">
    <p class='ocr_par' dir='ltr' id='par_1_15' title="bbox 321 1428 1926 1504">
     <span class='ocr_line' id='line_1_15' title="bbox 321 1428 1926 1504; baseline -0.008 -16"><span class='ocrx_word' id='word_1_112' title='bbox 321 1450 435 1504; x_wconf 87' lang='grc' dir='ltr'>της</span> <span class='ocrx_word' id='word_1_113' title='bbox 455 1430 854 1502; x_wconf 77' lang='grc' dir='ltr'>διεγερθείσης,</span> <span class='ocrx_word' id='word_1_114' title='bbox 883 1430 983 1483; x_wconf 69' lang='grc' dir='ltr'>καὶ</span> <span class='ocrx_word' id='word_1_115' title='bbox 1012 1430 1096 1492; x_wconf 84' lang='grc' dir='ltr'><strong>είς</strong></span> <span class='ocrx_word' id='word_1_116' title='bbox 1121 1428 1352 1501; x_wconf 75' lang='grc' dir='ltr'>οὐρανὸν</span> <span class='ocrx_word' id='word_1_117' title='bbox 1381 1431 1790 1504; x_wconf 78' lang='grc' dir='ltr'><strong>ἀναληφθείσης</strong></span> <span class='ocrx_word' id='word_1_118' title='bbox 1818 1448 1926 1486; x_wconf 83' lang='grc' dir='ltr'><strong>πυ-</strong></span> 
     </span>
    </p>
   </div>
   <div class='ocr_carea' id='block_1_16' title="bbox 326 1516 1930 1598">
    <p class='ocr_par' dir='ltr' id='par_1_16' title="bbox 326 1516 1930 1598">
     <span class='ocr_line' id='line_1_16' title="bbox 326 1516 1930 1598; baseline 0.001 -20"><span class='ocrx_word' id='word_1_119' title='bbox 326 1527 429 1598; x_wconf 68' lang='lat' dir='ltr'><strong>pb;</strong></span> <span class='ocrx_word' id='word_1_120' title='bbox 460 1527 520 1578; x_wconf 77' lang='grc' dir='ltr'>ὲν</span> <span class='ocrx_word' id='word_1_121' title='bbox 544 1521 774 1595; x_wconf 65' lang='grc' dir='ltr'>ἀνώγειρ</span> <span class='ocrx_word' id='word_1_122' title='bbox 792 1522 975 1594; x_wconf 82' lang='grc' dir='ltr'>ψυχῆς</span> <span class='ocrx_word' id='word_1_123' title='bbox 990 1520 1299 1588; x_wconf 73' lang='grc' dir='ltr'>κατάϐασις</span> <span class='ocrx_word' id='word_1_124' title='bbox 1319 1516 1534 1593; x_wconf 78' lang='grc' dir='ltr'>γέγονε.</span> <span class='ocrx_word' id='word_1_125' title='bbox 1563 1524 1702 1578; x_wconf 74' lang='grc' dir='ltr'>Φασὶ</span> <span class='ocrx_word' id='word_1_126' title='bbox 1726 1523 1824 1596; x_wconf 81' lang='grc' dir='ltr'><strong>μέν</strong></span> <span class='ocrx_word' id='word_1_127' title='bbox 1849 1528 1930 1579; x_wconf 69' lang='grc' dir='ltr'>τι-</span> 
     </span>
    </p>
   </div>
   <div class='ocr_carea' id='block_1_17' title="bbox 325 1610 1928 1690">
    <p class='ocr_par' dir='ltr' id='par_1_17' title="bbox 325 1610 1928 1690">
     <span class='ocr_line' id='line_1_17' title="bbox 325 1610 1928 1690; baseline -0.002 -17"><span class='ocrx_word' id='word_1_128' title='bbox 325 1620 700 1690; x_wconf 66' lang='grc' dir='ltr'>νεςσκρεῖττον</span> <span class='ocrx_word' id='word_1_129' title='bbox 728 1611 868 1670; x_wconf 76' lang='grc' dir='ltr'>εἶναι</span> <span class='ocrx_word' id='word_1_130' title='bbox 899 1616 1214 1687; x_wconf 73' lang='grc' dir='ltr'>προσευχὴν</span> <span class='ocrx_word' id='word_1_131' title='bbox 1246 1618 1468 1688; x_wconf 84' lang='grc' dir='ltr'>μνήμης</span> <span class='ocrx_word' id='word_1_132' title='bbox 1497 1615 1702 1683; x_wconf 73' lang='grc' dir='ltr'>ὶξόδουο</span> <span class='ocrx_word' id='word_1_133' title='bbox 1732 1617 1846 1686; x_wconf 76' lang='grc' dir='ltr'><strong>ἐγὼ</strong></span> <span class='ocrx_word' id='word_1_134' title='bbox 1872 1610 1928 1670; x_wconf 76' lang='grc' dir='ltr'><strong>δὲ</strong></span> 
     </span>
    </p>
   </div>
   <div class='ocr_carea' id='block_1_18' title="bbox 330 1705 1929 1784">
    <p class='ocr_par' dir='ltr' id='par_1_18' title="bbox 330 1705 1929 1784">
     <span class='ocr_line' id='line_1_18' title="bbox 330 1705 1929 1784; baseline -0.003 -19"><span class='ocrx_word' id='word_1_135' title='bbox 330 1712 469 1784; x_wconf 76' lang='grc' dir='ltr'>μιᾶς</span> <span class='ocrx_word' id='word_1_136' title='bbox 494 1708 854 1771; x_wconf 75' lang='grc' dir='ltr'><strong>ὑποστάσεως</strong></span> <span class='ocrx_word' id='word_1_137' title='bbox 875 1706 971 1761; x_wconf 85' lang='grc' dir='ltr'><strong>δύο</strong></span> <span class='ocrx_word' id='word_1_138' title='bbox 993 1705 1186 1772; x_wconf 81' lang='grc' dir='ltr'><strong>οὐσίας</strong></span> <span class='ocrx_word' id='word_1_139' title='bbox 1213 1706 1387 1777; x_wconf 82' lang='grc' dir='ltr'>ὑμνῶ.</span> <span class='ocrx_word' id='word_1_140' title='bbox 1421 1708 1618 1772; x_wconf 80' lang='grc' dir='ltr'>Ἵππος</span> <span class='ocrx_word' id='word_1_141' title='bbox 1653 1709 1752 1780; x_wconf 76' lang='grc' dir='ltr'>μὲν</span> <span class='ocrx_word' id='word_1_142' title='bbox 1778 1707 1929 1762; x_wconf 87' lang='grc' dir='ltr'>δόκι-</span> 
     </span>
    </p>
   </div>
   <div class='ocr_carea' id='block_1_19' title="bbox 333 1798 1933 1878">
    <p class='ocr_par' dir='ltr' id='par_1_19' title="bbox 333 1798 1933 1878">
     <span class='ocr_line' id='line_1_19' title="bbox 333 1798 1933 1878; baseline -0.003 -19"><span class='ocrx_word' id='word_1_143' title='bbox 333 1821 443 1878; x_wconf 78' lang='grc' dir='ltr'><strong>μος</strong></span> <span class='ocrx_word' id='word_1_144' title='bbox 462 1802 606 1858; x_wconf 85' lang='grc' dir='ltr'><strong>κατά</strong></span> <span class='ocrx_word' id='word_1_145' title='bbox 626 1800 937 1874; x_wconf 70' lang='grc' dir='ltr'>πρόσϐασιν</span> <span class='ocrx_word' id='word_1_146' title='bbox 966 1798 1281 1873; x_wconf 79' lang='grc' dir='ltr'>[πρόσασιν]</span> <span class='ocrx_word' id='word_1_147' title='bbox 1308 1798 1811 1872; x_wconf 81' lang='grc' dir='ltr'>διαθερμαίνεσθαι,</span> <span class='ocrx_word' id='word_1_148' title='bbox 1837 1801 1933 1855; x_wconf 83' lang='grc' dir='ltr'>καὶ</span> 
     </span>
    </p>
   </div>
   <div class='ocr_carea' id='block_1_20' title="bbox 329 1893 1932 1971">
    <p class='ocr_par' dir='ltr' id='par_1_20' title="bbox 329 1893 1932 1971">
     <span class='ocr_line' id='line_1_20' title="bbox 329 1893 1932 1971; baseline -0.002 -18"><span class='ocrx_word' id='word_1_149' title='bbox 329 1898 417 1971; x_wconf 81' lang='grc' dir='ltr'><strong>τῷ</strong></span> <span class='ocrx_word' id='word_1_150' title='bbox 444 1897 633 1970; x_wconf 77' lang='grc' dir='ltr'>δρόμῳ</span> <span class='ocrx_word' id='word_1_151' title='bbox 665 1893 1019 1967; x_wconf 75' lang='grc' dir='ltr'>προστιθέναι</span> <span class='ocrx_word' id='word_1_152' title='bbox 1046 1894 1287 1965; x_wconf 31' lang='grc' dir='ltr'>,πέφυκεο</span> <span class='ocrx_word' id='word_1_153' title='bbox 1313 1894 1514 1966; x_wconf 76' lang='grc' dir='ltr'>δρόμον</span> <span class='ocrx_word' id='word_1_154' title='bbox 1538 1895 1598 1950; x_wconf 68' lang='grc' dir='ltr'><strong>δὲ</strong></span> <span class='ocrx_word' id='word_1_155' title='bbox 1633 1893 1762 1963; x_wconf 85' lang='grc' dir='ltr'>νοῶ,</span> <span class='ocrx_word' id='word_1_156' title='bbox 1790 1896 1932 1968; x_wconf 75' lang='grc' dir='ltr'>ὕμιν-</span> 
     </span>
    </p>
   </div>
   <div class='ocr_carea' id='block_1_21' title="bbox 2029 1238 3633 1319">
    <p class='ocr_par' dir='ltr' id='par_1_21' title="bbox 2029 1238 3633 1319">
     <span class='ocr_line' id='line_1_21' title="bbox 2029 1238 3633 1319; baseline -0.009 -14"><span class='ocrx_word' id='word_1_157' title='bbox 2029 1249 2243 1319; x_wconf 88' lang='lat' dir='ltr'><strong>tnplum</strong></span> <span class='ocrx_word' id='word_1_158' title='bbox 2286 1246 2577 1316; x_wconf 77' lang='lat' dir='ltr'><strong>recipient,</strong></span> <span class='ocrx_word' id='word_1_159' title='bbox 2607 1244 2831 1316; x_wconf 87' lang='lat' dir='ltr'><strong>etquod</strong></span> <span class='ocrx_word' id='word_1_160' title='bbox 2865 1244 3119 1315; x_wconf 80' lang='lat' dir='ltr'><strong>sequitur</strong></span> <span class='ocrx_word' id='word_1_161' title='bbox 3148 1243 3209 1297; x_wconf 90' lang='lat' dir='ltr'><strong>in</strong></span> <span class='ocrx_word' id='word_1_162' title='bbox 3236 1243 3444 1298; x_wconf 89' lang='lat' dir='ltr'><strong>futuro.</strong></span> <span class='ocrx_word' id='word_1_163' title='bbox 3485 1238 3633 1309; x_wconf 84' lang='lat' dir='ltr'><strong>Ignis</strong></span> 
     </span>
    </p>
   </div>
   <div class='ocr_carea' id='block_1_22' title="bbox 2029 1331 3631 1407">
    <p class='ocr_par' dir='ltr' id='par_1_22' title="bbox 2029 1331 3631 1407">
     <span class='ocr_line' id='line_1_22' title="bbox 2029 1331 3631 1407; baseline -0.007 -11"><span class='ocrx_word' id='word_1_164' title='bbox 2029 1339 2274 1396; x_wconf 68' lang='lat' dir='ltr'><strong>caelestis</strong></span> <span class='ocrx_word' id='word_1_165' title='bbox 2322 1337 2630 1394; x_wconf 87' lang='lat' dir='ltr'><strong>orationem</strong></span> <span class='ocrx_word' id='word_1_166' title='bbox 2678 1338 2734 1392; x_wconf 89' lang='lat' dir='ltr'><strong>in</strong></span> <span class='ocrx_word' id='word_1_167' title='bbox 2786 1351 2885 1393; x_wconf 88' lang='lat' dir='ltr'><strong>eor</strong></span> <span class='ocrx_word' id='word_1_168' title='bbox 2931 1342 3310 1407; x_wconf 83' lang='lat' dir='ltr'><strong>penetrantem</strong></span> <span class='ocrx_word' id='word_1_169' title='bbox 3356 1331 3631 1392; x_wconf 80' lang='lat' dir='ltr'><strong>accendit.</strong></span> 
     </span>
    </p>
   </div>
   <div class='ocr_carea' id='block_1_23' title="bbox 2032 1423 3634 1504">
    <p class='ocr_par' dir='ltr' id='par_1_23' title="bbox 2032 1423 3634 1504">
     <span class='ocr_line' id='line_1_23' title="bbox 2032 1423 3634 1504; baseline -0.005 -18"><span class='ocrx_word' id='word_1_170' title='bbox 2032 1446 2143 1504; x_wconf 90' lang='lat' dir='ltr'><strong>qua</strong></span> <span class='ocrx_word' id='word_1_171' title='bbox 2177 1446 2410 1487; x_wconf 84' lang='lat' dir='ltr'><strong>accensa</strong></span> <span class='ocrx_word' id='word_1_172' title='bbox 2441 1439 2495 1486; x_wconf 90' lang='lat' dir='ltr'><strong>et</strong></span> <span class='ocrx_word' id='word_1_173' title='bbox 2520 1431 2576 1486; x_wconf 91' lang='lat' dir='ltr'><strong>in</strong></span> <span class='ocrx_word' id='word_1_174' title='bbox 2601 1430 2803 1487; x_wconf 79' lang='lat' dir='ltr'><strong>ccelum</strong></span> <span class='ocrx_word' id='word_1_175' title='bbox 2834 1436 3141 1498; x_wconf 87' lang='lat' dir='ltr'><strong>assumpta,</strong></span> <span class='ocrx_word' id='word_1_176' title='bbox 3176 1440 3394 1482; x_wconf 86' lang='lat' dir='ltr'><strong>rursum</strong></span> <span class='ocrx_word' id='word_1_177' title='bbox 3428 1423 3487 1479; x_wconf 77' lang='lat' dir='ltr'><strong>fit</strong></span> <span class='ocrx_word' id='word_1_178' title='bbox 3534 1423 3634 1478; x_wconf 84' lang='lat' dir='ltr'><strong>de-</strong></span> 
     </span>
    </p>
   </div>
   <div class='ocr_carea' id='block_1_24' title="bbox 2040 1515 3634 1594">
    <p class='ocr_par' dir='ltr' id='par_1_24' title="bbox 2040 1515 3634 1594">
     <span class='ocr_line' id='line_1_24' title="bbox 2040 1515 3634 1594; baseline -0.008 -15"><span class='ocrx_word' id='word_1_179' title='bbox 2040 1538 2270 1580; x_wconf 81' lang='lat' dir='ltr'><strong>scensus</strong></span> <span class='ocrx_word' id='word_1_180' title='bbox 2304 1522 2444 1594; x_wconf 86' lang='lat' dir='ltr'><strong>ignis</strong></span> <span class='ocrx_word' id='word_1_181' title='bbox 2479 1524 2535 1577; x_wconf 89' lang='lat' dir='ltr'><strong>in</strong></span> <span class='ocrx_word' id='word_1_182' title='bbox 2572 1522 2771 1577; x_wconf 68' lang='lat' dir='ltr'><strong>anima:</strong></span> <span class='ocrx_word' id='word_1_183' title='bbox 2806 1519 3180 1577; x_wconf 85' lang='lat' dir='ltr'><strong>coenaeulum.</strong></span> <span class='ocrx_word' id='word_1_184' title='bbox 3210 1517 3351 1574; x_wconf 77' lang='lat' dir='ltr'><strong>Sunt</strong></span> <span class='ocrx_word' id='word_1_185' title='bbox 3380 1515 3473 1586; x_wconf 89' lang='lat' dir='ltr'><strong>qui</strong></span> <span class='ocrx_word' id='word_1_186' title='bbox 3501 1528 3634 1570; x_wconf 86' lang='lat' dir='ltr'><strong>cen-</strong></span> 
     </span>
    </p>
   </div>
   <div class='ocr_carea' id='block_1_25' title="bbox 2038 1606 3637 1682">
    <p class='ocr_par' dir='ltr' id='par_1_25' title="bbox 2038 1606 3637 1682">
     <span class='ocr_line' id='line_1_25' title="bbox 2038 1606 3637 1682; baseline -0.008 -10"><span class='ocrx_word' id='word_1_187' title='bbox 2038 1625 2195 1673; x_wconf 83' lang='lat' dir='ltr'><strong>seant</strong></span> <span class='ocrx_word' id='word_1_188' title='bbox 2229 1615 2505 1671; x_wconf 85' lang='lat' dir='ltr'><strong>utiliorem</strong></span> <span class='ocrx_word' id='word_1_189' title='bbox 2534 1628 2658 1671; x_wconf 85' lang='lat' dir='ltr'><strong>esse</strong></span> <span class='ocrx_word' id='word_1_190' title='bbox 2686 1613 3018 1679; x_wconf 86' lang='lat' dir='ltr'><strong>orationem,</strong></span> <span class='ocrx_word' id='word_1_191' title='bbox 3054 1625 3221 1682; x_wconf 86' lang='lat' dir='ltr'><strong>quam</strong></span> <span class='ocrx_word' id='word_1_192' title='bbox 3259 1610 3332 1665; x_wconf 90' lang='lat' dir='ltr'><strong>sit</strong></span> <span class='ocrx_word' id='word_1_193' title='bbox 3354 1606 3637 1664; x_wconf 81' lang='lat' dir='ltr'><strong>meditatio</strong></span> 
     </span>
    </p>
   </div>
   <div class='ocr_carea' id='block_1_26' title="bbox 2039 1696 3638 1774">
    <p class='ocr_par' dir='ltr' id='par_1_26' title="bbox 2039 1696 3638 1774">
     <span class='ocr_line' id='line_1_26' title="bbox 2039 1696 3638 1774; baseline -0.008 -10"><span class='ocrx_word' id='word_1_194' title='bbox 2039 1708 2238 1765; x_wconf 78' lang='lat' dir='ltr'><strong>mortis</strong></span> <span class='ocrx_word' id='word_1_195' title='bbox 2264 1722 2364 1764; x_wconf 89' lang='lat' dir='ltr'><strong>seu</strong></span> <span class='ocrx_word' id='word_1_196' title='bbox 2390 1707 2577 1763; x_wconf 83' lang='lat' dir='ltr'><strong>exitus</strong></span> <span class='ocrx_word' id='word_1_197' title='bbox 2600 1704 2834 1772; x_wconf 68' lang='lat' dir='ltr'><strong>animae;</strong></span> <span class='ocrx_word' id='word_1_198' title='bbox 2860 1718 2963 1774; x_wconf 89' lang='lat' dir='ltr'><strong>ego</strong></span> <span class='ocrx_word' id='word_1_199' title='bbox 3000 1716 3131 1759; x_wconf 81' lang='lat' dir='ltr'><strong>vero</strong></span> <span class='ocrx_word' id='word_1_200' title='bbox 3160 1696 3408 1773; x_wconf 86' lang='lat' dir='ltr'><strong>geminas</strong></span> <span class='ocrx_word' id='word_1_201' title='bbox 3442 1698 3496 1753; x_wconf 94' lang='lat' dir='ltr'><strong>in</strong></span> <span class='ocrx_word' id='word_1_202' title='bbox 3528 1713 3638 1753; x_wconf 78' lang='lat' dir='ltr'><strong>una</strong></span> 
     </span>
    </p>
   </div>
   <div class='ocr_carea' id='block_1_27' title="bbox 2038 1794 3641 1868">
    <p class='ocr_par' dir='ltr' id='par_1_27' title="bbox 2038 1794 3641 1868">
     <span class='ocr_line' id='line_1_27' title="bbox 2038 1794 3641 1868; baseline -0.011 -9"><span class='ocrx_word' id='word_1_203' title='bbox 2038 1799 2397 1859; x_wconf 85' lang='lat' dir='ltr'><strong>subsistentia</strong></span> <span class='ocrx_word' id='word_1_204' title='bbox 2425 1799 2594 1854; x_wconf 87' lang='lat' dir='ltr'><strong>laudo</strong></span> <span class='ocrx_word' id='word_1_205' title='bbox 2623 1806 2876 1854; x_wconf 80' lang='lat' dir='ltr'><strong>naturas.</strong></span> <span class='ocrx_word' id='word_1_206' title='bbox 2910 1794 3088 1868; x_wconf 61' lang='grc' dir='ltr'><strong>ωε*</strong></span> <span class='ocrx_word' id='word_1_207' title='bbox 3118 1794 3307 1865; x_wconf 84' lang='lat' dir='ltr'><strong>Equus</strong></span> <span class='ocrx_word' id='word_1_208' title='bbox 3337 1802 3641 1864; x_wconf 85' lang='lat' dir='ltr'><strong>generosus</strong></span> 
     </span>
    </p>
   </div>
   <div class='ocr_carea' id='block_1_28' title="bbox 2039 1885 3644 1966">
    <p class='ocr_par' dir='ltr' id='par_1_28' title="bbox 2039 1885 3644 1966">
     <span class='ocr_line' id='line_1_28' title="bbox 2039 1885 3644 1966; baseline -0.007 -18"><span class='ocrx_word' id='word_1_209' title='bbox 2039 1908 2152 1966; x_wconf 81' lang='lat' dir='ltr'><strong>quo</strong></span> <span class='ocrx_word' id='word_1_210' title='bbox 2199 1892 2378 1963; x_wconf 90' lang='lat' dir='ltr'><strong>magis</strong></span> <span class='ocrx_word' id='word_1_211' title='bbox 2416 1890 2791 1963; x_wconf 78' lang='lat' dir='ltr'><strong>progreditur,</strong></span> <span class='ocrx_word' id='word_1_212' title='bbox 2838 1891 2947 1946; x_wconf 88' lang='lat' dir='ltr'><strong>hoc</strong></span> <span class='ocrx_word' id='word_1_213' title='bbox 2989 1889 3168 1961; x_wconf 87' lang='lat' dir='ltr'><strong>magis</strong></span> <span class='ocrx_word' id='word_1_214' title='bbox 3208 1885 3546 1942; x_wconf 78' lang='lat' dir='ltr'><strong>incalescere</strong></span> <span class='ocrx_word' id='word_1_215' title='bbox 3585 1891 3644 1937; x_wconf 84' lang='lat' dir='ltr'><strong>et</strong></span> 
     </span>
    </p>
   </div>
   <div class='ocr_carea' id='block_1_29' title="bbox 334 1974 1961 2065">
    <p class='ocr_par' dir='ltr' id='par_1_29' title="bbox 334 1984 1935 2065">
     <span class='ocr_line' id='line_1_29' title="bbox 334 1984 1935 2065; baseline -0.004 -19"><span class='ocrx_word' id='word_1_216' title='bbox 334 1991 527 2065; x_wconf 81' lang='grc' dir='ltr'>ιρδίαν·</span> <span class='ocrx_word' id='word_1_217' title='bbox 554 1990 723 2043; x_wconf 75' lang='grc' dir='ltr'>ἵππον</span> <span class='ocrx_word' id='word_1_218' title='bbox 743 1987 805 2041; x_wconf 76' lang='grc' dir='ltr'><strong>δὲ</strong></span> <span class='ocrx_word' id='word_1_219' title='bbox 832 1986 926 2041; x_wconf 77' lang='grc' dir='ltr'>τὸν</span> <span class='ocrx_word' id='word_1_220' title='bbox 951 1984 1195 2058; x_wconf 77' lang='grc' dir='ltr'>ἀνδρεῖον</span> <span class='ocrx_word' id='word_1_221' title='bbox 1220 1987 1366 2041; x_wconf 85' lang='grc' dir='ltr'>νοῦν·</span> <span class='ocrx_word' id='word_1_222' title='bbox 1396 1985 1691 2059; x_wconf 58' lang='grc' dir='ltr'>πόρρωθεν</span> <span class='ocrx_word' id='word_1_223' title='bbox 1707 1987 1741 2039; x_wconf 76' lang='grc' dir='ltr'><em>ὅ</em></span> <span class='ocrx_word' id='word_1_224' title='bbox 1757 1986 1935 2042; x_wconf 75' lang='grc' dir='ltr'>τοιοῦο</span> 
     </span>
    </p>
   </div>
   <div class='ocr_carea' id='block_1_30' title="bbox 2070 1974 3640 2065">
    <p class='ocr_par' dir='ltr' id='par_1_30' title="bbox 2070 1974 3640 2061">
     <span class='ocr_line' id='line_1_30' title="bbox 2070 1974 3640 2061; baseline -0.005 -22"><span class='ocrx_word' id='word_1_225' title='bbox 2070 1997 2266 2061; x_wconf 60' lang='lat' dir='ltr'><strong>urgere</strong></span> <span class='ocrx_word' id='word_1_226' title='bbox 2293 1981 2452 2040; x_wconf 80' lang='lat' dir='ltr'><strong>solet.</strong></span> <span class='ocrx_word' id='word_1_227' title='bbox 2481 1981 2721 2040; x_wconf 80' lang='lat' dir='ltr'><strong>Cursum</strong></span> <span class='ocrx_word' id='word_1_228' title='bbox 2748 1982 2995 2053; x_wconf 77' lang='lat' dir='ltr'><strong>intelligo</strong></span> <span class='ocrx_word' id='word_1_229' title='bbox 3024 1979 3240 2037; x_wconf 80' lang='lat' dir='ltr'><strong>divinas</strong></span> <span class='ocrx_word' id='word_1_230' title='bbox 3268 1991 3493 2050; x_wconf 89' lang='lat' dir='ltr'><strong>precum</strong></span> <span class='ocrx_word' id='word_1_231' title='bbox 3517 1974 3640 2032; x_wconf 82' lang='lat' dir='ltr'><strong>lau-</strong></span> 
     </span>
    </p>
   </div>
   <div class='ocr_carea' id='block_1_31' title="bbox 340 2067 1961 2155">
    <p class='ocr_par' dir='ltr' id='par_1_31' title="bbox 340 2078 1935 2155">
     <span class='ocr_line' id='line_1_31' title="bbox 340 2078 1935 2155; baseline -0.004 -16"><span class='ocrx_word' id='word_1_232' title='bbox 340 2101 440 2149; x_wconf 81' lang='grc' dir='ltr'><strong>τος</strong></span> <span class='ocrx_word' id='word_1_233' title='bbox 461 2084 563 2152; x_wconf 78' lang='grc' dir='ltr'><strong>όσφ</strong></span> <span class='ocrx_word' id='word_1_234' title='bbox 571 2081 810 2155; x_wconf 79' lang='grc' dir='ltr'>ραίνιιται</span> <span class='ocrx_word' id='word_1_235' title='bbox 828 2078 1066 2150; x_wconf 81' lang='grc' dir='ltr'>πολέμου</span> <span class='ocrx_word' id='word_1_236' title='bbox 1083 2078 1221 2151; x_wconf 68' lang='grc'><strong>(20),</strong></span> <span class='ocrx_word' id='word_1_237' title='bbox 1236 2078 1331 2134; x_wconf 74' lang='grc' dir='ltr'>καὶ</span> <span class='ocrx_word' id='word_1_238' title='bbox 1345 2079 1935 2153; x_wconf 75' lang='grc' dir='ltr'>προπαρασκευαοθεὶς</span> 
     </span>
    </p>
   </div>
   <div class='ocr_carea' id='block_1_32' title="bbox 2070 2067 3641 2155">
    <p class='ocr_par' dir='ltr' id='par_1_32' title="bbox 2070 2067 3641 2148">
     <span class='ocr_line' id='line_1_32' title="bbox 2070 2067 3641 2148; baseline -0.008 -15"><span class='ocrx_word' id='word_1_239' title='bbox 2070 2086 2160 2143; x_wconf 64' lang='lat' dir='ltr'><strong>res,</strong></span> <span class='ocrx_word' id='word_1_240' title='bbox 2206 2089 2418 2148; x_wconf 85' lang='lat' dir='ltr'><strong>equum</strong></span> <span class='ocrx_word' id='word_1_241' title='bbox 2459 2075 2793 2147; x_wconf 85' lang='lat' dir='ltr'><strong>interpretor</strong></span> <span class='ocrx_word' id='word_1_242' title='bbox 2842 2087 3174 2148; x_wconf 89' lang='lat' dir='ltr'><strong>generosum</strong></span> <span class='ocrx_word' id='word_1_243' title='bbox 3223 2071 3497 2135; x_wconf 82' lang='lat' dir='ltr'><strong>animum,</strong></span> <span class='ocrx_word' id='word_1_244' title='bbox 3545 2067 3641 2138; x_wconf 89' lang='lat' dir='ltr'><strong>qui</strong></span> 
     </span>
    </p>
   </div>
   <div class='ocr_carea' id='block_1_33' title="bbox 350 2162 1961 2250">
    <p class='ocr_par' dir='ltr' id='par_1_33' title="bbox 350 2170 1935 2250">
     <span class='ocr_line' id='line_1_33' title="bbox 350 2170 1935 2250; baseline -0.004 -17"><span class='ocrx_word' id='word_1_245' title='bbox 350 2178 509 2250; x_wconf 78' lang='grc' dir='ltr'>μένει</span> <span class='ocrx_word' id='word_1_246' title='bbox 528 2175 715 2229; x_wconf 74' lang='grc' dir='ltr'>λοιπὸν</span> <span class='ocrx_word' id='word_1_247' title='bbox 732 2175 813 2238; x_wconf 77' lang='grc' dir='ltr'><strong>είς</strong></span> <span class='ocrx_word' id='word_1_248' title='bbox 836 2173 983 2230; x_wconf 74' lang='grc' dir='ltr'>ἅπαν</span> <span class='ocrx_word' id='word_1_249' title='bbox 1006 2170 1281 2245; x_wconf 69' lang='grc' dir='ltr'>ἀνίκητος.</span> <span class='ocrx_word' id='word_1_250' title='bbox 1308 2172 1560 2227; x_wconf 75' lang='grc' dir='ltr'>Χαλεπὸν</span> <span class='ocrx_word' id='word_1_251' title='bbox 1580 2174 1646 2227; x_wconf 82' lang='grc' dir='ltr'>ὲκ</span> <span class='ocrx_word' id='word_1_252' title='bbox 1669 2173 1935 2244; x_wconf 84' lang='grc' dir='ltr'>στόματος</span> 
     </span>
    </p>
   </div>
   <div class='ocr_carea' id='block_1_34' title="bbox 2070 2162 3645 2250">
    <p class='ocr_par' dir='ltr' id='par_1_34' title="bbox 2070 2162 3645 2235">
     <span class='ocr_line' id='line_1_34' title="bbox 2070 2162 3645 2235; baseline -0.006 -11"><span class='ocrx_word' id='word_1_253' title='bbox 2070 2168 2261 2224; x_wconf 78' lang='lat' dir='ltr'><strong>minus</strong></span> <span class='ocrx_word' id='word_1_254' title='bbox 2306 2167 2495 2235; x_wconf 85' lang='lat' dir='ltr'><strong>etiam,</strong></span> <span class='ocrx_word' id='word_1_255' title='bbox 2542 2174 2601 2223; x_wconf 82' lang='lat' dir='ltr'><strong>et</strong></span> <span class='ocrx_word' id='word_1_256' title='bbox 2651 2168 2919 2223; x_wconf 90' lang='lat' dir='ltr'><strong>remotior</strong></span> <span class='ocrx_word' id='word_1_257' title='bbox 2965 2165 3231 2223; x_wconf 86' lang='lat' dir='ltr'><strong>odoratur</strong></span> <span class='ocrx_word' id='word_1_258' title='bbox 3274 2162 3484 2219; x_wconf 81' lang='lat' dir='ltr'><strong>bellum</strong></span> <span class='ocrx_word' id='word_1_259' title='bbox 3513 2201 3529 2228; x_wconf 92' lang='lat'><strong>,</strong></span> <span class='ocrx_word' id='word_1_260' title='bbox 3586 2169 3645 2215; x_wconf 84' lang='lat' dir='ltr'><strong>et</strong></span> 
     </span>
    </p>
   </div>
   <div class='ocr_carea' id='block_1_35' title="bbox 345 2254 1961 2341">
    <p class='ocr_par' dir='ltr' id='par_1_35' title="bbox 345 2263 1939 2341">
     <span class='ocr_line' id='line_1_35' title="bbox 345 2263 1939 2341; baseline -0.003 -16"><span class='ocrx_word' id='word_1_261' title='bbox 345 2269 610 2341; x_wconf 71' lang='grc' dir='ltr'>διψῶντος</span> <span class='ocrx_word' id='word_1_262' title='bbox 650 2265 795 2339; x_wconf 72' lang='grc' dir='ltr'>ὕδωρ</span> <span class='ocrx_word' id='word_1_263' title='bbox 833 2264 1183 2338; x_wconf 78' lang='grc' dir='ltr'>ἀφαρπάσαι·</span> <span class='ocrx_word' id='word_1_264' title='bbox 1211 2263 1596 2338; x_wconf 78' lang='grc' dir='ltr'>χαλεπώτερον</span> <span class='ocrx_word' id='word_1_265' title='bbox 1645 2265 1711 2319; x_wconf 61' lang='grc' dir='ltr'><strong>δὲ</strong></span> <span class='ocrx_word' id='word_1_266' title='bbox 1756 2264 1939 2339; x_wconf 70' lang='grc' dir='ltr'>ψυχὴν</span> 
     </span>
    </p>
   </div>
   <div class='ocr_carea' id='block_1_36' title="bbox 2070 2254 3646 2341">
    <p class='ocr_par' dir='ltr' id='par_1_36' title="bbox 2070 2254 3646 2331">
     <span class='ocr_line' id='line_1_36' title="bbox 2070 2254 3646 2331; baseline -0.007 -14"><span class='ocrx_word' id='word_1_267' title='bbox 2070 2261 2171 2317; x_wconf 83' lang='lat' dir='ltr'><strong>nde</strong></span> <span class='ocrx_word' id='word_1_268' title='bbox 2198 2260 2475 2316; x_wconf 84' lang='lat' dir='ltr'><strong>animatus</strong></span> <span class='ocrx_word' id='word_1_269' title='bbox 2503 2267 2560 2317; x_wconf 91' lang='lat' dir='ltr'><strong>et</strong></span> <span class='ocrx_word' id='word_1_270' title='bbox 2603 2268 2951 2331; x_wconf 70' lang='lat' dir='ltr'><strong>praeparatus</strong></span> <span class='ocrx_word' id='word_1_271' title='bbox 2982 2258 3223 2314; x_wconf 83' lang='lat' dir='ltr'><strong>invictus</strong></span> <span class='ocrx_word' id='word_1_272' title='bbox 3267 2266 3321 2312; x_wconf 89' lang='lat' dir='ltr'><strong>et</strong></span> <span class='ocrx_word' id='word_1_273' title='bbox 3348 2254 3646 2323; x_wconf 83' lang='lat' dir='ltr'><strong>insupera-</strong></span> 
     </span>
    </p>
   </div>
   <div class='ocr_carea' id='block_1_37' title="bbox 345 2345 1961 2432">
    <p class='ocr_par' dir='ltr' id='par_1_37' title="bbox 345 2355 1941 2432">
     <span class='ocr_line' id='line_1_37' title="bbox 345 2355 1941 2432; baseline -0.003 -18"><span class='ocrx_word' id='word_1_274' title='bbox 345 2360 491 2432; x_wconf 78' lang='grc' dir='ltr'>μετὰ</span> <span class='ocrx_word' id='word_1_275' title='bbox 532 2356 883 2423; x_wconf 68' lang='grc' dir='ltr'>κατανύξεως</span> <span class='ocrx_word' id='word_1_276' title='bbox 912 2355 1388 2428; x_wconf 76' lang='grc' dir='ltr'>προσευχομένην,</span> <span class='ocrx_word' id='word_1_277' title='bbox 1417 2357 1550 2429; x_wconf 78' lang='grc' dir='ltr'>πρὶν</span> <span class='ocrx_word' id='word_1_278' title='bbox 1596 2356 1698 2428; x_wconf 81' lang='grc' dir='ltr'>τῆς</span> <span class='ocrx_word' id='word_1_279' title='bbox 1734 2358 1941 2425; x_wconf 70' lang='grc' dir='ltr'>ταύτης</span> 
     </span>
    </p>
   </div>
   <div class='ocr_carea' id='block_1_38' title="bbox 2070 2345 3648 2432">
    <p class='ocr_par' dir='ltr' id='par_1_38' title="bbox 2070 2345 3648 2425">
     <span class='ocr_line' id='line_1_38' title="bbox 2070 2345 3648 2425; baseline -0.008 -13"><span class='ocrx_word' id='word_1_280' title='bbox 2070 2356 2176 2412; x_wconf 68' lang='lat' dir='ltr'><strong>iiiis</strong></span> <span class='ocrx_word' id='word_1_281' title='bbox 2203 2353 2467 2425; x_wconf 87' lang='lat' dir='ltr'><strong>deinceps</strong></span> <span class='ocrx_word' id='word_1_282' title='bbox 2509 2353 2777 2425; x_wconf 85' lang='lat' dir='ltr'><strong>persistit.</strong></span> <span class='ocrx_word' id='word_1_283' title='bbox 2813 2352 3022 2409; x_wconf 91' lang='lat' dir='ltr'><strong>Durum</strong></span> <span class='ocrx_word' id='word_1_284' title='bbox 3057 2359 3145 2408; x_wconf 87' lang='lat' dir='ltr'><strong>est</strong></span> <span class='ocrx_word' id='word_1_285' title='bbox 3176 2366 3245 2407; x_wconf 80' lang='lat' dir='ltr'><strong>ex</strong></span> <span class='ocrx_word' id='word_1_286' title='bbox 3275 2364 3372 2405; x_wconf 91' lang='lat' dir='ltr'><strong>ore</strong></span> <span class='ocrx_word' id='word_1_287' title='bbox 3410 2345 3648 2404; x_wconf 85' lang='lat' dir='ltr'><strong>sitientis</strong></span> 
     </span>
    </p>
   </div>
   <div class='ocr_carea' id='block_1_39' title="bbox 339 2442 1961 2522">
    <p class='ocr_par' dir='ltr' id='par_1_39' title="bbox 339 2442 1943 2522">
     <span class='ocr_line' id='line_1_39' title="bbox 339 2442 1943 2522; baseline -0.003 -15"><span class='ocrx_word' id='word_1_288' title='bbox 339 2449 706 2522; x_wconf 76' lang='grc' dir='ltr'>περαιώσεως</span> <span class='ocrx_word' id='word_1_289' title='bbox 744 2448 951 2521; x_wconf 73' lang='grc' dir='ltr'>ἑαυτὴν</span> <span class='ocrx_word' id='word_1_290' title='bbox 984 2447 1088 2519; x_wconf 81' lang='grc' dir='ltr'>τῆς</span> <span class='ocrx_word' id='word_1_291' title='bbox 1122 2448 1543 2517; x_wconf 76' lang='grc' dir='ltr'>παραστάσεως,</span> <span class='ocrx_word' id='word_1_292' title='bbox 1574 2442 1674 2520; x_wconf 78' lang='grc' dir='ltr'><strong>τῆς</strong></span> <span class='ocrx_word' id='word_1_293' title='bbox 1710 2447 1943 2503; x_wconf 81' lang='grc' dir='ltr'>πολυπο-</span> 
     </span>
    </p>
   </div>
   <div class='ocr_carea' id='block_1_40' title="bbox 2070 2442 3650 2522">
    <p class='ocr_par' dir='ltr' id='par_1_40' title="bbox 2070 2445 3650 2520">
     <span class='ocr_line' id='line_1_40' title="bbox 2070 2445 3650 2520; baseline -0.007 -16"><span class='ocrx_word' id='word_1_294' title='bbox 2070 2462 2263 2520; x_wconf 72' lang='grc' dir='ltr'>ιῳιοιιι»</span> <span class='ocrx_word' id='word_1_295' title='bbox 2308 2461 2547 2518; x_wconf 85' lang='lat' dir='ltr'><strong>rapere,</strong></span> <span class='ocrx_word' id='word_1_296' title='bbox 2594 2447 2691 2502; x_wconf 85' lang='lat' dir='ltr'><strong>sed</strong></span> <span class='ocrx_word' id='word_1_297' title='bbox 2737 2445 2934 2503; x_wconf 86' lang='lat' dir='ltr'><strong>durius</strong></span> <span class='ocrx_word' id='word_1_298' title='bbox 2966 2445 3166 2502; x_wconf 83' lang='lat' dir='ltr'><strong>animae</strong></span> <span class='ocrx_word' id='word_1_299' title='bbox 3214 2456 3342 2499; x_wconf 90' lang='lat' dir='ltr'><strong>cum</strong></span> <span class='ocrx_word' id='word_1_300' title='bbox 3388 2450 3650 2509; x_wconf 77' lang='lat' dir='ltr'><strong>computr-</strong></span> 
     </span>
    </p>
   </div>
   <div class='ocr_carea' id='block_1_41' title="bbox 340 2526 1961 2619">
    <p class='ocr_par' dir='ltr' id='par_1_41' title="bbox 340 2530 1945 2619">
     <span class='ocr_line' id='line_1_41' title="bbox 340 2530 1945 2619; baseline -0.003 -25"><span class='ocrx_word' id='word_1_301' title='bbox 340 2540 514 2613; x_wconf 75' lang='grc' dir='ltr'>θήτου</span> <span class='ocrx_word' id='word_1_302' title='bbox 566 2537 869 2608; x_wconf 73' lang='grc' dir='ltr'>ἀποκόψαι·</span> <span class='ocrx_word' id='word_1_303' title='bbox 902 2537 979 2619; x_wconf 72' lang='grc' dir='ltr'>μῂ</span> <span class='ocrx_word' id='word_1_304' title='bbox 1015 2535 1378 2608; x_wconf 66' lang='grc' dir='ltr'>ἀποπηδήσεις</span> <span class='ocrx_word' id='word_1_305' title='bbox 1428 2535 1589 2607; x_wconf 85' lang='grc' dir='ltr'>ἄχρις</span> <span class='ocrx_word' id='word_1_306' title='bbox 1630 2530 1695 2591; x_wconf 73' lang='grc' dir='ltr'><strong>οὗ</strong></span> <span class='ocrx_word' id='word_1_307' title='bbox 1726 2535 1789 2590; x_wconf 79' lang='grc' dir='ltr'>τὸ</span> <span class='ocrx_word' id='word_1_308' title='bbox 1829 2534 1945 2610; x_wconf 87' lang='grc' dir='ltr'><strong>πῦρ</strong></span> 
     </span>
    </p>
   </div>
   <div class='ocr_carea' id='block_1_42' title="bbox 2070 2526 3651 2619">
    <p class='ocr_par' dir='ltr' id='par_1_42' title="bbox 2070 2526 3651 2605">
     <span class='ocr_line' id='line_1_42' title="bbox 2070 2526 3651 2605; baseline -0.008 -8"><span class='ocrx_word' id='word_1_309' title='bbox 2070 2541 2235 2598; x_wconf 83' lang='lat' dir='ltr'><strong>:lione</strong></span> <span class='ocrx_word' id='word_1_310' title='bbox 2263 2538 2479 2597; x_wconf 83' lang='lat' dir='ltr'><strong>orantis</strong></span> <span class='ocrx_word' id='word_1_311' title='bbox 2509 2546 2634 2596; x_wconf 86' lang='lat' dir='ltr'><strong>ante</strong></span> <span class='ocrx_word' id='word_1_312' title='bbox 2659 2526 2931 2594; x_wconf 85' lang='lat' dir='ltr'><strong>orationis</strong></span> <span class='ocrx_word' id='word_1_313' title='bbox 2953 2536 3139 2604; x_wconf 84' lang='lat' dir='ltr'><strong>linem,</strong></span> <span class='ocrx_word' id='word_1_314' title='bbox 3170 2532 3572 2605; x_wconf 82' lang='lat' dir='ltr'><strong>optatissimum</strong></span> <span class='ocrx_word' id='word_1_315' title='bbox 3594 2539 3651 2586; x_wconf 87' lang='lat' dir='ltr'><strong>et</strong></span> 
     </span>
    </p>
   </div>
   <div class='ocr_carea' id='block_1_43' title="bbox 341 2624 1961 2719">
    <p class='ocr_par' dir='ltr' id='par_1_43' title="bbox 341 2624 1945 2719">
     <span class='ocr_line' id='line_1_43' title="bbox 341 2624 1945 2719; baseline -0.002 -33"><span class='ocrx_word' id='word_1_316' title='bbox 341 2632 448 2719; x_wconf 65' lang='lat' dir='ltr'><strong>uel.</strong></span> <span class='ocrx_word' id='word_1_317' title='bbox 472 2631 533 2685; x_wconf 80' lang='grc' dir='ltr'>τδ</span> <span class='ocrx_word' id='word_1_318' title='bbox 562 2630 711 2702; x_wconf 79' lang='grc' dir='ltr'>ὕδωρ</span> <span class='ocrx_word' id='word_1_319' title='bbox 750 2627 1111 2699; x_wconf 64' lang='grc' dir='ltr'>οἰκονομικῶς</span> <span class='ocrx_word' id='word_1_320' title='bbox 1159 2626 1506 2699; x_wconf 74' lang='grc' dir='ltr'>ὐπολήξαντα</span> <span class='ocrx_word' id='word_1_321' title='bbox 1553 2627 1671 2700; x_wconf 73' lang='grc' dir='ltr'>ἴδῃς</span> <span class='ocrx_word' id='word_1_322' title='bbox 1701 2624 1839 2698; x_wconf 76' lang='lat' dir='ltr'><strong>(2l)°</strong></span> <span class='ocrx_word' id='word_1_323' title='bbox 1883 2628 1945 2682; x_wconf 79' lang='grc' dir='ltr'>οὐ</span> 
     </span>
    </p>
   </div>
   <div class='ocr_carea' id='block_1_44' title="bbox 2070 2624 3650 2719">
    <p class='ocr_par' dir='ltr' id='par_1_44' title="bbox 2070 2631 3650 2705">
     <span class='ocr_line' id='line_1_44' title="bbox 2070 2631 3650 2705; baseline -0.006 -14"><span class='ocrx_word' id='word_1_324' title='bbox 2070 2634 2594 2692; x_wconf 86' lang='lat' dir='ltr'><strong>lesideratissimum</strong></span> <span class='ocrx_word' id='word_1_325' title='bbox 2621 2634 2743 2705; x_wconf 78' lang='lat' dir='ltr'><strong>ejus</strong></span> <span class='ocrx_word' id='word_1_326' title='bbox 2762 2648 2890 2691; x_wconf 89' lang='lat' dir='ltr'><strong>cum</strong></span> <span class='ocrx_word' id='word_1_327' title='bbox 2926 2632 3039 2689; x_wconf 87' lang='lat' dir='ltr'><strong>Deo</strong></span> <span class='ocrx_word' id='word_1_328' title='bbox 3063 2631 3275 2703; x_wconf 82' lang='lat' dir='ltr'><strong>agentis</strong></span> <span class='ocrx_word' id='word_1_329' title='bbox 3291 2642 3650 2700; x_wconf 77' lang='lat' dir='ltr'><strong>congressum</strong></span> 
     </span>
    </p>
   </div>
   <div class='ocr_carea' id='block_1_45' title="bbox 346 2712 1961 2800">
    <p class='ocr_par' dir='ltr' id='par_1_45' title="bbox 346 2714 1950 2793">
     <span class='ocr_line' id='line_1_45' title="bbox 346 2714 1950 2793; baseline 0.001 -18"><span class='ocrx_word' id='word_1_330' title='bbox 346 2714 466 2793; x_wconf 74' lang='grc' dir='ltr'><strong>γὰρ</strong></span> <span class='ocrx_word' id='word_1_331' title='bbox 492 2721 643 2792; x_wconf 75' lang='grc' dir='ltr'>λήψῃ</span> <span class='ocrx_word' id='word_1_332' title='bbox 675 2719 871 2791; x_wconf 80' lang='grc' dir='ltr'>καιρὸν</span> <span class='ocrx_word' id='word_1_333' title='bbox 907 2717 1156 2773; x_wconf 81' lang='grc' dir='ltr'>τοιοῦτον</span> <span class='ocrx_word' id='word_1_334' title='bbox 1186 2717 1323 2789; x_wconf 81' lang='grc' dir='ltr'>πρὸς</span> <span class='ocrx_word' id='word_1_335' title='bbox 1359 2718 1557 2787; x_wconf 76' lang='grc' dir='ltr'>ἄφεσιν</span> <span class='ocrx_word' id='word_1_336' title='bbox 1585 2718 1950 2791; x_wconf 78' lang='grc' dir='ltr'>πταισμάτων</span> 
     </span>
    </p>
   </div>
   <div class='ocr_carea' id='block_1_46' title="bbox 2070 2712 3650 2800">
    <p class='ocr_par' dir='ltr' id='par_1_46' title="bbox 2070 2712 3650 2800">
     <span class='ocr_line' id='line_1_46' title="bbox 2070 2712 3650 2800; baseline -0.007 -14"><span class='ocrx_word' id='word_1_337' title='bbox 2070 2739 2108 2786; x_wconf 73' lang='grc' dir='ltr'><strong>ιι</strong></span> <span class='ocrx_word' id='word_1_338' title='bbox 2131 2728 2477 2800; x_wconf 88' lang='lat' dir='ltr'><strong>colloquium</strong></span> <span class='ocrx_word' id='word_1_339' title='bbox 2500 2727 2854 2800; x_wconf 86' lang='lat' dir='ltr'><strong>abrumpere.</strong></span> <span class='ocrx_word' id='word_1_340' title='bbox 2878 2726 3001 2782; x_wconf 84' lang='lat' dir='ltr'><strong>Non</strong></span> <span class='ocrx_word' id='word_1_341' title='bbox 3030 2712 3256 2782; x_wconf 67' lang='lat' dir='ltr'><strong>etsilias</strong></span> <span class='ocrx_word' id='word_1_342' title='bbox 3272 2722 3342 2779; x_wconf 89' lang='lat' dir='ltr'><strong>ab</strong></span> <span class='ocrx_word' id='word_1_343' title='bbox 3373 2720 3650 2785; x_wconf 87' lang='lat' dir='ltr'><strong>oratione.</strong></span> 
     </span>
    </p>
   </div>
   <div class='ocr_carea' id='block_1_47' title="bbox 348 2810 1961 2911">
    <p class='ocr_par' dir='ltr' id='par_1_47' title="bbox 348 2810 1950 2911">
     <span class='ocr_line' id='line_1_47' title="bbox 348 2810 1950 2911; baseline 0.001 -46"><span class='ocrx_word' id='word_1_344' title='bbox 529 2814 593 2911; x_wconf 57' lang='grc' dir='ltr'><strong>έν</strong></span> <span class='ocrx_word' id='word_1_345' title='bbox 807 2813 874 2881; x_wconf 76' lang='grc' dir='ltr'><strong>τῇ</strong></span> <span class='ocrx_word' id='word_1_346' title='bbox 1046 2826 1168 2863; x_wconf 68' lang='grc' dir='ltr'>σου*</span> <span class='ocrx_word' id='word_1_347' title='bbox 1190 2810 1221 2863; x_wconf 81' lang='grc' dir='ltr'><strong>ό</strong></span> <span class='ocrx_word' id='word_1_348' title='bbox 1244 2810 1563 2882; x_wconf 79' lang='grc' dir='ltr'>προσευχῆς</span> <span class='ocrx_word' id='word_1_349' title='bbox 1586 2812 1950 2883; x_wconf 81' lang='grc' dir='ltr'>γευσάμενος,</span> 
     </span>
    </p>
   </div>
   <div class='ocr_carea' id='block_1_48' title="bbox 2070 2810 3654 2911">
    <p class='ocr_par' dir='ltr' id='par_1_48' title="bbox 2070 2814 3654 2895">
     <span class='ocr_line' id='line_1_48' title="bbox 2070 2814 3654 2895; baseline -0.008 -15"><span class='ocrx_word' id='word_1_350' title='bbox 2070 2822 2232 2895; x_wconf 74' lang='lat' dir='ltr'><strong>[uoad</strong></span> <span class='ocrx_word' id='word_1_351' title='bbox 2266 2822 2458 2879; x_wconf 84' lang='lat' dir='ltr'><strong>divino</strong></span> <span class='ocrx_word' id='word_1_352' title='bbox 2485 2830 2621 2878; x_wconf 87' lang='lat' dir='ltr'><strong>nutu</strong></span> <span class='ocrx_word' id='word_1_353' title='bbox 2669 2821 2931 2894; x_wconf 79' lang='lat' dir='ltr'><strong>lacrymae</strong></span> <span class='ocrx_word' id='word_1_354' title='bbox 2960 2820 3141 2878; x_wconf 86' lang='lat' dir='ltr'><strong>calere</strong></span> <span class='ocrx_word' id='word_1_355' title='bbox 3175 2825 3230 2874; x_wconf 90' lang='lat' dir='ltr'><strong>et</strong></span> <span class='ocrx_word' id='word_1_356' title='bbox 3260 2814 3431 2873; x_wconf 78' lang='lat' dir='ltr'><strong>ﬂuere</strong></span> <span class='ocrx_word' id='word_1_357' title='bbox 3459 2828 3560 2885; x_wconf 84' lang='lat' dir='ltr'><strong>per</strong></span> <span class='ocrx_word' id='word_1_358' title='bbox 3591 2827 3654 2869; x_wconf 83' lang='lat' dir='ltr'><strong>se</strong></span> 
     </span>
    </p>
   </div>
   <div class='ocr_carea' id='block_1_49' title="bbox 350 2901 1961 3013">
    <p class='ocr_par' dir='ltr' id='par_1_49' title="bbox 350 2901 1954 2978">
     <span class='ocr_line' id='line_1_49' title="bbox 350 2901 1954 2978; baseline 0.001 -19"><span class='ocrx_word' id='word_1_359' title='bbox 350 2904 466 2959; x_wconf 71' lang='grc' dir='ltr'><strong>ὑιὼ</strong></span> <span class='ocrx_word' id='word_1_360' title='bbox 486 2902 648 2972; x_wconf 80' lang='grc' dir='ltr'>λόγου</span> <span class='ocrx_word' id='word_1_361' title='bbox 666 2901 793 2966; x_wconf 59' lang='lat' dir='ltr'><strong>cve;</strong></span> <span class='ocrx_word' id='word_1_362' title='bbox 823 2901 1085 2966; x_wconf 74' lang='grc' dir='ltr'>πολλάκις</span> <span class='ocrx_word' id='word_1_363' title='bbox 1104 2918 1239 2972; x_wconf 83' lang='grc' dir='ltr'>προε</span> <span class='ocrx_word' id='word_1_364' title='bbox 1248 2902 1535 2974; x_wconf 73' lang='grc' dir='ltr'>ρχομένου,</span> <span class='ocrx_word' id='word_1_365' title='bbox 1562 2902 1655 2957; x_wconf 81' lang='grc' dir='ltr'><strong>τὸν</strong></span> <span class='ocrx_word' id='word_1_366' title='bbox 1683 2902 1810 2959; x_wconf 90' lang='grc' dir='ltr'>νοῦν</span> <span class='ocrx_word' id='word_1_367' title='bbox 1828 2905 1954 2978; x_wconf 76' lang='grc' dir='ltr'>ἐμό-</span> 
     </span>
    </p>
   </div>
   <div class='ocr_carea' id='block_1_50' title="bbox 2070 2901 3654 3013">
    <p class='ocr_par' dir='ltr' id='par_1_50' title="bbox 2070 2913 3654 2984">
     <span class='ocr_line' id='line_1_50' title="bbox 2070 2913 3654 2984; baseline -0.009 -9"><span class='ocrx_word' id='word_1_368' title='bbox 2070 2926 2276 2975; x_wconf 78' lang='lat' dir='ltr'><strong>:essent</strong></span> <span class='ocrx_word' id='word_1_369' title='bbox 2307 2925 2362 2973; x_wconf 90' lang='lat' dir='ltr'><strong>et</strong></span> <span class='ocrx_word' id='word_1_370' title='bbox 2390 2916 2665 2973; x_wconf 88' lang='lat' dir='ltr'><strong>desinant.</strong></span> <span class='ocrx_word' id='word_1_371' title='bbox 2700 2913 3143 2972; x_wconf 61' lang='lat' dir='ltr'><strong>Fortasse‘enim</strong></span> <span class='ocrx_word' id='word_1_372' title='bbox 3179 2926 3278 2984; x_wconf 88' lang='lat' dir='ltr'><strong>per</strong></span> <span class='ocrx_word' id='word_1_373' title='bbox 3312 2922 3534 2966; x_wconf 89' lang='lat' dir='ltr'><strong>omnem</strong></span> <span class='ocrx_word' id='word_1_374' title='bbox 3565 2920 3654 2962; x_wconf 84' lang='lat' dir='ltr'><strong>re-</strong></span> 
     </span>
    </p>
   </div>
   <div class='ocr_carea' id='block_1_51' title="bbox 354 2992 1961 3085">
    <p class='ocr_par' dir='ltr' id='par_1_51' title="bbox 354 2992 1956 3085">
     <span class='ocr_line' id='line_1_51' title="bbox 354 2992 1956 3085; baseline -0.001 -34"><span class='ocrx_word' id='word_1_375' title='bbox 354 2996 511 3085; x_wconf 66' lang='grc' dir='ltr'>λυνε,</span> <span class='ocrx_word' id='word_1_376' title='bbox 543 2995 649 3051; x_wconf 73' lang='grc' dir='ltr'>καὶ</span> <span class='ocrx_word' id='word_1_377' title='bbox 669 2995 727 3049; x_wconf 78' lang='grc' dir='ltr'>ἐν</span> <span class='ocrx_word' id='word_1_378' title='bbox 756 2996 1038 3085; x_wconf 79' lang='grc' dir='ltr'>προσευχῇ</span> <span class='ocrx_word' id='word_1_379' title='bbox 1066 2992 1375 3065; x_wconf 78' lang='grc' dir='ltr'>παραστὰς,</span> <span class='ocrx_word' id='word_1_380' title='bbox 1404 2993 1465 3047; x_wconf 79' lang='grc' dir='ltr'>τὸ</span> <span class='ocrx_word' id='word_1_381' title='bbox 1496 2993 1830 3067; x_wconf 78' lang='grc' dir='ltr'>ποθούμενον</span> <span class='ocrx_word' id='word_1_382' title='bbox 1852 2996 1956 3071; x_wconf 81' lang='grc' dir='ltr'><strong>οὐχ</strong></span> 
     </span>
    </p>
   </div>
   <div class='ocr_carea' id='block_1_52' title="bbox 2070 2992 3657 3085">
    <p class='ocr_par' dir='ltr' id='par_1_52' title="bbox 2070 2996 3657 3085">
     <span class='ocr_line' id='line_1_52' title="bbox 2070 2996 3657 3085; baseline -0.011 -17"><span class='ocrx_word' id='word_1_383' title='bbox 2070 3012 2267 3085; x_wconf 71' lang='lat' dir='ltr'><strong>iiquam</strong></span> <span class='ocrx_word' id='word_1_384' title='bbox 2299 3011 2468 3067; x_wconf 84' lang='lat' dir='ltr'><strong>vitam</strong></span> <span class='ocrx_word' id='word_1_385' title='bbox 2502 3017 2677 3077; x_wconf 89' lang='lat' dir='ltr'><strong>tuam,</strong></span> <span class='ocrx_word' id='word_1_386' title='bbox 2729 3022 2841 3063; x_wconf 92' lang='lat' dir='ltr'><strong>non</strong></span> <span class='ocrx_word' id='word_1_387' title='bbox 2886 3001 3371 3077; x_wconf 12' lang='lat' dir='ltr'><strong>acquiresetaleml</strong></span> <span class='ocrx_word' id='word_1_388' title='bbox 3401 2996 3657 3055; x_wconf 83' lang='lat' dir='ltr'><strong>occasio-</strong></span> 
     </span>
    </p>
   </div>
   <div class='ocr_carea' id='block_1_53' title="bbox 353 3080 1961 3189">
    <p class='ocr_par' dir='ltr' id='par_1_53' title="bbox 353 3080 1956 3163">
     <span class='ocr_line' id='line_1_53' title="bbox 353 3080 1956 3163; baseline -0.006 -21"><span class='ocrx_word' id='word_1_389' title='bbox 353 3080 495 3159; x_wconf 71' lang='grc' dir='ltr'>εὗρε</span> <span class='ocrx_word' id='word_1_390' title='bbox 536 3085 805 3159; x_wconf 79' lang='grc' dir='ltr'>συνήθωςο</span> <span class='ocrx_word' id='word_1_391' title='bbox 829 3084 963 3140; x_wconf 80' lang='grc' dir='ltr'>ἄλλο</span> <span class='ocrx_word' id='word_1_392' title='bbox 986 3087 1314 3149; x_wconf 60' lang='grc' dir='ltr'>ἐπισκοπεῖν</span> <span class='ocrx_word' id='word_1_393' title='bbox 1356 3088 1697 3159; x_wconf 78' lang='grc' dir='ltr'>συχνοτέρως</span> <span class='ocrx_word' id='word_1_394' title='bbox 1725 3091 1793 3162; x_wconf 79' lang='grc' dir='ltr'><strong>τῇ</strong></span> <span class='ocrx_word' id='word_1_395' title='bbox 1820 3107 1956 3163; x_wconf 65' lang='lat' dir='ltr'><strong>mp-</strong></span> 
     </span>
    </p>
   </div>
   <div class='ocr_carea' id='block_1_54' title="bbox 2070 3080 3656 3189">
    <p class='ocr_par' dir='ltr' id='par_1_54' title="bbox 2070 3090 3656 3173">
     <span class='ocr_line' id='line_1_54' title="bbox 2070 3090 3656 3173; baseline -0.009 -15"><span class='ocrx_word' id='word_1_396' title='bbox 2070 3119 2185 3160; x_wconf 85' lang='lat' dir='ltr'><strong>nem</strong></span> <span class='ocrx_word' id='word_1_397' title='bbox 2212 3103 2283 3159; x_wconf 88' lang='lat' dir='ltr'><strong>ad</strong></span> <span class='ocrx_word' id='word_1_398' title='bbox 2323 3090 2727 3173; x_wconf 83' lang='lat' dir='ltr'><strong>impetrandam</strong></span> <span class='ocrx_word' id='word_1_399' title='bbox 2761 3094 2983 3154; x_wconf 81' lang='lat' dir='ltr'><strong>veniam</strong></span> <span class='ocrx_word' id='word_1_400' title='bbox 3015 3101 3364 3167; x_wconf 88' lang='lat' dir='ltr'><strong>peccatorum</strong></span> <span class='ocrx_word' id='word_1_401' title='bbox 3408 3098 3656 3144; x_wconf 88' lang='lat' dir='ltr'><strong>tuorum.</strong></span> 
     </span>
    </p>
   </div>
   <div class='ocr_carea' id='block_1_55' title="bbox 350 3177 1961 3265">
    <p class='ocr_par' dir='ltr' id='par_1_55' title="bbox 350 3177 1957 3254">
     <span class='ocr_line' id='line_1_55' title="bbox 350 3177 1957 3254; baseline 0.001 -18"><span class='ocrx_word' id='word_1_402' title='bbox 350 3182 458 3254; x_wconf 73' lang='grc' dir='ltr'>δία</span> <span class='ocrx_word' id='word_1_403' title='bbox 487 3179 617 3252; x_wconf 72' lang='grc'><strong>(92)·</strong></span> <span class='ocrx_word' id='word_1_404' title='bbox 669 3180 768 3233; x_wconf 75' lang='grc' dir='ltr'>καὶ</span> <span class='ocrx_word' id='word_1_405' title='bbox 818 3177 969 3244; x_wconf 34' lang='grc' dir='ltr'>ἀλλο,</span> <span class='ocrx_word' id='word_1_406' title='bbox 998 3177 1399 3234; x_wconf 70' lang='grc' dir='ltr'>ιπισκοπεῦσαι</span> <span class='ocrx_word' id='word_1_407' title='bbox 1445 3181 1675 3253; x_wconf 80' lang='grc' dir='ltr'>καρδίας</span> <span class='ocrx_word' id='word_1_408' title='bbox 1718 3183 1809 3238; x_wconf 82' lang='grc' dir='ltr'><strong>διὰ</strong></span> <span class='ocrx_word' id='word_1_409' title='bbox 1836 3186 1957 3249; x_wconf 77' lang='grc' dir='ltr'>νοὸς</span> 
     </span>
    </p>
   </div>
   <div class='ocr_carea' id='block_1_56' title="bbox 2070 3177 3662 3265">
    <p class='ocr_par' dir='ltr' id='par_1_56' title="bbox 2070 3180 3662 3265">
     <span class='ocr_line' id='line_1_56' title="bbox 2070 3180 3662 3265; baseline -0.014 -14"><span class='ocrx_word' id='word_1_410' title='bbox 2070 3193 2164 3263; x_wconf 76' lang='lat' dir='ltr'><strong>Qui</strong></span> <span class='ocrx_word' id='word_1_411' title='bbox 2198 3201 2418 3265; x_wconf 86' lang='lat' dir='ltr'><strong>gustum</strong></span> <span class='ocrx_word' id='word_1_412' title='bbox 2449 3188 2715 3247; x_wconf 86' lang='lat' dir='ltr'><strong>orationis</strong></span> <span class='ocrx_word' id='word_1_413' title='bbox 2750 3187 2915 3258; x_wconf 77' lang='lat' dir='ltr'><strong>cepit,</strong></span> <span class='ocrx_word' id='word_1_414' title='bbox 2947 3199 3059 3241; x_wconf 82' lang='lat' dir='ltr'><strong>uno</strong></span> <span class='ocrx_word' id='word_1_415' title='bbox 3088 3198 3232 3254; x_wconf 56' lang='lat' dir='ltr'><strong>saepe</strong></span> <span class='ocrx_word' id='word_1_416' title='bbox 3260 3180 3429 3237; x_wconf 83' lang='lat' dir='ltr'><strong>verbo</strong></span> <span class='ocrx_word' id='word_1_417' title='bbox 3453 3188 3662 3233; x_wconf 85' lang='lat' dir='ltr'><strong>temere</strong></span> 
     </span>
    </p>
   </div>
   <div class='ocr_carea' id='block_1_57' title="bbox 354 3269 1961 3354">
    <p class='ocr_par' dir='ltr' id='par_1_57' title="bbox 354 3270 1960 3349">
     <span class='ocr_line' id='line_1_57' title="bbox 354 3270 1960 3349; baseline 0.002 -22"><span class='ocrx_word' id='word_1_418' title='bbox 354 3273 648 3346; x_wconf 76' lang='grc' dir='ltr'>ἄρχοντος,</span> <span class='ocrx_word' id='word_1_419' title='bbox 702 3271 802 3326; x_wconf 74' lang='grc' dir='ltr'>καὶ</span> <span class='ocrx_word' id='word_1_420' title='bbox 853 3270 1158 3343; x_wconf 81' lang='grc' dir='ltr'>ἀρχιερέως</span> <span class='ocrx_word' id='word_1_421' title='bbox 1212 3271 1440 3341; x_wconf 81' lang='grc' dir='ltr'>λογικὰς</span> <span class='ocrx_word' id='word_1_422' title='bbox 1498 3274 1693 3340; x_wconf 85' lang='grc' dir='ltr'>θυσίας</span> <span class='ocrx_word' id='word_1_423' title='bbox 1733 3276 1960 3349; x_wconf 83' lang='grc' dir='ltr'>Χριστῷ</span> 
     </span>
    </p>
   </div>
   <div class='ocr_carea' id='block_1_58' title="bbox 2070 3269 3664 3354">
    <p class='ocr_par' dir='ltr' id='par_1_58' title="bbox 2070 3269 3664 3354">
     <span class='ocr_line' id='line_1_58' title="bbox 2070 3269 3664 3354; baseline -0.012 -12"><span class='ocrx_word' id='word_1_424' title='bbox 2070 3286 2268 3343; x_wconf 80' lang='lat' dir='ltr'><strong>emisso</strong></span> <span class='ocrx_word' id='word_1_425' title='bbox 2305 3281 2615 3354; x_wconf 74' lang='lat' dir='ltr'><strong>inquinavit</strong></span> <span class='ocrx_word' id='word_1_426' title='bbox 2646 3288 2912 3343; x_wconf 87' lang='lat' dir='ltr'><strong>mentem,</strong></span> <span class='ocrx_word' id='word_1_427' title='bbox 2942 3287 3005 3333; x_wconf 90' lang='lat' dir='ltr'><strong>ut</strong></span> <span class='ocrx_word' id='word_1_428' title='bbox 3038 3276 3188 3349; x_wconf 90' lang='lat' dir='ltr'><strong>quod</strong></span> <span class='ocrx_word' id='word_1_429' title='bbox 3216 3274 3273 3330; x_wconf 93' lang='lat' dir='ltr'><strong>in</strong></span> <span class='ocrx_word' id='word_1_430' title='bbox 3309 3271 3563 3328; x_wconf 91' lang='lat' dir='ltr'><strong>oratione</strong></span> <span class='ocrx_word' id='word_1_431' title='bbox 3591 3269 3664 3324; x_wconf 81' lang='lat' dir='ltr'><strong>de</strong></span> 
     </span>
    </p>
   </div>
   <div class='ocr_carea' id='block_1_59' title="bbox 354 3357 1961 3450">
    <p class='ocr_par' dir='ltr' id='par_1_59' title="bbox 354 3362 1959 3437">
     <span class='ocr_line' id='line_1_59' title="bbox 354 3362 1959 3437; baseline 0.003 -19"><span class='ocrx_word' id='word_1_432' title='bbox 354 3364 759 3435; x_wconf 69' lang='grc' dir='ltr'>προσάγοντος*</span> <span class='ocrx_word' id='word_1_433' title='bbox 798 3364 925 3427; x_wconf 74' lang='grc' dir='ltr'>τοὺς</span> <span class='ocrx_word' id='word_1_434' title='bbox 961 3363 1084 3434; x_wconf 73' lang='grc' dir='ltr'>μὲν,</span> <span class='ocrx_word' id='word_1_435' title='bbox 1124 3362 1202 3428; x_wconf 83' lang='grc' dir='ltr'>ὥς</span> <span class='ocrx_word' id='word_1_436' title='bbox 1246 3364 1381 3434; x_wconf 83' lang='grc' dir='ltr'>φησί</span> <span class='ocrx_word' id='word_1_437' title='bbox 1411 3382 1498 3430; x_wconf 86' lang='grc' dir='ltr'><strong>τις</strong></span> <span class='ocrx_word' id='word_1_438' title='bbox 1532 3366 1643 3420; x_wconf 84' lang='grc' dir='ltr'>τῶν</span> <span class='ocrx_word' id='word_1_439' title='bbox 1676 3365 1959 3437; x_wconf 77' lang='grc' dir='ltr'>θεολογίας</span> 
     </span>
    </p>
   </div>
   <div class='ocr_carea' id='block_1_60' title="bbox 2070 3357 3661 3450">
    <p class='ocr_par' dir='ltr' id='par_1_60' title="bbox 2070 3357 3661 3450">
     <span class='ocr_line' id='line_1_60' title="bbox 2070 3357 3661 3450; baseline -0.013 -15"><span class='ocrx_word' id='word_1_440' title='bbox 2070 3378 2216 3436; x_wconf 81' lang='lat' dir='ltr'><strong>more</strong></span> <span class='ocrx_word' id='word_1_441' title='bbox 2237 3376 2512 3450; x_wconf 64' lang='lat' dir='ltr'><strong>quaesivit,</strong></span> <span class='ocrx_word' id='word_1_442' title='bbox 2541 3389 2651 3431; x_wconf 91' lang='lat' dir='ltr'><strong>non</strong></span> <span class='ocrx_word' id='word_1_443' title='bbox 2693 3372 2988 3427; x_wconf 81' lang='lat' dir='ltr'><strong>inveniret.</strong></span> <span class='ocrx_word' id='word_1_444' title='bbox 3039 3367 3201 3423; x_wconf 84' lang='lat' dir='ltr'><strong>Aliud</strong></span> <span class='ocrx_word' id='word_1_445' title='bbox 3225 3374 3309 3422; x_wconf 88' lang='lat' dir='ltr'><strong>est</strong></span> <span class='ocrx_word' id='word_1_446' title='bbox 3336 3377 3522 3421; x_wconf 83' lang='lat' dir='ltr'><strong>secum</strong></span> <span class='ocrx_word' id='word_1_447' title='bbox 3548 3357 3661 3414; x_wconf 84' lang='lat' dir='ltr'><strong>fre-</strong></span> 
     </span>
    </p>
   </div>
   <div class='ocr_carea' id='block_1_61' title="bbox 354 3456 1960 3532">
    <p class='ocr_par' dir='ltr' id='par_1_61' title="bbox 354 3456 1960 3532">
     <span class='ocr_line' id='line_1_61' title="bbox 354 3456 1960 3532; baseline 0.002 -19"><span class='ocrx_word' id='word_1_448' title='bbox 354 3456 746 3530; x_wconf 60' lang='lat' dir='ltr'><strong>nmropi¢~l</strong></span> <span class='ocrx_word' id='word_1_449' title='bbox 798 3456 1094 3528; x_wconf 77' lang='grc' dir='ltr'>λαχόντων,</span> <span class='ocrx_word' id='word_1_450' title='bbox 1135 3456 1198 3510; x_wconf 79' lang='grc' dir='ltr'>τὸ</span> <span class='ocrx_word' id='word_1_451' title='bbox 1237 3457 1394 3526; x_wconf 72' lang='grc' dir='ltr'>ἅγιον</span> <span class='ocrx_word' id='word_1_452' title='bbox 1428 3460 1524 3513; x_wconf 73' lang='grc' dir='ltr'>καὶ</span> <span class='ocrx_word' id='word_1_453' title='bbox 1565 3459 1960 3532; x_wconf 79' lang='grc' dir='ltr'>ὑπερουράνιον</span> 
     </span>
    </p>
   </div>
   <div class='ocr_carea' id='block_1_62' title="bbox 356 3545 1964 3622">
    <p class='ocr_par' dir='ltr' id='par_1_62' title="bbox 356 3545 1964 3622">
     <span class='ocr_line' id='line_1_62' title="bbox 356 3545 1964 3622; baseline 0.001 -19"><span class='ocrx_word' id='word_1_454' title='bbox 356 3547 482 3622; x_wconf 82' lang='grc' dir='ltr'><strong>πῦρ</strong></span> <span class='ocrx_word' id='word_1_455' title='bbox 530 3545 834 3620; x_wconf 80' lang='grc' dir='ltr'>ὲπιδημοῦν</span> <span class='ocrx_word' id='word_1_456' title='bbox 875 3546 1233 3617; x_wconf 80' lang='grc' dir='ltr'>καταφλέγει,</span> <span class='ocrx_word' id='word_1_457' title='bbox 1284 3546 1374 3601; x_wconf 85' lang='grc' dir='ltr'><strong>διά</strong></span> <span class='ocrx_word' id='word_1_458' title='bbox 1408 3548 1474 3602; x_wconf 78' lang='grc' dir='ltr'>τὸ</span> <span class='ocrx_word' id='word_1_459' title='bbox 1499 3547 1581 3602; x_wconf 66' lang='grc' dir='ltr'>ἔτι</span> <span class='ocrx_word' id='word_1_460' title='bbox 1611 3548 1828 3613; x_wconf 71' lang='grc' dir='ltr'>ἐλλιπὲς</span> <span class='ocrx_word' id='word_1_461' title='bbox 1858 3549 1964 3620; x_wconf 84' lang='grc' dir='ltr'>τῆς</span> 
     </span>
    </p>
   </div>
   <div class='ocr_carea' id='block_1_63' title="bbox 356 3638 1964 3714">
    <p class='ocr_par' dir='ltr' id='par_1_63' title="bbox 356 3638 1964 3714">
     <span class='ocr_line' id='line_1_63' title="bbox 356 3638 1964 3714; baseline 0.001 -18"><span class='ocrx_word' id='word_1_462' title='bbox 356 3640 717 3714; x_wconf 79' lang='grc' dir='ltr'>καθάρσεως·</span> <span class='ocrx_word' id='word_1_463' title='bbox 740 3639 868 3704; x_wconf 81' lang='grc' dir='ltr'>τοὺς</span> <span class='ocrx_word' id='word_1_464' title='bbox 891 3639 950 3693; x_wconf 74' lang='grc' dir='ltr'><strong>δὲ</strong></span> <span class='ocrx_word' id='word_1_465' title='bbox 981 3638 1146 3695; x_wconf 76' lang='grc' dir='ltr'>πάλιν</span> <span class='ocrx_word' id='word_1_466' title='bbox 1179 3638 1406 3708; x_wconf 78' lang='grc' dir='ltr'>φωτίζει</span> <span class='ocrx_word' id='word_1_467' title='bbox 1428 3640 1518 3694; x_wconf 82' lang='grc' dir='ltr'><strong>διὰ</strong></span> <span class='ocrx_word' id='word_1_468' title='bbox 1552 3640 1613 3694; x_wconf 83' lang='grc' dir='ltr'>τὸ</span> <span class='ocrx_word' id='word_1_469' title='bbox 1639 3641 1837 3714; x_wconf 84' lang='grc' dir='ltr'>μέτρον</span> <span class='ocrx_word' id='word_1_470' title='bbox 1862 3640 1964 3713; x_wconf 79' lang='grc' dir='ltr'>τῆς</span> 
     </span>
    </p>
   </div>
   <div class='ocr_carea' id='block_1_64' title="bbox 354 3720 1967 3804">
    <p class='ocr_par' dir='ltr' id='par_1_64' title="bbox 354 3720 1967 3804">
     <span class='ocr_line' id='line_1_64' title="bbox 354 3720 1967 3804; baseline -0.003 -13"><span class='ocrx_word' id='word_1_471' title='bbox 354 3733 725 3804; x_wconf 72' lang='grc' dir='ltr'>τελειότητος·</span> <span class='ocrx_word' id='word_1_472' title='bbox 746 3731 808 3785; x_wconf 82' lang='grc' dir='ltr'>τὸ</span> <span class='ocrx_word' id='word_1_473' title='bbox 821 3730 955 3786; x_wconf 71' lang='grc' dir='ltr'>αὐτὸ</span> <span class='ocrx_word' id='word_1_474' title='bbox 964 3731 1074 3804; x_wconf 83' lang='grc' dir='ltr'>γὰρ</span> <span class='ocrx_word' id='word_1_475' title='bbox 1088 3730 1201 3803; x_wconf 83' lang='grc' dir='ltr'><strong>πῦρ</strong></span> <span class='ocrx_word' id='word_1_476' title='bbox 1214 3720 1609 3789; x_wconf 78' lang='grc' dir='ltr'>καταναλίσκον</span> <span class='ocrx_word' id='word_1_477' title='bbox 1623 3733 1717 3788; x_wconf 77' lang='grc' dir='ltr'>καὶ</span> <span class='ocrx_word' id='word_1_478' title='bbox 1730 3731 1967 3803; x_wconf 81' lang='grc' dir='ltr'>φωτίζον</span> 
     </span>
    </p>
   </div>
   <div class='ocr_carea' id='block_1_65' title="bbox 361 3822 1964 3898">
    <p class='ocr_par' dir='ltr' id='par_1_65' title="bbox 361 3822 1964 3898">
     <span class='ocr_line' id='line_1_65' title="bbox 361 3822 1964 3898; baseline -0.001 -18"><span class='ocrx_word' id='word_1_479' title='bbox 361 3826 489 3897; x_wconf 70' lang='grc' dir='ltr'><strong>φῶς</strong></span> <span class='ocrx_word' id='word_1_480' title='bbox 514 3825 863 3898; x_wconf 78' lang='grc' dir='ltr'>ὀνομάζεται·</span> <span class='ocrx_word' id='word_1_481' title='bbox 896 3823 1021 3879; x_wconf 76' lang='grc' dir='ltr'>ὅθεν</span> <span class='ocrx_word' id='word_1_482' title='bbox 1058 3824 1153 3879; x_wconf 89' lang='grc' dir='ltr'><strong>καί</strong></span> <span class='ocrx_word' id='word_1_483' title='bbox 1175 3841 1322 3890; x_wconf 80' lang='grc' dir='ltr'>τινες</span> <span class='ocrx_word' id='word_1_484' title='bbox 1363 3826 1428 3878; x_wconf 77' lang='grc' dir='ltr'>ἐκ</span> <span class='ocrx_word' id='word_1_485' title='bbox 1456 3824 1770 3896; x_wconf 79' lang='grc' dir='ltr'>προσευχῆς</span> <span class='ocrx_word' id='word_1_486' title='bbox 1792 3822 1964 3891; x_wconf 76' lang='grc' dir='ltr'>ἐξιόν-</span> 
     </span>
    </p>
   </div>
   <div class='ocr_carea' id='block_1_66' title="bbox 368 3914 1961 3988">
    <p class='ocr_par' dir='ltr' id='par_1_66' title="bbox 368 3914 1961 3988">
     <span class='ocr_line' id='line_1_66' title="bbox 368 3914 1961 3988; baseline 0.001 -18"><span class='ocrx_word' id='word_1_487' title='bbox 368 3932 466 3981; x_wconf 78' lang='grc' dir='ltr'><strong>τες</strong></span> <span class='ocrx_word' id='word_1_488' title='bbox 519 3917 595 3981; x_wconf 82' lang='grc' dir='ltr'><strong>ὡς</strong></span> <span class='ocrx_word' id='word_1_489' title='bbox 633 3916 748 3971; x_wconf 80' lang='grc' dir='ltr'>ἀπὸ</span> <span class='ocrx_word' id='word_1_490' title='bbox 790 3914 966 3986; x_wconf 81' lang='grc' dir='ltr'>πυρὸς</span> <span class='ocrx_word' id='word_1_491' title='bbox 998 3916 1232 3988; x_wconf 83' lang='grc' dir='ltr'>καμίνου</span> <span class='ocrx_word' id='word_1_492' title='bbox 1275 3915 1556 3971; x_wconf 83' lang='grc' dir='ltr'>ποιοῦνται</span> <span class='ocrx_word' id='word_1_493' title='bbox 1609 3918 1711 3988; x_wconf 81' lang='grc' dir='ltr'>τὴν</span> <span class='ocrx_word' id='word_1_494' title='bbox 1758 3915 1961 3985; x_wconf 74' lang='grc' dir='ltr'>ἐξοδονο</span> 
     </span>
    </p>
   </div>
   <div class='ocr_carea' id='block_1_67' title="bbox 380 4008 1967 4083">
    <p class='ocr_par' dir='ltr' id='par_1_67' title="bbox 380 4008 1967 4083">
     <span class='ocr_line' id='line_1_67' title="bbox 380 4008 1967 4083; baseline 0.001 -20"><span class='ocrx_word' id='word_1_495' title='bbox 380 4008 687 4079; x_wconf 79' lang='grc' dir='ltr'>κουφισμὸν</span> <span class='ocrx_word' id='word_1_496' title='bbox 736 4008 910 4081; x_wconf 78' lang='grc' dir='ltr'>ῥύπου</span> <span class='ocrx_word' id='word_1_497' title='bbox 940 4010 1089 4073; x_wconf 73' lang='grc' dir='ltr'>τινος</span> <span class='ocrx_word' id='word_1_498' title='bbox 1119 4009 1214 4064; x_wconf 78' lang='grc' dir='ltr'>καὶ</span> <span class='ocrx_word' id='word_1_499' title='bbox 1244 4008 1378 4081; x_wconf 72' lang='grc' dir='ltr'>ὕλης</span> <span class='ocrx_word' id='word_1_500' title='bbox 1417 4010 1754 4082; x_wconf 69' lang='grc' dir='ltr'>αίσθόμενον</span> <span class='ocrx_word' id='word_1_501' title='bbox 1787 4010 1967 4083; x_wconf 69' lang='grc' dir='ltr'>ἕτεροι</span> 
     </span>
    </p>
   </div>
   <div class='ocr_carea' id='block_1_68' title="bbox 378 4100 1969 4174">
    <p class='ocr_par' dir='ltr' id='par_1_68' title="bbox 378 4100 1969 4174">
     <span class='ocr_line' id='line_1_68' title="bbox 378 4100 1969 4174; baseline 0.003 -20"><span class='ocrx_word' id='word_1_502' title='bbox 378 4100 443 4154; x_wconf 80' lang='grc' dir='ltr'><strong>δὲ</strong></span> <span class='ocrx_word' id='word_1_503' title='bbox 472 4100 548 4163; x_wconf 86' lang='grc' dir='ltr'>ὠς</span> <span class='ocrx_word' id='word_1_504' title='bbox 573 4103 637 4153; x_wconf 80' lang='grc' dir='ltr'>ἐκ</span> <span class='ocrx_word' id='word_1_505' title='bbox 667 4101 838 4169; x_wconf 77' lang='grc' dir='ltr'>φωτὸς</span> <span class='ocrx_word' id='word_1_506' title='bbox 863 4102 1289 4174; x_wconf 74' lang='grc' dir='ltr'>πεφωτισμένοι,</span> <span class='ocrx_word' id='word_1_507' title='bbox 1312 4102 1408 4156; x_wconf 70' lang='grc' dir='ltr'>καὶ</span> <span class='ocrx_word' id='word_1_508' title='bbox 1431 4102 1675 4157; x_wconf 68' lang='grc' dir='ltr'>διπλοΐδα</span> <span class='ocrx_word' id='word_1_509' title='bbox 1701 4103 1969 4159; x_wconf 69' lang='grc' dir='ltr'>ταπεινώ-</span> 
     </span>
    </p>
   </div>
   <div class='ocr_carea' id='block_1_69' title="bbox 378 4189 1971 4263">
    <p class='ocr_par' dir='ltr' id='par_1_69' title="bbox 378 4189 1971 4263">
     <span class='ocr_line' id='line_1_69' title="bbox 378 4189 1971 4263; baseline 0.001 -18"><span class='ocrx_word' id='word_1_510' title='bbox 378 4189 677 4263; x_wconf 44' lang='grc' dir='ltr'>σεωςηκαὶ</span> <span class='ocrx_word' id='word_1_511' title='bbox 719 4192 1091 4261; x_wconf 77' lang='grc' dir='ltr'>ἀγαλλιάσεως</span> <span class='ocrx_word' id='word_1_512' title='bbox 1137 4192 1524 4262; x_wconf 71' lang='grc' dir='ltr'>ἠμφιεσμένοι.</span> <span class='ocrx_word' id='word_1_513' title='bbox 1562 4191 1628 4246; x_wconf 79' lang='lat' dir='ltr'><strong>Oi</strong></span> <span class='ocrx_word' id='word_1_514' title='bbox 1658 4192 1770 4263; x_wconf 79' lang='grc' dir='ltr'><strong>γὰρ</strong></span> <span class='ocrx_word' id='word_1_515' title='bbox 1809 4192 1971 4258; x_wconf 79' lang='grc' dir='ltr'>ἐκτὸς</span> 
     </span>
    </p>
   </div>
   <div class='ocr_carea' id='block_1_70' title="bbox 374 4279 1969 4353">
    <p class='ocr_par' dir='ltr' id='par_1_70' title="bbox 374 4279 1969 4353">
     <span class='ocr_line' id='line_1_70' title="bbox 374 4279 1969 4353; baseline 0.001 -19"><span class='ocrx_word' id='word_1_516' title='bbox 374 4280 489 4334; x_wconf 81' lang='grc' dir='ltr'><strong>τῶν</strong></span> <span class='ocrx_word' id='word_1_517' title='bbox 512 4280 604 4335; x_wconf 79' lang='grc' dir='ltr'><strong>δύο</strong></span> <span class='ocrx_word' id='word_1_518' title='bbox 632 4280 840 4335; x_wconf 83' lang='grc' dir='ltr'>τούτων</span> <span class='ocrx_word' id='word_1_519' title='bbox 870 4280 1171 4352; x_wconf 58' lang='grc' dir='ltr'>,ἐνεργειῶν</span> <span class='ocrx_word' id='word_1_520' title='bbox 1195 4282 1262 4336; x_wconf 82' lang='grc' dir='ltr'>ὲκ</span> <span class='ocrx_word' id='word_1_521' title='bbox 1290 4279 1597 4351; x_wconf 74' lang='grc' dir='ltr'>προσευχῆς</span> <span class='ocrx_word' id='word_1_522' title='bbox 1648 4281 1969 4353; x_wconf 75' lang='grc' dir='ltr'>ὲξεληλυθὸο</span> 
     </span>
    </p>
   </div>
   <div class='ocr_carea' id='block_1_71' title="bbox 366 4371 1972 4446">
    <p class='ocr_par' dir='ltr' id='par_1_71' title="bbox 366 4371 1972 4446">
     <span class='ocr_line' id='line_1_71' title="bbox 366 4371 1972 4446; baseline 0 -20"><span class='ocrx_word' id='word_1_523' title='bbox 366 4391 467 4438; x_wconf 80' lang='grc' dir='ltr'><strong>τες</strong></span> <span class='ocrx_word' id='word_1_524' title='bbox 491 4374 845 4444; x_wconf 75' lang='grc' dir='ltr'>σωματικῶς,</span> <span class='ocrx_word' id='word_1_525' title='bbox 875 4373 962 4427; x_wconf 81' lang='grc' dir='ltr'>ἵνα</span> <span class='ocrx_word' id='word_1_526' title='bbox 987 4373 1065 4445; x_wconf 83' lang='grc' dir='ltr'>μὴ</span> <span class='ocrx_word' id='word_1_527' title='bbox 1089 4372 1250 4439; x_wconf 79' lang='grc' dir='ltr'>εῐπω,</span> <span class='ocrx_word' id='word_1_528' title='bbox 1291 4371 1601 4435; x_wconf 79' lang='grc' dir='ltr'>Ἰουδαῖκῶς</span> <span class='ocrx_word' id='word_1_529' title='bbox 1633 4371 1972 4446; x_wconf 75' lang='grc' dir='ltr'>προσηύξανσ</span> 
     </span>
    </p>
   </div>
   <div class='ocr_carea' id='block_1_72' title="bbox 366 4462 1973 4536">
    <p class='ocr_par' dir='ltr' id='par_1_72' title="bbox 366 4462 1973 4536">
     <span class='ocr_line' id='line_1_72' title="bbox 366 4462 1973 4536; baseline 0.002 -18"><span class='ocrx_word' id='word_1_530' title='bbox 366 4482 461 4530; x_wconf 82' lang='grc' dir='ltr'><strong>το,</strong></span> <span class='ocrx_word' id='word_1_531' title='bbox 507 4466 606 4519; x_wconf 56' lang='grc' dir='ltr'><strong>καί¹</strong></span> <span class='ocrx_word' id='word_1_532' title='bbox 637 4466 697 4519; x_wconf 84' lang='grc' dir='ltr'>οὐ</span> <span class='ocrx_word' id='word_1_533' title='bbox 732 4465 1144 4536; x_wconf 84' lang='grc' dir='ltr'>πνευματικῶς.</span> <span class='ocrx_word' id='word_1_534' title='bbox 1186 4465 1249 4518; x_wconf 80' lang='grc' dir='ltr'><strong>ΕΞ</strong></span> <span class='ocrx_word' id='word_1_535' title='bbox 1300 4462 1462 4534; x_wconf 84' lang='grc' dir='ltr'>σῶμα</span> <span class='ocrx_word' id='word_1_536' title='bbox 1517 4463 1770 4535; x_wconf 82' lang='grc' dir='ltr'>σώματος</span> <span class='ocrx_word' id='word_1_537' title='bbox 1802 4482 1973 4536; x_wconf 75' lang='grc' dir='ltr'>προσ-</span> 
     </span>
    </p>
   </div>
   <div class='ocr_carea' id='block_1_73' title="bbox 364 4556 1973 4630">
    <p class='ocr_par' dir='ltr' id='par_1_73' title="bbox 364 4556 1973 4630">
     <span class='ocr_line' id='line_1_73' title="bbox 364 4556 1973 4630; baseline 0.001 -18"><span class='ocrx_word' id='word_1_538' title='bbox 364 4558 553 4629; x_wconf 79' lang='grc' dir='ltr'>ψαῦον</span> <span class='ocrx_word' id='word_1_539' title='bbox 582 4557 894 4612; x_wconf 82' lang='grc' dir='ltr'>ἀλλοιοῦται</span> <span class='ocrx_word' id='word_1_540' title='bbox 921 4561 991 4630; x_wconf 79' lang='grc' dir='ltr'><strong>τῇ</strong></span> <span class='ocrx_word' id='word_1_541' title='bbox 1018 4557 1290 4629; x_wconf 77' lang='grc' dir='ltr'>ἐνεργείᾳ,</span> <span class='ocrx_word' id='word_1_542' title='bbox 1324 4556 1445 4623; x_wconf 83' lang='grc' dir='ltr'><strong>πῶς</strong></span> <span class='ocrx_word' id='word_1_543' title='bbox 1469 4557 1514 4610; x_wconf 85' lang='grc' dir='ltr'>δ’</span> <span class='ocrx_word' id='word_1_544' title='bbox 1545 4558 1612 4612; x_wconf 84' lang='grc' dir='ltr'>ἂν</span> <span class='ocrx_word' id='word_1_545' title='bbox 1639 4559 1733 4613; x_wconf 74' lang='grc' dir='ltr'>καὶ</span> <span class='ocrx_word' id='word_1_546' title='bbox 1760 4559 1861 4614; x_wconf 76' lang='grc' dir='ltr'>οὐκ</span> <span class='ocrx_word' id='word_1_547' title='bbox 1887 4561 1973 4615; x_wconf 85' lang='grc' dir='ltr'>ἀλ-</span> 
     </span>
    </p>
   </div>
   <div class='ocr_carea' id='block_1_74' title="bbox 364 4647 1974 4724">
    <p class='ocr_par' dir='ltr' id='par_1_74' title="bbox 364 4647 1974 4724">
     <span class='ocr_line' id='line_1_74' title="bbox 364 4647 1974 4724; baseline 0.001 -19"><span class='ocrx_word' id='word_1_548' title='bbox 364 4647 740 4720; x_wconf 78' lang='grc' dir='ltr'>λοιωθήσεται</span> <span class='ocrx_word' id='word_1_549' title='bbox 798 4652 828 4704; x_wconf 87' lang='grc' dir='ltr'><strong>ό</strong></span> <span class='ocrx_word' id='word_1_550' title='bbox 873 4649 1009 4705; x_wconf 83' lang='grc' dir='ltr'>Θεοῦ</span> <span class='ocrx_word' id='word_1_551' title='bbox 1053 4647 1305 4720; x_wconf 84' lang='grc' dir='ltr'>σώματος</span> <span class='ocrx_word' id='word_1_552' title='bbox 1353 4648 1551 4714; x_wconf 82' lang='grc' dir='ltr'>ἀθώοις</span> <span class='ocrx_word' id='word_1_553' title='bbox 1594 4651 1754 4722; x_wconf 82' lang='grc' dir='ltr'>χερσὶ</span> <span class='ocrx_word' id='word_1_554' title='bbox 1803 4669 1974 4724; x_wconf 89' lang='grc' dir='ltr'>προσ-</span> 
     </span>
    </p>
   </div>
   <div class='ocr_carea' id='block_1_75' title="bbox 361 4741 748 4812">
    <p class='ocr_par' dir='ltr' id='par_1_75' title="bbox 361 4741 748 4812">
     <span class='ocr_line' id='line_1_75' title="bbox 361 4741 748 4812; baseline 0.008 -17"><span class='ocrx_word' id='word_1_555' title='bbox 361 4741 567 4812; x_wconf 74' lang='grc' dir='ltr'>ψαύων</span> <span class='ocrx_word' id='word_1_556' title='bbox 594 4741 748 4810; x_wconf 73' lang='grc'><strong>(25);</strong></span> 
     </span>
    </p>
   </div>
   <div class='ocr_carea' id='block_1_76' title="bbox 2005 4721 2051 4776">
    <p class='ocr_par' dir='ltr' id='par_1_76' title="bbox 2005 4721 2051 4776">
     <span class='ocr_line' id='line_1_76' title="bbox 2005 4721 2051 4776; baseline 0 0"><span class='ocrx_word' id='word_1_557' title='bbox 2005 4721 2051 4776; x_wconf 84' lang='grc' dir='ltr'>ι)</span> 
     </span>
    </p>
   </div>
   <div class='ocr_carea' id='block_1_77' title="bbox 2064 3459 3663 3544">
    <p class='ocr_par' dir='ltr' id='par_1_77' title="bbox 2064 3459 3663 3544">
     <span class='ocr_line' id='line_1_77' title="bbox 2064 3459 3663 3544; baseline -0.014 -16"><span class='ocrx_word' id='word_1_558' title='bbox 2064 3479 2297 3544; x_wconf 90' lang='lat' dir='ltr'><strong>quenter</strong></span> <span class='ocrx_word' id='word_1_559' title='bbox 2337 3483 2466 3524; x_wconf 91' lang='lat' dir='ltr'><strong>cum</strong></span> <span class='ocrx_word' id='word_1_560' title='bbox 2502 3467 2671 3524; x_wconf 86' lang='lat' dir='ltr'><strong>corde</strong></span> <span class='ocrx_word' id='word_1_561' title='bbox 2708 3462 2987 3527; x_wconf 89' lang='lat' dir='ltr'><strong>meditari,</strong></span> <span class='ocrx_word' id='word_1_562' title='bbox 3022 3460 3173 3517; x_wconf 85' lang='lat' dir='ltr'><strong>aliud</strong></span> <span class='ocrx_word' id='word_1_563' title='bbox 3212 3459 3393 3530; x_wconf 85' lang='lat' dir='ltr'><strong>ipsum</strong></span> <span class='ocrx_word' id='word_1_564' title='bbox 3426 3469 3521 3511; x_wconf 88' lang='lat' dir='ltr'><strong>cor</strong></span> <span class='ocrx_word' id='word_1_565' title='bbox 3566 3466 3663 3524; x_wconf 87' lang='lat' dir='ltr'><strong>per</strong></span> 
     </span>
    </p>
   </div>
   <div class='ocr_carea' id='block_1_78' title="bbox 2063 3540 3664 3627">
    <p class='ocr_par' dir='ltr' id='par_1_78' title="bbox 2063 3540 3664 3627">
     <span class='ocr_line' id='line_1_78' title="bbox 2063 3540 3664 3627; baseline -0.012 -8"><span class='ocrx_word' id='word_1_566' title='bbox 2063 3540 2303 3618; x_wconf 80' lang='lat' dir='ltr'><strong>mentem</strong></span> <span class='ocrx_word' id='word_1_567' title='bbox 2331 3558 2482 3614; x_wconf 85' lang='lat' dir='ltr'><strong>velut</strong></span> <span class='ocrx_word' id='word_1_568' title='bbox 2521 3554 2830 3627; x_wconf 86' lang='lat' dir='ltr'><strong>principem</strong></span> <span class='ocrx_word' id='word_1_569' title='bbox 2859 3562 2915 3609; x_wconf 91' lang='lat' dir='ltr'><strong>et</strong></span> <span class='ocrx_word' id='word_1_570' title='bbox 2947 3550 3269 3624; x_wconf 78' lang='lat' dir='ltr'><strong>pontiﬁcem</strong></span> <span class='ocrx_word' id='word_1_571' title='bbox 3306 3540 3664 3603; x_wconf 82' lang='lat' dir='ltr'><strong>rationabiles</strong></span> 
     </span>
    </p>
   </div>
   <div class='ocr_carea' id='block_1_79' title="bbox 2064 3639 3661 3717">
    <p class='ocr_par' dir='ltr' id='par_1_79' title="bbox 2064 3639 3661 3717">
     <span class='ocr_line' id='line_1_79' title="bbox 2064 3639 3661 3717; baseline -0.009 -6"><span class='ocrx_word' id='word_1_572' title='bbox 2064 3653 2287 3711; x_wconf 83' lang='lat' dir='ltr'><strong>Christo</strong></span> <span class='ocrx_word' id='word_1_573' title='bbox 2332 3651 2547 3707; x_wconf 87' lang='lat' dir='ltr'><strong>hostias</strong></span> <span class='ocrx_word' id='word_1_574' title='bbox 2588 3649 2909 3706; x_wconf 74' lang='lat' dir='ltr'><strong>offerentem</strong></span> <span class='ocrx_word' id='word_1_575' title='bbox 2963 3644 3241 3717; x_wconf 87' lang='lat' dir='ltr'><strong>inspicere</strong></span> <span class='ocrx_word' id='word_1_576' title='bbox 3302 3651 3358 3697; x_wconf 90' lang='lat' dir='ltr'><strong>et</strong></span> <span class='ocrx_word' id='word_1_577' title='bbox 3411 3639 3661 3696; x_wconf 76' lang='lat' dir='ltr'><strong>visitare.</strong></span> 
     </span>
    </p>
   </div>
   <div class='ocr_carea' id='block_1_80' title="bbox 2064 3730 3665 3816">
    <p class='ocr_par' dir='ltr' id='par_1_80' title="bbox 2064 3730 3665 3816">
     <span class='ocr_line' id='line_1_80' title="bbox 2064 3730 3665 3816; baseline -0.012 -13"><span class='ocrx_word' id='word_1_578' title='bbox 2064 3745 2193 3803; x_wconf 72' lang='lat' dir='ltr'><strong>illos</strong></span> <span class='ocrx_word' id='word_1_579' title='bbox 2222 3744 2318 3816; x_wconf 88' lang='lat' dir='ltr'><strong>qui</strong></span> <span class='ocrx_word' id='word_1_580' title='bbox 2342 3743 2705 3810; x_wconf 82' lang='lat' dir='ltr'><strong>meditantur,</strong></span> <span class='ocrx_word' id='word_1_581' title='bbox 2741 3738 2885 3813; x_wconf 80' lang='lat' dir='ltr'><strong>ignis</strong></span> <span class='ocrx_word' id='word_1_582' title='bbox 2915 3746 3145 3796; x_wconf 83' lang='lat' dir='ltr'><strong>sanctus</strong></span> <span class='ocrx_word' id='word_1_583' title='bbox 3172 3745 3223 3790; x_wconf 90' lang='lat' dir='ltr'><strong>et</strong></span> <span class='ocrx_word' id='word_1_584' title='bbox 3256 3732 3478 3789; x_wconf 69' lang='lat' dir='ltr'><strong>divinus</strong></span> <span class='ocrx_word' id='word_1_585' title='bbox 3512 3730 3665 3786; x_wconf 79' lang='lat' dir='ltr'><strong>inva-</strong></span> 
     </span>
    </p>
   </div>
   <div class='ocr_carea' id='block_1_81' title="bbox 2066 3821 3665 3901">
    <p class='ocr_par' dir='ltr' id='par_1_81' title="bbox 2066 3821 3665 3901">
     <span class='ocr_line' id='line_1_81' title="bbox 2066 3821 3665 3901; baseline -0.013 -7"><span class='ocrx_word' id='word_1_586' title='bbox 2066 3838 2203 3894; x_wconf 89' lang='lat' dir='ltr'><strong>dens</strong></span> <span class='ocrx_word' id='word_1_587' title='bbox 2245 3835 2493 3893; x_wconf 88' lang='lat' dir='ltr'><strong>incendit</strong></span> <span class='ocrx_word' id='word_1_588' title='bbox 2539 3842 2597 3891; x_wconf 83' lang='lat' dir='ltr'><strong>et</strong></span> <span class='ocrx_word' id='word_1_589' title='bbox 2647 3829 2927 3889; x_wconf 86' lang='lat' dir='ltr'><strong>comburit</strong></span> <span class='ocrx_word' id='word_1_590' title='bbox 2959 3828 3042 3901; x_wconf 75' lang='lat' dir='ltr'><strong>{ut</strong></span> <span class='ocrx_word' id='word_1_591' title='bbox 3069 3825 3295 3898; x_wconf 85' lang='lat' dir='ltr'><strong>quidam</strong></span> <span class='ocrx_word' id='word_1_592' title='bbox 3345 3837 3537 3878; x_wconf 90' lang='lat' dir='ltr'><strong>eorum</strong></span> <span class='ocrx_word' id='word_1_593' title='bbox 3568 3821 3665 3891; x_wconf 90' lang='lat' dir='ltr'><strong>qui</strong></span> 
     </span>
    </p>
   </div>
   <div class='ocr_carea' id='block_1_82' title="bbox 2067 3912 3667 3999">
    <p class='ocr_par' dir='ltr' id='par_1_82' title="bbox 2067 3912 3667 3999">
     <span class='ocr_line' id='line_1_82' title="bbox 2067 3912 3667 3999; baseline -0.01 -15"><span class='ocrx_word' id='word_1_594' title='bbox 2067 3928 2304 3999; x_wconf 81' lang='lat' dir='ltr'><strong>theologi</strong></span> <span class='ocrx_word' id='word_1_595' title='bbox 2328 3941 2526 3983; x_wconf 91' lang='lat' dir='ltr'><strong>nomen</strong></span> <span class='ocrx_word' id='word_1_596' title='bbox 2561 3924 2741 3982; x_wconf 90' lang='lat' dir='ltr'><strong>sortiti</strong></span> <span class='ocrx_word' id='word_1_597' title='bbox 2764 3932 2914 3989; x_wconf 77' lang='lat' dir='ltr'><strong>sunt,</strong></span> <span class='ocrx_word' id='word_1_598' title='bbox 2949 3914 3268 3987; x_wconf 86' lang='lat' dir='ltr'><strong>testantur),</strong></span> <span class='ocrx_word' id='word_1_599' title='bbox 3304 3914 3449 3991; x_wconf 78' lang='lat' dir='ltr'><strong>quod</strong></span> <span class='ocrx_word' id='word_1_600' title='bbox 3482 3912 3667 3968; x_wconf 86' lang='lat' dir='ltr'><strong>adhuc</strong></span> 
     </span>
    </p>
   </div>
   <div class='ocr_carea' id='block_1_83' title="bbox 2068 4003 3669 4087">
    <p class='ocr_par' dir='ltr' id='par_1_83' title="bbox 2068 4003 3669 4087">
     <span class='ocr_line' id='line_1_83' title="bbox 2068 4003 3669 4087; baseline -0.01 -11"><span class='ocrx_word' id='word_1_601' title='bbox 2068 4019 2314 4076; x_wconf 81' lang='lat' dir='ltr'><strong>inveniat</strong></span> <span class='ocrx_word' id='word_1_602' title='bbox 2346 4018 2594 4075; x_wconf 87' lang='lat' dir='ltr'><strong>sordium</strong></span> <span class='ocrx_word' id='word_1_603' title='bbox 2629 4016 2891 4087; x_wconf 85' lang='lat' dir='ltr'><strong>reliquias</strong></span> <span class='ocrx_word' id='word_1_604' title='bbox 2915 4027 3055 4084; x_wconf 87' lang='lat' dir='ltr'><strong>quas</strong></span> <span class='ocrx_word' id='word_1_605' title='bbox 3091 4014 3367 4081; x_wconf 87' lang='lat' dir='ltr'><strong>repurget.</strong></span> <span class='ocrx_word' id='word_1_606' title='bbox 3399 4003 3512 4060; x_wconf 81' lang='lat' dir='ltr'><strong>Hos</strong></span> <span class='ocrx_word' id='word_1_607' title='bbox 3537 4019 3669 4060; x_wconf 80' lang='lat' dir='ltr'><strong>vero</strong></span> 
     </span>
    </p>
   </div>
   <div class='ocr_carea' id='block_1_84' title="bbox 2068 4096 3665 4183">
    <p class='ocr_par' dir='ltr' id='par_1_84' title="bbox 2068 4096 3665 4183">
     <span class='ocr_line' id='line_1_84' title="bbox 2068 4096 3665 4183; baseline -0.011 -15"><span class='ocrx_word' id='word_1_608' title='bbox 2068 4126 2293 4168; x_wconf 89' lang='lat' dir='ltr'><strong>rursum</strong></span> <span class='ocrx_word' id='word_1_609' title='bbox 2324 4126 2426 4183; x_wconf 90' lang='lat' dir='ltr'><strong>pro</strong></span> <span class='ocrx_word' id='word_1_610' title='bbox 2447 4109 2612 4167; x_wconf 88' lang='lat' dir='ltr'><strong>modo</strong></span> <span class='ocrx_word' id='word_1_611' title='bbox 2640 4117 2696 4165; x_wconf 89' lang='lat' dir='ltr'><strong>et</strong></span> <span class='ocrx_word' id='word_1_612' title='bbox 2725 4108 2943 4164; x_wconf 87' lang='lat' dir='ltr'><strong>ratione</strong></span> <span class='ocrx_word' id='word_1_613' title='bbox 2972 4102 3330 4176; x_wconf 76' lang='lat' dir='ltr'><strong>perfectionis</strong></span> <span class='ocrx_word' id='word_1_614' title='bbox 3361 4096 3665 4153; x_wconf 84' lang='lat' dir='ltr'><strong>illuminat.</strong></span> 
     </span>
    </p>
   </div>
   <div class='ocr_carea' id='block_1_85' title="bbox 2070 4189 3669 4275">
    <p class='ocr_par' dir='ltr' id='par_1_85' title="bbox 2070 4189 3669 4275">
     <span class='ocr_line' id='line_1_85' title="bbox 2070 4189 3669 4275; baseline -0.011 -17"><span class='ocrx_word' id='word_1_615' title='bbox 2070 4202 2219 4259; x_wconf 87' lang='lat' dir='ltr'><strong>Idem</strong></span> <span class='ocrx_word' id='word_1_616' title='bbox 2246 4203 2392 4259; x_wconf 91' lang='lat' dir='ltr'><strong>enim</strong></span> <span class='ocrx_word' id='word_1_617' title='bbox 2430 4203 2573 4275; x_wconf 85' lang='lat' dir='ltr'><strong>ignis</strong></span> <span class='ocrx_word' id='word_1_618' title='bbox 2604 4211 2661 4257; x_wconf 89' lang='lat' dir='ltr'><strong>et</strong></span> <span class='ocrx_word' id='word_1_619' title='bbox 2696 4212 3030 4258; x_wconf 89' lang='lat' dir='ltr'><strong>consumens</strong></span> <span class='ocrx_word' id='word_1_620' title='bbox 3058 4197 3105 4229; x_wconf 79' lang='lat'><strong>”</strong></span> <span class='ocrx_word' id='word_1_621' title='bbox 3137 4201 3192 4251; x_wconf 89' lang='lat' dir='ltr'><strong>et</strong></span> <span class='ocrx_word' id='word_1_622' title='bbox 3231 4190 3555 4248; x_wconf 86' lang='lat' dir='ltr'><strong>illuminans</strong></span> <span class='ocrx_word' id='word_1_623' title='bbox 3583 4189 3669 4243; x_wconf 80' lang='lat' dir='ltr'><strong>lu-</strong></span> 
     </span>
    </p>
   </div>
   <div class='ocr_carea' id='block_1_86' title="bbox 2069 4279 3672 4367">
    <p class='ocr_par' dir='ltr' id='par_1_86' title="bbox 2069 4279 3672 4367">
     <span class='ocr_line' id='line_1_86' title="bbox 2069 4279 3672 4367; baseline -0.011 -16"><span class='ocrx_word' id='word_1_624' title='bbox 2069 4308 2197 4351; x_wconf 89' lang='lat' dir='ltr'><strong>men</strong></span> <span class='ocrx_word' id='word_1_625' title='bbox 2229 4295 2556 4367; x_wconf 83' lang='lat' dir='ltr'><strong>appellatur.</strong></span> <span class='ocrx_word' id='word_1_626' title='bbox 2589 4290 2748 4348; x_wconf 90' lang='lat' dir='ltr'><strong>Unde</strong></span> <span class='ocrx_word' id='word_1_627' title='bbox 2773 4293 2833 4346; x_wconf 84' lang='lat' dir='ltr'><strong>iit</strong></span> <span class='ocrx_word' id='word_1_628' title='bbox 2859 4300 2921 4346; x_wconf 92' lang='lat' dir='ltr'><strong>ut</strong></span> <span class='ocrx_word' id='word_1_629' title='bbox 2953 4287 3178 4359; x_wconf 87' lang='lat' dir='ltr'><strong>quidam</strong></span> <span class='ocrx_word' id='word_1_630' title='bbox 3208 4284 3277 4340; x_wconf 90' lang='lat' dir='ltr'><strong>ab</strong></span> <span class='ocrx_word' id='word_1_631' title='bbox 3299 4282 3550 4338; x_wconf 86' lang='lat' dir='ltr'><strong>oratione</strong></span> <span class='ocrx_word' id='word_1_632' title='bbox 3583 4279 3672 4334; x_wconf 86' lang='lat' dir='ltr'><strong>di-</strong></span> 
     </span>
    </p>
   </div>
   <div class='ocr_carea' id='block_1_87' title="bbox 2072 4370 3668 4457">
    <p class='ocr_par' dir='ltr' id='par_1_87' title="bbox 2072 4370 3668 4457">
     <span class='ocr_line' id='line_1_87' title="bbox 2072 4370 3668 4457; baseline -0.011 -15"><span class='ocrx_word' id='word_1_633' title='bbox 2072 4386 2251 4457; x_wconf 78' lang='lat' dir='ltr'><strong>gressi</strong></span> <span class='ocrx_word' id='word_1_634' title='bbox 2278 4386 2574 4441; x_wconf 82' lang='lat' dir='ltr'><strong>videantur</strong></span> <span class='ocrx_word' id='word_1_635' title='bbox 2597 4382 2761 4455; x_wconf 89' lang='lat' dir='ltr'><strong>quasi</strong></span> <span class='ocrx_word' id='word_1_636' title='bbox 2792 4397 2862 4438; x_wconf 82' lang='lat' dir='ltr'><strong>ex</strong></span> <span class='ocrx_word' id='word_1_637' title='bbox 2885 4380 3114 4437; x_wconf 88' lang='lat' dir='ltr'><strong>ardente</strong></span> <span class='ocrx_word' id='word_1_638' title='bbox 3143 4376 3371 4431; x_wconf 84' lang='lat' dir='ltr'><strong>fornace</strong></span> <span class='ocrx_word' id='word_1_639' title='bbox 3420 4370 3668 4443; x_wconf 87' lang='lat' dir='ltr'><strong>prodire,</strong></span> 
     </span>
    </p>
   </div>
   <div class='ocr_carea' id='block_1_88' title="bbox 2071 4463 3674 4549">
    <p class='ocr_par' dir='ltr' id='par_1_88' title="bbox 2071 4463 3674 4549">
     <span class='ocr_line' id='line_1_88' title="bbox 2071 4463 3674 4549; baseline -0.009 -15"><span class='ocrx_word' id='word_1_640' title='bbox 2071 4478 2204 4534; x_wconf 85' lang='lat' dir='ltr'><strong>dum</strong></span> <span class='ocrx_word' id='word_1_641' title='bbox 2239 4478 2485 4533; x_wconf 86' lang='lat' dir='ltr'><strong>sentiunt</strong></span> <span class='ocrx_word' id='word_1_642' title='bbox 2525 4477 2673 4549; x_wconf 89' lang='lat' dir='ltr'><strong>quod</strong></span> <span class='ocrx_word' id='word_1_643' title='bbox 2713 4475 2782 4531; x_wconf 82' lang='lat' dir='ltr'><strong>ab</strong></span> <span class='ocrx_word' id='word_1_644' title='bbox 2813 4473 3000 4545; x_wconf 88' lang='lat' dir='ltr'><strong>aliqua</strong></span> <span class='ocrx_word' id='word_1_645' title='bbox 3033 4470 3177 4536; x_wconf 90' lang='lat' dir='ltr'><strong>labe,</strong></span> <span class='ocrx_word' id='word_1_646' title='bbox 3209 4467 3377 4541; x_wconf 56' lang='lat'><strong>539</strong></span> <span class='ocrx_word' id='word_1_647' title='bbox 3420 4474 3475 4522; x_wconf 90' lang='lat' dir='ltr'><strong>et</strong></span> <span class='ocrx_word' id='word_1_648' title='bbox 3507 4463 3674 4521; x_wconf 80' lang='lat' dir='ltr'><strong>vitio-</strong></span> 
     </span>
    </p>
   </div>
   <div class='ocr_carea' id='block_1_89' title="bbox 2074 4557 3678 4641">
    <p class='ocr_par' dir='ltr' id='par_1_89' title="bbox 2074 4557 3678 4641">
     <span class='ocr_line' id='line_1_89' title="bbox 2074 4557 3678 4641; baseline -0.009 -15"><span class='ocrx_word' id='word_1_649' title='bbox 2074 4586 2198 4626; x_wconf 90' lang='lat' dir='ltr'><strong>rum</strong></span> <span class='ocrx_word' id='word_1_650' title='bbox 2240 4569 2432 4627; x_wconf 82' lang='lat' dir='ltr'><strong>fomite</strong></span> <span class='ocrx_word' id='word_1_651' title='bbox 2476 4569 2590 4625; x_wconf 89' lang='lat' dir='ltr'><strong>sint</strong></span> <span class='ocrx_word' id='word_1_652' title='bbox 2635 4567 2937 4641; x_wconf 80' lang='lat' dir='ltr'><strong>repurgsti.</strong></span> <span class='ocrx_word' id='word_1_653' title='bbox 2967 4564 3076 4619; x_wconf 81' lang='lat' dir='ltr'><strong>Alii</strong></span> <span class='ocrx_word' id='word_1_654' title='bbox 3119 4576 3252 4617; x_wconf 75' lang='lat' dir='ltr'><strong>vero</strong></span> <span class='ocrx_word' id='word_1_655' title='bbox 3294 4559 3502 4633; x_wconf 62' lang='lat' dir='ltr'><strong>lumine</strong></span> <span class='ocrx_word' id='word_1_656' title='bbox 3549 4557 3678 4612; x_wconf 59' lang='lat' dir='ltr'><strong>illuc-</strong></span> 
     </span>
    </p>
   </div>
   <div class='ocr_carea' id='block_1_90' title="bbox 2078 4649 3679 4732">
    <p class='ocr_par' dir='ltr' id='par_1_90' title="bbox 2078 4649 3679 4732">
     <span class='ocr_line' id='line_1_90' title="bbox 2078 4649 3679 4732; baseline -0.009 -15"><span class='ocrx_word' id='word_1_657' title='bbox 2078 4661 2261 4728; x_wconf 89' lang='lat' dir='ltr'><strong>strati,</strong></span> <span class='ocrx_word' id='word_1_658' title='bbox 2303 4668 2358 4716; x_wconf 91' lang='lat' dir='ltr'><strong>et</strong></span> <span class='ocrx_word' id='word_1_659' title='bbox 2396 4660 2616 4732; x_wconf 86' lang='lat' dir='ltr'><strong>gemina</strong></span> <span class='ocrx_word' id='word_1_660' title='bbox 2647 4667 2799 4715; x_wconf 88' lang='lat' dir='ltr'><strong>veste</strong></span> <span class='ocrx_word' id='word_1_661' title='bbox 2839 4673 2936 4714; x_wconf 92' lang='lat' dir='ltr'><strong>seu</strong></span> <span class='ocrx_word' id='word_1_662' title='bbox 2983 4654 3226 4726; x_wconf 90' lang='lat' dir='ltr'><strong>diploide</strong></span> <span class='ocrx_word' id='word_1_663' title='bbox 3258 4649 3585 4706; x_wconf 84' lang='lat' dir='ltr'><strong>humilitatis</strong></span> <span class='ocrx_word' id='word_1_664' title='bbox 3622 4654 3679 4703; x_wconf 86' lang='lat' dir='ltr'><strong>ct</strong></span> 
     </span>
    </p>
   </div>
   <div class='ocr_carea' id='block_1_91' title="bbox 2080 4741 3675 4819">
    <p class='ocr_par' dir='ltr' id='par_1_91' title="bbox 2080 4741 3675 4819">
     <span class='ocr_line' id='line_1_91' title="bbox 2080 4741 3675 4819; baseline -0.007 -13"><span class='ocrx_word' id='word_1_665' title='bbox 2080 4744 2472 4808; x_wconf 75' lang='lat' dir='ltr'><strong>exsdltationis</strong></span> <span class='ocrx_word' id='word_1_666' title='bbox 2495 4751 2680 4806; x_wconf 89' lang='lat' dir='ltr'><strong>amicti</strong></span> <span class='ocrx_word' id='word_1_667' title='bbox 2711 4767 2776 4805; x_wconf 85' lang='lat' dir='ltr'><strong>ex</strong></span> <span class='ocrx_word' id='word_1_668' title='bbox 2805 4748 3053 4806; x_wconf 85' lang='lat' dir='ltr'><strong>oratione</strong></span> <span class='ocrx_word' id='word_1_669' title='bbox 3074 4746 3367 4819; x_wconf 86' lang='lat' dir='ltr'><strong>prodeunt.</strong></span> <span class='ocrx_word' id='word_1_670' title='bbox 3396 4741 3501 4810; x_wconf 86' lang='lat' dir='ltr'><strong>Qui</strong></span> <span class='ocrx_word' id='word_1_671' title='bbox 3527 4741 3675 4797; x_wconf 84' lang='lat' dir='ltr'><strong>enim</strong></span> 
     </span>
    </p>
   </div>
   <div class='ocr_carea' id='block_1_92' title="bbox 364 4828 3680 4917">
    <p class='ocr_par' dir='ltr' id='par_1_92' title="bbox 364 4828 3680 4917">
     <span class='ocr_line' id='line_1_92' title="bbox 364 4828 3680 4917; baseline -0.001 -26"><span class='ocrx_word' id='word_1_672' title='bbox 364 4836 502 4892; x_wconf 86' lang='lat' dir='ltr'><strong>sine</strong></span> <span class='ocrx_word' id='word_1_673' title='bbox 535 4835 734 4890; x_wconf 82' lang='lat' dir='ltr'><strong>harum</strong></span> <span class='ocrx_word' id='word_1_674' title='bbox 758 4833 994 4891; x_wconf 86' lang='lat' dir='ltr'><strong>duarum</strong></span> <span class='ocrx_word' id='word_1_675' title='bbox 1020 4835 1283 4891; x_wconf 79' lang='lat' dir='ltr'><strong>virtutum</strong></span> <span class='ocrx_word' id='word_1_676' title='bbox 1318 4828 1369 4889; x_wconf 60' lang='lat' dir='ltr'><strong>&#39;vi</strong></span> <span class='ocrx_word' id='word_1_677' title='bbox 1396 4845 1451 4890; x_wconf 89' lang='lat' dir='ltr'><strong>et</strong></span> <span class='ocrx_word' id='word_1_678' title='bbox 1480 4835 1717 4892; x_wconf 74' lang='lat' dir='ltr'><strong>efﬁcacia</strong></span> <span class='ocrx_word' id='word_1_679' title='bbox 1749 4839 1817 4893; x_wconf 90' lang='lat' dir='ltr'><strong>ab</strong></span> <span class='ocrx_word' id='word_1_680' title='bbox 1876 4842 2129 4900; x_wconf 87' lang='lat' dir='ltr'><strong>oratione</strong></span> <span class='ocrx_word' id='word_1_681' title='bbox 2175 4846 2487 4914; x_wconf 86' lang='lat' dir='ltr'><strong>discedunt,</strong></span> <span class='ocrx_word' id='word_1_682' title='bbox 2532 4855 2788 4917; x_wconf 80' lang='lat' dir='ltr'><strong>corpore</strong></span> <span class='ocrx_word' id='word_1_683' title='bbox 2838 4851 3077 4905; x_wconf 88' lang='lat' dir='ltr'><strong>tantum,</strong></span> <span class='ocrx_word' id='word_1_684' title='bbox 3128 4854 3238 4895; x_wconf 90' lang='lat' dir='ltr'><strong>non</strong></span> <span class='ocrx_word' id='word_1_685' title='bbox 3286 4837 3509 4910; x_wconf 87' lang='lat' dir='ltr'><strong>spiritu,</strong></span> <span class='ocrx_word' id='word_1_686' title='bbox 3579 4831 3680 4889; x_wconf 81' lang='lat' dir='ltr'><strong>Ju-</strong></span> 
     </span>
    </p>
   </div>
   <div class='ocr_carea' id='block_1_93' title="bbox 362 4925 3680 5019">
    <p class='ocr_par' dir='ltr' id='par_1_93' title="bbox 362 4925 3680 5019">
     <span class='ocr_line' id='line_1_93' title="bbox 362 4925 3680 5019; baseline 0.001 -38"><span class='ocrx_word' id='word_1_687' title='bbox 362 4925 602 4981; x_wconf 81' lang='lat' dir='ltr'><strong>daicum</strong></span> <span class='ocrx_word' id='word_1_688' title='bbox 650 4943 822 5019; x_wconf 90' lang='lat' dir='ltr'><strong>prope</strong></span> <span class='ocrx_word' id='word_1_689' title='bbox 881 4927 1125 4983; x_wconf 38' lang='lat' dir='ltr'><strong>dixerim.</strong></span> <span class='ocrx_word' id='word_1_690' title='bbox 1173 4927 1228 4983; x_wconf 92' lang='lat' dir='ltr'><strong>in</strong></span> <span class='ocrx_word' id='word_1_691' title='bbox 1284 4944 1495 4984; x_wconf 88' lang='lat' dir='ltr'><strong>morem</strong></span> <span class='ocrx_word' id='word_1_692' title='bbox 1544 4942 1791 4988; x_wconf 87' lang='lat' dir='ltr'><strong>orarnnt.</strong></span> <span class='ocrx_word' id='word_1_693' title='bbox 1839 4931 1896 4988; x_wconf 92' lang='lat' dir='ltr'><strong>Si</strong></span> <span class='ocrx_word' id='word_1_694' title='bbox 1949 4950 2151 5008; x_wconf 85' lang='lat' dir='ltr'><strong>corpus</strong></span> <span class='ocrx_word' id='word_1_695' title='bbox 2220 4940 2290 4996; x_wconf 87' lang='lat' dir='ltr'><strong>ad</strong></span> <span class='ocrx_word' id='word_1_696' title='bbox 2342 4948 2657 5007; x_wconf 88' lang='lat' dir='ltr'><strong>contactum</strong></span> <span class='ocrx_word' id='word_1_697' title='bbox 2709 4937 2961 5009; x_wconf 86' lang='lat' dir='ltr'><strong>corporis</strong></span> <span class='ocrx_word' id='word_1_698' title='bbox 3012 4936 3354 5011; x_wconf 77' lang='lat' dir='ltr'><strong>imlnutatur,</strong></span> <span class='ocrx_word' id='word_1_699' title='bbox 3399 4927 3680 5001; x_wconf 87' lang='lat' dir='ltr'><strong>quomodo</strong></span> 
     </span>
    </p>
   </div>
   <div class='ocr_carea' id='block_1_94' title="bbox 358 5006 3070 5104">
    <p class='ocr_par' dir='ltr' id='par_1_94' title="bbox 358 5006 3070 5104">
     <span class='ocr_line' id='line_1_94' title="bbox 358 5006 3070 5104; baseline 0.007 -27"><span class='ocrx_word' id='word_1_700' title='bbox 358 5036 496 5077; x_wconf 82' lang='lat' dir='ltr'><strong>non</strong></span> <span class='ocrx_word' id='word_1_701' title='bbox 542 5014 950 5088; x_wconf 86' lang='lat' dir='ltr'><strong>immutahitur,</strong></span> <span class='ocrx_word' id='word_1_702' title='bbox 996 5022 1092 5093; x_wconf 87' lang='lat' dir='ltr'><strong>qui</strong></span> <span class='ocrx_word' id='word_1_703' title='bbox 1138 5023 1293 5093; x_wconf 90' lang='lat' dir='ltr'><strong>puris</strong></span> <span class='ocrx_word' id='word_1_704' title='bbox 1334 5023 1591 5079; x_wconf 87' lang='lat' dir='ltr'><strong>manibus</strong></span> <span class='ocrx_word' id='word_1_705' title='bbox 1644 5023 1738 5079; x_wconf 83' lang='lat' dir='ltr'><strong>Dei</strong></span> <span class='ocrx_word' id='word_1_706' title='bbox 1773 5042 1975 5096; x_wconf 85' lang='lat' dir='ltr'><strong>corpus</strong></span> <span class='ocrx_word' id='word_1_707' title='bbox 2014 5006 2293 5104; x_wconf 78' lang='lat' dir='ltr'><strong>attigerit?</strong></span> <span class='ocrx_word' id='word_1_708' title='bbox 2810 5006 2823 5009; x_wconf 25' lang='grc' dir='ltr'>ν</span> <span class='ocrx_word' id='word_1_709' title='bbox 3064 5006 3070 5011; x_wconf 22' lang='grc' dir='ltr'>ι</span> 
     </span>
    </p>
   </div>
   <div class='ocr_carea' id='block_1_95' title="bbox 460 5116 1981 5192">
    <p class='ocr_par' dir='ltr' id='par_1_95' title="bbox 460 5116 1981 5192">
     <span class='ocr_line' id='line_1_95' title="bbox 460 5116 1981 5192; baseline 0.005 -22"><span class='ocrx_word' id='word_1_710' title='bbox 460 5116 621 5170; x_wconf 81' lang='grc' dir='ltr'>Ἐστι</span> <span class='ocrx_word' id='word_1_711' title='bbox 643 5117 787 5172; x_wconf 84' lang='grc' dir='ltr'><strong>κατά</strong></span> <span class='ocrx_word' id='word_1_712' title='bbox 812 5118 905 5170; x_wconf 85' lang='grc' dir='ltr'>τὸν</span> <span class='ocrx_word' id='word_1_713' title='bbox 936 5118 1031 5171; x_wconf 73' lang='grc' dir='ltr'><strong>ἐπὶ</strong></span> <span class='ocrx_word' id='word_1_714' title='bbox 1055 5120 1158 5189; x_wconf 79' lang='grc' dir='ltr'>γῆς</span> <span class='ocrx_word' id='word_1_715' title='bbox 1186 5118 1432 5189; x_wconf 84' lang='grc' dir='ltr'>βασιλέα,</span> <span class='ocrx_word' id='word_1_716' title='bbox 1462 5118 1559 5172; x_wconf 80' lang='grc' dir='ltr'>καὶ</span> <span class='ocrx_word' id='word_1_717' title='bbox 1582 5118 1677 5172; x_wconf 84' lang='grc' dir='ltr'>τὸν</span> <span class='ocrx_word' id='word_1_718' title='bbox 1709 5120 1981 5192; x_wconf 84' lang='grc' dir='ltr'>ἡμέτερον</span> 
     </span>
    </p>
   </div>
   <div class='ocr_carea' id='block_1_96' title="bbox 359 5208 1978 5280">
    <p class='ocr_par' dir='ltr' id='par_1_96' title="bbox 359 5208 1978 5280">
     <span class='ocr_line' id='line_1_96' title="bbox 359 5208 1978 5280; baseline 0.001 -15"><span class='ocrx_word' id='word_1_719' title='bbox 359 5208 706 5278; x_wconf 78' lang='grc' dir='ltr'>πανάγαθον</span> <span class='ocrx_word' id='word_1_720' title='bbox 752 5208 979 5280; x_wconf 78' lang='grc' dir='ltr'>βασιλέα</span> <span class='ocrx_word' id='word_1_721' title='bbox 1006 5210 1333 5277; x_wconf 76' lang='grc' dir='ltr'>θεάσασθαι,</span> <span class='ocrx_word' id='word_1_722' title='bbox 1373 5209 1505 5264; x_wconf 71' lang='grc' dir='ltr'>ποτε</span> <span class='ocrx_word' id='word_1_723' title='bbox 1539 5211 1640 5280; x_wconf 77' lang='grc' dir='ltr'>μὲν</span> <span class='ocrx_word' id='word_1_724' title='bbox 1669 5210 1739 5264; x_wconf 73' lang='grc' dir='ltr'><strong>δι’</strong></span> <span class='ocrx_word' id='word_1_725' title='bbox 1760 5213 1978 5280; x_wconf 79' lang='grc' dir='ltr'>ἑαυτοῦ,</span> 
     </span>
    </p>
   </div>
   <div class='ocr_carea' id='block_1_97' title="bbox 361 5297 1981 5369">
    <p class='ocr_par' dir='ltr' id='par_1_97' title="bbox 361 5297 1981 5369">
     <span class='ocr_line' id='line_1_97' title="bbox 361 5297 1981 5369; baseline 0.004 -16"><span class='ocrx_word' id='word_1_726' title='bbox 361 5297 525 5353; x_wconf 66' lang='grc' dir='ltr'>ἰτα-εὶ</span> <span class='ocrx_word' id='word_1_727' title='bbox 553 5299 611 5352; x_wconf 82' lang='grc' dir='ltr'><strong>δὲ</strong></span> <span class='ocrx_word' id='word_1_728' title='bbox 636 5298 726 5353; x_wconf 82' lang='grc' dir='ltr'><strong>διὰ</strong></span> <span class='ocrx_word' id='word_1_729' title='bbox 749 5299 927 5369; x_wconf 72' lang='grc' dir='ltr'>φίλου*</span> <span class='ocrx_word' id='word_1_730' title='bbox 954 5298 1084 5354; x_wconf 76' lang='grc' dir='ltr'>ἄλλο</span> <span class='ocrx_word' id='word_1_731' title='bbox 1121 5316 1183 5354; x_wconf 87' lang='grc' dir='ltr'><strong>τε</strong></span> <span class='ocrx_word' id='word_1_732' title='bbox 1218 5300 1276 5355; x_wconf 74' lang='grc' dir='ltr'><strong>δὲ</strong></span> <span class='ocrx_word' id='word_1_733' title='bbox 1300 5298 1389 5354; x_wconf 83' lang='grc' dir='ltr'>διὰ</span> <span class='ocrx_word' id='word_1_734' title='bbox 1417 5299 1627 5354; x_wconf 66' lang='grc' dir='ltr'><strong>δούλου⁹</strong></span> <span class='ocrx_word' id='word_1_735' title='bbox 1657 5301 1774 5356; x_wconf 75' lang='grc' dir='ltr'>ἐστι</span> <span class='ocrx_word' id='word_1_736' title='bbox 1802 5303 1860 5357; x_wconf 75' lang='grc' dir='ltr'><strong>δὲ</strong></span> <span class='ocrx_word' id='word_1_737' title='bbox 1891 5306 1981 5359; x_wconf 84' lang='grc' dir='ltr'>ὅτε</span> 
     </span>
    </p>
   </div>
   <div class='ocr_carea' id='block_1_98' title="bbox 366 5393 1981 5467">
    <p class='ocr_par' dir='ltr' id='par_1_98' title="bbox 366 5393 1981 5467">
     <span class='ocr_line' id='line_1_98' title="bbox 366 5393 1981 5467; baseline 0.002 -17"><span class='ocrx_word' id='word_1_738' title='bbox 366 5393 488 5450; x_wconf 73' lang='grc' dir='ltr'>καὶ</span> <span class='ocrx_word' id='word_1_739' title='bbox 539 5393 836 5464; x_wconf 83' lang='grc' dir='ltr'>ἀγνώστως</span> <span class='ocrx_word' id='word_1_740' title='bbox 877 5394 979 5459; x_wconf 80' lang='grc' dir='ltr'><strong>τὰς</strong></span> <span class='ocrx_word' id='word_1_741' title='bbox 1014 5394 1181 5450; x_wconf 76' lang='grc' dir='ltr'>αὑτοῦ</span> <span class='ocrx_word' id='word_1_742' title='bbox 1227 5395 1437 5464; x_wconf 78' lang='grc' dir='ltr'>δωρεὰς</span> <span class='ocrx_word' id='word_1_743' title='bbox 1473 5398 1588 5458; x_wconf 81' lang='grc' dir='ltr'>τοῖς</span> <span class='ocrx_word' id='word_1_744' title='bbox 1618 5397 1981 5467; x_wconf 82' lang='grc' dir='ltr'>στρατιώταις</span> 
     </span>
    </p>
   </div>
   <div class='ocr_carea' id='block_1_99' title="bbox 363 5485 1984 5560">
    <p class='ocr_par' dir='ltr' id='par_1_99' title="bbox 363 5485 1984 5560">
     <span class='ocr_line' id='line_1_99' title="bbox 363 5485 1984 5560; baseline 0.001 -17"><span class='ocrx_word' id='word_1_745' title='bbox 363 5485 558 5543; x_wconf 69' lang='grc' dir='ltr'>αὑτοῦ</span> <span class='ocrx_word' id='word_1_746' title='bbox 593 5487 972 5559; x_wconf 60' lang='grc' dir='ltr'>χαριζόμενον</span> <span class='ocrx_word' id='word_1_747' title='bbox 1003 5486 1193 5541; x_wconf 82' lang='grc' dir='ltr'>λοιπὸν</span> <span class='ocrx_word' id='word_1_748' title='bbox 1243 5486 1303 5540; x_wconf 82' lang='grc' dir='ltr'><strong>δὲ</strong></span> <span class='ocrx_word' id='word_1_749' title='bbox 1350 5487 1446 5541; x_wconf 80' lang='grc' dir='ltr'>καὶ</span> <span class='ocrx_word' id='word_1_750' title='bbox 1492 5487 1633 5541; x_wconf 77' lang='grc' dir='ltr'>κατὰ</span> <span class='ocrx_word' id='word_1_751' title='bbox 1660 5490 1750 5542; x_wconf 81' lang='grc' dir='ltr'>τὸν</span> <span class='ocrx_word' id='word_1_752' title='bbox 1778 5490 1984 5560; x_wconf 83' lang='grc' dir='ltr'>χιτῶνα</span> 
     </span>
    </p>
   </div>
   <div class='ocr_carea' id='block_1_100' title="bbox 366 5579 1984 5655">
    <p class='ocr_par' dir='ltr' id='par_1_100' title="bbox 366 5579 1984 5655">
     <span class='ocr_line' id='line_1_100' title="bbox 366 5579 1984 5655; baseline 0.001 -19"><span class='ocrx_word' id='word_1_753' title='bbox 366 5584 494 5653; x_wconf 73' lang='grc' dir='ltr'><strong>τῆς</strong></span> <span class='ocrx_word' id='word_1_754' title='bbox 517 5580 829 5653; x_wconf 84' lang='grc' dir='ltr'>προσούσης</span> <span class='ocrx_word' id='word_1_755' title='bbox 856 5582 990 5652; x_wconf 82' lang='grc' dir='ltr'>ἡμῖν</span> <span class='ocrx_word' id='word_1_756' title='bbox 1011 5579 1412 5643; x_wconf 75' lang='grc' dir='ltr'><strong>ταπεινώσεως⁸</strong></span> <span class='ocrx_word' id='word_1_757' title='bbox 1435 5580 1625 5653; x_wconf 82' lang='grc' dir='ltr'>ὥσπερ</span> <span class='ocrx_word' id='word_1_758' title='bbox 1651 5583 1731 5654; x_wconf 83' lang='grc' dir='ltr'>τῷ</span> <span class='ocrx_word' id='word_1_759' title='bbox 1759 5585 1853 5637; x_wconf 75' lang='grc' dir='ltr'><strong>ἐπὶ</strong></span> <span class='ocrx_word' id='word_1_760' title='bbox 1878 5585 1984 5655; x_wconf 78' lang='grc' dir='ltr'>γῆς</span> 
     </span>
    </p>
   </div>
   <div class='ocr_carea' id='block_1_101' title="bbox 374 5669 1986 5745">
    <p class='ocr_par' dir='ltr' id='par_1_101' title="bbox 374 5669 1986 5745">
     <span class='ocr_line' id='line_1_101' title="bbox 374 5669 1986 5745; baseline 0.002 -20"><span class='ocrx_word' id='word_1_761' title='bbox 374 5672 609 5745; x_wconf 80' lang='grc' dir='ltr'>βασιλεῖ</span> <span class='ocrx_word' id='word_1_762' title='bbox 652 5674 682 5725; x_wconf 85' lang='grc' dir='ltr'><strong>ό</strong></span> <span class='ocrx_word' id='word_1_763' title='bbox 715 5671 868 5742; x_wconf 79' lang='grc' dir='ltr'><strong>αὑτῷ</strong></span> <span class='ocrx_word' id='word_1_764' title='bbox 906 5669 1338 5744; x_wconf 84' lang='grc' dir='ltr'>παριστάμενος,</span> <span class='ocrx_word' id='word_1_765' title='bbox 1377 5671 1471 5723; x_wconf 73' lang='grc' dir='ltr'>καὶ</span> <span class='ocrx_word' id='word_1_766' title='bbox 1498 5671 1557 5722; x_wconf 80' lang='grc' dir='ltr'><strong>τὸ</strong></span> <span class='ocrx_word' id='word_1_767' title='bbox 1593 5671 1882 5744; x_wconf 79' lang='grc' dir='ltr'>πρόσωπον</span> <span class='ocrx_word' id='word_1_768' title='bbox 1924 5676 1986 5730; x_wconf 84' lang='grc' dir='ltr'>τὸ</span> 
     </span>
    </p>
   </div>
   <div class='ocr_carea' id='block_1_102' title="bbox 369 5765 1984 5843">
    <p class='ocr_par' dir='ltr' id='par_1_102' title="bbox 369 5765 1984 5843">
     <span class='ocr_line' id='line_1_102' title="bbox 369 5765 1984 5843; baseline 0.006 -23"><span class='ocrx_word' id='word_1_769' title='bbox 369 5765 595 5820; x_wconf 80' lang='grc' dir='ltr'>οίκεῖον</span> <span class='ocrx_word' id='word_1_770' title='bbox 620 5766 1006 5840; x_wconf 78' lang='grc' dir='ltr'>ἀποστρέφων,</span> <span class='ocrx_word' id='word_1_771' title='bbox 1047 5770 1144 5825; x_wconf 80' lang='grc' dir='ltr'>καὶ</span> <span class='ocrx_word' id='word_1_772' title='bbox 1183 5772 1299 5836; x_wconf 84' lang='grc' dir='ltr'>τοῖς</span> <span class='ocrx_word' id='word_1_773' title='bbox 1340 5770 1557 5843; x_wconf 80' lang='grc' dir='ltr'>ἐχθροῖς</span> <span class='ocrx_word' id='word_1_774' title='bbox 1596 5771 1688 5826; x_wconf 87' lang='grc' dir='ltr'><strong>τοῦ</strong></span> <span class='ocrx_word' id='word_1_775' title='bbox 1724 5774 1984 5829; x_wconf 83' lang='grc' dir='ltr'>δεσπότου</span> 
     </span>
    </p>
   </div>
   <div class='ocr_carea' id='block_1_103' title="bbox 372 5856 1987 5938">
    <p class='ocr_par' dir='ltr' id='par_1_103' title="bbox 372 5856 1987 5938">
     <span class='ocr_line' id='line_1_103' title="bbox 372 5856 1987 5938; baseline 0.005 -25"><span class='ocrx_word' id='word_1_776' title='bbox 372 5856 785 5931; x_wconf 75' lang='grc' dir='ltr'>διαλεγόμενος</span> <span class='ocrx_word' id='word_1_777' title='bbox 809 5860 1117 5932; x_wconf 78' lang='grc' dir='ltr'>βδελυκτός·</span> <span class='ocrx_word' id='word_1_778' title='bbox 1146 5862 1321 5929; x_wconf 74' lang='grc' dir='ltr'>οὕτως</span> <span class='ocrx_word' id='word_1_779' title='bbox 1348 5864 1452 5918; x_wconf 83' lang='grc' dir='ltr'><strong>ὑπὸ</strong></span> <span class='ocrx_word' id='word_1_780' title='bbox 1481 5865 1686 5935; x_wconf 83' lang='grc' dir='ltr'>Κυρίου</span> <span class='ocrx_word' id='word_1_781' title='bbox 1712 5866 1987 5938; x_wconf 67' lang='grc' dir='ltr'>βδελύσσεο</span> 
     </span>
    </p>
   </div>
   <div class='ocr_carea' id='block_1_104' title="bbox 479 5993 1575 6070">
    <p class='ocr_par' dir='ltr' id='par_1_104' title="bbox 479 5993 1575 6070">
     <span class='ocr_line' id='line_1_104' title="bbox 479 5993 1575 6070; baseline 0.005 -21"><span class='ocrx_word' id='word_1_782' title='bbox 479 5993 524 6027; x_wconf 81' lang='grc'><strong>⁸¹</strong></span> <span class='ocrx_word' id='word_1_783' title='bbox 596 5993 757 6053; x_wconf 78' lang='lat' dir='ltr'><strong>Rom.</strong></span> <span class='ocrx_word' id='word_1_784' title='bbox 805 6014 921 6070; x_wconf 78' lang='lat' dir='ltr'><strong>vni,</strong></span> <span class='ocrx_word' id='word_1_785' title='bbox 950 5998 1039 6056; x_wconf 69' lang='lat'><strong>26.</strong></span> <span class='ocrx_word' id='word_1_786' title='bbox 1120 6002 1164 6036; x_wconf 81' lang='grc'><em>³³</em></span> <span class='ocrx_word' id='word_1_787' title='bbox 1194 5999 1351 6057; x_wconf 78' lang='lat' dir='ltr'><strong>Deut.</strong></span> <span class='ocrx_word' id='word_1_788' title='bbox 1376 6014 1453 6069; x_wconf 76' lang='grc' dir='ltr'><strong>ιν,</strong></span> <span class='ocrx_word' id='word_1_789' title='bbox 1485 5998 1575 6054; x_wconf 75' lang='lat' dir='ltr'><strong>2i.</strong></span> 
     </span>
    </p>
   </div>
   <div class='ocr_carea' id='block_1_105' title="bbox 2160 5124 3683 5200">
    <p class='ocr_par' dir='ltr' id='par_1_105' title="bbox 2160 5124 3683 5200">
     <span class='ocr_line' id='line_1_105' title="bbox 2160 5124 3683 5200; baseline -0.009 -17"><span class='ocrx_word' id='word_1_790' title='bbox 2160 5126 2358 5187; x_wconf 83' lang='lat' dir='ltr'><strong>Videre</strong></span> <span class='ocrx_word' id='word_1_791' title='bbox 2386 5138 2471 5186; x_wconf 89' lang='lat' dir='ltr'><strong>est</strong></span> <span class='ocrx_word' id='word_1_792' title='bbox 2501 5129 2645 5200; x_wconf 88' lang='lat' dir='ltr'><strong>apud</strong></span> <span class='ocrx_word' id='word_1_793' title='bbox 2699 5142 2883 5199; x_wconf 84' lang='lat' dir='ltr'><strong>regem</strong></span> <span class='ocrx_word' id='word_1_794' title='bbox 2918 5131 3255 5186; x_wconf 85' lang='lat' dir='ltr'><strong>terrestrem,</strong></span> <span class='ocrx_word' id='word_1_795' title='bbox 3318 5124 3683 5186; x_wconf 83' lang='lat' dir='ltr'><strong>nostrumque</strong></span> 
     </span>
    </p>
   </div>
   <div class='ocr_carea' id='block_1_106' title="bbox 2085 5215 3722 5294">
    <p class='ocr_par' dir='ltr' id='par_1_106' title="bbox 2085 5215 3722 5294">
     <span class='ocr_line' id='line_1_106' title="bbox 2085 5215 3722 5294; baseline -0.007 -17"><span class='ocrx_word' id='word_1_796' title='bbox 2085 5224 2356 5294; x_wconf 89' lang='lat' dir='ltr'><strong>optimum</strong></span> <span class='ocrx_word' id='word_1_797' title='bbox 2396 5233 2452 5280; x_wconf 89' lang='lat' dir='ltr'><strong>et</strong></span> <span class='ocrx_word' id='word_1_798' title='bbox 2509 5219 2787 5280; x_wconf 67' lang='lat' dir='ltr'><strong>coeleStem</strong></span> <span class='ocrx_word' id='word_1_799' title='bbox 2827 5225 3041 5294; x_wconf 66' lang='lat' dir='ltr'><strong>:regem,</strong></span> <span class='ocrx_word' id='word_1_800' title='bbox 3095 5215 3243 5289; x_wconf 88' lang='lat' dir='ltr'><strong>quod</strong></span> <span class='ocrx_word' id='word_1_801' title='bbox 3301 5227 3531 5269; x_wconf 83' lang='lat' dir='ltr'><strong>munera</strong></span> <span class='ocrx_word' id='word_1_802' title='bbox 3577 5225 3677 5268; x_wconf 80' lang='lat' dir='ltr'><strong>sua</strong></span> <span class='ocrx_word' id='word_1_803' title='bbox 3715 5237 3722 5243; x_wconf 89' lang='lat'><strong><em>-</em></strong></span> 
     </span>
    </p>
   </div>
   <div class='ocr_carea' id='block_1_107' title="bbox 2086 5304 3683 5387">
    <p class='ocr_par' dir='ltr' id='par_1_107' title="bbox 2086 5304 3683 5387">
     <span class='ocr_line' id='line_1_107' title="bbox 2086 5304 3683 5387; baseline -0.006 -17"><span class='ocrx_word' id='word_1_804' title='bbox 2086 5331 2232 5371; x_wconf 90' lang='lat' dir='ltr'><strong>nunc</strong></span> <span class='ocrx_word' id='word_1_805' title='bbox 2260 5331 2355 5386; x_wconf 87' lang='lat' dir='ltr'><strong>per</strong></span> <span class='ocrx_word' id='word_1_806' title='bbox 2376 5316 2642 5387; x_wconf 85' lang='lat' dir='ltr'><strong>seipsum,</strong></span> <span class='ocrx_word' id='word_1_807' title='bbox 2674 5328 2823 5370; x_wconf 88' lang='lat' dir='ltr'><strong>nunc</strong></span> <span class='ocrx_word' id='word_1_808' title='bbox 2850 5328 2946 5383; x_wconf 90' lang='lat' dir='ltr'><strong>per</strong></span> <span class='ocrx_word' id='word_1_809' title='bbox 2978 5310 3219 5366; x_wconf 85' lang='lat' dir='ltr'><strong>amicum</strong></span> <span class='ocrx_word' id='word_1_810' title='bbox 3256 5305 3516 5376; x_wconf 86' lang='lat' dir='ltr'><strong>aliquem,</strong></span> <span class='ocrx_word' id='word_1_811' title='bbox 3543 5304 3683 5361; x_wconf 75' lang='lat' dir='ltr'><strong>alias</strong></span> 
     </span>
    </p>
   </div>
   <div class='ocr_carea' id='block_1_108' title="bbox 2092 5396 3681 5479">
    <p class='ocr_par' dir='ltr' id='par_1_108' title="bbox 2092 5396 3681 5479">
     <span class='ocr_line' id='line_1_108' title="bbox 2092 5396 3681 5479; baseline -0.009 -16"><span class='ocrx_word' id='word_1_812' title='bbox 2092 5423 2185 5479; x_wconf 88' lang='lat' dir='ltr'><strong>per</strong></span> <span class='ocrx_word' id='word_1_813' title='bbox 2219 5423 2437 5463; x_wconf 84' lang='lat' dir='ltr'><strong>servum</strong></span> <span class='ocrx_word' id='word_1_814' title='bbox 2471 5402 2660 5473; x_wconf 76' lang='lat' dir='ltr'><strong>etiam,</strong></span> <span class='ocrx_word' id='word_1_815' title='bbox 2693 5404 3025 5477; x_wconf 89' lang='lat' dir='ltr'><strong>quandoque</strong></span> <span class='ocrx_word' id='word_1_816' title='bbox 3075 5416 3204 5457; x_wconf 73' lang='lat' dir='ltr'><strong>vero</strong></span> <span class='ocrx_word' id='word_1_817' title='bbox 3235 5410 3443 5453; x_wconf 88' lang='lat' dir='ltr'><strong>arcano</strong></span> <span class='ocrx_word' id='word_1_818' title='bbox 3490 5406 3545 5453; x_wconf 86' lang='lat' dir='ltr'><strong>et</strong></span> <span class='ocrx_word' id='word_1_819' title='bbox 3593 5396 3681 5450; x_wconf 85' lang='lat' dir='ltr'><strong>in-</strong></span> 
     </span>
    </p>
   </div>
   <div class='ocr_carea' id='block_1_109' title="bbox 2091 5491 3684 5571">
    <p class='ocr_par' dir='ltr' id='par_1_109' title="bbox 2091 5491 3684 5571">
     <span class='ocr_line' id='line_1_109' title="bbox 2091 5491 3684 5571; baseline -0.009 -15"><span class='ocrx_word' id='word_1_820' title='bbox 2091 5500 2312 5571; x_wconf 87' lang='lat' dir='ltr'><strong>cognito</strong></span> <span class='ocrx_word' id='word_1_821' title='bbox 2343 5499 2531 5565; x_wconf 88' lang='lat' dir='ltr'><strong>modo,</strong></span> <span class='ocrx_word' id='word_1_822' title='bbox 2567 5499 2834 5555; x_wconf 86' lang='lat' dir='ltr'><strong>militibus</strong></span> <span class='ocrx_word' id='word_1_823' title='bbox 2874 5495 2989 5552; x_wconf 80' lang='lat' dir='ltr'><strong>suis</strong></span> <span class='ocrx_word' id='word_1_824' title='bbox 3033 5491 3374 5565; x_wconf 87' lang='lat' dir='ltr'><strong>dilargiatur,</strong></span> <span class='ocrx_word' id='word_1_825' title='bbox 3433 5505 3532 5560; x_wconf 90' lang='lat' dir='ltr'><strong>pro</strong></span> <span class='ocrx_word' id='word_1_826' title='bbox 3592 5504 3684 5543; x_wconf 83' lang='lat' dir='ltr'><strong>ra-</strong></span> 
     </span>
    </p>
   </div>
   <div class='ocr_carea' id='block_1_110' title="bbox 2094 5582 3684 5664">
    <p class='ocr_par' dir='ltr' id='par_1_110' title="bbox 2094 5582 3684 5664">
     <span class='ocr_line' id='line_1_110' title="bbox 2094 5582 3684 5664; baseline -0.008 -15"><span class='ocrx_word' id='word_1_827' title='bbox 2094 5595 2243 5649; x_wconf 87' lang='lat' dir='ltr'><strong>tione</strong></span> <span class='ocrx_word' id='word_1_828' title='bbox 2277 5608 2471 5664; x_wconf 88' lang='lat' dir='ltr'><strong>nempe</strong></span> <span class='ocrx_word' id='word_1_829' title='bbox 2504 5592 2707 5649; x_wconf 83' lang='lat' dir='ltr'><strong>tunicae</strong></span> <span class='ocrx_word' id='word_1_830' title='bbox 2737 5599 2941 5647; x_wconf 57' lang='lat' dir='ltr'><strong>nostra;</strong></span> <span class='ocrx_word' id='word_1_831' title='bbox 2965 5602 3129 5661; x_wconf 89' lang='lat' dir='ltr'><strong>quam</strong></span> <span class='ocrx_word' id='word_1_832' title='bbox 3186 5584 3427 5657; x_wconf 86' lang='lat' dir='ltr'><strong>gerimus</strong></span> <span class='ocrx_word' id='word_1_833' title='bbox 3459 5582 3684 5638; x_wconf 85' lang='lat' dir='ltr'><strong>humili-</strong></span> 
     </span>
    </p>
   </div>
   <div class='ocr_carea' id='block_1_111' title="bbox 2094 5672 3678 5750">
    <p class='ocr_par' dir='ltr' id='par_1_111' title="bbox 2094 5672 3678 5750">
     <span class='ocr_line' id='line_1_111' title="bbox 2094 5672 3678 5750; baseline -0.005 -14"><span class='ocrx_word' id='word_1_834' title='bbox 2094 5681 2240 5737; x_wconf 85' lang='lat' dir='ltr'><strong>talis.</strong></span> <span class='ocrx_word' id='word_1_835' title='bbox 2274 5679 2747 5748; x_wconf 85' lang='lat' dir='ltr'><strong>Quemadmodum</strong></span> <span class='ocrx_word' id='word_1_836' title='bbox 2787 5681 2836 5735; x_wconf 90' lang='lat' dir='ltr'><strong>is</strong></span> <span class='ocrx_word' id='word_1_837' title='bbox 2882 5677 2980 5750; x_wconf 85' lang='lat' dir='ltr'><strong>qui</strong></span> <span class='ocrx_word' id='word_1_838' title='bbox 3028 5675 3244 5731; x_wconf 88' lang='lat' dir='ltr'><strong>mortali</strong></span> <span class='ocrx_word' id='word_1_839' title='bbox 3301 5673 3413 5745; x_wconf 89' lang='lat' dir='ltr'><strong>regi</strong></span> <span class='ocrx_word' id='word_1_840' title='bbox 3447 5672 3678 5737; x_wconf 84' lang='lat' dir='ltr'><strong>assistit.</strong></span> 
     </span>
    </p>
   </div>
   <div class='ocr_carea' id='block_1_112' title="bbox 2094 5766 3681 5835">
    <p class='ocr_par' dir='ltr' id='par_1_112' title="bbox 2094 5766 3681 5835">
     <span class='ocr_line' id='line_1_112' title="bbox 2094 5766 3681 5835; baseline -0.008 -3"><span class='ocrx_word' id='word_1_841' title='bbox 2094 5773 2375 5832; x_wconf 87' lang='lat' dir='ltr'><strong>etfaciem</strong></span> <span class='ocrx_word' id='word_1_842' title='bbox 2422 5790 2576 5831; x_wconf 87' lang='lat' dir='ltr'><strong>suam</strong></span> <span class='ocrx_word' id='word_1_843' title='bbox 2606 5773 2675 5829; x_wconf 87' lang='lat' dir='ltr'><strong>ab</strong></span> <span class='ocrx_word' id='word_1_844' title='bbox 2710 5772 2800 5828; x_wconf 89' lang='lat' dir='ltr'><strong>illo</strong></span> <span class='ocrx_word' id='word_1_845' title='bbox 2850 5770 3069 5835; x_wconf 78' lang='lat' dir='ltr'><strong>avertit,</strong></span> <span class='ocrx_word' id='word_1_846' title='bbox 3122 5783 3187 5823; x_wconf 89' lang='lat' dir='ltr'><strong>ac</strong></span> <span class='ocrx_word' id='word_1_847' title='bbox 3250 5782 3375 5822; x_wconf 91' lang='lat' dir='ltr'><strong>cum</strong></span> <span class='ocrx_word' id='word_1_848' title='bbox 3433 5766 3681 5820; x_wconf 81' lang='lat' dir='ltr'><strong>hostibus</strong></span> 
     </span>
    </p>
   </div>
   <div class='ocr_carea' id='block_1_113' title="bbox 2096 5858 3681 5939">
    <p class='ocr_par' dir='ltr' id='par_1_113' title="bbox 2096 5858 3681 5939">
     <span class='ocr_line' id='line_1_113' title="bbox 2096 5858 3681 5939; baseline -0.007 -16"><span class='ocrx_word' id='word_1_849' title='bbox 2096 5869 2215 5939; x_wconf 84' lang='lat' dir='ltr'><strong>ejus</strong></span> <span class='ocrx_word' id='word_1_850' title='bbox 2243 5868 2592 5939; x_wconf 87' lang='lat' dir='ltr'><strong>colloquitur,</strong></span> <span class='ocrx_word' id='word_1_851' title='bbox 2622 5861 2980 5923; x_wconf 78' lang='lat' dir='ltr'><strong>exsecrabilis</strong></span> <span class='ocrx_word' id='word_1_852' title='bbox 3006 5872 3091 5921; x_wconf 83' lang='lat' dir='ltr'><strong>est</strong></span> <span class='ocrx_word' id='word_1_853' title='bbox 3132 5860 3245 5933; x_wconf 85' lang='lat' dir='ltr'><strong>regi</strong></span> <span class='ocrx_word' id='word_1_854' title='bbox 3275 5876 3411 5926; x_wconf 85' lang='lat' dir='ltr'><strong>suo;</strong></span> <span class='ocrx_word' id='word_1_855' title='bbox 3472 5860 3545 5917; x_wconf 86' lang='lat' dir='ltr'><strong>ita</strong></span> <span class='ocrx_word' id='word_1_856' title='bbox 3569 5858 3681 5913; x_wconf 73' lang='lat' dir='ltr'><strong>Do~</strong></span> 
     </span>
    </p>
   </div>
  </div>
