4030 6440
469 285 613 351 1143

459 865 767 920 custoditur
801 880 854 922 et
885 881 1158 928 servatur.

1062 965 1315 1022 Scholion
1342 970 1430 1026 10.

526 1048 631 1116 Qui
662 1066 820 1106 usum
861 1053 1027 1111 habet
1058 1063 1396 1128 precandi...

949 1147 1113 1222 443
1159 1151 1411 1211 Scholion
1460 1156 1549 1214 11.

523 1239 800 1308 Privatam
850 1244 1180 1316 orationem)
1237 1248 1386 1319 quod
1426 1265 1528 1322 ego
1558 1253 1708 1310 mille
1759 1258 2048 1327 perturba-

453 1331 698 1390 tionibus
724 1337 1033 1408 exagitatus
1067 1345 1320 1412 cognovi.

1075 1431 1326 1490 Scholion
1373 1438 1462 1496 12.

520 1519 661 1577 Huic
709 1537 839 1579 vero
893 1539 1014 1595 quae
1057 1525 1113 1580 in
1155 1529 1455 1586 multorum
1511 1543 1660 1590 coetu
1707 1536 1824 1592 ﬁeri
1879 1539 2042 1613 solet)

451 1612 598 1681 quod
665 1625 766 1682 ego
844 1614 1065 1683 quidem
1143 1633 1256 1674 non
1328 1636 1451 1676 sum
1546 1633 1854 1696 expertus,
1948 1612 2042 1688 sed

451 1704 636 1760 credo.
1167 1722 1177 1732 '

1053 1803 1304 1862 Scholion
1351 1808 1440 1866 15.

519 1894 625 1961 Qui
663 1911 732 1952 ex
763 1899 1082 1969 praescripto
1111 1898 1208 1957 Dei
1240 1901 1423 1960 vivere
1466 1904 1730 1975 decrevit,
1793 1911 1864 1966 ab
1921 1928 2044 1969 om-

448 1988 507 2043 ni
575 1989 654 2045 ira
691 1989 951 2048 liberatus
977 1999 1083 2050 est.
1114 2009 1219 2051 nec
1246 1995 1420 2053 ullum
1463 1999 1692 2058 omnino
1721 2004 2039 2061 mortalium

447 2081 577 2139 odio
603 2085 972 2157 prosequitur.

1045 2178 1300 2237 Scholion
1344 2184 1432 2241 14.

514 2267 688 2335 Meus,
727 2269 925 2340 inquit,
957 2271 1226 2331 charitate
1286 2276 1534 2346 dilatata,
1561 2281 1630 2335 ad
1693 2297 1820 2337 eum
1872 2299 2037 2342 versa

442 2360 538 2430 qui
590 2361 683 2417 dat
708 2365 1019 2433 petentibus
1043 2382 1168 2438 qua:
1200 2380 1522 2441 precantur,
1556 2383 1611 2430 et
1633 2375 1702 2431 ab
1731 2376 1826 2432 illo
1853 2377 2035 2434 amata

440 2455 510 2510 de
538 2453 721 2510 verbis
749 2471 976 2526 precum
1025 2460 1095 2515 ab
1130 2475 1192 2518 se
1224 2461 1342 2534 ipsa
1377 2465 1718 2535 proferendis
1783 2485 1895 2526 non
1953 2481 2038 2527 est

439 2546 698 2613 sollicita,
748 2565 873 2619 qua
897 2551 994 2622 qui
1020 2552 1170 2609 facto
1231 2554 1352 2626 ipso
1406 2569 1663 2630 expertus
1700 2570 1803 2629 est,
1871 2563 2035 2618 verba

439 2639 668 2710 insuper
699 2639 883 2708 habet,
925 2643 1224 2703 bonitatem
1298 2650 1588 2718 orationis,
1632 2667 1741 2708 non
1785 2669 1851 2709 ex
1907 2670 2037 2725 pro-

439 2730 650 2789 lixitate
678 2733 996 2792 aestimabit.
1323 2759 1332 2767 -

405 2813 411 2820 ’
1044 2830 1295 2890 Scholion
1321 2836 1409 2892 15.

504 2919 834 2982 Precaturus
884 2927 998 2984 noli
1034 2927 1222 2984 divina
1251 2944 1378 2986 cum
1426 2930 1685 2988 humanis
1710 2942 1764 2988 et
1792 2933 2034 2989 sensibi-

435 3015 584 3073 libus
635 3033 989 3093 comparare,
1018 3037 1087 3078 ne
1120 3038 1151 3078 a
1177 3033 1328 3080 recta
1382 3024 1646 3094 opinione
1668 3025 1745 3097 (et
1775 3025 1902 3095 ﬁde)
1932 3041 2032 3083 ex-

431 3107 605 3166 cidas.

1034 3206 1290 3263 Scholion
1326 3207 1416 3264 16.

499 3293 763 3352 Clausisti
791 3297 1004 3354 viscera
1044 3308 1134 3355 tua
1190 3315 1224 3355 a
1287 3298 1705 3368 benefaciendo,
1772 3303 2023 3358 claudam

427 3396 486 3443 et
511 3401 614 3457 ego
639 3389 795 3446 sinus
827 3391 1181 3464 indulgentiae
1202 3409 1302 3450 seu
1323 3397 1498 3451 venia:
1517 3396 1572 3451 in
1617 3407 1864 3468 tempore
1905 3400 2028 3454 vin-

428 3479 586 3538 dictae
615 3490 670 3537 et
711 3483 966 3554 supplicii
993 3486 1096 3541 tui.

1127 3579 1308 3634 Aliud.

499 3667 819 3726 Benefacias
857 3672 968 3741 pio,
1000 3681 1055 3728 et
1087 3675 1320 3744 recipies
1348 3677 1878 3745 compensationem.

1134 3767 1320 3822 Aliud.

496 3857 636 3923 Quid
678 3859 1000 3932 lacrymaris
1042 3861 1188 3916 inter
1229 3878 1441 3932 preces,
1478 3879 1603 3920 cum
1651 3866 1770 3934 ipse
1840 3865 2017 3937 lacry-

425 3964 546 4005 mas
598 3953 858 4023 pauperis
893 3954 1149 4020 intuitus,
1187 3955 1255 4011 ad
1293 3955 1724 4012 misericordiam
1753 3973 1863 4013 non
1904 3973 2026 4013 mo-

424 4043 607 4098 vearis
627 4043 651 4096 ?

1126 4143 1310 4198 Aliud.

410 4268 414 4276 -
491 4232 780 4298 Quomodo
810 4236 956 4290 Deus
991 4234 1341 4292 miserebitur
1373 4237 1452 4291 tui
1473 4233 1498 4289 ?'
1525 4235 1869 4294 Precationis
1915 4241 2017 4293 ala:

423 4335 552 4380 sunt
606 4326 991 4399 eleemosyna:
1023 4327 1070 4383 si
1119 4329 1374 4399 precibus
1421 4330 1530 4386 tuis
1577 4331 1692 4388 aliis
1737 4347 1846 4387 non
1920 4331 2016 4386 ad-

1725 315 1784 374 S.
1814 317 2057 382 JOANN
2065 324 2134 384 IS
2185 329 2492 398 CLIMACI

461 395 587 465 pias
605 403 965 513 quam-petis.
1003 406 1476 473 Quemadmodum
1505 431 1612 471 non
1675 433 1896 490 oportet
1925 436 2028 480 ant.

2163 438 2300 513 ὅπερ
2350 447 2543 512 αιτεῖς·
2593 452 2782 508 καθότι
2833 457 2894 510 οὐ

461 493 676 558 tempus
717 491 972 550 adfectare
999 498 1209 567 majora
1235 500 1478 556 humeris
1517 505 1653 571 suis,
1687 523 1756 563 ne
1793 509 1888 566 Dei
1916 529 2054 584 .mu-

462 594 569 634 nus
628 582 702 638 ob
782 585 1119 645 celeritatem
1182 592 1587 662 impetrationis
1647 582 2052 661 contemnatur.

461 672 738 748 Quidquid
777 681 923 736 enim
951 682 1112 740 facile
1144 688 1469 758 acquiritur,
1535 694 1646 751 cito
1708 699 1868 768 perit.
1943 700 2052 757 Res

459 777 640 825 autem
679 787 787 826 non
819 774 940 830 sine
981 778 1152 834 animi
1195 780 1384 838 labore
1423 797 1598 857 parta,
1660 805 1852 863 magna
1920 810 2052 851 cura

2930 458 3013 512 δεῖ
3050 459 3132 526 εις
3165 466 3375 534 μεγάλα
3417 469 3596 544 μὲτρα
3643 479 3750 547 πρὸ

2161 534 2354 605 καιροῦ
2372 539 2692 640 ἐπιϐάλλειν
2724 545 2937 614 ἑαυτὸν,
2977 551 3064 606 ἵνα
3093 554 3168 624 μὴ
3197 534 3458 640 αἰσχυνθῇ
3509 534 3574 617 τὺ
3597 534 3752 638 χάρις

2159 641 2272 692 σμα
2304 625 2398 680 τοῦ
2427 630 2559 685 Θεοῦ
2587 637 2654 708 τῇ
2688 638 2950 712 ταχύτητι
2982 645 3082 716 τῆς
3112 647 3384 722 ὑποδοχῆς
3410 625 3603 710 αὐτοῦ·
3640 661 3751 731 mf“

2157 716 2266 786 γὰρ
2321 720 2505 792 ῥᾴδιον
2554 728 3030 803 καταϐαλλόμενον
3087 716 3313 810 ταχέως.
3339 716 3460 799 *καὶ
3508 717 3749 806 ἀπόλλυ-

2153 826 2266 912 ται.
2337 813 2606 872 Ἕκαστον
2662 820 2720 876 δὲ
2777 828 3010 899 πρᾶγμα
3077 832 3218 901 μετὰ
3281 834 3444 891 πόνου
3515 842 3751 912 καρδίας

2155 902 2564 978 εὑρισκόμενον,
2606 917 2746 984 μετὰ
2768 921 3171 990 παραφυλακῆς
3201 926 3293 980 καὶ
3319 902 3678 997 φυλάττεται.

2765 1013 3028 1082 Σχόλιον
3067 1021 3116 1072 ι’.

2227 1091 2304 1161 (a)
2351 1092 2412 1146 '0
2448 1094 2506 1147 ὲν
2533 1097 2794 1171 συνηθείᾳ
2822 1104 3244 1175 προσεύχεσθαι.
3272 1152 3286 1164 .
3358 1149 3374 1164 .
3410 1151 3426 1167 .

2749 1198 3003 1264 Σχόλιον
3043 1201 3130 1256 ια’.

2221 1274 2302 1345 Τῇ
2342 1277 2622 1355 ἰδιαζούσῃ
2669 1283 2806 1356 ὅπερ
2842 1285 3017 1356 ἔγνων
3052 1293 3164 1362 ἐγὼ
3196 1298 3259 1351 ἐκ
3291 1301 3491 1372 πείρας
3524 1304 3753 1378 μυρῖων

2149 1369 2360 1426 παθῶν.

2735 1471 2784 1524 Σ
2784 1474 2996 1539 χόλων
3047 1475 3133 1546 ιβ’.

2217 1553 2296 1627 Τῇ
2331 1556 2478 1627 μετά
2497 1557 2733 1630 πλήθους
2765 1578 2779 1592 °
2807 1563 2965 1618 τοῦτο
2995 1567 3176 1636 ἀγνοῶ
3208 1573 3326 1642 μὲν,
3362 1578 3610 1633 πιστεύω
3658 1577 3738 1640 δέ,

2734 1840 2996 1908 Σχόλιον
3030 1848 3118 1911 ιγ’.

2225 1924 2284 1978 ’0
2306 1925 2446 1980 κατὰ
2471 1927 2604 1984 Θεὸν
2626 1929 2726 2002 ζῇν
2747 1933 3165 2007 αἱρετισάμενος
3193 1939 3374 2010 πάσης
3417 1940 3593 2013 ὀργῆς
3629 1942 3740 1999 ὰπ-

2141 2015 2426 2088 ήλλακται,
2455 2021 2551 2074 καὶ
2578 2022 2689 2077 οὐδ’
2718 2023 2856 2090 ὅλως
2885 2027 2976 2080 τὸν
3013 2029 3242 2101 πλησίον
3274 2037 3444 2102 μισεῖ.

2742 2205 3000 2272 Σχόλιον
3059 2208 3140 2264 ιδ’.

2210 2287 2559 2355 Πλατυνθεὶς,
2606 2293 2763 2362 φησὶ,
2815 2295 2920 2349 ὑπὸ
2957 2297 3059 2368 τῆς
3095 2300 3339 2372 χάριτος,
3382 2303 3504 2357 τότε
3543 2307 3574 2359 ὁ
3601 2305 3738 2370 νοῦς

2137 2379 2276 2450 πρὸς
2307 2381 2400 2435 τὸν
2429 2382 2642 2437 διδόντα
2680 2387 2790 2450 τοῖς
2822 2387 3159 2460 εὐχομένοις,
3192 2393 3286 2447 καὶ
3329 2394 3388 2460 ἐξ
3415 2396 3585 2450 αὐτοῦ
3626 2399 3736 2468 ἐμ-

2137 2471 2456 2543 πνεόμενος,
2488 2474 2626 2558 πρὸς
2655 2477 2784 2541 τοὺς
2804 2478 2898 2548 ἀφ’
2923 2481 3116 2535 ἑαυτοῦ
3141 2487 3592 2558 πρόφερομένους
3618 2489 3734 2542 τῶν

2135 2563 2310 2634 εὐχῶν
2338 2550 2530 2634 λόγους
2567 2569 2667 2622 οὐκ
2703 2570 3013 2642 ἀσχολεῖται
3040 2589 3056 2605 °
3091 2550 3218 2646 περὶ
3244 2550 3554 2650 ὤν’ὁὶργῳ
3573 2550 3734 2634 ῖδοκιο

2137 2655 2319 2726 μάσας
2341 2659 2469 2722 τοὺς
2494 2657 2688 2729 λόγους
2719 2664 3047 2734 παρόψεται,
3071 2668 3136 2720 ἐκ
3163 2668 3264 2737 τῆς
3292 2671 3596 2743 ποσότητος
3627 2671 3732 2744 τὴν

2135 2745 2400 2818 ποιότητα
2423 2750 2933 2824 ἐμπορευσάμενος.

2733 2848 2996 2916 Σχόλιον
3037 2858 3118 2908 ιε’.

2205 2931 2667 3004 Προσευχόμενος,
2701 2936 2889 3007 φησὶν,
2919 2939 3165 3010 αἰσθητῷ
3200 2958 3308 2996 τινι
3340 2944 3640 3014 πράγματι
3669 2948 3733 3002 τὺ

2133 3018 2278 3072 θεῖον
2315 3020 2390 3092 μὴ
2421 3023 2746 3094 παρείκαζε,
2778 3025 2866 3080 ἵνα
2898 3027 2974 3100 μὴ
2997 3031 3092 3082 καὶ
3119 3030 3220 3102 τῆς
3244 3031 3410 3103 ὀρθῆς
3435 3035 3730 3110 ammqu

2055 3129 2098 3187 C
2131 3108 2308 3184 δόξης-

2723 3209 2986 3278 Σχόλιον
3021 3219 3118 3278 ις’.

2206 3296 2495 3364 Ἐκλεισάς
2524 3315 2620 3352 σου
2652 3301 2721 3355 τὰ
2758 3301 3042 3374 σπλάγχνα
3073 3303 3173 3375 τῆς
3203 3308 3478 3373 εὐποιίαςο
3518 3311 3732 3367 κλείσω

2132 3408 2232 3461 μου
2270 3391 2427 3462 κάγὼ
2464 3393 2592 3457 τοὺς
2628 3393 2863 3472 κόλπους
2903 3397 3004 3468 τῆς
3036 3398 3276 3466 ἀνέσεως
3312 3403 3371 3455 ὲν
3417 3403 3598 3476 καιρῷ
3647 3423 3738 3459 τι-

2131 3483 2343 3554 μωρίας
2382 3501 2499 3538 σου.

2813 3584 3017 3639 Ἄλλο.

2198 3666 2503 3740 Εὐποίησον
2541 3671 2774 3740 εὐσεϐεῖ,
2815 3676 2912 3728 καὶ
2952 3677 3208 3749 εὑρήσεις
3234 3681 3608 3752 ἀνταπόδομα.

2817 3770 3030 3823 Ἀλλο.

2193 3854 2261 3908 Τί
2289 3854 2501 3918 κλαίεις
2545 3858 2877 3929 εὐχόμενοςς
2911 3862 2975 3916 σὺ
2997 3861 3068 3916 τὰ
3097 3861 3317 3936 δάκρυα
3351 3864 3447 3919 τοῦ
3481 3866 3727 3939 πένητος

2123 3945 2339 4016 βλέπων
2367 3948 2467 4001 οὐκ
2501 3949 2690 4018 ὲλεεῖς;
3064 3973 3070 3978 ·

2213 4197 2216 4200 .
2805 4159 3017 4212 Ἄλλο.

2200 4246 2260 4299 Ὀ
2286 4247 2417 4311 Θεός
2443 4266 2501 4301 σε
2534 4247 2649 4313 πῶς
2681 4249 2921 4320 ἐλεήσει;
2957 4251 3167 4322 Πτερόν
3201 4251 3317 4305 ἐστι
3349 4255 3448 4324 τῆς
3480 4253 3656 4324 εὐχῆς
3687 4257 3721 4324 ἡ

2118 4339 2460 4412 ἐλεημοσύνη
2489 4357 2502 4370 °
2547 4343 2643 4395 ἐὰν
2673 4341 2750 4413 μὴ
2787 4345 3025 4415 ποιήσῃς
3066 4343 3268 4415 πτερὸν
3298 4349 3363 4417 τῇ
3407 4347 3542 4416 εὐχῇ
3589 4363 3721 4412 σου,

421 4418 646 4483 dideris,
707 4420 910 4475 coelum
939 4427 1123 4490 petere
1170 4437 1277 4476 non
1309 4431 1580 4492 possunt:
1618 4423 1709 4479 ubi
1744 4439 1874 4479 vero
1896 4423 2028 4478 fue—’

2162 4432 2219 4484 5κ
2247 4432 2535 4504 ἀνέρχεται
2564 4435 2644 4498 εἰς
2679 4432 2844 4501 ὕψοςο
2877 4435 3006 4488 ὅταν
3037 4435 3097 4488 δὲ
3130 4437 3505 4508 πτεροποιηθῇ
3542 4440 3576 4509 ή
3618 4441 3723 4491 εὑ-

421 4511 532 4566 rint
565 4511 742 4577 alatae,
781 4513 837 4568 in
903 4516 1105 4569 coelum
1150 4515 1467 4571 evolabunt.
1540 4517 2012 4583 Quemadmodum

2162 4524 2330 4596 ήσου,
2357 4524 2582 4578 ῐπταται
2628 4527 2708 4589 εἰς
2754 4525 2850 4580 τὸν
2895 4526 3146 4597 οὐρανόν.
3183 4527 3396 4599 Ὥσπερ
3445 4530 3558 4601 γὰρ
3595 4529 3723 4601 πῦρ

418 4605 565 4658 enim
597 4605 739 4674 ignis
789 4606 910 4660 oleo
940 4605 1235 4664 destitutus
1259 4609 1654 4680 exstinguitur,
1707 4613 1782 4664 ita
1813 4625 2008 4680 preces

420 4697 628 4766 absque
683 4698 1033 4770 elcomosyna
1073 4711 1437 4757 evanescunt.

1023 4791 1278 4848 Scholion
1305 4795 1396 4849 17.

489 4884 626 4950 Quae
695 4894 1022 4955 sequuntur,
1090 4896 1220 4942 sunt
1283 4885 1499 4943 fructus
1556 4887 1888 4953 tricesimus,
1957 4896 2012 4942 et

417 4976 813 5046 sexagesimus,
861 4978 955 5047 qui
1015 4978 1180 5035 etiam
1220 4979 1276 5035 in
1321 4981 1680 5037 saecularibus
1725 4981 2010 5051 reperiun-

417 5079 526 5123 tur.
581 5069 722 5125 Nam
759 5069 1076 5128 tricesimus
1122 5072 1449 5144 coniugibus
1507 5073 1601 5143 qui
1645 5082 2010 5143 temperanter

414 5162 691 5228 vixerunt,
743 5165 1035 5233 convenit;
1069 5165 1445 5235 sexagesimus
1483 5165 1552 5222 iis
1578 5167 1673 5236 qui
1705 5167 1758 5220 in
1787 5167 2006 5221 caeliba-

416 5266 472 5308 tu
507 5270 638 5310 cum
679 5255 882 5310 virtute
898 5257 1143 5328 degunt;
1197 5257 1556 5314 centesimum
1597 5274 1728 5314 vero
1764 5258 2008 5314 referunt

415 5349 508 5415 qui
543 5356 718 5402 totum
748 5349 1016 5404 mundum
1045 5350 1172 5405 odio
1205 5351 1478 5419 prosecuti
1514 5352 1615 5407 soli
1651 5349 1762 5406 Deo
1823 5352 2006 5405 vivere

419 5449 753 5497 statuerunt.

910 5534 1076 5610 ω
1108 5535 1359 5592 Scholion
1425 5536 1510 5592 ts.

392 5696 395 5700 η
488 5623 669 5693 Ignem
704 5628 796 5683 hic
825 5629 1071 5685 divinum
1103 5630 1436 5687 desiderium
1479 5630 1734 5701 appellat,
1799 5646 1908 5700 quo
1949 5630 2002 5684 in

491 5782 566 5852 (a)
599 5781 860 5838 Scholion
897 5787 1174 5844 abrasum.

2117 4615 2214 4668 ἐὰν
2254 4615 2331 4686 μὴ
2365 4614 2466 4689 ἔχῃ
2492 4615 2668 4670 ἔλαιον
2704 4615 3015 4682 ὲπιστὰξον,
3043 4616 3332 4671 σϐέννυται
3355 4637 3368 4649 ·
3401 4618 3580 4682 οὕτως
3611 4624 3723 4675 καὶ

2119 4709 2152 4776 ὴ
2183 4706 2338 4776 εὐχὴ,
2367 4705 2463 4761 ἐὰν
2487 4706 2566 4778 μὴ
2593 4707 2691 4779 ἔχῃ
2727 4707 3101 4780 ἐλεημοσύνην
3138 4709 3486 4779 ἀφανίζεται.

2724 4802 2772 4853 Σ
2773 4801 2982 4868 χόλιον
3023 4802 3111 4866 ιζ’.

2189 4891 2263 4943 Τὸ
2313 4889 2440 4960 ἑξῆς
2473 4890 2590 4944 ἐστι
2628 4890 2697 4944 τὰ
2732 4890 2796 4954 λ’,
2832 4893 2927 4946 καὶ
2970 4893 3035 4959 ξ’,
3072 4893 3109 4947 ὃ.
3139 4893 3233 4946 καὶ
3264 4895 3325 4948 ὲν
3355 4897 3469 4959 τοῖς
3503 4913 3721 4968 κοσμι-

2120 4986 2236 5048 κοῖς
2265 4985 2394 5038 εἱσι.
2421 4983 2502 5037 Τὰ
2529 4983 2627 5053 μὲν
2657 4984 2701 5038 λ’
2723 4985 2776 5038 οἱ
2799 4984 3014 5053 γυναιξὶ
3042 4984 3334 5053 συζῶντες,
3359 4988 3454 5040 καὶ
3480 5006 3717 5060 σωφροο

2115 5077 2354 5141 νοῦντεςο
2415 5076 2484 5131 τὰ
2533 5077 2590 5130 δὲ
2642 5076 2705 5141 ξ’,
2736 5076 2803 5136 ξὀἱ
2848 5077 3050 5146 ἄζυγες
3081 5118 3096 5142 ,
3142 5077 3237 5132 καὶ
3279 5077 3398 5148 βίον
3440 5080 3718 5152 ἐνάρετον

2117 5169 2506 5241 μετερχόμενοι
2528 5185 2541 5197 ο
2561 5166 2628 5222 τὰ
2645 5167 2704 5221 δὲ
2729 5174 2796 5238 ρ’,
2827 5169 2877 5222 oi
2906 5168 3113 5239 κόσμον
3122 5153 3316 5224 ’πάντα
3338 5171 3714 5242 μισήσαντες,

2114 5263 2209 5317 καὶ
2230 5261 2351 5332 Θεῷ
2382 5261 2482 5333 ζῇν
2517 5261 2662 5332 μόνῳ
2687 5259 3123 5331 αἱρετισάμενοι.

2700 5534 2746 5585 Σ
2753 5533 2958 5586 γύλιον
2997 5538 3086 5586 ιη’.

2700 5534 2958 5600 Σχόλιω·
2997 5538 3086 5604 ιη’.

2182 5623 2303 5696 Πῦρ.
2330 5623 2514 5678 ἐνθάδε
2567 5625 2658 5680 τὸν
2682 5623 2860 5679 eam
2881 5624 3032 5693 λέγει
3065 5624 3250 5689 πόθον,
3268 5616 3330 5679 οὗ
3353 5624 3699 5697 ἀναληφθέν-
