4030 6410
243 350 390 418 1145

1177 356 1409 416 SCALA
1451 355 1832 416 PARADISI.
1866 381 1930 390 -
1972 357 2280 419 ΘΒΜ)υὸ
2315 359 2588 421 XXVIII.

3368 362 3506 430 1146

232 481 334 527 τος
364 465 423 515 ὲν
455 463 522 534 τῇ
564 463 765 534 καρδίᾳ
793 465 822 518 6
864 464 989 529 νοῦς
1032 465 1293 536 ἀνυψὼθη
1332 469 1412 532 είς
1447 468 1698 540 οὐρανὸν,
1737 469 1824 523 καὶ

1952 469 2098 525 :orde
2128 479 2412 541 concepto,
2441 487 2604 528 mens
2651 472 2790 527 elata
2825 471 2880 527 in
2911 461 3402 544 coelum‘deinceps
3443 477 3505 531 in

233 552 430 610 λοιπὸν
452 557 510 607 ὲν
542 555 620 626 τῷ
650 555 877 628 τοιούτῳ
909 555 1137 629 ἀνώγεῳ
1160 559 1260 628 τῆς
1288 559 1465 630 ψυχῆς
1491 562 1662 632 ἤγουν
1687 579 1822 631 φρο-

233 649 450 719 νήματι
480 647 590 701 τῶν
617 649 820 719 γηῖνῶν
843 649 1186 722 ὑψηλοτέρῳ,
1215 654 1249 723 ἠ
1278 652 1374 705 τοῦ
1402 652 1546 706 θείου
1575 655 1822 725 πνεύμα-

1926 561 2242 632 bujusmodi
2271 566 2559 620 cenaculo
2586 565 2784 622 animte
2815 581 2910 620 seu
2942 581 3108 622 sensu
3140 567 3340 622 mentis
3400 577 3508 624 tet-

1924 655 2073 710 renis
2101 655 2314 722 altiore,
2346 656 2512 713 divini
2548 657 2781 728 Spiritus
2833 657 3130 714 descensus
3202 673 3297 713 seu
3361 659 3508 714 scala

233 756 336 793 τος
379 737 680 802 -κατάὄασις
705 739 936 820 γέγονε,
974 739 1050 804 ὡς
1095 742 1192 795 καὶ
1225 741 1320 795 ἐπὶ
1359 741 1468 795 τῶν
1511 742 1824 796 ἀποστόλων

1952 747 2178 816 dicitur,
2207 749 2391 820 qualis
2416 765 2580 821 super
2611 750 2892 821 apostolos
2958 750 3276 822 spectabilis
3339 765 3508 821 appa-

233 829 542 902 αἰσθητῶς.

841 925 1102 995 Σχόλιον
1139 923 1222 977 ιθ¹.

324 1011 641 1085 Ἀμφότερα
686 1013 884 1086 ἐπίσης
925 1015 1026 1085 τὴν
1071 1015 1252 1086 ψυχὴν
1300 1013 1679 1086 εὐεργετοῦσι,
1728 1013 1826 1068 καὶ

235 1103 398 1158 θείαν
421 1106 562 1177 αὐτῇ
591 1105 880 1176 ἐμποιοῦσι
905 1104 1220 1171 κατάνυξιν.

846 1199 1108 1268 Σχόλιον
1131 1205 1201 1254 κ’.

313 1288 436 1343 τῶν
453 1290 554 1361 τῆς
578 1290 686 1361 γῆς
706 1289 1040 1361 ἀφιστῶντα.

831 1385 1094 1454 Σχόλιον
1121 1392 1230 1440 κα’.

315 1474 410 1546 Μὴ
435 1475 713 1549 ἀναχώρει
738 1477 839 1548 τῆς
876 1477 1066 1548 εὐχῆς,
1098 1477 1262 1549 μέχρι
1293 1476 1364 1532 τὰ
1387 1475 1677 1548 κινηθέντα
1704 1473 1830 1528 θεοι-

1927 841 2061 896 ruit.

2526 930 2770 988 Scholion
2827 934 2916 988 i9.

1998 1024 2176 1079 Ambo
2203 1023 2320 1094 pari
2360 1023 2524 1078 modo
2558 1025 2756 1079 animas
2800 1033 3052 1094 prosunt,
3083 1032 3137 1081 et
3169 1024 3412 1080 divinam
3432 1023 3508 1079 illi

1928 1117 2400 1188 compunetionem
2433 1115 2695 1172 inferunt.

2527 1205 2780 1263 Scholion
2818 1207 2909 1262 20.

1999 1298 2220 1369 Procul)
2250 1299 2342 1370 qui
2373 1298 2566 1369 procul
2603 1313 2633 1353 a
2669 1299 2832 1354 rebus
2861 1297 3092 1354 terrenis
3121 1296 3292 1354 abest.

2541 1387 2793 1443 Scholion
2820 1388 2913 1442 21.

1999 1478 2120 1536 Non
2150 1480 2373 1536 recedas
2398 1480 2468 1536 ab
2517 1479 2788 1547 oratione,
2835 1477 3008 1532 donec
3055 1487 3238 1544 motae,
3286 1492 3316 1531 a
3375 1475 3512 1532 Deo-

233 1568 460 1639 πάροχα
479 1568 715 1640 δάκρυα,
747 1571 843 1623 καὶ
884 1569 951 1624 τὸ
981 1570 1082 1642 τῆς
1122 1569 1468 1638 κατανύξεως
1511 1567 1624 1639 πῦρ
1664 1567 1824 1620 πάλιν

1952 1589 2040 1646 μισ
2076 1572 2332 1646 profectae
2395 1572 2671 1643 lacrymae,
2713 1577 2770 1625 et
2823 1568 3259 1640 eompunctionis
3296 1568 3512 1622 ﬂamma

233 1663 365 1716 κατ’
410 1662 724 1733 οἰκονομίαν
755 1663 856 1735 τὴν
893 1662 1194 1734 γενομένην
1241 1663 1310 1717 δι’
1347 1663 1578 1734 ἔπαρσιν
1632 1659 1824 1714 σταλῶ-

1952 1681 2151 1721 ’111⁵511111
2191 1681 2258 1722 ex
2313 1665 2498 1721 divina
2542 1664 2889 1721 ordinatione
2941 1672 3164 1736 propter
3219 1663 3511 1719 elationem

233 1755 329 1806 ᾱιν
357 1769 374 1786 ο
403 1753 508 1819 ὅτι,
541 1755 729 1824 φησιν,
767 1754 868 1808 οὐκ
898 1750 1048 1816 οἶδας
1087 1755 1137 1806 εί
1179 1752 1369 1808 ἄλλοτὲ
1405 1767 1535 1807 ποτε
1570 1749 1824 1805 τοιούτων

1952 1757 2101 1813 mimi
2129 1758 2427 1813 sistantur:
2465 1757 2593 1828 quia
2634 1757 2836 1825 nescis,
2887 1756 3087 1827 inquit,
3139 1773 3207 1811 an
3269 1770 3513 1826 unquam

232 1846 502 1918 προξένου
529 1847 934 1913 παραστάσεως)
957 1845 1147 1918 τύχῃς.

829 2045 1091 2115 Σχόλιον
1132 2046 1241 2118 κβν.

314 2128 445 2192 οἷον
482 2137 780 2202 κατανοεῖν,
812 2135 909 2190 καὶ
947 2137 1280 2211 ἀναθεωρεῖν
1306 2138 1518 2195 ἑαυτόν.
1549 2136 1660 2192 Καὶ
1693 2133 1824 2190 ἀλλο

236 2228 303 2282 τὸ
341 2229 641 2284 ἐπίσκοπον
689 2227 962 2298 γενέσθαι,
993 2231 1088 2285 καὶ
1121 2231 1356 2301 ἄρχοντα
1404 2231 1512 2286 τῶν
1560 2230 1769 2296 παθῶν,
1794 2229 1826 2284 ὃ

232 2323 331 2376 καὶ
355 2321 507 2394 παρὰ
534 2321 667 2376 πολὺ
701 2319 796 2374 τοῦ
829 2321 1098 2394 προτέρου
1129 2321 1338 2393 μεῖζον.

932 2588 1144 2646 Ἄλλο.

310 2684 532 2754 ΙἌρχων
563 2689 663 2755 μέν
696 2687 843 2742 ἐστιν
885 2687 914 2740 6
939 2684 1085 2748 νοῦς,
1139 2684 1270 2737 ὅταν
1318 2682 1390 2737 τὰ
1439 2682 1566 2738 καθ’
1609 2681 1823 2747 ἑαυτὸν,

229 2777 334 2830 καὶ
379 2777 448 2831 τὰ
495 2779 624 2850 περὶ
661 2780 842 2846 αὑτὸν,
870 2780 1038 2852 ἤγουν
1066 2776 1166 2841 τὰς
1192 2776 1449 2846 δυνάμεις
1497 2775 1600 2847 τῆς
1625 2774 1824 2847 ψυχῆς.

229 2869 331 2922 καὶ
351 2868 423 2922 τά
459 2870 553 2923 τοῦ
585 2869 836 2943 σώματος
860 2870 1189 2942 αἰσθητήρια
1222 2868 1405 2933 καλῶς
1436 2869 1696 2942 περιέπιῃ,
1731 2869 1827 2924 καὶ

224 2960 570 3032 διεξέρχεται
609 2978 622 2992 ·
656 2963 942 3034 ἀρχιερεὺς
970 2959 1032 3015 δὲ
1052 3001 1068 3026 ,
1101 2962 1188 3015 ὅτε
1218 2959 1288 3013 τὰ
1334 2961 1579 3031 νοήματα
1610 2959 1828 3032 καθαρά

229 3052 336 3106 καὶ
361 3053 625 3125 ἀκίϐδηλα
652 3053 732 3126 τῷ
759 3054 890 3125 θείῳ
929 3053 1304 3125 θυσιαστηρίῳ
1350 3053 1417 3106 δι’
1449 3051 1614 3123 εὐχῆς
1659 3068 1828 3124 προσ-

227 3145 350 3215 ἀγῃ
376 3160 393 3176 ⁸
447 3145 541 3198 καὶ
585 3145 846 3216 ἄρχοντος
899 3144 1000 3216 μέν
1042 3145 1180 3211 ἐστι,
1237 3145 1297 3198 τὸ
1344 3143 1714 3214 ὲπισκοπῆσαι
1760 3141 1828 3196 τὰ

1855 1817 1906 1877 Β

1933 1851 2068 1907 alias
2094 1850 2288 1907 talium
2313 1849 2744 1921 patrociniorum
2776 1857 3186 1920 procuratorem
3219 1846 3298 1904 sis
3343 1847 3514 1918 adep-

1929 1953 2108 2001 turus.
2752 1973 2762 1983 ο

2529 2033 2780 2092 Scholion
2816 2033 2910 2090 22.

1998 2128 2326 2201 Cuiusmodi
2371 2138 2456 2185 est
2508 2141 2842 2201 cognoscere
2905 2135 2962 2183 et
3034 2121 3363 2182 descendere
3417 2139 3514 2194 per

1930 2221 2422 2279 considerationem
2449 2221 2504 2277 in
2535 2221 2800 2292 seipsum.
2832 2217 2899 2274 Et
2926 2217 3076 2274 aliud
3103 2233 3225 2274 esse
3251 2217 3386 2273 dicit
3425 2217 3514 2272 in-

1930 2323 2234 2386 spectorem
2269 2328 2452 2384 agere,
2483 2313 2632 2369 aliud
2680 2311 3080 2368 dominatorem
3109 2309 3400 2365 affectuum
3458 2317 3516 2364 et

1929 2405 2427 2477 perturbationum,
2461 2405 2608 2476 quod
2644 2404 2920 2476 posterius
2949 2401 3124 2459 multo
3156 2401 3395 2458 nobilius
3431 2412 3518 2458 est

1930 2501 2138 2571 priore.

2628 2583 2810 2644 Aliud.

2003 2683 2328 2741 Dominator
2379 2697 2476 2740 seu
2507 2681 2762 2754 princeps
2792 2690 2877 2738 est
2904 2679 3148 2747 animus,
3180 2679 3400 2751 quando
3450 2693 3516 2732 ea

1932 2793 2054 2848 qua:
2071 2777 2139 2832 ad
2167 2777 2347 2848 ipsum
2372 2775 2717 2847 pertinentet
2743 2773 2888 2830 circa
2908 2772 3086 2843 ipsum
3117 2782 3266 2828 sunt.
3293 2769 3396 2824 hoc
3409 2777 3518 2835 est,

1932 2869 2222 2926 facultates
2255 2869 2452 2924 animae
2481 2876 2538 2924 et
2561 2879 2824 2922 sensuum
2854 2863 3102 2935 corporis
3154 2862 3546 2918 instrumenta.

1933 2965 2036 3019 rite
2060 2975 2116 3018 et
2152 2961 2347 3017 ordine
2387 2958 2740 3016 administrat
2773 2966 2828 3013 et
2884 2955 3226 3027 exsequitur.
3266 2951 3519 3009 Pontifex

1934 3065 2120 3112 autem
2154 3063 2240 3110 est
2286 3051 2508 3126 quando
2563 3057 2801 3106 mentem
2841 3056 2897 3104 et
2949 3047 3304 3120 cogitationes
3350 3059 3520 3115 puras

1857 3175 1907 3235 α
1933 3160 1990 3206 et
2021 3152 2264 3206 sinceras
2298 3162 2395 3218 per
2433 3160 2625 3218 preces
2665 3144 2734 3199 ad
2765 3157 2983 3199 sacrum
3013 3140 3109 3198 Dei
3141 3139 3312 3196 altare
3349 3137 3518 3194 sistit.

225 3239 398 3303 ἐκτός
419 3255 434 3269 ·
466 3238 771 3311 ἀρχιερέως
795 3238 875 3304 δὲ,
909 3237 970 3292 τὸ
994 3238 1235 3309 συνεχῶς
1268 3237 1610 3304 ἐπισκοπεῖν,
1633 3235 1731 3290 καὶ
1763 3235 1824 3290 τὰ

1952 3243 2204 3313 Principis
2236 3240 2475 3296 cilicium
2505 3245 2590 3294 est
2625 3245 2852 3293 externa
2905 3233 3290 3290 administrare
3320 3249 3335 3286 :
3379 3245 3521 3302 pon-

224 3329 394 3395 ὲκτὸς
427 3331 524 3385 καὶ
555 3330 624 3384 τὰ
654 3331 827 3397 ὲντὸς.

833 3510 1096 3579 Σχόλιον
1121 3516 1231 3579 κγ’.
1337 3508 1342 3515 ’

304 3605 447 3676 Περὶ
480 3603 592 3657 τῶν
622 3603 989 3674 ἀγιασμὰτων
1023 3602 1196 3672 λέγει.

849 3784 896 3835 Σ
896 3783 1110 3852 χόλιον
1138 3782 1240 3836 κδ’.
1275 3767 1284 3772 ’

307 3875 469 3931 Κύνα
496 3876 646 3946 λέγει
687 3875 778 3930 τὸν
813 3871 1189 3926 ύποσυλοῦντα
1226 3873 1318 3926 τὸν
1349 3871 1478 3927 νοῦν
1503 3871 1592 3926 διά
1618 3871 1830 3942 προφά-

244 3983 390 4030 σεως
433 3967 498 4019 ὲκ
534 3968 633 4038 τῆς
671 3965 984 4038 προσευχῆς
1013 3964 1265 4034 δαίμονα,
1312 3962 1372 4017 ὃν
1411 3964 1492 4018 δεῖ
1521 3962 1737 4017 διώκειν
1764 3965 1830 4034 τῇ

244 4059 373 4115 κατ’
405 4059 570 4115 αὑτοῦ
598 4059 731 4130 πρὸς
758 4059 893 4113 Θεὸν
925 4056 1190 4124 ἐντεύξει.

839 4238 1103 4309 Σχόλιον
1134 4244 1236 4295 κε’.

308 4332 650 4406 Σημείωσαι,
677 4331 759 4385 ὅτι
790 4329 893 4395 τὰς
923 4330 1159 4402 αἰσχρὰς
1201 4329 1430 4402 πράξεις
1489 4328 1551 4382 ού
1603 4329 1684 4383 δεῖ
1711 4330 1832 4384 κατ’

231 4425 383 4492 εἶδος
410 4426 552 4497 πρὸς
581 4424 780 4478 λεπτὸν
803 4421 1153 4494 ἐξαγορεύειν
1191 4424 1249 4477 ὲν
1286 4425 1355 4493 τῇ
1387 4425 1686 4495 προσευχῇ.

933 4516 1133 4570 Ἄλλο.

320 4612 384 4666 '0
433 4608 758 4679 γνωστικὸς,
802 4607 898 4660 καὶ
950 4609 1110 4673 εἰδὼς
1163 4607 1264 4678 τὴν
1314 4607 1573 4679 ἀλήθειαν
1627 4609 1688 4662 ού
1740 4607 1830 4664 διὰ

232 4705 466 4776 μνήμης
513 4701 624 4754 τῶν
667 4702 1050 4773 πραχθέντων,
1100 4699 1236 4754 ἀλλὰ
1282 4698 1351 4752 δι’
1393 4699 1674 4771 ὑπομονῆς
1720 4701 1829 4754 τῶν

226 4795 628 4866 ἐπερχομένων
661 4791 1066 4863 ὲξομολογεῖται
1105 4791 1183 4863 τῷ
1225 4791 1365 4863 Θεῷ.

837 4888 1102 4955 Σχόλιογ
1127 4891 1242 4952 κς·’.

308 4983 386 5037 Οὐ
413 4983 627 5054 χρῄζει,
663 4983 820 5053 φησι,
843 4978 1169 5034 διδασκάλου
1199 4979 1280 5040 είς
1299 4977 1363 5030 τὸ
1395 4976 1825 5048 προσεύχεσθαι·

216 5073 380 5129 ἀλλά
428 5074 526 5144 τῆς
574 5072 766 5126 ἑαυτοῦ
811 5073 947 5135 ἰδίας
998 5069 1326 5142 προθυμίας,
1380 5069 1449 5122 δι’
1490 5069 1558 5142 ἢν
1609 5069 1771 5134 αὐτὸς
1801 5072 1833 5123 6

216 5166 373 5229 Θεὸς
421 5165 618 5236 ἐκείνῳ
659 5157 977 5227 διδάσκαλος
1020 5163 1328 5232 ἐφίσταται.
1373 5161 1482 5217 Καὶ
1531 5162 1639 5234 γὰρ
1683 5163 1831 5218 ἐννό-

226 5273 384 5328 μως,
417 5257 513 5310 καὶ
553 5256 849 5329 προθύμως
877 5255 1314 5329 προσευχόμενον
1347 5257 1377 5309 6
1415 5255 1550 5318 Θεὸς
1580 5255 1670 5309 διὰ
1714 5274 1830 5327 φω-

224 5349 440 5418 τεσμοῦ
489 5349 752 5415 διδάσκει,
811 5349 907 5403 καὶ
951 5349 1044 5402 τὸν
1081 5345 1206 5402 νοῦν
1238 5345 1405 5400 αὐτοῦ
1455 5347 1565 5402 ἀπὸ
1620 5348 1830 5422 πλάνης

231 5436 468 5510 βέϐαιον
504 5439 710 5510 ἵστησι,
739 5440 835 5494 καὶ
863 5441 965 5511 τῆς
987 5437 1367 5511 αἰχμαλωσίας
1402 5437 1759 5497 ἀπαλλάττει.

771 5530 964 5586 Ἀλλο
999 5531 1298 5601 Μαξίμου.

326 5621 388 5674 ⁸ο
448 5621 543 5675 τὸν
599 5622 735 5678 Θεὸν
789 5624 1030 5697 γνησίως
1083 5624 1316 5694 ἀγαπῶν
1343 5664 1358 5690 ,
1405 5625 1826 5698 ἀμετεωρίστωι,

231 5712 606 5783 προσεύχεται
635 5732 649 5746 ο
683 5715 713 5768 6
746 5716 1166 5788 ἀμετεωρίστως
1216 5719 1669 5790 προσευχόμενος.
1697 5737 1832 5790 γνη-

236 5802 380 5867 σίως
410 5804 498 5858 τὸν
539 5804 673 5860 Θεὸν
715 5809 925 5880 ἀγαπᾷ.
964 5809 1077 5863 Ούκ
1124 5809 1547 5881 ἀμετεωρίστως
1596 5812 1830 5882 προσεύ-

1935 3337 2121 3401 titicis,
2173 3342 2438 3406 perpetuo
2491 3330 2768 3386 exteriora
2818 3325 2984 3384 simul
3020 3335 3077 3383 et
3120 3324 3384 3407 interiora
3431 3336 3522 3378 re-

1931 3439 2020 3486 cte
2049 3439 2346 3499 procurare
2379 3431 2434 3480 et
2467 3423 2795 3495 gubernare.

2540 3515 2795 3572 Scholion
2819 3513 2910 3569 ‘33.

2005 3613 2082 3670 De
2126 3610 2329 3668 divinis
2358 3607 2636 3682 mysteriis
2697 3605 3030 3663 sacramenti
3098 3601 3363 3674 loquitur,
3421 3611 3521 3656 seu

1934 3706 2003 3762 de
2037 3701 2417 3762 sanctiticatis.

2531 3789 2783 3848 Scholion
2821 3787 2914 3843 ‘24.

2003 3890 2209 3947 Canem
2236 3895 2396 3943 vocat
2429 3883 2734 3940 daemonem
2764 3879 2858 3952 qui
2890 3893 2986 3950 per
3028 3877 3262 3948 aliquem
3293 3881 3522 3944 praetex-

1934 3990 2052 4037 tum
2140 3974 2511 4050 (necessitatis
2572 3973 2660 4027 vel
2707 3971 2933 4042 negotii)
2977 3966 3233 4024 subducit
3282 3971 3517 4017 mentem

1933 4087 2004 4129 ex
2049 4069 2388 4142 precatione,
2425 4064 2520 4137 qui
2584 4061 2996 4140 persequendus
3054 4066 3138 4112 est
3188 4054 3522 4111 recurrendo

1932 4179 2028 4236 per
2057 4160 2392 4232 colloquium
2421 4158 2688 4214 adversus
2727 4153 2882 4208 illum
2910 4151 2979 4206 ad
3005 4148 3194 4205 Deum.

2534 4247 2784 4304 Scholion
2825 4244 2917 4300 25.

2003 4341 2267 4406 Observa,
2295 4339 2444 4410 quod
2476 4339 2531 4394 in
2568 4338 2825 4409 precibus
2859 4335 3002 4391 facta
3023 4335 3202 4403 turpia
3231 4347 3339 4387 non
3369 4329 3518 4402 sigil-

1933 4436 2088 4492 latim
2117 4442 2174 4490 et
2201 4431 2480 4504 speciatim
2509 4431 2577 4486 ad
2599 4444 2835 4500 unguem
2865 4428 2976 4485 sint
2999 4425 3345 4497 proferenda.

2657 4518 2841 4573 Aliud.

2004 4616 2251 4674 Prudens
2281 4623 2336 4672 et
2367 4628 2570 4684 gnarus
2618 4611 2866 4666 veritatis
2894 4625 3006 4665 non
3069 4608 3233 4683 445
3285 4622 3382 4678 per
3429 4622 3527 4663 eo-

1935 4725 2082 4775 rum,
2143 4723 2266 4778 qua:
2303 4707 2491 4778 gessit,
2557 4704 2899 4770 memoriam,
2930 4701 3025 4757 sed
3059 4717 3154 4771 per
3185 4697 3525 4756 tolerantiam

1934 4801 2272 4871 eoruquua:
2299 4798 2602 4860 incursant,
2639 4796 2751 4848 Deo
2781 4794 3090 4848 conﬁtetur.

2527 4885 2782 4942 Scholion
2828 4885 2920 4940 26.

2005 4980 2135 5037 Non
2157 4979 2364 5050 indiget
2407 4976 2684 5050 (inquit)
2739 4976 3004 5046 magistro
3048 4974 3116 5028 ad
3166 4971 3523 5045 precandum,

1935 5075 2031 5133 sed
2065 5089 2164 5132 sua
2187 5082 2244 5129 et
2272 5072 2482 5143 privata
2529 5069 2833 5134 alacritate,
2899 5078 3127 5139 propter
3156 5080 3322 5136 quam
3379 5064 3524 5119 Deus

1936 5165 2056 5237 ipse
2080 5165 2157 5220 illi
2171 5164 2430 5234 magister
2452 5161 2624 5218 adest.
2636 5158 2774 5216 Nam
2801 5159 2905 5217 rite
2931 5168 2986 5232 et
3006 5168 3256 5231 prompte
3278 5165 3527 5213 orantem

1937 5253 2086 5311 Deus
2107 5270 2204 5326 per
2257 5251 2708 5309 illuminationem
2751 5250 2930 5317 docet,
2961 5263 3016 5305 et
3067 5257 3304 5306 mentem
3355 5247 3527 5318 ipsius

1937 5348 2006 5404 ab
2031 5362 2218 5404 errore
2249 5347 2462 5403 ﬁrmam
2507 5346 2677 5414 sistit,
2724 5353 2780 5401 et
2829 5343 3140 5415 captivitate
3167 5340 3380 5396 liberat.

2505 5529 2671 5596 Alipd
2709 5527 2957 5583 Maximi.

2006 5626 2110 5693 Qui
2145 5625 2312 5682 Deum
2353 5626 2568 5682 sincere
2615 5623 2794 5694 diligit
2837 5624 2957 5679 sine
2982 5621 3340 5678 distractione
3392 5635 3522 5693 prc-

1937 5729 2090 5774 catur
2125 5717 2257 5789 :qui
2294 5719 2413 5774 sine
2439 5717 2795 5773 distractione
2823 5721 3096 5786 precatur,
3153 5715 3364 5771 sincere
3408 5713 3526 5771 De-

1942 5830 2034 5868 um
2063 5811 2255 5882 diligit.
2305 5809 2421 5866 Non
2484 5819 2606 5872 orat
2661 5811 2780 5866 sine
2846 5809 3204 5866 distractione
3275 5809 3523 5880 quisquis
