4030 6452
302 442 441 509 1161

299 663 423 712 τες·
453 647 669 710 Δεῦτε,
696 644 1014 707 ἀναδῶμεν
1072 645 1162 710 εἰς
1203 642 1271 697 τὸ
1318 643 1459 712 ὄρος
1487 643 1716 711 Κυρίου
1736 658 1749 671 ·
1791 640 1892 695 καί

298 742 393 806 είς
418 738 529 794 τόν
557 735 731 792 οἷκον
756 736 865 792 τοῦ
899 735 1051 795 Θεοῦ
1080 734 1254 806 ἡμῶν
1289 734 1401 790 τοῦ
1437 732 1895 804 καταρτίζοντος

297 831 448 896 τοὺς
473 828 666 894 πόδας
684 826 858 898 ἡμῶν
882 827 1027 882 ὡσεί
1049 826 1304 896 ἐλάφου,
1325 826 1428 883 καί
1449 827 1551 881 ἐπὶ
1580 827 1655 881 τὰ
1682 826 1897 896 ὑψηλὰ

298 924 618 988 ἱστῶντος,
638 919 734 974 τοῦ
771 919 998 990 νικῆσαι
1026 921 1086 973 ὲν
1132 922 1199 991 τῇ
1230 918 1336 991 ὁδῷ
1379 919 1570 974 αὐτοῦ.
1618 921 1893 990 Δράμετε,

297 1014 567 1079 δυσωπῶ,
603 1012 722 1085 μετ’
754 1013 967 1067 ἐκείνου
998 1011 1092 1066 τοῦ
1125 1012 1379 1081 λέγοντος
1398 1027 1416 1045 ο
1447 1011 1899 1082 Σπουδάσωμεν

296 1105 420 1171 ἕως
449 1099 522 1160 οὗ
553 1101 1032 1171 καταντήσωμεν
1073 1101 1166 1167 είς
1206 1098 1327 1167 τὴν
1379 1099 1634 1166 ἑνότητα
1672 1096 1898 1163 πάντες

296 1199 421 1270 τῆς
453 1199 739 1264 πίστεως,
781 1195 1023 1263 καὶτῆς
1062 1192 1443 1264 ἐπιγνώσεως
1470 1192 1581 1248 τοῦ
1622 1190 1774 1247 Θεοῦ
1809 1193 1899 1257 είς

298 1289 501 1359 ἄνδρα
528 1288 770 1344 τέλειον
798 1289 888 1353 εὶς
911 1285 1138 1357 μέτρον
1154 1285 1401 1352 ἡλικίας
1431 1283 1540 1339 τοῦ
1573 1282 1898 1353 πληρώμαε-

296 1399 408 1447 τος
445 1378 551 1434 τοῦ
601 1375 901 1446 Χριστοῦ,
947 1375 1007 1440 ὃς
1050 1374 1483 1447 τριακονταετης
1523 1376 1592 1446 τῇ
1641 1374 1898 1448 ὁρωμένη

299 1471 503 1543 ἡλικίᾳ
552 1467 897 1540 βαπτισθεὶς,
943 1466 1038 1521 τὸν
1089 1465 1416 1538 τριακοστὸν
1454 1464 1666 1537 βαθμὸν
1711 1466 1771 1520 ἐν
1829 1467 1898 1538 τῇ

302 1565 479 1637 νοερᾷ
502 1563 736 1634 κλίμακι
784 1559 1176 1633 ἐκληρώσατο*
1219 1560 1381 1632 εἴπερ
1407 1559 1440 1631 ἡ
1472 1559 1660 1632 ἀγάπη
1695 1559 1845 1614 ἐστὶν
1873 1561 1903 1613 ὁ

304 1658 479 1722 Θεόςο
515 1649 561 1725 ᾧ
592 1654 787 1727 ὕμνος,
818 1647 865 1722 ᾧ
897 1653 1123 1726 κράτος,
1144 1645 1190 1722 ᾧ
1219 1652 1408 1718 σθένος
1431 1666 1447 1685 ·
1488 1647 1535 1721 ᾧ
1573 1651 1637 1706 τὸ
1680 1651 1901 1707 πάντων

304 1750 536 1821 ἀγαθῶν
561 1750 740 1804 αττιον
761 1747 961 1814 ἔνεστι,
983 1746 1080 1802 καὶ
1096 1741 1188 1819 ἦν,
1212 1748 1311 1800 καὶ
1331 1744 1486 1800 ἔσται
1509 1740 1592 1810 είς
1616 1740 1904 1817 ἀορίστους

308 1844 544 1909 αἰῶνας.

697 1934 953 1990 ΣΧΟΛΙΔ
998 1934 1109 1988 ΕΙΣ
1156 1930 1385 1988 ΛΟΓΟΝ
1420 1932 1499 1989 Λ’.

528 2054 667 2125 Περὶ
694 2053 977 2119 πίστεως,
1011 2049 1261 2117 ἐλπίδος
1287 2049 1389 2104 καὶ
1418 2046 1677 2119 ἀγάπης.

918 2145 966 2197 Σ
967 2143 1181 2213 χόλιον
1225 2147 1300 2197 α’.

394 2238 585 2303 Πίστις
613 2235 1007 2307 συγκατάθεσις
1030 2235 1344 2306 ἀδιάκριτος
1363 2232 1475 2287 τῶν
1504 2231 1903 2298 ἀκουσθέντων,

314 2335 382 2388 ὲν
408 2329 752 2404 πληροφορίᾳ
779 2331 880 2401 τῆς
905 2327 1168 2400 ἀληθείας
1206 2326 1318 2380 τῶν
1350 2324 1737 2398 κηρυχθέντων
1769 2325 1906 2380 Θεοῦ

309 2428 525 2498 χάριτι,
568 2424 763 2496 ἥντινα
817 2419 1138 2485 ἐπεδείξατο
1177 2418 1470 2490 Ἀϐραὰμ,
1532 2416 1910 2489 μαρτυρηθεὶς

307 2519 399 2571 ὅτι
424 2518 497 2571 οὐ
524 2515 792 2584 διεκρίθη
817 2512 892 2583 τῇ
916 2511 1188 2578 ἀπιστίᾳ,
1217 2510 1355 2565 ἀλλ’
1381 2506 1807 2578 ἐνεδυναμώθη
1830 2506 1910 2577 τῇ

310 2609 521 2663 πίστει
566 2604 714 2673 δοὺς
752 2604 944 2671 δόξαν
972 2599 1053 2670 τῷ
1095 2601 1219 2669 Θεῷ
1259 2602 1360 2656 καὶ
1395 2601 1905 2672 πληροφορηθεὶς,

312 2698 413 2753 ὅτι
442 2698 474 2753 ὃ
499 2697 863 2768 ἐπήγγελται
876 2694 1146 2762 δυνατός
1172 2692 1306 2750 ἐστι
1333 2691 1431 2747 καί
1462 2690 1732 2764 ποιῆσαι.

401 2897 466 2953 Ἡ
483 2897 603 2968 μὲν
632 2895 767 2967 γάρ.
795 2894 1010 2958 Πίστις.

393 2989 516 3062 Τὴν
538 2988 628 3045 δέ.
673 2988 913 3043 Ἐλπίδα.

402 3074 572 3136 Ἦιδέ.
619 3078 861 3151 ’Δγάπη.

925 3167 1190 3237 Σχόλιον
1218 3167 1301 3232 β’.

1303 439 1536 503 SCALA
1573 432 2031 499 PARADISI.—
2058 427 2371 495 GRADUS
2406 431 2593 494 XXX.

297 559 372 611 ἐν
389 550 935 625 καρδίατιθέμενοι,
960 548 1204 621 ἀδελφοὶ,
1219 549 1314 604 τοῦ
1345 550 1654 621 φάσκοντος
1667 547 1897 604 ἀκούον-

2016 547 2174 601 siones
2212 545 2269 599 in
2299 544 2454 599 corde
2488 548 2656 597 uestro
2686 539 2950 610 disponite
2976 538 3043 605 “,
3075 544 3132 595 et
3176 538 3359 596 audite
3387 553 3593 596 voean-
3694 550 3715 559 “

3450 416 3599 492 ’ίιϐἳ

1999 648 2106 694 tem
2143 656 2157 692 ε
2191 637 2396 703 Venite,
2427 635 2779 691 ascendamus
2815 634 2872 688 in
2904 638 3133 687 montem
3177 630 3415 692 Domini,
3448 641 3496 686 et
3540 635 3593 686 in

1996 735 2214 789 domum
2238 733 2336 787 Dei
2356 733 2548 798 nostri,
2570 730 2660 802 qui
2686 730 2907 801 perfecit
2928 729 3082 798 pedes
3106 736 3316 784 nostros
3344 738 3596 789 tanquam

1997 827 2155 891 cerui,
2177 835 2225 880 et
2255 840 2412 894 super
2452 825 2661 879 excelsa
2704 823 2898 877 statuit
2919 821 2990 890 ",
3018 831 3078 876 ut
3109 821 3396 878 vincamus
3422 820 3478 876 in
3503 821 3594 875 via

1995 916 2140 983 ejus.
2171 914 2409 979 Currite,
2440 914 2691 977 obsecro,
2732 915 2941 971 currite
2983 930 3108 971 cum
3161 912 3257 969 illo
3290 912 3385 984 qui
3408 911 3546 968 dixit
3574 927 3592 964 :

1999 1007 2343 1063 Festinemus
2391 1007 2556 1061 donec
2605 1021 2950 1062 occurramus
2999 1019 3178 1061 omnes
3239 1006 3296 1060 in
3334 1007 3596 1060 unitatem

2000 1101 2126 1171 fidei
2166 1107 2216 1156 et
2244 1100 2535 1172 agnitionis
2571 1102 2692 1168 Dei,
2727 1102 2784 1155 in
2816 1104 2988 1156 virum
3024 1100 3335 1171 perfectum,
3373 1100 3429 1154 in
3454 1114 3600 1154 men-

2004 1210 2190 1251 suram
2212 1197 2388 1252 wtatis
2417 1195 2764 1266 plenitudinis
2798 1193 3003 1252 Christi
3038 1196 3106 1264 ³⁸,
3140 1195 3234 1268 qui
3270 1211 3394 1252 cum
3427 1204 3598 1259 esset,

2003 1296 2065 1344 ut
2091 1289 2401 1355 videbatur,
2423 1289 2648 1360 triginta
2696 1303 2970 1345 annorum
3020 1288 3352 1359 baptizatus,
3386 1288 3601 1344 tricesi-

2001 1394 2152 1436 mum
2185 1381 2416 1453 gradum
2439 1381 2497 1436 in
2531 1381 2680 1437 scala
2708 1379 2980 1452 spirituali
3013 1381 3243 1438 sortitus
3268 1389 3355 1437 est
3381 1399 3396 1435 :
3422 1395 3602 1451 quan-

2003 1472 2298 1544 doquidem
2343 1471 2488 1531 Deus
2534 1482 2622 1531 est
2659 1474 2928 1541 cbaritas,
2955 1474 3047 1531 cui
3094 1473 3240 1543 laus,
3287 1475 3377 1529 cui
3428 1471 3603 1543 impc-

2004 1567 2173 1630 rium,
2209 1568 2301 1623 cui
2345 1566 2628 1635 fortitudo,
2672 1566 2764 1624 cui
2818 1567 3092 1624 bonorum
3126 1566 3381 1623 omnium
3432 1579 3602 1620 causa

2006 1660 2168 1727 inest,
2212 1667 2271 1716 et
2295 1669 2437 1729 erat,
2464 1671 2519 1718 et
2544 1661 2651 1719 erit
2683 1661 2739 1717 in
2774 1674 2972 1719 omnes
3016 1660 3349 1718 saeculorum
3383 1658 3601 1716 aeterni-

2005 1760 2164 1810 tates.
2198 1751 2395 1810 Amen.

2323 1930 2622 1992 SCHOLIA
2657 1930 2752 1989 AD
2788 1928 3084 1993 GRADUM
3106 1930 3276 1993 XXX.

2434 2048 2513 2105 De
2536 2050 2664 2122 ﬁde,
2689 2066 2781 2121 spe
2816 2059 2868 2106 et
2896 2049 3174 2106 charitate.

2631 2142 2885 2201 Scholion
2910 2144 2966 2200 l.

2078 2232 2242 2292 Fides
2266 2245 2350 2293 est
2369 2234 2690 2308 sutiragatio
2718 2237 2890 2293 animi
2919 2236 3229 2294 indiscussa
3263 2249 3456 2293 eorum
3482 2250 3605 2308 qua

2007 2337 2137 2383 sunt
2161 2327 2349 2384 audita
2391 2342 2517 2383 cum
2548 2336 2698 2384 certa
2728 2328 3088 2400 persuasione
3126 2328 3376 2384 veritatis
3408 2342 3603 2384 eorum

2008 2435 2129 2489 quae
2150 2428 2281 2477 sunt
2305 2435 2401 2491 per
2419 2421 2651 2491 gratiam
2674 2420 2770 2479 Dei
2795 2421 3093 2492 praedicata
3126 2440 3141 2476 :
3170 2437 3337 2492 quam
3362 2421 3606 2479 ostendit

2008 2511 2309 2579 Abraham,
2335 2512 2428 2584 qui
2481 2513 2859 2570 testimonium
2906 2521 3258 2578 consecutus.
3301 2514 3449 2583 quod
3496 2530 3605 2568 non

2008 2600 2272 2657 Iucsitarit
2302 2603 2617 2674 diﬁidentia,
2654 2605 2745 2659 sed
2778 2605 3113 2676 confortatus
3147 2605 3254 2673 ﬁde
3306 2607 3442 2661 dans
3489 2605 3604 2676 gla-

2010 2694 2148 2749 riam
2180 2696 2289 2751 Deo
2312 2696 2616 2767 plenissime
2645 2699 2816 2755 sciens
2844 2700 2973 2769 quia
2991 2715 3314 2770 quacunque
3335 2698 3601 2769 promisit,

2007 2798 2191 2858 potens
2223 2797 2302 2845 est
2328 2799 2379 2845 et
2413 2790 2588 2860 facere
2620 2792 2687 2846 ”.

2082 2877 2216 2933 Haec
2243 2879 2477 2949 quidem.
2513 2879 2691 2942 Fides.

2078 2976 2246 3050 559
2282 2976 2437 3033 Hanc
2462 2996 2602 3035 vero.
2646 2979 2826 3051 Spem.

2081 3068 2210 3125 [huc
2235 3087 2377 3127 vero.
2406 3071 2684 3129 Charitas.

2631 3166 2886 3223 Scholion
2912 3167 2965 3222 2.

393 3255 871 3331 Καταχρηστικῶς
902 3257 1002 3331 τὴν
1034 3258 1225 3314 οὐσίαν
1259 3259 1544 3332 ἐνέργειαν
1583 3260 1864 3318 ἐκάλεσεν.

2077 3252 2185 3310 Per
2223 3255 2565 3314 catachresin
2596 3266 2648 3314 et
2697 3259 3021 3316 abusionem
3056 3270 3315 3317 naturam
3350 3274 3450 3318 seu
3472 3266 3605 3319 sub-

921 3436 1184 3509 Σχόλιον
1229 3448 1298 3511 γ’.

388 3529 472 3603 Τῇ
504 3529 760 3604 ἀσθενείᾳ
784 3530 943 3602 ἡμῶν
995 3532 1310 3602 συγκατιὼν
1361 3536 1389 3589 ὁ
1445 3535 1629 3608 πατὴρ
1681 3537 1747 3590 ἐκ
1797 3535 1908 3590 τῶν

308 3627 622 3683 ἒλαττόνων
656 3622 893 3682 ποιεῖται
922 3628 990 3683 τά
1028 3629 1478 3702 παραδείγματα.

923 3721 1186 3789 Σχόαῑιον
1231 3720 1304 3776 δ’.

399 3806 461 3864 ’0
499 3804 713 3881 βασιλεῖ
750 3810 1180 3881 παριστάμενος,
1222 3812 1319 3866 καὶ
1365 3811 1691 3885 ἀνθρώπους
1740 3813 1904 3886 θερα-

317 3900 527 3967 πεύων,
556 3900 706 3956 ἔστιν
747 3901 839 3955 ὅτε
883 3900 1008 3956 καθ’
1037 3902 1353 3976 ὑπόκρισιν,
1400 3906 1495 3959 καὶ
1538 3906 1661 3960 κατ’
1701 3907 1906 3975 ὀφθαλ-

323 3992 639 4064 μοδοδλείαν
682 3994 778 4048 καὶ
832 3992 1161 4066 μισθαρνίαν
1197 3998 1359 4061 ποιεῖ,
1395 3997 1588 4061 ὃςοκαὶ
1632 3997 1904 4071 διήμαρτε

317 4077 420 4138 τοῦ
461 4082 834 4156 μακαρισμοῦ.
887 4084 1178 4156 Μακάριος
1233 4086 1291 4141 δὲ
1341 4087 1513 4152 ὅντως
1558 4090 1788 4153 ἐκεῖνος,
1844 4089 1905 4154 ὃς

317 4174 460 4245 πρὸς
497 4172 576 4245 τῷ
601 4176 756 4239 ἐκτὸς
786 4172 941 4240 εῖδει,
1060 4176 1214 4240 ἐντὸς
1239 4172 1374 4248 ἦθος
1396 4179 1770 4250 συναρτήσας,
1796 4179 1905 4251 ὅλῳ

312 4267 402 4322 νοῒ
418 4265 515 4339 τὴν
546 4267 893 4340 παράστασιν
921 4268 1118 4340 ὁρᾶται
1148 4269 1317 4324 τελῶν
1340 4287 1356 4302 ·
1383 4271 1543 4342 μόνος
1571 4271 1710 4343 πρὸς
1741 4272 1904 4343 μόνον

306 4358 413 4423 τὰς
444 4358 641 4430 νοερὰς
672 4360 924 4430 αἰτήσεις
967 4361 1195 4434 εὐθύμῳ
1223 4361 1437 4433 διανοίᾳ
1477 4363 1899 4435 περαιούμενος.

932 4628 981 4684 Σ
981 4629 1194 4700 χόλιον
1225 4635 1290 4687 ε’.

372 4706 656 4790 ί⁹ομοίως,
690 4719 851 4792 φησι,
894 4721 990 4775 καὶ
1022 4721 1117 4776 ἐπὶ
1164 4723 1484 4794 σωματικοῦ
1525 4720 1765 4795 ἔρωτος,
1805 4724 1903 4779 καὶ

291 4809 402 4865 ἐπὶ
439 4809 815 4883 πνευματικοῦ
841 4809 1104 4878 ὡσαύτως
1140 4812 1236 4867 τοῦ
1273 4810 1428 4879 ὄντος
1476 4815 1648 4883 ἐστὶν,
1698 4816 1757 4869 ἐν
1797 4814 1905 4869 σώ-

293 4914 468 4974 ματι.

876 5062 885 5069 α
921 4996 1182 5067 Σχόλιον
1220 5004 1298 5065 ς’.

368 5085 458 5143 Ὦ
487 5088 673 5157 πιστὲ,
707 5080 753 5144 ὦ
783 5090 975 5145 συνετέ
995 5107 1009 5122 ·
1036 5091 1146 5145 τῶν
1175 5092 1287 5164 γὰρ
1323 5090 1516 5147 παθῶν
1542 5091 1632 5147 διὰ
1659 5091 1760 5164 τῆς
1794 5109 1902 5146 σω-

281 5179 594 5253 φροσύνης
634 5180 1041 5253 ἀπαλλαγεῖσα,
1065 5183 1190 5238 τότε
1229 5184 1621 5257 ἀκατασχέτως
1659 5184 1740 5256 τῷ
1771 5184 1902 5255 θείῳ

151 5326 176 5339 ,
282 5276 475 5347 ἔρωτι
506 5273 789 5345 φλέγεται.

875 5434 879 5439 ,
938 5369 1202 5438 Σχόλιον
1224 5366 1287 5431 ζ’.

378 5457 451 5511 Ὀ
487 5454 584 5510 τοῦ
626 5455 764 5511 Θεοῦ
794 5457 1013 5529 Πατρδς
1043 5458 1253 5528 Λόγος,
1284 5451 1331 5529 ᾧ
1375 5459 1443 5514 ἂν
1495 5461 1757 5534 ὲνοικήσῃ
1810 5460 1901 5517 διὰ

289 5547 655 5619 καθάρσεως,
688 5549 887 5605 τελειοῖ
917 5550 1018 5621 μὲν
1052 5551 1113 5605 ὲν
1157 5550 1311 5623 αὐτῷ
1349 5552 1452 5623 τὴν
1502 5552 1857 5628 καθαρότητα
1880 5572 1895 5587 ·

278 5641 394 5696 τὸν
428 5639 490 5694 δὲ
537 5638 792 5710 θάνατον,
836 5641 1009 5715 ἤγουν
1056 5642 1128 5698 τὰ
1179 5643 1329 5717 πάθη
1362 5646 1444 5710 είς
1495 5646 1649 5712 τέλος
1695 5649 1896 5704 ἀπονε-

284 5734 451 5804 κρυῐ.

1928 4640 1984 4701 D

2011 3348 2269 3404 stantiam
2320 3350 2539 3406 vocavit
2568 3352 2875 3423 energiam,
2899 3368 2996 3410 seu
3013 3354 3146 3423 vim,
3175 3369 3273 3413 seu
3304 3355 3599 3412 actionem.

2641 3443 2890 3501 Scholion
2916 3447 2970 3501 3.

2079 3532 2290 3591 Nostrae
2337 3536 2694 3595 imbecillitati
2727 3540 3019 3612 indulgens
3057 3551 3211 3612 pater
3239 3556 3271 3596 ε
3295 3542 3605 3599 minoribus

2012 3629 2186 3685 sumit
2205 3630 2478 3701 exempla.

2637 3724 2886 3782 Scholion
2918 3727 2974 3783 ό.

2080 3808 2181 3880 Qui
2215 3816 2330 3888 regi
2359 3824 2520 3884 astat,
2550 3827 2605 3875 et
2625 3819 2880 3876 homines
2910 3820 3106 3878 ciliciis
3133 3822 3241 3879 sibi
3265 3823 3604 3889 demeretur,

2007 3908 2337 3980 quandoque
2384 3908 2491 3967 hoc
2532 3909 2666 3967 facit
2713 3929 2780 3968 ex
2812 3914 3087 3986 hypocrisi
3131 3923 3188 3971 et
3225 3915 3603 3985 simulatione,

2006 4001 2340 4073 quandoque
2369 4011 2580 4059 tantum
2611 4006 2677 4060 ad
2711 4007 2934 4061 oculum
2965 4008 3209 4064 deservit
3233 4020 3289 4064 et
3322 4012 3594 4066 mercedis

2007 4108 2175 4150 causa
2227 4095 2323 4165 qui
2383 4096 2574 4166 procul
2627 4112 2659 4152 a
2698 4098 3034 4156 beatitudine
3087 4100 3327 4157 aberrat.
3396 4101 3601 4159 Beatus

2004 4200 2171 4255 porro
2193 4200 2384 4242 revera
2425 4182 2517 4241 ille
2552 4196 2658 4255 est,
2687 4189 2779 4259 qui
2811 4198 3040 4246 externo
3069 4191 3316 4262 corporis
3346 4193 3513 4248 modo
3543 4205 3602 4249 et

2005 4277 2219 4346 formae,
2254 4280 2425 4335 animi
2468 4296 2691 4353 quoque
2723 4297 2906 4340 mores
2951 4284 3352 4349 accommodat,
3384 4295 3440 4341 et
3485 4295 3599 4342 tota

2008 4381 2191 4428 mente
2221 4370 2333 4428 Deo
2359 4373 2602 4444 perfecte
2638 4376 2853 4433 assistit
2899 4387 2955 4434 et
3011 4377 3202 4447 servit,
3236 4379 3501 4450 solusque
3528 4379 3600 4435 ad

2007 4468 2186 4523 solum
2245 4484 2375 4526 suas
2428 4471 2633 4530 mentis
2663 4472 2957 4543 petitiones
2998 4483 3052 4532 et
3100 4484 3226 4532 vota
3256 4475 3382 4531 laeto
3413 4475 3603 4530 animo
3634 4496 3641 4501 -

2007 4562 2350 4619 transmittit.

2336 4728 2355 4749 κ
2635 4656 2885 4714 Scholion
2914 4659 2969 4715 5.
3444 4704 3469 4724 ι

2072 4743 2575 4816 Quemadmodum,
2608 4749 2807 4821 inquit,
2849 4766 2910 4808 se
2968 4752 3131 4809 habet
3157 4767 3314 4810 amor
3338 4754 3596 4823 carnalis,

2001 4834 2075 4891 ita
2102 4837 2406 4908 spiritualis
2431 4840 2528 4912 qui
2556 4856 2751 4899 revera
2786 4845 2842 4899 in
2868 4859 3099 4916 corpore
3129 4847 3366 4904 exsistit.

3640 4922 3649 4967 l

2629 5023 2884 5080 Scholion
2910 5024 2964 5081 6.
3662 4977 3679 4989 ﬂ

2071 5109 2118 5166 Ο
2152 5111 2345 5182 ﬁdelis,
2373 5130 2406 5171 ο
2429 5118 2650 5188 sapiens
2676 5136 2691 5184 ;
2729 5135 2856 5175 nam
2889 5118 3072 5175 anima
3105 5134 3136 5174 a
3166 5116 3352 5191 pravis
3382 5117 3596 5188 cupldi-

2001 5203 2209 5261 tatibus
2232 5222 2332 5278 per
2362 5212 2782 5282 temperantiam
2810 5212 3084 5284 expedita,
3118 5228 3225 5270 non
3272 5219 3451 5283 potest
3482 5228 3590 5267 non

2002 5309 2192 5353 amore
2220 5296 2317 5356 Dei
2346 5301 2560 5360 ardere.

2622 5393 2873 5452 Scholion
2905 5398 2961 5452 7.

2073 5480 2170 5538 Dei
2220 5482 2396 5542 Patris
2433 5483 2695 5556 Verbum,
2739 5490 2792 5545 in
2823 5505 2933 5561 quo
2964 5505 3064 5560 per
3089 5490 3381 5562 puritatem
3421 5490 3592 5561 etrapit

2003 5573 2270 5645 habitare,
2323 5578 2475 5634 illum
2524 5582 2877 5651 purissimum
2907 5581 3086 5639 efﬁcit.
3134 5581 3364 5638 Mortem
3406 5591 3588 5637 autem

2003 5668 2116 5724 sive
2141 5684 2340 5739 pravas
2373 5674 2736 5744 appetitiones
2766 5674 2991 5733 omnino
3027 5676 3346 5749 exstinguit.

361 5913 421 5946 ⁸⁸
451 5913 597 5970 Psal.
639 5927 873 5976 Lxxxm,
908 5912 960 5967 ϐ.
1037 5914 1084 5947 ⁸⁷
1144 5914 1249 5972 Ιειι.
1297 5933 1358 5982 ιι,
1419 5919 1473 5976 3.
1550 5922 1595 5955 ³⁸
1648 5922 1901 5996 Ερὴο³.ιι

2016 5929 2067 5983 5.
2144 5928 2187 5961 ⁵⁸
2218 5928 2375 5985 Rom.
2413 5946 2485 5990 tv.
2522 5930 2612 5998 ΞΟ,
2644 5928 2734 5989 21.

595 6008 873 6073 Ριτιιοι..
916 6009 1033 6071 Gn.
1065 6012 1443 6078 LXXXVIII.

3157 6028 3227 6091 37
