4030 6418
468 375 606 444 1163

1097 492 1352 548 Scholion
1379 491 1430 546 8.

538 581 776 640 Verbum
801 584 1047 654 spiritus,
1070 599 1292 640 sensum
1316 583 1514 638 mentis
1538 598 1635 654 spe
1660 592 1824 640 certae
1846 586 2047 641 salutis

466 677 690 746 implet;
727 675 810 731 vis
851 676 996 731 enim
1041 674 1326 730 cbaritatis
1371 689 1439 730 ex
1497 673 1608 730 Deo
1655 677 2042 746 proﬁciscitur.

465 767 806 840 Quapropter
862 781 1016 822 mens
1076 777 1268 822 nostra
1324 765 1380 820 in
1430 767 1830 836 quaestionibus
1886 768 2046 824 theo-

464 859 658 928 logicis
686 872 778 912 seu
800 856 1236 912 dubitationibus
1262 856 1488 912 immota
1519 867 1843 927 permanet;
1867 872 2048 930 neque

463 949 612 1004 enim
657 947 861 1019 patitur
904 947 1071 1002 ullam
1118 948 1360 1019 inopiam
1407 962 1533 1020 quae
1579 963 1768 1004 curam
1821 948 1898 1004 illi
1946 964 2046 1019 pa-

463 1041 591 1104 riat,
637 1038 860 1109 quando
901 1055 1000 1110 per
1034 1039 1523 1110 contemplationes
1573 1047 1858 1111 tantopere
1907 1040 2048 1095 dila-

462 1139 634 1197 tatur,
702 1139 1040 1201 quantopere
1124 1131 1236 1185 vult
1293 1131 1376 1185 vis
1437 1130 1744 1187 cbaritatis.
1830 1130 2042 1186 Bonum

460 1231 545 1278 est
573 1238 704 1294 ergo
731 1239 947 1294 semper
982 1223 1039 1277 in
1082 1222 1186 1278 ﬁde
1226 1208 1579 1292 perseverare
1613 1237 1739 1278 eum
1775 1222 1871 1293 qui
1911 1223 2045 1278 cha-

461 1314 623 1370 ritate
668 1314 838 1370 fervet
863 1325 916 1370 et
945 1314 1142 1386 agitur.
1170 1313 1318 1370 Nihil
1358 1316 1504 1371 enim
1531 1315 1827 1386 pauperius
1856 1315 2043 1371 animo

460 1407 553 1474 qni
579 1407 696 1460 vult
720 1407 787 1461 de
817 1407 980 1462 rebus
1010 1406 1210 1462 divinis
1255 1406 1652 1478 philosophari,
1699 1421 1825 1463 cum
1860 1417 2043 1463 careat

460 1497 577 1567 ipse
601 1498 730 1553 Deo.

1073 1589 1336 1643 Diadoclu'
1366 1589 1424 1644 9.

527 1679 648 1734 Alia
674 1689 757 1736 est
779 1680 1020 1736 charitas
1049 1681 1246 1735 animae
1292 1679 1576 1746 naturalis,
1608 1689 1661 1736 et
1698 1681 1804 1736 alia
1828 1694 1948 1752 quae
1973 1695 2036 1734 ex

458 1768 664 1839 Spiritu
696 1781 886 1824 sancto
917 1769 992 1822 illi
1017 1770 1347 1824 insinuatur.
1381 1768 1624 1840 illaqua:
1653 1769 1706 1824 in
1739 1771 1898 1825 nobis
1927 1780 2033 1836 est,

455 1862 675 1931 quando
696 1861 970 1924 volumus,
1019 1863 1294 1917 moderate
1333 1872 1582 1916 movetur
1615 1877 1713 1934 pro
1758 1864 2038 1917 voluntate
2069 1849 2118 1910 Β

457 1963 668 2020 nastra,
699 1967 765 2008 ac
789 1951 1017 2023 proinde
1040 1953 1204 2024 5.60
1238 1968 1346 2007 non
1372 1953 1660 2009 diliiculter
1683 1953 1842 2008 nobis
1865 1969 1893 2007 a
1921 1967 2038 2006 ma-

455 2045 617 2114 lignis
646 2043 944 2113 spiritibus,
981 2043 1086 2099 nisi
1112 2044 1162 2097 vi
1195 2058 1287 2113 per
1320 2058 1419 2100 nos
1463 2055 1805 2108 coercentur,
1839 2057 1869 2096 a
1908 2057 2036 2112 pro-

453 2141 632 2206 posito
695 2151 797 2190 suo
846 2136 1004 2190 nobis
1060 2135 1406 2192 subducitur.
1457 2134 1650 2189 Divina
1707 2144 1889 2189 autem
1949 2133 2042 2188 illa

453 2227 592 2282 adeo
631 2225 874 2282 incendit
903 2226 1139 2280 animum
1170 2226 1238 2280 ad
1265 2225 1362 2281 Dei
1384 2226 1731 2290 charitatem,
1759 2231 1820 2278 ut
1845 2237 2038 2278 omnes

453 2320 653 2373 animae
673 2326 854 2388 partes
874 2325 928 2370 et
947 2316 1236 2373 facultates
1255 2319 1398 2373 inter
1422 2333 1480 2373 se
1500 2317 1742 2372 caelestis
1770 2315 2036 2370 desiderii

451 2411 694 2468 bonitate
728 2425 824 2480 per
858 2409 1128 2465 inﬁnitam
1165 2410 1458 2482 quamdam
1503 2409 1730 2466 allectus
1771 2407 2039 2478 simplici-

453 2513 616 2558 tatem
668 2503 781 2557 sive
837 2501 1206 2558 sinceritatem
1257 2502 1531 2558 devinciat
1576 2511 1630 2558 et
1676 2499 2035 2571 conglutinet.

447 2594 602 2650 Mens
631 2594 777 2649 enim
808 2595 964 2662 quasi
999 2609 1030 2648 a
1063 2593 1267 2664 Spiritu
1301 2602 1494 2650 sancto
1521 2593 1731 2651 caelesti
1763 2590 1936 2664 gratia
1981 2599 2038 2646 et

447 2688 650 2742 virtute
683 2685 904 2756 gravida
933 2685 1097 2753 iacta,
1130 2685 1333 2741 fontem
1351 2686 1644 2757 quemdam
1666 2683 1953 2743 cbaritatis
1981 2691 2036 2739 et

449 2779 635 2852 gaudii
660 2777 966 2848 profundit.

1051 2870 1300 2926 Scholion
1330 2872 1419 2928 10.

518 2965 729 3020 Eranos
749 2963 975 3018 collecta
1004 2972 1088 3019 est
1117 2979 1240 3034 qua:
1260 2965 1510 3036 pecuniis
1535 2973 1752 3022 constat
1778 2981 1810 3022 a
1839 2967 2028 3024 multis

447 3056 681 3114 collatis.
707 3054 778 3125 ειη
817 3056 1069 3126 praesenti
1101 3071 1234 3112 vero
1265 3057 1388 3114 loco
1427 3057 1698 3129 signiﬁcat
1741 3060 2028 3117 collectam

433 3167 514 3207 ex
536 3150 722 3208 multis
755 3150 1050 3207 virtutibus
1071 3151 1362 3207 conﬂatam
1394 3162 1450 3208 et
1476 3163 1746 3210 coactam.

1046 3243 1298 3300 Scholion
1323 3245 1412 3298 M.

521 3337 755 3410 Angelos
774 3335 1027 3409 intelligit
1053 3337 1109 3392 in
1146 3338 1298 3392 scala
1328 3346 1646 3396 versantes.

1043 3429 1290 3485 Scholion
1341 3431 1428 3485 12.

510 3521 633 3580 Hoc
664 3532 750 3580 est
773 3522 938 3589 Deus,
970 3522 1064 3594 qui
1097 3533 1184 3578 est
1208 3521 1469 3579 charitas.

1055 3612 1298 3668 Scholion
1326 3615 1410 3668 15.

519 3711 776 3776 Quinctio.
800 3708 986 3776 Qualis
1015 3715 1102 3764 est
1132 3706 1394 3778 perfectio
1423 3709 1721 3766 multorum
1749 3711 2027 3770 fructuum

439 3804 688 3876 Spiritus
721 3802 894 3858 sancti
922 3801 946 3854 Τ
978 3801 1134 3871 Resp.
1161 3800 1392 3867 Quando
1424 3802 1549 3872 quis
1577 3803 1830 3875 dignatus
1865 3807 2029 3864 fuerit

444 3896 685 3970 perfecta
712 3895 804 3951 Dei
835 3894 1122 3951 cliaritate.
1156 3893 1416 3958 Quaestio.
1446 3891 1600 3951 Unde
1619 3898 1744 3968 quis
1765 3898 2027 3971 intelligat

445 4007 505 4047 se
526 3991 591 4055 ad
611 3990 760 4046 illam
782 3989 1055 4059 aspirasse
1069 3987 1094 4041 Ἰ
1108 3985 1261 4056 Resp.
1281 3986 1512 4054 Quando
1529 4005 1683 4048 mens
1702 3993 1935 4048 excitata
1957 3994 2026 4050 ad

442 4082 766 4139 memoriam
790 4081 904 4148 Dei,
924 4080 1105 4137 statim
1129 4095 1225 4135 cor
1243 4079 1362 4151 ejus
1377 4083 1686 4138 concitatur
1701 4086 1768 4141 ad
1788 4089 2026 4143 charita-

435 4184 550 4230 tem
577 4175 692 4241 Dei,
709 4181 764 4230 et
783 4174 926 4229 oculi
949 4173 1070 4242 ejus
1097 4171 1246 4241 largo
1262 4171 1412 4228 fonte
1434 4173 1799 4245 lacrymarum
1822 4179 2024 4234 redun-

441 4266 594 4320 dant.
624 4265 718 4320 Est
743 4264 886 4319 enim
913 4264 1029 4318 haec
1044 4270 1238 4317 natura
1258 4262 1564 4332 charitatis,
1581 4274 1640 4320 ut
1665 4281 1731 4321 ex
1761 4271 2022 4326 memoria

439 4369 625 4412 rerum
654 4356 974 4412 dilectarum
1003 4354 1191 4410 statim
1217 4354 1486 4425 lacrymas
1518 4363 1799 4415 accendat.
1828 4359 1897 4416 Et
1926 4362 2018 4433 qui

441 4447 510 4502 ad
545 4461 668 4502 eum
693 4455 893 4502 statum
925 4446 1190 4515 pervenit,
1231 4461 1510 4516 nunquam
1544 4450 1799 4523 lacrymis
1851 4455 2018 4509 desti-

1437 380 1496 441 S.
1530 380 1740 442 JOAN.
1786 383 2094 446 CLIMACI
2135 388 2363 451 SCALA
2399 395 2776 460 PARADISI.

2084 502 2131 556 Δ

3592 405 3745 474 1164

2755 508 3017 577 Σχόλιον
3047 516 3122 577 η’.

2233 592 2292 646 '0
2320 597 2694 664 πνευματικὸς
2726 598 2885 667 λόγος
2933 599 3034 670 τὴν
3071 599 3267 672 νοεράν
3301 601 3556 672 αίσθησιν
3584 604 3736 673 πλη-

2150 686 2406 754 ροφορεῖ·
2447 685 2702 757 ἐνέργεια
2748 689 2859 759 γὰρ
2910 689 3132 760 ἀγάπης
3187 692 3252 744 ὲκ
3278 692 3415 745 Θεοῦ
3463 694 3736 766 φέρεται·

2146 773 2336 846 διόπερ
2366 776 2461 830 καὶ
2490 777 2854 844 ἀϐασάνιστος
2879 782 2910 842 ἡ
2919 783 3037 853 μῶν
3062 785 3091 836 ό
3118 783 3246 848 νοῦς
3264 784 3507 855 διαμένει
3533 790 3592 842 ὲν
3613 791 3740 852 τοῖς

2146 866 2248 934 τῆς
2276 866 2557 937 θεολογίας
2577 873 2874 942 κινήμασιν
2893 889 2907 902 ·
2933 874 2996 927 οὐ
3019 875 3130 946 γάρ
3155 877 3355 947 πάσχει
3381 879 3503 933 τότε
3532 881 3740 935 πενίαν

2146 955 2245 1026 τὴν
2269 958 2544 1029 μέριμναν
2569 961 2846 1031 φέρουσαν
2869 979 2882 993 ’
2921 965 3108 1038 ἐπειδὴ
3155 967 3410 1022 τοσοῦτον
3439 972 3559 1034 ταῖς
3595 971 3742 1024 θεω-

2150 1047 2294 1118 ρίαις
2322 1049 2676 1118 πλατύνεται,
2698 1054 2824 1108 ὅσον
2849 1055 2950 1126 τῆς
2972 1055 3197 1129 ἀγάπης
3223 1059 3256 1129 ἡ
3287 1060 3538 1130 ἐνέργεια
3559 1061 3733 1116 θέλει.

2146 1140 2327 1195 Καλὸν
2357 1136 2453 1196 οὖν
2484 1143 2575 1197 ἀεὶ
2609 1144 2792 1199 πίστει
2833 1149 3179 1219 παραμένειν
3201 1150 3269 1204 δι’
3310 1152 3532 1222 ἀγάπης
3576 1155 3737 1224 ἐνερ-

2145 1229 2412 1302 γούμενον
2434 1248 2446 1263 ·
2498 1233 2652 1290 οὐδὲν
2699 1236 2809 1308 γὰρ
2861 1239 3203 1310 πτωχότερον
3267 1241 3512 1306 διανοίας
3567 1244 3735 1306 ὲκτδς

2145 1323 2280 1377 Θεοῦ
2315 1325 2717 1399 φιλοσοφούσης
2753 1328 2824 1383 τά
2852 1329 2948 1382 τοῦ
2973 1329 3128 1390 Θεοῦ,

2591 1600 2850 1668 Σχόλιον
2879 1599 3171 1670 Διαδόχου
3208 1598 3274 1656 θ’.

2219 1687 2390 1759 Ἀλλη
2416 1688 2566 1744 ἐστίν
2609 1690 2643 1760 ὴ
2674 1689 2864 1762 ἀγάπη
2897 1693 2995 1762 τῆς
3043 1691 3225 1763 ψυχῆς
3277 1693 3309 1763 ἡ
3350 1692 3579 1764 φυσικὴ,
3627 1694 3732 1750 καὶ

2144 1777 2278 1846 ἄλλη
2308 1779 2340 1848 ή
2378 1778 2442 1832 ὲκ
2470 1777 2564 1831 τοῦ
2589 1778 2744 1846 ἁγίου
2768 1778 3087 1849 Πνεύματος
3118 1780 3252 1851 αὐτῇ
3279 1780 3688 1852 προσγινομένη
3712 1798 3725 1810 °

2143 1870 2175 1937 ἡ
2212 1869 2310 1938 μὲν
2333 1869 2445 1938 γάρ
2466 1871 2531 1922 ἐκ
2560 1869 2661 1938 τῆς
2683 1869 2978 1941 ἡμετέρας,
3002 1872 3090 1924 ὅτε
3117 1869 3364 1938 θέλομεν,
3392 1869 3729 1940 συμμέτρως

2141 1964 2375 2013 κινεῖται
2407 1960 2678 2031 θελήσεως
2703 1979 2717 1992 ο
2746 1961 2936 2031 διόπερ
2968 1962 3063 2014 καὶ
3093 1961 3332 2032 εὐχερῶς
3359 1961 3465 2014 ὑπὸ
3491 1961 3597 2014 τῶν
3625 1978 3730 2015 πο·

2141 2051 2324 2122 νηρῶν
2378 2051 2727 2122 πνευμάτων,
2775 2051 2940 2122 ἡνίκα
2991 2050 3066 2123 μὴ
3124 2050 3215 2121 βίᾳ
3273 2051 3566 2123 κρατῶμεν
3622 2052 3726 2122 τῆς

2141 2142 2355 2196 ἑαυτῶν
2407 2143 2784 2215 προαιρέσεως
2829 2143 3226 2216 διαρπάζεται*
3272 2147 3306 2216 ἠ
3351 2145 3409 2198 δὲ
3467 2146 3726 2200 τοσοῦτον

2141 2235 2356 2288 ἐκκαίει
2397 2235 2495 2306 τὴν
2531 2234 2710 2306 ψυχὴν
2741 2234 2879 2306 πρὸς
2913 2235 3014 2306 τὴν
3057 2235 3280 2306 ἀγάπην
3322 2234 3415 2289 τοῦ
3448 2235 3609 2303 Θεοῦ,
3645 2236 3723 2299 ὡς

2139 2321 2318 2374 πάντα
2343 2321 2409 2375 τά
2443 2321 2542 2391 τῆς
2585 2322 2762 2392 ψυχῆς
2788 2323 2930 2394 μέρη
2957 2323 3027 2396 τῇ
3059 2325 3152 2378 τοῦ
3179 2324 3324 2378 θείου
3360 2325 3527 2380 πόθου
3562 2327 3728 2397 om-

2138 2411 2246 2467 λων
2279 2412 2639 2482 ὲγκολλᾶσθαι
2681 2417 3034 2487 χρηστότητι,
3069 2418 3126 2469 ὲν
3157 2417 3371 2489 ἀπείρῳ
3418 2419 3526 2472 τινί
3558 2419 3725 2474 ἁπλό-

2136 2520 2260 2572 τητι
2287 2503 2578 2569 διαθέσεως
2601 2523 2613 2536 ·
2647 2506 2906 2578 ἐγκύμων
2967 2507 3334 2581 [ὲγκυμονῶν]
3378 2509 3487 2583 γὰρ
3528 2511 3722 2583 ῶσπερ

2137 2595 2167 2648 ό
2191 2593 2322 2659 νοῦς
2351 2595 2472 2650 τότε
2505 2595 2610 2649 ὑπὸ
2638 2598 2734 2668 τῆς
2765 2600 3149 2670 πνευματικῆς
3177 2601 3460 2672 ἐνεργείας
3497 2603 3722 2673 γινόμε-

2136 2704 2247 2754 νος,
2285 2692 2471 2762 πηγήν
2494 2707 2618 2744 τινα
2649 2693 2871 2764 ἀγάπης
2901 2694 3191 2760 ἀναὸλύξει
3219 2695 3314 2749 καὶ
3339 2698 3534 2766 χαρᾶς.

2747 2872 3008 2942 Σχόλιον
3040 2879 3096 2928 ι’.

2208 2961 2444 3032 Ἐρανός
2487 2962 2605 3015 ἐστι
2645 2961 2713 3016 τά
2744 2963 2808 3015 ὲκ
2858 2963 3071 3016 πολλῶν
3115 2963 3454 3034 συναχθέντα
3494 2969 3715 3039 χρὴμα-

2132 3068 2236 3107 τα·
2271 3052 2368 3107 νῦν
2399 3051 2454 3105 δὲ
2488 3054 2521 3122 ή
2569 3051 2824 3124 συλλογὴ,
2856 3053 2890 3123 ἡ
2945 3054 3011 3106 ἐκ
3061 3053 3272 3113 πολλῶν
3321 3055 3531 3127 ἀρετῶν
3584 3074 3714 3110 συν-

2135 3143 2384 3216 αχθεῖσα.

2730 3240 2774 3292 Σ
2777 3238 2990 3307 χόλιον
3020 3237 3114 3294 ια’.

2203 3327 2344 3395 Τοὺς
2372 3329 2638 3401 ἀγγέλους
2673 3329 2824 3402 λέγει
2849 3331 2976 3396 τοὺς
3006 3331 3100 3384 ἐπὶ
3127 3332 3226 3404 τῆς
3255 3332 3546 3402 κλίμακος.

2721 3426 2770 3478 Σ
2771 3425 2986 3492 χόλιον
3016 3422 3117 3487 ιβ’.

2199 3512 2360 3568 Τοῦτ’
2389 3511 2536 3569 ἔστιν
2565 3515 2593 3569 ό
2621 3513 2777 3578 Θεὸς,
2804 3514 2861 3578 ὃς
2893 3515 3041 3567 ἐστιν
3069 3514 3102 3584 ἡ
3136 3513 3346 3584 ἀγάπη.

2727 3608 2775 3660 Σ
2779 3605 2992 3674 χόλιον
3015 3611 3108 3675 ιγ’.

2211 3698 2556 3775 Ἐρώτησις.
2596 3701 2733 3754 Ποία
2762 3701 2910 3755 ἐστὶν
2958 3703 2992 3771 ἡ
3037 3700 3312 3774 τελειότης
3352 3701 3462 3758 τῶν
3497 3701 3713 3757 πολλῶν

2127 3789 2359 3859 καρπῶν
2393 3791 2488 3846 τοῦ
2521 3791 2860 3860 πνεύματος;
2898 3793 3138 3863 Ἀπόκρ.
3172 3794 3344 3848 Ὅταν
3388 3812 3471 3859 τις
3499 3795 3711 3868 ἀξιωθῇ

2127 3879 2342 3943 τελείας
2383 3882 2605 3954 ἀγάπης
2631 3883 2727 3938 τοῦ
2766 3883 2923 3938 Θεοῦ.
2966 3885 3158 3952 Ἐρώτ.
3196 3885 3307 3938 Καὶ
3344 3885 3510 3939 πόθεν
3542 3887 3712 3956 γινώ-

2130 3991 2248 4030 σκει
2274 3994 2359 4040 τις
2407 3978 2490 4031 ὅτι
2537 3977 2775 4046 ἔφθασεν
2809 3981 2889 4043 εἰς
2936 3980 3179 4050 ταύτηνς
3239 3983 3483 4051 Ἀπόκρ.
3533 3983 3708 4037 Ὅταν

2127 4067 2324 4138 κινηθῇ
2353 4069 2386 4139 ἡ
2418 4069 2606 4140 μνήμη
2643 4068 2738 4122 τοῦ
2779 4069 2914 4123 Θεοῦ
2950 4071 3008 4123 ὲν
3041 4074 3106 4142 τῇ
3153 4057 3584 4145 διανοίᾳάὐτοῦ,
3618 4074 3711 4128 εὑ-

2126 4161 2265 4225 θέως
2292 4163 2326 4233 ἡ
2351 4162 2550 4233 καρδία
2587 4162 2752 4215 αὑτοῦ
2804 4164 3036 4216 κινεῖται
3066 4164 3123 4216 ὲν
3174 4167 3239 4234 τῇ
3269 4164 3459 4235 ἀγάπῃ
3504 4165 3670 4218 αὐτοῦ
3690 4182 3705 4197 ·

2126 4254 2220 4307 καὶ
2237 4255 2286 4306 oi
2310 4252 2582 4324 ὀφθαλμοὶ
2605 4253 2772 4308 αὑτοῦ
2802 4255 3174 4324 καταφέρουσι
3196 4255 3408 4324 δάκρυα
3429 4255 3667 4325 δαψιλῶς
3691 4273 3707 4289 ο

2125 4346 2246 4410 ἔθος
2274 4348 2384 4418 γὰρ
2408 4345 2524 4417 ἔχει
2549 4347 2583 4418 ἡ
2613 4347 2802 4418 ἀγάπη
2843 4347 2908 4400 ὲκ
2937 4346 3037 4418 τῆς
3075 4348 3298 4418 μνήμης
3334 4348 3446 4401 τῶν
3483 4349 3707 4420 ἀγαπη-

2123 4441 2233 4494 τῶν
2281 4439 2536 4506 ἐξάπτειν
2589 4441 2838 4510 δάκρυα’
2885 4441 2980 4494 καὶ
3029 4441 3270 4504 τοιοῦτος
3317 4440 3393 4494 ὢν
3446 4442 3703 4495 οὐδέποτε

439 4534 637 4600 tuitur,
660 4535 804 4603 quod
828 4533 1053 4587 materia
1078 4542 1132 4587 et
1153 4549 1335 4590 causae
1365 4550 1642 4607 nunquam
1674 4541 1872 4607 desint,
1896 4559 2018 4614 quae

2138 4534 2432 4603 ὅστερεῖται
2465 4534 2528 4586 ἐκ
2567 4531 2678 4586 τῶν
2717 4532 3005 4602 δακρύωνο
3042 4532 3177 4586 διότι
3230 4532 3291 4584 οὐ
3333 4531 3512 4586 λείπει
3553 4532 3704 4602 αὺτῷ

440 4623 593 4678 illum
624 4625 696 4696 {ad
743 4622 836 4678 Dei
868 4623 1188 4678 memoriam
1219 4625 1477 4691 excitent,
1509 4630 1644 4684 adeo
1687 4639 1746 4685 ut
1772 4632 1934 4687 etiam
1964 4634 2018 4689 in

441 4726 636 4768 somno
665 4727 790 4768 cum
843 4711 954 4768 Deo
997 4713 1346 4784 colloquatur
1382 4733 1396 4771 :
1430 4717 1568 4773 solet
1603 4718 1750 4774 enim
1781 4722 2020 4778 cbaritas

439 4803 571 4858 talia
605 4806 846 4862 actitare.
871 4805 939 4860 Et
962 4806 1066 4862 hoc
1090 4814 1175 4862 est
1205 4808 1514 4864 mortalium
1543 4811 1594 4865 in
1628 4811 1732 4868 bac
1766 4813 1872 4867 vita
1901 4829 2022 4884 per-

438 4890 628 4952 lectio.

2121 4623 2220 4696 ῦλη
2279 4625 2367 4678 ἀεὶ
2424 4625 2666 4696 φέρουσα
2711 4624 2877 4678 αὐτὸν
2939 4624 3020 4687 είς
3092 4624 3316 4696 μνήμην
3379 4623 3475 4676 τοῦ
3529 4622 3700 4677 Θεοῦο

2120 4715 2264 4770 ὥστε
2305 4717 2401 4770 καὶ
2432 4717 2490 4768 ὲν
2541 4715 2694 4785 ὕπνῳ
2741 4714 2908 4770 αὐτοῦ
2943 4716 3222 4786 συνομιλεῖ
3261 4715 3340 4787 τῷ
3383 4715 3534 4786 Θεῷ·
3581 4715 3702 4778 ἔθος

2119 4808 2229 4879 γάρ
2254 4809 2320 4877 τῇ
2355 4807 2545 4878 ἀγάπῃ
2571 4807 2835 4877 πράσσειν
2869 4807 2938 4861 τά
2970 4806 3192 4862 τοιαῦτα
3213 4824 3225 4836 ·
3263 4809 3359 4862 καὶ
3388 4807 3524 4875 αὕτη
3552 4808 3701 4861 ἐστὶν

2121 4904 2156 4973 ἡ
2181 4899 2458 4972 τελειότης
2487 4899 2594 4953 τῶν
2621 4898 2925 4972 ἀνθρώπων
2945 4903 3003 4955 ὲν
3035 4901 3104 4975 τῇ
3133 4898 3248 4974 ζωῇ
3275 4901 3479 4967 αὐτῶν,

3816 4931 3833 5022 ἓ
