4030 6412
353 288 3590 341 WW

973 462 1722 599 ΙΩΑΝΝΟΥ
1800 456 3030 598 ΣΧΟΛΑΣΤΙΚΟΥ

1188 733 1602 852 ΠΡΟΣ
1654 728 1974 888 TON
2036 713 2798 852 IIOIMENA‘.

1789 982 2185 1071 ΛΟΓΟΣ.

915 1368 1729 1532 JOANNIS
1831 1361 3088 1525 SCHOLASTICI

1209 1665 1629 1781 LIBER
1714 1662 1899 1777 AD
1978 1657 2789 1777 PASTOREM.

957 2076 1364 2136 ΠΡΟΟΙΜΙΟΝ.
1973 2077 2024 2134 Α
2444 2065 2548 2138 ἀνθ

1973 2077 2024 2134 Α
2444 2065 2799 2138 561-463
2848 2063 3235 2121 ριιΑῑιτΑΤιο.

454 2197 543 2250 Ἐν
576 2198 640 2267 τῇ
670 2194 770 2265 μὲν
791 2191 946 2247 κάτω
969 2192 1137 2265 βίϐλῳ
1161 2192 1336 2264 ἔγωγέ
1360 2208 1443 2256 σε,
1466 2186 1721 2245 θεσπέσιε
1745 2185 1950 2254 Πάτερ,

2125 2173 2239 2246 Ego
2273 2184 2342 2239 te,
2365 2173 2672 2230 venerande
2701 2181 2876 2244 pater,
2907 2174 2961 2229 in
2986 2173 3090 2229 hoc
3119 2173 3366 2230 inferiori
3400 2188 3497 2231 seu
3529 2185 3638 2231 ter-

371 2289 587 2343 πάντων
614 2264 860 2358 Ηέσχατον
907 2264 1146 2355 τέταχαίο
1171 2286 1230 2338 ὲν
1277 2287 1342 2357 τῇ
1372 2283 1430 2338 δὲ
1469 2283 1604 2345 ἄνω,
1659 2281 1722 2334 σὲ
1757 2279 1956 2333 πέπει-

2054 2281 2191 2322 reno
2221 2267 2429 2332 codice,
2471 2275 2752 2336 postremo
2804 2265 3070 2320 collocavi
3118 2264 3257 2332 loco,
3303 2265 3400 2322 sed
3446 2266 3500 2320 in
3545 2267 3639 2320 illo

370 2399 510 2452 σμαι
546 2357 767 2435 πάντῶν
814 2377 973 2451 ἡμῶν
1001 2380 1062 2434 ἐν
1087 2382 1157 2451 τῇ
1207 2379 1504 2449 ἀπογραφῇ
1541 2379 1609 2448 τῇ
1667 2373 1790 2445 θείᾳ
1827 2389 1959 2443 προ-

2054 2359 2262 2414 coelesti
2295 2359 2573 2413 volumine
2623 2367 2675 2413 te
2724 2358 2887 2412 nobis
2936 2357 3192 2414 omnibus
3230 2357 3527 2413 antelatum
3584 2359 3641 2412 in

364 2445 615 2542 τερεύειν
638 2486 655 2502 ο
708 2445 870 2542 εἴπερ
917 2469 1066 2524 ἐστὶν
1092 2470 1108 2501 ¹
1186 2445 1702 2540 εἰρηκῶςήᾶληθὴς,
1733 2463 1952 2517 ἔσονται

2055 2448 2239 2504 divina
2269 2447 2635 2517 descriptione
2664 2455 2719 2502 et
2742 2462 2932 2513 censu,
2952 2447 3137 2501 nullus
3162 2445 3355 2502 dubito
3387 2446 3640 2517 :quando

363 2539 662 2636 οί-ἒσχατοι
684 2562 764 2635 τῷ
789 2539 1123 2634 φρονήματι,
1155 2539 1364 2633 πρῶτοι
1389 2558 1467 2631 τῷ
1493 2558 1786 2629 ἀξιώματι.

2058 2557 2223 2597 verax
2269 2550 2355 2597 est
2393 2544 2484 2612 qui
2517 2542 2650 2596 dicit
2686 2561 2699 2594 :
2733 2540 2836 2607 Qui
2884 2555 3030 2595 nunc
3065 2555 3162 2609 per
3192 2539 3364 2594 animi
3402 2539 3643 2595 submis-

698 2629 747 2667 ,ν
801 2629 843 2634 ··
951 2629 984 2633 “·
1204 2629 1215 2633 '
1438 2629 1447 2631 '
2061 2632 2272 2689 sionem
2307 2640 2436 2687 sunt
2486 2631 2794 2692 novissimi,
2821 2638 2984 2685 erunt
3032 2638 3161 2696 tunc
3208 2629 3374 2700 primi
3415 2629 3642 2684 honoris

2061 2731 2346 2802 dignitate.

735 2831 995 2900 Σχόλιον
1033 2828 1278 2896 Μάρκου
1306 2825 1599 2896 μωαχοῦ.

2480 2821 2728 2878 Scholion
2761 2819 2934 2875 Marci
2953 2821 3215 2876 monachi.

449 2922 613 2979 Ὅταν
663 2924 930 2994 ἀκούσῃς,
968 2923 1052 2977 ὅτι
1101 2921 1316 2976 ἔσονται
1335 2922 1385 2973 oi
1429 2919 1649 2990 ἔσχατοι
1709 2916 1954 2985 πρῶτοι·

2127 2910 2360 2980 Quando
2426 2914 2665 2968 audieris
2727 2932 2738 2966 :
2795 2920 2956 2968 erunt
3005 2909 3292 2966 novissimi
3348 2907 3534 2978 primi,
3587 2917 3642 2962 et

367 3021 466 3070 καὶ
499 3015 562 3070 τὸ
583 3015 824 3086 ἔμπαλιν
843 3057 858 3081 ,
890 3015 1150 3086 μετόχους
1176 3012 1386 3085 ἀρετῶν
1413 3012 1506 3065 καὶ
1541 3011 1800 3082 μετόχους
1821 3006 1958 3075 ἀγά-

2058 3011 2247 3059 contra
2278 3005 2440 3074 primi
2483 3005 2771 3060 novissimi
2815 3005 2892 3074 (a)
2946 3004 3207 3059 virtutum
3257 3009 3313 3056 et
3359 2999 3640 3056 charitatis

370 3128 484 3180 πης
526 3110 669 3164 νόει·
704 3109 894 3179 ἀγάπη
921 3106 1033 3178 γὰρ
1073 3107 1280 3177 ἐσχάτη
1319 3104 1418 3176 μὲν
1447 3102 1658 3176 ἀρετῶν
1699 3102 1960 3171 τυγχάνει

2059 3107 2344 3154 consortes
2382 3098 2638 3168 intellige.
2667 3098 2920 3154 Charitas
2957 3095 3102 3152 enim
3131 3095 3394 3150 virtutum
3423 3091 3641 3163 quidem

366 3203 514 3258 κατὰ
563 3203 782 3272 γένεσιν
810 3218 827 3233 ⁸
866 3199 1061 3272 πρώτη
1106 3200 1163 3254 δὲ
1208 3197 1523 3271 εὑρίσκεται
1567 3194 1957 3268 πνευματικῶς

2064 3191 2365 3248 novissima
2388 3200 2492 3260 est,
2519 3192 2564 3246 si
2593 3201 2801 3261 spectes
2822 3188 3228 3260 generationem
3252 3186 3399 3241 illius
3423 3201 3441 3253 ;
3470 3185 3643 3254 prima

369 3295 516 3350 κατὰ
547 3295 649 3366 τὴν
674 3294 853 3361 ἀξίαν,
886 3293 986 3358 τὰς
1009 3291 1494 3364 προγεγενημένας
1518 3289 1692 3360 αὐτῆς
1723 3288 1960 3360 ἐσχάτας

2063 3293 2270 3350 autem,
2301 3284 2346 3339 si
2370 3285 2710 3356 dignitatem,
2741 3297 2870 3354 qua,
2899 3293 3025 3338 ante
3056 3297 3115 3337 se
3141 3287 3318 3346 natas,
3341 3284 3643 3350 postremas

366 3388 828 3442 ἁποδεικνὺουσα.

1991 3405 2036 3462 Β
2064 3391 2187 3433 esse
2217 3377 2475 3434 ostendit.

1013 3762 1261 3816 ΚΕΦΑΛ.
1277 3762 1356 3816 A'.

2609 3748 2776 3827 ωε
2803 3742 3038 3805 CAPUT
3081 3743 3122 3798 ι.

1049 3872 1432 3928 ϐωηοὸὶανοίια
1469 3871 1673 3942 pastori
1697 3911 1711 3933 ,
1744 3866 2030 3930 nauarcho,
2070 3863 2272 3918 medico
2294 3862 2588 3918 lilteratori
2612 3867 2972 3931 comparatur.

447 3995 654 4068 Ποιμὴν
683 3992 890 4066 κυρίως
936 3991 1107 4058 ἐστὶν,
1129 3992 1158 4044 ὁ
1186 3989 1255 4045 τὰ
1302 3987 1623 4043 ἀπολωλότα
1660 3982 1858 4053 λογικὰ
1889 3982 1957 4036 δι’

2132 3979 2328 4035 Pastor
2351 3978 2428 4051 (a)
2459 3977 2550 4034 ille
2577 3989 2741 4031 verus
2769 3981 2822 4029 et
2857 3985 3149 4042 germanus
3179 3977 3281 4035 est,
3314 3968 3405 4039 qui
3433 3980 3650 4040 gregem

373 4057 632 4153 ἀκακίας,
663 4087 730 4141 δι’
759 4057 969 4146 οἰκείας
1001 4083 1238 4154 σπονδῆς
1274 4081 1370 4136 καὶ
1395 4079 1562 4150 εὐχῆς
1589 4075 1956 4148 ἀναζητῆσαι,

2062 4069 2295 4124 rationis
2319 4068 2540 4138 quidem
2579 4080 2686 4120 non
2719 4070 3021 4133 expertem,
3061 4059 3154 4115 sed
3190 4074 3288 4129 per
3325 4057 3647 4127 simplicita-

382 4181 480 4236 καὶ
504 4149 810 4251 ἀνορθῶσαι
837 4175 1156 4246 δυνάμενος.
1181 4149 1542 4243 Κυὸερνήτης
1575 4167 1726 4221 ἐστὶν
1745 4168 1773 4219 ὁ
1801 4166 1956 4234 ἰσχὺν

2061 4169 2169 4217 tem
2218 4160 2490 4231 perditum
2527 4155 2800 4214 industria
2834 4168 2932 4210 sua
2968 4162 3021 4208 et
3057 4151 3311 4223 precibus
3353 4149 3643 4220 quaesitum

371 4273 566 4345 νωρὰν
588 4241 652 4326 ἐκ
682 4268 820 4326 Θεοῦ
849 4268 945 4324 καὶ
969 4241 1189 4322 οἰκείων
1219 4241 1435 4336 μόχθων
1481 4259 1738 4331 είληφὼς,
1765 4259 1829 4312 οὐ
1869 4256 1962 4328 μό-

2063 4262 2458 4322 repertumque
2499 4263 2695 4306 curare
2743 4255 2921 4319 potest
2968 4261 3033 4301 ac
3084 4244 3394 4300 restituere.
3436 4241 3647 4298 Guber-

369 4331 556 4422 νον’ὲκ
599 4363 923 4435 τρικυμίας,
957 4359 1094 4414 ἀλλὰ
1129 4331 1230 4412 καὶ.
1252 4331 1504 4424 ἐξαυτῆς
1536 4353 1639 4421 τῆς
1693 4349 1955 4412 ἀϐύσσου,

2063 4350 2226 4397 nator
2254 4337 2731 4414 [navarchus]est,
2752 4337 2846 4408 qui
2867 4334 3201 4406 intelligendi
3235 4333 3356 4389 viet
3391 4331 3648 4388 facultate

370 4457 472 4528 τὴν
484 4455 618 4510 ναῦν
629 4425 939 4510 ἀνασπάσαι
953 4450 1270 4520 δυνάμενος.
1289 4443 1492 4515 Ἰατρὸς
1514 4443 1661 4496 ἐστιν
1680 4438 1778 4493 ὁτὸ
1801 4437 1958 4507 σῶμα

2066 4431 2464 4504 prudentiaque
2502 4445 2534 4486 a
2571 4427 2683 4483 Deo
2727 4437 2969 4498 accepta,
2994 4437 3048 4483 ct
3079 4443 3183 4482 usu
3217 4425 3505 4496 studioque
3547 4439 3647 4481 suo

380 4514 480 4603 καὶ
499 4546 600 4619 τὴν
624 4545 802 4617 ψυχὴν
823 4514 1160 4613 κεκτημένος
1189 4541 1382 4595 ἄνοσον
1409 4536 1510 4608 (1),
1547 4534 1682 4604 μηδὲ
1712 4532 1840 4604 μιᾶς
1864 4531 1962 4598 ἐμ-

2067 4529 2379 4592 comparata
2401 4534 2594 4575 navem
2624 4532 2731 4573 non
2759 4532 2790 4573 e
2816 4517 3137 4573 decumanis
3153 4514 3409 4572 ﬂuctibus
3437 4523 3650 4571 tantum

373 4607 654 4709 πλάστρου
688 4607 819 4706 παρ’
873 4607 1048 4690 me»;
1077 4632 1139 4685 τὸ
1170 4629 1433 4702 παράπαν
1485 4626 1758 4696 δεόμενος.
1802 4619 1958 4674 Διδά-

2067 4629 2309 4681 servare,
2331 4613 2426 4670 sed
2445 4628 2514 4669 ex
2537 4611 2664 4668 imis
2686 4625 2905 4682 quoque
2931 4609 3156 4682 gurgitis
3175 4608 3326 4664 vadis
3346 4617 3526 4679 potest
3543 4607 3649 4663 cri-

372 4705 574 4794 σκαλος
597 4705 781 4792 ὅντως
808 4727 956 4780 ἐστὶν
987 4723 1063 4797 (2)
1085 4724 1114 4776 ὀ
1134 4721 1326 4793 νοεράν
1341 4721 1523 4775 δέλτον
1547 4715 1807 4787 γνώσεως
1821 4711 1958 4767 Θεοῦ

2067 4723 2216 4776 perc.
2239 4707 2479 4763 Medicus
2508 4715 2612 4769 est,
2657 4705 2749 4775 qui
2786 4705 2854 4760 ab
2887 4705 3073 4758 animo
3115 4717 3455 4773 corporeque
3483 4715 3651 4758 sanus

367 4819 646 4890 δακτύλῳ,
707 4819 873 4890 ἧγουν
923 4793 1177 4888 ἐνεργείᾳ
1237 4810 1561 4882 ἑλλάμψεως
1603 4807 1664 4872 ἐξ
1709 4803 1876 4859 αὐτοῦ
1899 4803 1958 4856 δι⁴

2070 4798 2389 4869 valensque,
2417 4797 2570 4852 nulla
2612 4811 2711 4867 pro
2762 4811 2819 4851 sc
2866 4794 3203 4850 medicabula
3247 4795 3466 4851 aliunde
3512 4793 3647 4850 desi-

370 4911 570 4966 ἑαυτοῦ
605 4910 974 4982 κομισάμενος
998 4949 1014 4974 ,
1055 4907 1149 4961 καὶ
1182 4904 1290 4958 τῶν
1335 4899 1538 4954 λοιπῶν
1568 4898 1765 4970 βίῦλων
1812 4896 1961 4949 ἀνεν-

2066 4895 2238 4950 derat.
2272 4893 2474 4948 Doctor
2513 4893 2596 4949 est
2636 4893 2729 4962 qui
2760 4893 3014 4948 volumen
3060 4891 3430 4962 intelligentia:
3461 4902 3516 4946 et
3560 4904 3653 4945 co-

371 5005 502 5074 δεὴς
523 4980 849 5072 γενόμενος·
874 4998 1120 5072 ἀπρεπὲς
1143 4992 1504 5057 διδασκάλοις,
1529 4991 1590 5055 ἐξ
1614 4986 1962 5059 ἀντιγράφων

2069 4985 2331 5053 gnitionis
2378 5000 2409 5039 a
2442 4982 2552 5039 Dco
2581 4992 2888 5049 exaratum,
2944 4982 3059 5039 sive
3104 4981 3310 5056 cmlesti
3365 4980 3571 5035 lumine
3600 4989 3653 5034 et

370 5072 748 5156 lanatasdew,
782 5093 879 5147 καὶ
901 5090 1214 5163 ζωγράφοις
1246 5089 1310 5142 ὲκ
1341 5083 1654 5158 μεταϐόλων
1707 5077 1961 5151 σημειοῦ-

2068 5075 2386 5149 magisterio
2427 5077 2783 5144 illustratum,
2816 5077 2884 5130 ab
2922 5073 3120 5130 eodem
3158 5073 3383 5129 numine
3410 5072 3527 5142 ipse
3556 5086 3652 5142 per

373 5187 540 5240 σθαι·
574 5186 750 5249 ὀτοὺς
785 5185 936 5238 κάτω
993 5180 1287 5250 παιδεύων,
1338 5175 1546 5234 ἄνωθεν
1565 5177 1628 5227 ὲκ
1659 5171 1754 5226 τοῦ
1801 5169 1964 5240 ὕψους

2071 5183 2130 5224 se
2157 5167 2387 5237 accepit,
2430 5167 2719 5238 alienaque
2747 5165 3055 5220 eruditione
3083 5164 3199 5219 sive
3231 5163 3385 5219 libris
3418 5176 3528 5216 non
3565 5161 3654 5216 in-

364 5278 628 5332 διδάσκου
654 5294 668 5308 ⁸
697 5276 791 5331 καὶ
822 5273 900 5346 τῷ
959 5274 1198 5346 σχήματι
1227 5270 1305 5342 τῷ
1337 5265 1582 5338 αἰσθητῷ
1628 5265 1718 5319 τὸν
1772 5263 1955 5333 ἕτερον

2071 5261 2239 5332 diget.
2271 5258 2456 5330 Turpe
2495 5269 2581 5316 est
2616 5259 2880 5330 magistro
2935 5272 2998 5313 ex
3056 5254 3401 5326 transcriptis
3443 5253 3655 5326 paginis

379 5369 640 5424 παιδεῦον
669 5369 769 5440 (5)⁶
806 5366 881 5440 μὴ
917 5364 1181 5420 ἐπιλάθου
1211 5361 1306 5416 τοῦ
1347 5361 1652 5430 φάσκοντος
1677 5375 1691 5388 ο
1719 5357 1839 5409 Οἰνκ
1859 5352 1961 5408 ἀπ’

2073 5353 2404 5408 documenta
2433 5352 2669 5418 tradere,
2702 5360 2858 5420 turpe
2883 5347 3078 5420 pictori
3121 5363 3188 5402 ex
3230 5347 3425 5403 alienis
3457 5346 3655 5402 tabulis

377 5438 730 5530 ἀνθρώπωκ,
958 5444 1034 5512 δί’
1077 5455 1404 5525 ἀνθρώπων
1453 5453 1554 5524 τὴν
1612 5448 1964 5505 διδασκαλίαν

2075 5461 2204 5500 suas
2236 5444 2566 5501 describere.
2603 5443 2706 5510 Qui
2752 5442 3038 5498 inferiores
3081 5441 3266 5508 doces,
3293 5454 3324 5494 a
3362 5438 3658 5510 superiori-

457 5656 484 5684 ι
516 5643 708 5701 Matth.
756 5662 876 5711 xxx,
902 5643 993 5698 30.

450 5757 473 5790 ι
505 5757 616 5815 Alii
644 5758 808 5816 codd.
837 5777 923 5824 τις
946 5755 1084 5813 ﬁeri.
1119 5753 1196 5826 (a)
1225 5751 1362 5810 Vide
1387 5751 1448 5807 D.
1487 5749 1778 5822 Augustin.
1815 5748 1909 5804 lib.
1966 5764 2024 5805 ιι.

1225 5751 1362 5810 Vide
1387 5751 1448 5807 D.
1487 5749 1778 5822 Augustin.
1815 5748 1909 5804 lib.
1966 5764 2024 5805 ιι.
2076 5745 2206 5803 Gen.
2257 5745 2326 5801 ad
2377 5744 2486 5810 lin,
2537 5757 2658 5813 cap.
2698 5740 2787 5795 42.
