4030 6438
431 261 568 328 1167

1701 272 1759 330 s.
1799 273 2118 335 JOANNIS
2151 235 2458 342 CLlMACI

3557 302 3707 370 116.3

431 374 536 427 bus
566 386 630 426 ex
665 370 774 425 alto
811 371 1062 438 doccare,
1107 388 1207 428 nec
1240 388 1335 443 per
1365 389 1611 440 sensum,
1643 379 1736 432 sed
1759 379 2003 448 spiritum

431 463 714 485 ξ..-ι2ι---..-
746 462 816 485 l_\
869 461 982 485 RL...
1014 471 1061 485 ιΑ
1100 462 1262 485 l_-_2-.
1319 465 1445 485 ξιιμ]
1488 463 1641 485 τι--,1ο
1768 467 1814 485 ιγ
1982 473 1994 485 ι

2121 387 2413 485 παιδεύων.
2449 393 2522 446 Οὐ
2555 394 2662 466 γὰρ
2695 396 2904 467 πέφυκε
2932 399 3000 454 τὰ
3027 403 3194 471 κάτω,
3225 408 3295 459 τὰ
3319 411 3494 479 χαμαὶ
3530 412 3703 485 θεραο

429 463 717 516 instituare
745 462 838 531 (ιι).
869 461 984 516 Non
1014 471 1065 518 te
1099 462 1267 533 fugiat
1319 465 1445 519 illud
1488 463 1642 521 Pauli
1691 485 1706 524 :
1758 467 1884 523 Non
1940 473 2005 524 ab

429 555 747 620 hominibus,
780 571 940 624 neque
1003 570 1094 624 per
1132 555 1392 609 hominem
1439 557 1742 612 doctrinam
1777 560 2005 615 docens:

429 645 597 700 Terra
630 660 736 699 non
764 645 965 701 excolit
992 645 1190 700 ccelum
1220 663 1233 700 :
1263 646 1597 717 gubernator
1639 642 1851 720 peritus
1887 667 2004 708 ser-

426 746 518 792 vat
562 737 804 807 puppim;
860 745 1048 805 pastor
1102 736 1279 793 bonus
1347 739 1732 811 intelligentem
1787 758 2004 815 gregem

411 815 640 883 recreat
679 835 735 882 et
778 836 955 881 curat.
987 826 1108 893 Quo
1141 839 1329 898 pastor
1359 829 1811 901 obsequentiores
1843 835 2005 891 habet

426 935 575 984 oves,
608 921 712 974 hoc
735 920 1063 974 severiorem
1125 920 1192 975 de
1235 921 1345 976 illis
1388 923 1769 991 patrifamilias
1817 928 2004 984 reddet

422 1013 710 1067 rationem.
762 1009 925 1082 565
970 1010 1111 1066 Oves
1163 1023 1444 1070 cessantes
1507 1024 1562 1070 et
1603 1016 1716 1072 otio
1763 1018 2004 1090 luxuque

420 1105 723 1161 difﬂuentes
776 1107 1061 1160 verborum
1095 1109 1330 1163 convitio
1365 1110 1663 1166 everberet.
1711 1112 1808 1168 Est
1850 1115 1998 1169 enim

419 1207 472 1252 et
495 1198 729 1253 hoclveri
752 1198 986 1268 pastoris
1005 1199 1336 1269 symbolum,
1365 1201 1410 1254 si
1445 1210 1580 1270 tum,
1605 1220 1728 1259 cum
1755 1214 1998 1262 armenta

417 1306 482 1343 ex
511 1290 722 1346 ardoris
744 1297 902 1356 aestu,
937 1305 1034 1345 seu
1065 1291 1245 1360 potius
1276 1294 1520 1364 corporis
1549 1293 1839 1362 incendiis,
1866 1313 1998 1354 con-

417 1383 602 1437 nivet‘e
625 1382 812 1438 animo
840 1382 1128 1453 incipiunt,
1163 1385 1435 1441 attentius
1454 1402 1553 1456 pro
1593 1388 1697 1444 illis
1722 1398 1776 1445 et
1800 1390 1997 1447 arden-

415 1475 600 1528 tiusin
629 1475 830 1531 caelum
863 1477 1106 1531 intentus
1139 1476 1343 1548 vigilet.
1390 1479 1581 1535 Solent
1626 1482 1772 1536 enim
1809 1483 1864 1537 in
1904 1485 1997 1540 illo

415 1567 628 1623 fervore
683 1582 790 1621 non
841 1583 1028 1637 paucae
1062 1583 1190 1625 oves
1220 1585 1250 1624 a
1281 1570 1426 1640 lupis
1451 1571 1872 1645 (Aelieronticis)
1910 1577 1996 1632 di-

413 1660 520 1729 ripi
551 1668 605 1714 et
637 1659 907 1714 devorari.
945 1660 1010 1714 Et
1039 1675 1169 1716 vero
1199 1677 1325 1716 cum
1388 1663 1442 1716 in
1502 1664 1596 1718 illo
1643 1665 1882 1722 incendii
1911 1669 1994 1725 la-

2117 477 2302 530 πεύειν
2336 483 2466 535 ποτέ
2501 499 2514 513 ·
2537 484 2741 552 ἀγαθὸς
2770 491 3112 564 κυσερνήτης
3156 477 3410 552 διασώσει
3463 477 3653 558 πλοῖον
3685 522 3700 535 ο

2114 569 2397 668 καὶηκαλὸς
2448 576 2654 648 ποιμὴν
2699 579 3024 652 ζωοποιήσει
3053 586 3149 639 καί⁵
3205 588 3415 644 ἰάσεται
3443 593 3704 668 τὰνοερὰ

2114 658 2382 728 πρόϐατα.
2419 663 2556 716 Καθ’
2589 666 2712 720 ὅσον
2735 669 2803 721 τὰ
2825 671 3072 741 πρόϐατα
3126 678 3345 748 ποιμένι
3393 658 3702 756 ἀπαραλέί-

2113 765 2263 814 πτως
2293 756 2644 826 προκόψαντα
2669 762 3045 834 ἀκολουθοῦσι,
3086 771 3227 824 κατὰ
3254 775 3508 831 τοσοῦτον
3552 781 3702 854 ὑπὲρ

2111 841 2288 944 αὐτῶν
2311 845 2387 916 τῷ
2421 849 2772 925 οἰκοδεσπότῃ
2801 856 3225 929 ἀπολογήσεται.
3285 865 3568 933 Λιθαζέτω
3617 841 3703 944 τῶ

2109 933 2297 1034 ξόγῳό
2326 941 2530 1011 ποιμὴν
2565 944 2750 1034 καὶτὰ
2775 947 2835 1015 ἐξ
2891 950 3154 1022 όκνηρίας
3183 956 3216 1026 ἢ
3245 933 3702 1034 γαστριμαργίας

2105 1023 2451 1121 ἀπομενοντα
2499 1032 2750 1101 πρόϐατα
2782 1052 2796 1065 ·
2826 1037 2941 1092 ἔστι
2987 1041 3096 1114 γὰρ
3137 1023 3232 1098 καί
3257 1023 3698 1121 ήτοῦταὰαξαθοῦ

2108 1115 2364 1186 ποιμένος
2447 1123 2768 1194 τεκμήριον,
2815 1128 3016 1184 ὁπόταν
3067 1133 3134 1186 τὰ
3189 1136 3438 1205 πρόϐατα
3494 1115 3562 1197 ἐκ
3595 1145 3695 1201 τοῦ

2108 1207 2350 1278 φλογμοῦ
2383 1211 2474 1265 τοῦ
2501 1215 2802 1287 καύματος,
2843 1222 3042 1290 μᾶλλον
3072 1224 3129 1277 δὲ
3157 1228 3253 1280 τοῦ
3287 1232 3564 1303 σώματος,
3595 1256 3695 1289 νυ-

2108 1300 2324 1364 στάζειν
2359 1307 2422 1375 τῇ
2473 1305 2616 1381 ψυχῇ
2645 1309 2932 1382 ἄρξωνται,
2966 1315 3089 1368 τότε
3137 1300 3509 1393 σφοδροτέρως
3547 1326 3694 1398 ὑπὲρ

2105 1393 2283 1446 αὐτῶν
2317 1396 2471 1490 ἱερὸς
2511 1399 2603 1452 τὸν
2641 1400 2874 1490 ,οὐρανὸν
2913 1405 3058 1476 ὁρῶν
3083 1409 3112 1460 ὁ
3145 1411 3348 1483 ποιμὴν
3409 1393 3692 1490 γρηγορήξ

2105 1496 2268 1536 σειεν.
2317 1483 2555 1541 Εἱώθασι
2592 1488 2703 1560 γὰρ
2748 1493 2892 1547 κατὰ
2913 1495 3006 1550 τὸν
3050 1500 3242 1570 καιρὸν
3285 1503 3377 1556 τοῦ

2103 1572 2335 1666 ἐκείνου,
2376 1577 2564 1666 πολλὰ
2624 1579 2945 1654 λυκόϐρωτα
3004 1587 3280 1656 γίνεσθαιο
3315 1591 3452 1666 πλὴν
3493 1597 3545 1649 εί

2101 1661 2238 1716 αὐτὰ
2263 1664 2399 1719 κατὰ
2422 1667 2513 1721 τὸν
2550 1669 2708 1734 ὲκτὸς
2722 1671 2781 1725 ὲν
2811 1676 2924 1739 τοῖς
2956 1677 3248 1748 προϐάτοις
3284 1661 3560 1755 ὁρώμενον
3592 1689 3690 1741 τύ-

398 1753 548 1807 bore
597 1751 860 1824 [ardore],
898 1753 966 1807 ad
995 1753 1218 1808 modum
1261 1754 1354 1850 qui
1393 1757 1632 1812 exterius
1661 1769 1886 1830 apparet
1935 1762 1988 1818 in

2097 1771 2229 1850 πον,
2253 1757 2352 1850 την
2381 1760 2625 1834 κεφαλὴν
2656 1765 2754 1834 τῆς
2782 1764 2964 1840 ψυχῆς
2991 1772 3051 1826 ὲν
3085 1773 3164 1845 τῷ
3194 1751 3372 1848 καιρῷ
3400 1751 3519 1832 ’τοῦ
3549 1780 3685 1850 φλο-

383 1867 389 1872 ι
412 1844 607 1900 ovibus
630 1844 808 1915 capita
831 1847 1140 1899 animorum
1166 1835 1492 1916 proclinant,
1514 1857 1678 1919 atque
1700 1851 1753 1906 in
1787 1861 1988 1910 terram

410 1937 758 2005 promittunt,
783 1935 1048 1992 habemus
1072 1938 1164 2008 qui
1190 1951 1292 1992 nos
1316 1939 1542 1995 soletur.
1576 1941 1684 1998 Cor
1704 1946 1991 2001 contritum

407 2039 457 2083 et
486 2030 825 2085 humiliatum
875 2029 1012 2083 Deus
1061 2045 1164 2084 non
1193 2030 1440 2096 despiciet
1469 2031 1560 2103 (c).
1591 2032 1824 2100 Quando
1858 2053 1989 2109 ergo

408 2122 555 2192 gregi
604 2121 1080 2192 perturbationum
1131 2121 1298 2176 animi
1337 2130 1392 2178 et
1442 2130 1828 2196 tempestatum
1879 2144 1988 2185 nox

407 2212 629 2266 incubat
661 2220 801 2276 atra,
835 2213 1147 2281 coelumque
1179 2226 1341 2268 omne
1379 2216 1836 2284 contenebrescit,
1867 2227 1982 2275 tum

404 2316 594 2356 canem
625 2301 745 2358 sine
786 2301 1020 2356 tumultu
1068 2301 1276 2358 colloca
1325 2302 1381 2356 in
1437 2315 1764 2361 nocturnam
1799 2303 1984 2364 custo-

401 2380 570 2455 diam,
598 2391 691 2462 qui
717 2392 936 2448 assidue
967 2394 1163 2449 clamet
1200 2395 1269 2450 ad
1307 2395 1502 2454 Deum.
1536 2395 1647 2452 Nec
1672 2412 1803 2454 vero
1859 2412 1986 2468 pro-

2089 1845 2231 1916 γμοῦ
2257 1849 2407 1903 κάτω
2441 1852 2518 1916 είς
2545 1854 2650 1925 γῆν
2682 1857 2950 1915 κλίνουσιν
2970 1861 3068 1934 (4),
3092 1845 3398 1937 ἔχομεν-τὸν
3418 1845 3646 1927 εἰπόντα
3665 1888 3688 1905 θ

2087 1937 2353 2006 Καρδίαν
2394 1949 2920 2021 συντετριμμένην
2968 1955 3068 2011 καὶ
3097 1961 3621 2030 τεταπεινωμένην
3649 1967 3684 2017 ό

2089 2031 2233 2097 Θεὸς
2277 2035 2388 2088 οὐκ
2416 2036 2812 2102 ἐξουδενώσει
2839 2060 2853 2074 '
2889 2047 3108 2112 σκοτίας
3139 2050 3234 2103 καὶ
3264 2053 3458 2116 νυκτὸς
3490 2055 3682 2109 παθῶν

2085 2121 2499 2198 καταλαϐούσης
2522 2129 2620 2200 τὴν
2645 2132 2904 2207 ποίμνην,
2936 2137 3086 2210 ὄριζε
3113 2142 3386 2212 ἀκινήτως
3413 2144 3503 2198 τὸν
3539 2145 3683 2200 κύνα

2091 2214 2230 2284 πρὸς
2263 2215 2415 2283 Θεὸν,
2453 2221 2537 2283 et:
2578 2221 2676 2294 την
2728 2228 3049 2301 νυκτερινὴν
3106 2231 3351 2306 φυλακήν
3378 2251 3392 2266 ·
3421 2235 3575 2290 οὐδὲν
3616 2239 3680 2293 δὲ

2091 2307 2318 2371 ἀπεικὸς
2371 2308 2462 2364 τὸν
2518 2311 2609 2366 σὺν
2662 2314 2788 2372 νοῦν
2833 2321 3046 2391 νοήσεις
3090 2324 3180 2379 τὸν
3225 2327 3518 2400 ἀναιρέτην
3565 2329 3679 2384 τῶν

2094 2399 2317 2471 θηρίων.

402 2483 489 2538 cut
545 2483 850 2551 aberrabis,
931 2485 977 2540 si
1053 2487 1298 2542 animum
1359 2497 1511 2544 tuum
1565 2489 1746 2560 (quasi
1804 2489 2038 2548 alterum
2076 2489 2391 2567 Herculem)
2439 2506 2813 2558 monstrorum
2876 2513 2931 2559 et
3002 2504 3247 2565 ferarum
3301 2512 3676 2570 coniectorem

399 2575 766 2632 existimabis.

1000 2694 1068 2752 ΙΝ
1123 2695 1274 2753 CAP.
1340 2697 1382 2753 Ι.

1018 2809 1269 2866 Scholion
1307 2813 1357 2866 1.

464 2901 679 2972 Corpus
705 2917 896 2957 sanum
930 2903 1021 2959 hic
1049 2919 1160 2960 non
1188 2904 1472 2976 intelligit,
1516 2907 1661 2977 quod
1707 2922 1773 2963 ex
1798 2916 1978 2964 muta-

396 2993 544 3048 tione
568 3001 663 3049 aut
695 2993 1091 3049 elementorum
1135 2996 1503 3052 redundantia
1535 2997 1716 3054 nullos
1756 2998 1982 3055 morbos

2611 2707 2719 2759 ΕΙΣ
2757 2708 3006 2765 ΚΕΦΛΛ.
3041 2711 3118 2765 A'.

2700 2817 2748 2869 Σ
2750 2817 2964 2883 χόλων
2986 2824 3060 2874 α’.

2150 2901 2317 2973 Σῶμα
2363 2902 2556 2958 ἄνοσον
2614 2906 2851 2963 ἐνταῦθά
2902 2927 3092 2981 φησιν,
3126 2913 3185 2966 ού
3216 2917 3276 2967 τὸ
3319 2917 3396 2988 μὴ
3457 2918 3672 2992 πάσχον

2078 2994 2366 3051 ἀσθένειαν
2386 2998 2450 3052 ἐκ
2478 3005 2862 3074 παρατροπῆς,
2886 3003 2919 3075 ἢ
2945 3004 3290 3078 πλεονασμοῦ
3322 3009 3432 3062 τῶν
3461 2994 3673 3067 συσταο
3751 3037 3772 3051 ι

393 3085 718 3140 contrahere
743 3085 900 3152 solet,
931 3087 1023 3142 sed
1042 3088 1189 3158 quod
1216 3103 1411 3146 omnes
1428 3103 1627 3160 pravas
1653 3090 1978 3160 cupiditates

2095 3087 2251 3142 mtth
2301 3090 2580 3161 στοιχείων
2605 3109 2616 3122 ·
2659 3093 2793 3148 ἀλλὰ
2823 3095 2886 3148 τὺ
2912 3085 3280 3169 ἐκδυσάμενον
3329 3101 3430 3167 τὰς
3467 3104 3668 3158 ὲπιθυ-

391 3186 448 3231 et
499 3177 802 3247 voluptates
851 3179 1157 3250 repudiavit
1209 3189 1265 3236 et
1331 3183 1526 3248 exuit,
1578 3197 1813 3253 quaeque
1871 3183 1976 3239 has

393 3270 675 3339 sequitur.,
726 3273 1112 3342 corruptelam.
1162 3271 1636 3340 Quemadmodum
1698 3275 1862 3328 etiam
1916 3274 1972 3328 in

392 3361 566 3431 gradu
618 3361 688 3416 de
730 3363 1124 3432 tranquillitate
1178 3364 1347 3418 animi
1399 3364 1605 3418 docuit.
1656 3363 1812 3419 lllum
1855 3379 1976 3420 esse

389 3452 610 3524 proprie
628 3453 897 3509 victorem
928 3455 1285 3526 cupiditatum
1321 3457 1588 3524 omnium,
1625 3459 1720 3528 qui
1767 3474 1971 3529 corpus

391 3547 459 3599 ad
484 3545 953 3617 incorruptionem
984 3546 1202 3604 reduxit
1233 3557 1286 3605 et
1311 3548 1558 3604 animum
1603 3563 1771 3620 supra
1809 3561 1973 3606 natu-

389 3653 508 3694 ram
540 3648 780 3695 creatam
806 3641 1009 3696 evexit.

1013 3731 1264 3790 Scholion
1293 3736 1346 3791 2.

460 3821 566 3890 Qui
596 3837 704 3878 non
735 3822 965 3879 docetur
991 3839 1020 3880 a
1044 3823 1178 3893 Deo,
1215 3826 1310 3882 sed
1352 3827 1535 3884 adhuc
1562 3835 1779 3884 terrena
1806 3827 1967 3900 sapit,

386 3915 664 3984 quomodo
708 3914 814 3972 sibi
853 3916 1060 3973 similes
1106 3915 1274 3990 466
1316 3921 1533 3976 curabit
1569 3942 1582 3977 :
1618 3919 1802 3976 Caecus
1831 3920 1972 3976 enim

384 4008 433 4062 si
475 4024 611 4064 caeco
657 4012 908 4064 ducatum
958 4021 1210 4080 proruet,
1266 4011 1511 4067 amboin
1572 4013 1775 4083 foveam
1836 4013 1969 4067 inci-

379 4100 506 4155 dent
525 4111 573 4157 ο.

986 4196 1244 4254 Scholion
1292 4200 1346 4254 '5.

445 4283 698 4341 'Alterum
753 4286 869 4344 sive
918 4287 1200 4358 spirituale
1242 4308 1255 4344 :
1299 4290 1765 4360 quemadmodum
1814 4291 1960 4347 enim

381 4385 437 4428 tu
471 4377 768 4448 discipulos
804 4379 968 4436 doces
1025 4395 1122 4451 per
1169 4395 1414 4448 sensum,
1451 4382 1536 4438 ita
1566 4389 1640 4450 te,
1677 4381 1841 4451 Deus,
1870 4395 1965 4450 per

358 4477 641 4523 anentem.

998 4762 1220 4821 CAPUT
1259 4765 1336 4820 ‘ll.

2082 3181 2212 3251 μίας
2231 3181 2330 3246 τὰς
2366 3184 2682 3255 ήδυπαθεῖς,
2711 3187 2806 3240 καὶ
2834 3187 2934 3259 τὴν
2955 3189 3018 3242 ἐκ
3060 3189 3267 3247 τούτων
3307 3194 3534 3266 φθοράι.
3573 3197 3667 3262 Ὠς

2077 3272 2182 3345 ἔφη
2221 3277 2315 3329 καὶ
2341 3277 2398 3330 ὲν
2433 3277 2510 3348 τῷ
2535 3279 2673 3351 Περὶ
2717 3280 3018 3346 ἀπαθείας·
3042 3287 3124 3339 ὅτι
3179 3287 3396 3359 ἀπαθὴς
3457 3290 3669 3361 κυρίως

2077 3366 2246 3434 ἐστὶν,
2265 3368 2294 3420 ὁ
2329 3368 2428 3439 τὴν
2454 3372 2634 3441 σάρκα
2665 3372 2764 3441 μὲν
2789 3373 3293 3450 ἀφθαρτοποιήσας,
3323 3381 3414 3435 τὸν
3442 3381 3499 3436 δὲ
3527 3382 3660 3439 νοῦν

2075 3456 2174 3526 τῆς
2215 3459 2446 3524 κτίσεως
2468 3461 2780 3530 ἁνυψὼσας.

2642 3735 2895 3803 Σχόλιον
2926 3739 3005 3802 β’.

2154 3823 2215 3877 '0
2274 3821 2350 3894 μὴ
2401 3824 2610 3878 ἄνωθεν
2649 3825 3075 3899 διδασκόμενος,
3110 3831 3246 3886 ἀλλὰ
3293 3833 3385 3887 καὶ
3416 3833 3484 3888 τὰ
3502 3838 3659 3892 κάτω

2073 3913 2154 3970 ἔτι
2187 3915 2421 3988 φρονῶν,
2458 3917 2576 3982 πῶς
2606 3919 2730 3982 τοὺς
2751 3920 2971 3990 ὁμοίους
2996 3922 3204 3978 ἰάσεται
3228 3928 3492 3996 ’Τυφλὸς
3516 3929 3657 3999 γὰρ,

2073 4006 2227 4076 φησὶ,
2257 4006 2494 4076 τυφλὸν
2517 4008 2628 4063 ἐὰν
2651 4009 2866 4080 ὁδηγῇ,
2903 4013 3224 4085 ἀμφότεροι
3249 4018 3334 4082 εις
3378 4019 3658 4084 ,ϐόθυνον

2071 4099 2497 4170 ἐμπεσοῦνται.
2550 4129 2552 4132 ν
3520 4131 3525 4136 τ

2659 4198 2918 4268 Σχόλιον
2942 4206 3011 4270 γ’.

2139 4287 2211 4339 Τὸ
2281 4287 2469 4360 ἕτερον
2495 4332 2508 4356 ,
2539 4289 2707 4361 ἤγουν
2747 4289 2810 4343 τὺ
2862 4295 3232 4364 πνευματικόν
3257 4313 3273 4329 ·
3303 4297 3378 4362 ὡς
3424 4298 3534 4372 γὰρ
3583 4301 3650 4354 σὺ

2066 4381 2192 4443 τοὺς
2242 4379 2493 4452 μαθητὰς
2537 4383 2814 4449 παιδεύεις
2861 4386 3158 4459 αἰσθητῶς,
3220 4389 3392 4456 οὕτως
3447 4393 3540 4447 καὶ
3587 4394 3648 4448 σὲ

1994 4461 2040 4517 D
2068 4469 2272 4542 νοητῶς
2292 4472 2321 4524 ὁ
2353 4471 2501 4537 Θεός.

2634 4768 2886 4824 ΚΕΦΑΛ.
2923 4771 2997 4824 Β’.

1225 4855 1452 4926 Largius
1480 4858 1761 4926 exponitur
1790 4859 1979 4914 medici
2008 4866 2056 4915 et
2087 4855 2463 4912 emnobiarchw
2488 4858 2802 4916 similitudo.

450 4939 752 5013 Benignum
787 4957 920 4998 sane
945 4959 1146 4999 numen
1183 4956 1238 5002 et
1270 4947 1374 5003 hoc
1403 4959 1615 5004 naturte
1641 4950 1858 5017 indidit,
1901 4960 1962 5007 ut

373 5043 535 5103 aeger,
591 5033 843 5103 quamvis
882 5049 913 5088 a
965 5035 1178 5092 medico
1219 5036 1455 5094 fortasse
1501 5039 1639 5094 nihil
1693 5041 1813 5110 opis
1859 5056 1953 5096 ac-

368 5132 664 5194 cepturus,
722 5133 944 5195 aspectu
994 5135 1174 5182 tamen
1217 5129 1337 5199 ipso
1375 5139 1430 5185 et
1475 5131 1760 5200 praesentia
1806 5131 1952 5187 illius

375 5219 673 5265 recreetur.
710 5211 784 5266 Et
807 5221 861 5266 tu
887 5213 968 5266 vir
992 5213 1352 5272 admiratione
1376 5219 1570 5272 merito
1588 5218 1952 5288 suspiciende,

377 5295 460 5351 lac
485 5305 543 5350 ut
571 5309 882 5367 comparata
929 5301 1132 5356 habeas
1184 5304 1608 5358 medicaminum
1659 5305 1946 5360 amuleta:

373 5377 935 5462 emplastra,inquam,
952 5394 1677 5467 vulneraria,cataplasmata
1700 5405 1753 5450 et
1770 5397 1956 5466 pulve-

441 5565 668 5624 bGalat.
699 5585 735 5635 ι,
777 5571 830 5626 5.
909 5582 932 5609 ο
987 5571 1133 5628 Psal.
1185 5537 1360 5641 μιν.
1437 5573 1682 5630 dMatth.
1713 5593 1803 5644 xy,
1846 5549 1941 5635 tt.

2123 4951 2346 5016 Φύσεως
2405 4952 2601 5024 ἰδίωμα
2657 4954 2750 5009 καὶ
2792 4954 2948 5010 τοῦτο
2990 4957 3046 5029 ὁ,
3074 4957 3277 5027 ἀγαθὸς
3330 4961 3488 5032 ἡμῶν
3544 4982 3638 5019 πε-

2059 5043 2256 5114 ποίηκε
2288 5041 2524 5114 Κύριος,
2553 5043 2634 5098 ἵνα
2669 5045 2759 5099 τὸν
2797 5048 2979 5119 ίατρὺν
3013 5050 3201 5122 ὁρῶνὸ
3222 5052 3392 5106 νοσῶν
3411 5055 3640 5126 εὐφραί-

2057 5152 2216 5204 νηται
2241 5134 2348 5204 (1)’
2387 5133 2537 5200 ἴσως,
2567 5136 2615 5189 εί
2644 5139 2740 5192 καὶ
2771 5138 2937 5209 μηδὲν
2969 5145 3095 5213 παρ’
3121 5143 3283 5198 αὐτοῦ
3317 5145 3633 5216 ὠφελεῖταιο

2057 5221 2294 5292 κέκτησο
2339 5223 2434 5275 καὶ
2482 5224 2567 5288 σὺ,
2599 5217 2643 5278 ὦ
2683 5225 2976 5298 θαυμάσιε,
3026 5232 3387 5306 ἓμπλαστρα,
3448 5237 3632 5308 ξηρία,

2059 5311 2366 5400 κολλούρια,
2401 5313 2560 5383 ποτὰ,
2610 5318 2906 5388 σπόγγους,
2965 5325 3249 5395 ἀναυσίαν,
3299 5327 3629 5400 φλεϐότομα,

2063 5399 2400 5471 καυστῆρας,
2433 5401 2768 5479 ἀλείμματα,
2789 5411 3126 5487 ύπνωτήρια,
3151 5419 3450 5493 μάχαιραν,
3477 5399 3638 5478 κατα·
3749 5431 3752 5434 ’

441 5677 517 5744 (a)
586 5677 653 5732 Et
708 5679 762 5734 in
805 5681 976 5737 forma
1028 5684 1269 5740 sensibili
1329 5684 1384 5738 in
1433 5701 1496 5744 eo
1539 5689 1682 5758 quod
1733 5706 1844 5747 non
1893 5703 1976 5752 est
2025 5699 2283 5758 sensibile
2336 5702 2646 5766 instituare.
