4030 6450
305 447 444 511 1169

1505 453 1738 513 LIBER
1775 455 1876 516 AD
1913 457 2330 519 PASTOREM.

3436 425 3566 525 nio

301 553 555 630 δεσμους.
589 559 652 612 El
675 557 733 612 δὲ
762 558 968 612 τούτων
1012 559 1346 632 ἀποροῦμεν,
1377 558 1494 625 πῶς
1521 561 1620 631 τὴν
1661 563 1887 634 ἐπιστή-

1990 578 2099 632 res,
2121 564 2369 639 collyria,
2394 567 2766 636 purgationes,
2793 567 3065 639 spongias,
3094 569 3356 624 anausian
3381 582 3570 624 contra

301 669 416 724 μην
472 650 876 722 ἐνδειξώμεθα;
913 651 1215 722 Οὐδαμῶς·
1248 653 1310 705 οὐ
1365 653 1474 724 γὰρ
1521 652 1716 722 λόγων,
1767 653 1882 707 ἀλλ’

297 744 480 816 ἔργων
506 744 558 796 οἱ
587 743 770 815 μισθοὶ
793 743 1025 798 δίδονται
1047 743 1543 817 (9.).Ἐμπλαστρόν
1564 749 1712 800 ἐστιν
1742 747 1884 811 ῐασις

298 835 494 890 παθῶν
538 835 854 907 ὁρωμένων,
910 837 1080 907 ἧγουν
1141 837 1489 907 σωματικῶν.
1532 839 1688 902 Δόσις
1737 840 1885 893 ἐστὶν

299 927 450 990 τασις
487 925 677 980 παθῶν
699 927 807 981 τῶν
837 926 1007 992 ἐντός,
1039 927 1133 981 καὶ¹
1158 927 1384 992 κένωσις
1432 927 1605 999 ῥύπου
1629 929 1884 999 ἀοράτου.

293 1017 500 1089 Ξηρίον
526 1016 646 1071 ἐστὶ
688 1017 883 1083 ἀτιμία
909 1017 1200 1081 δάκνουσα,
1233 1018 1324 1072 καὶ
1357 1019 1598 1089 οἰήσεως
1616 1019 1886 1089 σηπεδόνα

297 1109 703 1180 θεραπεύουσα.
737 1106 1066 1179 Κολλούριόν
1105 1110 1254 1162 ἐστιν
1291 1108 1367 1180 (5)
1400 1107 1679 1179 ὀφθαλμοῦ
1710 1110 1888 1180 ψυχῆς

294 1199 424 1262 νοὸς
451 1197 738 1269 κάθαρσις,
774 1199 837 1251 ἐκ
865 1197 1142 1263 θολώσεως
1165 1199 1335 1270 θυμοῦ
1356 1200 1740 1270 ταραχθέντος.
1785 1202 1890 1253 Πο-

294 1290 396 1344 τόν
431 1291 545 1343 ἐστι
583 1288 862 1358 στύφουσα
884 1290 1196 1360 ὲπίπληξις,
1224 1293 1318 1345 καὶ
1354 1291 1472 1362 μετ’
1509 1291 1689 1360 ὀλίγον
1721 1291 1888 1362 θερα-

299 1382 570 1438 πεύουσα.
631 1381 965 1451 Φλεὸότομόν
1009 1383 1127 1435 ἐστι
1165 1382 1429 1452 σύντομος
1478 1384 1705 1446 κένωσις
1753 1383 1890 1448 ὀζω-

298 1473 426 1537 δίας
452 1473 696 1543 ἀφανοῦς
725 1491 739 1504 ·
760 1473 1092 1545 φλεϐότομόν
1115 1477 1232 1528 ἐστι
1255 1476 1458 1546 κυρίως
1489 1476 1777 1547 ὲπιτατικὴ
1794 1475 1889 1529 κα)⁴

298 1567 580 1638 ἀπότομος
640 1568 886 1632 ἑπένεξις
939 1569 1018 1632 εἰς
1071 1571 1344 1641 σωτηρίαν
1407 1570 1515 1624 τῶν
1568 1570 1883 1626 νοσούντων.

305 1657 558 1726 Σπόγγος
589 1658 742 1713 ἐστὶν
768 1660 802 1730 ἡ
841 1659 984 1727 μετά
1028 1659 1126 1730 τὴν
1178 1661 1594 1732 φλεϐοτομίανῆ
1637 1678 1888 1732 χειρουρ-

302 1747 456 1814 γίαν,
487 1746 577 1800 διά
598 1747 888 1820 προσηνῶν
922 1748 1017 1802 καὶ
1063 1749 1242 1817 ἠπίων
1299 1749 1478 1816 λόγων
1514 1750 1608 1803 καὶ
1664 1749 1888 1803 ἁπαλῶν

301 1835 401 1888 τοῦ
439 1836 622 1908 ἰατροῦ
662 1837 721 1890 ὲν
756 1837 834 1908 τῷ
865 1838 1106 1892 νοσοῦντι
1151 1839 1415 1910 Θεραπεία
1438 1841 1531 1894 καὶ
1565 1841 1883 1910 κατάψυξις.

306 1927 535 1999 Καυτήρ
555 1930 576 1959 ί
603 1929 750 1982 ἐστιν
771 1930 895 2000 ὅρος
924 1931 1018 1983 καὶ
1048 1931 1318 2000 ἐπιτίμιον
1343 1933 1422 1994 είς
1444 1932 1730 2000 μετάνοιαν
1751 1931 1887 2002 πρὸς

309 2017 500 2086 χρόνον
555 2017 830 2089 διδόμενον
874 2019 1302 2090 φιλανθρώπωςο
1357 2020 1600 2092 ἄλειμμά
1654 2024 1822 2086 ἐστιν,
1851 2022 1885 2092 ή

320 2107 462 2177 μετά
479 2109 567 2162 τὸν
595 2110 900 2182 καυτῆραῆ
935 2111 1024 2164 διὰ
1053 2111 1231 2180 λόγου,
1265 2111 1406 2182 ῆδιά
1435 2114 1640 2183 μικρᾶς
1704 2126 1886 2183 παρα·

313 2198 561 2269 κλήσεως
593 2202 933 2274 ἐπιτιθεμένη
956 2201 1034 2273 τῷ
1055 2203 1296 2258 νοσοῦντι
1314 2203 1654 2273 παραμυθία.
1674 2204 1886 2257 Ὑπνωσ-

306 2291 464 2344 τικόν
525 2292 638 2345 ἐστι
684 2291 742 2346 τὸ
775 2293 994 2364 φορτίον
1039 2294 1132 2346 τοῦ
1197 2294 1436 2364 ὑπηκόου
1492 2294 1884 2359 ἀναδέξασθαι,

304 2381 405 2433 καὶ
442 2379 533 2433 διά
569 2381 670 2452 τῆς
718 2383 1000 2454 ὑποταγῆς
1045 2384 1352 2440 ἀνάπαυσιν
1401 2386 1552 2454 αύτῴ
1583 2386 1676 2438 καὶ
1720 2384 1887 2438 ὕπνον

299 2470 533 2538 ἄϋπνον,
558 2474 652 2526 καὶ
680 2472 952 2544 τύφλωσιν
971 2475 1125 2528 ὁσίαν
1166 2472 1260 2528 τοῦ
1300 2476 1374 2545 μὴ
1415 2474 1635 2544 βλέπειν
1664 2475 1733 2528 τὰ
1760 2477 1888 2528 ἑαυ-

299 2561 403 2614 τοῦ
440 2561 581 2616 καλά
611 2563 964 2636 χαρίσασθαι.
1013 2565 1363 2636 Κατάδεσμοί
1391 2567 1519 2630 εἰσι,
1546 2567 1672 2628 τοὺς
1701 2568 1766 2635 τῇ
1797 2583 1890 2620 κε-

302 2655 518 2726 νοδοξία
544 2656 900 2728 ἐκλυομένους
923 2658 1017 2713 καὶ
1045 2659 1516 2729 κεχαυνωμένους,
1548 2658 1640 2712 καὶ
1672 2658 1738 2711 δι’
1763 2660 1891 2713 ὑπο-

305 2747 481 2817 μονῆς
507 2746 612 2811 ἕως
647 2747 875 2804 θανάτου
927 2748 1181 2820 στερεοῦν
1228 2750 1323 2804 καὶ
1353 2749 1723 2818 ἐπισφίγγειν.
1785 2749 1889 2801 Τέ-

305 2835 405 2899 λος
425 2835 480 2888 δὲ
509 2835 726 2890 πάντων
785 2838 1036 2910 μάχαιρά
1084 2841 1233 2893 ἐστιν
1291 2840 1414 2910 ὄρος
1463 2839 1556 2892 καὶ
1611 2839 1889 2907 ἀπόφασις

299 2927 406 2981 ἐπὶ
436 2929 644 3000 ἐκτομῇ
685 2929 1051 3001 νεκωθέντος
1100 2931 1347 3002 ψυχικῶς
1409 2931 1600 3000 μέλους
1622 2931 1714 2984 καὶ
1736 2947 1890 3002 σεση-

294 3017 494 3085 πότος,
525 3018 612 3074 ῐνα
649 3019 724 3091 μὴ
760 3022 857 3074 καὶ
878 3023 990 3086 τοῖς
1037 3021 1242 3085 λοιποῖς
1290 3023 1390 3092 τὴν
1439 3021 1642 3075 οἰκείαν
1698 3020 1889 3092 ψώραν

297 3109 634 3179 μεταδώσει.
680 3111 946 3182 Μακαρία
990 3113 1246 3177 ἁναυσία,
1313 3114 1370 3164 ἐν
1426 3114 1631 3182 ἰατροῖς
1682 3114 1775 3164 καὶ
1832 3115 1890 3165 ὲν

1988 633 2346 712 ιιιιυεέεηιεηι
2376 658 2746 728 stomachum,
2786 659 3152 730 phlebotoma,
3181 661 3495 716 adustiones
3519 672 3572 716 et

1987 749 2250 815 cauteria,
2267 757 2568 819 unguenta,
2591 750 2884 821 bypnotica
2907 752 3020 807 sive
3038 751 3337 825 soporifera
3354 754 3571 823 pocula,

1989 839 2196 896 ferrum
2213 840 2588 912 cbirurgicum
2606 852 2662 898 et
2682 845 2920 901 vincula.
2947 845 3160 912 Quibus
3187 847 3232 902 si
3258 861 3568 911 careamus,
3610 895 3618 909 ,

1988 930 2363 1000 poterimusne
2392 939 2636 987 nostram
2662 934 2963 990 medicandi
2997 937 3284 991 scientiam
3319 944 3570 990 testatam
3621 923 3627 936 ⁷

1989 1019 2202 1077 facere?
2232 1021 2459 1077 minime
2479 1038 2610 1078 vero
2638 1042 2652 1078 :
2681 1041 2858 1097 neque
2873 1028 3019 1082 enim
3045 1031 3226 1084 verbis
3246 1029 3461 1093 medici,
3479 1030 3572 1082 sed

1990 1114 2146 1172 factis
2191 1125 2247 1172 et
2282 1118 2660 1175 curationibus
2688 1133 2925 1177 sostrum
2968 1132 3023 1177 et
3050 1139 3261 1180 merces
3299 1124 3571 1193 penditur.

1993 1208 2357 1279 Emplastrum
2385 1218 2469 1265 est
2490 1211 2704 1267 curatio
2737 1214 2867 1268 mali
2898 1215 2950 1267 in
2985 1230 3210 1285 corpore
3231 1218 3572 1286 apparentis,
3619 1231 3621 1234 ·

1990 1300 2096 1356 hoc
2121 1311 2202 1356 cst
2225 1310 2537 1370 apertorum
2579 1303 2746 1357 animi
2777 1304 3051 1360 vitiorum.
3078 1305 3234 1361 Dosis
3255 1316 3305 1361 et
3333 1306 3572 1360 aiiectio-

1990 1409 2124 1448 num
2146 1393 2471 1448 interiorum
2494 1393 2765 1450 medicina
2791 1438 2804 1463 ,
2833 1397 2946 1451 sive
2976 1398 3218 1452 sordium
3295 1398 3572 1452 latentium

1989 1495 2043 1542 et
2065 1487 2294 1542 sentinae
2326 1486 2648 1544 exinanitio.
2674 1487 3016 1558 Cataplasma
3042 1498 3126 1546 est
3156 1488 3411 1543 mordens
3453 1489 3575 1544 aui-

1989 1608 2140 1648 mum
2161 1593 2459 1649 convitium
2483 1601 2537 1649 et
2561 1593 2910 1658 contumelia,
2930 1593 3131 1663 quibus
3157 1593 3575 1649 existimationis

1993 1685 2364 1742 insolentioris
2379 1693 2544 1756 putor
2564 1693 2790 1740 curatur
2815 1699 2880 1740 ac
2901 1684 3249 1740 rescinditur.
3277 1683 3576 1756 Collyrium

1991 1787 2074 1834 est
2095 1778 2451 1848 pharmacum
2481 1793 2588 1848 quo
2621 1778 2819 1850 mentis
2839 1778 3028 1834 oculus
3055 1793 3122 1834 ex
3156 1779 3248 1833 irae
3278 1778 3511 1833 turbinis
3528 1789 3580 1832 et

1918 1899 1965 1961 Β
1990 1871 2232 1942 pulveris
2276 1872 2420 1927 nube
2479 1871 2840 1927 conturbatus
2876 1880 3258 1942 perpurgatur.
3300 1870 3458 1926 Potio
3497 1882 3581 1925 est

1990 1986 2328 2041 amarulenta
2345 1985 2652 2057 objurgatio
2679 1987 2823 2057 (quae
2838 2001 2905 2041 ex
2925 2001 3171 2041 amarore
3195 1985 3429 2055 primum
3456 2001 3582 2054 pcr-
3665 2053 3669 2060 ‘

1990 2079 2135 2134 cellit
2155 2079 2452 2150 naturam),
2499 2093 2664 2147 quam
2712 2078 2874 2148 paulo
2899 2088 3022 2148 post
3062 2080 3311 2150 sequitur
3344 2078 3574 2132 curatio.

1989 2167 2406 2225 Phlebotomum
2458 2167 2620 2240 467
2652 2178 2736 2223 εει
2773 2170 2969 2225 occulti
3018 2171 3145 2224 mali
3195 2169 3580 2238 compendiosa

1989 2263 2289 2318 evacuatio.
2306 2261 2713 2316 Phlebotomum
2739 2263 2956 2332 proprie
2973 2271 3056 2317 est
3072 2262 3304 2317 violenta
3321 2268 3375 2316 et
3398 2261 3576 2316 subita

1989 2353 2071 2408 vis
2093 2354 2160 2408 ad
2189 2369 2457 2423 aegrorum
2484 2353 2713 2409 salutem
2747 2354 3070 2422 excogitata.
3102 2353 3340 2425 Spongia
3377 2363 3461 2408 est
3489 2353 3606 2408 chi-

1991 2447 2160 2516 rurgi,
2179 2456 2302 2517 post
2317 2462 2468 2504 venae
2485 2446 2567 2505 vel
2585 2446 2812 2502 membri
2830 2447 3057 2516 alicujus
3072 2447 3390 2512 sectionem,
3409 2445 3548 2500 lenis

1991 2539 2184 2603 oratio,
2224 2549 2278 2594 et
2312 2539 2461 2594 mitis
2492 2539 2843 2608 humanaque
2880 2539 3246 2608 compellatio,
3278 2553 3383 2609 qua
3423 2538 3580 2593 dolor

1992 2645 2137 2700 aegro
2167 2630 2571 2700 quodammodo
2594 2631 2948 2700 abstergitur.
2993 2631 3220 2686 Causter
3253 2639 3336 2685 est
3357 2631 3576 2686 decreta

1993 2723 2081 2792 (ab
2095 2723 2354 2791 Ecclesia)
2374 2739 2606 2779 censura
2622 2733 2676 2777 et
2689 2737 2848 2793 poena
2867 2723 2934 2778 ad
2954 2733 3163 2778 certum
3180 2731 3394 2794 tempus
3412 2722 3580 2778 delin-

1992 2815 2182 2884 quenti
2220 2815 2288 2868 ad
2316 2815 2698 2886 pmnitentiam
2735 2816 3028 2870 clementer
3065 2816 3327 2885 irrogata.
3379 2813 3576 2870 Unctio

1991 2917 2094 2974 est,
2148 2918 2272 2978 post
2306 2908 2438 2964 ferri
2483 2907 2766 2964 candentis
2811 2908 3199 2965 ustulationem
3225 2950 3239 2974 ,
3289 2906 3440 2961 verbi
3479 2921 3577 2960 seu

1995 3003 2174 3057 brevis
2209 3003 2277 3057 ad
2306 3018 2511 3073 aegrum
2534 3001 2936 3057 adhortationis
2955 3001 3280 3058 consolatio.
3314 2999 3579 3070 llypnoti—

1992 3114 2117 3152 cum
2136 3109 2218 3154 est
2245 3098 2544 3168 soporifera
2572 3098 2742 3168 potio,
2776 3115 2886 3170 qua
2915 3100 3165 3170 subjecto
3193 3114 3335 3155 onus
3368 3099 3580 3154 releva-

295 3202 656 3272 προεστῶσιν
698 3203 940 3258 ἀπάθεια
971 3221 984 3234 ·
1016 3205 1067 3258 οἱ
1100 3203 1199 3274 μὲν
1232 3205 1339 3274 γὰρ
1369 3203 1444 3273 μὴ
1474 3203 1801 3266 ναυσιῶντες
1832 3206 1889 3256 ὲν

1995 3200 2104 3256 tur,
2146 3200 2199 3246 et
2228 3207 2323 3262 per
2344 3191 2704 3258 subiectionis
2725 3202 2779 3248 et
2795 3193 2914 3264 jugi
2935 3192 3324 3247 relaxationem
3350 3205 3580 3247 somnus

292 3292 462 3366 πάσῃ
493 3293 721 3360 όζωδίας
751 3295 1017 3368 θεραπείᾳ
1057 3296 1269 3359 ἀόκνως
1319 3297 1764 3368 ἐπιχειρήσουσιν
1791 3313 1804 3326 ·
1841 3297 1889 3350 οἱ

1993 3284 2282 3350 insomnis,
2313 3293 2368 3338 et
2393 3285 2648 3354 religiosa
2666 3287 2919 3353 caecitas,
2946 3301 3011 3340 ne
3031 3285 3291 3355 praeclara
3315 3299 3412 3338 sua
3436 3282 3582 3337 facta

293 3383 362 3436 δὲ
397 3385 580 3438 πᾶσαν
630 3386 960 3455 τεθνηκυῖαν
998 3385 1177 3457 ψυχὴν
1204 3386 1510 3455 ἀναστῆσαι
1547 3385 1889 3457 δυνήσονται.

294 3473 422 3526 Καὶ
449 3472 587 3545 αὕτη
622 3475 720 3546 μία
768 3477 872 3530 τῶν
917 3477 1084 3530 αὐτοῦ
1135 3477 1458 3551 προσευχῶν
1486 3476 1580 3531 τοῦ
1619 3494 1893 3548 προεστη-

296 3563 469 3629 κότος
498 3568 790 3639 γεγένηται
823 3569 866 3632 ’,
913 3569 974 3622 τὸ
1032 3569 1169 3622 πᾶσι
1205 3569 1348 3621 κατὰ
1379 3569 1478 3638 τὴν
1501 3568 1709 3621 ἑαυτῶν
1737 3567 1895 3632 ἀξίαν

299 3659 690 3729 προσπάσχειν
730 3676 792 3712 τε
827 3659 921 3713 καὶ
967 3658 1434 3713 συνδιατίθεσθαι·
1477 3661 1552 3729 μή
1599 3677 1716 3723 πως
1757 3660 1832 3724 ὡς
1870 3662 1897 3714 ὁ

314 3747 516 3802 Ἰακὼό
538 3749 634 3803 καὶ
665 3748 850 3814 αὐτὸς,
871 3750 965 3803 καὶ
991 3749 1084 3802 τὸν
1107 3749 1470 3819 ἀγαπώμενον
1493 3749 1587 3802 καὶ
1612 3750 1741 3812 τοὺς
1763 3765 1898 3819 συμ-

309 3840 574 3910 (permeat;
604 3840 946 3910 καταϐλάψω
969 3840 989 3872 ⁸
1012 3858 1024 3870 ·
1054 3840 1212 3894 τοῦτο
1237 3841 1294 3894 δὲ
1313 3840 1544 3910 πάσχειν
1563 3837 1896 3907 πεφύκασιν,

318 3929 509 4001 δπειδὴ
535 3930 686 3986 οὔπω
703 3933 772 3987 τὰ
803 3933 907 4004 τῆς
948 3931 1125 4003 ψυχῆς
1159 3932 1493 4004 αἰσθητήρια
1548 3930 1770 3992 τελείως
1806 3948 1900 3998 γεο

323 4023 684 4093 γυμνασμένα
706 4024 1003 4096 κέκτηνται
1038 4024 1174 4096 πρὸς
1205 4024 1482 4095 διάκρισιν
1516 4020 1682 4077 καλοῦ
1711 4038 1771 4074 τε
1803 4022 1900 4076 καὶ

321 4115 492 4183 μέσου
526 4115 620 4169 καὶ
645 4117 814 4170 κακοῦ
839 4118 941 4189 (4).

1993 3378 2214 3439 sentiat,
2259 3377 2586 3432 conciliatur
2632 3393 2696 3431 ac
2748 3384 3118 3447 comparatur.
3146 3375 3350 3431 Fasciae
3385 3372 3580 3446 [κατάτ-

1993 3469 2207 3541 δεσμοι]
2240 3469 2456 3522 vincula
2491 3479 2634 3530 sunt,
2659 3469 2861 3538 quibus
2905 3482 3040 3521 vana
3087 3476 3365 3537 turgentes
3409 3465 3582 3537 gloria

2001 3572 2057 3618 et
2082 3562 2380 3616 ambitione
2408 3561 2602 3615 stolida
2626 3560 2816 3625 inﬂati,
2856 3577 2951 3630 per
2987 3555 3298 3628 patientiam
3322 3559 3388 3613 ad
3433 3574 3582 3612 mor-

1998 3665 2104 3710 tem
2136 3669 2312 3725 usque
2358 3653 2523 3708 veluti
2563 3653 2722 3722 cippo
2753 3653 2940 3722 aliquo
2979 3653 3204 3707 coerciti
3243 3651 3578 3707 detinentur.

1999 3747 2242 3816 Denique
2271 3762 2396 3801 cum
2420 3744 2882 3800 omnismedcndi
2909 3760 3000 3799 ars
3023 3745 3307 3814 desperata
3337 3752 3440 3806 est,
3470 3741 3580 3797 τοι-φ

2000 3855 2122 3892 rum
2177 3848 2431 3908 superest
2481 3847 2536 3892 et
2587 3837 2804 3906 gladius
2858 3835 3264 3900 anathematis,
3315 3851 3425 3904 quo
3482 3850 3580 3903 per

1997 3932 2280 3986 decretum
2309 3939 2364 3985 et
2389 3930 2714 3984 sententiam
2752 3938 2908 3996 putre
2939 3937 3329 3996 mortuumque
3353 3926 3578 3994 spiritus

1997 4020 2304 4077 membrum
2337 4061 2352 4084 ,
2405 4032 2476 4072 ne
2524 4016 2793 4086 reliquam
2848 4015 3096 4085 corporis
3147 4022 3356 4084 partem
3397 4012 3580 4069 scabie

1999 4121 2262 4184 pesteque
2305 4108 2528 4174 inﬁciat,
2563 4107 2845 4166 reciditur.
2869 4109 3057 4164 ,Porro
3087 4122 3208 4176 quae
3241 4106 3293 4160 in
3346 4104 3575 4159 medicis

315 4211 404 4259 est
425 4203 554 4260 felix
594 4207 691 4262 illa
738 4209 972 4266 anausia
1029 4208 1173 4280 (quae
1223 4223 1440 4265 omnem
1476 4209 1618 4265 tollit
1661 4213 1944 4266 horrorem
2002 4216 2057 4260 et
2089 4219 2349 4260 nauseam
2379 4217 2474 4257 seu
2509 4199 2811 4266 fastidium)
2865 4198 2957 4253 illa
2996 4200 3049 4254 in
3078 4197 3425 4254 curatoribus
3451 4197 3575 4250 ani-

309 4300 890 4356 morumestomnium
939 4300 1107 4355 animi
1145 4301 1618 4371 perturbationum
1655 4301 1958 4371 composita
2012 4297 2166 4368 quies
2208 4304 2263 4349 et
2314 4295 2546 4349 vacatio.
2595 4292 2811 4347 Etenim
2859 4303 2918 4346 ut
2967 4291 3004 4346 ii
3050 4291 3143 4360 qui
3202 4289 3580 4360 cujuscunque

305 4391 486 4446 morbi
523 4392 754 4448 curandi
813 4394 1182 4465 graveolentia
1215 4411 1322 4449 non
1357 4395 1727 4460 oﬂ’enduntur,
1762 4395 1830 4450 ad
1857 4392 2092 4466 quodvis
2122 4390 2299 4446 morbi
2323 4404 2498 4461 genus
2537 4388 2841 4443 curandum
2869 4387 3099 4459 impigre
3143 4394 3471 4452 accurrunt;
3504 4386 3580 4439 ita

300 4483 621 4540 animorum
678 4487 918 4555 medici,
969 4488 1220 4558 quamvis
1250 4488 1490 4543 animam
1531 4490 1639 4544 vita
1686 4488 1893 4546 caelesti
1937 4495 1992 4543 et
2037 4483 2306 4556 spirituali
2359 4490 2634 4537 carentem
2697 4497 2760 4536 ac
2807 4491 3119 4547 mortuam,
3174 4489 3458 4553 poterunt,
3522 4480 3576 4534 in

297 4577 476 4631 vitam
522 4592 801 4635 revocare.
835 4579 903 4634 Et
947 4580 1062 4637 haec
1119 4582 1278 4636 unica
1313 4582 1524 4639 curatio
1574 4582 1635 4640 ﬁt
1665 4583 1920 4654 precibus
1962 4576 2182 4637 et‘votis
2207 4579 2464 4649 pastoris,
2493 4577 2624 4632 dum
2657 4577 2886 4649 singulis
2903 4593 3000 4648 pro
3025 4591 3127 4633 suo
3171 4577 3340 4649 468
3380 4576 3580 4646 cuique

297 4678 457 4724 statu
505 4671 677 4724 animi
721 4672 1034 4740 succurrit,
1082 4683 1136 4728 et
1183 4689 1282 4744 per
1328 4675 1862 4732 commiserationem
1904 4681 2188 4745 paternam
2241 4670 2582 4742 singulorum
2634 4671 2797 4740 quasi
2838 4665 3217 4739 morbos‘ipse
3280 4669 3475 4724 tolerat
3512 4685 3578 4723 ac

292 4761 536 4829 patitur,
570 4777 637 4817 ne
673 4762 811 4819 forte
840 4772 900 4820 ut
933 4763 1104 4821 Jacob
1139 4765 1238 4836 (a),
1268 4766 1528 4823 dilectum
1555 4779 1608 4824 et
1646 4769 1944 4824 familiares
1981 4768 2101 4838 ejus
2124 4764 2380 4830 offendat,
2416 4765 2561 4834 quod
2595 4775 2704 4819 tum
2735 4765 2873 4819 solet
2895 4779 2995 4819 usu
3020 4763 3224 4828 venire,
3252 4779 3375 4818 cum
3409 4763 3578 4817 animi

290 4865 472 4906 sensa
497 4859 552 4905 et
572 4849 888 4911 affectiones
935 4855 1179 4911 nondum
1211 4857 1413 4911 habent
1447 4873 1541 4928 per
1573 4875 1735 4915 usum
1762 4868 1814 4915 et
1837 4857 2281 4915 exercitationem
2315 4858 2366 4910 in
2401 4864 2688 4926 potestate,
2722 4855 2797 4910 uti
2829 4855 2968 4910 mala
3001 4870 3031 4909 a
3055 4854 3213 4910 bonis
3231 4862 3296 4909 et
3316 4855 3385 4910 ab
3413 4855 3578 4910 utris-

289 4959 418 5016 que
451 4945 633 5001 media
686 4947 752 5002 ad
806 4965 1046 5021 unguem
1092 4949 1306 5020 possint
1337 4967 1637 5010 secernere.

860 5066 971 5120 ΕΙΣ
1015 5067 1253 5122 ΚΕΦΑΛ
1307 5067 1382 5123 B'.

2591 5067 2657 5121 IN
2707 5067 2860 5120 CAP.
2916 5066 2980 5120 ll.

923 5163 970 5213 Σ
971 5161 1186 5227 χόλιον
1217 5166 1287 5215 α’.

377 5244 567 5309 Νόσος,
603 5246 724 5299 ἐστὶ
755 5246 934 5317 ψυχῆς
981 5251 1014 5319 ἡ
1054 5249 1156 5322 τῆς
1218 5251 1416 5316 κακίας
1464 5253 1614 5319 ἕξις·
1665 5253 1896 5318 θάνατος

289 5338 387 5404 δὲ,
421 5340 456 5406 ἡ
483 5339 605 5391 κατ’
638 5339 922 5412 ἐνέργειαν
949 5343 1217 5413 ἁμαρτία.

947 5437 1205 5504 Σχόλιον
1232 5437 1298 5506 β’.

380 5518 572 5574 Ταῦτα
601 5522 782 5579 πάντα
821 5523 910 5579 διὰ
959 5524 1122 5593 λόγου
1161 5526 1367 5593 γίνεται
1399 5543 1410 5557 ’
1438 5528 1532 5580 καὶ
1556 5527 1672 5590 πῶς
1713 5523 1886 5594 εἶπεν,

2607 5160 2854 5216 Scholion
2905 5161 2956 5216 1.

2067 5252 2290 5307 Morbus
2327 5253 2495 5308 animi
2520 5260 2606 5307 est
2631 5252 2848 5309 habitus
2877 5253 3014 5317 vitii,
3043 5267 3192 5307 mors
3224 5259 3400 5306 autem
3419 5259 3574 5306 actus

1997 5346 2114 5415 ipse
2137 5345 2370 5415 peccati.

2618 5437 2866 5492 Scholion
2898 5436 2953 5490 2.

2067 5533 2192 5585 Haec
2208 5531 2392 5586 omnia
2433 5546 2681 5586 sermone
2722 5529 3127 5599 transiguntur;
3151 5527 3425 5598 quomodo
3445 5541 3575 5598 ergo

379 5693 459 5764 (τι)
497 5697 667 5753 Amos
693 5715 741 5754 ν.
769 5699 1024 5770 lntclligit
1066 5710 1312 5770 posteros
1341 5699 1549 5766 Jacobi,
1587 5718 1682 5772 per
1729 5702 2024 5774 Joscpltum
2049 5704 2349 5774 explicatos
2377 5725 2392 5760 ;
2423 5703 2512 5758 hic
2539 5704 2829 5774 subjectos.

381 5814 394 5843 ⁸
440 5812 472 5865 ά
505 5858 514 5870 ,
545 5814 813 5884 καυστήρ.
896 5817 914 5848 ³
967 5816 1210 5886 γένηται.
1250 5815 1333 5873 ΑΙ.
1381 5815 1641 5883 γενέσσω.
1725 5815 1743 5846 ⁸
1784 5817 1889 5871 aL:

1990 5819 2256 5889 αϐλένξειε.
2295 5819 2380 5874 ΑΙ.
2428 5817 2815 5887 καταϐλάθξειε.
