4030 6468
518 451 648 520 1171

1775 457 1833 514 S.
1862 456 2104 517 JOANN
2111 457 2182 516 IS
2211 456 2516 517 CLIMACI

3602 460 3711 530 1172

513 564 675 630 dixit,
723 578 830 619 non
883 563 1228 619 sermonibus
1266 571 1358 616 aut
1393 561 1574 615 verbis
1612 561 1728 615 dari
1761 561 2090 617 mercedcm‘:

2205 563 2267 616 οὐ
2301 561 2410 632 γὰρ
2451 562 2646 630 λόγων,
2699 560 2775 622 ὡς
2803 556 2981 628 οἶμαι,
3036 558 3196 612 τοῦτο
3215 560 3386 629 λέγει·
3423 565 3514 620 οὐκ
3541 569 3711 640 ἔννομά.

516 656 654 723 Hoc,
685 666 742 710 ut
786 656 1000 745 opinor,
1051 654 1186 709 dicit
1222 671 1234 706 :
1273 669 1380 707 non
1413 653 1481 708 iis
1513 653 1838 722 prmsidibus
1868 657 2090 726 praemia

2198 671 2304 708 των
2337 651 2680 724 ἡγουμένων,
2715 651 2829 704 ἀλλ’
2855 651 3196 723 ἐμπράκτως
3228 652 3378 722 ἡμῶν
3399 655 3716 732 ἐκπορευομι.

517 748 740 813 dantur,
766 749 858 818 qui
892 743 1053 801 verbo
1088 755 1350 816 praesunt,
1379 744 1472 799 sed
1511 745 1579 799 iis
1607 746 1718 816 .qui
1758 743 2090 820 [efficaciter]

2192 762 2304 802 νων
2334 747 2403 799 τὰ
2433 745 2534 816 τῆς
2577 743 2726 816 ζωῆς
2759 745 3002 815 ῥήματα,
3036 746 3088 798 οί
3138 744 3314 813 μισθοὶ
3339 744 3575 805 δίδονται.
3603 780 3609 783 -

515 839 681 912 longo
720 855 821 894 usu
850 838 992 894 docti
1022 837 1188 892 verba
1212 837 1334 892 vitae
1360 837 1517 893 nobis
1550 838 1960 894 administrant.

1055 929 1306 988 Scholion
1361 933 1534 990 aliud.

583 1023 760 1078 Mores
790 1032 885 1076 aut
936 1022 1103 1078 verba
1147 1024 1394 1093 respice;
1439 1025 1609 1080 verbo
1635 1027 1892 1082 virtutem
1935 1027 2090 1093 doce,

513 1113 760 1170 moribus
787 1123 840 1169 et
862 1115 972 1169 vita
995 1115 1252 1170 virtutem
1270 1116 1506 1186 praadica
1533 1127 1588 1174 et
1613 1119 1900 1174 conﬁrma.

1071 1208 1326 1264 Scholion
1363 1209 1536 1266 aliud.

580 1297 871 1354 Meliorum
922 1299 1143 1370 quidem
1190 1309 1272 1355 est
1304 1301 1503 1358 docere
1531 1342 1548 1368 ,
1590 1302 1688 1360 sed
1747 1315 1801 1360 et
1855 1305 2096 1375 pericula

2739 948 3001 1017 Σχόλιον
3046 948 3222 1002 ἄλλο.

2269 1038 2393 1091 Βίον
2427 1039 2462 1109 ἢ
2499 1037 2657 1108 λόγον
2698 1038 2897 1108 βλέπε·
2951 1036 3096 1109 λόγῳ
3151 1037 3250 1106 μὲν
3297 1038 3394 1110 τὴν
3445 1041 3628 1114 ἀρετὴν
3664 1045 3746 1099 δίη·-

2195 1131 2363 1184 δασκε
2391 1147 2408 1164 ·
2449 1131 2550 1204 βίῳ
2578 1131 2635 1185 δὲ
2667 1130 2835 1202 αὐτὴν
2860 1131 3129 1202 κήρυσσε.

2874 1222 3082 1275 Ἄλλο.

2268 1313 2614 1384 Κρειττόνων
2640 1311 2741 1382 μὲν
2784 1311 2846 1364 τὸ
2885 1310 3184 1378 διδάσκειν,
3215 1313 3353 1367 ἀλλὰ
3382 1313 3610 1379 καὶτοὺς
3638 1333 3729 1372 κιν-

510 1390 724 1462 majora
746 1402 895 1448 creat
925 1411 938 1448 :
965 1392 1180 1451 discere
1204 1407 1334 1450 vero
1366 1404 1576 1465 quanto
1606 1405 1691 1452 est
1727 1396 1910 1462 vilius,
1947 1406 2090 1452 tanto

2197 1403 2388 1466 δύνους
2425 1401 2650 1474 μείζους
2688 1403 2942 1473 ἐπιφέρει
2975 1419 2989 1433 ·
3013 1402 3074 1456 τὸ
3117 1402 3176 1456 δὲ
3208 1403 3499 1474 μανθάνειν
3527 1405 3628 1476 ὅσῳ
3649 1423 3731 1461 κα.

511 1495 598 1547 est
617 1486 888 1544 securius.

906 1578 1069 1634 Aliud
1117 1578 1362 1652 Gregorii
1419 1581 1685 1654 T/aeologi.

583 1671 714 1727 Sine
743 1671 973 1727 honesta
1004 1673 1115 1726 vita
1160 1689 1320 1728 nemo
1351 1691 1590 1746 unquam
1624 1676 1694 1730 ad
1732 1679 1932 1734 caelum
1966 1678 2099 1734 sub-

510 1775 700 1822 vectus
727 1774 815 1822 est
847 1786 860 1820 :
895 1767 989 1822 sed
1035 1765 1156 1822 sine
1212 1766 1351 1822 belle
1392 1778 1766 1839 perstrepente
1805 1773 2096 1827 verborum

511 1865 697 1918 sonitu
730 1861 888 1918 multi
919 1879 935 1917 :
967 1877 1090 1916 nam
1141 1863 1314 1933 gratia
1349 1859 1462 1919 'Dei
1507 1881 1615 1920 non
1653 1876 1737 1922 est
1764 1866 2092 1923 benedicen-

513 1955 674 2021 tium,
703 1955 799 2012 sed
820 1955 960 2011 bene
988 1955 1306 2010 viventium.

1113 2047 1362 2104 Scholion
1433 2051 1488 2106 3.

579 2139 880 2212 Collyrium
908 2149 992 2196 est
1022 2141 1377 2212 pbarmacum
1414 2158 1526 2214 quo
1558 2143 1758 2200 mentis
1791 2145 1987 2200 oculus
2025 2159 2092 2200 ex

508 2232 606 2287 ira}
644 2232 880 2288 turbinis
905 2233 1046 2287 nube
1093 2233 1450 2290 conturbatus
1501 2247 1880 2308 perpurgatur.
1939 2235 2093 2292 Potio

509 2326 853 2386 amarulenta
887 2325 1228 2396 objurgatio;
1262 2336 1315 2381 et
1350 2342 1472 2396 quae
1501 2337 1830 2398 sequuntur.

1040 2415 1161 2472 Divi
1181 2415 1542 2488 Chrysostomi
1553 2457 1564 2472 .

579 2508 699 2564 Alia
729 2509 950 2581 quidem
985 2510 1154 2574 bona,
1193 2509 1299 2563 alia
1337 2509 1518 2564 media
1565 2526 1578 2562 :
1628 2509 1865 2579 exempli
1912 2509 2091 2580 gratia

507 2600 687 2656 anima
718 2610 772 2657 et
795 2617 996 2672 corpus
1025 2617 1092 2657 ex
1132 2601 1328 2656 mediis
1371 2609 1520 2666 sunt,
1560 2600 1705 2671 quod
1736 2601 1840 2657 hoc
1879 2610 1934 2657 et
1961 2601 2094 2656 illud

507 2706 606 2748 sua
639 2692 895 2751 facultate
925 2696 1037 2749 fieri
1066 2693 1300 2764 possint.
1319 2691 1554 2763 Spiritus
1575 2701 1756 2748 autem
1779 2708 1994 2764 semper
2027 2708 2091 2748 ex

507 2783 668 2840 bonis
689 2795 794 2852 cst,
822 2800 920 2841 nec
943 2799 1186 2855 unquam
1221 2791 1420 2858 statum
1456 2793 1758 2854 permutat;
1781 2783 1949 2856 469
1971 2800 2098 2840 sen-

505 2889 606 2931 sus
639 2873 768 2929 item
797 2875 999 2941 carnis,
1038 2875 1139 2929 hoc
1158 2884 1262 2941 est,
1287 2873 1532 2943 improba
1564 2875 1706 2928 actio
1727 2872 2095 2944 semperinter

505 2963 654 3018 mala
688 2965 812 3028 erit,
845 2964 949 3034 legi
970 2965 1117 3019 enim
1149 2965 1240 3019 Dei
1272 2980 1377 3018 non
1402 2973 1576 3034 paret.
1605 2962 1662 3018 Si
1689 2980 1818 3036 ergo
1849 2965 2093 3018 animam

506 3055 724 3109 meliori
753 3056 894 3125 parti
922 3055 1200 3111 addixerls
1227 3065 1287 3111 ut
1315 3063 1368 3111 et
1395 3071 1594 3126 corpus
1617 3073 1630 3122 ;
1661 3071 1726 3109 ex
1751 3064 1904 3126 parte
1930 3057 2096 3112 sortis

503 3148 752 3203 melioris
805 3147 986 3203 factus
1019 3163 1098 3204 'es
1131 3167 1145 3203 ε
1182 3148 1230 3204 si
1282 3156 1465 3202 autem
1525 3147 1785 3203 deteriori
1846 3148 2045 3203 iterum
2074 3191 2089 3216 ,

2197 1495 2572 1565 ταδεέστερον,
2602 1493 2841 1564 τοσούτῳ
2891 1495 2986 1546 καὶ
3013 1494 3440 1565 ἀκινδυνότερον.

2467 1588 2657 1641 Ἀλλο
2689 1586 3021 1656 Γρηγορίου
3062 1585 3168 1640 τοῦ
3199 1587 3512 1656 Θεολόγηου.

2273 1678 2400 1732 Βίου
2446 1678 2546 1748 μὲν
2589 1678 2767 1743 οὐδεὶς
2819 1678 3032 1732 πώποθ’
3081 1677 3279 1749 ὑψώθη
3335 1679 3492 1750 δίχασ
3521 1679 3661 1748 λόγου
3690 1681 3734 1738 δὲ

2199 1770 2388 1826 πολλοὶ
2429 1769 2525 1824 τοῦ
2577 1771 2760 1835 καλῶς
2809 1771 3152 1842 ψοφουμένου
3172 1787 3186 1801 υ
3213 1770 3278 1824 οὑ
3309 1770 3420 1840 γὰρ
3453 1769 3737 1838 λαλούντων,

2199 1859 2260 1918 εὖ
2292 1861 2550 1933 βιούντων
2574 1862 2622 1915 δ’
2655 1863 2689 1934 ἡ
2712 1862 2891 1934 χάρις.

2805 2046 3065 2114 Σχόλιον
3089 2051 3161 2112 γ’.

2265 2136 2598 2209 Κολλούριὸν
2627 2137 2776 2190 ἐστιν
2803 2135 3089 2207 ὀφθαλμοῦ
3112 2136 3299 2206 ψυχῆς
3333 2137 3458 2200 νοὸς
3493 2136 3742 2207 κάθαρσις,

2194 2229 2260 2282 ἐκ
2281 2228 2564 2293 θολώσεως
2602 2227 2777 2300 θυμοῦ
2797 2227 3164 2301 ταραχθέντος
3189 2243 3204 2258 ·
3235 2227 3518 2299 στύφουσα
3551 2228 3745 2300 ἐπίπλη-

2197 2322 2282 2388 ξις
2301 2337 2316 2351 ·
2348 2321 2444 2376 καὶ
2471 2321 2533 2374 τὸ
2564 2321 2771 2376 λοιπόν.

2697 2410 2809 2466 Τοῦ
2849 2413 3313 2482 Χρυσοστόμου.

2267 2506 2348 2560 Τὰ
2383 2507 2480 2578 μὲν
2538 2507 2686 2560 ἔστιν
2729 2505 2930 2574 ἀγαθὰ,
2977 2505 3132 2560 τὰδὲ
3182 2506 3363 2577 μέσαο
3398 2501 3510 2561 οἷον
3527 2505 3663 2578 ψυχὴ
3680 2508 3752 2561 καὶ

2201 2595 2340 2669 σὰρξ
2369 2597 2478 2651 τῶν
2505 2597 2686 2668 μέσων
2733 2598 2872 2663 ἐστὶ,
2906 2598 3002 2650 καὶ
3042 2597 3206 2652 τοῦτο
3249 2599 3480 2651 κακεῖνο
3530 2595 3750 2666 γενέσθαι

2195 2689 2426 2759 δυνάμει
2447 2707 2461 2720 ο
2497 2689 2560 2742 τὸ
2594 2688 2652 2742 δὲ
2694 2687 2914 2759 πνεῦμα
2943 2689 3053 2742 τῶν
3086 2689 3323 2758 ἀγαθῶν
3375 2689 3488 2756 ἀεὶ,
3523 2689 3618 2743 καὶ
3641 2687 3759 2742 οὐδὲ·

2199 2798 2331 2834 ποτε
2359 2781 2547 2852 ἕτερον
2581 2781 2891 2851 γινόμενον.
2919 2781 3112 2844 Πάλιν,
3145 2782 3212 2834 τὸ
3245 2783 3512 2852 φρόνημα
3542 2784 3634 2852 τῆς
3653 2796 3756 2851 crap-

2157 2862 2166 2870 ’
2197 2871 2313 2936 κὸς,
2341 2869 2486 2922 τοῦτ’
2514 2869 2661 2923 ἔστιν
2693 2872 2726 2941 ή
2755 2869 2973 2940 πονηρὰ
3025 2869 3254 2940 πρᾶξις,
3298 2870 3412 2923 τῶν
3443 2869 3533 2923 ἀεὶ⁸
3566 2867 3755 2922 κακῶν·

2195 2960 2273 3031 τῷ
2302 2960 2410 3031 γὰρ
2441 2962 2591 3030 νόμῳ
2645 2960 2740 3014 τοῦ
2777 2959 2913 3014 Θεοῦ
2954 2961 3052 3030 οὐχ
3103 2960 3518 3014 ὑποτάσσεται.
3555 2959 3648 3012 Ἂν
3677 2957 3760 3010 τοί⁴

2195 3067 2291 3106 νυν
2321 3050 2401 3121 τῷ
2429 3049 2657 3120 βελτίονι
2691 3049 2797 3120 δῷς
2846 3049 2946 3122 τὴν
3001 3050 3188 3122 ψυχὴν
3226 3050 3422 3105 καὶτὸ
3473 3049 3651 3120 σῶμα,
3669 3047 3762 3116 txi-

2194 3158 2288 3194 νου
2309 3141 2408 3212 τῆς
2435 3142 2646 3196 ἐκείνου
2684 3140 2902 3213 μερίδος
2927 3156 2943 3171 ’
2988 3141 3055 3196 ἂν
3089 3141 3170 3213 τῷ
3217 3143 3463 3213 χείρονι,
3510 3142 3664 3196 πάλιν
3688 3139 3763 3207 τῆς

507 3249 625 3294 tum
662 3240 752 3294 hic
775 3239 932 3295 exitii
983 3241 1168 3297 socius
1193 3249 1247 3295 et
1292 3241 1565 3311 particeps
1600 3239 1829 3296 eﬂ'cctus
1857 3255 1945 3307 es,
1979 3255 2087 3294 non

2198 3235 2434 3289 ἐνταῦθα
2483 3233 2758 3297 ἀπωλείας
2784 3233 3058 3304 κατέστης
3089 3235 3390 3302 κοινωνὸς,
3421 3235 3486 3288 οὐ
3526 3230 3675 3304 παρὰ
3691 3229 3765 3301 τὴν

502 3337 703 3399 praeter
742 3339 995 3385 naturam
1044 3331 1242 3385 anima:
1281 3339 1336 3385 et
1368 3329 1620 3400 corporis
1666 3337 1902 3384 mentem
1927 3366 1944 3393 ,
1968 3341 2090 3399 quat

2195 3327 2362 3399 φύσιν
2421 3326 2522 3397 τῆς
2571 3325 2752 3397 ψυχῆς
2813 3327 2910 3378 καὶ
2987 3328 3089 3396 τῆς
3146 3325 3396 3398 σαρκὸς,
3463 3323 3604 3381 ἀλλὰ
3647 3320 3768 3392 παρά

507 3429 571 3476 ιιι
593 3420 816 3482 domina
849 3430 1081 3498 utraque
1111 3422 1229 3478 haec
1256 3423 1456 3496 eligere
1480 3431 1681 3494 potest.

1206 3605 1392 3659 Aliud.

576 3697 683 3766 Qui
732 3698 988 3755 connivet
1034 3706 1090 3753 et
1147 3711 1256 3753 non
1302 3699 1557 3768 obiurgat
1586 3703 1926 3769 peccantem,
1984 3695 2091 3749 im-

503 3791 654 3848 mitis
674 3798 778 3856 est,
809 3791 954 3848 sicut
973 3800 1026 3848 et
1054 3791 1144 3848 ille
1181 3791 1276 3862 qui
1315 3806 1585 3847 venenum
1634 3789 1836 3861 ingerit
1883 3787 1993 3843 icto
2018 3786 2088 3842 ab

502 3893 782 3964 serpente.

1106 4191 1338 4252 CAPUT
1381 4189 1469 4248 Ill.

2108 4062 2164 4084 quo

2189 3419 2290 3490 τὴν
2349 3416 2579 3488 γνώμην
2639 3417 2743 3486 τὴν
2813 3414 3010 3487 κυρίαν
3063 3415 3375 3488 ἀμφότερα
3442 3416 3617 3471 ταῦτα
3663 3410 3768 3465 ἑλέ-

2193 3509 2338 3564 σθαι.

2873 3602 2943 3656 Ἀ
2951 3605 3089 3657 λλο.

2277 3695 2335 3749 Ὀ
2383 3694 2769 3766 ἐφησυχάζων,
2828 3696 2925 3750 καὶ
2975 3696 3052 3766 μὴ
3086 3694 3348 3766 ἐλέγχων
3381 3697 3491 3767 τὴν
3533 3691 3777 3766 ἁμαρτίαν

2193 3784 2286 3842 τοῦ
2339 3787 2568 3859 πλησίον
2609 3787 2798 3852 αὐτοῦ,
2847 3787 3198 3858 ἄσπλαγχνος
3233 3791 3396 3844 ἐστιν
3418 3805 3434 3820 ο
3458 3781 3775 3858 ὥσπερὸτὺν

2192 3879 2271 3932 ίδν
2293 3878 2514 3947 ὲναφεὶς
2545 3877 2624 3950 τῷ
2648 3877 2900 3950 δηχθέντι
2932 3878 3036 3932 ὑπὸ
3059 3877 3156 3933 τοῦ
3192 3879 3450 3934 ἰοϐόλον.

2806 4194 3061 4248 ΚΕΦΑΛ.
3101 4193 3179 4248 Γ’.

1545 4285 1817 4341 Caenobita
1856 4285 1923 4339 sit
1949 4299 2070 4338 cum
2107 4282 2216 4338 Deo
2239 4284 2726 4353 conjunctmimus.

573 4373 760 4448 Turpe
787 4385 871 4432 est
897 4376 1162 4448 magistro
1191 4377 1479 4444 virtutum,
1506 4393 1628 4432 cum
1654 4391 1685 4430 a
1721 4375 1834 4430 Deo
1857 4383 2089 4430 conatur

2263 4371 2440 4444 Πολλὴ
2495 4373 2530 4444 ἡ
2580 4371 2674 4426 τοῦ
2706 4371 3049 4443 προεστῶτος
3079 4373 3336 4444 αἰσχύνη
3369 4373 3788 4447 προσευχομένου

469 4457 624 4518 suis
669 4463 907 4520 alumnis
949 4464 1209 4520 virtutem
1254 4466 1580 4536 impetrare,
1623 4479 1731 4536 qua
1761 4472 1909 4520 caret
1953 4462 2089 4533 ipse.

2193 4464 2329 4535 πρὸς
2351 4465 2412 4517 τὸ
2433 4463 2748 4536 δωρηθῆναί
2781 4481 2834 4518 τι
2863 4463 2942 4534 τῷ
2980 4465 3218 4536 ὑπηκόῳ
3272 4467 3429 4538 ὅπερ
3460 4466 3629 4531 αὐτὸς
3671 4464 3790 4518 οὔπω

503 4552 979 4621 Quemadmodum
1030 4556 1096 4609 ad
1157 4557 1302 4626 regis
1351 4556 1578 4613 admissi
1633 4565 1989 4625 conspectum
2040 4567 2090 4612 et

2192 4556 2585 4628 προκέκτηται.
2618 4555 2829 4627 Ὥσπερ
2853 4558 2902 4608 oi
2943 4556 3251 4626 πρόσωπον
3311 4558 3601 4630 βασιλέως
3630 4554 3791 4612 θεασάο

502 4645 648 4700 inter
677 4642 980 4702 familiares
1004 4646 1161 4702 asciti
1195 4645 1353 4701 facile
1372 4646 1630 4717 deinceps
1654 4658 1705 4702 et
1725 4660 1916 4702 servos
1933 4661 2088 4712 suos,

502 4740 559 4785 et
587 4731 826 4799 ignotos,
875 4739 929 4786 et
956 4732 1144 4787 h05tes
1177 4733 1340 4787 etiam
1372 4748 1495 4787 cum
1527 4733 1777 4800 libuerit,
1808 4733 1874 4788 ad
1905 4747 2087 4803 regem

502 4821 862 4892 spectandum
887 4831 940 4878 et
969 4823 1173 4894 regiam
1199 4823 1319 4896 ejus
1347 4824 1690 4894 majestatem
1724 4826 2089 4895 contemplan-

501 4914 630 4970 dam
687 4915 1185 4986 perfruendamque
1255 4925 1491 4986 possunt
1552 4917 1946 4984 introducere;
2010 4919 2086 4973 ita

419 5057 451 5080 Ἀ
501 5007 710 5078 pariter
755 5007 810 5060 in
856 5007 1020 5062 rebus
1060 5007 1151 5067 fiet
1192 5007 1394 5064 divinis
1437 5009 1637 5078 cogita.
1683 5010 1912 5066 Intimos
1943 5011 2087 5081 regis

443 5102 447 5104 ’
503 5097 714 5152 amicos
767 5097 931 5154 etiam
983 5097 1078 5153 alii
1124 5099 1269 5170 regis
1330 5100 1494 5155 amici
1554 5101 1906 5155 veneratione
1957 5116 2084 5171 pro-

503 5197 845 5258 sequuntur,
886 5189 1106 5258 illisque
1136 5198 1350 5259 parent,
1374 5199 1428 5245 et
1455 5191 1538 5245 vel
1582 5191 1725 5246 uitro
1766 5191 2084 5247 nolentibus

500 5280 668 5345 etiam
707 5295 768 5335 se
807 5279 1063 5352 ingerunt
1104 5290 1160 5336 et
1207 5281 1583 5338 subserviunt.
1633 5281 1965 5338 Pratciarum
2002 5293 2087 5338 est

498 5373 776 5442 sapientes
807 5369 880 5432 in
926 5382 1182 5446 promptu
1228 5374 1431 5429 habere
1471 5375 1713 5442 amicos;
1749 5391 1912 5430 nemo
1939 5377 2084 5432 enim

497 5467 624 5536 plus
671 5468 791 5537 epis
823 5475 877 5521 ct
909 5469 1175 5522 momenti
1233 5467 1300 5522 ad
1345 5469 1605 5523 virtutem
1657 5470 2084 5538 comparandam

496 5554 697 5615 afferre
733 5567 938 5629 potest.
990 5557 1198 5614 Retulit
1231 5559 1367 5614 mihi
1409 5559 1684 5629 quispiam
1708 5575 1775 5615 ex
1816 5560 1923 5616 hoc
1947 5561 2086 5615 ami-

497 5659 692 5700 corum
726 5646 1037 5702 divinorum
1076 5647 1223 5716 albo,
1257 5646 1352 5703 Dei
1385 5647 1622 5703 cultores
1648 5662 1772 5702 cum
1803 5647 1938 5704 alias
1959 5649 2085 5720 qui?

2192 4665 2367 4715 μενοι,
2393 4648 2489 4701 καὶ
2518 4647 2709 4701 τοῦτον
2743 4649 2957 4711 ἑαυτοῖς
2987 4647 3141 4718 φίλον
3175 4654 3683 4721 καταστήσαντες,
3726 4645 3792 4699 καὶ

2189 4741 2315 4802 τοὺς
2338 4739 2686 4810 λειτουργοὺς
2711 4739 2876 4794 αὐτοῦ
2914 4741 3165 4804 ἅπαντας
3191 4742 3480 4799 δύνανται
3509 4743 3696 4799 λοιπὸν
3724 4737 3796 4793 xui

2194 4831 2319 4894 τοὺς
2354 4831 2727 4903 ἁγνωρίστους
2750 4829 2955 4902 αὐτῷἢ
2989 4831 3084 4885 καὶ
3105 4833 3390 4905 ἐχθροὺς,
3441 4830 3797 4905 εἷπερβουλη-

2194 4919 2379 4986 θῶσιν,
2430 4922 2525 4974 καὶ
2575 4922 2674 4992 τῆς
2719 4922 2882 4977 αὐτοῦ
2911 4923 3072 4995 δόξης
3117 4926 3493 4995 ἀπολαῦσαι,
3532 4927 3701 4988 οὕτως
3725 4917 3798 4975 καὶ

2193 5013 2285 5066 ἐπὶ
2315 5013 2425 5068 τῶν
2455 5013 2628 5082 ἁγίων
2649 5015 2786 5070 νόει,⁸
2811 5016 2940 5080 τοὺς
2962 5018 3332 5089 ἀκροτάτους
3375 5021 3602 5091 φίλους,
3627 5019 3716 5072 καὶ
3733 5015 3800 5067 αἱ·

2191 5106 2408 5161 δοῦνται
2439 5108 2486 5160 οἱ
2519 5107 2661 5176 φίλοι
2691 5109 2786 5161 καὶ
2831 5110 3236 5166 ὑπακούουσιν.
3279 5114 3458 5178 Ἴσως
3490 5113 3552 5168 δὲ
3581 5109 3676 5166 καὶ
3707 5105 3802 5178 βιά-

2193 5197 2375 5260 ζονται
2431 5198 2521 5252 ὑπ’
2579 5199 2790 5253 αὐτῶν⁸
2821 5200 2994 5254 κακὸν
3051 5204 3389 5274 κεκτῆσθαι
3443 5205 3663 5276 φίλους,
3705 5201 3804 5255 τοὺς

2194 5286 2415 5354 νοεροῦς
2442 5287 2658 5356 φίλους
2682 5288 2854 5352 οὐδεὶς
2872 5289 2984 5359 γὰρ
3009 5290 3192 5353 οὕτως
3224 5296 3518 5366 συνεργεῖ
3543 5293 3676 5366 ἡμῖν

2193 5378 2417 5450 ἀρετήν.
2471 5381 2780 5451 Διηγήσατό
2833 5381 2926 5452 μοί
2977 5399 3062 5446 τις
3114 5383 3244 5438 τῶν
3285 5385 3603 5457 θεοφιλῶν,
3633 5384 3705 5445 ὡς
3742 5379 3803 5430 ἄδι

2191 5467 2420 5522 πάντοτε
2459 5470 2579 5540 μὲν,
2609 5471 2841 5542 μάλιστα
2861 5471 2918 5525 δὲ
2950 5474 3007 5525 ὲν
3036 5475 3160 5536 ταῖς
3197 5477 3474 5548 ἐτησίοις
3504 5477 3603 5531 καὶ
3626 5476 3800 5528 Δεσπο-

2189 5563 2372 5624 τικαῖς
2402 5561 2616 5632 ἑορταῖς
2645 5561 2820 5627 ᾁθεδς
2842 5565 2968 5629 τοὺς
2992 5565 3160 5625 αὑτοῦ
3199 5567 3582 5641 θεράποντας
3609 5562 3802 5636 δωρεαῖς

2189 5651 2501 5722 ἀμείϐεται.

500 5735 624 5791 dem
674 5752 909 5808 semper,
959 5739 1054 5794 sed
1108 5749 1223 5794 tum
1275 5739 1512 5796 maxime
1565 5753 1689 5793 cum
1741 5737 2014 5796 solemnes
2063 5748 2118 5797 et
2175 5742 2534 5803 anniversarii
2594 5745 2709 5803 dies
2781 5745 3013 5805 Domino
3061 5749 3219 5804 sacri
3279 5763 3679 5824 paraguntur,
3709 5755 3800 5801 ωε·

481 5829 730 5901 ,κδιὶὺιιε
761 5831 1030 5888 cumulari
1056 5832 1236 5888 donis.

2090 5956 2151 5972 -ο
