4030 6458
381 302 539 379 4173
1462 358 1465 360 .
1605 309 1836 372 LIBER
1874 309 1974 370 AD
2000 307 2421 372 PASTOREM.
3544 299 3674 366 1174

1013 425 1267 480 ΚΕΦΑΛ.
1305 427 1378 480 A'.
2016 435 2068 488 Α
2597 448 2604 480 ι

2016 435 2068 488 Α
2597 417 2762 492 470
2797 416 3027 475 οΑΡυΤ
3075 417 3165 473 1v.

470 515 709 580 Τελείως
748 515 890 572 αὐτὰ
927 515 1134 585 ὀφείλει
1181 516 1250 570 τὰ
1291 515 1441 587 πάθη
1466 517 1496 570 ὀ
1540 513 1722 586 ίατρὺς
1759 512 1990 567 ἐκδύσα-

2167 510 2394 581 Oportet
2439 517 2502 565 ut
2550 509 2802 567 medicus
2852 525 3046 568 omnes
3099 509 3269 566 animi
3323 503 3575 580 impetus
3623 523 3678 569 et

402 611 550 674 σθαι,
587 609 674 663 ἵνα
693 609 753 662 ἑν
782 608 962 680 καιρῷ
986 625 1098 662 τινι
1123 606 1420 680 δυνήσηταί
1446 623 1591 672 τινα,
1623 605 1721 660 καὶ
1757 605 1993 674 μάλιστα

2149 603 2538 658 :rturbationes
2573 602 2795 672 penitus
2843 611 3044 671 exuat,
3071 610 3133 658 ut
3167 601 3225 657 in
3257 610 3501 672 tempore
3533 618 3681 660 nunc

402 702 495 756 τὸν
515 702 714 774 θυμὸν,
746 699 1166 773 ὑποκρίνασθαι.
1199 701 1265 754 El
1296 700 1372 772 μὴ
1397 698 1508 770 γὰρ
1541 697 1684 754 αὑτά
1719 699 1800 762 είς
1825 699 1993 770 ἀκρον

2153 713 2220 762 )8,
2244 712 2392 753 nunc
2421 697 2566 761 illos,
2595 696 2837 752 maxime
2867 709 2998 751 vero
3024 695 3164 751 iram
3195 694 3458 750 simulare
3485 696 3678 765 possit.

403 790 760 865 ἀπώ[σαι]το,
791 793 855 846 οὐ
883 793 1173 866 δυνήσεται
1200 791 1340 846 αὑτά
1371 791 1600 855 ἀπαθῶς
1641 790 1994 845 ὑποδύεσθαι.

2138 789 2310 844 .tenim
2356 789 2463 844 nisi
2505 789 2608 845 hos
2658 788 2831 845 animi
2874 787 3100 844 morbos
3146 786 3367 858 penitus
3391 787 3681 859 expulerit,
3715 786 3729 842 'l

405 882 559 938 Εἶδον
589 885 755 937 ἵππον
783 883 867 937 ἔτι
903 883 1100 956 μικρὸν
1134 881 1504 954 ἀγυμνάστως
1541 883 1906 954 διακείμενον,
1936 881 1996 946 ὂς

2133 897 2210 936 on
2251 882 2456 952 poterit
2495 882 2604 938 illis
2630 896 2760 939 cum
2809 897 2900 938 res
2947 882 3129 952 exiget
3174 881 3297 938 sine
3325 881 3458 937 vitio
3505 880 3678 937 abuti.
3718 873 3724 922 ἓ

409 977 522 1030 ὕπδ
547 975 770 1046 χαλινοῦ
796 976 1087 1047 ἀγόμενος,
1112 974 1208 1029 καὶ
1243 975 1486 1047 ἡσυχίως
1528 972 1780 1046 βαδίζων,
1805 973 1994 1045 ἐξαίφο

2158 975 2478 1032 nimadverti
2529 977 2826 1047 equuleum
2863 977 3045 1033 adhuc
3076 984 3324 1032 tenerum
3360 983 3417 1030 et
3443 974 3684 1030 indomi-
3740 1007 3749 1012 -

405 1087 508 1136 νης
536 1067 615 1140 τῷ
642 1068 758 1139 ἰδίῳ
773 1068 951 1140 κυρίῳ
977 1066 1398 1133 ἐπεϐούλευσεν,
1424 1065 1623 1138 μικρὸν
1646 1066 1742 1121 τοῦ
1775 1062 1996 1138 χαλινοῦ

2101 1074 2240 1130 tum,
2264 1063 2539 1120 frenatum
2573 1074 2778 1131 tamen,
2802 1066 3085 1122 commode
3117 1065 3372 1122 incedere
3401 1083 3417 1120 :
3450 1064 3684 1121 remisso

406 1158 575 1215 αὐτοῦ
615 1159 990 1230 χαυνωθέντος
1015 1174 1029 1188 ’
1076 1159 1170 1214 ἐπὶ
1199 1157 1342 1213 δυσὶ.⁴
1364 1158 1442 1229 (1)
1473 1156 1696 1230 δαίμοσι
1731 1158 1794 1212 τὺ
1822 1157 1997 1229 παρὸν

2121 1173 2230 1215 rero
2256 1157 2544 1227 paululum
2587 1157 2768 1225 freno,
2813 1159 3016 1214 vectori
3058 1172 3161 1216 suo
3200 1166 3425 1229 repente
3455 1157 3712 1216 exitium.

408 1253 487 1315 ὡς
534 1252 737 1306 ὲπίπαν
790 1251 1088 1323 πρόϐλημα
1147 1251 1537 1306 ἐπακολουθεῖν
1599 1251 1876 1322 πέφυκεν·
1948 1249 1999 1304 οἱ

2115 1246 2308 1301 moliri.
2379 1244 2642 1303 Geminos
2712 1247 2826 1302 haec
2873 1247 3106 1318 quaestio
3172 1247 3398 1316 spiritus
3452 1239 3706 1316 nequam'

411 1344 726 1415 βουλόμενοι
754 1346 937 1415 ζητεῖν
973 1343 1313 1416 ζητείτωσαν
1339 1341 1612 1414 ὲμπόνως.

2098 1338 2343 1410 attingit,
2373 1353 2514 1410 quos
2545 1337 2590 1394 si
2621 1339 2804 1394 volent
2818 1331 3084 1410 quaerere,
3117 1339 3347 1396 sollicite
3379 1348 3645 1412 quaerant.

926 1454 1037 1508 ΕΙΣ
1076 1453 1329 1508 ΚΕΦΑΛ.
1371 1455 1445 1508 Δ’.

2668 1452 2759 1508 AD
2809 1452 2967 1510 CAP.
3021 1452 3107 1508 IV.

1018 1571 1281 1638 Σχόλιον
1325 1575 1397 1623 a'.

2716 1563 2968 1620 Scholion
3015 1563 3041 1617 Ι
3054 1602 3069 1619 .

485 1663 564 1734 Τῇ
593 1661 872 1732 κενοδοξία
901 1661 998 1716 καὶ
1027 1665 1093 1733 τῇ
1137 1660 1540 1734 ίαστριμαργίᾳ
1571 1659 1602 1731 ἢ
1634 1661 1701 1730 τῇ
1741 1657 1967 1729 πορνείᾳ
1986 1670 2000 1685 ’

2176 1661 2405 1720 inanem
2445 1661 2691 1726 laudem,
2715 1658 2902 1729 gulam
2930 1663 3028 1712 aut
3057 1656 3330 1712 luxuriam
3365 1673 3379 1711 ε
3405 1657 3524 1710 haec
3545 1655 3689 1710 enim

409 1755 579 1810 αὗται
597 1754 708 1826 γὰρ
742 1755 904 1826 μέχρι
928 1753 1116 1818 τέλους
1136 1752 1228 1806 τδν
1248 1753 1386 1825 πρὸς
1415 1753 1565 1823 ἡμᾶς
1588 1750 1650 1804 οὐ
1675 1749 2000 1805 καταλύουσι

2105 1752 2235 1808 vitia
2265 1755 2521 1826 persequi
2571 1768 2674 1808 nos
2725 1750 2792 1806 ad
2840 1757 3074 1804 mortem
3124 1763 3300 1819 usque
3343 1747 3541 1814 solent,
3595 1763 3696 1803 nec

410 1846 675 1918 πόλεμον.

2112 1847 2254 1906 ullas
2278 1849 2406 1906 belli
2438 1849 2690 1906 inducias
2718 1845 2949 1901 faciunt.

1126 1937 1329 1990 Ἄλλο.

2809 1936 2990 1992 Aliud.

505 2029 566 2081 '0
591 2029 690 2100 τῆς
721 2029 1004 2099 ὀξυχολίας
1047 2022 1216 2090 οὗτοι,
1249 2027 1346 2084 καὶ
1380 2028 1410 2079 ὁ
1434 2027 1538 2095 τῆς
1573 2029 1859 2099 πορνείας·
1914 2027 2012 2081 ἐὰν

2180 2031 2248 2087 Hi
2299 2041 2430 2088 sunt
2460 2031 2686 2102 spiritus
2719 2026 3191 2086 excandescentia:
3234 2035 3290 2082 et
3336 2025 3570 2081 luxuriae
3600 2043 3615 2080 :
3650 2024 3697 2079 si

420 2123 536 2193 γάρ
579 2139 665 2186 τις
703 2122 893 2194 μικρὸν
935 2121 1222 2193 ἀμελήσει,
1252 2121 1475 2192 ξταχέως
1500 2119 1888 2192 ὲξεγείρονται,
1915 2119 2011 2175 καὶ

2110 2125 2236 2196 quis
2274 2125 2420 2179 enim
2455 2124 2540 2180 vel
2573 2123 2788 2178 modice
2828 2131 3028 2187 cesset,
3061 2119 3245 2176 statim
3269 2117 3612 2182 excitantur;
3645 2125 3701 2171 et

421 2213 684 2267 τοσοῦτον
709 2216 786 2269 ὅτι
814 2215 909 2268 καὶ
937 2215 1100 2286 μέχρι
1134 2214 1323 2278 τέλους
1358 2211 1872 2283 ωμπαραμένουσι,
1915 2215 2010 2267 καὶ

2111 2215 2333 2287 quidem
2370 2226 2480 2271 tam
2513 2213 2704 2270 infesti
2736 2221 2885 2279 sunt,
2921 2222 2983 2267 ut
3019 2212 3087 2266 ad
3129 2219 3361 2268 mortem
3393 2224 3568 2280 usque
3604 2223 3701 2264 nos

417 2305 526 2377 τὴν
550 2306 709 2375 φύσιν
741 2306 1224 2373 καταδουλοῦνται,
1253 2305 1330 2370 ὡς
1362 2304 1590 2375 φυσικά.

2113 2308 2473 2372 comitentur,
2514 2309 2881 2374 naturamque
2923 2313 3186 2372 tanquam
3231 2310 3286 2355 et
3330 2301 3437 2370 ipsi
3493 2309 3702 2354 natura:

2115 2401 2336 2473 cognati
2367 2400 2498 2465 sint,
2530 2397 2584 2453 in
2611 2398 2928 2454 servitutem
2961 2396 3241 2465 redigunt.

1066 2549 1071 2553 Α
1125 2482 1338 2535 Ἄλλο.

2821 2485 3004 2542 Aliud.

499 2574 561 2626 Εί
607 2573 742 2626 διότι
770 2575 804 2644 ἡ
837 2572 1270 2644 γαστριμαργία
1299 2572 1396 2625 καὶ
1423 2573 1458 2641 ἡ
1512 2569 1739 2654 πορνεία
1767 2568 2015 2638 ἀλλήλων

2193 2581 2253 2636 Si
2294 2595 2426 2653 ergo
2453 2579 2580 2652 gula
2632 2589 2689 2636 et
2715 2578 2931 2633 luxuria
2966 2578 3106 2632 inter
3156 2589 3214 2630 se
3248 2586 3510 2630 connexa:
3553 2579 3703 2635 sum,

416 2668 660 2738 ἔχονται,
693 2668 790 2721 καὶ
815 2667 905 2721 διὰ
947 2667 1106 2720 τοῦτο
1153 2666 1230 2730 ὡς
1262 2666 1322 2720 ἓν
1369 2665 1657 2736 ἀμφότερα
1699 2662 2007 2717 τάττονται.

2120 2681 2418 2742 utrumque
2439 2673 2631 2728 vitium
2664 2681 2924 2740 tanquam
2957 2683 3057 2738 pro
3086 2681 3198 2722 uno
3228 2665 3471 2736 ponitur.
3515 2663 3621 2719 Sed
3648 2673 3703 2718 tu

433 2760 602 2813 Ἀ).λά
631 2761 696 2814 σὺ
725 2761 876 2832 ζήτει
903 2761 1000 2814 καὶ
1029 2760 1089 2814 τὸ
1119 2759 1306 2832 ἕτερον
1355 2757 1549 2824 πάθος,
1597 2757 1734 2831 ὅπερ
1780 2755 1930 2810 ἐστὶν
1976 2755 2011 2826 ἡ

1780 2755 1930 2810 ἐστὶν
1976 2755 2011 2826 ἢ
2118 2781 2302 2838 quaere
2323 2775 2378 2822 et
2405 2766 2658 2832 alterum,
2681 2764 2830 2835 quod
2859 2769 2944 2819 est
2973 2776 3111 2816 vana
3139 2759 3328 2830 gloria.

416 2852 724 2920 κενοδοξία.

1325 3169 1797 3229 OBSERVATIO
1825 3171 2340 3231 INTERPRETIS
2379 3172 2475 3227 AD
2510 3171 2667 3230 CAP.
2703 3172 2807 3228 IV.

510 3286 716 3344 Vacare
743 3286 1023 3346 Climacus
1051 3288 1169 3344 vult
1201 3286 1585 3358 religiosorum
1607 3290 1892 3360 praesidem
1928 3289 2082 3345 omni
2109 3289 2280 3344 animi
2297 3289 2699 3360 pertubatione,
2717 3288 2848 3345 etin
2872 3301 3091 3344 summa
3120 3287 3288 3342 animi
3315 3285 3709 3357 tranquillitate

415 3383 680 3440 ofﬁcium
711 3399 874 3439 suum
905 3384 1316 3450 administrare,
1350 3399 1514 3454 quam
1539 3384 1710 3440 animi
1754 3384 2110 3441 serenitatem
2135 3384 2298 3456 47],
2337 3395 2392 3440 et
2416 3382 2872 3454 tranquillitatem
2912 3383 2967 3437 in
3003 3381 3179 3454 gradu
3211 3397 3344 3438 xxix
3379 3389 3538 3438 vocat
3563 3378 3708 3433 ἀπά-

423 3482 612 3541 θειαν,
647 3478 846 3534 ccelum
873 3477 1078 3544 cordis,
1119 3477 1385 3548 palatium
1415 3478 1657 3548 supremi
1697 3478 1861 3548 regis,
1887 3479 2139 3549 corporis
2190 3478 2346 3549 quasi
2399 3479 2687 3534 mortalem
2730 3477 3028 3552 quamdam
3062 3476 3556 3532 immortalitatem.
3595 3471 3713 3528 Re-

423 3574 769 3642 prehensum
798 3571 1024 3627 veniunt
1053 3571 1302 3626 nonnulli
1327 3570 1404 3642 (a)
1437 3571 1582 3626 hanc
1619 3571 1846 3626 Climaci
1894 3572 2246 3640 sententiam,
2287 3570 2583 3642 potiusque
2618 3571 2771 3626 illum
2817 3568 3062 3626 Stoicum
3115 3585 3282 3640 quam
3313 3568 3715 3629 Christianum,

427 3673 533 3720 aut
563 3664 865 3719 humanum
899 3672 1210 3720 autumant.
1241 3664 1348 3720 Sed
1377 3663 1524 3719 haud
1548 3663 1664 3720 scio
1692 3663 1889 3735 jurene
1920 3680 1988 3718 an
2019 3664 2242 3735 injuria.
2275 3665 2503 3719 Planum
2549 3672 2631 3725 est
2663 3662 2976 3718 Stoicorum
3008 3663 3311 3727 decretum,
3342 3662 3459 3730 irae,
3483 3661 3699 3732 cupidi-

432 3760 550 3826 nis,
571 3768 626 3813 et
649 3758 991 3828 reliquorum
1021 3758 1186 3814 etiam
1209 3758 1374 3813 libras
1399 3758 1694 3814 atl'ectuum
1720 3759 2020 3828 elidendas,
2054 3760 2352 3830 omniaque
2381 3758 2744 3816 vitiositatum
2768 3767 2824 3816 et
2851 3759 3107 3815 vitiorum
3129 3759 3397 3813 elementa
3415 3758 3715 3816 eradenda.

433 3849 559 3907 Non
579 3860 740 3922 negat
771 3850 1000 3908 Latinus
1025 3850 1384 3922 philosophus
1410 3852 1486 3922 (b)
1523 3853 1662 3908 iram
1694 3855 1749 3908 in
1779 3853 1958 3909 solum
1997 3852 2272 3908 hominem
2304 3853 2520 3920 cadere,
2553 3869 2676 3909 esse
2699 3863 2884 3909 tamen
2922 3840 3112 3908 contra
3165 3861 3418 3907 naturam
3453 3852 3704 3911 allii-mat.

442 3942 764 4000 Aristoteles
792 3945 863 4014 (ε)
895 3959 1017 3999 cum
1059 3943 1547 4015 Peripateticorum
1582 3947 1837 4013 concilio,
1869 3944 2023 4001 Plato
2053 3947 2134 4018 (ιι)
2154 3961 2281 4001 cum
2322 3947 2652 4003 Academico
2690 3956 2905 4013 senatu,
2937 3944 3077 4000 iram
3111 3961 3219 4000 non
3247 3944 3472 4000 omnino
3499 3961 3567 4000 ex
3609 3947 3712 4002 bu-
3816 3960 3819 3964 ·

449 4049 613 4090 mano
637 4047 850 4106 pectore
879 4038 1273 4094 excludendam
1303 4039 1646 4096 decernunt:
1690 4055 1833 4110 saepe
1889 4041 2078 4094 utilem
2117 4054 2261 4094 esse.
2316 4039 2422 4106 lra,
2486 4039 2666 4110 inquit
2724 4039 3070 4105 Aristoteles,
3123 4037 3439 4094 necessaria
3472 4048 3578 4105 est,
3618 4055 3718 4095 nec

447 4127 744 4198 quidquam
775 4133 895 4186 sine
917 4130 1010 4185 illa
1039 4133 1341 4203 expugnari
1375 4140 1576 4202 potest,
1637 4131 1742 4186 nisi
1803 4132 1895 4187 illa
1950 4133 2177 4202 impleat
2225 4132 2492 4197 animum,
2521 4142 2577 4186 et
2605 4132 2861 4203 spiritum
2895 4131 3181 4189 accendat.
3221 4129 3496 4187 Utendum
3530 4139 3715 4188 autem

443 4227 540 4282 illa
565 4235 644 4282 est
675 4243 782 4283 non
821 4238 880 4284 ut
915 4227 1075 4295 duce,
1102 4229 1198 4285 sed
1244 4236 1300 4284 ut
1331 4227 1525 4283 milite.
1577 4225 1773 4284 Noster
1812 4229 2090 4286 Climacus
2117 4237 2200 4285 est
2251 4229 2307 4283 in
2333 4243 2396 4282 ea
2437 4225 2729 4292 sententia,
2763 4234 2818 4281 et
2841 4225 2976 4280 iram
3009 4233 3064 4280 et
3090 4239 3286 4280 omnes
3313 4223 3484 4278 animi
3522 4223 3719 4279 noxios

438 4318 676 4375 iniectus
702 4320 922 4390 penitus
945 4322 1248 4386 exuendos,
1277 4324 1422 4392 quod
1461 4330 1515 4394 et
1547 4320 1756 4376 Seneca
1779 4322 1937 4377 docet
1955 4322 2050 4392 (ε),
2075 4332 2128 4377 et
2159 4335 2352 4377 omnes
2389 4319 2630 4392 religiosi
2654 4319 2778 4386 viri,
2810 4316 2905 4388 qui
2955 4317 3108 4372 illum
3152 4316 3540 4374 vincendorum
3588 4315 3718 4373 aﬁ‘e-

436 4423 633 4468 ctuum
662 4423 944 4492 conatum,
968 4414 1258 4485 νέκρωσιν,
1279 4414 1454 4470 nostri
1478 4415 1733 4485 religiosa
1769 4430 1919 4481 voce,
1952 4416 2420 4486 mortiﬁcationem
2457 4415 2754 4485 appellant,
2787 4430 2850 4469 ex
2880 4429 2988 4484 qua
3026 4414 3118 4470 illa
3152 4412 3354 4468 mentis
3375 4421 3429 4468 et
3461 4413 3714 4484 corporis

442 4505 742 4575 tranquilla
765 4509 1035 4561 serenitas
1064 4507 1350 4573 redundat,
1383 4507 1463 4562 uti
1489 4508 1668 4562 victor
1693 4509 1778 4562 sui
1809 4508 1957 4563 velut
1975 4508 2030 4563 in
2066 4509 2177 4564 alta
2201 4509 2507 4565 collocatus
2529 4507 2776 4578 specula,
2813 4505 3077 4562 inferiora
3099 4506 3286 4562 omnia
3328 4515 3722 4576 tempestatum

441 4597 628 4651 ventis
656 4599 888 4668 agitata,
916 4605 972 4651 et
1006 4596 1286 4651 turbinum
1316 4597 1569 4668 procellis
1590 4611 1860 4654 concussa
1886 4613 1949 4654 ex
1984 4607 2104 4654 tuto
2139 4615 2368 4656 securus
2391 4599 2695 4669 despiciat:
2732 4599 2906 4670 possit
2937 4607 3143 4666 tamen,
3197 4599 3246 4655 si
3275 4597 3425 4660 velit,
3459 4597 3596 4652 iram
3631 4607 3724 4653 aut

440 4709 834 4767 quemcunque
863 4692 1116 4750 aﬂectum
1146 4693 1215 4749 ad
1241 4702 1456 4765 tempus
1481 4709 1784 4760 assumere,
1808 4694 1892 4749 vel
1915 4695 1982 4766 (f)
2005 4696 2265 4753 simulare
2287 4695 2486 4768 potius.
2504 4694 2741 4751 Proinde
2761 4694 2949 4752 nescio
2966 4711 3036 4751 an
3059 4694 3326 4750 Joannem
3352 4693 3652 4750 Gersonem
3675 4698 3724 4746 et

444 4792 772 4865 Dionysium
797 4789 1248 4854 Cartliusianum,
1276 4795 1473 4843 caetera
1508 4795 1730 4845 sanctos
1756 4788 1928 4854 viros,
1950 4804 2059 4860 non
2073 4791 2340 4862 paenitere
2365 4791 2559 4847 debeat
2587 4791 2892 4856 sententiae,
2929 4805 3055 4847 cum
3081 4791 3171 4846 ille
3192 4791 3402 4846 notavit
3425 4789 3726 4846 Climacum

442 4889 588 4958 περὶ
607 4884 920 4958 μετανοίας,
945 4883 1034 4938 hic
1060 4885 1154 4937 καὶ
1170 4883 1299 4953 περὶ
1324 4880 1617 4948 ἀπαθείας,
1638 4898 1761 4938 cum
1789 4884 1842 4938 in
1859 4885 2033 4955 quintt

2137 4886 2244 4940 adu
2268 4901 2377 4941 non
2408 4884 2477 4940 de
2497 4885 2840 4956 praescripto,
2866 4885 2960 4942 sed
2993 4885 3304 4940 voluntario
3330 4886 3512 4942 studio
3535 4900 3725 4956 paena-

445 4998 602 5047 rum,
634 4992 799 5053 atque
839 4979 1221 5051 poenitentium
1286 4985 1444 5048 agat,
1486 4993 1796 5049 quanquam
1859 4981 2014 5037 locus
2045 4990 2230 5036 certus
2251 4990 2308 5036 et
2335 4981 2552 5038 vivendi
2583 4981 2782 5036 modus
2816 4980 3213 5051 paenitentibus
3247 4989 3397 5036 esset
3427 4979 3726 5049 generatim

448 5075 735 5141 deﬁnitus,
759 5075 1006 5144 plerique
1043 5082 1228 5129 tamen
1257 5087 1358 5128 sua
1390 5082 1584 5142 sponte
1623 5073 1793 5128 animi
1824 5075 2001 5130 multo
2024 5076 2373 5147 gravioribus
2406 5091 2467 5133 se
2495 5075 2883 5132 amictionibus
2915 5075 3242 5141 multabant,
3277 5073 3542 5130 mirandis
3575 5084 3726 5130 certe

448 5171 508 5232 si
533 5185 640 5226 non
667 5167 985 5234 imitandis;
1018 5167 1108 5223 sed
1123 5166 1192 5221 de
1208 5164 1376 5219 animi
1403 5165 1820 5236 tranquillitate,
1837 5175 1892 5222 et
1919 5170 2166 5224 omnium
2183 5169 2540 5240 cupiditatum
2560 5168 2977 5238 exstirpatione,
3007 5184 3072 5224 ex
3085 5182 3194 5239 qua
3215 5166 3460 5223 nascitur
3477 5165 3573 5223 illa
3583 5168 3727 5223 ἀπάο

449 5268 580 5323 θεια
630 5275 686 5320 et
738 5277 934 5321 secura
963 5261 1250 5324 serenitas,
1284 5261 1469 5338 minus
1506 5260 1774 5316 laudarim
1837 5261 2072 5318 aliorum
2102 5265 2501 5336 opinationem,
2533 5266 2628 5335 qui
2663 5264 2815 5320 illam
2836 5265 3121 5326 damnant,
3151 5271 3246 5319 aut
3275 5261 3532 5332 quiddam
3566 5262 3726 5333 quasi

453 5362 723 5419 ἀδύνατον
744 5363 994 5420 censent,
1029 5369 1153 5409 cum
1182 5353 1244 5408 D.
1272 5353 1474 5410 Paulus
1501 5355 1556 5409 in
1580 5354 1802 5410 Litteris
1839 5357 1905 5410 ad
1943 5355 2262 5414 Corinthios
2314 5358 2501 5414 missis
2558 5359 2706 5412 illam
2759 5359 2933 5428 ipsam
2965 5357 3210 5412 videatur
3239 5355 3572 5425 depinxissc,
3605 5369 3728 5409 cum

533 5525 611 5590 (a)
649 5525 862 5580 Gerson
894 5565 909 5590 ,
943 5523 1239 5593 Dionysius
1281 5524 1703 5582 Carthusianus.
2223 5523 2290 5592 (ε)
2328 5525 2390 5578 C.
2436 5525 2488 5581 9.
2525 5523 2617 5580 lib.
2654 5541 2669 5578 ι
2707 5525 2780 5579 Ue
2815 5527 2917 5580 ira.
3184 5593 3187 5594 ν
3363 5588 3374 5594 _
3558 5585 3588 5594 ..

532 5585 608 5662 (θ)
642 5585 904 5650 δειιεεειί
1086 5585 1103 5593 ⁷
1833 5607 1836 5610 ’
2224 5585 2288 5661 (Γ)
2323 5594 2527 5650 Seneca
2558 5597 2720 5650 etiam
2762 5595 3123 5652 simulandam
3178 5593 3313 5647 iram
3345 5588 3503 5645 docet
3557 5585 3651 5641 lib.
3692 5598 3728 5642 tt

535 5664 608 5729 (ε)
636 5664 756 5721 Lib.
801 5681 858 5718 ιιι
912 5663 1081 5718 Ethic.

2150 5662 2226 5716 De
2261 5666 2362 5730 ira,
2395 5682 2444 5722 c.
2490 5665 2573 5720 Η.

537 5736 617 5806 (d)
650 5735 726 5792 De
757 5737 882 5804 Rep.
926 5743 980 5792 et
1010 5735 1131 5790 aliis
1165 5734 1298 5791 locis
