4030 6440
498 287 637 350 1175
1763 282 1824 340 s.
1849 280 2171 342 JOANNIS
2211 276 2520 346 (21.1mm
3447 249 3453 257 ’
3616 278 3730 347 1m

493 397 784 456 charitatis
807 407 1059 452 naturam
1091 405 1145 452 et
1171 395 1360 452 eﬂ‘ecta
1395 393 1639 465 depinxit
1668 412 1681 448 :
1709 392 1984 460 Charitas,
2020 391 2218 462 inquit,
2247 393 2457 461 patiens
2500 401 2600 456 est,
2636 391 2857 459 benigna
2890 397 3006 452 est;
3041 389 3276 443 charitas
3299 405 3400 443 non
3451 391 3728 462 temulatur,

489 507 598 546 non
621 491 731 560 agit
768 504 1064 559 perperam,
1097 505 1203 543 non
1232 488 1482 556 inflatur,
1521 501 1627 540 non
1673 495 1751 540 est
1784 485 2092 548 ambitiosa,
2120 500 2224 539 non
2275 485 2464 554 quierit
2518 497 2636 560 qua:
2679 498 2778 536 sua
2821 491 2965 545 sunt,
2993 497 3094 534 non
3127 482 3394 547 irritatur,
3424 496 3524 536 non
3553 487 3768 554 cogitat'

489 583 714 648 malum,
740 597 844 634 non
873 581 1066 650 gaudet
1095 595 1252 648 super
1288 579 1588 648 iniquitate,
1615 577 1910 649 congaudet
1937 587 2114 633 autem
2146 578 2358 632 ueritati
2392 593 2411 630 :
2439 578 2620 632 omnia
2650 573 2874 645 suffert,
2907 575 3090 630 omnia
3125 575 3318 641 credit,
3343 577 3523 632 omnia
3553 589 3730 646 sperat,

490 677 672 731 omnia
694 675 914 730 sustinet
947 685 995 728 ο.
1029 673 1151 728 Νοιι
1191 674 1410 729 videtur
1447 673 1546 729 tibi
1583 675 1675 729 hic
1706 673 1762 728 in
1792 689 2014 730 summo
2045 673 2244 729 aﬂectu
2273 674 2394 729 sine
2421 672 2660 729 affectu?
2689 687 2873 728 nonne
2897 682 2982 728 est
3009 686 3277 728 assensus
3308 671 3404 743 qui
3435 673 3610 728 omnia
3637 674 3733 728 sui-

488 763 614 834 iert,
637 769 822 824 omnia
850 767 1126 824 sustinet?
1155 768 1279 824 talis
1311 774 1396 824 est
1417 767 1661 823 ἀπάθεια
1692 767 1942 834 Climaci,
1976 767 2068 824 hic
2104 766 2354 837 ἀπαθὴς,
2377 767 2480 837 qui
2514 767 2759 822 sentiens
2786 781 2898 821 non
2939 765 3130 831 sentit,
3161 764 3356 820 videns
3415 779 3522 819 non
3577 764 3730 835 videt,

487 873 652 928 quem
679 874 780 916 nec
809 858 986 914 aliena
1007 865 1226 929 torquet
1255 857 1461 913 invidia
1499 871 1601 929 per
1638 857 2066 923 aemulationem,
2095 870 2202 911 nec
2232 856 2447 911 extollit
2469 855 2699 911 scientia
2717 870 2813 926 per
2840 855 3179 925 superbiam,
3229 868 3332 910 nec
3358 852 3505 908 laedit
3555 853 3733 923 injuria

485 951 925 1018 calumniatoris,
968 959 1022 1007 et
1055 965 1177 1021 qua:
1203 959 1335 1006 sunt
1373 949 1457 1005 his
1491 948 1730 1020 gemina,
1777 948 1978 1020 quibus
2015 947 2254 1004 humana
2289 945 2507 1018 fatigari
2538 947 2680 1004 solet
2721 946 3010 1016 patientia.
3048 943 3274 1000 Possem
3304 958 3428 1015 ego.
3457 942 3504 998 si
3534 944 3732 998 institu-

483 1058 601 1102 tum
639 1047 923 1114 haberem,
965 1063 1035 1103 ex
1067 1047 1268 1102 litteris
1310 1060 1675 1117 paganorum,
1720 1053 1778 1101 et
1811 1043 2251 1100 Christianorum
2282 1043 2656 1098 monumentis
2689 1042 2957 1114 syllabam
2993 1050 3178 1096 texere
3207 1047 3493 1110 pectorum
3533 1037 3735 1092 mitissio

437 1175 447 1214 ιγ
484 1156 724 1208 morum,
756 1159 881 1214 quae
910 1143 997 1198 vel
1041 1157 1328 1212 nunquam
1370 1141 1605 1208 irritata,
1641 1140 1729 1197 vel
1772 1140 1920 1196 illico
1955 1147 2214 1196 revocata
2263 1153 2454 1195 necem
2491 1138 2588 1195 irae
2621 1138 2878 1204 intulere,
2922 1133 3177 1206 quamvis
3202 1132 3270 1188 ad
3313 1131 3731 1186 inﬂammandam

441 1233 450 1296 ζ
485 1249 580 1289 ιινεε
609 1234 927 1290 incendium
958 1248 1069 1288 non
1106 1235 1361 1290 deessent
1391 1233 1701 1289 ciniﬂones.

551 1326 619 1382 Et
659 1328 914 1398 quamvis
955 1327 1238 1384 Climacus
1278 1342 1474 1383 onmes
1516 1327 1684 1381 animi
1717 1326 2157 1398 perturbationes
2195 1327 2269 1381 ita
2312 1324 2500 1396 cupiat
2545 1323 2778 1391 deletas,
2807 1333 2868 1378 ut
2911 1323 3119 1380 nullum
3163 1321 3564 1393 quodammodo
3587 1325 3732 1382 vesti-

483 1418 630 1488 gium
668 1419 724 1473 in
769 1419 933 1474 nobis
979 1433 1170 1474 earum
1210 1419 1476 1486 resideat,
1526 1426 1709 1472 tamen
1741 1417 1934 1472 ultima
1977 1417 2126 1471 illius
2169 1416 2442 1472 sententia
2491 1417 2541 1471 ei
2573 1415 2837 1482 decurrit,
2883 1423 2945 1469 ut
2987 1415 3196 1486 sopitas
3225 1412 3354 1470 velit
3387 1413 3561 1484 potius
3588 1430 3731 1485 quam

482 1512 708 1567 omnino
741 1515 1079 1582 esstinetas;
1116 1523 1177 1570 ut
1220 1530 1346 1570 cum
1397 1529 1531 1569 usus
1579 1521 1686 1579 est,
1723 1514 1940 1584 possint
1991 1513 2144 1569 velut
2186 1527 2350 1568 canes
2397 1512 2646 1580 excitari,
2687 1521 2742 1568 et
2789 1511 3029 1568 adferas
3063 1512 3316 1567 vitiorum
3359 1512 3733 1582 persequendas

481 1607 729 1662 adhiberi
764 1623 779 1658 :
811 1608 891 1664 sic
921 1619 1124 1675 tamen,
1164 1619 1224 1666 ut
1248 1609 1495 1665 venatori
1543 1624 1653 1664 non
1697 1609 1922 1673 obsint;
1963 1623 2068 1664 nec
2095 1609 2363 1679 impetum
2404 1608 2462 1663 in
2491 1608 2646 1664 illum
2684 1617 2963 1675 exserant,
2992 1605 3086 1662 sed
3125 1606 3181 1660 in
3226 1616 3473 1662 monstra
3493 1605 3732 1662 duntaxat

482 1701 763 1756 vitiorum.
799 1701 985 1774 Itaque
1015 1703 1210 1773 ligatos
1249 1712 1305 1759 et
1329 1703 1400 1758 ad
1435 1711 1630 1760 nutum
1659 1701 1874 1764 domini
1900 1703 2016 1758 vult
2056 1711 2301 1773 paratos,
2333 1718 2443 1763 non
2471 1717 2633 1758 secus
2666 1716 2832 1773 quam
2865 1701 2926 1766 ii,
2966 1700 3060 1774 qui
3098 1699 3448 1757 histrioniam
3480 1707 3729 1765 exercent,

480 1809 529 1851 cl
570 1809 668 1854 aut
695 1799 904 1871 regiam
936 1801 1171 1856 induunt
1195 1815 1527 1871 personam;
1560 1809 1656 1856 aut
1679 1799 1838 1856 ducis
1865 1799 2175 1870 copiarum,
2221 1799 2288 1854 ad
2320 1815 2558 1870 quorum
2604 1797 2834 1868 imperia
2863 1798 3020 1852 miles
3051 1797 3136 1852 vel
3168 1796 3424 1866 expediat
3460 1811 3624 1862 arma,
3662 1801 3731 1853 vel

479 1899 687 1960 portat;
718 1901 812 1946 aut
841 1894 1125 1950 exercitati
1159 1892 1391 1965 Ulyssis,
1428 1894 1522 1964 qui
1549 1904 1840 1950 ventorum
1871 1893 2082 1950 rabiem
2123 1903 2247 1948 utre
2284 1893 2531 1948 clausam
2571 1901 2774 1958 teneat,
2812 1893 3066 1963 latetque
3095 1906 3221 1946 cum
3249 1891 3626 1962 navigandum,
3654 1902 3730 1946 aut

478 1983 796 2054 restringat,
828 1999 949 2040 cum
986 1986 1406 2056 quiescendum.
1451 1986 1698 2059 Longius
1728 1985 1954 2056 quidam
1995 2002 2061 2041 ex
2092 1985 2296 2056 priscis
2327 1987 2381 2040 in
2408 2000 2472 2042 ea
2497 2001 2556 2041 re
2594 1985 2893 2056 progressi,
2919 1984 3199 2039 hominem
3226 1999 3394 2054 prope
3417 1999 3481 2039 ex
3512 1983 3728 2048 homine,

416 2098 424 2104 -
477 2089 786 2146 corpusque
821 2093 888 2133 ex
920 2093 1150 2150 corpore
1175 2080 1461 2145 tollebant,
1498 2079 1579 2136 uti
1616 2089 1842 2136 sanctus
1867 2079 2241 2151 Hieronymus
2272 2079 2517 2148 disputat
2546 2080 2658 2149 (a);
2686 2088 2743 2133 ct
2773 2076 3066 2148 Evagrium
3091 2078 3382 2132 Ponticum
3430 2075 3730 2148 llyperbori-

478 2176 588 2220 tam
619 2168 740 2239 ejus
769 2171 1038 2236 ἀπαθείας
1073 2182 1356 2229 auctorem
1387 2173 1534 2230 velut
1573 2172 1944 2245 Origenistam
1977 2173 2249 2238 nominat,
2275 2187 2508 2242 eamque
2549 2172 2880 2227 sententiam
2918 2186 2950 2225 a
2981 2169 3294 2226 Stoicorum
3325 2169 3474 2224 fonte
3505 2184 3730 2232 manasse

476 2259 664 2315 tradit.
699 2260 923 2319 Tractat
959 2264 1026 2318 de
1054 2265 1160 2319 hac
1192 2266 1690 2336 imperturbatione
1719 2282 1816 2322 seu
1841 2263 2285 2335 impassibilitate
2325 2267 2407 2336 (ut
2435 2272 2662 2319 sanctus
2693 2262 3059 2333 Hieronymus
3098 2262 3514 2332 interpretatur)
3545 2278 3635 2318 seu
3666 2261 3730 2315 in-

474 2353 739 2418 dolentia,
773 2365 830 2410 ut
856 2355 1053 2412 Cicero
1093 2357 1358 2428 loquitur,
1393 2373 1490 2414 seu
1521 2359 1694 2414 animi
1721 2358 2140 2428 tranquillitate,
2175 2365 2230 2411 et
2271 2357 2518 2411 omnium
2559 2355 3036 2426 perturbationum
3069 2355 3363 2409 vacatione
3403 2355 3730 2410 doctissimus

472 2455 529 2497 et
577 2445 1026 2515 religiosissimus
1075 2460 1264 2506 noster
1311 2450 1627 2508 Bernardus
1658 2451 2032 2521 Rosignolius,
2083 2450 2178 2505 lib.
2215 2467 2254 2504 ιι
2289 2450 2364 2504 De
2393 2450 2684 2519 disciplina
2735 2448 3058 2506 Christiana:
3105 2448 3474 2518 perfectionis,
3513 2447 3728 2518 cap.27:

474 2546 605 2602 toto,
639 2538 732 2594 ubi
764 2549 820 2595 ct
847 2541 1154 2598 Climacum
1191 2544 1278 2600 his
1319 2544 1501 2601 verbis
1537 2544 1701 2616 472
1731 2545 1920 2599 laudat
1949 2563 1963 2600 :
1993 2543 2230 2599 Joannes
2257 2543 2527 2599 Climacus
2567 2542 2857 2614 Evagrium
2889 2543 3174 2598 Ponticum
3203 2547 3307 2596 hoc
3338 2544 3544 2597 nomine
3578 2557 3730 2611 repre-

471 2631 674 2695 hendit,
718 2643 914 2690 notans
941 2635 1056 2704 ejus
1086 2637 1357 2691 ἀπάθειαν
1387 2639 1598 2693 nomine
1630 2639 1933 2693 alacritatis
1964 2653 2188 2694 scmus:
2220 2640 2344 2709 quin
2384 2639 2634 2707 fortassis
2661 2637 2758 2692 hoc
2795 2653 2912 2692 eam
2943 2639 3055 2704 ipse
3094 2637 3312 2691 nomine
3347 2635 3656 2704 appellabat,
3682 2649 3730 2694 ιιι

471 2724 690 2791 facilius
717 2725 1048 2794 simplicibus
1081 2728 1326 2783 illuderet
1349 2747 1368 2784 :
1399 2731 1535 2786 unde
1563 2733 1808 2801 effectum
1833 2748 2039 2803 quoque
2067 2742 2165 2798 est,
2197 2740 2255 2784 ut
2283 2731 2501 2800 quidam
2533 2743 2753 2788 sanctus
2782 2733 2864 2785 vir
2893 2731 2988 2798 (b),
3013 2731 3106 2801 qui
3139 2731 3444 2786 natationes
3471 2729 3523 2782 in
3553 2725 3728 2782 Clima-

469 2832 591 2868 eum
616 2815 806 2882 edidit,
838 2820 1152 2873 sententiam
1177 2821 1293 2890 ejus
1320 2824 1536 2877 minime
1570 2837 1842 2880 assecutus
1877 2840 2091 2879 sensum
2123 2823 2345 2894 Evagrii
2374 2825 2516 2878 dicto
2545 2822 2772 2880 Climaci
2807 2825 3101 2894 prtefer-ret.
3143 2823 3278 2878 Non
3309 2825 3388 2878 ita
3423 2820 3728 2875 doctissimus

469 2916 625 2972 atque
656 2905 1055 2962 illustrissimus
1096 2911 1386 2966 cardinalis
1420 2911 1602 2968 Caesar
1642 2913 1906 2968 Baronius
1937 2930 1957 2968 :
2007 2915 2051 2968 is
2099 2914 2241 2969 enim
2275 2914 2560 2969 historiam
2588 2914 2858 2979 ἀπαθείας
2905 2931 3156 2978 narrans,
3187 2914 3352 2985 plane
3397 2928 3597 2968 sensum
3635 2909 3728 2965 Cli-

471 3002 612 3055 maci
639 3014 913 3059 assecutus
941 3021 1061 3060 eum
1102 3008 1454 3074 commendat,
1492 3019 1543 3064 et
1575 3009 1886 3081 Evagrium,
1919 3021 1977 3066 ut
2007 3013 2198 3082 dignus
2237 3023 2340 3077 est,
2389 3014 2635 3070 damnat.
2689 3011 2816 3068 Haec
2862 3011 3233 3082 Rosignolius.
3277 3010 3542 3065 Baronius
3573 3017 3727 3063 autem

468 3093 539 3148 de
575 3094 808 3167 Evagrio
831 3096 902 3168 (c)
935 3095 1079 3153 :Sed
1103 3099 1194 3168 qui
1230 3100 1584 3155 indolentiam
1623 3102 1848 3156 stoicum
1887 3101 2274 3158 in'Ecclesiam
2301 3104 2637 3158 introducere
2676 3113 2898 3157 conatus
2933 3111 3032 3165 est,
3057 3101 3432 3170 hominemque
3461 3099 3633 3154 statim
3671 3099 3728 3152 ad

466 3185 676 3242 culmen
712 3189 1053 3260 perfectionis
1085 3193 1226 3246 evehi
1258 3211 1290 3248 a
1329 3211 1384 3248 se
1412 3211 1566 3265 posse
1607 3197 1800 3251 iisdem
1831 3199 2047 3265 scriptis
2075 3196 2446 3266 pollicebatur,
2478 3214 2539 3251 eo
2568 3197 2776 3250 nomine
2816 3195 2881 3249 ab
2918 3194 3043 3249 aliis
3067 3195 3285 3248 derisus
3309 3204 3387 3247 est
3411 3209 3430 3247 :
3453 3208 3572 3245 nam
3610 3193 3726 3244 inter

467 3278 606 3334 alios
640 3281 752 3335 hinc
784 3281 1002 3337 Climna:
1031 3284 1096 3338 de
1121 3302 1180 3339 eo
1207 3300 1226 3338 :
1251 3288 1458 3356 putavit
1510 3286 1775 3359 Euagrius
1810 3290 2268 3359 sapientissimum
2297 3306 2353 3343 se
2390 3290 2625 3344 omnium
2663 3288 2950 3343 alacritate
2996 3302 3178 3341 sensus
3202 3287 3349 3355 ﬁeri,
3394 3284 3482 3339 sed
3511 3283 3724 3354 fraudem

463 3387 658 3441 passus
692 3375 794 3428 sibi
828 3377 1079 3432 mentitus
1112 3387 1162 3431 et
1207 3380 1387 3446 miser;
1434 3381 1898 3453 insipientiumque
1927 3383 2397 3450 insipientissimus
2431 3398 2495 3437 ea:
2520 3384 2616 3435 hoc
2645 3383 2760 3452 ipso
2793 3391 3055 3437 ostensus.
3098 3378 3226 3435 Haec
3263 3379 3529 3435 Baronius
3559 3391 3622 3431 ex
3654 3375 3725 3428 in-

465 3477 702 3536 terprete
755 3469 984 3526 Climaci
1046 3488 1156 3526 non
1190 3473 1395 3544 ubique
1445 3476 1652 3545 optimo
1693 3476 1796 3548 (d).
1833 3474 1954 3531 Non
1989 3477 2320 3546 exprimitur
2355 3477 2534 3542 locus,
2571 3492 2670 3531 nec
2700 3475 2904 3548 gradus
2953 3491 3021 3530 ex
3054 3472 3306 3530 Climaco
3339 3491 3354 3528 :
3384 3483 3440 3530 et
3477 3472 3725 3528 Climacus

465 3563 608 3617 nihil
638 3567 770 3636 περὶ
796 3567 1066 3633 ἀπαθείας
1100 3584 1195 3624 seu
1239 3569 1540 3628 indolentia
1577 3573 1630 3626 in
1661 3572 1754 3628 illo
1789 3573 1960 3643 gradu
2009 3581 2230 3639 tractat,
2273 3574 2327 3627 in
2359 3589 2471 3643 quo
2503 3573 2621 3628 luce
2657 3573 2822 3627 verba
2855 3573 3141 3642 leguntur;
3170 3570 3271 3625 sed
3299 3569 3366 3625 de
3394 3569 3514 3640 gula
3542 3576 3596 3621 et
3619 3564 3725 3618 abs-

462 3654 699 3711 tinentia
739 3672 837 3713 seu
871 3657 1103 3730 jejunio.
1137 3662 1313 3732 Caput
1366 3679 1464 3719 seu
1498 3667 1700 3735 gradus
1728 3675 1812 3721 est
1841 3681 1944 3720 xm
1976 3684 1988 3718 :
2019 3683 2053 3719 τι

2132 3666 2151 3719 ἰ
2181 3666 2281 3736 τῆς
2306 3665 2587 3735 παμφίλου
2619 3666 2714 3718 καὶ
2749 3664 3038 3735 δεσποίνης
3077 3666 3326 3735 πονηρᾶς
3353 3661 3601 3732 γαστρός,
3627 3658 3723 3713 sive

463 3753 526 3800 ut
562 3756 650 3803 est
697 3748 753 3804 in
794 3751 1034 3821 generali
1085 3753 1266 3808 indice
1313 3757 1442 3827 περὶ
1489 3757 1764 3827 νηστείας,
1801 3757 1866 3812 de
1914 3765 2067 3828 grato
2093 3758 2338 3813 omnibus
2383 3766 2434 3812 et
2476 3756 2620 3810 malo
2649 3759 2966 3828 imperatore
3002 3766 3197 3822 ventre,
3245 3757 3364 3812 sive
3410 3755 3477 3810 de
3511 3751 3719 3824 jejunio.

461 3835 637 3894 Porro
669 3841 736 3896 de
785 3843 1020 3914 Evagrio
1065 3845 1346 3904 Climacus
1383 3850 1434 3903 in
1471 3849 1578 3905 hoc
1624 3850 1822 3920 capite,
1853 3850 1919 3905 de
1951 3849 2102 3920 gula,
2163 3851 2284 3906 haae
2326 3866 2426 3906 sua
2481 3851 2684 3921 lingua,
2731 3850 2940 3918 Graeca,
2977 3850 3228 3919 inquam,
3280 3849 3488 3904 tradit:
3529 3845 3722 3915 Ἐδόκη-

477 3948 572 3987 σεν
599 3936 680 4005 (d)
709 3937 738 3988 ὁ
763 3936 1021 4007 θεήλατος
1053 3941 1326 4014 Εὐάγριος
1357 3943 1467 3998 τῶν
1513 3944 1696 4014 σοφῶν
1729 3943 2038 4016 σοφώτερος
2069 3948 2136 4017 τῇ
2184 3949 2436 4019 προφορᾷ
2477 3947 2574 4002 καὶ⁸
2599 3948 2713 4010 τοῖς
2741 3947 2973 4018 νοήμασι
3000 3944 3279 4013 γενέσθαι·
3307 3944 3422 3997 ἀλλ’
3452 3940 3671 4011 ἐψεύσθη
3695 3939 3721 3991 ὁ

457 4024 690 4092 δείλαιος
706 4029 815 4084 τῶν
847 4032 1099 4104 ἀφρόνων
1128 4037 1317 4104 φανεὶς
1341 4037 1739 4109 ἀφρονέστερος
1784 4021 1844 4090 ὲν
1885 4037 2100 4101 πολλοῖς
2151 4037 2272 4109 μὲν,
2309 4038 2450 4112 πλὴν
2478 4039 2572 4094 καὶ
2594 4041 2653 4095 ὲν
2674 4037 2868 4111 τούτῳο
2899 4039 3034 4108 φησὶ
3057 4037 3166 4108 γὰρ
3202 4039 3445 4113 ὁπηνίκα
3473 4037 3720 4107 διαφόρων

460 4120 769 4190 βρωμάτων
796 4122 1058 4196 ἐπιθυμεῖ
1085 4126 1245 4198 ἡμῶν
1273 4126 1446 4198 ψυχὴ,
1484 4131 1543 4183 ὲν
1565 4130 1718 4202 ἄρτῳ
1753 4133 1848 4186 καὶ
1877 4131 2031 4184 ὕδατι
2062 4131 2370 4185 στενούσθω
2393 4149 2406 4162 ·
2437 4133 2623 4202 ὅμοιον
2649 4133 2706 4186 δέ
2731 4148 2784 4185 τι
2822 4131 3127 4203 προσέταξε
3145 4131 3226 4203 τῷ
3251 4134 3458 4188 εἰπόντι
3479 4131 3556 4202 τῷ
3586 4127 3719 4183 irath

457 4214 518 4266 ἐν
550 4213 695 4286 (lego
720 4215 825 4285 ἑνὶ)
845 4217 925 4288 τῷ
949 4217 1156 4290 βήματι
1181 4223 1366 4276 πᾶσαν
1395 4222 1641 4277 ἀνελθεῖν
1677 4224 1776 4296 τὴν
1805 4225 2048 4296 κλίμακα

2127 4235 2434 4297 nterpretor
2465 4225 2579 4281 haec
2609 4225 2747 4292 meis
2777 4225 2982 4292 verbis,
3012 4240 3141 4280 nam
3172 4227 3311 4282 alios
3343 4227 3501 4281 video
3551 4220 3718 4296 procul

459 4325 490 4362 a
532 4319 718 4366 mente
747 4312 976 4369 Climaci
1013 4317 1257 4383 abiisse;
1296 4319 1410 4372 nihi
1443 4319 1590 4374 enim
1625 4319 1716 4374 hic
1745 4321 1814 4376 de
1865 4338 2053 4376 sensus
2080 4323 2369 4376 alacritate
2397 4321 2717 4376 Climaeus:
2759 4319 2915 4378 .Visus
2953 4329 3032 4374 est
3069 4319 3172 4374 sibi
3209 4319 3471 4391 Euagrius
3505 4319 3557 4388 (a
3596 4314 3718 4370 malo

461 4406 567 4460 Dei
590 4406 740 4473 genio
760 4407 1016 4475 agitatus)
1041 4425 1160 4461 cum
1189 4410 1446 4479 loquendo
1475 4421 1589 4465 tum
1632 4414 1914 4483 cogitando
1957 4415 2286 4482 sapientibus
2321 4414 2486 4484 fuisse
2515 4413 2832 4483 sapientior;
2865 4412 2956 4467 sed
2985 4411 3157 4482 falsus
3198 4419 3277 4466 est
3320 4412 3487 4466 animi
3527 4408 3715 4478 infelix,

459 4497 677 4570 quando
707 4497 886 4551 stultis
918 4499 1162 4554 omnibus
1197 4502 1432 4569 stultior,
1473 4521 1593 4557 cum
1620 4506 1672 4557 in
1699 4505 1884 4560 multis
1916 4505 2062 4572 aliis,
2115 4516 2227 4559 tum
2255 4506 2312 4559 in
2333 4507 2430 4558 hoc
2451 4503 2804 4573 deprehensus
2833 4513 2932 4568 est,
2963 4519 3081 4556 cum
3119 4503 3197 4556 ait
3226 4519 3248 4556 :
3279 4501 3504 4568 Quando
3529 4501 3716 4553 animus

457 4598 641 4643 noster
667 4591 821 4644 varia
848 4589 1084 4645 ciborum
1109 4609 1300 4663 genera
1339 4596 1628 4661 desiderat,
1663 4614 1797 4667 pane
1821 4609 1869 4653 et
1904 4616 2044 4670 aqua
2083 4608 2403 4664 macerctur,
2438 4599 2652 4669 perinde
2692 4599 2958 4663 hortatus,
2990 4607 3047 4651 ut
3083 4595 3193 4661 ille,
3227 4598 3319 4668 qui
3355 4613 3451 4651 suo
3478 4592 3715 4662 discipulo

456 4689 732 4757 prtecepit,
773 4697 832 4742 ut
866 4706 970 4745 uno
994 4695 1137 4744 saltu
1167 4709 1346 4748 omnes
1377 4695 1539 4746 simul
1568 4695 1731 4749 scala:
1770 4696 1969 4766 gradus
1996 4696 2402 4750 transmitteret.
2450 4694 2576 4750 Haec
2618 4695 2686 4750 de
2719 4692 2954 4764 Evagrio
2989 4693 3287 4758 Climacus,
3325 4692 3417 4747 ubi
3466 4691 3592 4744 nihil
3633 4688 3713 4742 ad-

456 4783 686 4834 modum
722 4791 805 4836 est
836 4781 970 4852 περὶ
1006 4781 1297 4848 ἀπαθείας,
1353 4785 1452 4839 sed
1491 4785 1558 4839 de
1594 4786 1757 4856 gulae,
1792 4796 1852 4841 ut.
1892 4785 2068 4852 vides,
2105 4785 2488 4840 irritamentis.
2525 4782 2647 4838 Non
2689 4794 2820 4839 sunt
2865 4783 3106 4840 assecuti
3147 4784 3472 4854 interpretes
3512 4782 3597 4835 illa
3621 4775 3714 4833 Cli-

456 4871 604 4926 maci
634 4875 701 4945 τῇ
733 4877 996 4947 προφορᾷ
1021 4877 1115 4931 καὶ
1137 4879 1396 4948 νοήμασι,
1424 4893 1547 4946 qum.
1575 4878 1916 4934 alacritatem
1944 4897 2047 4934 sent

2117 4896 2128 4932 ι
2157 4878 2597 4934 Camaldulensis
2626 4879 2943 4946 transtulit;
2977 4879 3112 4934 nihil
3137 4879 3204 4934 ad
3230 4879 3402 4951 ﬁdes;
3434 4875 3708 4946 antiquior.

457 4969 846 5036 «negantiam,
887 4976 1062 5024 totum
1109 4969 1184 5035 id,
1233 4973 1301 5041 τῇ
1344 4973 1599 5042 προφορᾷ
1626 4975 1720 5026 καὶ
1758 4974 2015 5044 νοήμασι,

2123 4975 2166 5028 si
2209 4973 2372 5028 etiam
2405 4973 2663 5043 θεήλατος
2710 4973 2933 5042 adjecit.
2982 4971 3169 5043 Itaque
3215 4989 3283 5028 ex
3318 4973 3423 5028 hoc
3467 4972 3582 5024 loco
3625 4978 3710 5020 nec

458 5059 727 5132 Evagrius
753 5061 822 5116 de
850 5059 1457 5132 ameslq'reprehcndi,
1486 5079 1588 5119 nec
1609 5064 1887 5120 Climacus
1911 5065 2124 5119 laudari
2154 5065 2225 5120 ab
2244 5065 2432 5119 eadem
2454 5073 2652 5133 potest,
2680 5081 2804 5120 cum
2830 5066 2964 5120 nihil
2987 5067 3053 5120 ad
3081 5082 3194 5121 rem
3219 5065 3440 5120 iaciant.
3465 5063 3726 5140 Caeterum

456 5154 748 5226 Evagrium
788 5170 820 5210 a
852 5169 981 5209 vera
1009 5156 1298 5211 catholicae
1336 5157 1604 5213 doctrinae
1642 5175 1839 5214 norma
1869 5159 2159 5214 deﬂexisse
2192 5167 2400 5212 certum
2438 5170 2544 5223 est,
2585 5158 2742 5227 cujus
2770 5160 2933 5214 etiam
2971 5161 3026 5214 in
3062 5159 3356 5215 solitudine
3386 5159 3572 5214 cellam
3606 5150 3727 5224 ma-l‘

457 5248 547 5304 lus
570 5247 875 5305 inferorum
902 5248 1103 5319 hospes
1129 5252 1440 5320 occupavit,
1474 5262 1533 5307 ut
1555 5269 1715 5310 nemo
1742 5255 2045 5311 secundum
2074 5251 2368 5324 Evagrium
2398 5253 2546 5308 illam
2583 5264 2731 5310 tutus
2761 5256 3042 5311 incoleret.
3074 5253 3168 5309 Sic
3192 5255 3339 5310 enim
3365 5252 3450 5308 Jo.
3476 5250 3719 5367 Moschus.

469 5419 520 5444 ηε
559 5406 719 5460 lCor.
751 5421 871 5471 xm,
911 5407 943 5460 4
969 5409 1080 5480 -‘7.

441 5507 446 5514 ’
527 5515 605 5593 (a)
642 5516 855 5593 gontra
886 5481 1208 5593 I_’ela:qianos
1260 5521 1329 5574 ad
1377 5519 1782 5592 Ctesiphontem.
2219 5528 2294 5593 (cl)
2325 5526 2572 5581 Ambros.
2605 5528 2846 5582 Camald.

641 5585 1081 5672 ρίοιηζεοᾨὲζιῗι.
1343 5662 1352 5672 ,
1414 5664 1424 5672 _
1484 5585 1583 5672 -ί,
1903 5643 1906 5648 .
2328 5595 2403 5652 Ex
2445 5612 2551 5654 ms.
2595 5599 2782 5654 Grmco
2819 5597 3069 5655 biblioth.
3107 5614 3215 5656 ser.
3253 5598 3506 5654 Maximil.

533 5661 603 5731 (cl
638 5657 832 5714 Annal.
864 5668 899 5713 ι.
932 5657 1017 5724 Vl,
1048 5678 1191 5719 anno
1226 5662 1426 5720 Christi
1484 5663 1604 5720 588.
