4030 6444
283 323 423 392 1177

1480 337 1710 397 LIBER
1730 340 1830 398 AD
1862 339 2288 409 PASTOREM.

3430 348 3566 415 1178

280 442 343 499 in
383 456 488 498 suo
520 440 836 499 Limonario
887 442 964 516 (a)
997 443 1218 501 Dicebat
1258 447 1425 502 abbas
1458 446 1550 503 lo.
1593 447 1739 505 Cilix
1789 463 2240 509 commorantzous
2268 457 2413 514 nobis
2448 459 2504 513 in
2550 458 2707 514 Nono
2750 461 3128 525 Alexandriae;
3176 463 3313 516 venit
3342 463 3412 516 ad
3454 480 3548 518 nos

272 535 574 608 JEggptius
600 537 888 593 monachus
916 541 1258 613 narrabitque
1288 543 1441 597 nobis
1462 544 1654 609 fdicens
1677 560 1696 599 :
1722 544 1807 598 Ad
1834 549 2217 602 monasterium
2249 549 2563 606 cellularum
2585 553 2754 624 frater
2772 569 2838 608 ea:
2868 552 3158 624 longinqua
3195 557 3404 625 regione
3429 569 3547 623 per-

269 633 441 701 uenit,
472 631 648 687 uolens
677 633 750 688 ibi
788 633 1051 697 habitare,
1082 645 1488 707 prostratusque
1512 637 1816 710 presbytero
1841 640 2054 709 orabat,
2083 653 2142 697 ut
2182 648 2238 697 in
2275 642 2495 715 Evagrii
2526 646 2662 701 cella
2697 657 3016 703 moraretur.
3049 646 3337 721 Presbyter
3373 654 3553 701 autem

267 725 506 792 dicebat,
533 741 638 780 non
667 741 820 796 posse
848 743 968 782 eum
992 728 1109 783 illic
1139 728 1412 796 habitare;
1441 731 1787 802 recedensque
1819 732 2093 804 presbyter
2119 740 2200 789 ait
2230 737 2435 806 fratri:
2467 736 2580 792 Fili
2611 738 2820 793 daemon
2853 739 3235 809 infestissimus
3260 735 3372 791 illic
3397 737 3555 791 habi-

273 830 381 878 tat.
408 822 512 887 Qui
544 822 924 903 enim‘seduxit
952 823 1262 898 Evagrlum,
1297 836 1347 884 et
1373 845 1407 883 a
1438 845 1563 884 uera
1586 828 1693 897 ﬁde
1718 831 1959 898 removit,
1989 832 2316 903 immisitque
2354 833 2439 888 illi
2469 835 2730 890 scelerata
2759 836 3034 907 dogmata,
3066 834 3159 890 ille
3190 852 3293 906 non
3323 835 3549 904 permit-

275 915 343 968 tit
365 913 593 984 aliquem
624 915 701 969 ibi
737 918 957 972 morari.
993 916 1121 974 Haec
1148 919 1440 988 Moschus;
1466 921 1562 991 qui
1596 920 1748 976 addit
1782 936 1892 978 non
1927 924 2176 993 potuisse
2207 925 2562 996 peregrinum
2594 926 2861 985 deterreri
2894 928 3127 985 consilio
3158 926 3415 991 senioris,
3446 925 3540 981 sed

270 1006 588 1078 ingressum
623 1006 807 1062 cubile
836 1005 1080 1082 Evagrii,
1112 1024 1178 1066 ac
1209 1020 1335 1083 post
1362 1012 1593 1068 alteram
1631 1012 2030 1091 hebdomadem
2061 1025 2339 1085 repertum
2378 1030 2505 1071 cum
2543 1015 2675 1074 fune
2705 1018 2847 1073 collo
2882 1016 3082 1090 injecto
3104 1017 3339 1089 guiaque
3366 1013 3538 1070 fracta

268 1098 605 1168 exspirasse.
635 1097 789 1155 Adeo
817 1099 1201 1159 haereticorum
1235 1105 1404 1161 etiam
1443 1104 1674 1175 vestigia
1700 1113 1908 1174 pestem
1938 1115 2065 1176 post
2091 1121 2151 1162 se
2183 1107 2514 1179 impressam
2540 1108 2882 1179 relinquunt.

346 1189 455 1245 Sed
495 1191 565 1246 ad
594 1190 824 1247 Climaci
856 1193 1149 1264 apatheian
1192 1196 1506 1261 redeamus,
1539 1196 1637 1266 qui
1676 1196 1770 1250 illa
1801 1196 1953 1266 πάθη
1994 1206 2050 1252 et
2096 1205 2282 1254 motus
2313 1198 2482 1254 animi
2531 1215 2643 1255 non
2676 1200 2794 1255 vult
2833 1199 3083 1270 stirpitus
3119 1196 3296 1270 evelli,
3342 1195 3436 1252 sed
3474 1182 3544 1250 ita

267 1286 543 1353 coerceri,
575 1297 632 1343 ut
664 1302 735 1344 ne
778 1304 838 1345 se
881 1298 1265 1347 commoveant
1303 1292 1489 1346 animo
1527 1291 1739 1356 invito;
1772 1291 1841 1346 ad
1875 1290 2107 1362 imperia
2138 1299 2322 1348 tamen
2357 1293 2568 1349 evocati
2595 1292 2798 1359 adsint,
2827 1301 2882 1347 et
2921 1269 3021 1362 pro
3055 1269 3170 1346 usu.
3185 1300 3240 1345 et
3274 1289 3554 1344 voluntate

217 1392 223 1397 '
264 1382 593 1453 imperantis
623 1373 1009 1453 respondeant,
1040 1384 1263 1456 vimque
1298 1385 1483 1440 animo
1511 1384 1735 1440 addant.
1767 1382 2060 1456 Elegantes
2090 1394 2219 1440 sunt
2240 1385 2386 1456 apud
2417 1384 2484 1440 A.
2512 1384 2747 1441 Gellium
2779 1384 2854 1457 (b)
2886 1384 3313 1450 narratiunculae
3339 1381 3405 1436 de
3431 1380 3551 1435 ine-

264 1478 384 1547 ptis
412 1475 634 1542 Stoicis,
671 1492 812 1550 quas
843 1478 1030 1550 gratiae
1072 1478 1192 1534 loco
1217 1493 1572 1550 apponerem,
1603 1476 1713 1533 nisi
1750 1486 1937 1533 essent
1970 1477 2356 1550 longiuscule,
2400 1486 2623 1534 exstant
2666 1478 2764 1534 lib.
2795 1494 2836 1544 ι,
2880 1492 3002 1548 cap.
3036 1476 3093 1544 2,
3123 1487 3178 1531 et
3201 1474 3273 1529 26
3295 1473 3390 1529 lib.
3432 1488 3549 1543 xix,
3610 1478 3614 1489 '

269 1585 394 1644 cap.
434 1568 520 1628 l2.

340 1662 624 1719 Concludo
654 1676 783 1720 cum
817 1667 1011 1720 sancto
1048 1658 1403 1730 Hieronymo,
1438 1659 1529 1719 cui
1572 1657 1792 1731 ἀπαθὴς
1825 1667 1918 1713 aut
1950 1656 2095 1713 Deus
2130 1667 2225 1713 aut
2253 1675 2445 1715 saxum
2494 1667 2592 1722 est,
2636 1665 2784 1713 certe
2814 1654 3094 1714 Cllmacus
3122 1654 3302 1715 noluit
3343 1668 3445 1711 nos
3488 1654 3545 1712 iu

271 1774 468 1817 saxum
498 1762 756 1834 migrare.

881 2020 1133 2075 ΚΕΦΑΛ.
1175 2020 1252 2075 E'.

2484 2010 2651 2084 473
2690 2011 2923 2070 CAPUT
2969 2012 3031 2070 γ.

1355 2109 1602 2165 Pastoris
1631 2108 1902 2164 industria
1923 2107 1981 2160 in
2001 2119 2105 2175 quo
2131 2103 2441 2174 spectanda.

342 2196 608 2283 Τότε’τὴν
636 2211 700 2263 ὲκ
727 2208 862 2263 Θεοῦ
893 2209 1187 2281 δεδομένην
1244 2206 1395 2278 αὐτῷ
1441 2208 1470 2261 ὁ
1520 2205 1702 2276 ἰατρὸς
1720 2206 1846 2273 ,ὲπι-

2027 2198 2184 2253 Tunc
2205 2197 2453 2252 medicus
2480 2196 2815 2263 animorum,
2837 2211 2869 2250 a
2903 2195 3015 2251 Deo
3052 2209 3113 2251 se
3136 2193 3396 2250 donatum
3455 2208 3554 2250 sa-

262 2298 539 2371 γνὼσεται
567 2298 780 2368 σοφίαν,
797 2298 1003 2353 ὁπόταν
1024 2299 1094 2352 τὰ
1122 2302 1238 2363 τοῖς
1265 2296 1481 2361 πολλοῖς
1505 2294 1601 2350 ἅθε
1611 2293 1857 2367 ράπευτα

260 2389 416 2461 πάθη
459 2388 798 2460 θεραπεῦσαι
834 2390 1158 2462 δυνήσηται.
1214 2391 1292 2444 Οὐ
1332 2386 1653 2460 θαυμαστὸς
1710 2384 1857 2440 διδά-

258 2481 466 2544 σκαλος
496 2483 525 2533 ὁ
553 2482 683 2545 τοὺς
715 2480 978 2551 εὐμαθεῖς
998 2482 1197 2545 παῖδας
1234 2482 1432 2551 σοφοὺς
1461 2478 1858 2551 ἀπεργασάμε-

257 2589 378 2637 νος,
404 2571 522 2626 ἀλλ’
566 2572 596 2626 ὁ
620 2571 749 2635 τοὺς
787 2571 1021 2642 ἀμαθεῖς
1075 2572 1169 2626 καὶ
1202 2572 1442 2642 ἀσόφους
1466 2574 1471 2579 ⁷
1496 2570 1724 2641 σοφίσας
1758 2568 1855 2623 καὶ

259 2661 587 2725 τελειώσαςο
618 2661 743 2715 τότε
787 2660 955 2733 ἡτῶν
978 2662 1343 2733 ὴνιοχούντων
1376 2662 1578 2731 εὐφυΐα
1612 2660 1856 2715 ἐπαινεῖ-

257 2769 357 2807 ται
384 2751 478 2806 καὶ
510 2751 894 2824 ἐμφανίζεται,
929 2751 1059 2806 ὅταν
1089 2754 1149 2806 ὲν
1175 2752 1457 2822 ἀδοκίμοις
1485 2752 1675 2815 ἵπποις
1700 2750 1854 2821 νική-

259 2860 420 2908 σωσι,
451 2845 543 2899 καὶ
586 2845 716 2908 τοὺς
760 2844 963 2909 ἵππους
1018 2843 1429 2899 διασώσωνταιο
1484 2843 1583 2897 ἐὰν
1621 2842 1854 2913 εἴληφας

250 2937 488 3009 ὄμματα
536 2936 869 3008 προὸλέπειν
909 2938 978 2991 τὰ
1025 2938 1250 3009 κύματα
1273 2978 1287 3003 ,
1318 2939 1433 3001 τοῖς
1481 2937 1540 2991 ὲν
1576 2935 1655 3007 τῷ
1683 2935 1854 3007 πλοίῳ

255 3026 454 3099 σαφῶς
479 3028 750 3101 πρόλεγεθ
801 3031 851 3082 εί
894 3028 953 3082 δὲ
999 3028 1098 3099 μὴ,
1152 3030 1218 3082 σὺ
1257 3028 1354 3083 τοῦ
1380 3027 1645 3096 ναυαγίου
1679 3026 1853 3091 αῖτιος

249 3120 589 3177 καθίστασαι
618 3120 662 3185 ⁵,
686 3118 764 3184 ὥς
804 3120 871 3174 σὺ
909 3119 1064 3191 παρὰ
1097 3121 1317 3175 πάντων
1361 3117 1675 3181 πιστευθεὶς
1711 3119 1851 3189 ἁμε-

253 3212 470 3285 ρίμνως
510 3211 609 3283 τὴν
636 3210 988 3282 κυὸέρνησιν.
1018 3206 1174 3264 Εἶδον
1202 3211 1423 3283 ἰατροὺς
1462 3208 1543 3281 τῷ
1582 3208 1852 3282 ἀρρώστῳ

248 3303 357 3367 τὰς
385 3302 565 3366 αἰτίας
591 3302 669 3373 μὴ
694 3301 1158 3373 προμηνύσαντας
1179 3317 1194 3333 ·
1227 3301 1324 3356 καὶ
1359 3301 1380 3334 ⁸
1418 3300 1601 3372 μέντοι
1630 3301 1695 3353 ὲκ
1723 3299 1852 3353 τού-

244 3414 351 3452 του
383 3397 482 3464 καὶ
500 3398 618 3460 τοῖς
656 3395 929 3463 νοσοῦσιν,
957 3397 1053 3451 καὶ
1085 3397 1320 3463 ἑαυτοῖς,
1351 3396 1522 3449 πολὺν
1559 3395 1653 3450 τὸν
1680 3394 1850 3448 κόπον

243 3490 351 3545 καὶ
375 3490 480 3561 τὴν
513 3488 810 3561 συντριδὴν
846 3488 1290 3560 προξενήσαντας
1319 3486 1340 3519 ⁷
1357 3502 1370 3517 ·
1398 3486 1631 3541 καθόσον
1659 3488 1688 3538 ὁ
1716 3499 1850 3557 προ-

1960 2294 2165 2367 pientia
2196 2293 2483 2363 intelligat,
2515 2307 2641 2348 cum
2672 2292 2789 2362 ipse
2822 2292 3048 2347 morbos
3075 2291 3262 2346 multis
3296 2290 3550 2346 immedi-

1957 2385 2166 2443 cabiles
2195 2399 2392 2441 curare
2425 2384 2648 2455 poterit.
2679 2387 2739 2438 ln
2773 2385 2922 2439 nulla
2953 2383 3316 2439 admiratione
3345 2398 3550 2454 ponen-

1957 2479 2064 2536 dus
2117 2479 2312 2534 doctor
2351 2488 2435 2534 est
2495 2479 2564 2542 is,
2599 2478 2694 2549 qui
2737 2478 2992 2533 alumnos
3023 2477 3240 2548 ingenio
3265 2486 3550 2548 promptos

1956 2578 2012 2624 et
2040 2567 2263 2633 dociles,
2305 2568 2497 2622 doctos
2525 2566 2688 2622 ellicit
2711 2575 2766 2621 et
2791 2567 3056 2630 eruditos,
3091 2566 3186 2621 sed
3213 2565 3305 2636 qui
3359 2565 3550 2621 tardus

1933 2671 2011 2718 et
2048 2661 2290 2730 hebetes,
2322 2659 2588 2715 litteratos
2614 2660 2790 2715 reddit
2811 2668 2865 2715 et
2893 2658 3145 2715 doctrina
3203 2667 3545 2729 praestantes.

1956 2752 2134 2810 Decus
2168 2753 2484 2825 aurigarum
2510 2763 2615 2819 est,
2644 2768 2767 2809 cum
2792 2751 2952 2823 equis
2978 2750 3207 2819 abiectis
3260 2760 3312 2805 ct
3373 2750 3549 2822 inglo-

1952 2845 2053 2901 riis
2100 2845 2351 2913 vincunt,
2413 2857 2469 2902 et
2521 2847 2671 2917 ipsos
2725 2861 2899 2918 equos
2952 2834 3254 2899 incolumes
3303 2852 3545 2911 servant,

1956 2947 2094 3006 tum,
2131 2938 2392 3009 inquam,
2432 2939 2678 2994 omnium
2739 2954 2835 2992 ore
2890 2937 3234 2992 celebrantur
3263 2943 3318 2990 et
3349 2935 3548 3006 praedi-

1954 3041 2171 3086 cantur.
2218 3030 2373 3098 Quod
2434 3031 2481 3088 si
2546 3030 2641 3085 tibi
2693 3030 2902 3097 datum,
2956 3029 3032 3083 uti
3096 3027 3334 3082 futuram
3366 3026 3546 3096 possis

1956 3131 2337 3193 tempestatem
2372 3122 2682 3193 providere,
2717 3122 2978 3177 denuntia
3004 3121 3151 3175 illam
3186 3132 3372 3191 aperte
3402 3119 3546 3173 clas-

1952 3215 2186 3271 siariis:
2253 3216 2571 3281 sinminus
2632 3215 2745 3286 jam
2807 3224 2864 3269 tu
2894 3212 3167 3283 naufragii
3202 3212 3544 3267 certissimus

1951 3318 2012 3359 es
2046 3316 2260 3370 auctor,
2297 3312 2359 3359 ut
2390 3306 2477 3361 cui
2509 3321 2618 3360 una
2649 3306 2899 3360 omnium
2932 3302 3206 3359 sententia
3270 3303 3543 3372 guberna-

1952 3397 2136 3454 culum
2187 3400 2395 3469 optima
2428 3396 2559 3453 title
2614 3399 2688 3453 sit
2727 3398 3108 3453 commissum.
3149 3392 3268 3448 Vidi
3300 3395 3544 3449 medicos

1954 3493 2047 3562 qui
2118 3493 2430 3549 laborantes
2484 3494 2555 3549 de
2607 3493 2851 3565 periculo
2896 3493 3075 3548 serius
3137 3491 3541 3546 admonerent:

244 3581 429 3646 εστὼς
451 3582 555 3654 τήν
582 3598 644 3635 τε
676 3580 788 3647 τῶν
813 3580 1094 3652 ὑπηκόων,
1132 3581 1237 3651 τήν
1277 3596 1338 3633 τε
1369 3578 1482 3633 τῶν
1512 3577 1805 3651 πόρρωθεν
1825 3576 1846 3609 ⁸

1951 3586 2095 3641 unde
2122 3584 2350 3653 factum,
2386 3594 2446 3640 ut
2474 3599 2616 3657 aeger
2640 3586 2798 3656 juxta
2826 3600 2891 3639 ac
2918 3584 3162 3640 medicus
3203 3584 3256 3637 in
3289 3584 3540 3636 ultimum

242 3676 439 3729 πίστιν
486 3673 628 3745 πρὸς
660 3673 826 3728 αὐτὸν
859 3672 1063 3746 πολλὴν
1090 3672 1370 3737 θεάσεται,
1414 3670 1558 3726 κατὰ
1589 3670 1849 3725 τοσοῦτον

244 3767 437 3821 λοιπὸν
484 3767 680 3822 ἑαυτὸν
707 3766 860 3839 πάσῃ
891 3766 1110 3838 φυλακῇ
1151 3765 1448 3838 τηρήσοιεν
1479 3765 1523 3821 ³.
1558 3764 1648 3818 Ἐν
1680 3765 1848 3818 πᾶσιν

248 3854 338 3922 οἷς
372 3876 435 3912 τε
464 3861 695 3931 πράττει
741 3859 840 3914 καὶ
864 3858 1192 3929 φθέγγεται,
1221 3855 1516 3928 γινώσκων
1540 3855 1618 3919 ὠς
1647 3856 1848 3919 πάντες

249 3952 335 4010 εἰς
364 3949 528 4004 αὑτὸν
559 3950 636 4014 ὡς
662 3951 742 4015 είς
767 3952 1083 4022 ἀρχέτυπον
1106 3949 1298 4005 εἰκόνα
1338 3949 1619 4021 βλέπουσι,
1653 3947 1751 4001 καὶ
1775 3946 1848 4001 τὰ

247 4042 389 4113 παρ’
436 4042 603 4096 αὐτοῦ
621 4046 700 4107 εἰς
729 4043 878 4116 ὅρον,
908 4043 1005 4097 καὶ
1035 4030 1203 4112 νόμον
1230 4040 1563 4112 λογίζονται.
1596 4039 1842 4111 Ποιμένα

246 4132 513 4206 ἀληθινὸν
534 4134 803 4202 ἀποδείξει
836 4134 1029 4206 ἀγάπη
1050 4149 1066 4164 ο
1086 4135 1153 4189 δι’
1182 4135 1406 4205 ἀγάπην
1434 4132 1544 4203 γὰρ
1572 4133 1602 4185 ὁ
1634 4130 1840 4203 ποιμὴν

241 4226 572 4300 ἐσταυρώθη
594 4229 659 4285 η.

1942 3674 2240 3732 discrimen
2267 3676 2462 3732 salutis
2486 3668 2808 3732 inciderent.
2842 3674 3050 3730 Eadem
3102 3684 3186 3730 est
3244 3677 3384 3729 ratio
3442 3688 3543 3742 pa-

1944 3768 2136 3837 storis,
2191 3768 2287 3838 qui
2312 3769 2360 3824 si
2403 3768 2489 3823 vel
2517 3768 2624 3823 sibi
2673 3769 3002 3838 parentium,
3034 3766 3117 3821 vel
3143 3766 3363 3821 aliunde
3388 3765 3455 3819 ad
3479 3780 3542 3820 se

1944 3862 1965 3934 (
1992 3863 2185 3920 salutis
2214 3878 2387 3920 causa
2413 3862 2433 3935 )
2469 3863 2854 3919 ventitantium
2883 3863 3044 3917 ﬁdem
3061 3875 3190 3931 erga
3240 3874 3300 3914 se
3343 3856 3537 3928 explo-

1943 3966 2119 4009 ratam
2145 3955 2420 4022 habuerit,
2449 3963 2603 4010 tanto
2624 3954 2888 4011 attentius
2918 3953 3102 4007 omnia
3125 3951 3262 4006 dicta
3287 3948 3540 4017 factaque

1950 4059 2050 4100 sua
2074 4045 2390 4102 observabit
2417 4064 2434 4103 :
2474 4056 2661 4102 certus
2690 4045 2938 4101 omnium
2969 4043 3161 4100 oculos
3210 4042 3537 4108 animosque

1946 4136 2003 4191 in
2030 4152 2090 4192 se
2121 4134 2276 4194 velut
2308 4139 2593 4210 exemplar
2619 4146 2674 4193 et
2700 4136 2995 4208 imaginem
3030 4134 3244 4189 virtutis
3270 4133 3533 4195 intentos,

1945 4228 2225 4301 vitamque
2258 4245 2416 4286 suam
2447 4239 2500 4286 et
2522 4246 2725 4297 mores,
2750 4230 2820 4285 ab
2840 4229 3097 4285 omnibus
3136 4227 3190 4281 in
3219 4222 3531 4294 exemplum

239 4322 407 4383 trahi.
429 4331 485 4377 et
512 4338 614 4394 pro
650 4324 777 4380 vitae
806 4338 1000 4379 norma
1034 4322 1264 4395 legeque
1290 4318 1479 4376 haberi
1508 4327 1563 4376 et
1591 4318 1826 4376 censeri.
1860 4317 2146 4382 Pastorem
2195 4341 2387 4382 verum
2447 4325 2691 4382 ostendit
2742 4324 3008 4392 cbaritas,
3059 4338 3183 4395 qua:
3225 4320 3529 4394 principem

232 4424 524 4487 pastorum
557 4415 614 4471 in
643 4431 864 4474 crucem
901 4417 1036 4489 egit.

866 4687 1119 4746 KmAA.
1156 4694 1247 4759 cr.

2430 4687 2599 4761 474
2626 4683 2855 4742 CAPUT
2889 4682 2975 4738 vr.

1404 4786 1655 4858 Ofﬁcium
1676 4784 1908 4856 pastoris
1933 4799 2062 4855 erga
2083 4783 2368 4854 subjectos.

305 4870 509 4939 Λόγσις
530 4869 643 4944 γὰρ
669 4874 877 4927 οἰκειοῦ
905 4875 976 4929 τὰ
995 4877 1054 4930 ἐν
1080 4877 1261 4941 ἄλλοις
1294 4878 1372 4948 (1)
1399 4895 1413 4908 ·
1447 4878 1543 4931 καὶ
1573 4878 1634 4931 οὐ
1667 4879 1837 4950 δεήσῃ

2010 4874 2269 4932 Oratione
2316 4876 2470 4931 molli
2534 4890 2666 4933 cura
2688 4874 2815 4930 alia.
2847 4873 3006 4929 Haud
3038 4881 3123 4927 est
3145 4886 3371 4927 necesse
3406 4886 3526 4926 ma-

224 4960 445 5030 πολλῆς
473 4962 662 5027 αἰδοῦς
711 4964 967 5022 πάντοτε.
997 4966 1175 5020 Λύπει
1223 4967 1486 5022 νοσοῦντα
1521 4969 1659 5040 πρὸς
1694 4968 1827 5040 χρό-

220 5071 326 5107 νον
358 5053 463 5126 (2),
498 5054 585 5108 ἵνα
617 5056 692 5127 μὴ
734 5059 1149 5132 μακροχρονίσῃ
1175 5099 1190 5125 ,
1218 5062 1251 5131 ἢ
1280 5061 1582 5135 τελευτήσῃ
1608 5063 1672 5114 ἐκ
1701 5079 1829 5115 σιω-

1927 4983 2088 5039 gnam
2116 4967 2208 5024 hic
2237 4983 2453 5039 semper
2491 4969 2753 5025 adbibere
2780 4966 3173 5023 verecundiam
3219 4972 3315 5019 aut
3366 4978 3525 5019 reve-

1934 5061 2189 5118 rentiam.
2259 5060 2449 5133 Aﬁlige
2504 5075 2710 5132 aegrum
2767 5058 2836 5114 ad
2891 5068 3124 5129 tempus,
3180 5071 3250 5112 ne
3294 5055 3522 5113 morbus

219 5144 345 5214 ¹τεῆς
372 5145 676 5215 ἑπαράτου.
711 5146 905 5201 Πολλοὶ
941 5150 1009 5219 τῇ
1033 5152 1212 5220 σιωπῇ
1242 5148 1338 5202 τοῦ
1369 5149 1705 5222 κυϐερνήτου
1728 5168 1830 5206 κα·-

1951 5161 2310 5220 nveteraseat,
2376 5161 2474 5208 aut
2532 5166 2677 5224 aeger
2705 5166 2771 5207 ex
2804 5149 3109 5206 detestabili
3162 5146 3383 5202 silentio
3420 5156 3517 5200 tuo

220 5234 344 5297 λώς
378 5235 565 5289 πλέειν
605 5236 1015 5308 ὑπελάμϐανον,
1067 5240 1174 5301 ἕως
1213 5235 1275 5301 οὗ
1305 5241 1383 5312 τῷ
1420 5240 1615 5312 βραχεῖ
1656 5260 1828 5313 προσ·

225 5329 531 5398 ἐκρουσαν.
569 5329 788 5382 Παύλου
824 5329 919 5383 τοῦ
964 5331 1202 5401 μεγάλου
1254 5333 1332 5404 τῷ
1363 5333 1618 5405 Τιμοθέῳ
1666 5335 1829 5389 ἁκού-

225 5422 792 5493 σνομενγράφοντοςο
834 5424 1107 5496 Ἑπίμενε
1143 5428 1183 5459 ¹¹
1223 5426 1460 5495 αὐτοῖς,
1498 5427 1664 5498 φησὶν
1688 5468 1704 5494 ,
1730 5432 1829 5484 εὑ-

232 5652 425 5721 στηθμ

306 5764 387 5833 (a)
425 5764 576 5821 Prali
608 5768 878 5838 spincap.
920 5769 1016 5823 177

1926 5256 2135 5318 pereat.
2199 5247 2354 5304 Multi
2407 5257 2631 5319 propter
2699 5245 3084 5319 gubernatoris
3106 5238 3423 5314 patientiam
3463 5249 3517 5295 et

1926 5339 2207 5394 silentium
2259 5339 2518 5395 secundis
2580 5353 2642 5395 se
2691 5338 2870 5393 ventis
2947 5334 3169 5405 provehi
3230 5327 3560 5403 putarunt,{

1930 5433 2107 5489 donec
2130 5433 2198 5489 ad
2226 5433 2482 5503 scopulos
2507 5431 2863 5497 offenderent,
2884 5438 2937 5486 et
2969 5430 3024 5484 in
3079 5426 3263 5483 brevia
3314 5424 3515 5494 impin-

305 5580 616 5665 ³Λεὺρίσκει
646 5583 936 5649 παραίτιος
1010 5583 1282 5641 ⁸Αί.ὃθεν.
1359 5584 1804 5665 ξπροεξένησαν.
1882 5580 2157 5653 ⁸ἕξὼθεν.
2234 5588 2256 5620 ν
2286 5591 2474 5660 τηρεῖν
2495 5588 2723 5657 ὀφείλει.
2804 5587 2849 5618 ⁸⁸
2881 5584 3239 5653 ἐσταύρωται.
3298 5580 3340 5613 ¹¹
3379 5578 3509 5634 ἑπίσ

1999 5772 2069 5839 (b)
2105 5771 2199 5827 lib.
2233 5788 2343 5838 χιιι,
2375 5786 2422 5828 c.
2460 5774 2543 5829 18.
