4030 6442
571 289 712 358 1179
1165 387 1167 389 _
1825 293 1884 352 s.
1928 291 2252 355 JOANNIS
2289 294 2600 358 CLIMACI
3683 313 3787 389 ιιδο

577 410 791 476 gerent.
826 397 1020 455 Divum
1051 387 1283 456 Paulum
1329 401 1392 456 ad
1427 401 1776 456 Timotheum
1837 401 2166 458 scribentem

2198 409 2247 468 Α
2271 407 2513 476 καίρως,
2548 408 2836 477 ἀκαίρως·
2863 411 3137 480 εὐκαίρως
3162 409 3261 481 μὲν
3293 405 3468 482 οἶμαι,
3495 414 3578 470 ὅτε
3602 421 3648 473 οί
3670 387 3787 498 ἐλεγ.

574 495 864 552 audiamus
904 512 916 548 :
957 493 1132 560 Iusta,
1191 493 1385 563 inquit,
1413 504 1726 562 opportune,
1789 495 2089 564 importune
2116 493 2163 553 ‘z

2273 500 2496 570 χόμενοι
2525 500 2616 554 τὸν
2642 500 2862 572 ἔλεγχον
2880 501 3054 572 ἡδέως
3075 500 3437 572 ὑπομένουσιν
3457 521 3470 534 °
3493 506 3708 584 ἀκαίρως
3725 493 3783 584 δὲ,

497 642 506 668 ἶ
575 600 886 661 opportune
924 587 1146 658 quidem
1209 588 1425 658 Opinor,
1473 602 1599 642 cum
1654 585 1930 657 objurgati
1980 603 2088 658 repi

2273 593 2352 647 ὅτ’
2382 593 2450 648 ἂν
2476 595 2567 649 ἐπὶ
2597 595 2753 649 τοῦτο
2782 595 3104 651 δάκνωνται.
3147 597 3298 650 Ἐπεὶ
3336 599 3428 654 καὶ
3453 603 3506 655 al
3531 583 3701 675 πηγαὶ,
3720 583 3787 666 και

576 680 897 737 bensionem
928 679 1220 734 admittunt
1271 678 1497 732 libenter
1525 677 1598 750 (a)
1627 696 1642 745 ;
1676 679 1985 750 importune
2019 693 2167 743 vero,

2278 687 2510 758 μηδενὸς
2551 688 2646 742 τοῦ
2685 688 2949 760 διψῶντος
2995 689 3388 755 ἀναϐλύζουσιν
3433 693 3664 763 νάματα·
3703 701 3789 758 ἐστι

577 787 706 830 cum
730 771 1046 842 reprehensi
1068 785 1165 840 per
1188 769 1585 839 impatientiam
1615 771 1938 826 mordentur
1967 779 2022 825 et
2048 768 2168 824 vul-

2280 777 2462 847 φύσις,
2502 778 2569 831 ἵν’
2596 777 2768 843 οὕτως
2802 779 2944 833 εἴπω
2966 820 2982 844 ,
3027 781 3160 850 περὶ
3196 780 3258 834 τὸ
3288 781 3580 838 αἰδεστικὸν
3619 788 3668 840 ὲν
3695 807 3793 862 προ-

579 874 866 924 nerantur,
920 877 1044 918 cum
1099 862 1262 917 etiam
1312 861 1546 918 fontium
1571 862 1934 935 scaturigines
1961 864 2170 917 nemine

2279 871 2478 924 εστῶσι
2524 864 2851 942 παρὲπουσα
2881 874 2947 938 ¹¹,
2991 872 3084 928 καὶ
3131 872 3202 927 τὰ
3230 873 3505 942 ὀφείλοντα
3547 881 3649 942 τοῖς
3680 883 3793 950 opai.

580 957 799 1012 sitiente
831 953 1057 1009 ﬂumina
1090 952 1446 1024 profundant.
1515 952 1722 1009 Natura
1771 954 2171 1024 quodammodo

2281 962 2430 1016 λουσι
2456 963 2501 995 ¹³
2531 963 2792 1027 πολλάκις
2829 965 3110 1020 σιωπῶσα.
3180 965 3342 1028 Ἤτις
3368 967 3428 1020 τὺ
3456 967 3559 1022 τῶν
3595 970 3797 1029 Manta.

581 1056 964 1116 comparatum
990 1055 1098 1112 est,
1132 1047 1210 1102 uti
1249 1047 1580 1102 verecundia
1611 1048 1859 1118 quaedam
1887 1048 2172 1103 comitetur

2281 1054 2389 1108 λων
2427 1055 2604 1109 ποιεῖν
2635 1056 2712 1123 (a)
2745 1056 2837 1108 ἐπὶ
2873 1057 2986 1118 τοῖς
3032 1054 3494 1126 μαθητευομένοις
3527 1057 3596 1129 μὴ
3644 1079 3798 1133 mpm.

579 1138 918 1212 praefectura:
974 1140 1372 1210 magisterium,
1425 1156 1546 1210 quae
1580 1154 1959 1210 saepenumero
2002 1145 2170 1194 retar-

2281 1146 2502 1216 τήσοιτο
2530 1145 2594 1198 ⁸⁸.
2629 1145 2740 1198 Καὶ
2764 1147 2952 1216 γραφῇ
2973 1147 3040 1198 τὰ
3062 1143 3297 1216 χρειώδη
3329 1144 3706 1216 ἀπαγγέλματα
3729 1167 3800 1222 ση-
3831 1136 3835 1143 ’

580 1234 677 1288 dat
741 1232 1146 1303 objurgantem,
1213 1233 1512 1308 quominus
1565 1232 1803 1288 oﬂicium
1832 1247 1996 1288 suum
2023 1245 2171 1287 exse-

2288 1236 2574 1309 μειοῦσθαι
2623 1238 2808 1301 αὐτοῖς
2862 1238 3267 1308 ἐπιχειρήσοιεν
3308 1237 3375 1292 ³⁸.
3422 1236 3734 1309 Ἀκούσωμεν
3762 1242 3801 1296 ἐν

581 1334 807 1403 quatur,
837 1333 891 1385 et
918 1325 1194 1381 monenda
1231 1325 1476 1380 reticeat.
1513 1322 1618 1380 Sed
1655 1333 1841 1395 pastor
1866 1337 1936 1378 ne
1967 1331 2172 1377 recuset

2283 1343 2394 1380 τισι
2428 1325 2529 1398 τῆς
2563 1325 2716 1391 θείας
2745 1327 2930 1399 φωνῆς
2961 1327 3261 1398 λεγούσης·
3307 1329 3611 1396 "Enati-or
3638 1333 3798 1398 αὐτὴν,

584 1432 742 1473 more
809 1415 1176 1472 litteratorum
1227 1417 1515 1486 discipulis
1551 1417 1665 1472 suis
1689 1425 1744 1471 et
1771 1415 2011 1472 alumnis
2043 1415 2175 1470 scri-

2285 1418 2387 1473 ῖνα
2411 1418 2470 1472 τί
2489 1416 2589 1472 καὶ
2614 1418 2729 1488 τὴν
2755 1417 2874 1488 γῆν
2897 1419 3183 1488 καταργεῖ
3193 1435 3213 1485 ;
3259 1419 3370 1473 Καί
3392 1435 3402 1448 ·
3459 1420 3710 1489 Ἐξάρατε
3731 1425 3804 1478 τὸν

585 1518 680 1580 pto
735 1525 960 1581 quoque
1018 1510 1176 1564 utilia
1216 1521 1488 1580 prmeepta
1514 1508 1749 1564 tradere.
1781 1507 2086 1562 Audiamus
2117 1505 2176 1561 de

2285 1508 2557 1576 πονηρὸν
2577 1508 2646 1574 ἐξ
2677 1505 2864 1578 ὑμῶν.
2896 1507 3042 1562 Καί·
3076 1507 3174 1577 Μὴ
3218 1507 3560 1576 προσεύχου
3595 1511 3804 1578 περὶτοῦ

587 1600 939 1670 quibusdam,
973 1617 1186 1658 sacram
1217 1603 1468 1672 paginam
1501 1601 1815 1670 loquentem
1842 1614 1856 1651 :
1916 1597 2178 1652 Exscinde

2287 1601 2440 1656 λαοῦ
2483 1601 2720 1656 τούτου.
2778 1599 2889 1654 Καὶ
2919 1599 3010 1654 ἐπὶ
3059 1597 3154 1653 τοῦ
3203 1599 3381 1652 Σαοὺλ
3433 1599 3641 1669 ὁμοίως.
3669 1600 3803 1654 Ταῦτα

588 1691 764 1758 illam,
793 1691 956 1765 475
982 1693 1166 1764 utquid
1190 1695 1359 1748 otiosa
1385 1703 1578 1746 terram
1593 1701 1812 1760 occupat
1833 1699 1858 1738 8
1885 1691 2026 1746 ?Et:
2062 1689 2179 1744 Tol-

2223 1754 2260 1765 _
2293 1695 2471 1749 πάντα
2501 1693 2592 1748 τδν
2634 1693 2867 1764 ποιμένα
2899 1691 3192 1762 γινώσκειν
3237 1692 3552 1760 ἀναγκαῖον,
3587 1694 3637 1745 ὲν
3663 1694 3803 1761 ποίοις,

594 1789 686 1842 lite
733 1754 950 1841 .ὴαῖἇηῖ
975 1754 1270 1844 επύοίιὶειι.
1323 1785 1388 1842 Ει
1411 1786 1588 1842 illud:
1635 1754 1764 1840 Noli
1795 1785 2067 1855 deprecari
2095 1799 2185 1853 pro

2222 1754 2266 1814 Β
2289 1788 2390 1870 ’καὶ
2419 1788 2558 1852 πῶς,
2585 1789 2680 1840 καῖ
2702 1754 2834 1840 πότε
2863 1754 3171 1856 ὀςδείλουσιν
3195 1754 3464 1854 γίνεσθαι.
3491 1754 3617 1838 Θεοῦ
3643 1754 3806 1857 γὰρ

593 1882 785 1951 populo
823 1881 926 1936 isto
955 1893 968 1931 ι
996 1897 1010 1934 :
1046 1882 1197 1952 paria
1239 1895 1458 1952 quoque
1484 1879 1552 1935 de
1576 1879 1740 1935 Saule
1767 1879 2042 1934 dicuntur.
2070 1875 2184 1934 Haec

2291 1869 2380 1934 δὲν
2414 1877 2796 1948 ἀληθέστερον.
2825 1878 2893 1932 El’
2924 1895 3010 1940 τις
3043 1877 3147 1948 ἰδία
3181 1877 3534 1948 ἐλεγχόμενος
3565 1879 3655 1930 οὐκ
3671 1879 3806 1948 αἰσχύ.

597 1973 786 2030 omnia
847 1985 1079 2046 oportet,
1126 1983 1187 2031 ut
1222 1984 1409 2046 pastor
1444 1982 1676 2028 tractata
1699 1971 1902 2026 habeat
1927 1989 1940 2026 :
1967 1969 2188 2041 quando

2293 1987 2442 2024 νεται
2468 1970 2569 2040 (5),
2605 1963 2760 2030 οὗτος
2789 1969 2885 2023 καὶ
2911 1968 3006 2022 τὸν
3038 1969 3135 2022 ἐπὶ
3163 1967 3405 2040 πλήθους
3437 1967 3661 2039 ἔλεγχον,
3687 1971 3805 2039 ἀφορ-

599 2070 852 2140 inquam,
887 2077 941 2125 et
969 2070 1190 2140 quibus,
1220 2078 1274 2123 et
1301 2068 1682 2138 quadantenus
1717 2067 1834 2122 haec
1865 2065 1978 2121 sint
2037 2081 2190 2121 usur-

2297 2062 2403 2134 μὴν
2441 2061 2834 2134 ἀναισχυντίας
2888 2063 3208 2134 ἐποιήσατο,
3261 2059 3525 2125 ἑκουσίως
3547 2061 3637 2134 τὴν
3671 2061 3807 2114 ἑαυτοῦ

601 2163 777 2234 panda
811 2172 865 2218 et
889 2162 1216 2217 adhibenda.
1247 2159 1393 2216 Nihil
1435 2161 1583 2218 enim
1615 2161 1727 2216 Deo
1775 2159 2046 2215 veracius.
2087 2156 2192 2225 Qui

1775 2159 2046 2215 veracius.
2087 2156 2194 2225 Qui
2295 2155 2572 2226 σωτηρίαν
2602 2155 3020 2227 βδελυξάμενος.
3321 2153 3323 2156 ⁴

601 2254 850 2324 privatim
913 2254 1230 2326 obiurgatus
1285 2268 1393 2310 non
1449 2253 1749 2318 erubescit,
1829 2253 1978 2307 hunc
2030 2249 2250 2322 publica
2304 2250 2471 2304 etiam
2532 2249 2886 2321 reprehensio
2951 2247 3133 2305 reddit
3205 2246 3668 2320 impudentiorem,
3725 2244 3810 2298 dum

602 2363 705 2403 suo
750 2349 957 2406 abusus
1020 2350 1247 2406 cerebro
1299 2349 1534 2405 salutem
1587 2364 1746 2405 suam
1807 2346 1862 2401 in
1904 2344 2200 2417 postremis
2242 2345 2428 2400 habet.

1178 2507 1268 2564 AD
1306 2507 1460 2564 CAP.
1496 2509 1588 2564 Vl.

2821 2505 2931 2559 ΕΙΣ
2960 2503 3214 2557 ΚΕΦΑΛ.
3278 2505 3368 2569 ς’.

1209 2620 1460 2676 Scholion
1502 2622 1552 2676 1.

2911 2618 3169 2687 Σχόλιον
3197 2621 3275 2668 α’.

678 2715 757 2770 Ad
815 2713 1106 2786 praesidem
1166 2715 1347 2776 ovilis,
1401 2723 1454 2769 et
1501 2729 1626 2769 eum
1677 2713 1773 2784 qui
1804 2712 2202 2786 cogitationum

2371 2714 2514 2786 Πρὸς
2541 2713 2633 2768 τὸν
2682 2712 3087 2785 προϊστάμενον
3137 2710 3401 2781 ποίμνης,
3457 2709 3546 2762 xai.
3593 2708 3811 2778 λογισμοὺς

604 2808 846 2864 rationes
901 2822 932 2862 a
983 2805 1246 2862 fratribus
1285 2806 1554 2878 religiosis
1612 2805 1829 2877 accipit,
1884 2820 2066 2862 sermo
2096 2813 2195 2861 est.

2297 2806 2407 2861 τῶν
2432 2806 2676 2877 ἀδελφῶν
2725 2807 3018 2878 δεχόμενον
3041 2822 3054 2836 ο
3089 2805 3118 2857 ὁ
3149 2803 3314 2872 λόγος
3341 2801 3500 2873 φησί·
3529 2801 3680 2855 Ὅταν
3698 2816 3812 2872 προσ-

613 2899 845 2967 Quando
900 2897 1023 2968 quis
1081 2899 1147 2953 ad
1204 2907 1256 2953 te
1294 2895 1590 2953 conﬁtendi
1648 2912 1816 2954 causa
1879 2897 2196 2963 accesserit,

2299 2899 2430 2971 έλθῃ
2455 2899 2536 2953 σοί
2555 2916 2638 2963 τις
2660 2897 3168 2970 ἐξομολογήσασθαι
3187 2912 3198 2926 ·
3227 2897 3330 2951 καὶ
3349 2895 3599 2958 πολλάκις
3616 2892 3811 2963 metu,

619 3002 675 3047 ct
741 3007 884 3063 sarpe
927 2991 1126 3048 anxius
1159 2991 1396 3059 haeserit,
1421 2991 1487 3046 da
1517 3006 1739 3062 operam
1772 2999 1831 3046 nt
1857 2990 1989 3046 solis
2021 2990 2202 3045 verbis

2303 2993 2573 3059 σπούδαζε
2597 2993 2781 3063 λόγοις
2811 2993 2994 3064 μόνοις
3016 2989 3362 3046 οἰκειοῦσθαι
3390 2989 3459 3043 τά
3487 2989 3678 3042 ἐκείνου
3695 3002 3708 3018 ·
3727 2979 3813 3044 οἷον.

607 3086 855 3151 animum
913 3084 1086 3155 ipsius
1150 3087 1513 3155 permulceas,
1559 3093 1613 3140 et
1660 3085 1900 3140 cicurem
1952 3082 2198 3148 reddas;

2301 3086 2426 3155 λέγε
2461 3085 2599 3157 πρὸς
2635 3086 2799 3139 αὐτόν
2820 3101 2834 3115 ο
2866 3079 2939 3138 Ὦ
2983 3082 3198 3151 ἀδελφε,
3241 3084 3322 3154 μὴ
3367 3079 3538 3134 λυποῦ
3561 3098 3574 3113 ·
3599 3077 3727 3146 κάγὼ
3749 3075 3815 3144 γὰρ

608 3175 758 3230 verbi
782 3189 970 3238 causa,
999 3173 1087 3229 dic
1123 3192 1137 3228 :
1178 3172 1326 3230 «Non
1353 3183 1456 3241 est,
1493 3173 1682 3240 frater,
1725 3171 1872 3243 quod
1916 3170 2080 3226 anxie
2115 3169 2199 3225 tri-

2303 3178 2366 3233 τὸ
2404 3179 2497 3232 καὶ
2549 3177 2612 3236 τὸ
2660 3175 2899 3248 ἔπραξα.
2939 3178 3123 3239 Ἤτοι,
3185 3174 3339 3247 ἅπερ
3373 3174 3577 3237 ἐκεῖνος
3603 3169 3814 3232 ὲνδοιάζει.

610 3267 812 3332 steris;
845 3281 972 3320 nam
1026 3276 1081 3322 et
1129 3281 1229 3337 ego
1259 3268 1363 3323 hoc
1399 3277 1454 3322 et
1479 3267 1582 3322 hoc
1610 3266 1717 3338 egi;
1760 3285 1780 3317 ι
1810 3273 1907 3320 aut
1932 3263 2041 3318 alia
2079 3276 2201 3333 qua:

2232 3306 2280 3372 ο
2308 3273 2562 3333 κάκεῖνος
2586 3268 2767 3322 λαϐὼν
2794 3269 2999 3339 θάρσος
3031 3269 3160 3338 εἴπῃ
3190 3283 3282 3320 σοι
3312 3267 3489 3320 πάντα
3517 3261 3756 3333 καθαρῶς
3780 3259 3816 3309 σὺ

611 3359 704 3414 ille
763 3359 912 3424 fecit,
944 3367 1004 3414 ut
1034 3368 1088 3415 et
1126 3359 1218 3416 ille
1252 3370 1471 3430 sumpta
1511 3358 1710 3415 llducia
1744 3357 1931 3412 omnia
1967 3356 2063 3410 tibi
2092 3355 2202 3410 sin-

2233 3349 2280 3372 ν
2311 3365 2368 3419 δὲ
2397 3362 2670 3427 σπούδαξε
2699 3362 2774 3433 μὴ
2803 3363 2899 3416 καὶ
2949 3361 3132 3432 ἔργοις
3163 3361 3363 3413 ἐκεῖνα
3390 3358 3427 3412 ἃ.
3457 3356 3627 3427 λέγεις
3655 3349 3817 3408 οίκειοῦ·

613 3467 738 3508 cere
782 3462 1040 3522 exponat.
1075 3453 1170 3508 sed
1195 3467 1328 3508 cave
1363 3468 1433 3506 ne
1464 3466 1650 3522 opere,
1675 3465 1798 3521 qua:
1820 3449 1959 3505 dicis
1985 3448 2204 3510 doceas,

2314 3457 2460 3524 σθαι,
2500 3457 2667 3528 ἠγουν
2697 3457 2957 3526 πράττειν
2978 3471 2992 3484 ο
3027 3453 3164 3506 ἀλλά
3188 3451 3379 3523 λόγοις
3402 3451 3598 3522 μόνοις,
3622 3447 3700 3500 καὶ
3721 3443 3818 3497 οὐδε·

616 3553 711 3598 aut
733 3541 923 3610 facias,
955 3551 1010 3598 et
1048 3543 1124 3598 ita
1154 3541 1571 3598 familiariorem
1614 3542 1834 3608 reddas,
1861 3539 1956 3596 sed
1995 3538 2127 3594 solis
2158 3545 2207 3593 et

1614 3542 1834 3608 reddas,
1861 3539 1956 3596 58d
1995 3538 2127 3594 SOliS
2158 3545 2212 3593 ει
2317 3550 2416 3620 μία
2438 3567 2519 3603 σοι
2551 3549 2771 3620 φροντὶς
2795 3549 2961 3618 ἤγουν
2991 3546 3184 3618 βλάϐη.

617 3635 780 3691 nudis
845 3637 1030 3692 verbis
1083 3637 1184 3709 (a),
1231 3653 1412 3708 neque
1451 3636 1549 3691 tibi
1581 3635 1687 3689 ulla
1715 3649 1872 3698 cura,
1897 3633 2011 3688 sive
2038 3645 2210 3686 nocu-
3425 3622 3462 3686 1i-

616 3736 863 3782 mentum
907 3727 1074 3783 ullum
1106 3729 1233 3784 inde
1275 3727 1578 3798 proveniet.

1043 3819 1272 3875 Joannis
1303 3819 1628 3875 Damasceni
1650 3818 1703 3871 ἓ.
2482 3825 2634 3894 Σχόυί

2482 3825 2740 3894 Σχόυίιον
2769 3825 3054 3880 Ἰωάννου
3082 3825 3190 3879 τοῦ
3221 3823 3616 3895 Δαμασκηνοῦ
3642 3823 3708 3886 ῥ’.

689 3907 947 3967 Tristitia
1006 3920 1246 3982 quatuor
1300 3927 1520 3983 genera,
1579 3910 1737 3966 dolor
1789 3910 2026 3982 elinguis
2085 3908 2215 3980 ἄχος

2388 3918 2500 3988 Τῆς
2529 3917 2710 3989 λύπης
2760 3917 2878 3990 εἴδη
2902 3915 2942 3970 δ’
2960 3935 2974 3947 ·
3031 3917 3184 3988 ἄχος,
3240 3917 3428 3988 ἄχθος,
3465 3914 3662 3987 φθόνος,
3706 3909 3816 3968 ἔλεος.

617 4013 703 4062 est
753 4006 908 4062 dolor
951 4021 1049 4061 seu
1107 4005 1326 4061 tristitia
1358 4021 1480 4075 quae
1515 4019 1702 4060 vocem
1736 4003 1928 4058 adimit
1959 4003 2165 4058 dolenti
2197 4019 2208 4068 ;

2321 4011 2487 4079 Ἀχος
2518 4009 2618 4080 μὲν
2646 4005 2741 4064 οὖν
2771 4010 2892 4064 ἐστι
2925 4009 3072 4081 λύπη
3107 4010 3361 4080 ἀφωνίαν
3385 3999 3818 4079 ὲμποιοῦσα·ἇχθος

619 4101 870 4174 molestia
925 4109 1010 4157 est
1065 4116 1272 4157 mmror
1317 4100 1412 4172 qui
1469 4100 1733 4170 deprimit
1801 4108 1855 4155 et
1885 4096 2210 4168 gravatani-

2317 4101 2374 4154 δὲ
2403 4102 2546 4170 λύπη
2592 4102 2903 4174 βαρύνουσα
2929 4119 2943 4133 σ
2983 4102 3176 4170 φθόνος
3230 4102 3289 4156 δὲ
3319 4101 3462 4172 λύπη
3491 4100 3577 4153 ὑπ’
3600 4091 3818 4162 ἀλλοτρίοις

621 4207 816 4258 mum;
871 4191 1074 4246 invidia
1145 4199 1230 4249 est
1289 4191 1520 4249 allectus
1578 4192 1750 4248 tristis
1787 4205 1953 4260 super
1982 4189 2212 4245 aliorum

2094 4204 2214 4244 rum
2318 4194 2544 4262 ἀγαθοῖς
2565 4212 2577 4225 ·
2603 4195 2752 4260 ἔλεος
2775 4195 2834 4249 δὲ
2855 4194 3002 4265 λύπη
3040 4194 3135 4247 ὑπ’
3156 4194 3464 4264 ἀλλοτρίοις
3493 4191 3683 4252 κακοῖς.

621 4282 830 4352 bonis;
891 4285 1266 4343 misericordia
1326 4287 1545 4342 tristitia
1599 4287 1670 4340 ob
1701 4301 1788 4342 res
1839 4284 2072 4339 aliorum
2124 4283 2220 4337 ad-

623 4393 831 4435 versas.

1270 4473 1541 4528 Scholion.

2930 4471 3194 4540 Σχόλιον
3233 4475 3303 4538 γ’.

701 4567 939 4638 Objurga
989 4577 1303 4638 peccantem
1363 4570 1484 4624 sine
1541 4569 1642 4629 ira.
1705 4578 1760 4622 ut
1817 4567 1986 4621 verbo
2037 4571 2218 4638 potius

2394 4565 2608 4629 Κόλαζε
2650 4564 2821 4636 χωρὶς
2875 4561 3052 4634 ὀργῆς
3080 4561 3175 4614 τὸν
3230 4561 3630 4631 ἁμαρτάνοντα,
3665 4545 3819 4611 ὲνὶόΐίξ)

629 4657 882 4714 inductus
905 4675 1069 4730 quam
1100 4661 1179 4715 ira
1210 4660 1460 4717 emendet
1491 4660 1636 4730 quod
1693 4660 1956 4730 peccavit.

2251 4651 2294 4708 θ
2326 4661 2526 4729 μᾶλλον
2553 4659 2756 4712 πείθων
2777 4657 2943 4711 αὐτὸν
2972 4655 3070 4710 καὶ
3117 4655 3193 4725 μὴ
3227 4654 3370 4726 ὀργῇ
3401 4645 3728 4720 διορθοῦσθαι.

1258 4753 1426 4826 476
1454 4753 1636 4807 Aliud.

1596 4753 1636 4807 ί.
3009 4750 3187 4803 Ἄλλο

701 4844 898 4902 Poenas
952 4847 1102 4904 dabit
1150 4825 1330 4903 rector
1393 4849 1599 4918 populi,
1665 4845 1889 4918 quando
1943 4860 2051 4900 non
2083 4843 2222 4900 tollit

2394 4845 2561 4915 Δίκην
2592 4842 2778 4912 ὑψέξει
2815 4842 2843 4894 ὁ
2872 4839 3178 4910 ποιμαίνων
3206 4837 3359 4904 λαὸν,
3401 4837 3493 4890 καὶ
3523 4832 3593 4906 μὴ
3619 4825 3822 4881 ἐκκόπτων

628 4941 796 4996 etiam
827 4940 1036 4996 minora
1063 4941 1212 4998 illius
1249 4943 1473 4998 delicta.

2324 4939 2393 4994 τὰ
2425 4938 2597 5009 μικρὰ
2628 4935 2806 4990 αὐτῶν
2830 4933 3233 5005 ἁμαρτήματα.

1353 5036 1536 5090 Aliud.
3015 5027 3219 5082 Ἄλλοι
3627 5108 3636 5110 _
3755 5092 3799 5110 ,.

708 5125 810 5183 Par
866 5140 951 5186 est
997 5141 1058 5187 ut
1083 5140 1399 5202 peccantem
1421 5131 1708 5203 diligenter
1735 5140 1791 5188 et
1816 5144 2006 5189 severe
2034 5131 2222 5188 redar-

2401 5120 2618 5194 Πρὲπον
2653 5119 2773 5174 ἐστὶ
2815 5117 3061 5188 ἐλέγχειν
3101 5115 3192 5170 τὸν
3227 5113 3603 5188 ἁμαρτάνοντα
3623 5106 3822 5172 lutitst

722 5285 741 5324 ί
779 5287 820 5342 ll
847 5289 988 5345 Tim.
1021 5306 1095 5361 IV,
1129 5291 1182 5344 2.
1267 5291 1290 5330 ε
1318 5291 1450 5348 Luc.
1480 5307 1608 5357 xm,
1657 5291 1710 5348 7.
1789 5293 1818 5332 ιι
1851 5290 1871 5346 ῐ
1899 5289 2028 5347 Cor.
2073 5306 2127 5356 ν,
2176 5288 2264 5343 15.

1318 5291 1450 5348 Luc.
1480 5307 1608 5357 xm,
1657 5291 1710 5348 'l.
1789 5289 2028 5347 thor.
2073 5306 2127 5356 ν,
2176 5288 2264 5343 15.
2351 5287 2366 5326 ί
2425 5283 2627 5340 Jerem.
2669 5299 2767 5349 vn,
2825 5281 2909 5337 16.

709 5450 754 5482 ¹²
778 5451 1040 5521 ῥέπουσα.
1121 5449 1164 5481 ¹³
1190 5450 1331 5516 opst,
1373 5446 1579 5518 λόμενα
1600 5449 1712 5510 τοῖς
1746 5445 2012 5514 ὑπηκόοις
2054 5441 2330 5509 λέγεσθαι.
2413 5441 2457 5471 ⁸⁸
2507 5433 3070 5510 παραιτησάσθωσαν.
3146 5433 3192 5466 ι’
3229 5429 3677 5521 ὲπιχειρείτωσαν.

713 5516 1065 5613 (aiRaderus
1096 5543 1150 5598 in
1174 5558 1345 5614 marg.
1391 5516 1467 5598 lta
1517 5541 1578 5595 Β.
1640 5540 1700 5594 Ρ.
1753 5539 1816 5595 Ν.
1893 5538 2042 5593 fecit.
2068 5566 2126 5575 —
2165 5533 2219 5589 Id
2328 5535 2523 5614 ποιεῖν,
2549 5542 2654 5614 etc.
2689 5531 2744 5583 Si
2761 5529 2897 5614 Iquid
2929 5519 3664 5614 praeceptoribus.faciendlml

714 5579 789 5613 μη
823 5579 1065 5600 “an...”
1097 5579 1345 5614 ...ωε
1391 5579 1467 5598 ...ι
1517 5579 1578 5595 ν.
1640 5579 1661 5592 .
1687 5581 1700 5594 .
1893 5579 2042 5593 ων...
2554 5579 2654 5612 --π-
2694 5579 2744 5583 κ-
2774 5579 2897 5600 «ιν-
3081 5579 3186 5608 -ηκ
3276 5596 3288 5608 ,
3341 5579 3374 5607 κ,
3477 5594 3486 5604 ,
3606 5588 3615 5597 .
3765 5590 3775 5605 ,

641 5624 728 5669 est
787 5613 1050 5681 lgnatins.
2326 5603 2646 5660 erudiendis
2690 5600 2774 5655 vel
2807 5601 3177 5700 ‘corrigcndis
3212 5579 3814 5700 _dtsc.tpults,.ml:,1

719 5685 782 5700 ιιι
821 5683 836 5700 Ι
1022 5685 1033 5700 I
1064 5686 1074 5698 ι
1285 5685 1318 5700 οι
1343 5685 1376 5700 ⁸1
1443 5684 1455 5697 ο
1482 5685 1494 5700 ι
1536 5694 1547 5700 -
1697 5699 1704 5700 κ
1765 5699 1772 5700 κ
1803 5699 1806 5700 ,
1856 5692 1886 5700 Α.
1923 5698 1934 5700 _
1999 5680 2079 5700 ___,!
2110 5679 2190 5700 ΡΛ.-
2327 5693 2392 5700 ..Α
2426 5684 2670 5700 κιιηιιηΛΑιΙ
2729 5688 2800 5700 nn.
2854 5678 3118 5700 numnnnln
3151 5678 3318 5700 n'nﬂli‘l
3356 5684 3407 5700 Ill
3461 5679 3557 5700 cnl'l

715 5656 1111 5754 it)"i.'&:ii§iiic
1131 5685 1380 5743 nonnihil
1407 5684 1622 5739 videtur
1650 5692 1963 5754 corruptus,
1990 5679 2217 5754 qnifor-
2326 5656 2402 5731 ne
2426 5684 2697 5754 recusent,
2729 5673 2821 5751 sed
2854 5656 3122 5740 prrecema
3151 5668 3318 5723 etiam
3356 5656 3407 5722 in
3461 5661 3643 5730 scripto
3666 5656 3811 5708 "idem

643 5751 792 5810 lasso
815 5754 888 5807 ita
918 5755 1193 5811 sanandus
1251 5757 1340 5822 sit,
1401 5759 1449 5810 εἰ
1501 5755 1581 5809 δεῖ
1629 5773 1679 5807 τι
1734 5751 1839 5808 τῶν
1883 5751 2218 5805 διδασκάλων

1140 5772 1193 5811 us
1251 5757 1340 5822 sit,
1401 5759 1449 5810 ei
1501 5755 1581 5809 δεῖ
1629 5773 1679 5807 τι
1734 5751 1839 5808 τῶν
1883 5751 2218 5805 διδασκάλων
2327 5752 2731 5817 negravcnlnr.
