4030 6486
301 384 439 454 1181

1458 403 1472 413 ⁸
1506 386 1737 446 LIBER
1756 385 1858 445 AD
1888 384 2311 446 PASTOREM.

3438 379 3579 446 1182

297 498 401 556 καὶ
446 494 749 560 σπουδαίως
787 495 925 567 πρὸς
961 494 1279 567 διόρθωσιν·
1328 496 1378 550 εί
1401 495 1459 549 δὲ
1484 497 1713 567 ἑπιμήει
1745 497 1790 528 ³⁸
1824 499 1890 567 τῇ

2011 504 2145 567 ςυιιι,
2182 504 2239 552 et
2255 494 2328 551 ad
2357 493 2796 551 emendationem
2819 491 3063 548 inducat.
3090 491 3247 560 Quod
3295 492 3343 547 si
3397 493 3582 549 incor-

297 586 473 659 κακίᾳ
513 585 593 658 μὴ
642 583 1049 657 διορθούμενος,
1102 584 1293 639 τοῦτον
1341 583 1626 641 ἑκδιώκειν
1660 585 1770 640 ἀπὸ
1791 588 1891 656 τῆς

298 679 689 750 ἀδελφότητος,
716 678 807 731 ἵνα
835 676 914 750 μὴ
934 678 1031 732 καὶ
1060 676 1191 741 τοὺς
1227 675 1450 741 λοιποὺς
1478 678 1856 748 καταστρέψῃ.

983 862 1200 916 Ἄλλο.

374 952 514 1023 Περὶ
547 951 789 1023 ἑκάστης
818 950 994 1022 ἀρχῆς
1044 952 1250 1021 μικρᾶς
1305 967 1366 1005 τε
1400 950 1497 1006 καὶ
1527 950 1775 1020 μεγάλης
1799 948 1896 1018 γι-

294 1060 575 1118 γραπται,
607 1043 699 1099 ἵνα
739 1044 855 1106 τοῖς
879 1043 1239 1112 τεταγμένοις
1269 1041 1769 1113 διαμαρτύρωνται.
1801 1039 1899 1094 καὶ

298 1136 391 1208 μὴ
439 1134 848 1205 παρασιωπῶσι
899 1134 971 1188 τὰ
1002 1134 1208 1190 τούτων
1267 1134 1590 1204 πταίσματα
1639 1132 1812 1205 μικρά
1837 1146 1898 1185 τε

296 1229 408 1284 καὶ
435 1227 670 1299 μεγάλα,
702 1228 798 1280 καὶ
820 1228 851 1280 ὁ
882 1227 983 1296 μὲν
1012 1227 1216 1297 ίσχύων
1241 1225 1474 1296 ἐκκόψαι
1495 1225 1556 1279 τὸ
1583 1224 1775 1289 κακδν,
1804 1222 1900 1277 καὶ

293 1317 413 1373 οὐκ
450 1317 699 1388 ἐκκόψει,
726 1318 793 1371 ἐκ
839 1316 936 1371 τοῦ
973 1315 1451 1388 διαμαρτύρασθαι
1494 1315 1556 1370 οὐ
1602 1313 1898 1386 λυτροῦται

296 1408 413 1479 τῆς
433 1406 818 1476 κατακρίσεως
839 1422 856 1437 ο
881 1408 911 1460 ό
934 1406 996 1461 δὲ
1031 1406 1108 1479 μὴ
1144 1406 1344 1477 ἰσχύων
1366 1445 1382 1470 ,
1428 1405 1568 1461 ἀλλὰ
1596 1404 1901 1475 διαμαρτυ-

300 1497 571 1569 ράμενος,
603 1497 699 1551 καὶ
721 1497 796 1567 μὴ
826 1497 1255 1568 ὑπακουόμενος,
1277 1491 1434 1563 οὗτος
1459 1497 1557 1568 μὲν
1575 1495 1676 1568 τὴν
1705 1494 1901 1551 ἑαυτοῦ

298 1589 491 1660 ψυχὴν
516 1589 637 1660 ρύει
657 1605 671 1619 ο
703 1591 750 1643 oi
772 1589 835 1643 δὲ
863 1591 923 1643 τὸ
949 1589 1120 1644 κακδν
1146 1590 1481 1662 πράττοντες
1509 1590 1568 1643 ὲν
1588 1587 1739 1658 αὐτῷ
1761 1588 1901 1641 dino-

303 1680 602 1738 θανοῦνται
624 1698 643 1716 ο
675 1683 882 1754 ἑκάστη
908 1683 965 1737 δὲ
995 1683 1141 1755 ἁρχὴ
1183 1684 1503 1738 ἀπαιτεῖται
1522 1677 1905 1752 διαμαρτύραο

311 1773 469 1840 σθαι,
520 1774 619 1828 καὶ
664 1775 779 1837 τοῖς
830 1773 1009 1846 ὀρθῶς
1062 1775 1455 1846 πορευομένοις
1509 1773 1584 1844 μὴ
1617 1773 1897 1835 ἐκπεσεῖν,

1994 597 2180 644 rectus
2224 589 2428 644 haereat
2483 589 2540 645 in
2586 587 2723 642 vitio
2739 595 2796 643 et
2815 586 3021 642 malitia
3054 600 3175 653 sua,
3206 586 3582 641 exterminan-

1992 680 2098 734 dus
2129 687 2217 735 est
2245 694 2278 734 e
2311 679 2676 735 contubernio
2701 678 2956 746 lratrum,
3004 693 3074 733 ne
3122 676 3363 746 reliqum
3414 677 3583 732 etiam

1993 777 2294 839 pervertat.

2691 859 2873 914 Aliud.

2073 950 2148 1006 De
2178 951 2329 1006 omni
2358 950 2681 1021 magistratu
2714 966 2812 1007 seu
2844 966 3044 1022 magno
3071 965 3168 1007 seu
3218 962 3389 1020 parvo
3438 949 3585 1005 scri-

1996 1049 2151 1111 ptum
2207 1052 2315 1107 est,
2376 1050 2436 1096 ut
2495 1042 2759 1112 subjectis
2791 1043 2987 1099 delicta
3020 1058 3123 1099 sua
3169 1056 3265 1099 seu
3288 1056 3453 1113 parva
3485 1054 3585 1097 seu

1998 1148 2193 1204 magna
2217 1150 2341 1190 cum
2370 1135 2736 1193 obtestatione
2759 1134 3104 1204 denuntient,
3129 1145 3186 1193 et
3212 1136 3360 1191 nulla
3415 1135 3585 1190 silens-

2000 1227 2077 1280 tio
2117 1226 2519 1282 transmittant.
2567 1228 2674 1293 Qui
2720 1227 2866 1284 enim
2901 1229 3106 1284 malum
3134 1227 3458 1283 exscindere
3484 1240 3585 1296 po-

2000 1324 2131 1384 test,
2160 1328 2214 1374 et
2248 1333 2359 1374 non
2386 1319 2679 1389 exscindit,
2709 1335 2817 1375 non
2843 1322 3035 1377 evadet
3059 1320 3465 1376 damnationem
3513 1316 3597 1400 ob;

2000 1410 2174 1467 solam
2203 1412 2652 1468 obtestationem.
2688 1413 2845 1480 Quod
2878 1414 2924 1470 si
2952 1413 3245 1469 emendare
3268 1427 3377 1468 non
3433 1418 3588 1483 pote-

2000 1503 2095 1569 rit,
2161 1511 2219 1558 et
2276 1512 2595 1573 peccantem
2644 1515 2826 1563 tamen
2864 1505 3189 1571 obtestetur,
3220 1512 3275 1559 et
3303 1519 3333 1559 a
3363 1510 3589 1574 peccato

2001 1595 2348 1663 dehortetur,
2385 1599 2478 1654 sed
2504 1599 2596 1654 ille
2624 1599 2826 1655 surdus
2864 1613 2973 1653 non
3010 1606 3221 1668 pareat,
3251 1597 3343 1651 hic
3405 1596 3588 1666 (pra:-

2004 1691 2144 1757 ses)
2203 1688 2445 1744 animam
2492 1703 2651 1744 suam
2716 1690 2931 1755 liberat,
2991 1689 3090 1745 sed
3120 1687 3501 1757 delinquentes
3528 1686 3585 1740 in

2005 1787 2253 1849 peccato»
2285 1795 2391 1836 suo
2445 1783 2784 1849 morientur;
2897 1783 2969 1837 ab
3019 1795 3355 1852 unoquoque
3403 1787 3589 1834 autem
3633 1789 3639 1796 '

309 1868 458 1930 trusi,
488 1866 588 1921 δάν
612 1883 697 1931 τις
718 1867 786 1921 ἑκ
807 1843 917 1921 τῶν
943 1843 1401 1939 ὑποτεταγμένων
1423 1843 1651 1923 δικαίων
1671 1864 1902 1935 ἐκπέσῃ,

2011 1843 2266 1942 principe
2286 1887 2385 1928 seu
2417 1875 2739 1945 magistratu
2764 1843 3021 1945 exigitur,
3059 1882 3120 1929 ut
3148 1843 3206 1928 et
3241 1843 3389 1929 recte
3412 1871 3471 1925 in
3503 1871 3589 1925 via

314 1960 379 2014 οὐ
411 1959 871 2032 προεμαρτύρατο
889 1960 949 2014 δὲ
978 1960 1149 2032 αὐτῷ,
1165 1964 1193 2018 6
1214 1958 1507 2035 πρωτεύων
1530 1961 1708 2030 κρῖμα
1739 1956 1905 2028 λήψε-

319 2067 436 2105 ται.

2010 1963 2357 2020 ambulantes
2402 1965 2723 2020 adhortetur
2780 1974 2839 2020 et
2878 1966 3202 2031 obtestatur,
3236 1977 3306 2018 ne
3335 1961 3593 2019 deﬁciam

2009 2060 2108 2106 aut
2147 2052 2425 2109 excidant.
2486 2051 2589 2109 Ubi
2652 2061 2836 2109 autem
2901 2053 3173 2124 quispiam
3217 2066 3284 2107 es
3323 2048 3591 2121 subjectis

318 2143 430 2211 piis
484 2153 541 2198 et
581 2142 745 2213 iustis
783 2140 1068 2209 exciderit,
1134 2155 1244 2196 non
1272 2140 1428 2211 prius
1486 2154 1517 2195 ο
1573 2153 1676 2196 suo
1729 2135 1964 2208 preside
2004 2140 2079 2199 de
2125 2142 2369 2211 periculo
2400 2144 2711 2201 admonitus
2742 2158 2947 2215 praeses
2977 2144 3094 2214 ipse
3113 2142 3380 2215 judicium
3425 2141 3594 2197 susti-

320 2234 499 2291 nebit.

971 2353 1254 2420 Σχόλιον.

399 2439 536 2494 Ἀπὸ
556 2440 861 2512 ἀρχιερέων
891 2442 985 2496 καὶ
1017 2440 1281 2511 βασιλέων
1303 2439 1399 2496 καὶ
1430 2439 1541 2495 τῶν
1570 2438 1775 2495 λοιπῶν
1798 2440 1902 2505 ἓως

313 2530 579 2596 εὐτελοῦς
617 2534 871 2602 πένητος,
890 2525 966 2586 ὧν
989 2531 1295 2599 ἐξουσιάζει
1324 2533 1641 2587 ἀπαιτεῖται
1669 2532 1903 2604 διαμαρ-

314 2622 591 2695 τύρασθαι
618 2623 759 2676 κατὰ
787 2623 886 2694 τὴν
925 2622 1120 2677 ἑαυτοῦ
1159 2623 1387 2696 δύναμιν
1421 2623 1673 2691 ἕκαστος,
1703 2626 1765 2678 οὐ
1802 2625 1901 2696 μό-

316 2730 413 2767 νον
442 2714 553 2776 τοίς
575 2712 857 2777 ἀτάκτοις,
889 2712 1026 2767 ἀλλὰ
1055 2714 1282 2777 καὶτοῖς
1312 2715 1611 2788 ὲναρέτοις,
1642 2717 1702 2769 ού
1740 2716 1901 2787 μόνον

315 2804 464 2873 ὑπὲρ
489 2804 740 2876 πράξεων
770 2805 1053 2871 ἐναντίων,
1098 2805 1235 2860 ἀλλὰ
1281 2808 1378 2862 καὶ
1406 2807 1625 2878 φαύλων
1661 2808 1902 2880 ὲνθυμήο

311 2912 462 2951 σεων
494 2895 546 2948 οί
575 2896 839 2968 ἄρχοντες
862 2896 973 2952 τῶν
995 2897 1272 2970 ὑπηκόων,
1304 2899 1724 2972 ύπερεύχεσθαι,
1757 2901 1898 2956 κατὰ

306 2985 409 3041 τὸν
454 2984 596 3054 Ἰὼϐ,
627 2986 958 3057 ὀφείλουσιν.

935 3468 1185 3525 ΚΕΦΔΔ.
1228 3472 1302 3525 Z'.

2682 2343 2954 2401 Scholion.

2082 2434 2165 2489 Ab
2191 2433 2462 2507 episcopis
2489 2445 2544 2493 et
2561 2437 2782 2510 regibus
2803 2455 2868 2495 ac
2895 2439 3108 2496 caeteris
3129 2451 3304 2510 usque
3324 2437 3391 2493 ad
3418 2444 3593 2493 extre-

2010 2539 2159 2579 mum
2218 2540 2511 2596 pauperem
2572 2529 2625 2583 in
2672 2544 2814 2599 quos
2879 2538 3202 2600 potestatem
3235 2531 3418 2595 habet,
3449 2530 3592 2584 ratio

2007 2616 2255 2686 exigetur
2281 2617 2348 2674 de
2375 2619 2484 2687 his,
2510 2628 2570 2674 ut
2595 2636 2694 2691 pro
2723 2637 2824 2678 sua
2870 2623 3104 2693 quisque
3155 2621 3412 2677 facultate
3460 2636 3592 2677 suos

2009 2706 2333 2764 adhortetur
2389 2721 2445 2766 et
2491 2713 2815 2780 obtestetur,
2853 2732 2957 2770 non
2990 2715 3270 2786 improbos
3299 2724 3508 2770 tantum
3538 2722 3593 2769 et

2005 2800 2238 2883 solutos,
2293 2803 2389 2858 sed
2435 2804 2639 2874 probos
2690 2806 2857 2861 etiam
2882 2822 2978 2862 seu
3004 2807 3095 2876 qui
3131 2823 3253 2863 cum
3282 2807 3481 2862 virtute
3512 2807 3593 2860 vi-

2006 2903 2156 2950 vunt.
2188 2894 2306 2954 Non
2338 2899 2516 2954 solum
2564 2900 2715 2956 enim
2743 2916 2810 2957 ex
2878 2903 3150 2957 sententia
3204 2902 3325 2957 Jobi
3384 2901 3591 2972 princi-

2007 2986 2168 3055 pibus
2195 3003 2292 3044 seu
2340 2993 2754 3062 magistratibus
2781 2996 3115 3064 precandum
3176 3010 3280 3066 pro
3328 2994 3593 3065 improbis

2006 3080 2292 3137 hominum
2345 3082 2525 3152 factis,
2579 3086 2675 3142 sed
2725 3088 3147 3160 cogitationibus
3208 3090 3371 3144 etiam
3428 3088 3595 3144 malis

1926 3164 1972 3224 Ω
2005 3172 2382 3242 subiectorum
2404 3177 2803 3248 deprecandum
2848 3188 2950 3235 est.

2513 3485 2675 3559 477
2727 3486 2881 3542 CAP.
2898 3485 3026 3585 .Vll.

1289 3578 1526 3650 Subjecti
1548 3599 1644 3653 pro
1669 3584 2000 3655 ingeniorum
2030 3593 2290 3649 varietate
2325 3597 2617 3651 tractandi.

385 3690 589 3749 Σκοπῶ
622 3664 695 3745 δὲ
712 3692 951 3759 κάκεῖνο,
980 3693 1117 3765 ὅπερ
1165 3695 1318 3769 παρὰ
1372 3697 1587 3764 πολλοῖς
1632 3699 1910 3773 εὐγνώμο-

321 3803 408 3840 σιν
465 3785 771 3859 ἀρρώστοις
810 3780 950 3840 εἶδον
995 3787 1278 3859 γινόμενον
1303 3807 1317 3821 ο
1365 3790 1463 3864 τὴν
1523 3793 1632 3865 γὰρ
1698 3794 1910 3848 ἑαυτῶν

324 3879 524 3932 δειλίαν
552 3879 647 3933 καὶ
677 3876 962 3933 ἀσθένειαν
996 3879 1371 3952 ἐπιστάμενοι,
1400 3884 1494 3938 καὶ
1518 3885 1593 3957 μὴ
1652 3884 1912 3958 βουλομέ-

329 3987 457 4033 νους
469 3970 590 4034 τοὺς
607 3971 822 4042 ἰατροὺς
833 3971 1101 4043 δεσμῆσαι
1115 3972 1335 4040 αὐτοὺς,
1357 3976 1452 4029 καὶ
1466 3978 1697 4049 ἑκουσίῳ
1720 3977 1812 4048 βίᾳ
1832 3981 1911 4033 ία-

331 4060 560 4132 τρεῦσαι
588 4061 956 4136 ιδυσιίιπησαν.
985 4063 1078 4118 Διὸ
1113 4064 1176 4118 τὸ
1219 4067 1321 4136 μὲν
1352 4067 1572 4138 πνεῦμα
1602 4070 1909 4141 πρόθυμον,

328 4153 420 4207 διὰ
460 4155 557 4225 τὴν
586 4153 887 4225 μέλλουσαν
922 4155 1148 4210 ὲλπίδαο
1186 4158 1221 4229 ή
1252 4157 1310 4211 δὲ
1345 4158 1482 4231 σὰρξ
1505 4160 1764 4229 ἀσθενὴς,
1823 4161 1911 4216 διὰ

322 4246 427 4310 τὰς
461 4247 835 4318 προλαϐούσας
869 4248 1180 4321 προλείψεις
1226 4250 1293 4306 ¹⁷.
1350 4250 1492 4320 Ἐγὼ
1519 4252 1577 4306 δὲ
1625 4253 1910 4325 ἑωρακὼς,

319 4338 610 4393 πείθεσθαι
636 4340 763 4403 τοὺς
782 4339 998 4411 ἰατροὺς
1025 4340 1376 4414 ὲδυσὼπησα.
1393 4343 1529 4398 Οὐδὲ
1554 4345 1717 4398 πᾶσιν
1744 4345 1776 4398 ό
1818 4344 1911 4400 ὁδ-

313 4430 459 4501 ηγὺς
483 4430 674 4502 στενὴν
707 4432 803 4485 καὶ
833 4430 1202 4506 τεθλιμμένην
1239 4436 1702 4508 προσερχομένοις
1734 4435 1914 4506 λέγειν

314 4522 559 4592 ὀςιείλει⁹
615 4522 738 4577 οὐδὲ
801 4523 909 4595 μὴν
955 4525 1172 4596 ἑκάστῳ
1206 4527 1297 4580 τὸν
1330 4526 1493 4595 ζυγὸν
1541 4526 1782 4599 χρηστὸν
1809 4528 1909 4582 καὶ

312 4615 378 4667 τὸ
418 4613 643 4687 φορτίον
671 4613 925 4686 ἐλαφρόν.
983 4617 1214 4670 Σκοπείν
1242 4617 1299 4671 δὲ
1334 4618 1534 4689 μᾶλλον
1591 4621 1687 4673 καὶ
1740 4635 1912 4691 προσ-
1966 4666 1971 4669 .

313 4706 481 4775 φυῶς
508 4705 773 4777 ἁρμόζειν
799 4706 869 4761 τὰ
899 4708 1188 4780 φάρμακα.
1237 4710 1365 4774 Τοῖς
1412 4712 1511 4782 μὲν
1556 4713 1620 4766 ἐκ
1659 4712 1913 4783 χαλεπῶν

310 4791 869 4864 καταϐεϐαρυμὲνοις
891 4795 1331 4867 ἁμαρτημάτων,
1377 4800 1472 4853 καὶ
1510 4800 1750 4872 εὐχερῶς
1773 4801 1910 4873 πρὸς

308 4885 421 4954 τὴν
479 4884 791 4951 ἀπόγνωσιν
823 4884 1028 4956 έχουσι,
1057 4886 1118 4940 τὸ
1157 4887 1411 4960 δεύτερον
1434 4908 1448 4922 ο
1480 4894 1591 4954 τοῖς
1630 4892 1687 4945 δὲ
1746 4892 1910 4946 πάλιν

2020 3692 2023 3695 ⁷
2083 3689 2220 3745 lllud
2271 3706 2492 3762 quoque
2542 3691 2809 3765 intelligo,
2851 3693 3407 3766 quodaquibusdam
3435 3695 3596 3752 bonae

2010 3781 2233 3847 mentis,
2261 3782 2355 3837 sed
2382 3782 2591 3838 aﬂ'eelis
2616 3793 2671 3838 et
2702 3783 2935 3840 inﬁrmis
2973 3784 3242 3856 religiosis
3289 3784 3595 3843 factitatum
3637 3817 3642 3823 -

2013 3870 2143 3941 vidi,
2175 3873 2270 3942 qui
2320 3890 2435 3929 sua:
2460 3874 2565 3930 sibi
2592 3875 2980 3932 imbecillitatis
3009 3893 3073 3932 ac
3110 3878 3322 3933 timoris
3363 3878 3595 3943 conscii,

2011 3966 2286 4021 medicum
2344 3966 2411 4021 ad
2465 3968 2691 4021 vulnera
2750 3968 3110 4039 trepidantem
3182 3970 3325 4024 ultro
3392 3969 3594 4024 hortati

2012 4060 2162 4118 sunt,
2190 4054 2267 4107 uti
2306 4054 2666 4121 vineirentur,
2703 4062 2757 4112 et
2781 4072 2876 4126 per
2904 4057 3014 4112 vim
3058 4066 3419 4112 curarentur:
3448 4058 3594 4129 quod

2013 4145 2266 4214 Spiritum
2303 4146 2524 4216 quidem
2552 4147 2623 4203 ob
2647 4162 2798 4218 spem
2830 4147 3030 4204 futurae
3053 4149 3177 4204 vitae
3231 4158 3541 4219 promptum
3577 4167 3592 4214 ;

2013 4251 2235 4293 carnem
2300 4247 2480 4294 autent
2549 4249 2773 4311 propter
2813 4249 3064 4313 expertas
3087 4251 3212 4297 ante
3238 4238 3593 4304 defectiones,

2014 4327 2289 4383 infirmam
2348 4329 2604 4384 sentiant.
2658 4327 2772 4400 Ego
2802 4346 2931 4385 vero
2968 4346 3094 4386 cum
3124 4331 3225 4385 hoc
3246 4329 3593 4385 animadver-

2016 4432 2207 4486 terem,
2269 4422 2533 4489 medicos,
2584 4432 2646 4479 ut
2693 4424 2748 4480 ill
2777 4424 2879 4480 sibi
2910 4424 3226 4495 persuaderi
3257 4431 3595 4495 paterentur,

2016 4514 2223 4570 induxi.
2257 4515 2581 4571 Animorum
2621 4516 2731 4572 dux
2763 4527 2817 4572 et
2842 4518 3154 4574 moderator
3181 4532 3286 4573 nec
3339 4515 3597 4571 omnibus

2015 4607 2321 4677 religiosam
2352 4610 2520 4662 vitam
2561 4608 3071 4679 eomplectentibus,
3146 4609 3290 4664 viam
3344 4623 3595 4677 asperam

2012 4710 2068 4755 et
2123 4709 2414 4771 angustam
2468 4699 2797 4770 plenamque
2831 4701 3225 4759 acerbitatibus
3253 4716 3379 4756 esse
3407 4710 3596 4754 osten-

2014 4791 2144 4859 det;
2212 4806 2316 4848 uec
2364 4801 2560 4847 contra
2602 4791 2835 4863 singulis
2859 4792 3051 4863 jugum
3084 4792 3302 4849 Domini
3324 4804 3512 4856 suave,
3542 4800 3597 4845 rt

2015 4896 2157 4936 onus
2213 4881 2331 4936 leve
2364 4898 2379 4948 ;
2419 4881 2514 4936 sed
2576 4880 2856 4951 ingenium
2899 4880 3168 4950 cujusque
3199 4879 3512 4945 aestimabit,
3541 4888 3596 4933 et

309 4975 470 5047 πρὸς
510 4973 571 5026 τὸ
587 4974 792 5045 ύψηλδν
825 4977 919 5030 καὶ
944 4978 1030 5048 οίη
1041 4978 1266 5048 ματικδν
1294 4981 1551 5053 φρόνημα
1576 4982 1818 5038 κλίνουσι
1842 4984 1905 5052 ³⁸,

2014 4973 2334 5029 medicinam
2356 4972 2424 5027 ad
2444 4981 2653 5027 natura;
2686 4972 2972 5043 morbique
2999 4988 3168 5044 genus
3197 4970 3592 5040 attemperabit.

310 5065 380 5118 τὸ
404 5062 633 5138 πρῶτον
672 5066 930 5137 ἁρμόδιον
982 5067 1296 5139 φάρμακον.
1346 5070 1500 5135 Τινὲς
1523 5072 1638 5126 ὁδὸν
1706 5071 1909 5127 ὁδεύειν

312 5156 553 5230 μακρὰν
605 5156 821 5229 ἔχοντες
873 5159 936 5223 ⁸³,
997 5161 1092 5212 καὶ
1117 5162 1494 5233 ἐρωτήσαντες
1559 5165 1683 5227 τοὺς
1744 5164 1908 5232 γινώ-

311 5267 583 5314 σκοντας,
642 5250 861 5305 εύθεῖαν
911 5250 1116 5322 ταύτην
1166 5254 1259 5305 καὶ
1318 5254 1487 5315 λείαν,
1547 5256 1642 5309 καὶ
1697 5257 1913 5310 ἀκίνδυ-

310 5358 410 5395 νον
446 5340 578 5411 παρ’
608 5341 789 5395 αὐτῶν
815 5336 955 5395 εἶναι
988 5342 1260 5412 ἀκηκόασι
1284 5360 1297 5374 ·
1324 5345 1418 5399 καὶ
1455 5346 1640 5416 μέντοι
1672 5349 1737 5417 τῇ
1772 5349 1909 5416 ἀκοῇ

313 5431 701 5503 χαυνωθὼτες
752 5432 887 5504 πρὸς
933 5432 1031 5504 τὴν
1073 5433 1384 5506 ὁδοιπορίαν
1454 5437 1584 5509 περὶ
1643 5438 1732 5507 τὰ,
1767 5439 1910 5509 μέσα

400 5611 418 5662 ι
478 5610 681 5681 Ezech,
711 5628 795 5682 ιιι,
834 5614 916 5669 l9.

400 5765 446 5800 ⁸⁸
490 5768 637 5837 ῐσως
664 5770 958 5842 ἐπιμειδιῇ,
982 5769 1021 5840 ἣ
1048 5767 1325 5842 ὲπιμὲίνῃ,
1349 5766 1386 5839 ἢ
1406 5769 1678 5839 ἐπιμένει.
1756 5770 1796 5802 ¹⁷
1837 5768 2157 5841 προλήψεις.

2014 5063 2226 5119 Etenim
2258 5073 2609 5133 peccatorum
2645 5062 2946 5134 ingentium
3007 5064 3244 5133 pondere
3294 5062 3592 5131 depressis,

2016 5166 2073 5212 et
2137 5157 2203 5210 ad
2257 5154 2688 5226 desperationem
2746 5156 3093 5226 vergentibus
3127 5152 3593 5225 posterius(leni-

2014 5249 2161 5313 talis,
2195 5249 2418 5318 inquam
2444 5288 2461 5315 ,
2494 5246 2851 5317 pharmadum
2884 5248 2902 5320 )
2965 5245 3265 5301 adhibebit.
3326 5244 3593 5299 Sublimia

2013 5357 2144 5399 vero
2182 5340 2547 5412 cogitantibus
2568 5340 2629 5393 'et
2667 5340 2835 5395 nimis
2878 5340 2988 5394 alta
3049 5338 3385 5408 sapientibus
3441 5336 3594 5404 prius

2014 5436 2315 5493 amuletum
2373 5430 2920 5489 accommodandum.
2962 5428 3220 5486 Nonnulli
3258 5427 3474 5501 longam
3509 5427 3593 5482 ιη-

2236 5768 2280 5801 ¹⁸
2302 5767 2548 5837 ῥέπουσι.
2630 5770 2673 5803 ⁸⁹
2700 5766 3008 5834 μέλλοντες.
