4030 6412
439 329 578 402 1183

1678 342 1736 400 S.
1772 341 1806 402 J
1811 340 2014 402 OANN
2024 342 2096 401 IS
2152 341 2458 404 CLIMACI

3569 319 3734 405 nst‘

439 454 683 523 gressuri
708 454 875 519 viam,
924 454 1228 523 percontati
1259 469 1399 524 quos
1427 455 1529 510 via;
1565 469 1769 524 gnaros
1835 456 2023 511 crede-

2135 457 2354 528 ταύτης,
2388 457 2421 525 ἢ
2457 457 2862 522 ἐκινδύνευσαν,
2909 457 3060 528 ﬁnal.
3091 457 3454 529 ὑπέστρεψαν,
3484 458 3719 526 ἀπαρα-

439 543 593 610 bant,
623 559 747 600 cum
779 546 846 599 ab
881 546 950 602 iis
982 556 1186 602 rectam
1217 553 1543 616 planamque
1563 555 1620 602 et
1665 548 1736 602 ab
1765 549 2026 606 omnibus

439 641 615 689 tutam
669 633 883 690 insidiis
929 651 1051 690 esse
1113 637 1457 702 didicissent,
1511 651 1577 692 ea
1610 636 2028 695 denuntiatione

439 723 789 780 remissiores
818 723 968 788 facti,
1006 726 1058 778 in
1087 726 1265 782 medio
1296 743 1437 796 saepe
1465 745 1628 784 cursu
1669 727 1830 785 l'racti
1873 743 2028 784 sum-

439 828 592 868 mum
658 816 850 871 salutis
899 817 1194 874 discrimen
1253 819 1455 886 adiere,
1507 831 1595 874 aut
1624 827 1770 875 certe
1793 821 2024 891 regressi

439 915 587 970 sunt,
636 908 782 977 quod
842 907 909 962 ad
950 908 1272 966 aﬁlictiones
1308 911 1619 967 tolerandas
1647 921 1831 966 essent
1858 910 2028 983 478

439 995 716 1066 imparati.
769 997 972 1054 Contra
1029 1016 1251 1057 rursum
1317 1001 1478 1056 velim
1550 1002 1822 1071 intelligas
1871 1020 1884 1056 :
1926 1002 2022 1056 ubi

439 1085 528 1140 fax
555 1088 762 1145 amoris
805 1089 974 1145 divini
1003 1091 1057 1146 in
1103 1103 1322 1162 pectore
1351 1094 1578 1159 exarsit,
1635 1093 1706 1146 ibi
1734 1094 2025 1147 verborum

437 1178 679 1234 tonitrua
700 1179 778 1234 nil
804 1183 1090 1248 territant;
1123 1191 1198 1246 et,
1229 1183 1322 1238 ubi
1353 1192 1534 1239 metus
1558 1182 1831 1238 ultricium
1882 1181 2026 1251 apud

437 1268 646 1328 inferos
695 1273 1042 1330 ﬂammarum
1088 1276 1288 1340 illuxit,
1344 1276 1418 1330 ibi
1475 1275 1726 1330 laborum
1778 1275 2027 1330 omnium

438 1379 659 1421 summa
708 1367 994 1437 patientia.
1045 1367 1147 1424 Ubi
1195 1369 1433 1438 denique
1461 1383 1587 1438 spes
1608 1368 1756 1438 regni
1789 1367 2028 1424 coolestis

438 1457 684 1528 aﬂ'ulgct,
748 1459 824 1514 ibi
878 1476 1006 1517 mox
1045 1461 1293 1517 omnium
1320 1476 1501 1515 rerum
1532 1461 1899 1514 humanarum
1939 1475 2029 1515 se-

437 1549 630 1616 quitur
692 1551 1046 1620 contemptio.
1103 1550 1237 1605 Duci
1289 1551 1462 1620 peritu
1525 1549 1895 1619 subjectorum
1947 1547 2027 1603 illi

438 1641 680 1696 militum
730 1642 900 1697 animi
929 1652 984 1698 et
1013 1643 1232 1698 ordines
1265 1643 1436 1713 probe
1463 1652 1591 1697 sunt
1613 1639 1976 1712 pernoscendi
2009 1657 2025 1695 :

439 1735 676 1794 fortasse
736 1739 908 1794 latent
951 1739 1010 1794 in
1068 1739 1227 1794 turba
1284 1737 1569 1794 fortissimi
1636 1751 1737 1808 pro
1779 1734 2026 1790 exercitu

2128 548 2416 602 σκεύαστοι
2447 549 2584 619 πρὸς
2607 549 2707 612 τὰς
2756 547 2964 618 θλίψεις
3012 548 3355 620 εὐρεθέντες·
3383 547 3578 617 ὥσπερ
3615 545 3720 599 καὶ

2123 639 2187 692 τὸ
2213 639 2450 710 ἔμπαλιν
2471 639 2584 693 νόει
2609 656 2720 709 μοι,
2753 639 2888 692 ὅπου
2918 637 3059 710 ἔρως
3089 641 3230 702 θεῖος
3253 638 3434 709 ἥψατο
3455 636 3718 709 καρδίας,

2125 730 2246 783 ἐκεῖ
2296 729 2461 798 φόόος
2510 730 2773 800 ῥημάτων
2806 730 2905 782 ούκ
2951 729 3140 800 ἴσχυσε
3163 746 3178 760 ’
3218 731 3312 782 καὶ
3364 730 3502 783 ὅπου
3546 727 3721 798 φόϐος

2125 821 2355 892 γεέννης
2413 822 2705 890 ὲπέφανεν,
2745 823 2862 874 ἐκεῖ
2887 819 3065 874 πόνων
3107 821 3377 874 παντοίων
3434 819 3716 890 ὑπομονή.

2129 913 2304 969 Ὅπου
2332 911 2391 966 δὲ
2429 912 2707 982 βασιλείας
2737 912 2895 975 ἐλπὶς
2917 912 3266 982 γνωρίζεται,
3295 913 3415 964 ἐκεῖ
3441 909 3582 964 ὅλων
3603 911 3722 962 τῶν

2127 1003 2278 1057 κάτω
2321 1004 2746 1075 καταφρόνησις.
2780 1004 2872 1056 Δεῖ
2898 1003 2990 1056 τὸν
3021 1003 3184 1057 καλὸν
3233 1002 3560 1074 στρατηγὸν,
3611 1001 3721 1070 τὴν

2127 1093 2359 1147 ἑκάστου
2409 1092 2520 1146 τῶν
2552 1093 2873 1164 ἀρχομένων
2903 1095 3092 1150 στάσιν
3158 1095 3257 1147 καὶ
3303 1094 3457 1160 τάξιν
3524 1091 3721 1160 σαφῶς

2128 1184 2453 1239 ἐπίστασθαι
2487 1201 2500 1214 ·
2554 1185 2684 1248 ῐσως
2735 1185 2844 1255 γάρ
2886 1188 3024 1239 εἰσιν
3088 1187 3148 1239 ὲν
3192 1185 3271 1256 τῷ
3331 1184 3532 1256 πλήθει
3569 1183 3725 1244 τινὲς

2129 1279 2226 1330 σὺν
2256 1275 2406 1344 αὐτῷ
2427 1276 2567 1346 ὑπὲρ
2599 1274 2708 1329 τῶν
2743 1276 3164 1346 συστρατιωτῶν
3185 1276 3460 1347 πρόμαχοι
3489 1274 3586 1328 καὶ
3619 1290 3725 1343 μο-

2127 1367 2356 1439 νομάχοι
2398 1368 2708 1438 ὀφείλοντες
2734 1368 2793 1421 ὲν
2844 1369 3048 1439 ἠσυχίᾳ
3074 1356 3476 1421 καθίστασθαι·
3529 1366 3589 1417 ού
3628 1363 3724 1416 δύ-

2128 1475 2284 1512 ναται
2353 1457 2514 1528 μόνος
2585 1456 2930 1528 κυϐερνήτης
2969 1457 3139 1526 χωρὶς
3192 1456 3290 1526 τῆς
3339 1455 3448 1508 τῶν
3502 1452 3726 1506 ναυτῶν

2130 1549 2473 1619 συνεργείας,
2533 1548 2634 1618 τὴν
2699 1546 2834 1602 ναῦν
2881 1547 3253 1602 διασώσασθαι
3285 1563 3298 1577 ·
3368 1547 3490 1600 οὐδὲ
3533 1544 3724 1614 ἰατρὸς

2125 1640 2220 1694 τὸν
2258 1638 2540 1709 κάμνοντα
2573 1636 2852 1702 ἰάσασθαι,
2885 1637 2934 1690 εί
2966 1637 3042 1708 μὴ
3074 1637 3342 1710 πρότερον
3379 1636 3511 1707 παρ’
3546 1631 3721 1687 αὐτοῦ

2127 1731 2223 1788 τοῦ
2277 1731 2368 1785 διὰ
2425 1731 2795 1802 δυσωπήσεως
2842 1730 2890 1762 ⁸⁸
2946 1729 3042 1783 καὶ
3090 1729 3191 1800 τῆς
3252 1729 3346 1782 τοῦ
3401 1726 3722 1798 τραύματος

441 1845 570 1888 cum
594 1833 714 1901 ipso
742 1839 1175 1902 propugnatores
1195 1841 1249 1886 et
1305 1829 1670 1900 antesignani,
1703 1838 1759 1884 et
1794 1827 1890 1898 qui
1930 1827 2029 1881 ho-

2135 1821 2493 1894 φανερώσεως
2535 1822 2872 1892 προτραπεὶς
2926 1821 3246 1883 όλοπίστως.
3312 1822 3378 1875 Ol.
3441 1817 3723 1872 αἰδεσθέν-

443 1933 582 1980 stem
625 1923 695 1978 ad
743 1923 1024 1994 singulare
1071 1932 1346 1979 certamen
1412 1923 1652 1977 audeant
1701 1933 2023 1990 provocare,

442 2019 538 2089 qui
595 2019 820 2091 neglecti
865 2020 1014 2076 domi
1060 2019 1116 2075 in
1142 2020 1258 2074 otio
1283 2019 1506 2089 degunt,
1547 2026 1891 2087 cessantque.
1919 2013 2030 2070 Na-

2129 1933 2225 1980 τες
2269 1913 2510 1984 ίατροὺς,
2557 1913 2858 1982 σηπεδόνας
2902 1913 3274 1984 πεποιήκασι·
3315 1911 3504 1964 πολλοὶ⁵
3529 1909 3586 1962 δὲ
3625 1908 3726 1962 καὶ

2135 2005 2397 2070 πολλάκις
2424 2004 2772 2074 τεθνήκασιν.

442 2114 680 2170 varchus
732 2113 941 2186 absque
993 2123 1288 2169 nautarum
1346 2126 1515 2183 opera
1566 2125 1760 2166 navem
1801 2125 1832 2164 e
1881 2102 2169 2174 naufragio
2233 2114 2342 2154 non
2399 2097 2656 2153 servabit.
2723 2095 2965 2186 Medicus
3028 2095 3220 2150 laesum
3286 2109 3396 2151 non
3464 2093 3707 2160 curabit,

443 2213 551 2269 nisi
604 2219 847 2284 rogetur,
883 2209 1044 2281 eique
1094 2208 1296 2263 vulnus
1339 2207 1634 2278 aperiatur,
1689 2213 1746 2259 et
1797 2210 1910 2258 tota
1963 2194 2262 2254 curationis
2321 2189 2464 2245 ratio
2525 2188 2670 2284 illius
2715 2185 3018 2284 diligenti-ae
3073 2197 3127 2241 et
3159 2187 3280 2242 ﬁdei
3337 2186 3710 2284 permittatur.

441 2304 543 2374 Qui
569 2320 636 2361 ex
668 2277 996 2360 verecundia
1036 2301 1264 2358 vulnera
1293 2277 1497 2360 texere.
1544 2311 1758 2354 vermes
1802 2301 1858 2350 et
1926 2301 2149 2364 putores
2218 2287 2423 2348 aluere,
2490 2296 2591 2338 nec
2640 2279 2768 2336 inde
2820 2279 3003 2351 pauci,
3042 2294 3144 2336 nec
3180 2294 3307 2334 raro
3360 2277 3592 2349 periere.

1049 2630 1276 2692 CAPUT
1313 2635 1445 2690 VIII.

2747 2607 2998 2664 ΚΕΦΑΛ.
3029 2606 3110 2660 Η’.

1181 2749 1426 2806 Pastoris
1457 2743 1758 2800 adhortatio
1783 2742 2002 2796 assidua
2030 2736 2204 2801 utilis,
2232 2735 2346 2802 ejus
2387 2730 2689 2795 submissio,
2737 2728 2932 2798 fastus.

508 2859 568 2919 In
610 2864 880 2934 pascendo
907 2879 1067 2936 grege
1111 2865 1371 2935 magister
1403 2864 1618 2934 pecoris
1660 2861 1842 2917 ﬁstula
1905 2873 2024 2913 ser-

2199 2851 2535 2923 Νεμομένων
2564 2847 2676 2902 τῶν
2707 2844 3022 2916 προσάτων,
3059 2843 3124 2913 τῇ
3160 2843 3384 2913 σύριγγι
3423 2841 3517 2896 τοῦ
3563 2840 3728 2910 λόγου

437 2957 622 3012 monis
681 2957 901 3012 assidue
949 2967 1154 3021 utatur,
1215 2957 1518 3026 praesertim
1540 2956 1764 3025 quando
1791 2967 1922 3007 oves
1955 2951 2025 3004 ad

2135 2943 2392 3014 ὃποιμὴν
2429 2937 2767 3011 κεχρημένος
2828 2933 2904 3006 μὴ
2953 2931 3276 3004 παύσηταιο
3333 2933 3429 2986 καὶ
3486 2932 3732 3004 μάλιστα

439 3047 679 3118 quietem
733 3049 1158 3118 proﬁciscuntur
1194 3067 1208 3104 :
1263 3049 1398 3103 nihil
1450 3049 1596 3102 enim
1626 3057 1732 3101 tam
1767 3045 2026 3101 formidat

348 3173 351 3177 -
438 3141 622 3210 lupus,
659 3158 822 3211 quam
857 3143 1145 3213 pastoralis
1187 3158 1378 3198 cannae
1404 3157 1598 3197 sonum
1634 3161 1646 3194 :
1677 3155 1853 3209 neque
1887 3139 1905 3208 (
1935 3153 2026 3194 re-

2134 3034 2440 3106 μελλόντων
2475 3029 2680 3084 τούτων
2712 3029 2790 3090 είς
2849 3025 3017 3079 ῦπνον
3064 3023 3356 3094 ἔρχεσθαιο
3405 3024 3562 3078 οὐδὲν
3613 3025 3728 3094 γὰρ

2132 3128 2306 3191 οὕτως
2376 3126 2580 3210 δέδοικε
2639 3121 2823 3184 λύκος,
2854 3121 2930 3185 ὡς
3028 3117 3287 3190 σύριγγος
3359 3119 3731 3189 ποιμαντικῆς

440 3242 561 3288 ctor
633 3233 989 3306 animarum)
1047 3250 1290 3305 unquam
1343 3251 1403 3289 se
1426 3234 1590 3290 nimis
1629 3245 1680 3286 et
1711 3245 1902 3302 praeter
1936 3247 2027 3286 ra-

2136 3221 2412 3292 ἁπήχημα
2438 3234 2450 3247 ·
2508 3208 2630 3270 οὐδὲ
2680 3215 2911 3270 πάντοτε
2965 3210 3256 3266 ταπεινοῦν
3315 3208 3546 3278 ἀλόγως,
3607 3209 3734 3262 οὐδὲ

445 3326 656 3380 tionem
710 3327 1026 3382 submittat:
1087 3343 1188 3384 nec
1240 3343 1482 3396 unquam
1544 3342 1604 3381 se
1628 3325 1796 3397 479
1835 3325 2031 3381 stolide

439 3418 684 3483 extollat,
740 3419 836 3472 sed
883 3419 937 3473 in
997 3431 1228 3490 utroque
1260 3418 1490 3474 Paulum
1522 3419 1716 3473 ducem
1749 3427 2027 3488 sequatur.

442 3509 589 3566 Dens
639 3511 954 3582 frequenter
1016 3513 1205 3568 oculos
1257 3511 1630 3582 subiectorum
1664 3512 1824 3581 quasi
1865 3509 2032 3565 fasci-

441 3613 559 3668 nat,
619 3618 689 3658 ne
711 3605 983 3674 majorum
1019 3619 1244 3659 suorum
1277 3605 1408 3658 vitia
1440 3603 1868 3672 deprehendant,
1911 3618 2035 3673 qua:

443 3696 492 3750 si
525 3704 712 3767 pastor
738 3697 843 3751 illis
865 3699 1093 3766 aperiat,
1131 3696 1383 3752 ﬁduciam
1416 3697 1636 3751 illorum
1668 3712 1794 3768 erga
1853 3697 2034 3766 ipsum

443 3788 604 3844 tollit.
669 3787 789 3844 Vidi
841 3806 941 3861 ego
994 3789 1281 3860 praesidem
1335 3790 1741 3860 religiosorum,
1787 3789 1881 3860 qui
1917 3790 2034 3845 suis

444 3881 626 3936 ﬁliolis
686 3883 741 3936 in
793 3882 1124 3952 quibusdam
1179 3886 1342 3937 rebus
1399 3897 1493 3952 per
1548 3898 1823 3937 summam
1866 3881 2036 3936 animi

445 3973 834 4028 demissionem
879 3974 1082 4044 optime
1138 3973 1436 4030 consuluit.
1493 3972 1685 4028 Notavi
1738 3974 1906 4028 alium
1940 3974 2034 4044 qui

447 4067 668 4121 stultam
727 4081 884 4122 suam
951 4067 1277 4137 sapientiam
1329 4067 1394 4122 ad
1461 4065 1864 4123 conciliandam
1929 4066 2035 4123 sibi

446 4158 907 4213 existimationem
934 4159 1171 4229 aperuit,
1203 4174 1304 4215 nec
1332 4159 1547 4214 sincere
1577 4173 1705 4230 erga
1758 4159 2037 4228 subjectos

447 4241 724 4296 allectum.
781 4240 928 4298 Raro
979 4243 1227 4314 quidem,
1288 4243 1383 4300 sed
1429 4252 1608 4298 tamen
1645 4259 1708 4298 ex
1738 4259 1905 4299 causa
1933 4243 2038 4298 ali-

447 4339 574 4393 qua,
625 4325 914 4380 observavi
963 4326 1258 4382 nonnullos
1307 4327 1704 4381 vitiositatibus
1763 4326 1934 4382 animi
1984 4334 2039 4381 et

449 4406 955 4476 perturbationibus
985 4409 1254 4465 obnoxios
1279 4403 1515 4480 praeesse
1550 4408 1806 4478 perfectis
1830 4417 1885 4464 et
1925 4423 2040 4463 om-

451 4487 618 4543 nibus
671 4489 1033 4559 cupiditatum
1091 4492 1302 4548 morbis
1329 4492 1616 4562 expeditis,
1647 4495 1739 4562 qui
1773 4493 2036 4562 paulatim

2134 3312 2366 3366 πάντοτε
2399 3307 2569 3379 ὑψοῦν
2607 3305 2871 3378 ἀφρόνως
2932 3302 3124 3358 ἑαυτὸν
3179 3303 3208 3356 ὁ
3242 3299 3526 3372 προεστὼς
3574 3299 3735 3369 ὀφεί-

2133 3407 2235 3470 λει,
2270 3404 2412 3475 ὁρῶν
2450 3401 2661 3457 Παῦλον
2688 3403 2746 3454 ὲν
2773 3398 3113 3470 ἀμφοτέροις
3166 3395 3421 3448 όδεύοντα
3443 3411 3457 3424 ·
3523 3393 3735 3463 Κύριος

2136 3496 2403 3558 πολλάκις
2431 3491 2770 3562 συνεκάλυψε
2820 3491 2952 3552 τοῦς
2978 3486 3291 3558 ὀφθαλμοὺς
3343 3486 3454 3540 τῶν
3491 3484 3738 3556 ἀρχομέ-

2135 3607 2241 3643 νων
2273 3587 2330 3642 ἐν
2384 3603 2496 3640 τισι
2542 3583 2638 3638 τοῦ
2705 3581 3062 3654 προεστῶτος
3102 3577 3501 3650 ὲλλείμμασινο
3565 3577 3737 3640 αὐτὸς

2134 3680 2192 3734 δὲ
2225 3677 2396 3734 ταῦτα
2430 3676 2752 3750 φανερώσας
2778 3674 3038 3727 ἀπιστίαν
3055 3671 3366 3742 ἐγέννησεν.
3415 3665 3566 3723 Εἶδον
3597 3686 3740 3740 προσ

2141 3771 2354 3823 εστῶτα
2381 3769 2441 3834 ἐξ
2472 3770 2650 3840 ἄκρας
2705 3764 3096 3827 ταπεινώσεως
3123 3765 3240 3826 τοῖς
3285 3761 3498 3823 τέκνοις
3530 3759 3586 3812 ἐν
3618 3775 3740 3812 τισι

2140 3859 2643 3932 συμϐουλευόμενον
2674 3874 2689 3890 ο
2728 3856 2824 3911 καὶ
2855 3851 2994 3909 εἶδον
3023 3853 3211 3925 ἕτερον
3245 3853 3344 3922 τὴν
3378 3851 3514 3904 ίδίαν
3541 3849 3740 3918 σοφίαν

2139 3954 2342 4023 ἄσοφον
2372 3952 2433 4019 ἐξ
2486 3953 2717 4023 οίήσεως
2746 3949 2932 4013 αὐτοῖς
2993 3945 3316 4018 ἐμφανίζειν
3372 3942 3735 4016 βουλόμενονο

2139 4046 2233 4100 καὶ
2260 4044 2564 4116 εἰρωνικῶς
2598 4042 2971 4112 διατιθέμενον
3011 4039 3150 4110 πρὸς
3205 4038 3424 4102 αὐτοὺς,
3492 4035 3741 4100 σπανίως

2142 4136 2262 4208 μὲν,
2296 4138 2448 4206 ὅμως
2487 4135 2630 4189 κατά
2653 4151 2772 4187 τινα
2796 4132 3114 4204 περίστασιν
3148 4124 3288 4184 εἶδον
3311 4127 3578 4199 ἐμπαθεῖς
3597 4127 3742 4180 ἀπα-

2139 4226 2248 4280 θῶν
2267 4226 2556 4298 ᾶρξαντας,
2575 4225 2670 4278 καὶ
2699 4224 2842 4278 κατά
2857 4223 3052 4295 μικρὸν
3063 4223 3190 4284 τοὺς
3209 4218 3546 4292 ἀρχομένους
3591 4217 3741 4270 αἰδε-

2146 4317 2400 4383 σθέντας,
2443 4319 2540 4371 καὶ
2568 4318 2637 4371 τὰ
2671 4317 2782 4371 ἴδια
2816 4316 2966 4387 πάθη
2999 4312 3437 4386 περικόψανταςο
3466 4309 3626 4364 τοῦτο
3679 4308 3742 4362 δι

2142 4406 2319 4480 οἶμαι,
2350 4412 2379 4464 ό
2408 4409 2602 4481 μισθὸς
2629 4408 2738 4462 τῶν
2768 4407 3091 4478 σωζομένων
3128 4407 3186 4458 ὲν
3218 4405 3402 4466 αὐτοῖς
3429 4403 3734 4474 ἐνήργησε,

2143 4499 2238 4552 καὶ
2303 4499 2525 4567 γέγονεν
2562 4499 2748 4562 αὐτοῖς
2793 4500 2828 4569 ἡ
2893 4496 3149 4567 ἐμπαθὴς
3197 4493 3534 4567 ὲγχείρησις,
3590 4493 3742 4546 ἀπα-

451 4590 521 4630 e:
572 4577 948 4648 subiectorum
1005 4597 1233 4638 suorum
1289 4583 1491 4638 virtute
1527 4583 1902 4648 verecundati,
1943 4599 2031 4640 sua

2151 4588 2305 4653 θείας
2336 4589 2614 4654 ὑπόθεσις.

455 4668 702 4739 ipsorum
746 4675 877 4742 vitia
935 4689 1154 4746 quoque
1177 4677 1564 4742 emendarunt,
1621 4677 1770 4747 quod
1840 4677 2216 4748 subjectorum
2249 4682 2445 4753 Opinor
2481 4672 2548 4737 ad
2610 4681 2812 4738 cmlum
2865 4681 3263 4736 destinatorum
3289 4676 3465 4730 virtus
3517 4683 3571 4728 ct
3614 4688 3744 4743 pro—

455 4767 650 4821 merita
729 4768 786 4823 in
831 4768 968 4840 ipsis
1018 4769 1253 4828 eﬁicere.
1284 4767 1624 4839 Factumque
1682 4778 1770 4826 cst
1808 4778 1870 4825 ut
1923 4770 2349 4830 administrandi
2407 4789 2612 4831 munus
2642 4774 2841 4830 vitioso
2896 4771 3162 4843 praeberet
3203 4769 3553 4828 occasionem
3618 4781 3746 4837 per-

455 4855 730 4918 lectionis.

1095 5173 1323 5233 CAPUT
1364 5178 1455 5232 IX.

2762 5173 3014 5228 ΚΕΦΑΛ.
3065 5170 3121 5225 Θ*

1633 5291 1826 5347 Pastor
1853 5296 1990 5348 sitin
2020 5291 2254 5347 adversis
2290 5302 2558 5344 constans.

538 5404 858 5459 Cavendum
887 5418 956 5458 ne
982 5415 1295 5473 comparata
1329 5407 1380 5458 in
1423 5415 1605 5474 portu,
1635 5407 1969 5477 dissipemus
2001 5411 2056 5465 in

463 5496 676 5566 pelago.
714 5497 1026 5562 lntelligunt
1056 5496 1303 5568 [norunt]
1344 5499 1472 5568 quid
1527 5499 1631 5553 hoc
1659 5501 1791 5555 dicti
1826 5501 1929 5554 sibi
1960 5517 2054 5556 ve-

2238 5405 2576 5476 Προσεκτέον
2641 5410 2715 5474 μή
2775 5418 2894 5465 πως
2925 5399 2995 5454 τὰ
3028 5399 3120 5454 τοῦ
3151 5397 3374 5467 λιμένος
3432 5400 3490 5450 ὲν
3527 5395 3607 5466 τῷ
3647 5411 3741 5447 πε-

2164 5500 2320 5568 λάγει
2351 5497 2753 5568 σκορπίσωμεν
2783 5515 2796 5527 ·
2826 5495 3001 5548 οἴδασι
3035 5493 3098 5546 τὸ
3145 5490 3438 5561 εἰρημένον
3497 5490 3547 5541 oi
3607 5489 3741 5557 πρδς

466 5584 552 5650 lit,
582 5586 674 5654 qui
718 5588 783 5641 ad
826 5587 1016 5642 turbas
1062 5597 1116 5643 et
1150 5588 1419 5644 tumultus
1475 5604 1656 5643 rerum
1703 5598 2031 5644 cxternarun

2164 5595 2289 5655 τοὺς
2333 5589 2594 5663 θορύσους
2644 5590 2770 5652 τοὺς
2824 5586 2980 5650 ἐκτὸς
3025 5584 3102 5637 ἔτι
3158 5582 3495 5652 ἀγύμναστοι
3545 5580 3738 5648 τυγχὰ-

541 5764 586 5794 ¹⁰
618 5762 970 5835 δυσωπηοίὶς.
