  <div class='ocr_page' id='page_1' title='image "/cluster/home/n/w/nwhite01/storage/ocr_20150623/88/coo.31924054869924/610.png"; bbox 0 0 4030 6434; ppageno 0'>
   <div class='ocr_carea' id='block_1_1' title="bbox 249 367 3530 441">
    <p class='ocr_par' dir='ltr' id='par_1_1' title="bbox 249 367 3530 441">
     <span class='ocr_line' id='line_1_1' title="bbox 249 367 3530 441; baseline 0.002 -7"><span class='ocrx_word' id='word_1_1' title='bbox 249 369 266 434; x_wconf 86' lang='grc'><strong>1</strong></span> <span class='ocrx_word' id='word_1_2' title='bbox 286 370 376 436; x_wconf 70' lang='grc'><strong>185</strong></span> <span class='ocrx_word' id='word_1_3' title='bbox 1465 370 1695 430; x_wconf 82' lang='lat' dir='ltr'><strong>LIBER</strong></span> <span class='ocrx_word' id='word_1_4' title='bbox 1758 369 1858 429; x_wconf 85' lang='lat' dir='ltr'><strong>A‘D</strong></span> <span class='ocrx_word' id='word_1_5' title='bbox 1894 367 2318 430; x_wconf 80' lang='lat' dir='ltr'><strong>PASTOREM.</strong></span> <span class='ocrx_word' id='word_1_6' title='bbox 3396 371 3530 441; x_wconf 81' lang='grc'><strong>1186</strong></span> 
     </span>
    </p>
   </div>
   <div class='ocr_carea' id='block_1_2' title="bbox 241 476 1832 556">
    <p class='ocr_par' dir='ltr' id='par_1_2' title="bbox 241 476 1830 550">
     <span class='ocr_line' id='line_1_2' title="bbox 241 476 1830 550; baseline -0.002 -14"><span class='ocrx_word' id='word_1_7' title='bbox 241 493 454 541; x_wconf 77' lang='grc' dir='ltr'>νοντεςο</span> <span class='ocrx_word' id='word_1_8' title='bbox 489 476 632 549; x_wconf 83' lang='grc' dir='ltr'>μέγα</span> <span class='ocrx_word' id='word_1_9' title='bbox 667 478 769 548; x_wconf 88' lang='grc' dir='ltr'>μὲν</span> <span class='ocrx_word' id='word_1_10' title='bbox 799 478 874 542; x_wconf 85' lang='grc' dir='ltr'>ὡς</span> <span class='ocrx_word' id='word_1_11' title='bbox 906 478 1120 550; x_wconf 78' lang='grc' dir='ltr'>ἀληθῶς</span> <span class='ocrx_word' id='word_1_12' title='bbox 1178 479 1237 531; x_wconf 71' lang='grc' dir='ltr'><strong>τδ</strong></span> <span class='ocrx_word' id='word_1_13' title='bbox 1284 479 1532 550; x_wconf 57' lang='grc' dir='ltr'>εὺνξύχως</span> <span class='ocrx_word' id='word_1_14' title='bbox 1590 480 1685 533; x_wconf 78' lang='grc' dir='ltr'><strong>καὶ</strong></span> <span class='ocrx_word' id='word_1_15' title='bbox 1734 482 1830 535; x_wconf 84' lang='grc' dir='ltr'><strong>ἀν-</strong></span> 
     </span>
    </p>
   </div>
   <div class='ocr_carea' id='block_1_3' title="bbox 1939 476 3530 556">
    <p class='ocr_par' dir='ltr' id='par_1_3' title="bbox 1939 477 3530 556">
     <span class='ocr_line' id='line_1_3' title="bbox 1939 477 3530 556; baseline 0.007 -25"><span class='ocrx_word' id='word_1_16' title='bbox 1939 477 2276 535; x_wconf 79' lang='lat' dir='ltr'><strong>inexercitati</strong></span> <span class='ocrx_word' id='word_1_17' title='bbox 2301 481 2593 556; x_wconf 86' lang='lat' dir='ltr'><strong>prodeunt.</strong></span> <span class='ocrx_word' id='word_1_18' title='bbox 2626 481 2955 540; x_wconf 75' lang='lat' dir='ltr'><strong>Praeclarum</strong></span> <span class='ocrx_word' id='word_1_19' title='bbox 2988 484 3222 556; x_wconf 79' lang='lat' dir='ltr'><strong>quidem</strong></span> <span class='ocrx_word' id='word_1_20' title='bbox 3258 495 3342 541; x_wconf 90' lang='lat' dir='ltr'><strong>est</strong></span> <span class='ocrx_word' id='word_1_21' title='bbox 3370 484 3530 542; x_wconf 86' lang='lat' dir='ltr'><strong>forti-</strong></span> 
     </span>
    </p>
   </div>
   <div class='ocr_carea' id='block_1_4' title="bbox 239 551 1830 647">
    <p class='ocr_par' dir='ltr' id='par_1_4' title="bbox 239 568 1830 642">
     <span class='ocr_line' id='line_1_4' title="bbox 239 568 1830 642; baseline -0.001 -18"><span class='ocrx_word' id='word_1_22' title='bbox 239 569 428 642; x_wconf 85' lang='grc' dir='ltr'>δρείως</span> <span class='ocrx_word' id='word_1_23' title='bbox 457 568 753 637; x_wconf 75' lang='grc' dir='ltr'>ὑπομένειν</span> <span class='ocrx_word' id='word_1_24' title='bbox 788 570 879 622; x_wconf 85' lang='grc' dir='ltr'><strong>τὸν</strong></span> <span class='ocrx_word' id='word_1_25' title='bbox 907 569 1008 640; x_wconf 79' lang='grc' dir='ltr'>τῆς</span> <span class='ocrx_word' id='word_1_26' title='bbox 1035 571 1270 640; x_wconf 80' lang='grc' dir='ltr'>ἡσυχίας</span> <span class='ocrx_word' id='word_1_27' title='bbox 1308 569 1584 633; x_wconf 84' lang='grc' dir='ltr'><strong>καύσωνα,</strong></span> <span class='ocrx_word' id='word_1_28' title='bbox 1615 570 1708 624; x_wconf 74' lang='grc' dir='ltr'><strong>καὶ</strong></span> <span class='ocrx_word' id='word_1_29' title='bbox 1733 571 1830 640; x_wconf 82' lang='grc' dir='ltr'>τὴν</span> 
     </span>
    </p>
   </div>
   <div class='ocr_carea' id='block_1_5' title="bbox 1940 551 3531 647">
    <p class='ocr_par' dir='ltr' id='par_1_5' title="bbox 1940 551 3531 647">
     <span class='ocr_line' id='line_1_5' title="bbox 1940 551 3531 647; baseline 0.009 -27"><span class='ocrx_word' id='word_1_30' title='bbox 1940 574 2020 620; x_wconf 91' lang='lat' dir='ltr'><strong>ter</strong></span> <span class='ocrx_word' id='word_1_31' title='bbox 2070 576 2124 622; x_wconf 89' lang='lat' dir='ltr'><strong>et</strong></span> <span class='ocrx_word' id='word_1_32' title='bbox 2181 551 2442 640; x_wconf 67' lang='lat' dir='ltr'><strong>generose</strong></span> <span class='ocrx_word' id='word_1_33' title='bbox 2485 573 2717 630; x_wconf 85' lang='lat' dir='ltr'><strong>tolerare</strong></span> <span class='ocrx_word' id='word_1_34' title='bbox 2767 591 2892 630; x_wconf 92' lang='lat' dir='ltr'><strong>cum</strong></span> <span class='ocrx_word' id='word_1_35' title='bbox 2966 551 3168 631; x_wconf 78' lang='lat' dir='ltr'><strong>siientii</strong></span> <span class='ocrx_word' id='word_1_36' title='bbox 3225 586 3280 631; x_wconf 90' lang='lat' dir='ltr'><strong>et</strong></span> <span class='ocrx_word' id='word_1_37' title='bbox 3331 578 3531 647; x_wconf 75' lang='lat' dir='ltr'><strong>quietis</strong></span> 
     </span>
    </p>
   </div>
   <div class='ocr_carea' id='block_1_6' title="bbox 238 657 1829 739">
    <p class='ocr_par' dir='ltr' id='par_1_6' title="bbox 238 657 1829 729">
     <span class='ocr_line' id='line_1_6' title="bbox 238 657 1829 729; baseline -0.001 -18"><span class='ocrx_word' id='word_1_38' title='bbox 238 659 498 728; x_wconf 82' lang='grc' dir='ltr'><strong>γαλήνην,</strong></span> <span class='ocrx_word' id='word_1_39' title='bbox 534 657 629 710; x_wconf 78' lang='grc' dir='ltr'><strong>καὶ</strong></span> <span class='ocrx_word' id='word_1_40' title='bbox 654 657 754 728; x_wconf 84' lang='grc' dir='ltr'><strong>τὴν</strong></span> <span class='ocrx_word' id='word_1_41' title='bbox 785 657 1104 729; x_wconf 88' lang='grc' dir='ltr'>ὀλιγωρίαν,</span> <span class='ocrx_word' id='word_1_42' title='bbox 1134 657 1227 711; x_wconf 82' lang='grc' dir='ltr'><strong>καὶ</strong></span> <span class='ocrx_word' id='word_1_43' title='bbox 1261 658 1337 729; x_wconf 87' lang='grc' dir='ltr'><strong>μὴ</strong></span> <span class='ocrx_word' id='word_1_44' title='bbox 1394 657 1676 727; x_wconf 79' lang='grc' dir='ltr'>ἐπιζητεῖν</span> <span class='ocrx_word' id='word_1_45' title='bbox 1734 659 1829 720; x_wconf 80' lang='grc' dir='ltr'><strong>τὰς</strong></span> 
     </span>
    </p>
   </div>
   <div class='ocr_carea' id='block_1_7' title="bbox 1940 657 3531 739">
    <p class='ocr_par' dir='ltr' id='par_1_7' title="bbox 1940 663 3531 739">
     <span class='ocr_line' id='line_1_7' title="bbox 1940 663 3531 739; baseline 0.01 -31"><span class='ocrx_word' id='word_1_46' title='bbox 1940 665 2152 724; x_wconf 81' lang='lat' dir='ltr'><strong>aestum,</strong></span> <span class='ocrx_word' id='word_1_47' title='bbox 2174 665 2288 713; x_wconf 89' lang='lat' dir='ltr'><strong>tum</strong></span> <span class='ocrx_word' id='word_1_48' title='bbox 2319 663 2764 732; x_wconf 84' lang='lat' dir='ltr'><strong>tranquillitatem</strong></span> <span class='ocrx_word' id='word_1_49' title='bbox 2793 674 2847 720; x_wconf 89' lang='lat' dir='ltr'><strong>et</strong></span> <span class='ocrx_word' id='word_1_50' title='bbox 2871 675 3264 737; x_wconf 87' lang='lat' dir='ltr'><strong>contemptum,</strong></span> <span class='ocrx_word' id='word_1_51' title='bbox 3285 684 3386 724; x_wconf 89' lang='lat' dir='ltr'><strong>nec</strong></span> <span class='ocrx_word' id='word_1_52' title='bbox 3409 684 3531 739; x_wconf 78' lang='lat' dir='ltr'><strong>quae</strong></span> 
     </span>
    </p>
   </div>
   <div class='ocr_carea' id='block_1_8' title="bbox 237 744 1828 828">
    <p class='ocr_par' dir='ltr' id='par_1_8' title="bbox 237 744 1828 818">
     <span class='ocr_line' id='line_1_8' title="bbox 237 744 1828 818; baseline -0.001 -17"><span class='ocrx_word' id='word_1_53' title='bbox 237 747 344 801; x_wconf 88' lang='grc' dir='ltr'><strong>τῶν</strong></span> <span class='ocrx_word' id='word_1_54' title='bbox 379 744 486 811; x_wconf 81' lang='grc' dir='ltr'><strong>ἔξω</strong></span> <span class='ocrx_word' id='word_1_55' title='bbox 514 744 608 799; x_wconf 83' lang='grc' dir='ltr'>τοῦ</span> <span class='ocrx_word' id='word_1_56' title='bbox 640 745 826 800; x_wconf 81' lang='grc' dir='ltr'>πλοίου</span> <span class='ocrx_word' id='word_1_57' title='bbox 853 747 952 816; x_wconf 85' lang='grc' dir='ltr'>τῆς</span> <span class='ocrx_word' id='word_1_58' title='bbox 980 745 1178 817; x_wconf 83' lang='grc' dir='ltr'>κέλλης</span> <span class='ocrx_word' id='word_1_59' title='bbox 1213 745 1571 818; x_wconf 80' lang='grc' dir='ltr'><strong>μετεωρίσεις</strong></span> <span class='ocrx_word' id='word_1_60' title='bbox 1603 747 1699 801; x_wconf 73' lang='grc' dir='ltr'>καὶ</span> <span class='ocrx_word' id='word_1_61' title='bbox 1725 765 1828 800; x_wconf 87' lang='grc' dir='ltr'>πα-</span> 
     </span>
    </p>
   </div>
   <div class='ocr_carea' id='block_1_9' title="bbox 1941 744 3532 828">
    <p class='ocr_par' dir='ltr' id='par_1_9' title="bbox 1941 757 3532 828">
     <span class='ocr_line' id='line_1_9' title="bbox 1941 757 3532 828; baseline 0.01 -26"><span class='ocrx_word' id='word_1_62' title='bbox 1941 757 2096 802; x_wconf 79' lang='lat' dir='ltr'><strong>extra</strong></span> <span class='ocrx_word' id='word_1_63' title='bbox 2134 765 2352 816; x_wconf 87' lang='lat' dir='ltr'><strong>navem,</strong></span> <span class='ocrx_word' id='word_1_64' title='bbox 2390 763 2439 808; x_wconf 89' lang='lat' dir='ltr'><strong>et</strong></span> <span class='ocrx_word' id='word_1_65' title='bbox 2480 757 2667 811; x_wconf 82' lang='lat' dir='ltr'><strong>cellam</strong></span> <span class='ocrx_word' id='word_1_66' title='bbox 2707 767 2836 812; x_wconf 88' lang='lat' dir='ltr'><strong>sunt</strong></span> <span class='ocrx_word' id='word_1_67' title='bbox 2867 759 3124 813; x_wconf 85' lang='lat' dir='ltr'><strong>sublimia</strong></span> <span class='ocrx_word' id='word_1_68' title='bbox 3156 760 3433 828; x_wconf 84' lang='lat' dir='ltr'><strong>affectare,</strong></span> <span class='ocrx_word' id='word_1_69' title='bbox 3477 770 3532 818; x_wconf 81' lang='lat' dir='ltr'><strong>et</strong></span> 
     </span>
    </p>
   </div>
   <div class='ocr_carea' id='block_1_10' title="bbox 239 835 1830 922">
    <p class='ocr_par' dir='ltr' id='par_1_10' title="bbox 239 837 1830 912">
     <span class='ocr_line' id='line_1_10' title="bbox 239 837 1830 912; baseline 0.001 -20"><span class='ocrx_word' id='word_1_70' title='bbox 239 838 554 912; x_wconf 78' lang='grc' dir='ltr'>ρακλήσεις,</span> <span class='ocrx_word' id='word_1_71' title='bbox 577 837 767 908; x_wconf 88' lang='grc' dir='ltr'>ῶσπερ</span> <span class='ocrx_word' id='word_1_72' title='bbox 784 839 833 890; x_wconf 88' lang='grc' dir='ltr'><strong>οί</strong></span> <span class='ocrx_word' id='word_1_73' title='bbox 862 838 1116 910; x_wconf 81' lang='grc' dir='ltr'>ὀλίγωροι</span> <span class='ocrx_word' id='word_1_74' title='bbox 1139 838 1249 893; x_wconf 89' lang='grc' dir='ltr'><strong>τῶν</strong></span> <span class='ocrx_word' id='word_1_75' title='bbox 1271 840 1540 894; x_wconf 84' lang='grc' dir='ltr'>ναυτικῶν</span> <span class='ocrx_word' id='word_1_76' title='bbox 1565 840 1625 893; x_wconf 85' lang='grc' dir='ltr'>ὲν</span> <span class='ocrx_word' id='word_1_77' title='bbox 1653 840 1830 912; x_wconf 82' lang='grc' dir='ltr'>καιρῷ</span> 
     </span>
    </p>
   </div>
   <div class='ocr_carea' id='block_1_11' title="bbox 1939 835 3530 922">
    <p class='ocr_par' dir='ltr' id='par_1_11' title="bbox 1939 835 3530 922">
     <span class='ocr_line' id='line_1_11' title="bbox 1939 835 3530 922; baseline 0.011 -29"><span class='ocrx_word' id='word_1_78' title='bbox 1939 841 2188 897; x_wconf 85' lang='lat' dir='ltr'><strong>solatioia</strong></span> <span class='ocrx_word' id='word_1_79' title='bbox 2235 844 2403 916; x_wconf 68' lang='grc'><strong>480</strong></span> <span class='ocrx_word' id='word_1_80' title='bbox 2459 850 2748 916; x_wconf 88' lang='lat' dir='ltr'><strong>venerari,</strong></span> <span class='ocrx_word' id='word_1_81' title='bbox 2796 835 3258 922; x_wconf 85' lang='lat' dir='ltr'><strong>quemadmodum</strong></span> <span class='ocrx_word' id='word_1_82' title='bbox 3308 856 3530 911; x_wconf 85' lang='lat' dir='ltr'><strong>nautica</strong></span> 
     </span>
    </p>
   </div>
   <div class='ocr_carea' id='block_1_12' title="bbox 237 929 1828 1002">
    <p class='ocr_par' dir='ltr' id='par_1_12' title="bbox 237 929 1828 1002">
     <span class='ocr_line' id='line_1_12' title="bbox 237 929 1828 1002; baseline 0.001 -17"><span class='ocrx_word' id='word_1_83' title='bbox 237 930 563 1000; x_wconf 83' lang='grc' dir='ltr'>ἀκρασίας¹¹</span> <span class='ocrx_word' id='word_1_84' title='bbox 606 929 707 1001; x_wconf 84' lang='grc' dir='ltr'><strong>τὴν</strong></span> <span class='ocrx_word' id='word_1_85' title='bbox 733 932 790 984; x_wconf 83' lang='grc' dir='ltr'>ὲν</span> <span class='ocrx_word' id='word_1_86' title='bbox 811 933 926 995; x_wconf 81' lang='grc' dir='ltr'>τοῖς</span> <span class='ocrx_word' id='word_1_87' title='bbox 970 930 1127 985; x_wconf 81' lang='grc' dir='ltr'>ὕδασι</span> <span class='ocrx_word' id='word_1_88' title='bbox 1152 931 1338 999; x_wconf 84' lang='grc' dir='ltr'>πῆξιν·</span> <span class='ocrx_word' id='word_1_89' title='bbox 1363 933 1431 963; x_wconf 82' lang='grc'><strong>¹¹¹</strong></span> <span class='ocrx_word' id='word_1_90' title='bbox 1455 932 1639 1002; x_wconf 82' lang='grc' dir='ltr'>μεῖζον</span> <span class='ocrx_word' id='word_1_91' title='bbox 1660 933 1717 986; x_wconf 86' lang='grc' dir='ltr'>δὲ</span> <span class='ocrx_word' id='word_1_92' title='bbox 1737 932 1828 987; x_wconf 78' lang='grc' dir='ltr'><strong>καὶ</strong></span> 
     </span>
    </p>
   </div>
   <div class='ocr_carea' id='block_1_13' title="bbox 1937 929 3528 1002">
    <p class='ocr_par' dir='ltr' id='par_1_13' title="bbox 1938 933 3528 1002">
     <span class='ocr_line' id='line_1_13' title="bbox 1938 933 3528 1002; baseline 0.011 -17"><span class='ocrx_word' id='word_1_93' title='bbox 1938 933 2124 1000; x_wconf 88' lang='lat' dir='ltr'><strong>turba,</strong></span> <span class='ocrx_word' id='word_1_94' title='bbox 2172 949 2298 990; x_wconf 90' lang='lat' dir='ltr'><strong>cum</strong></span> <span class='ocrx_word' id='word_1_95' title='bbox 2331 948 2414 993; x_wconf 92' lang='lat' dir='ltr'><strong>est</strong></span> <span class='ocrx_word' id='word_1_96' title='bbox 2443 941 2672 995; x_wconf 88' lang='lat' dir='ltr'><strong>malacia</strong></span> <span class='ocrx_word' id='word_1_97' title='bbox 2706 942 2759 996; x_wconf 91' lang='lat' dir='ltr'><strong>in</strong></span> <span class='ocrx_word' id='word_1_98' title='bbox 2796 959 3012 1000; x_wconf 91' lang='lat' dir='ltr'><strong>omnem</strong></span> <span class='ocrx_word' id='word_1_99' title='bbox 3045 961 3105 1000; x_wconf 86' lang='lat' dir='ltr'><strong>se</strong></span> <span class='ocrx_word' id='word_1_100' title='bbox 3133 947 3324 1002; x_wconf 78' lang='lat' dir='ltr'><strong>luxum</strong></span> <span class='ocrx_word' id='word_1_101' title='bbox 3356 948 3528 1002; x_wconf 76' lang='lat' dir='ltr'><strong>effun-</strong></span> 
     </span>
    </p>
   </div>
   <div class='ocr_carea' id='block_1_14' title="bbox 236 1017 1827 1105">
    <p class='ocr_par' dir='ltr' id='par_1_14' title="bbox 236 1023 1825 1098">
     <span class='ocr_line' id='line_1_14' title="bbox 236 1023 1825 1098; baseline 0.001 -19"><span class='ocrx_word' id='word_1_102' title='bbox 236 1023 588 1096; x_wconf 80' lang='grc' dir='ltr'>ἀσύγκριτον,</span> <span class='ocrx_word' id='word_1_103' title='bbox 625 1024 687 1077; x_wconf 81' lang='grc' dir='ltr'>τὺ</span> <span class='ocrx_word' id='word_1_104' title='bbox 741 1024 818 1096; x_wconf 83' lang='grc' dir='ltr'>μὴ</span> <span class='ocrx_word' id='word_1_105' title='bbox 867 1024 995 1090; x_wconf 84' lang='grc' dir='ltr'>τοὺς</span> <span class='ocrx_word' id='word_1_106' title='bbox 1051 1024 1315 1098; x_wconf 85' lang='grc' dir='ltr'>θορύϐους</span> <span class='ocrx_word' id='word_1_107' title='bbox 1383 1025 1636 1091; x_wconf 83' lang='grc' dir='ltr'>δεδιέναι,</span> <span class='ocrx_word' id='word_1_108' title='bbox 1689 1026 1825 1081; x_wconf 79' lang='grc' dir='ltr'>ἀλλὰ</span> 
     </span>
    </p>
   </div>
   <div class='ocr_carea' id='block_1_15' title="bbox 1927 1017 3518 1105">
    <p class='ocr_par' dir='ltr' id='par_1_15' title="bbox 1935 1017 3518 1105">
     <span class='ocr_line' id='line_1_15' title="bbox 1935 1017 3518 1105; baseline 0.012 -33"><span class='ocrx_word' id='word_1_109' title='bbox 1935 1017 2094 1086; x_wconf 91' lang='lat' dir='ltr'><strong>dunt,</strong></span> <span class='ocrx_word' id='word_1_110' title='bbox 2135 1029 2192 1076; x_wconf 89' lang='lat' dir='ltr'><strong>et</strong></span> <span class='ocrx_word' id='word_1_111' title='bbox 2229 1025 2470 1079; x_wconf 88' lang='lat' dir='ltr'><strong>natando</strong></span> <span class='ocrx_word' id='word_1_112' title='bbox 2505 1029 2663 1097; x_wconf 89' lang='lat' dir='ltr'><strong>aquis</strong></span> <span class='ocrx_word' id='word_1_113' title='bbox 2696 1029 2951 1086; x_wconf 90' lang='lat' dir='ltr'><strong>illudunt.</strong></span> <span class='ocrx_word' id='word_1_114' title='bbox 2993 1032 3100 1088; x_wconf 91' lang='lat' dir='ltr'><strong>Sed</strong></span> <span class='ocrx_word' id='word_1_115' title='bbox 3151 1035 3326 1090; x_wconf 92' lang='lat' dir='ltr'><strong>multo</strong></span> <span class='ocrx_word' id='word_1_116' title='bbox 3377 1051 3518 1105; x_wconf 83' lang='lat' dir='ltr'><strong>prae-</strong></span> 
     </span>
    </p>
   </div>
   <div class='ocr_carea' id='block_1_16' title="bbox 237 1112 1828 1189">
    <p class='ocr_par' dir='ltr' id='par_1_16' title="bbox 237 1112 1828 1189">
     <span class='ocr_line' id='line_1_16' title="bbox 237 1112 1828 1189; baseline 0.003 -23"><span class='ocrx_word' id='word_1_117' title='bbox 237 1113 424 1184; x_wconf 82' lang='grc' dir='ltr'>μένειν</span> <span class='ocrx_word' id='word_1_118' title='bbox 472 1112 568 1167; x_wconf 76' lang='grc' dir='ltr'>ἐπὶ</span> <span class='ocrx_word' id='word_1_119' title='bbox 617 1115 732 1178; x_wconf 78' lang='grc' dir='ltr'>τοῖς</span> <span class='ocrx_word' id='word_1_120' title='bbox 760 1114 966 1168; x_wconf 88' lang='grc' dir='ltr'>τούτων</span> <span class='ocrx_word' id='word_1_121' title='bbox 1013 1116 1243 1180; x_wconf 87' lang='grc' dir='ltr'>κτύποις</span> <span class='ocrx_word' id='word_1_122' title='bbox 1285 1118 1352 1189; x_wconf 81' lang='grc' dir='ltr'>τῇ</span> <span class='ocrx_word' id='word_1_123' title='bbox 1380 1115 1578 1187; x_wconf 76' lang='grc' dir='ltr'>καρδίᾳ</span> <span class='ocrx_word' id='word_1_124' title='bbox 1620 1116 1828 1188; x_wconf 86' lang='grc' dir='ltr'>ἀπτόη-</span> 
     </span>
    </p>
   </div>
   <div class='ocr_carea' id='block_1_17' title="bbox 1936 1112 3527 1189">
    <p class='ocr_par' dir='ltr' id='par_1_17' title="bbox 1936 1112 3527 1189">
     <span class='ocr_line' id='line_1_17' title="bbox 1936 1112 3527 1189; baseline 0.008 -22"><span class='ocrx_word' id='word_1_125' title='bbox 1936 1112 2141 1168; x_wconf 89' lang='lat' dir='ltr'><strong>clarius</strong></span> <span class='ocrx_word' id='word_1_126' title='bbox 2169 1124 2254 1171; x_wconf 89' lang='lat' dir='ltr'><strong>est</strong></span> <span class='ocrx_word' id='word_1_127' title='bbox 2286 1124 2342 1170; x_wconf 90' lang='lat' dir='ltr'><strong>et</strong></span> <span class='ocrx_word' id='word_1_128' title='bbox 2369 1133 2535 1187; x_wconf 84' lang='lat' dir='ltr'><strong>supra</strong></span> <span class='ocrx_word' id='word_1_129' title='bbox 2573 1123 3061 1189; x_wconf 84' lang='lat' dir='ltr'><strong>comparationem,</strong></span> <span class='ocrx_word' id='word_1_130' title='bbox 3094 1126 3362 1182; x_wconf 91' lang='lat' dir='ltr'><strong>tumultus</strong></span> <span class='ocrx_word' id='word_1_131' title='bbox 3406 1126 3527 1180; x_wconf 89' lang='lat' dir='ltr'><strong>nul-</strong></span> 
     </span>
    </p>
   </div>
   <div class='ocr_carea' id='block_1_18' title="bbox 233 1202 1824 1290">
    <p class='ocr_par' dir='ltr' id='par_1_18' title="bbox 233 1202 1824 1277">
     <span class='ocr_line' id='line_1_18' title="bbox 233 1202 1824 1277; baseline 0.003 -20"><span class='ocrx_word' id='word_1_132' title='bbox 233 1220 323 1258; x_wconf 84' lang='grc' dir='ltr'><strong>τον</strong></span> <span class='ocrx_word' id='word_1_133' title='bbox 344 1243 360 1269; x_wconf 88' lang='grc'><strong>,</strong></span> <span class='ocrx_word' id='word_1_134' title='bbox 395 1202 493 1257; x_wconf 84' lang='grc' dir='ltr'>καὶ</span> <span class='ocrx_word' id='word_1_135' title='bbox 554 1202 834 1274; x_wconf 81' lang='grc' dir='ltr'>ἀκίνητον,</span> <span class='ocrx_word' id='word_1_136' title='bbox 897 1204 1038 1274; x_wconf 84' lang='grc' dir='ltr'><strong>μετά</strong></span> <span class='ocrx_word' id='word_1_137' title='bbox 1092 1205 1397 1277; x_wconf 83' lang='grc' dir='ltr'>ἀνθρώπων</span> <span class='ocrx_word' id='word_1_138' title='bbox 1466 1206 1564 1277; x_wconf 82' lang='grc' dir='ltr'>μὲν</span> <span class='ocrx_word' id='word_1_139' title='bbox 1617 1206 1777 1272; x_wconf 78' lang='grc' dir='ltr'>ἐκτὸς</span> <span class='ocrx_word' id='word_1_140' title='bbox 1807 1249 1824 1277; x_wconf 86' lang='grc'><strong>,</strong></span> 
     </span>
    </p>
   </div>
   <div class='ocr_carea' id='block_1_19' title="bbox 1937 1202 3528 1290">
    <p class='ocr_par' dir='ltr' id='par_1_19' title="bbox 1937 1203 3528 1290">
     <span class='ocr_line' id='line_1_19' title="bbox 1937 1203 3528 1290; baseline 0.01 -32"><span class='ocrx_word' id='word_1_141' title='bbox 1937 1203 2021 1259; x_wconf 89' lang='lat' dir='ltr'><strong>los</strong></span> <span class='ocrx_word' id='word_1_142' title='bbox 2050 1215 2203 1262; x_wconf 82' lang='lat' dir='ltr'><strong>extra</strong></span> <span class='ocrx_word' id='word_1_143' title='bbox 2231 1223 2334 1263; x_wconf 88' lang='lat' dir='ltr'><strong>nos</strong></span> <span class='ocrx_word' id='word_1_144' title='bbox 2363 1209 2575 1279; x_wconf 83' lang='lat' dir='ltr'><strong>positos</strong></span> <span class='ocrx_word' id='word_1_145' title='bbox 2603 1213 3007 1281; x_wconf 85' lang='lat' dir='ltr'><strong>pertimescere,</strong></span> <span class='ocrx_word' id='word_1_146' title='bbox 3039 1222 3133 1272; x_wconf 86' lang='lat' dir='ltr'><strong>sed</strong></span> <span class='ocrx_word' id='word_1_147' title='bbox 3164 1222 3218 1273; x_wconf 86' lang='lat' dir='ltr'><strong>in</strong></span> <span class='ocrx_word' id='word_1_148' title='bbox 3246 1220 3528 1290; x_wconf 85' lang='lat' dir='ltr'><strong>hujusmo—</strong></span> 
     </span>
    </p>
   </div>
   <div class='ocr_carea' id='block_1_20' title="bbox 231 1291 1822 1390">
    <p class='ocr_par' dir='ltr' id='par_1_20' title="bbox 231 1291 1288 1367">
     <span class='ocr_line' id='line_1_20' title="bbox 231 1291 1288 1367; baseline 0.006 -23"><span class='ocrx_word' id='word_1_149' title='bbox 231 1291 374 1363; x_wconf 78' lang='grc' dir='ltr'>μετὰ</span> <span class='ocrx_word' id='word_1_150' title='bbox 431 1291 568 1346; x_wconf 85' lang='grc' dir='ltr'><strong>Θεοῦ</strong></span> <span class='ocrx_word' id='word_1_151' title='bbox 600 1292 662 1348; x_wconf 78' lang='grc' dir='ltr'>δὲ</span> <span class='ocrx_word' id='word_1_152' title='bbox 717 1293 872 1358; x_wconf 84' lang='grc' dir='ltr'>ἐντὸς</span> <span class='ocrx_word' id='word_1_153' title='bbox 898 1294 1288 1367; x_wconf 88' lang='grc' dir='ltr'>διατρίϐοντες.</span> 
     </span>
    </p>
   </div>
   <div class='ocr_carea' id='block_1_21' title="bbox 1933 1291 3524 1390">
    <p class='ocr_par' dir='ltr' id='par_1_21' title="bbox 1933 1303 3524 1390">
     <span class='ocr_line' id='line_1_21' title="bbox 1933 1303 3524 1390; baseline 0.009 -32"><span class='ocrx_word' id='word_1_154' title='bbox 1933 1303 1988 1358; x_wconf 89' lang='lat' dir='ltr'><strong>di</strong></span> <span class='ocrx_word' id='word_1_155' title='bbox 2021 1307 2194 1362; x_wconf 84' lang='lat' dir='ltr'><strong>turbis</strong></span> <span class='ocrx_word' id='word_1_156' title='bbox 2219 1316 2272 1362; x_wconf 86' lang='lat' dir='ltr'><strong>et</strong></span> <span class='ocrx_word' id='word_1_157' title='bbox 2300 1310 2534 1380; x_wconf 82' lang='lat' dir='ltr'><strong>strepitu</strong></span> <span class='ocrx_word' id='word_1_158' title='bbox 2588 1313 2902 1369; x_wconf 88' lang='lat' dir='ltr'><strong>interritum</strong></span> <span class='ocrx_word' id='word_1_159' title='bbox 2956 1317 3358 1390; x_wconf 90' lang='lat' dir='ltr'><strong>immotumque</strong></span> <span class='ocrx_word' id='word_1_160' title='bbox 3400 1334 3524 1375; x_wconf 93' lang='lat' dir='ltr'><strong>cum</strong></span> 
     </span>
    </p>
   </div>
   <div class='ocr_carea' id='block_1_22' title="bbox 1936 1390 3524 1468">
    <p class='ocr_par' dir='ltr' id='par_1_22' title="bbox 1936 1390 3524 1468">
     <span class='ocr_line' id='line_1_22' title="bbox 1936 1390 3524 1468; baseline 0.01 -23"><span class='ocrx_word' id='word_1_161' title='bbox 1936 1390 2080 1448; x_wconf 86' lang='lat' dir='ltr'><strong>inter</strong></span> <span class='ocrx_word' id='word_1_162' title='bbox 2113 1393 2398 1450; x_wconf 88' lang='lat' dir='ltr'><strong>hominum</strong></span> <span class='ocrx_word' id='word_1_163' title='bbox 2433 1407 2611 1455; x_wconf 68' lang='lat' dir='ltr'><strong>caelus</strong></span> <span class='ocrx_word' id='word_1_164' title='bbox 2645 1401 2909 1468; x_wconf 83' lang='lat' dir='ltr'><strong>exterius,</strong></span> <span class='ocrx_word' id='word_1_165' title='bbox 2939 1412 3050 1458; x_wconf 91' lang='lat' dir='ltr'><strong>tum</strong></span> <span class='ocrx_word' id='word_1_166' title='bbox 3095 1405 3149 1460; x_wconf 92' lang='lat' dir='ltr'><strong>in</strong></span> <span class='ocrx_word' id='word_1_167' title='bbox 3185 1408 3368 1462; x_wconf 90' lang='lat' dir='ltr'><strong>animo</strong></span> <span class='ocrx_word' id='word_1_168' title='bbox 3400 1423 3524 1463; x_wconf 91' lang='lat' dir='ltr'><strong>cum</strong></span> 
     </span>
    </p>
   </div>
   <div class='ocr_carea' id='block_1_23' title="bbox 1937 1482 3002 1554">
    <p class='ocr_par' dir='ltr' id='par_1_23' title="bbox 1937 1482 3002 1554">
     <span class='ocr_line' id='line_1_23' title="bbox 1937 1482 3002 1554; baseline 0.015 -16"><span class='ocrx_word' id='word_1_169' title='bbox 1937 1482 2048 1541; x_wconf 88' lang='lat' dir='ltr'><strong>Dco</strong></span> <span class='ocrx_word' id='word_1_170' title='bbox 2085 1487 2318 1546; x_wconf 90' lang='lat' dir='ltr'><strong>interius</strong></span> <span class='ocrx_word' id='word_1_171' title='bbox 2347 1493 2648 1549; x_wconf 86' lang='lat' dir='ltr'><strong>consistere</strong></span> <span class='ocrx_word' id='word_1_172' title='bbox 2687 1504 2740 1552; x_wconf 89' lang='lat' dir='ltr'><strong>et</strong></span> <span class='ocrx_word' id='word_1_173' title='bbox 2773 1497 3002 1554; x_wconf 86' lang='lat' dir='ltr'><strong>versari.</strong></span> 
     </span>
    </p>
   </div>
   <div class='ocr_carea' id='block_1_24' title="bbox 1847 1686 1914 1700">
    <p class='ocr_par' dir='ltr' id='par_1_24' title="bbox 1847 1686 1914 1700">
     <span class='ocr_line' id='line_1_24' title="bbox 1847 1686 1914 1700; baseline 0.03 -2"><span class='ocrx_word' id='word_1_174' title='bbox 1847 1686 1914 1700; x_wconf 42' lang='grc' dir='ltr'>ῃ</span> 
     </span>
    </p>
   </div>
   <div class='ocr_carea' id='block_1_25' title="bbox 845 1806 2436 1883">
    <p class='ocr_par' dir='ltr' id='par_1_25' title="bbox 845 1806 1224 1863">
     <span class='ocr_line' id='line_1_25' title="bbox 845 1806 1224 1863; baseline 0.005 -3"><span class='ocrx_word' id='word_1_175' title='bbox 845 1806 1100 1862; x_wconf 80' lang='grc' dir='ltr'><strong>ΚΕΦΑΛ.</strong></span> <span class='ocrx_word' id='word_1_176' title='bbox 1166 1806 1224 1863; x_wconf 85' lang='lat' dir='ltr'><strong>l&#39;.</strong></span> 
     </span>
    </p>
   </div>
   <div class='ocr_carea' id='block_1_26' title="bbox 1314 1806 2905 1883">
    <p class='ocr_par' dir='ltr' id='par_1_26' title="bbox 2573 1824 2905 1883">
     <span class='ocr_line' id='line_1_26' title="bbox 2573 1824 2905 1883; baseline 0.003 -1"><span class='ocrx_word' id='word_1_177' title='bbox 2573 1824 2800 1882; x_wconf 76' lang='lat' dir='ltr'><strong>CAPUT</strong></span> <span class='ocrx_word' id='word_1_178' title='bbox 2839 1825 2905 1883; x_wconf 80' lang='grc' dir='ltr'>Χ.</span> 
     </span>
    </p>
   </div>
   <div class='ocr_carea' id='block_1_27' title="bbox 1498 1926 2264 2000">
    <p class='ocr_par' dir='ltr' id='par_1_27' title="bbox 1498 1926 2264 2000">
     <span class='ocr_line' id='line_1_27' title="bbox 1498 1926 2264 2000; baseline 0.012 -20"><span class='ocrx_word' id='word_1_179' title='bbox 1498 1926 1577 1982; x_wconf 85' lang='lat' dir='ltr'><strong>De</strong></span> <span class='ocrx_word' id='word_1_180' title='bbox 1615 1927 1932 2000; x_wconf 74' lang='lat' dir='ltr'><strong>recipiendis</strong></span> <span class='ocrx_word' id='word_1_181' title='bbox 1977 1933 2264 1991; x_wconf 77' lang='lat' dir='ltr'><strong>tironibus.</strong></span> 
     </span>
    </p>
   </div>
   <div class='ocr_carea' id='block_1_28' title="bbox 303 2029 1894 2128">
    <p class='ocr_par' dir='ltr' id='par_1_28' title="bbox 303 2029 1894 2112">
     <span class='ocr_line' id='line_1_28' title="bbox 303 2029 1894 2112; baseline 0.006 -18"><span class='ocrx_word' id='word_1_182' title='bbox 303 2039 492 2096; x_wconf 81' lang='grc' dir='ltr'>Ἔστω</span> <span class='ocrx_word' id='word_1_183' title='bbox 529 2057 634 2106; x_wconf 80' lang='grc' dir='ltr'>σοι,</span> <span class='ocrx_word' id='word_1_184' title='bbox 663 2032 709 2095; x_wconf 83' lang='grc' dir='ltr'><strong>ῶ</strong></span> <span class='ocrx_word' id='word_1_185' title='bbox 735 2038 1030 2110; x_wconf 79' lang='grc' dir='ltr'>θαυμάσιε,</span> <span class='ocrx_word' id='word_1_186' title='bbox 1092 2040 1257 2112; x_wconf 80' lang='grc' dir='ltr'>ἡτῶν</span> <span class='ocrx_word' id='word_1_187' title='bbox 1293 2041 1449 2108; x_wconf 77' lang='grc' dir='ltr'>ἐκτὸς</span> <span class='ocrx_word' id='word_1_188' title='bbox 1473 2049 1817 2111; x_wconf 86' lang='grc' dir='ltr'>κατάστασις</span> <span class='ocrx_word' id='word_1_189' title='bbox 1860 2029 1894 2084; x_wconf 68' lang='grc' dir='ltr'><strong><em>Ε</em></strong></span> 
     </span>
    </p>
   </div>
   <div class='ocr_carea' id='block_1_29' title="bbox 1932 2029 3523 2128">
    <p class='ocr_par' dir='ltr' id='par_1_29' title="bbox 2010 2048 3523 2128">
     <span class='ocr_line' id='line_1_29' title="bbox 2010 2048 3523 2128; baseline 0.01 -24"><span class='ocrx_word' id='word_1_190' title='bbox 2010 2048 2094 2104; x_wconf 89' lang='lat' dir='ltr'><strong>Sit</strong></span> <span class='ocrx_word' id='word_1_191' title='bbox 2122 2051 2240 2116; x_wconf 84' lang='lat' dir='ltr'><strong>tibi,</strong></span> <span class='ocrx_word' id='word_1_192' title='bbox 2272 2053 2507 2108; x_wconf 80' lang='lat' dir='ltr'><strong>verende</strong></span> <span class='ocrx_word' id='word_1_193' title='bbox 2530 2053 2634 2118; x_wconf 89' lang='lat' dir='ltr'><strong>vir,</strong></span> <span class='ocrx_word' id='word_1_194' title='bbox 2672 2062 2847 2110; x_wconf 88' lang='lat' dir='ltr'><strong>status</strong></span> <span class='ocrx_word' id='word_1_195' title='bbox 2882 2070 3070 2112; x_wconf 85' lang='lat' dir='ltr'><strong>eorum</strong></span> <span class='ocrx_word' id='word_1_196' title='bbox 3110 2058 3204 2128; x_wconf 86' lang='lat' dir='ltr'><strong>qui</strong></span> <span class='ocrx_word' id='word_1_197' title='bbox 3238 2058 3292 2115; x_wconf 89' lang='lat' dir='ltr'><strong>in</strong></span> <span class='ocrx_word' id='word_1_198' title='bbox 3322 2063 3523 2119; x_wconf 89' lang='lat' dir='ltr'><strong>mundo</strong></span> 
     </span>
    </p>
   </div>
   <div class='ocr_carea' id='block_1_30' title="bbox 241 2131 1832 2222">
    <p class='ocr_par' dir='ltr' id='par_1_30' title="bbox 241 2131 1826 2212">
     <span class='ocr_line' id='line_1_30' title="bbox 241 2131 1826 2212; baseline 0.004 -25"><span class='ocrx_word' id='word_1_199' title='bbox 241 2132 350 2188; x_wconf 86' lang='grc' dir='ltr'><strong>τῶν</strong></span> <span class='ocrx_word' id='word_1_200' title='bbox 412 2133 695 2205; x_wconf 78' lang='grc' dir='ltr'>ἡμετέρων</span> <span class='ocrx_word' id='word_1_201' title='bbox 743 2131 1030 2196; x_wconf 76' lang='grc' dir='ltr'>ὑπόθεσις.</span> <span class='ocrx_word' id='word_1_202' title='bbox 1059 2132 1158 2197; x_wconf 79' lang='grc' dir='ltr'><strong>Τὶς</strong></span> <span class='ocrx_word' id='word_1_203' title='bbox 1207 2134 1307 2204; x_wconf 80' lang='grc' dir='ltr'><strong>μὲν</strong></span> <span class='ocrx_word' id='word_1_204' title='bbox 1335 2137 1634 2204; x_wconf 86' lang='grc' dir='ltr'>κατάδικος</span> <span class='ocrx_word' id='word_1_205' title='bbox 1663 2141 1722 2193; x_wconf 85' lang='grc' dir='ltr'>ὲν</span> <span class='ocrx_word' id='word_1_206' title='bbox 1747 2139 1826 2212; x_wconf 86' lang='grc' dir='ltr'>τῷ</span> 
     </span>
    </p>
   </div>
   <div class='ocr_carea' id='block_1_31' title="bbox 1931 2131 3522 2222">
    <p class='ocr_par' dir='ltr' id='par_1_31' title="bbox 1934 2140 3522 2222">
     <span class='ocr_line' id='line_1_31' title="bbox 1934 2140 3522 2222; baseline 0.008 -28"><span class='ocrx_word' id='word_1_207' title='bbox 1934 2140 2169 2211; x_wconf 72' lang='lat' dir='ltr'><strong>degunt,</strong></span> <span class='ocrx_word' id='word_1_208' title='bbox 2223 2142 2614 2198; x_wconf 87' lang='lat' dir='ltr'><strong>documentum</strong></span> <span class='ocrx_word' id='word_1_209' title='bbox 2669 2160 2853 2199; x_wconf 91' lang='lat' dir='ltr'><strong>rerum</strong></span> <span class='ocrx_word' id='word_1_210' title='bbox 2906 2155 3245 2218; x_wconf 81' lang='lat' dir='ltr'><strong>nostrarum.</strong></span> <span class='ocrx_word' id='word_1_211' title='bbox 3290 2149 3387 2206; x_wconf 85' lang='lat' dir='ltr'><strong>Est</strong></span> <span class='ocrx_word' id='word_1_212' title='bbox 3429 2152 3522 2222; x_wconf 87' lang='lat' dir='ltr'><strong>qui</strong></span> 
     </span>
    </p>
   </div>
   <div class='ocr_carea' id='block_1_32' title="bbox 240 2222 1831 2303">
    <p class='ocr_par' dir='ltr' id='par_1_32' title="bbox 240 2222 1831 2303">
     <span class='ocr_line' id='line_1_32' title="bbox 240 2222 1831 2303; baseline 0.004 -25"><span class='ocrx_word' id='word_1_213' title='bbox 240 2223 459 2295; x_wconf 80' lang='grc' dir='ltr'>φοϐερῷ</span> <span class='ocrx_word' id='word_1_214' title='bbox 525 2223 682 2295; x_wconf 77' lang='grc' dir='ltr'>ἡμῶν</span> <span class='ocrx_word' id='word_1_215' title='bbox 759 2222 856 2279; x_wconf 75' lang='grc' dir='ltr'>καὶ</span> <span class='ocrx_word' id='word_1_216' title='bbox 909 2223 1126 2295; x_wconf 83' lang='grc' dir='ltr'>ἀληθῶς</span> <span class='ocrx_word' id='word_1_217' title='bbox 1187 2225 1526 2302; x_wconf 82' lang='grc' dir='ltr'>δικαστηρίῳ</span> <span class='ocrx_word' id='word_1_218' title='bbox 1591 2234 1831 2303; x_wconf 84' lang='grc' dir='ltr'>παραγί-</span> 
     </span>
    </p>
   </div>
   <div class='ocr_carea' id='block_1_33' title="bbox 1932 2222 3523 2303">
    <p class='ocr_par' dir='ltr' id='par_1_33' title="bbox 1934 2230 3523 2297">
     <span class='ocr_line' id='line_1_33' title="bbox 1934 2230 3523 2297; baseline 0.006 -12"><span class='ocrx_word' id='word_1_219' title='bbox 1934 2230 2061 2286; x_wconf 90' lang='lat' dir='ltr'><strong>inde</strong></span> <span class='ocrx_word' id='word_1_220' title='bbox 2087 2231 2153 2286; x_wconf 89' lang='lat' dir='ltr'><strong>ad</strong></span> <span class='ocrx_word' id='word_1_221' title='bbox 2182 2240 2432 2287; x_wconf 89' lang='lat' dir='ltr'><strong>nostrum</strong></span> <span class='ocrx_word' id='word_1_222' title='bbox 2468 2248 2528 2289; x_wconf 92' lang='lat' dir='ltr'><strong>se</strong></span> <span class='ocrx_word' id='word_1_223' title='bbox 2563 2233 2800 2289; x_wconf 91' lang='lat' dir='ltr'><strong>tribunal</strong></span> <span class='ocrx_word' id='word_1_224' title='bbox 2845 2251 2973 2290; x_wconf 88' lang='lat' dir='ltr'><strong>vere</strong></span> <span class='ocrx_word' id='word_1_225' title='bbox 3004 2236 3351 2296; x_wconf 81' lang='lat' dir='ltr'><strong>formidabile</strong></span> <span class='ocrx_word' id='word_1_226' title='bbox 3379 2241 3523 2297; x_wconf 87' lang='lat' dir='ltr'><strong>sistit</strong></span> 
     </span>
    </p>
   </div>
   <div class='ocr_carea' id='block_1_34' title="bbox 233 2313 1824 2395">
    <p class='ocr_par' dir='ltr' id='par_1_34' title="bbox 233 2313 1824 2391">
     <span class='ocr_line' id='line_1_34' title="bbox 233 2313 1824 2391; baseline 0.007 -22"><span class='ocrx_word' id='word_1_227' title='bbox 233 2333 406 2380; x_wconf 88' lang='grc' dir='ltr'>νεται,</span> <span class='ocrx_word' id='word_1_228' title='bbox 435 2315 521 2380; x_wconf 74' lang='grc' dir='ltr'><strong>τὶς</strong></span> <span class='ocrx_word' id='word_1_229' title='bbox 544 2317 600 2370; x_wconf 87' lang='grc' dir='ltr'>δὲ</span> <span class='ocrx_word' id='word_1_230' title='bbox 629 2313 923 2382; x_wconf 82' lang='grc' dir='ltr'>ἀνεύθυνος</span> <span class='ocrx_word' id='word_1_231' title='bbox 956 2316 1097 2389; x_wconf 79' lang='grc' dir='ltr'>πρὸς</span> <span class='ocrx_word' id='word_1_232' title='bbox 1126 2318 1392 2391; x_wconf 75' lang='grc' dir='ltr'>ἐργασίαν</span> <span class='ocrx_word' id='word_1_233' title='bbox 1420 2323 1554 2378; x_wconf 83' lang='grc' dir='ltr'>Θεοῦ</span> <span class='ocrx_word' id='word_1_234' title='bbox 1589 2326 1684 2380; x_wconf 77' lang='grc' dir='ltr'>καὶ</span> <span class='ocrx_word' id='word_1_235' title='bbox 1710 2326 1824 2380; x_wconf 91' lang='grc' dir='ltr'>δου-</span> 
     </span>
    </p>
   </div>
   <div class='ocr_carea' id='block_1_35' title="bbox 1929 2313 3520 2395">
    <p class='ocr_par' dir='ltr' id='par_1_35' title="bbox 1933 2324 3520 2395">
     <span class='ocr_line' id='line_1_35' title="bbox 1933 2324 3520 2395; baseline 0.006 -19"><span class='ocrx_word' id='word_1_236' title='bbox 1933 2337 2061 2378; x_wconf 89' lang='lat' dir='ltr'><strong>reus</strong></span> <span class='ocrx_word' id='word_1_237' title='bbox 2094 2331 2148 2378; x_wconf 85' lang='lat' dir='ltr'><strong>et</strong></span> <span class='ocrx_word' id='word_1_238' title='bbox 2200 2325 2398 2379; x_wconf 80' lang='lat' dir='ltr'><strong>noxius</strong></span> <span class='ocrx_word' id='word_1_239' title='bbox 2435 2342 2448 2380; x_wconf 88' lang='lat'><strong>:</strong></span> <span class='ocrx_word' id='word_1_240' title='bbox 2486 2333 2571 2380; x_wconf 89' lang='lat' dir='ltr'><strong>est.</strong></span> <span class='ocrx_word' id='word_1_241' title='bbox 2623 2324 2716 2395; x_wconf 91' lang='lat' dir='ltr'><strong>qui</strong></span> <span class='ocrx_word' id='word_1_242' title='bbox 2753 2325 3018 2384; x_wconf 87' lang='lat' dir='ltr'><strong>innocens</strong></span> <span class='ocrx_word' id='word_1_243' title='bbox 3057 2330 3122 2384; x_wconf 91' lang='lat' dir='ltr'><strong>ad</strong></span> <span class='ocrx_word' id='word_1_244' title='bbox 3169 2328 3264 2386; x_wconf 88' lang='lat' dir='ltr'><strong>Dei</strong></span> <span class='ocrx_word' id='word_1_245' title='bbox 3312 2332 3520 2387; x_wconf 89' lang='lat' dir='ltr'><strong>cultum</strong></span> 
     </span>
    </p>
   </div>
   <div class='ocr_carea' id='block_1_36' title="bbox 233 2407 1824 2490">
    <p class='ocr_par' dir='ltr' id='par_1_36' title="bbox 233 2407 1824 2488">
     <span class='ocr_line' id='line_1_36' title="bbox 233 2407 1824 2488; baseline 0.007 -28"><span class='ocrx_word' id='word_1_246' title='bbox 233 2407 382 2461; x_wconf 80' lang='grc' dir='ltr'>λείαν</span> <span class='ocrx_word' id='word_1_247' title='bbox 411 2407 772 2479; x_wconf 76' lang='grc' dir='ltr'>ἐπειγόμενος</span> <span class='ocrx_word' id='word_1_248' title='bbox 794 2425 809 2441; x_wconf 77' lang='grc' dir='ltr'><strong>ο</strong></span> <span class='ocrx_word' id='word_1_249' title='bbox 842 2409 1086 2463; x_wconf 75' lang='grc' dir='ltr'>ἐναντίαι</span> <span class='ocrx_word' id='word_1_250' title='bbox 1111 2410 1222 2482; x_wconf 85' lang='grc' dir='ltr'>γὰρ</span> <span class='ocrx_word' id='word_1_251' title='bbox 1275 2412 1494 2467; x_wconf 82' lang='grc' dir='ltr'>πάντων</span> <span class='ocrx_word' id='word_1_252' title='bbox 1550 2415 1824 2488; x_wconf 81' lang='grc' dir='ltr'>ἑκατέρων</span> 
     </span>
    </p>
   </div>
   <div class='ocr_carea' id='block_1_37' title="bbox 1931 2407 3522 2490">
    <p class='ocr_par' dir='ltr' id='par_1_37' title="bbox 1932 2409 3522 2490">
     <span class='ocr_line' id='line_1_37' title="bbox 1932 2409 3522 2490; baseline 0.006 -26"><span class='ocrx_word' id='word_1_253' title='bbox 1932 2416 1988 2464; x_wconf 91' lang='lat' dir='ltr'><strong>et</strong></span> <span class='ocrx_word' id='word_1_254' title='bbox 2032 2409 2361 2481; x_wconf 89' lang='lat' dir='ltr'><strong>obsequium</strong></span> <span class='ocrx_word' id='word_1_255' title='bbox 2395 2414 2908 2486; x_wconf 81' lang='lat' dir='ltr'><strong>acceditzquorum</strong></span> <span class='ocrx_word' id='word_1_256' title='bbox 2961 2433 3094 2474; x_wconf 87' lang='lat' dir='ltr'><strong>sane</strong></span> <span class='ocrx_word' id='word_1_257' title='bbox 3137 2417 3420 2490; x_wconf 80' lang='lat' dir='ltr'><strong>ingressus</strong></span> <span class='ocrx_word' id='word_1_258' title='bbox 3453 2420 3522 2475; x_wconf 90' lang='lat' dir='ltr'><strong>ad</strong></span> 
     </span>
    </p>
   </div>
   <div class='ocr_carea' id='block_1_38' title="bbox 230 2496 1821 2586">
    <p class='ocr_par' dir='ltr' id='par_1_38' title="bbox 230 2496 1821 2576">
     <span class='ocr_line' id='line_1_38' title="bbox 230 2496 1821 2576; baseline 0.006 -24"><span class='ocrx_word' id='word_1_259' title='bbox 230 2498 288 2552; x_wconf 82' lang='grc' dir='ltr'>αἱ</span> <span class='ocrx_word' id='word_1_260' title='bbox 323 2496 543 2565; x_wconf 79' lang='grc' dir='ltr'>ἀφίξεις</span> <span class='ocrx_word' id='word_1_261' title='bbox 572 2498 641 2563; x_wconf 76' lang='grc'>³⁸,</span> <span class='ocrx_word' id='word_1_262' title='bbox 689 2497 784 2551; x_wconf 78' lang='grc' dir='ltr'><strong>καὶ</strong></span> <span class='ocrx_word' id='word_1_263' title='bbox 830 2499 1052 2553; x_wconf 87' lang='grc' dir='ltr'>οίκείων</span> <span class='ocrx_word' id='word_1_264' title='bbox 1095 2503 1490 2557; x_wconf 85' lang='grc' dir='ltr'>καταστάσεων</span> <span class='ocrx_word' id='word_1_265' title='bbox 1551 2504 1821 2576; x_wconf 87' lang='grc' dir='ltr'>δεόμεναι.</span> 
     </span>
    </p>
   </div>
   <div class='ocr_carea' id='block_1_39' title="bbox 1930 2496 3521 2586">
    <p class='ocr_par' dir='ltr' id='par_1_39' title="bbox 1932 2503 3521 2586">
     <span class='ocr_line' id='line_1_39' title="bbox 1932 2503 3521 2586; baseline 0.006 -28"><span class='ocrx_word' id='word_1_266' title='bbox 1932 2503 2249 2574; x_wconf 75' lang='lat' dir='ltr'><strong>religionem</strong></span> <span class='ocrx_word' id='word_1_267' title='bbox 2285 2512 2394 2560; x_wconf 86' lang='lat' dir='ltr'><strong>tota</strong></span> <span class='ocrx_word' id='word_1_268' title='bbox 2434 2506 2520 2560; x_wconf 81' lang='lat' dir='ltr'><strong>via</strong></span> <span class='ocrx_word' id='word_1_269' title='bbox 2561 2505 2842 2586; x_wconf 79' lang='lat' dir='ltr'><strong>diﬂ‘erunt,</strong></span> <span class='ocrx_word' id='word_1_270' title='bbox 2899 2511 3209 2581; x_wconf 79' lang='lat' dir='ltr'><strong>singulique</strong></span> <span class='ocrx_word' id='word_1_271' title='bbox 3258 2511 3521 2584; x_wconf 78' lang='lat' dir='ltr'><strong>singulari</strong></span> 
     </span>
    </p>
   </div>
   <div class='ocr_carea' id='block_1_40' title="bbox 243 2589 1834 2672">
    <p class='ocr_par' dir='ltr' id='par_1_40' title="bbox 243 2589 1827 2668">
     <span class='ocr_line' id='line_1_40' title="bbox 243 2589 1827 2668; baseline 0.006 -26"><span class='ocrx_word' id='word_1_272' title='bbox 243 2590 651 2660; x_wconf 80' lang='grc' dir='ltr'>Ἐπερωτάσθω</span> <span class='ocrx_word' id='word_1_273' title='bbox 677 2589 787 2661; x_wconf 86' lang='grc' dir='ltr'><strong>πρὸ</strong></span> <span class='ocrx_word' id='word_1_274' title='bbox 829 2591 1053 2645; x_wconf 81' lang='grc' dir='ltr'>πάντων</span> <span class='ocrx_word' id='word_1_275' title='bbox 1075 2593 1105 2644; x_wconf 98' lang='lat'><strong>6</strong></span> <span class='ocrx_word' id='word_1_276' title='bbox 1147 2593 1472 2659; x_wconf 81' lang='grc' dir='ltr'>ὑπεύθυνος,</span> <span class='ocrx_word' id='word_1_277' title='bbox 1512 2595 1618 2668; x_wconf 79' lang='grc' dir='ltr'>ίδίᾳ</span> <span class='ocrx_word' id='word_1_278' title='bbox 1644 2598 1827 2668; x_wconf 80' lang='grc' dir='ltr'>μέντοι</span> 
     </span>
    </p>
   </div>
   <div class='ocr_carea' id='block_1_41' title="bbox 1929 2589 3520 2672">
    <p class='ocr_par' dir='ltr' id='par_1_41' title="bbox 1933 2596 3520 2672">
     <span class='ocr_line' id='line_1_41' title="bbox 1933 2596 3520 2672; baseline 0.006 -23"><span class='ocrx_word' id='word_1_279' title='bbox 1933 2610 2162 2666; x_wconf 86' lang='lat' dir='ltr'><strong>prorsus</strong></span> <span class='ocrx_word' id='word_1_280' title='bbox 2200 2596 2370 2652; x_wconf 91' lang='lat' dir='ltr'><strong>modo</strong></span> <span class='ocrx_word' id='word_1_281' title='bbox 2407 2606 2535 2652; x_wconf 91' lang='lat' dir='ltr'><strong>sunt</strong></span> <span class='ocrx_word' id='word_1_282' title='bbox 2588 2599 2927 2655; x_wconf 86' lang='lat' dir='ltr'><strong>instituendi.</strong></span> <span class='ocrx_word' id='word_1_283' title='bbox 2993 2601 3236 2672; x_wconf 82' lang='lat' dir='ltr'><strong>Rngctur</strong></span> <span class='ocrx_word' id='word_1_284' title='bbox 3281 2604 3520 2672; x_wconf 89' lang='lat' dir='ltr'><strong>primum</strong></span> 
     </span>
    </p>
   </div>
   <div class='ocr_carea' id='block_1_42' title="bbox 232 2680 1823 2762">
    <p class='ocr_par' dir='ltr' id='par_1_42' title="bbox 232 2680 1823 2760">
     <span class='ocr_line' id='line_1_42' title="bbox 232 2680 1823 2760; baseline 0.007 -26"><span class='ocrx_word' id='word_1_285' title='bbox 232 2681 379 2745; x_wconf 88' lang='grc' dir='ltr'>τίνες</span> <span class='ocrx_word' id='word_1_286' title='bbox 420 2683 478 2735; x_wconf 80' lang='lat' dir='ltr'><strong>ai</strong></span> <span class='ocrx_word' id='word_1_287' title='bbox 531 2681 697 2736; x_wconf 74' lang='grc' dir='ltr'>αὐτοῦ</span> <span class='ocrx_word' id='word_1_288' title='bbox 738 2680 966 2754; x_wconf 81' lang='grc' dir='ltr'>πράξεις</span> <span class='ocrx_word' id='word_1_289' title='bbox 1029 2681 1154 2739; x_wconf 70' lang='grc' dir='ltr'>κατ’</span> <span class='ocrx_word' id='word_1_290' title='bbox 1223 2681 1361 2750; x_wconf 84' lang='grc' dir='ltr'>εἶδος</span> <span class='ocrx_word' id='word_1_291' title='bbox 1422 2687 1823 2760; x_wconf 87' lang='grc' dir='ltr'>καθεστήκασι.</span> 
     </span>
    </p>
   </div>
   <div class='ocr_carea' id='block_1_43' title="bbox 1928 2680 3519 2762">
    <p class='ocr_par' dir='ltr' id='par_1_43' title="bbox 1931 2687 3519 2762">
     <span class='ocr_line' id='line_1_43' title="bbox 1931 2687 3519 2762; baseline 0.003 -20"><span class='ocrx_word' id='word_1_292' title='bbox 1931 2687 2179 2742; x_wconf 90' lang='lat' dir='ltr'><strong>omnium</strong></span> <span class='ocrx_word' id='word_1_293' title='bbox 2217 2688 2307 2742; x_wconf 85' lang='lat' dir='ltr'><strong>ille</strong></span> <span class='ocrx_word' id='word_1_294' title='bbox 2365 2690 2602 2759; x_wconf 85' lang='lat' dir='ltr'><strong>peccatis</strong></span> <span class='ocrx_word' id='word_1_295' title='bbox 2663 2690 2874 2747; x_wconf 87' lang='lat' dir='ltr'><strong>obsitus</strong></span> <span class='ocrx_word' id='word_1_296' title='bbox 2935 2701 2989 2747; x_wconf 93' lang='lat' dir='ltr'><strong>et</strong></span> <span class='ocrx_word' id='word_1_297' title='bbox 3057 2693 3393 2762; x_wconf 87' lang='lat' dir='ltr'><strong>inquinatus,</strong></span> <span class='ocrx_word' id='word_1_298' title='bbox 3424 2694 3519 2750; x_wconf 88' lang='lat' dir='ltr'><strong>sed</strong></span> 
     </span>
    </p>
   </div>
   <div class='ocr_carea' id='block_1_44' title="bbox 232 2773 1823 2854">
    <p class='ocr_par' dir='ltr' id='par_1_44' title="bbox 232 2773 1823 2849">
     <span class='ocr_line' id='line_1_44' title="bbox 232 2773 1823 2849; baseline 0.006 -23"><span class='ocrx_word' id='word_1_299' title='bbox 232 2775 388 2828; x_wconf 85' lang='grc' dir='ltr'><strong>Δυοῖν</strong></span> <span class='ocrx_word' id='word_1_300' title='bbox 417 2773 636 2844; x_wconf 86' lang='grc' dir='ltr'>τρόπων</span> <span class='ocrx_word' id='word_1_301' title='bbox 680 2773 877 2829; x_wconf 74' lang='grc' dir='ltr'>ἕνεκα·</span> <span class='ocrx_word' id='word_1_302' title='bbox 909 2775 1061 2839; x_wconf 86' lang='grc' dir='ltr'>ὅπως</span> <span class='ocrx_word' id='word_1_303' title='bbox 1095 2793 1154 2830; x_wconf 88' lang='grc' dir='ltr'><strong>τε</strong></span> <span class='ocrx_word' id='word_1_304' title='bbox 1191 2779 1259 2848; x_wconf 84' lang='grc' dir='ltr'>τῇ</span> <span class='ocrx_word' id='word_1_305' title='bbox 1326 2777 1682 2849; x_wconf 80' lang='grc' dir='ltr'>ἐξαγορεύσει</span> <span class='ocrx_word' id='word_1_306' title='bbox 1738 2782 1823 2836; x_wconf 83' lang='grc' dir='ltr'>διὰ</span> 
     </span>
    </p>
   </div>
   <div class='ocr_carea' id='block_1_45' title="bbox 1932 2773 3523 2854">
    <p class='ocr_par' dir='ltr' id='par_1_45' title="bbox 1932 2779 3523 2854">
     <span class='ocr_line' id='line_1_45' title="bbox 1932 2779 3523 2854; baseline 0.003 -19"><span class='ocrx_word' id='word_1_307' title='bbox 1932 2794 2182 2835; x_wconf 86' lang='lat' dir='ltr'><strong>seorsum</strong></span> <span class='ocrx_word' id='word_1_308' title='bbox 2207 2779 2275 2834; x_wconf 91' lang='lat' dir='ltr'><strong>ab</strong></span> <span class='ocrx_word' id='word_1_309' title='bbox 2303 2780 2424 2836; x_wconf 86' lang='lat' dir='ltr'><strong>aliis</strong></span> <span class='ocrx_word' id='word_1_310' title='bbox 2447 2789 2500 2835; x_wconf 87' lang='lat' dir='ltr'><strong>et</strong></span> <span class='ocrx_word' id='word_1_311' title='bbox 2524 2781 2802 2851; x_wconf 80' lang='lat' dir='ltr'><strong>privatim,</strong></span> <span class='ocrx_word' id='word_1_312' title='bbox 2828 2782 2956 2852; x_wconf 89' lang='lat' dir='ltr'><strong>quid</strong></span> <span class='ocrx_word' id='word_1_313' title='bbox 2981 2784 3262 2852; x_wconf 86' lang='lat' dir='ltr'><strong>speciatim</strong></span> <span class='ocrx_word' id='word_1_314' title='bbox 3287 2785 3523 2854; x_wconf 86' lang='lat' dir='ltr'><strong>delique-</strong></span> 
     </span>
    </p>
   </div>
   <div class='ocr_carea' id='block_1_46' title="bbox 230 2864 1821 2940">
    <p class='ocr_par' dir='ltr' id='par_1_46' title="bbox 230 2864 1821 2940">
     <span class='ocr_line' id='line_1_46' title="bbox 230 2864 1821 2940; baseline 0.006 -24"><span class='ocrx_word' id='word_1_315' title='bbox 230 2864 438 2928; x_wconf 86' lang='grc' dir='ltr'>παντὸς</span> <span class='ocrx_word' id='word_1_316' title='bbox 484 2865 836 2936; x_wconf 87' lang='grc' dir='ltr'>νυττόμενος,</span> <span class='ocrx_word' id='word_1_317' title='bbox 867 2865 1320 2937; x_wconf 75' lang='grc' dir='ltr'>ἀπαρρησίαστος</span> <span class='ocrx_word' id='word_1_318' title='bbox 1361 2868 1519 2940; x_wconf 87' lang='grc' dir='ltr'>μείνῃ</span> <span class='ocrx_word' id='word_1_319' title='bbox 1546 2885 1560 2899; x_wconf 84' lang='lat'><strong><em>°</em></strong></span> <span class='ocrx_word' id='word_1_320' title='bbox 1615 2870 1709 2924; x_wconf 68' lang='lat' dir='ltr'><strong>na!</strong></span> <span class='ocrx_word' id='word_1_321' title='bbox 1742 2872 1821 2927; x_wconf 79' lang='grc' dir='ltr'><strong>ἵνα</strong></span> 
     </span>
    </p>
   </div>
   <div class='ocr_carea' id='block_1_47' title="bbox 1929 2864 3520 2940">
    <p class='ocr_par' dir='ltr' id='par_1_47' title="bbox 1933 2867 3520 2940">
     <span class='ocr_line' id='line_1_47' title="bbox 1933 2867 3520 2940; baseline 0.004 -20"><span class='ocrx_word' id='word_1_322' title='bbox 1933 2867 2024 2931; x_wconf 89' lang='lat' dir='ltr'><strong>rit,</strong></span> <span class='ocrx_word' id='word_1_323' title='bbox 2058 2877 2108 2922; x_wconf 91' lang='lat' dir='ltr'><strong>et</strong></span> <span class='ocrx_word' id='word_1_324' title='bbox 2151 2868 2254 2922; x_wconf 87' lang='lat' dir='ltr'><strong>hoc</strong></span> <span class='ocrx_word' id='word_1_325' title='bbox 2288 2869 2564 2939; x_wconf 78' lang='lat' dir='ltr'><strong>geminam</strong></span> <span class='ocrx_word' id='word_1_326' title='bbox 2595 2869 2666 2924; x_wconf 92' lang='lat' dir='ltr'><strong>ob</strong></span> <span class='ocrx_word' id='word_1_327' title='bbox 2693 2885 2940 2934; x_wconf 89' lang='lat' dir='ltr'><strong>causam,</strong></span> <span class='ocrx_word' id='word_1_328' title='bbox 2975 2870 3213 2940; x_wconf 88' lang='lat' dir='ltr'><strong>primum</strong></span> <span class='ocrx_word' id='word_1_329' title='bbox 3246 2882 3303 2926; x_wconf 90' lang='lat' dir='ltr'><strong>ut</strong></span> <span class='ocrx_word' id='word_1_330' title='bbox 3325 2887 3390 2926; x_wconf 81' lang='lat' dir='ltr'><strong>ex</strong></span> <span class='ocrx_word' id='word_1_331' title='bbox 3431 2882 3520 2926; x_wconf 89' lang='lat' dir='ltr'><strong>to-</strong></span> 
     </span>
    </p>
   </div>
   <div class='ocr_carea' id='block_1_48' title="bbox 226 2953 1817 3030">
    <p class='ocr_par' dir='ltr' id='par_1_48' title="bbox 226 2953 1817 3030">
     <span class='ocr_line' id='line_1_48' title="bbox 226 2953 1817 3030; baseline 0.005 -22"><span class='ocrx_word' id='word_1_332' title='bbox 226 2953 339 3025; x_wconf 85' lang='grc' dir='ltr'>γνῷ</span> <span class='ocrx_word' id='word_1_333' title='bbox 395 2955 572 3010; x_wconf 86' lang='grc' dir='ltr'>ποίων</span> <span class='ocrx_word' id='word_1_334' title='bbox 602 2957 937 3028; x_wconf 84' lang='grc' dir='ltr'>τραυμάτων</span> <span class='ocrx_word' id='word_1_335' title='bbox 975 2958 1229 3030; x_wconf 81' lang='grc' dir='ltr'>ἀνάδοχοι</span> <span class='ocrx_word' id='word_1_336' title='bbox 1263 2959 1594 3030; x_wconf 83' lang='grc' dir='ltr'>γεγόναμεν,</span> <span class='ocrx_word' id='word_1_337' title='bbox 1632 2964 1817 3029; x_wconf 78' lang='grc' dir='ltr'>καὶεξς</span> 
     </span>
    </p>
   </div>
   <div class='ocr_carea' id='block_1_49' title="bbox 1930 2953 3521 3030">
    <p class='ocr_par' dir='ltr' id='par_1_49' title="bbox 1931 2955 3521 3026">
     <span class='ocr_line' id='line_1_49' title="bbox 1931 2955 3521 3026; baseline 0.003 -17"><span class='ocrx_word' id='word_1_338' title='bbox 1931 2955 2040 3009; x_wconf 88' lang='lat' dir='ltr'><strong>tius</strong></span> <span class='ocrx_word' id='word_1_339' title='bbox 2085 2956 2207 3010; x_wconf 73' lang='lat' dir='ltr'><strong>vita:</strong></span> <span class='ocrx_word' id='word_1_340' title='bbox 2257 2958 2469 3011; x_wconf 83' lang='lat' dir='ltr'><strong>ratione</strong></span> <span class='ocrx_word' id='word_1_341' title='bbox 2517 2965 2572 3011; x_wconf 82' lang='lat' dir='ltr'><strong>et</strong></span> <span class='ocrx_word' id='word_1_342' title='bbox 2611 2955 2937 3026; x_wconf 83' lang='lat' dir='ltr'><strong>ﬂagitiorum</strong></span> <span class='ocrx_word' id='word_1_343' title='bbox 2979 2958 3326 3014; x_wconf 82' lang='lat' dir='ltr'><strong>confessione</strong></span> <span class='ocrx_word' id='word_1_344' title='bbox 3365 2974 3521 3014; x_wconf 84' lang='lat' dir='ltr'><strong>verc-</strong></span> 
     </span>
    </p>
   </div>
   <div class='ocr_carea' id='block_1_50' title="bbox 224 3047 1815 3121">
    <p class='ocr_par' dir='ltr' id='par_1_50' title="bbox 224 3047 1815 3121">
     <span class='ocr_line' id='line_1_50' title="bbox 224 3047 1815 3121; baseline 0.004 -20"><span class='ocrx_word' id='word_1_345' title='bbox 224 3048 456 3120; x_wconf 80' lang='grc' dir='ltr'>ἀγάπην</span> <span class='ocrx_word' id='word_1_346' title='bbox 486 3047 640 3120; x_wconf 82' lang='grc' dir='ltr'>ήμῶν</span> <span class='ocrx_word' id='word_1_347' title='bbox 669 3048 1006 3120; x_wconf 79' lang='grc' dir='ltr'>διεγείρηται</span> <span class='ocrx_word' id='word_1_348' title='bbox 1032 3065 1047 3082; x_wconf 80' lang='grc' dir='ltr'><strong>ο</strong></span> <span class='ocrx_word' id='word_1_349' title='bbox 1119 3049 1259 3121; x_wconf 85' lang='grc' dir='ltr'>μηδὲ</span> <span class='ocrx_word' id='word_1_350' title='bbox 1322 3049 1482 3104; x_wconf 79' lang='grc' dir='ltr'>τοῦτό</span> <span class='ocrx_word' id='word_1_351' title='bbox 1515 3069 1575 3105; x_wconf 91' lang='grc' dir='ltr'><strong>σε</strong></span> <span class='ocrx_word' id='word_1_352' title='bbox 1625 3053 1815 3108; x_wconf 80' lang='grc' dir='ltr'>λανθα‹</span> 
     </span>
    </p>
   </div>
   <div class='ocr_carea' id='block_1_51' title="bbox 1929 3047 3520 3121">
    <p class='ocr_par' dir='ltr' id='par_1_51' title="bbox 1930 3048 3520 3121">
     <span class='ocr_line' id='line_1_51' title="bbox 1930 3048 3520 3121; baseline 0.003 -19"><span class='ocrx_word' id='word_1_353' title='bbox 1930 3048 2242 3116; x_wconf 86' lang='lat' dir='ltr'><strong>cundatus,</strong></span> <span class='ocrx_word' id='word_1_354' title='bbox 2287 3059 2449 3104; x_wconf 82' lang='lat' dir='ltr'><strong>exuta</strong></span> <span class='ocrx_word' id='word_1_355' title='bbox 2495 3065 2724 3119; x_wconf 90' lang='lat' dir='ltr'><strong>prorsus</strong></span> <span class='ocrx_word' id='word_1_356' title='bbox 2776 3052 3118 3106; x_wconf 89' lang='lat' dir='ltr'><strong>contumacia</strong></span> <span class='ocrx_word' id='word_1_357' title='bbox 3168 3063 3222 3107; x_wconf 88' lang='lat' dir='ltr'><strong>et</strong></span> <span class='ocrx_word' id='word_1_358' title='bbox 3262 3051 3520 3121; x_wconf 86' lang='lat' dir='ltr'><strong>loquendi</strong></span> 
     </span>
    </p>
   </div>
   <div class='ocr_carea' id='block_1_52' title="bbox 225 3133 1816 3216">
    <p class='ocr_par' dir='ltr' id='par_1_52' title="bbox 225 3133 1816 3216">
     <span class='ocr_line' id='line_1_52' title="bbox 225 3133 1816 3216; baseline 0.006 -23"><span class='ocrx_word' id='word_1_359' title='bbox 225 3139 384 3207; x_wconf 81' lang='grc' dir='ltr'>νέτω,</span> <span class='ocrx_word' id='word_1_360' title='bbox 435 3133 484 3193; x_wconf 81' lang='grc' dir='ltr'><strong>ὦ</strong></span> <span class='ocrx_word' id='word_1_361' title='bbox 507 3141 678 3210; x_wconf 89' lang='grc' dir='ltr'>τίμιε,</span> <span class='ocrx_word' id='word_1_362' title='bbox 724 3141 915 3213; x_wconf 81' lang='grc' dir='ltr'>ὥσπερ</span> <span class='ocrx_word' id='word_1_363' title='bbox 947 3141 1072 3195; x_wconf 82' lang='grc' dir='ltr'>οὐδὲ</span> <span class='ocrx_word' id='word_1_364' title='bbox 1110 3144 1410 3212; x_wconf 87' lang='grc' dir='ltr'>ἀγνοεῖται,</span> <span class='ocrx_word' id='word_1_365' title='bbox 1487 3145 1562 3215; x_wconf 87' lang='grc' dir='ltr'>μὴ</span> <span class='ocrx_word' id='word_1_366' title='bbox 1594 3145 1816 3216; x_wconf 67' lang='grc' dir='ltr'><strong>γένοιτοΙ</strong></span> 
     </span>
    </p>
   </div>
   <div class='ocr_carea' id='block_1_53' title="bbox 1926 3133 3517 3216">
    <p class='ocr_par' dir='ltr' id='par_1_53' title="bbox 1929 3143 3517 3216">
     <span class='ocr_line' id='line_1_53' title="bbox 1929 3143 3517 3216; baseline 0.002 -19"><span class='ocrx_word' id='word_1_367' title='bbox 1929 3143 2090 3216; x_wconf 65' lang='grc'><strong>48],</strong></span> <span class='ocrx_word' id='word_1_368' title='bbox 2138 3143 2508 3214; x_wconf 85' lang='lat' dir='ltr'><strong>procacitate,</strong></span> <span class='ocrx_word' id='word_1_369' title='bbox 2561 3159 2778 3213; x_wconf 86' lang='lat' dir='ltr'><strong>semper</strong></span> <span class='ocrx_word' id='word_1_370' title='bbox 2817 3145 3088 3199; x_wconf 89' lang='lat' dir='ltr'><strong>custodiat</strong></span> <span class='ocrx_word' id='word_1_371' title='bbox 3141 3145 3517 3200; x_wconf 84' lang='lat' dir='ltr'><strong>modestiam:</strong></span> 
     </span>
    </p>
   </div>
   <div class='ocr_carea' id='block_1_54' title="bbox 222 3231 1813 3306">
    <p class='ocr_par' dir='ltr' id='par_1_54' title="bbox 222 3231 1813 3305">
     <span class='ocr_line' id='line_1_54' title="bbox 222 3231 1813 3305; baseline 0.005 -20"><span class='ocrx_word' id='word_1_372' title='bbox 222 3231 367 3302; x_wconf 81' lang='grc' dir='ltr'>λέγω</span> <span class='ocrx_word' id='word_1_373' title='bbox 425 3231 516 3303; x_wconf 80' lang='grc' dir='ltr'><strong>δὴ,</strong></span> <span class='ocrx_word' id='word_1_374' title='bbox 551 3232 612 3285; x_wconf 87' lang='grc' dir='ltr'>τὺ</span> <span class='ocrx_word' id='word_1_375' title='bbox 649 3233 1043 3305; x_wconf 85' lang='grc' dir='ltr'>συγκρίνεσθαι</span> <span class='ocrx_word' id='word_1_376' title='bbox 1085 3236 1237 3305; x_wconf 82' lang='grc' dir='ltr'>παρὰ</span> <span class='ocrx_word' id='word_1_377' title='bbox 1268 3234 1404 3289; x_wconf 82' lang='grc' dir='ltr'>Θεοῦ</span> <span class='ocrx_word' id='word_1_378' title='bbox 1439 3236 1686 3301; x_wconf 76' lang='grc' dir='ltr'>καὶτοὺς</span> <span class='ocrx_word' id='word_1_379' title='bbox 1738 3239 1813 3293; x_wconf 76' lang='grc' dir='ltr'>τό·</span> 
     </span>
    </p>
   </div>
   <div class='ocr_carea' id='block_1_55' title="bbox 1924 3231 3515 3306">
    <p class='ocr_par' dir='ltr' id='par_1_55' title="bbox 1930 3233 3515 3306">
     <span class='ocr_line' id='line_1_55' title="bbox 1930 3233 3515 3306; baseline 0.001 -18"><span class='ocrx_word' id='word_1_380' title='bbox 1930 3234 1978 3288; x_wconf 73' lang='grc' dir='ltr'>ἀι</span> <span class='ocrx_word' id='word_1_381' title='bbox 2001 3235 2124 3288; x_wconf 89' lang='lat' dir='ltr'><strong>inde</strong></span> <span class='ocrx_word' id='word_1_382' title='bbox 2163 3244 2221 3288; x_wconf 91' lang='lat' dir='ltr'><strong>ut</strong></span> <span class='ocrx_word' id='word_1_383' title='bbox 2252 3233 2517 3304; x_wconf 80' lang='lat' dir='ltr'><strong>intelligat</strong></span> <span class='ocrx_word' id='word_1_384' title='bbox 2543 3233 2762 3303; x_wconf 89' lang='lat' dir='ltr'><strong>quantis</strong></span> <span class='ocrx_word' id='word_1_385' title='bbox 2813 3235 3062 3290; x_wconf 85' lang='lat' dir='ltr'><strong>saucium</strong></span> <span class='ocrx_word' id='word_1_386' title='bbox 3093 3235 3515 3306; x_wconf 83' lang='lat' dir='ltr'><strong>confectumque</strong></span> 
     </span>
    </p>
   </div>
   <div class='ocr_carea' id='block_1_56' title="bbox 221 3319 1812 3398">
    <p class='ocr_par' dir='ltr' id='par_1_56' title="bbox 221 3323 1812 3392">
     <span class='ocr_line' id='line_1_56' title="bbox 221 3323 1812 3392; baseline 0.004 -16"><span class='ocrx_word' id='word_1_387' title='bbox 221 3341 379 3391; x_wconf 85' lang='grc' dir='ltr'>πους,</span> <span class='ocrx_word' id='word_1_388' title='bbox 435 3323 532 3377; x_wconf 84' lang='grc' dir='ltr'>καὶ</span> <span class='ocrx_word' id='word_1_389' title='bbox 567 3323 668 3386; x_wconf 84' lang='grc' dir='ltr'>τὰς</span> <span class='ocrx_word' id='word_1_390' title='bbox 695 3323 1046 3391; x_wconf 84' lang='grc' dir='ltr'>ἅναϐιὼσεις,</span> <span class='ocrx_word' id='word_1_391' title='bbox 1073 3325 1171 3380; x_wconf 82' lang='grc' dir='ltr'>καὶ</span> <span class='ocrx_word' id='word_1_392' title='bbox 1197 3326 1296 3392; x_wconf 82' lang='grc' dir='ltr'>τὰς</span> <span class='ocrx_word' id='word_1_393' title='bbox 1325 3326 1469 3392; x_wconf 72' lang='grc' dir='ltr'>ἕξεις</span> <span class='ocrx_word' id='word_1_394' title='bbox 1495 3329 1606 3382; x_wconf 90' lang='grc' dir='ltr'><strong>τῶν</strong></span> <span class='ocrx_word' id='word_1_395' title='bbox 1653 3330 1812 3384; x_wconf 84' lang='grc' dir='ltr'>ὑπευ-</span> 
     </span>
    </p>
   </div>
   <div class='ocr_carea' id='block_1_57' title="bbox 1933 3319 3524 3398">
    <p class='ocr_par' dir='ltr' id='par_1_57' title="bbox 1933 3319 3524 3398">
     <span class='ocr_line' id='line_1_57' title="bbox 1933 3319 3524 3398; baseline 0.001 -16"><span class='ocrx_word' id='word_1_396' title='bbox 1933 3327 2252 3383; x_wconf 90' lang='lat' dir='ltr'><strong>vulneribus</strong></span> <span class='ocrx_word' id='word_1_397' title='bbox 2301 3319 2698 3397; x_wconf 81' lang='lat' dir='ltr'><strong>receperimus,</strong></span> <span class='ocrx_word' id='word_1_398' title='bbox 2731 3343 2840 3398; x_wconf 91' lang='lat' dir='ltr'><strong>quo</strong></span> <span class='ocrx_word' id='word_1_399' title='bbox 2868 3329 2935 3383; x_wconf 90' lang='lat' dir='ltr'><strong>ad</strong></span> <span class='ocrx_word' id='word_1_400' title='bbox 2964 3329 3282 3384; x_wconf 86' lang='lat' dir='ltr'><strong>cbaritatem</strong></span> <span class='ocrx_word' id='word_1_401' title='bbox 3309 3329 3524 3384; x_wconf 86' lang='lat' dir='ltr'><strong>inflam-</strong></span> 
     </span>
    </p>
   </div>
   <div class='ocr_carea' id='block_1_58' title="bbox 221 3382 1812 3496">
    <p class='ocr_par' dir='ltr' id='par_1_58' title="bbox 221 3382 1812 3496">
     <span class='ocr_line' id='line_1_58' title="bbox 221 3382 1812 3496; baseline 0.004 -26"><span class='ocrx_word' id='word_1_402' title='bbox 221 3382 402 3472; x_wconf 68' lang='grc' dir='ltr'>θύνων</span> <span class='ocrx_word' id='word_1_403' title='bbox 429 3433 446 3447; x_wconf 79' lang='grc'><strong><em>⁸</em></strong></span> <span class='ocrx_word' id='word_1_404' title='bbox 491 3419 628 3473; x_wconf 79' lang='grc' dir='ltr'>πολὺ</span> <span class='ocrx_word' id='word_1_405' title='bbox 646 3382 764 3491; x_wconf 69' lang='grc' dir='ltr'>γὰρ</span> <span class='ocrx_word' id='word_1_406' title='bbox 785 3418 848 3473; x_wconf 86' lang='grc' dir='ltr'><strong>τὸ</strong></span> <span class='ocrx_word' id='word_1_407' title='bbox 903 3382 1147 3475; x_wconf 75' lang='grc' dir='ltr'>ποικίλον</span> <span class='ocrx_word' id='word_1_408' title='bbox 1175 3382 1552 3494; x_wconf 47' lang='grc' dir='ltr'>καὶ-διάφορον</span> <span class='ocrx_word' id='word_1_409' title='bbox 1585 3382 1812 3496; x_wconf 56' lang='grc' dir='ltr'>κέκτήν-</span> 
     </span>
    </p>
   </div>
   <div class='ocr_carea' id='block_1_59' title="bbox 1934 3382 3525 3496">
    <p class='ocr_par' dir='ltr' id='par_1_59' title="bbox 1934 3382 3525 3487">
     <span class='ocr_line' id='line_1_59' title="bbox 1934 3382 3525 3487; baseline 0 -16"><span class='ocrx_word' id='word_1_410' title='bbox 1934 3427 2130 3471; x_wconf 87' lang='lat' dir='ltr'><strong>metur.</strong></span> <span class='ocrx_word' id='word_1_411' title='bbox 2182 3413 2370 3485; x_wconf 86' lang='lat' dir='ltr'><strong>Neque</strong></span> <span class='ocrx_word' id='word_1_412' title='bbox 2403 3382 2509 3470; x_wconf 62' lang='lat' dir='ltr'><strong>lioc</strong></span> <span class='ocrx_word' id='word_1_413' title='bbox 2543 3423 2594 3469; x_wconf 92' lang='lat' dir='ltr'><strong>te</strong></span> <span class='ocrx_word' id='word_1_414' title='bbox 2637 3382 2830 3485; x_wconf 66' lang='lat' dir='ltr'><strong>fugiat,</strong></span> <span class='ocrx_word' id='word_1_415' title='bbox 2873 3417 3179 3471; x_wconf 87' lang='lat' dir='ltr'><strong>venerande</strong></span> <span class='ocrx_word' id='word_1_416' title='bbox 3211 3426 3399 3487; x_wconf 88' lang='lat' dir='ltr'><strong>pater,</strong></span> <span class='ocrx_word' id='word_1_417' title='bbox 3440 3416 3525 3473; x_wconf 91' lang='lat' dir='ltr'><strong>uti</strong></span> 
     </span>
    </p>
   </div>
   <div class='ocr_carea' id='block_1_60' title="bbox 216 3503 1807 3589">
    <p class='ocr_par' dir='ltr' id='par_1_60' title="bbox 216 3511 1807 3589">
     <span class='ocr_line' id='line_1_60' title="bbox 216 3511 1807 3589; baseline 0.004 -25"><span class='ocrx_word' id='word_1_418' title='bbox 216 3529 332 3566; x_wconf 89' lang='grc' dir='ltr'>ται.</span> <span class='ocrx_word' id='word_1_419' title='bbox 372 3511 652 3576; x_wconf 83' lang='grc' dir='ltr'>Πολλάκις</span> <span class='ocrx_word' id='word_1_420' title='bbox 697 3514 726 3566; x_wconf 94' lang='lat'><strong>6</strong></span> <span class='ocrx_word' id='word_1_421' title='bbox 768 3511 1162 3587; x_wconf 75' lang='grc' dir='ltr'>ἀσθενέστερος</span> <span class='ocrx_word' id='word_1_422' title='bbox 1191 3513 1288 3567; x_wconf 72' lang='grc' dir='ltr'>καὶ</span> <span class='ocrx_word' id='word_1_423' title='bbox 1312 3514 1705 3586; x_wconf 82' lang='grc' dir='ltr'>ταπεινότερος</span> <span class='ocrx_word' id='word_1_424' title='bbox 1754 3520 1807 3589; x_wconf 64' lang='grc' dir='ltr'>τῇ</span> 
     </span>
    </p>
   </div>
   <div class='ocr_carea' id='block_1_61' title="bbox 1931 3503 3522 3589">
    <p class='ocr_par' dir='ltr' id='par_1_61' title="bbox 1932 3503 3522 3583">
     <span class='ocr_line' id='line_1_61' title="bbox 1932 3503 3522 3583; baseline 0.001 -19"><span class='ocrx_word' id='word_1_425' title='bbox 1932 3525 2040 3564; x_wconf 89' lang='lat' dir='ltr'><strong>non</strong></span> <span class='ocrx_word' id='word_1_426' title='bbox 2067 3508 2204 3580; x_wconf 81' lang='lat' dir='ltr'><strong>fugit</strong></span> <span class='ocrx_word' id='word_1_427' title='bbox 2229 3508 2395 3579; x_wconf 90' lang='lat' dir='ltr'><strong>(absit</strong></span> <span class='ocrx_word' id='word_1_428' title='bbox 2418 3508 2563 3563; x_wconf 89' lang='lat' dir='ltr'><strong>enim</strong></span> <span class='ocrx_word' id='word_1_429' title='bbox 2590 3515 2650 3562; x_wconf 90' lang='lat' dir='ltr'><strong>ut</strong></span> <span class='ocrx_word' id='word_1_430' title='bbox 2683 3509 2934 3579; x_wconf 79' lang='lat' dir='ltr'><strong>ignorare</strong></span> <span class='ocrx_word' id='word_1_431' title='bbox 2957 3503 3009 3564; x_wconf 73' lang='lat' dir='ltr'><strong>te</strong></span> <span class='ocrx_word' id='word_1_432' title='bbox 3035 3510 3140 3566; x_wconf 84' lang='lat' dir='ltr'><strong>hoc</strong></span> <span class='ocrx_word' id='word_1_433' title='bbox 3165 3511 3522 3583; x_wconf 80' lang='lat' dir='ltr'><strong>existimem),</strong></span> 
     </span>
    </p>
   </div>
   <div class='ocr_carea' id='block_1_62' title="bbox 219 3601 1810 3680">
    <p class='ocr_par' dir='ltr' id='par_1_62' title="bbox 219 3604 1810 3680">
     <span class='ocr_line' id='line_1_62' title="bbox 219 3604 1810 3680; baseline 0.004 -22"><span class='ocrx_word' id='word_1_434' title='bbox 219 3605 429 3677; x_wconf 80' lang='grc' dir='ltr'>καρδίᾳ</span> <span class='ocrx_word' id='word_1_435' title='bbox 478 3604 838 3676; x_wconf 79' lang='grc' dir='ltr'>εὑρίσκεταιο</span> <span class='ocrx_word' id='word_1_436' title='bbox 869 3605 1062 3676; x_wconf 86' lang='grc' dir='ltr'>διόπερ</span> <span class='ocrx_word' id='word_1_437' title='bbox 1095 3606 1192 3664; x_wconf 76' lang='grc' dir='ltr'>καὶ</span> <span class='ocrx_word' id='word_1_438' title='bbox 1236 3607 1585 3679; x_wconf 81' lang='grc' dir='ltr'>κουφοτέρως</span> <span class='ocrx_word' id='word_1_439' title='bbox 1647 3627 1810 3680; x_wconf 82' lang='grc' dir='ltr'>τιμω‹</span> 
     </span>
    </p>
   </div>
   <div class='ocr_carea' id='block_1_63' title="bbox 1934 3601 3525 3680">
    <p class='ocr_par' dir='ltr' id='par_1_63' title="bbox 1937 3601 3525 3675">
     <span class='ocr_line' id='line_1_63' title="bbox 1937 3601 3525 3675; baseline 0.002 -19"><span class='ocrx_word' id='word_1_440' title='bbox 1937 3602 2143 3658; x_wconf 83' lang='lat' dir='ltr'><strong>attendi</strong></span> <span class='ocrx_word' id='word_1_441' title='bbox 2181 3617 2213 3657; x_wconf 88' lang='lat' dir='ltr'><strong>a</strong></span> <span class='ocrx_word' id='word_1_442' title='bbox 2249 3601 2360 3656; x_wconf 91' lang='lat' dir='ltr'><strong>Deo</strong></span> <span class='ocrx_word' id='word_1_443' title='bbox 2394 3611 2744 3671; x_wconf 87' lang='lat' dir='ltr'><strong>peccatorum</strong></span> <span class='ocrx_word' id='word_1_444' title='bbox 2784 3602 2874 3672; x_wconf 88' lang='lat' dir='ltr'><strong>(ad</strong></span> <span class='ocrx_word' id='word_1_445' title='bbox 2913 3603 3289 3674; x_wconf 72' lang='lat' dir='ltr'><strong>paenitentiam</strong></span> <span class='ocrx_word' id='word_1_446' title='bbox 3325 3619 3525 3675; x_wconf 86' lang='lat' dir='ltr'><strong>prope-</strong></span> 
     </span>
    </p>
   </div>
   <div class='ocr_carea' id='block_1_64' title="bbox 223 3693 1814 3769">
    <p class='ocr_par' dir='ltr' id='par_1_64' title="bbox 223 3695 1814 3769">
     <span class='ocr_line' id='line_1_64' title="bbox 223 3695 1814 3769; baseline 0.004 -20"><span class='ocrx_word' id='word_1_447' title='bbox 223 3697 447 3766; x_wconf 85' lang='grc' dir='ltr'>ρεῖσθαι</span> <span class='ocrx_word' id='word_1_448' title='bbox 480 3695 636 3768; x_wconf 78' lang='grc' dir='ltr'>παρὰ</span> <span class='ocrx_word' id='word_1_449' title='bbox 669 3695 781 3751; x_wconf 89' lang='grc' dir='ltr'><strong>τῶν</strong></span> <span class='ocrx_word' id='word_1_450' title='bbox 815 3696 1207 3768; x_wconf 86' lang='grc' dir='ltr'>πνευματικῶν</span> <span class='ocrx_word' id='word_1_451' title='bbox 1271 3697 1546 3753; x_wconf 89' lang='grc' dir='ltr'>δικαστῶν</span> <span class='ocrx_word' id='word_1_452' title='bbox 1594 3699 1814 3769; x_wconf 78' lang='grc' dir='ltr'>ὀφείλει.</span> 
     </span>
    </p>
   </div>
   <div class='ocr_carea' id='block_1_65' title="bbox 1937 3693 3528 3769">
    <p class='ocr_par' dir='ltr' id='par_1_65' title="bbox 1937 3693 3528 3766">
     <span class='ocr_line' id='line_1_65' title="bbox 1937 3693 3528 3766; baseline 0.001 -15"><span class='ocrx_word' id='word_1_453' title='bbox 1937 3695 2198 3766; x_wconf 88' lang='lat' dir='ltr'><strong>rantium)</strong></span> <span class='ocrx_word' id='word_1_454' title='bbox 2231 3695 2415 3750; x_wconf 89' lang='lat' dir='ltr'><strong>locum</strong></span> <span class='ocrx_word' id='word_1_455' title='bbox 2448 3693 2753 3766; x_wconf 78' lang='lat' dir='ltr'><strong>quoque’et</strong></span> <span class='ocrx_word' id='word_1_456' title='bbox 2774 3698 2899 3751; x_wconf 68' lang='lat' dir='ltr'><strong>vita:</strong></span> <span class='ocrx_word' id='word_1_457' title='bbox 2930 3712 3082 3752; x_wconf 69' lang='lat' dir='ltr'><strong>novae</strong></span> <span class='ocrx_word' id='word_1_458' title='bbox 3113 3697 3406 3766; x_wconf 90' lang='lat' dir='ltr'><strong>rationem,</strong></span> <span class='ocrx_word' id='word_1_459' title='bbox 3429 3713 3528 3753; x_wconf 87' lang='lat' dir='ltr'><strong>nec</strong></span> 
     </span>
    </p>
   </div>
   <div class='ocr_carea' id='block_1_66' title="bbox 223 3787 1814 3861">
    <p class='ocr_par' dir='ltr' id='par_1_66' title="bbox 223 3787 1003 3860">
     <span class='ocr_line' id='line_1_66' title="bbox 223 3787 1003 3860; baseline 0.008 -21"><span class='ocrx_word' id='word_1_460' title='bbox 223 3787 304 3839; x_wconf 76' lang='grc' dir='ltr'>Τὸ</span> <span class='ocrx_word' id='word_1_461' title='bbox 350 3788 412 3842; x_wconf 76' lang='grc' dir='ltr'>δὲ</span> <span class='ocrx_word' id='word_1_462' title='bbox 439 3788 684 3844; x_wconf 74' lang='grc' dir='ltr'>ἐναντίον</span> <span class='ocrx_word' id='word_1_463' title='bbox 715 3789 1003 3860; x_wconf 83' lang='grc' dir='ltr'>πρόδηλον.</span> 
     </span>
    </p>
   </div>
   <div class='ocr_carea' id='block_1_67' title="bbox 1937 3787 3528 3861">
    <p class='ocr_par' dir='ltr' id='par_1_67' title="bbox 1937 3788 3528 3861">
     <span class='ocr_line' id='line_1_67' title="bbox 1937 3788 3528 3861; baseline 0.002 -18"><span class='ocrx_word' id='word_1_464' title='bbox 1937 3803 2046 3845; x_wconf 91' lang='lat' dir='ltr'><strong>non</strong></span> <span class='ocrx_word' id='word_1_465' title='bbox 2086 3789 2258 3844; x_wconf 88' lang='lat' dir='ltr'><strong>animi</strong></span> <span class='ocrx_word' id='word_1_466' title='bbox 2287 3788 2537 3844; x_wconf 83' lang='lat' dir='ltr'><strong>habitum</strong></span> <span class='ocrx_word' id='word_1_467' title='bbox 2567 3797 2621 3844; x_wconf 89' lang='lat' dir='ltr'><strong>et</strong></span> <span class='ocrx_word' id='word_1_468' title='bbox 2655 3788 2932 3845; x_wconf 74' lang='lat' dir='ltr'><strong>affectum.</strong></span> <span class='ocrx_word' id='word_1_469' title='bbox 2977 3789 3168 3861; x_wconf 83' lang='lat' dir='ltr'><strong>Magna</strong></span> <span class='ocrx_word' id='word_1_470' title='bbox 3201 3791 3348 3846; x_wconf 92' lang='lat' dir='ltr'><strong>enim</strong></span> <span class='ocrx_word' id='word_1_471' title='bbox 3392 3799 3528 3846; x_wconf 88' lang='lat' dir='ltr'><strong>sunt</strong></span> 
     </span>
    </p>
   </div>
   <div class='ocr_carea' id='block_1_68' title="bbox 225 3877 3524 3960">
    <p class='ocr_par' dir='ltr' id='par_1_68' title="bbox 225 3877 3524 3960">
     <span class='ocr_line' id='line_1_68' title="bbox 225 3877 3524 3960; baseline 0.001 -26"><span class='ocrx_word' id='word_1_472' title='bbox 225 3877 437 3936; x_wconf 87' lang='lat' dir='ltr'><strong>horum</strong></span> <span class='ocrx_word' id='word_1_473' title='bbox 482 3881 824 3938; x_wconf 89' lang='lat' dir='ltr'><strong>discrimina.</strong></span> <span class='ocrx_word' id='word_1_474' title='bbox 871 3881 998 3938; x_wconf 88' lang='lat' dir='ltr'><strong>Non</strong></span> <span class='ocrx_word' id='word_1_475' title='bbox 1053 3879 1434 3953; x_wconf 89' lang='lat' dir='ltr'><strong>infrequenter</strong></span> <span class='ocrx_word' id='word_1_476' title='bbox 1485 3883 1723 3952; x_wconf 86' lang='lat' dir='ltr'><strong>accidit,</strong></span> <span class='ocrx_word' id='word_1_477' title='bbox 1779 3893 1840 3940; x_wconf 92' lang='lat' dir='ltr'><strong>ut</strong></span> <span class='ocrx_word' id='word_1_478' title='bbox 1878 3900 1989 3957; x_wconf 83' lang='lat' dir='ltr'><strong>quo</strong></span> <span class='ocrx_word' id='word_1_479' title='bbox 2021 3882 2128 3938; x_wconf 91' lang='lat' dir='ltr'><strong>tiro</strong></span> <span class='ocrx_word' id='word_1_480' title='bbox 2187 3881 2531 3952; x_wconf 82' lang='lat' dir='ltr'><strong>gravioribus</strong></span> <span class='ocrx_word' id='word_1_481' title='bbox 2577 3881 2747 3936; x_wconf 91' lang='lat' dir='ltr'><strong>animi</strong></span> <span class='ocrx_word' id='word_1_482' title='bbox 2815 3881 3024 3937; x_wconf 89' lang='lat' dir='ltr'><strong>morbis</strong></span> <span class='ocrx_word' id='word_1_483' title='bbox 3071 3889 3155 3960; x_wconf 82' lang='lat' dir='ltr'><strong>est</strong></span> <span class='ocrx_word' id='word_1_484' title='bbox 3201 3895 3524 3952; x_wconf 88' lang='lat' dir='ltr'><strong>oppressus,</strong></span> 
     </span>
    </p>
   </div>
   <div class='ocr_carea' id='block_1_69' title="bbox 232 3961 3521 4047">
    <p class='ocr_par' dir='ltr' id='par_1_69' title="bbox 232 3961 3521 4047">
     <span class='ocr_line' id='line_1_69' title="bbox 232 3961 3521 4047; baseline 0.002 -21"><span class='ocrx_word' id='word_1_485' title='bbox 232 3973 351 4027; x_wconf 82' lang='lat' dir='ltr'><strong>hoc</strong></span> <span class='ocrx_word' id='word_1_486' title='bbox 380 3972 565 4029; x_wconf 84' lang='lat' dir='ltr'><strong>animo</strong></span> <span class='ocrx_word' id='word_1_487' title='bbox 593 3976 665 4032; x_wconf 87' lang='lat' dir='ltr'><strong>sit</strong></span> <span class='ocrx_word' id='word_1_488' title='bbox 689 3973 1022 4030; x_wconf 86' lang='lat' dir='ltr'><strong>submissior</strong></span> <span class='ocrx_word' id='word_1_489' title='bbox 1053 3989 1153 4030; x_wconf 90' lang='lat' dir='ltr'><strong>seu</strong></span> <span class='ocrx_word' id='word_1_490' title='bbox 1188 3975 1478 4045; x_wconf 75' lang='lat' dir='ltr'><strong>abiectior,</strong></span> <span class='ocrx_word' id='word_1_491' title='bbox 1531 3983 1593 4030; x_wconf 92' lang='lat' dir='ltr'><strong>ut</strong></span> <span class='ocrx_word' id='word_1_492' title='bbox 1631 3975 1862 4047; x_wconf 89' lang='lat' dir='ltr'><strong>proinde</strong></span> <span class='ocrx_word' id='word_1_493' title='bbox 1897 3974 2223 4032; x_wconf 90' lang='lat' dir='ltr'><strong>clementius</strong></span> <span class='ocrx_word' id='word_1_494' title='bbox 2248 3989 2278 4028; x_wconf 86' lang='lat' dir='ltr'><strong>a</strong></span> <span class='ocrx_word' id='word_1_495' title='bbox 2314 3974 2500 4044; x_wconf 89' lang='lat' dir='ltr'><strong>judice</strong></span> <span class='ocrx_word' id='word_1_496' title='bbox 2537 3974 2797 4046; x_wconf 83' lang='lat' dir='ltr'><strong>religioso</strong></span> <span class='ocrx_word' id='word_1_497' title='bbox 2837 3976 2910 4032; x_wconf 92' lang='lat' dir='ltr'><strong>sit</strong></span> <span class='ocrx_word' id='word_1_498' title='bbox 2971 3961 3290 4032; x_wconf 83' lang='lat' dir='ltr'><strong>tractandus</strong></span> <span class='ocrx_word' id='word_1_499' title='bbox 3332 3975 3521 4046; x_wconf 83' lang='lat' dir='ltr'><strong>(quam</strong></span> 
     </span>
    </p>
   </div>
   <div class='ocr_carea' id='block_1_70' title="bbox 225 4065 2829 4140">
    <p class='ocr_par' dir='ltr' id='par_1_70' title="bbox 225 4065 2829 4140">
     <span class='ocr_line' id='line_1_70' title="bbox 225 4065 2829 4140; baseline -0.001 -18"><span class='ocrx_word' id='word_1_500' title='bbox 225 4065 402 4137; x_wconf 86' lang='lat' dir='ltr'><strong>culpa</strong></span> <span class='ocrx_word' id='word_1_501' title='bbox 430 4065 649 4138; x_wconf 74' lang='lat' dir='ltr'><strong>exigere</strong></span> <span class='ocrx_word' id='word_1_502' title='bbox 679 4067 971 4138; x_wconf 86' lang='lat' dir='ltr'><strong>videatur.)</strong></span> <span class='ocrx_word' id='word_1_503' title='bbox 1005 4065 1118 4124; x_wconf 87' lang='lat' dir='ltr'><strong>Nec</strong></span> <span class='ocrx_word' id='word_1_504' title='bbox 1142 4068 1438 4125; x_wconf 90' lang='lat' dir='ltr'><strong>obscurum</strong></span> <span class='ocrx_word' id='word_1_505' title='bbox 1468 4069 1601 4140; x_wconf 89' lang='lat' dir='ltr'><strong>quid</strong></span> <span class='ocrx_word' id='word_1_506' title='bbox 1637 4083 1670 4125; x_wconf 93' lang='lat' dir='ltr'><strong>e</strong></span> <span class='ocrx_word' id='word_1_507' title='bbox 1712 4077 1904 4126; x_wconf 88' lang='lat' dir='ltr'><strong>contra</strong></span> <span class='ocrx_word' id='word_1_508' title='bbox 1943 4069 1998 4124; x_wconf 90' lang='lat' dir='ltr'><strong>in</strong></span> <span class='ocrx_word' id='word_1_509' title='bbox 2033 4067 2354 4140; x_wconf 83' lang='lat' dir='ltr'><strong>praesidente</strong></span> <span class='ocrx_word' id='word_1_510' title='bbox 2394 4067 2466 4122; x_wconf 91' lang='lat' dir='ltr'><strong>sit</strong></span> <span class='ocrx_word' id='word_1_511' title='bbox 2490 4065 2829 4128; x_wconf 90' lang='lat' dir='ltr'><strong>facicndum._</strong></span> 
     </span>
    </p>
   </div>
   <div class='ocr_carea' id='block_1_71' title="bbox 803 4157 2919 4215">
    <p class='ocr_par' dir='ltr' id='par_1_71' title="bbox 803 4157 2919 4215">
     <span class='ocr_line' id='line_1_71' title="bbox 803 4157 2919 4215; baseline 0 -3"><span class='ocrx_word' id='word_1_512' title='bbox 803 4159 915 4212; x_wconf 76' lang='grc' dir='ltr'><strong>ΕΙΣ</strong></span> <span class='ocrx_word' id='word_1_513' title='bbox 949 4159 1202 4214; x_wconf 81' lang='grc' dir='ltr'><strong>ΚΕΦΔΑ.</strong></span> <span class='ocrx_word' id='word_1_514' title='bbox 1237 4161 1296 4214; x_wconf 73' lang='grc' dir='ltr'>ι’.</span> <span class='ocrx_word' id='word_1_515' title='bbox 2545 4158 2634 4212; x_wconf 85' lang='grc' dir='ltr'><strong>ΔΙ)</strong></span> <span class='ocrx_word' id='word_1_516' title='bbox 2669 4158 2822 4215; x_wconf 81' lang='lat' dir='ltr'><strong>CAP.</strong></span> <span class='ocrx_word' id='word_1_517' title='bbox 2848 4157 2919 4213; x_wconf 77' lang='grc' dir='ltr'>Χ.</span> 
     </span>
    </p>
   </div>
   <div class='ocr_carea' id='block_1_72' title="bbox 877 4249 2468 4322">
    <p class='ocr_par' dir='ltr' id='par_1_72' title="bbox 877 4253 1162 4322">
     <span class='ocr_line' id='line_1_72' title="bbox 877 4253 1162 4322; baseline 0.007 -16"><span class='ocrx_word' id='word_1_518' title='bbox 877 4253 1162 4322; x_wconf 77' lang='grc' dir='ltr'>Σχόλιον.</span> 
     </span>
    </p>
   </div>
   <div class='ocr_carea' id='block_1_73' title="bbox 1287 4249 2878 4322">
    <p class='ocr_par' dir='ltr' id='par_1_73' title="bbox 2609 4249 2878 4305">
     <span class='ocr_line' id='line_1_73' title="bbox 2609 4249 2878 4305; baseline -0.004 0"><span class='ocrx_word' id='word_1_519' title='bbox 2609 4249 2878 4305; x_wconf 82' lang='lat' dir='ltr'><strong>Scholion.</strong></span> 
     </span>
    </p>
   </div>
   <div class='ocr_carea' id='block_1_74' title="bbox 307 4341 1898 4418">
    <p class='ocr_par' dir='ltr' id='par_1_74' title="bbox 307 4343 1826 4418">
     <span class='ocr_line' id='line_1_74' title="bbox 307 4343 1826 4418; baseline 0.001 -19"><span class='ocrx_word' id='word_1_520' title='bbox 307 4343 370 4399; x_wconf 87' lang='grc'><strong>’0</strong></span> <span class='ocrx_word' id='word_1_521' title='bbox 403 4343 545 4415; x_wconf 82' lang='grc' dir='ltr'>πρὸς</span> <span class='ocrx_word' id='word_1_522' title='bbox 577 4344 767 4414; x_wconf 82' lang='grc' dir='ltr'>ὑγείαν</span> <span class='ocrx_word' id='word_1_523' title='bbox 797 4345 1128 4417; x_wconf 79' lang='grc' dir='ltr'>προσφέρων</span> <span class='ocrx_word' id='word_1_524' title='bbox 1180 4345 1280 4416; x_wconf 81' lang='grc' dir='ltr'>τὴν</span> <span class='ocrx_word' id='word_1_525' title='bbox 1305 4345 1576 4411; x_wconf 86' lang='grc' dir='ltr'>παιδείαν,</span> <span class='ocrx_word' id='word_1_526' title='bbox 1643 4349 1704 4402; x_wconf 76' lang='grc' dir='ltr'>ἐν</span> <span class='ocrx_word' id='word_1_527' title='bbox 1759 4349 1826 4418; x_wconf 83' lang='grc' dir='ltr'>τῇ</span> 
     </span>
    </p>
   </div>
   <div class='ocr_carea' id='block_1_75' title="bbox 1937 4341 3528 4418">
    <p class='ocr_par' dir='ltr' id='par_1_75' title="bbox 2008 4341 3528 4413">
     <span class='ocr_line' id='line_1_75' title="bbox 2008 4341 3528 4413; baseline -0.002 -13"><span class='ocrx_word' id='word_1_528' title='bbox 2008 4343 2113 4412; x_wconf 86' lang='lat' dir='ltr'><strong>Qui</strong></span> <span class='ocrx_word' id='word_1_529' title='bbox 2156 4342 2380 4400; x_wconf 83' lang='lat' dir='ltr'><strong>adhibet</strong></span> <span class='ocrx_word' id='word_1_530' title='bbox 2408 4343 2754 4413; x_wconf 89' lang='lat' dir='ltr'><strong>disciplinam</strong></span> <span class='ocrx_word' id='word_1_531' title='bbox 2809 4343 2876 4398; x_wconf 91' lang='lat' dir='ltr'><strong>ad</strong></span> <span class='ocrx_word' id='word_1_532' title='bbox 2924 4341 3216 4398; x_wconf 73' lang='lat' dir='ltr'><strong>sanitatem</strong></span> <span class='ocrx_word' id='word_1_533' title='bbox 3245 4356 3344 4398; x_wconf 75' lang='lat' dir='ltr'><strong>seu</strong></span> <span class='ocrx_word' id='word_1_534' title='bbox 3380 4341 3528 4398; x_wconf 64' lang='lat' dir='ltr'><strong>said-</strong></span> 
     </span>
    </p>
   </div>
   <div class='ocr_carea' id='block_1_76' title="bbox 213 4436 1804 4511">
    <p class='ocr_par' dir='ltr' id='par_1_76' title="bbox 213 4436 1800 4511">
     <span class='ocr_line' id='line_1_76' title="bbox 213 4436 1800 4511; baseline 0.001 -20"><span class='ocrx_word' id='word_1_535' title='bbox 213 4436 423 4511; x_wconf 74' lang='grc' dir='ltr'>ὀιγάπῃ</span> <span class='ocrx_word' id='word_1_536' title='bbox 455 4436 704 4491; x_wconf 86' lang='grc' dir='ltr'>παιδεύει</span> <span class='ocrx_word' id='word_1_537' title='bbox 736 4453 750 4467; x_wconf 76' lang='grc'><strong><em>⁸</em></strong></span> <span class='ocrx_word' id='word_1_538' title='bbox 798 4439 827 4492; x_wconf 91' lang='lat'><strong>6</strong></span> <span class='ocrx_word' id='word_1_539' title='bbox 871 4437 930 4491; x_wconf 86' lang='grc' dir='ltr'>δὲ</span> <span class='ocrx_word' id='word_1_540' title='bbox 961 4437 1207 4509; x_wconf 76' lang='grc' dir='ltr'>ἐκζητῶν</span> <span class='ocrx_word' id='word_1_541' title='bbox 1241 4438 1341 4510; x_wconf 87' lang='grc' dir='ltr'><strong>τὴν</strong></span> <span class='ocrx_word' id='word_1_542' title='bbox 1386 4439 1688 4511; x_wconf 79' lang='grc' dir='ltr'>ἐκδίκησιν,</span> <span class='ocrx_word' id='word_1_543' title='bbox 1735 4455 1800 4492; x_wconf 84' lang='grc' dir='ltr'><strong>κε</strong></span> 
     </span>
    </p>
   </div>
   <div class='ocr_carea' id='block_1_77' title="bbox 1936 4436 3527 4511">
    <p class='ocr_par' dir='ltr' id='par_1_77' title="bbox 1938 4436 3527 4508">
     <span class='ocr_line' id='line_1_77' title="bbox 1938 4436 3527 4508; baseline -0.003 -15"><span class='ocrx_word' id='word_1_544' title='bbox 1938 4445 2046 4494; x_wconf 89' lang='lat' dir='ltr'><strong>tem</strong></span> <span class='ocrx_word' id='word_1_545' title='bbox 2081 4438 2328 4505; x_wconf 89' lang='lat' dir='ltr'><strong>alterius,</strong></span> <span class='ocrx_word' id='word_1_546' title='bbox 2374 4437 2467 4494; x_wconf 90' lang='lat' dir='ltr'><strong>bic</strong></span> <span class='ocrx_word' id='word_1_547' title='bbox 2517 4438 2570 4492; x_wconf 93' lang='lat' dir='ltr'><strong>in</strong></span> <span class='ocrx_word' id='word_1_548' title='bbox 2613 4437 2880 4493; x_wconf 88' lang='lat' dir='ltr'><strong>charitate</strong></span> <span class='ocrx_word' id='word_1_549' title='bbox 2914 4436 3144 4507; x_wconf 81' lang='lat' dir='ltr'><strong>castigat</strong></span> <span class='ocrx_word' id='word_1_550' title='bbox 3176 4454 3190 4492; x_wconf 93' lang='lat'><strong>:</strong></span> <span class='ocrx_word' id='word_1_551' title='bbox 3226 4437 3317 4508; x_wconf 85' lang='lat' dir='ltr'><strong>qui</strong></span> <span class='ocrx_word' id='word_1_552' title='bbox 3346 4445 3527 4490; x_wconf 82' lang='lat' dir='ltr'><strong>autem</strong></span> 
     </span>
    </p>
   </div>
   <div class='ocr_carea' id='block_1_78' title="bbox 211 4527 1802 4603">
    <p class='ocr_par' dir='ltr' id='par_1_78' title="bbox 211 4529 1802 4603">
     <span class='ocr_line' id='line_1_78' title="bbox 211 4529 1802 4603; baseline -0.009 -8"><span class='ocrx_word' id='word_1_553' title='bbox 211 4530 308 4594; x_wconf 85' lang='grc' dir='ltr'>νός</span> <span class='ocrx_word' id='word_1_554' title='bbox 359 4532 521 4584; x_wconf 70' lang='grc' dir='ltr'>ἔστιν</span> <span class='ocrx_word' id='word_1_555' title='bbox 547 4531 614 4584; x_wconf 83' lang='grc' dir='ltr'>ὲκ</span> <span class='ocrx_word' id='word_1_556' title='bbox 650 4529 752 4600; x_wconf 84' lang='grc' dir='ltr'>τῆς</span> <span class='ocrx_word' id='word_1_557' title='bbox 784 4531 1026 4602; x_wconf 86' lang='grc' dir='ltr'>ἀγάπης.</span> <span class='ocrx_word' id='word_1_558' title='bbox 1077 4531 1136 4603; x_wconf 88' lang='lat' dir='ltr'><strong>&#39;O</strong></span> <span class='ocrx_word' id='word_1_559' title='bbox 1181 4530 1315 4593; x_wconf 80' lang='grc' dir='ltr'>Θεὸς</span> <span class='ocrx_word' id='word_1_560' title='bbox 1354 4531 1602 4586; x_wconf 88' lang='grc' dir='ltr'>παιδεύει</span> <span class='ocrx_word' id='word_1_561' title='bbox 1650 4533 1710 4586; x_wconf 83' lang='grc' dir='ltr'>ὲν</span> <span class='ocrx_word' id='word_1_562' title='bbox 1760 4535 1802 4584; x_wconf 68' lang='grc' dir='ltr'>τε</span> 
     </span>
    </p>
   </div>
   <div class='ocr_carea' id='block_1_79' title="bbox 1934 4527 3525 4603">
    <p class='ocr_par' dir='ltr' id='par_1_79' title="bbox 1939 4527 3525 4602">
     <span class='ocr_line' id='line_1_79' title="bbox 1939 4527 3525 4602; baseline -0.002 -16"><span class='ocrx_word' id='word_1_563' title='bbox 1939 4532 2204 4587; x_wconf 90' lang='lat' dir='ltr'><strong>ultionem</strong></span> <span class='ocrx_word' id='word_1_564' title='bbox 2253 4531 2490 4602; x_wconf 60' lang='lat' dir='ltr'><strong>quaerit,</strong></span> <span class='ocrx_word' id='word_1_565' title='bbox 2549 4527 2702 4586; x_wconf 90' lang='lat' dir='ltr'><strong>omni</strong></span> <span class='ocrx_word' id='word_1_566' title='bbox 2759 4529 3030 4585; x_wconf 87' lang='lat' dir='ltr'><strong>charitate</strong></span> <span class='ocrx_word' id='word_1_567' title='bbox 3082 4527 3378 4584; x_wconf 90' lang='lat' dir='ltr'><strong>destitutus</strong></span> <span class='ocrx_word' id='word_1_568' title='bbox 3423 4539 3525 4583; x_wconf 89' lang='lat' dir='ltr'><strong>est.</strong></span> 
     </span>
    </p>
   </div>
   <div class='ocr_carea' id='block_1_80' title="bbox 205 4583 1796 4696">
    <p class='ocr_par' dir='ltr' id='par_1_80' title="bbox 205 4583 1792 4696">
     <span class='ocr_line' id='line_1_80' title="bbox 205 4583 1792 4696; baseline -0.002 -18"><span class='ocrx_word' id='word_1_569' title='bbox 205 4583 443 4696; x_wconf 59' lang='grc' dir='ltr'>ἀγὲπῃ,</span> <span class='ocrx_word' id='word_1_570' title='bbox 489 4583 1381 4694; x_wconf 54' lang='grc' dir='ltr'><strong>οὐκἀμιὶζιέμέἒροξῗμὴ⁵γένοιέοο</strong></span> <span class='ocrx_word' id='word_1_571' title='bbox 1408 4583 1541 4676; x_wconf 51' lang='lat' dir='ltr'><strong>“tu:</strong></span> <span class='ocrx_word' id='word_1_572' title='bbox 1561 4583 1676 4677; x_wconf 50' lang='lat'><strong>3..</strong></span> <span class='ocrx_word' id='word_1_573' title='bbox 1691 4583 1792 4676; x_wconf 54' lang='lat' dir='ltr'><strong>tu</strong></span> 
     </span>
    </p>
   </div>
   <div class='ocr_carea' id='block_1_81' title="bbox 1934 4583 3525 4696">
    <p class='ocr_par' dir='ltr' id='par_1_81' title="bbox 1937 4621 3525 4696">
     <span class='ocr_line' id='line_1_81' title="bbox 1937 4621 3525 4696; baseline -0.003 -19"><span class='ocrx_word' id='word_1_574' title='bbox 1937 4623 2084 4680; x_wconf 89' lang='lat' dir='ltr'><strong>Deus</strong></span> <span class='ocrx_word' id='word_1_575' title='bbox 2106 4625 2340 4696; x_wconf 80' lang='lat' dir='ltr'><strong>castigat</strong></span> <span class='ocrx_word' id='word_1_576' title='bbox 2363 4625 2418 4678; x_wconf 92' lang='lat' dir='ltr'><strong>in</strong></span> <span class='ocrx_word' id='word_1_577' title='bbox 2451 4623 2717 4678; x_wconf 75' lang='lat' dir='ltr'><strong>cltaritate</strong></span> <span class='ocrx_word' id='word_1_578' title='bbox 2743 4664 2758 4688; x_wconf 93' lang='lat'><strong>,</strong></span> <span class='ocrx_word' id='word_1_579' title='bbox 2790 4637 2899 4678; x_wconf 89' lang='lat' dir='ltr'><strong>non</strong></span> <span class='ocrx_word' id='word_1_580' title='bbox 2927 4622 2979 4676; x_wconf 92' lang='lat' dir='ltr'><strong>in</strong></span> <span class='ocrx_word' id='word_1_581' title='bbox 3007 4621 3327 4688; x_wconf 77' lang='lat' dir='ltr'><strong>vindictam,</strong></span> <span class='ocrx_word' id='word_1_582' title='bbox 3351 4621 3525 4676; x_wconf 89' lang='lat' dir='ltr'><strong>absit!</strong></span> 
     </span>
    </p>
   </div>
   <div class='ocr_carea' id='block_1_82' title="bbox 202 4709 1793 4785">
    <p class='ocr_par' dir='ltr' id='par_1_82' title="bbox 202 4712 1793 4785">
     <span class='ocr_line' id='line_1_82' title="bbox 202 4712 1793 4785; baseline 0 -18"><span class='ocrx_word' id='word_1_583' title='bbox 202 4715 241 4785; x_wconf 81' lang='grc' dir='ltr'><strong>ἡ</strong></span> <span class='ocrx_word' id='word_1_584' title='bbox 303 4712 491 4768; x_wconf 83' lang='grc' dir='ltr'>είκὼν</span> <span class='ocrx_word' id='word_1_585' title='bbox 533 4712 701 4766; x_wconf 78' lang='grc' dir='ltr'>αὐτοῦ</span> <span class='ocrx_word' id='word_1_586' title='bbox 733 4713 906 4785; x_wconf 76' lang='grc' dir='ltr'>ζητεῖ,</span> <span class='ocrx_word' id='word_1_587' title='bbox 963 4714 1060 4768; x_wconf 77' lang='grc' dir='ltr'><strong>καὶ</strong></span> <span class='ocrx_word' id='word_1_588' title='bbox 1084 4714 1146 4768; x_wconf 80' lang='grc' dir='ltr'><strong>οὐ</strong></span> <span class='ocrx_word' id='word_1_589' title='bbox 1199 4713 1472 4784; x_wconf 80' lang='grc' dir='ltr'>φυλάσσει</span> <span class='ocrx_word' id='word_1_590' title='bbox 1525 4715 1605 4778; x_wconf 82' lang='grc' dir='ltr'><strong>είς</strong></span> <span class='ocrx_word' id='word_1_591' title='bbox 1638 4713 1793 4784; x_wconf 83' lang='grc' dir='ltr'>καιρό</span> 
     </span>
    </p>
   </div>
   <div class='ocr_carea' id='block_1_83' title="bbox 1936 4709 3527 4785">
    <p class='ocr_par' dir='ltr' id='par_1_83' title="bbox 1936 4709 3527 4784">
     <span class='ocr_line' id='line_1_83' title="bbox 1936 4709 3527 4784; baseline -0.004 -14"><span class='ocrx_word' id='word_1_592' title='bbox 1936 4715 2032 4770; x_wconf 90' lang='lat' dir='ltr'><strong>sed</strong></span> <span class='ocrx_word' id='word_1_593' title='bbox 2094 4723 2156 4768; x_wconf 93' lang='lat' dir='ltr'><strong>ut</strong></span> <span class='ocrx_word' id='word_1_594' title='bbox 2209 4723 2434 4770; x_wconf 87' lang='lat' dir='ltr'><strong>sanetur</strong></span> <span class='ocrx_word' id='word_1_595' title='bbox 2487 4713 2669 4783; x_wconf 84' lang='lat' dir='ltr'><strong>imago</strong></span> <span class='ocrx_word' id='word_1_596' title='bbox 2717 4713 2836 4784; x_wconf 86' lang='lat' dir='ltr'><strong>ejus</strong></span> <span class='ocrx_word' id='word_1_597' title='bbox 2890 4711 3091 4768; x_wconf 87' lang='lat' dir='ltr'><strong>studet.</strong></span> <span class='ocrx_word' id='word_1_598' title='bbox 3145 4709 3330 4782; x_wconf 87' lang='lat' dir='ltr'><strong>Neque</strong></span> <span class='ocrx_word' id='word_1_599' title='bbox 3393 4711 3527 4764; x_wconf 87' lang='lat' dir='ltr'><strong>iram</strong></span> 
     </span>
    </p>
   </div>
   <div class='ocr_carea' id='block_1_84' title="bbox 201 4798 1792 4878">
    <p class='ocr_par' dir='ltr' id='par_1_84' title="bbox 201 4798 1792 4878">
     <span class='ocr_line' id='line_1_84' title="bbox 201 4798 1792 4878; baseline 0.001 -19"><span class='ocrx_word' id='word_1_600' title='bbox 201 4807 313 4877; x_wconf 79' lang='grc' dir='ltr'><strong>τὴν</strong></span> <span class='ocrx_word' id='word_1_601' title='bbox 365 4805 581 4877; x_wconf 85' lang='grc' dir='ltr'>ὀργήν.</span> <span class='ocrx_word' id='word_1_602' title='bbox 613 4798 784 4868; x_wconf 74' lang='grc' dir='ltr'>Οὗτος</span> <span class='ocrx_word' id='word_1_603' title='bbox 835 4805 895 4860; x_wconf 82' lang='grc' dir='ltr'>δὲ</span> <span class='ocrx_word' id='word_1_604' title='bbox 944 4807 974 4860; x_wconf 91' lang='lat'><strong>6</strong></span> <span class='ocrx_word' id='word_1_605' title='bbox 1021 4806 1224 4878; x_wconf 85' lang='grc' dir='ltr'>τρόπος</span> <span class='ocrx_word' id='word_1_606' title='bbox 1257 4806 1359 4877; x_wconf 81' lang='grc' dir='ltr'>τῆς</span> <span class='ocrx_word' id='word_1_607' title='bbox 1388 4806 1611 4878; x_wconf 83' lang='grc' dir='ltr'>ἀγάπης</span> <span class='ocrx_word' id='word_1_608' title='bbox 1643 4809 1709 4861; x_wconf 79' lang='grc' dir='ltr'>ἐκ</span> <span class='ocrx_word' id='word_1_609' title='bbox 1732 4809 1792 4878; x_wconf 81' lang='grc' dir='ltr'>τῆ</span> 
     </span>
    </p>
   </div>
   <div class='ocr_carea' id='block_1_85' title="bbox 1941 4798 3532 4878">
    <p class='ocr_par' dir='ltr' id='par_1_85' title="bbox 1941 4802 3532 4877">
     <span class='ocr_line' id='line_1_85' title="bbox 1941 4802 3532 4877; baseline -0.002 -17"><span class='ocrx_word' id='word_1_610' title='bbox 1941 4819 2090 4860; x_wconf 73' lang='lat' dir='ltr'><strong>suam</strong></span> <span class='ocrx_word' id='word_1_611' title='bbox 2129 4806 2182 4860; x_wconf 85' lang='lat' dir='ltr'><strong>in</strong></span> <span class='ocrx_word' id='word_1_612' title='bbox 2225 4814 2444 4877; x_wconf 90' lang='lat' dir='ltr'><strong>tempus</strong></span> <span class='ocrx_word' id='word_1_613' title='bbox 2483 4805 2736 4861; x_wconf 56' lang='lat' dir='ltr'><strong>vindicta;</strong></span> <span class='ocrx_word' id='word_1_614' title='bbox 2781 4813 3040 4860; x_wconf 82' lang='lat' dir='ltr'><strong>reservat.</strong></span> <span class='ocrx_word' id='word_1_615' title='bbox 3086 4802 3186 4858; x_wconf 83' lang='lat' dir='ltr'><strong>Hic</strong></span> <span class='ocrx_word' id='word_1_616' title='bbox 3225 4802 3420 4858; x_wconf 88' lang='lat' dir='ltr'><strong>modus</strong></span> <span class='ocrx_word' id='word_1_617' title='bbox 3449 4811 3532 4857; x_wconf 88' lang='lat' dir='ltr'><strong>est</strong></span> 
     </span>
    </p>
   </div>
   <div class='ocr_carea' id='block_1_86' title="bbox 204 4894 1795 4971">
    <p class='ocr_par' dir='ltr' id='par_1_86' title="bbox 204 4894 1795 4968">
     <span class='ocr_line' id='line_1_86' title="bbox 204 4894 1795 4968; baseline 0.004 -22"><span class='ocrx_word' id='word_1_618' title='bbox 204 4894 537 4965; x_wconf 80' lang='grc' dir='ltr'>εὐθύτητός</span> <span class='ocrx_word' id='word_1_619' title='bbox 573 4895 712 4961; x_wconf 75' lang='grc' dir='ltr'>ἐστι,</span> <span class='ocrx_word' id='word_1_620' title='bbox 747 4896 844 4950; x_wconf 78' lang='grc' dir='ltr'>καὶ</span> <span class='ocrx_word' id='word_1_621' title='bbox 879 4895 1147 4967; x_wconf 74' lang='grc' dir='ltr'>ἐμπαθῶς</span> <span class='ocrx_word' id='word_1_622' title='bbox 1175 4897 1256 4961; x_wconf 78' lang='grc' dir='ltr'><strong>είς</strong></span> <span class='ocrx_word' id='word_1_623' title='bbox 1311 4897 1526 4968; x_wconf 82' lang='grc' dir='ltr'>ἄμυναν</span> <span class='ocrx_word' id='word_1_624' title='bbox 1582 4897 1684 4952; x_wconf 83' lang='grc' dir='ltr'><strong>οὐκ</strong></span> <span class='ocrx_word' id='word_1_625' title='bbox 1734 4898 1795 4952; x_wconf 84' lang='grc' dir='ltr'>ὲκ</span> 
     </span>
    </p>
   </div>
   <div class='ocr_carea' id='block_1_87' title="bbox 1939 4894 3530 4971">
    <p class='ocr_par' dir='ltr' id='par_1_87' title="bbox 1939 4895 3530 4971">
     <span class='ocr_line' id='line_1_87' title="bbox 1939 4895 3530 4971; baseline -0.001 -19"><span class='ocrx_word' id='word_1_626' title='bbox 1939 4897 2242 4964; x_wconf 85' lang='lat' dir='ltr'><strong>charitatis,</strong></span> <span class='ocrx_word' id='word_1_627' title='bbox 2261 4915 2326 4954; x_wconf 79' lang='lat' dir='ltr'><strong>ex</strong></span> <span class='ocrx_word' id='word_1_628' title='bbox 2360 4907 2508 4955; x_wconf 85' lang='lat' dir='ltr'><strong>recta</strong></span> <span class='ocrx_word' id='word_1_629' title='bbox 2535 4908 2736 4966; x_wconf 88' lang='lat' dir='ltr'><strong>mente,</strong></span> <span class='ocrx_word' id='word_1_630' title='bbox 2757 4913 2878 4971; x_wconf 76' lang='lat' dir='ltr'><strong>quae</strong></span> <span class='ocrx_word' id='word_1_631' title='bbox 2900 4915 2966 4956; x_wconf 81' lang='lat' dir='ltr'><strong>ex</strong></span> <span class='ocrx_word' id='word_1_632' title='bbox 2996 4912 3166 4968; x_wconf 86' lang='lat' dir='ltr'><strong>pravo</strong></span> <span class='ocrx_word' id='word_1_633' title='bbox 3201 4895 3397 4952; x_wconf 73' lang='lat' dir='ltr'><strong>affectu</strong></span> <span class='ocrx_word' id='word_1_634' title='bbox 3421 4910 3530 4950; x_wconf 89' lang='lat' dir='ltr'><strong>non</strong></span> 
     </span>
    </p>
   </div>
   <div class='ocr_carea' id='block_1_88' title="bbox 203 4986 1794 5049">
    <p class='ocr_par' dir='ltr' id='par_1_88' title="bbox 203 4986 1351 5043">
     <span class='ocr_line' id='line_1_88' title="bbox 203 4986 1351 5043; baseline 0.003 0"><span class='ocrx_word' id='word_1_635' title='bbox 203 4986 420 5043; x_wconf 83' lang='grc' dir='ltr'>κλίνει.</span> <span class='ocrx_word' id='word_1_636' title='bbox 1348 5013 1351 5018; x_wconf 90' lang='grc'>·</span> 
     </span>
    </p>
   </div>
   <div class='ocr_carea' id='block_1_89' title="bbox 1011 4986 2602 5049">
    <p class='ocr_par' dir='ltr' id='par_1_89' title="bbox 1348 4989 2602 5049">
     <span class='ocr_line' id='line_1_89' title="bbox 1348 4989 2602 5049; baseline 0.004 -7"><span class='ocrx_word' id='word_1_637' title='bbox 1348 5013 1351 5018; x_wconf 88' lang='grc'>·</span> <span class='ocrx_word' id='word_1_638' title='bbox 1936 4989 2176 5047; x_wconf 88' lang='lat' dir='ltr'><strong>declinat</strong></span> <span class='ocrx_word' id='word_1_639' title='bbox 2205 4991 2259 5047; x_wconf 91' lang='lat' dir='ltr'><strong>in</strong></span> <span class='ocrx_word' id='word_1_640' title='bbox 2286 4991 2602 5049; x_wconf 85' lang='lat' dir='ltr'><strong>vindictam.</strong></span> 
     </span>
    </p>
   </div>
   <div class='ocr_carea' id='block_1_90' title="bbox 843 5303 2434 5371">
    <p class='ocr_par' dir='ltr' id='par_1_90' title="bbox 843 5304 2186 5371">
     <span class='ocr_line' id='line_1_90' title="bbox 843 5304 2186 5371; baseline 0.001 -12"><span class='ocrx_word' id='word_1_641' title='bbox 843 5304 1097 5361; x_wconf 77' lang='grc' dir='ltr'><strong>ΚΕΦΑΛ.</strong></span> <span class='ocrx_word' id='word_1_642' title='bbox 1130 5305 1233 5359; x_wconf 77' lang='lat' dir='ltr'><strong>IA&#39;.</strong></span> <span class='ocrx_word' id='word_1_643' title='bbox 2167 5363 2186 5371; x_wconf 88' lang='lat'><em>_</em></span> 
     </span>
    </p>
   </div>
   <div class='ocr_carea' id='block_1_91' title="bbox 1307 5303 2898 5371">
    <p class='ocr_par' dir='ltr' id='par_1_91' title="bbox 2167 5303 2898 5371">
     <span class='ocr_line' id='line_1_91' title="bbox 2167 5303 2898 5371; baseline -0.003 -10"><span class='ocrx_word' id='word_1_644' title='bbox 2167 5363 2186 5371; x_wconf 88' lang='lat'><em>_</em></span> <span class='ocrx_word' id='word_1_645' title='bbox 2559 5303 2788 5363; x_wconf 83' lang='lat' dir='ltr'><strong>CAPUT</strong></span> <span class='ocrx_word' id='word_1_646' title='bbox 2829 5303 2898 5360; x_wconf 77' lang='lat' dir='ltr'><strong>XI</strong></span> 
     </span>
    </p>
   </div>
   <div class='ocr_carea' id='block_1_92' title="bbox 1195 5416 2574 5492">
    <p class='ocr_par' dir='ltr' id='par_1_92' title="bbox 1195 5416 2574 5492">
     <span class='ocr_line' id='line_1_92' title="bbox 1195 5416 2574 5492; baseline 0.001 -21"><span class='ocrx_word' id='word_1_647' title='bbox 1195 5416 1554 5472; x_wconf 76' lang='lat' dir='ltr'><strong>Mansuetudo</strong></span> <span class='ocrx_word' id='word_1_648' title='bbox 1594 5427 1646 5472; x_wconf 88' lang='lat' dir='ltr'><strong>et</strong></span> <span class='ocrx_word' id='word_1_649' title='bbox 1687 5419 1859 5489; x_wconf 79' lang='lat' dir='ltr'><strong>pietas</strong></span> <span class='ocrx_word' id='word_1_650' title='bbox 1903 5422 2114 5492; x_wconf 80' lang='lat' dir='ltr'><strong>pastori</strong></span> <span class='ocrx_word' id='word_1_651' title='bbox 2149 5421 2574 5476; x_wconf 82' lang='lat' dir='ltr'><strong>commendatur.</strong></span> 
     </span>
    </p>
   </div>
   <div class='ocr_carea' id='block_1_93' title="bbox 281 5501 1872 5607">
    <p class='ocr_par' dir='ltr' id='par_1_93' title="bbox 281 5533 1836 5607">
     <span class='ocr_line' id='line_1_93' title="bbox 281 5533 1836 5607; baseline -0.003 -14"><span class='ocrx_word' id='word_1_652' title='bbox 281 5537 419 5593; x_wconf 86' lang='grc' dir='ltr'><strong>Οὒκ</strong></span> <span class='ocrx_word' id='word_1_653' title='bbox 454 5537 614 5602; x_wconf 65' lang='lat' dir='ltr'><strong>seet;</strong></span> <span class='ocrx_word' id='word_1_654' title='bbox 645 5537 842 5592; x_wconf 82' lang='grc' dir='ltr'>λέοντα</span> <span class='ocrx_word' id='word_1_655' title='bbox 891 5535 1143 5607; x_wconf 87' lang='grc' dir='ltr'>πρόϐατα</span> <span class='ocrx_word' id='word_1_656' title='bbox 1188 5534 1379 5604; x_wconf 81' lang='grc' dir='ltr'>νέμειν</span> <span class='ocrx_word' id='word_1_657' title='bbox 1436 5533 1536 5604; x_wconf 80' lang='grc'>(1),</span> <span class='ocrx_word' id='word_1_658' title='bbox 1583 5534 1678 5587; x_wconf 78' lang='grc' dir='ltr'><strong>καὶ</strong></span> <span class='ocrx_word' id='word_1_659' title='bbox 1735 5535 1836 5588; x_wconf 85' lang='grc' dir='ltr'><strong>οὐκ</strong></span> 
     </span>
    </p>
   </div>
   <div class='ocr_carea' id='block_1_94' title="bbox 1941 5501 3532 5607">
    <p class='ocr_par' dir='ltr' id='par_1_94' title="bbox 2014 5501 3532 5588">
     <span class='ocr_line' id='line_1_94' title="bbox 2014 5501 3532 5588; baseline -0.012 -14"><span class='ocrx_word' id='word_1_660' title='bbox 2014 5518 2134 5575; x_wconf 84' lang='grc' dir='ltr'><strong>Νοη</strong></span> <span class='ocrx_word' id='word_1_661' title='bbox 2173 5527 2255 5575; x_wconf 86' lang='lat' dir='ltr'><strong>est</strong></span> <span class='ocrx_word' id='word_1_662' title='bbox 2285 5533 2386 5588; x_wconf 88' lang='lat' dir='ltr'><strong>par</strong></span> <span class='ocrx_word' id='word_1_663' title='bbox 2428 5525 2491 5574; x_wconf 91' lang='lat' dir='ltr'><strong>ut</strong></span> <span class='ocrx_word' id='word_1_664' title='bbox 2536 5516 2621 5571; x_wconf 93' lang='lat' dir='ltr'><strong>leo</strong></span> <span class='ocrx_word' id='word_1_665' title='bbox 2648 5522 2838 5587; x_wconf 82' lang='lat' dir='ltr'><strong>pascat</strong></span> <span class='ocrx_word' id='word_1_666' title='bbox 2880 5525 3034 5578; x_wconf 88' lang='lat' dir='ltr'><strong>oves,</strong></span> <span class='ocrx_word' id='word_1_667' title='bbox 3061 5516 3116 5564; x_wconf 90' lang='lat' dir='ltr'><strong>et</strong></span> <span class='ocrx_word' id='word_1_668' title='bbox 3157 5505 3391 5560; x_wconf 86' lang='lat' dir='ltr'><strong>vitiosus</strong></span> <span class='ocrx_word' id='word_1_669' title='bbox 3425 5501 3532 5557; x_wconf 86' lang='lat' dir='ltr'><strong>im-</strong></span> 
     </span>
    </p>
   </div>
   <div class='ocr_carea' id='block_1_95' title="bbox 203 5598 1794 5700">
    <p class='ocr_par' dir='ltr' id='par_1_95' title="bbox 203 5598 1794 5700">
     <span class='ocr_line' id='line_1_95' title="bbox 203 5598 1794 5700; baseline -0.005 -14"><span class='ocrx_word' id='word_1_670' title='bbox 203 5629 483 5699; x_wconf 73' lang='grc' dir='ltr'>ὰσφαλὲς</span> <span class='ocrx_word' id='word_1_671' title='bbox 513 5598 736 5700; x_wconf 74' lang='grc' dir='ltr'>ἐμπαθῆ</span> <span class='ocrx_word' id='word_1_672' title='bbox 763 5628 867 5694; x_wconf 79' lang='grc' dir='ltr'>ἔτι,</span> <span class='ocrx_word' id='word_1_673' title='bbox 898 5598 1165 5698; x_wconf 78' lang='grc' dir='ltr'>ἐμπαθῶν</span> <span class='ocrx_word' id='word_1_674' title='bbox 1181 5598 1374 5697; x_wconf 45' lang='grc' dir='ltr'>ἄργειν</span> <span class='ocrx_word' id='word_1_675' title='bbox 1402 5641 1416 5656; x_wconf 81' lang='grc'><strong>-</strong></span> <span class='ocrx_word' id='word_1_676' title='bbox 1443 5598 1684 5694; x_wconf 52' lang='grc' dir='ltr'>ἄσεμνος</span> <span class='ocrx_word' id='word_1_677' title='bbox 1707 5623 1794 5680; x_wconf 75' lang='grc' dir='ltr'>θειι</span> 
     </span>
    </p>
   </div>
   <div class='ocr_carea' id='block_1_96' title="bbox 1942 5598 3533 5700">
    <p class='ocr_par' dir='ltr' id='par_1_96' title="bbox 1942 5598 3533 5688">
     <span class='ocr_line' id='line_1_96' title="bbox 1942 5598 3533 5688; baseline -0.014 -16"><span class='ocrx_word' id='word_1_678' title='bbox 1942 5625 2097 5688; x_wconf 85' lang='lat' dir='ltr'><strong>peret</strong></span> <span class='ocrx_word' id='word_1_679' title='bbox 2129 5611 2348 5670; x_wconf 84' lang='lat' dir='ltr'><strong>vitiosis</strong></span> <span class='ocrx_word' id='word_1_680' title='bbox 2380 5629 2395 5668; x_wconf 88' lang='lat'><strong>:</strong></span> <span class='ocrx_word' id='word_1_681' title='bbox 2425 5605 2799 5682; x_wconf 84' lang='lat' dir='ltr'><strong>spectaculum</strong></span> <span class='ocrx_word' id='word_1_682' title='bbox 2843 5605 3116 5677; x_wconf 74' lang='lat' dir='ltr'><strong>ingratum</strong></span> <span class='ocrx_word' id='word_1_683' title='bbox 3155 5598 3370 5671; x_wconf 86' lang='lat' dir='ltr'><strong>vulpem</strong></span> <span class='ocrx_word' id='word_1_684' title='bbox 3404 5609 3533 5667; x_wconf 78' lang='lat' dir='ltr'><strong>spe-</strong></span> 
     </span>
    </p>
   </div>
   <div class='ocr_carea' id='block_1_97' title="bbox 286 5802 1608 5881">
    <p class='ocr_par' dir='ltr' id='par_1_97' title="bbox 286 5802 1608 5881">
     <span class='ocr_line' id='line_1_97' title="bbox 286 5802 1608 5881; baseline -0.007 -16"><span class='ocrx_word' id='word_1_685' title='bbox 286 5811 336 5843; x_wconf 84' lang='lat'>&quot;</span> <span class='ocrx_word' id='word_1_686' title='bbox 409 5810 706 5881; x_wconf 83' lang='grc' dir='ltr'>νηνεμίας.</span> <span class='ocrx_word' id='word_1_687' title='bbox 771 5806 1045 5879; x_wconf 77' lang='grc' dir='ltr'>¹¹⁶νῆξιν.</span> <span class='ocrx_word' id='word_1_688' title='bbox 1124 5808 1169 5841; x_wconf 79' lang='grc'><strong>¹¹</strong></span> <span class='ocrx_word' id='word_1_689' title='bbox 1197 5802 1608 5878; x_wconf 82' lang='grc' dir='ltr'>προσελεύσεις.</span> 
     </span>
    </p>
   </div>
  </div>
