4030 6442
512 329 647 397 1187

1766 319 1824 378 S.
1865 311 2188 376 JOANNIS
2217 307 2550 374 CLIMACI’

3669 299 3821 363 1188

511 457 666 504 ctare
693 442 837 498 inter
863 437 1115 512 gallinas.
1143 433 1286 502 Quid
1311 437 1492 488 autem
1523 425 1888 498 importunius
1914 434 2100 496 pasto-

2226 421 2302 473 ιία
2334 419 2393 472 ἐν
2445 418 2654 490 ὄρνισιν
2683 413 2912 487 ἀλώπηξ
2944 432 2956 446 ·
3011 415 3163 469 οὐδὲν
3207 415 3264 469 δὲ
3287 413 3658 486 ἀσεμνότερον
3689 431 3823 467 ποι·-

514 557 576 596 re
609 535 917 594 iracundo?
945 531 1149 601 Vulpes
1175 535 1376 582 mactat
1404 523 1635 596 gallinas
1671 535 1688 573 :
1731 519 1963 575 biliosus
1998 533 2096 588 pa-

515 638 633 684 stor
674 629 865 698 plenas
919 621 1150 677 rationis
1196 617 1409 672 animas
1457 611 1741 684 perturbat
1789 618 1845 664 et
1881 607 2101 663 occidit.

515 697 688 790 £327
732 716 878 770 Cave
921 714 974 766 in
1027 709 1251 765 minima
1287 705 1562 763 curiosius
1602 697 1848 773 inquiras
1874 744 1889 768 ,
1929 717 2105 770 neque

517 814 662 866 enim
700 807 778 879 (id
819 803 1088 873 faciendo)
1141 801 1312 856 Deum
1350 799 1636 854 imitabere
1667 797 1716 850 ιι.
1763 795 1839 850 Da
1871 810 2095 863 operam

519 904 599 958 uti
634 910 693 955 tu
720 913 936 970 quoque
971 895 1140 950 Deum
1167 894 1316 948 velut
1354 904 1703 948 mconomum
1748 897 1803 944 et
1835 897 2101 943 rectorem

519 997 722 1050 habeas
747 991 1029 1047 actionum
1058 997 1272 1043 tuarum
1297 985 1542 1041 omnium
1575 984 1900 1038 interiorum
1929 990 1983 1037 et
2012 996 2106 1036 ex-

517 1087 804 1151 teriorum,
835 1082 924 1139 cui
958 1082 1107 1136 velut
1130 1081 1336 1150 optimo
1358 1076 1707 1149 gubernatori
1736 1085 1832 1131 tua
1863 1074 2030 1130 animi
2053 1084 2106 1129 et

519 1177 819 1233 voluntatis
857 1175 1076 1229 decreta
1111 1172 1458 1235 committas,
1500 1185 1562 1225 ac
1599 1184 1694 1239 per
1737 1169 1916 1239 ipsum
1950 1176 2102 1224 tuam

517 1269 689 1339 ipsius
717 1268 1054 1322 voluntatem
1085 1263 1397 1326 abscindas,
1432 1261 1506 1316 ita
1539 1270 1596 1314 ut
1625 1260 1722 1316 fias
1751 1261 1900 1315 velut
1925 1261 2106 1316 infans

517 1373 611 1417 aut
641 1362 825 1416 fatuus
862 1360 979 1416 solo
1001 1359 1146 1414 illius
1171 1367 1304 1412 nutu
1348 1356 1756 1429 gubernandus.
1797 1353 2106 1410 Videndum

516 1466 569 1510 ct
602 1456 704 1510 hoc
738 1454 836 1510 tibi
873 1462 928 1507 et
950 1451 1162 1507 caeteris
1190 1450 1468 1516 omnibus,
1501 1464 1570 1505 ne
1602 1464 1667 1504 ex
1703 1448 1806 1504 fide
1840 1448 2022 1518 potius
2041 1447 2105 1502 ad

517 1564 623 1604 nos
650 1547 986 1602 venientium
1009 1586 1024 1609 ,
1054 1559 1216 1614 quam
1265 1559 1361 1613 per
1393 1552 1636 1598 nostram
1686 1542 1964 1605 virtutem,
2016 1540 2106 1596 Dei

517 1643 807 1696 clementia
848 1639 1143 1708 singularia
1174 1636 1423 1706 quaedam
1450 1635 1686 1690 voluerit
1714 1645 1946 1704 patrare.
1978 1633 2108 1688 Mul-

520 1735 559 1786 ti
591 1733 734 1787 enim
769 1733 917 1786 vitiis
957 1740 1014 1786 et
1061 1729 1341 1784 allectibus
1383 1728 1674 1798 inquinati,
1705 1743 1770 1782 eo
1805 1726 1930 1797 {quo
1962 1726 2107 1781 (lixi-

2211 513 2369 584 μένος
2423 509 2782 584 ὀργιζομένου
2802 525 2815 539 '
2848 511 2882 580 ή
2925 507 3024 580 μὲν
3067 509 3175 580 γὰρ
3203 507 3445 579 ὄρνιθας,
3477 511 3506 562 ό
3537 507 3596 560 δὲ
3622 505 3818 577 ψυχὰ-ς

2207 603 2433 672 λογικὰς
2463 602 2730 675 ταράσσει
2784 601 2880 654 καὶ
2941 597 3260 654 ἀπόλλυσιν.
3309 597 3474 667 Ὀρα,
3521 597 3598 666 μὴ
3649 594 3816 664 γίνου

2207 696 2444 768 ἀκριϐὴς
2470 698 2580 749 τῶν
2618 694 2918 766 ἐλαχίστων
2954 692 3256 762 ἐξεταστὴς
3286 690 3386 762 (2),
3419 690 3515 743 καὶ
3551 690 3654 743 οὐκ
3705 688 3817 760 ἔσῃ

2207 787 2396 841 λοιπὸν
2447 787 2583 841 Θεοῦ
2637 787 2904 858 μιμητής.
2947 786 3078 856 Ἔχε
3111 783 3202 838 τὸν
3222 782 3358 837 Θεὸν
3387 784 3483 836 καὶ
3514 781 3680 844 αὐτὸς
3725 781 3816 834 ol-

2210 881 2442 952 κονόμον
2493 881 2588 934 καὶ
2627 880 2933 951 ἡγούμενον
2957 879 3176 932 πάντων
3203 892 3296 930 σου
3337 875 3449 930 τῶν
3486 872 3642 937 ἐντὸς
3713 871 3820 926 καὶ

2208 973 2364 1036 ἐκτὸς
2392 973 2480 1025 ἐπ’
2514 972 2687 1044 αὐτῷ,
2709 972 2912 1044 ,ὥσπερ
2950 971 3044 1024 ἐπί
3074 986 3196 1024 τινα
3244 969 3468 1040 ἄριστον
3533 965 3823 1038 Mem.

2208 1085 2306 1136 την
2326 1084 2340 1096 ·
2374 1066 2468 1120 καὶ
2495 1065 2562 1118 δι’
2592 1066 2800 1120 ἐκείνου
2831 1065 2888 1120 τὸ
2919 1063 3145 1118 σεαυτοῦ
3190 1060 3522 1118 ἀποκόπτων
3555 1057 3814 1126 θέλημα,

2208 1160 2300 1212 καὶ
2344 1159 2551 1233 γενήσῃ
2584 1160 2678 1213 καὶ
2724 1159 2789 1212 σὺ
2823 1159 3013 1230 ἄφρων
3040 1175 3147 1222 τις,
3218 1155 3297 1226 τῷ
3353 1151 3588 1224 νεύματι
3634 1147 3818 1203 αὐτοῦ

2208 1252 2304 1304 καὶ
2353 1252 2499 1322 μόνῳ
2540 1249 2838 1322 ἀγόμενος.
2883 1252 3154 1322 Ζητητέον
3200 1266 3282 1302 σοι
3324 1247 3421 1302 καὶ
3488 1243 3650 1298 τοῦτο
3715 1239 3824 1296 καὶ

2211 1346 2366 1409 πᾶσι,
2415 1345 2490 1415 μή
2545 1363 2659 1408 πως
2683 1346 2745 1398 ἐκ
2775 1346 2873 1415 τῆς
2906 1345 3013 1397 τῶν
3048 1340 3506 1415 προσερχομένων
3530 1338 3813 1400 πίστεως.

2210 1436 2305 1488 καὶ
2331 1436 2431 1489 οὐκ
2465 1435 2524 1501 ἐξ
2560 1437 2838 1509 ἡμετέρας
2884 1435 3260 1506 καθαρότητος
3295 1434 3366 1496 ³³,
3399 1433 3434 1502 ἡ
3458 1431 3623 1502 χάρις
3659 1428 3821 1483 πλεῖ-

2212 1546 2313 1582 στα
2369 1529 2435 1581 δι’
2495 1528 2656 1600 ἡμῶν
2719 1529 3074 1601 ᾠκονόμησεν
3121 1529 3390 1599 ἐνεργεῖν.
3445 1523 3649 1578 Πολλοὶ
3699 1522 3818 1592 γὰρ

2210 1622 2476 1692 ἐμπαθεῖς
2504 1622 2552 1654 ’⁵
2616 1622 2696 1693 τῷ
2737 1621 3121 1694 προειρημένῳ
3174 1620 3361 1690 τρόπῳ
3427 1614 3820 1686 ἐθαυματούρ-

2215 1729 2414 1779 γησαν.
2461 1712 2530 1764 El
2581 1713 2820 1776 πολλοὶ,
2865 1713 3052 1781 φησὶν,
3100 1710 3311 1780 ἐροῦσι
3329 1727 3431 1779 μοι
3486 1707 3558 1761 ἐν
3601 1706 3819 1772 ἐκείνῃ

512 1810 648 1880 mus
676 1824 864 1887 modo,
905 1836 1070 1892 opera
1101 1819 1418 1875 admiranda
1449 1817 1670 1872 edidere
1700 1837 1712 1873 :
1746 1817 1992 1884 Quando,
2026 1818 2107 1872 in-

2226 1803 2290 1872 τῇ
2342 1803 2554 1874 ἡμέρᾳ,
2616 1805 2816 1874 Κύριε,
2867 1805 3066 1872 Κύριε,
3121 1804 3195 1857 οὐ
3263 1801 3343 1866 τῷ
3397 1798 3490 1865 σῷ
3559 1801 3819 1867 ὀνόματι

517 1919 665 1987 quit,
701 1917 854 1971 multi
883 1891 1059 1970 dicent
1097 1913 1227 1968 mihi
1268 1913 1364 1968 illa
1409 1913 1514 1976 die,
1570 1912 1811 1972 Domine,
1869 1911 2107 1977 Domine,

2226 1897 2792 1966 zposgntsﬁaaysr;
2819 1899 2914 1950 καὶ
2938 1896 3007 1949 τὰ
3038 1895 3189 1963 έξῆς,
3222 1894 3322 1947 οὐκ
3355 1894 3587 1946 ἄπιστον
3637 1891 3706 1943 τὸ
3741 1892 3820 1942 ει-

519 2026 689 2065 uonne
716 2011 771 2064 in
818 2009 1023 2063 nomine
1053 2018 1162 2070 tuo,
1198 2014 1253 2060 et
1299 2020 1420 2075 quae
1454 2015 1775 2074 sequuntur
1806 2003 1823 2042 ι
1859 2002 2107 2058 credibile

2226 1989 2451 2061 ρημένον
2485 1989 2779 2059 κεφάλαιον
2802 2005 2817 2020 '
2857 1988 3063 2060 κυρίως
3112 1989 3140 2041 ὁ
3195 1986 3328 2041 Θεὸν
3360 1984 3537 2055 ἑαυτῷ
3569 1981 3819 2066 ’ἐξιλεω-

518 2099 580 2152 fit
615 2097 756 2168 quod
786 2104 911 2150 ante
942 2094 1206 2149 diximus.
1252 2090 1392 2147 Vere
1421 2091 1514 2161 qui
1573 2091 1738 2146 Deum
1778 2091 1880 2146 sibi
1928 2091 2107 2147 conci-

2226 2085 2471 2155 ςάμενος,
2520 2085 2614 2138 καὶ
2655 2083 3070 2154 ἁνεπαισθήτως
3098 2081 3206 2136 τῶν
3261 2080 3589 2152 καμνόντων
3646 2079 3820 2148 εὐερ-

519 2187 653 2244 liare
691 2188 891 2254 studet,
925 2196 1104 2257 potest
1136 2183 1398 2255 subjectis
1425 2183 1478 2238 in
1518 2184 1816 2239 certamine
1843 2182 2025 2249 fessis,
2059 2199 2107 2240 e-

2226 2182 2396 2248 γετεῖν
2425 2181 2610 2244 αὐτοῖς
2641 2179 2900 2234 δύναται·
2933 2178 3028 2233 δύο
3041 2178 3112 2232 τὰ
3139 2177 3371 2249 μέγιστα
3405 2173 3818 2247 πραγματευό-

518 2280 649 2334 tiam
689 2295 799 2334 non
832 2277 1339 2339 sentieutibusillis,
1372 2277 1649 2348 suppetias
1682 2275 1844 2342 ferre,
1878 2292 1984 2347 qua
2007 2291 2107 2346 ope

2226 2290 2406 2340 μενος,
2465 2273 2656 2326 ἑαυτὸν
2722 2273 2820 2344 μὲν
2868 2275 2934 2326 ὲκ
2971 2273 3071 2344 τῆς
3121 2272 3303 2344 δόξης,
3336 2271 3412 2333 ὡς
3441 2269 3552 2324 ἀπὸ
3579 2270 3683 2341 τῆς
3729 2269 3821 2322 λε·-

515 2371 652 2426 duas
681 2370 844 2426 simul
875 2384 960 2424 res
990 2368 1475 2440 praestantissimas
1522 2368 1705 2423 ellicit.
1748 2366 1992 2422 Primum
2025 2383 2107 2422 se-

2226 2369 2459 2441 γομένης
2488 2369 2751 2442 ἐρυσίϐης
2786 2369 2998 2442 ἀϐλαϐῆ
3046 2368 3338 2440 διατηρῶν,
3367 2368 3496 2430 τοὺς
3541 2365 3606 2420 δὲ
3653 2366 3820 2420 ἱλεω·

518 2475 698 2534 ipsnm
744 2464 846 2518 hac
874 2462 1085 2517 ratione
1113 2477 1143 2516 a
1176 2459 1363 2530 glori-.9
1389 2475 1542 2514 vana:
1570 2458 1821 2529 rubigine
1847 2459 2109 2514 intactum

2222 2462 2416 2532 μένους
2443 2462 2522 2533 τῷ
2553 2463 2674 2536 Θεῷ
2721 2463 2868 2536 μόνῳ
2921 2463 3266 2534 εὐχαριστεῖν
3337 2457 3818 2532 παρασκευάζων.

527 2562 744 2621 Servat;
777 2555 973 2610 deinde
1019 2564 1212 2609 auctor
1238 2561 1323 2609 est
1361 2552 1429 2607 iis
1464 2567 1603 2621 quos
1633 2551 1741 2608 Deo
1783 2552 2121 2624 propitiavit,
2161 2562 2222 2608 ut
2281 2554 2662 2612 misericordia
2687 2553 2798 2612 Deo
2823 2555 2925 2611 soli
2954 2553 3166 2610 debitas
3190 2554 3498 2624 gratiarum
3559 2551 3815 2608 actiones

524 2652 863 2724 persolvant.

1111 2763 1204 2818 AD
1234 2762 1388 2818 CAP.
1424 2762 1513 2816 XI.

1154 2857 1403 2913 Scholion
1430 2857 1480 2912 1.

591 2953 676 3007 Ab
707 2951 929 3022 impuro
962 2949 1092 3020 quid
1126 2952 1322 3021 poterit
1360 2949 1680 3020 repurgari?
1712 2958 1766 3003 et
1793 2963 1824 3003 ιι
1865 2947 2112 3002 mendaci

2745 2770 2852 2822 ΕΙΣ
2888 2768 3138 2822 ΚΕΦΑΛ.
3178 2768 3280 2821 lA'.

2819 2863 3080 2931 Σχόλιον
3131 2860 3199 2916 α’.

2303 2955 2436 3009 Ἀπὸ
2495 2954 2807 3025 ἀκαθάρτου
2864 2954 2917 3007 τί
2989 2951 3489 3024 καθαρισθήσεται;
3557 2948 3654 3002 καὶ
3708 2947 3817 3001 (iub

519 3045 654 3116 quid
685 3043 797 3099 veri
836 3044 1220 3113 exspectabis?
1249 3053 1304 3099 et
1337 3043 1430 3114 qui
1463 3044 1565 3099 sibi
1601 3058 1858 3114 nequam,
1889 3041 1975 3098 cui
2007 3041 2107 3096 erit

2226 3046 2444 3118 ξιευδοῦς
2493 3049 2548 3101 τί
2609 3045 2942 3118 ἀληθεύσει;
2992 3047 3088 3100 καὶ
3136 3048 3164 3098 ὁ
3197 3042 3433 3114 πονηρὸς
3485 3040 3691 3112 ἐαυτῷ,
3711 3041 3817 3096 τίνι

523 3139 739 3194 bonus?

1249 3232 1434 3286 Aliud.

596 3326 870 3398 Spoliatus
906 3327 975 3382 ab
995 3326 1302 3383 latronibus
1329 3327 1472 3396 quod
1497 3325 1652 3381 alteri
1677 3326 1768 3381 det
1795 3339 1902 3381 non
1926 3324 2108 3380 habet.

1056 3487 1221 3560 483
1263 3485 1516 3541 Scholion
1552 3484 1606 3540 2.

599 3582 702 3652 Qui
733 3583 799 3638 ad
834 3583 1073 3654 primum
1117 3583 1342 3636 verbum
1381 3581 1479 3636 tibi
1521 3595 1629 3635 non
1672 3588 1847 3650 paret,
1883 3595 1948 3635 ne
1997 3581 2113 3634 vio-

526 3679 703 3734 lenter
739 3692 865 3732 eum
906 3675 1258 3731 contentione
1296 3689 1452 3745 coge,
1479 3673 1572 3730 sed
1605 3673 1816 3728 lucrum
1842 3673 1988 3743 quod
2026 3688 2112 3727 re—

2137 3150 2183 3213 C
2215 3141 2448 3210 ἀγαθός;

2832 3265 2842 3276 ο
2897 3235 3100 3286 Ἄλλο.

2299 3327 2357 3380 '0
2390 3325 2500 3380 ἀπὸ
2533 3325 2642 3378 τῶν
2674 3323 2895 3398 λῃστῶν
2937 3321 3212 3393 συληθεὶς,
3273 3319 3602 3391 μεταδοῦναι
3665 3322 3815 3384 τινος

2216 3416 2398 3481 ἄλλοις
2434 3416 2536 3470 οὐκ
2565 3414 2700 3486 ἔχει.

2832 3507 3091 3577 Σκόλιον
3123 3507 3187 3576 β’.

2285 3601 2389 3653 Τὸν
2419 3600 2528 3653 ἀπὸ
2572 3599 2692 3662 ἑνὸς
2731 3597 2892 3668 λόγου
2925 3597 2999 3668 μὴ
3030 3596 3375 3651 ὐπακούοντά
3408 3613 3510 3660 σοι,
3541 3595 3622 3667 μὴ
3674 3595 3811 3666 βιάο

2215 3693 2310 3758 ζου
2363 3692 2506 3764 μετὰ
2551 3691 2908 3763 φιλονεικίας,
2947 3689 3085 3744 ἀλλὰ
3130 3690 3193 3744 τὸ
3246 3690 3459 3762 κέρδος,
3508 3688 3810 3742 ὃ-ἀπέδα-

523 3769 655 3840 iecit
708 3770 836 3833 ille,
897 3777 1052 3823 tuum
1100 3765 1309 3833 facias,
1368 3765 1576 3835 tibique
1641 3765 1995 3820 accommoda
2059 3773 2107 3820 et

2226 3786 2304 3837 λεν
2355 3786 2577 3850 ἐκεῖνος,
2629 3784 2694 3837 σὺ
2748 3783 3104 3854 περιποίησαι
3161 3781 3392 3852 σεαυτῷ.
3451 3780 3649 3834 Πλξῖον
3699 3784 3809 3853 γὰρ

527 3879 754 3934 usurpa.
805 3861 936 3916 Plus
998 3860 1145 3914 enim
1220 3857 1493 3914 commodi
1546 3872 1614 3914 ex
1670 3865 1764 3913 tua
1810 3858 2109 3928 patientia,

525 3968 693 4023 quam
727 3951 874 4006 illius
903 3949 1282 4006 emendatione
1317 3948 1644 4017 reportabis.

1227 4040 1409 4094 Aliud.

597 4136 702 4202 Qui
729 4134 961 4191 docendi
1007 4133 1245 4190 ollicium
1291 4134 1520 4189 sortitus
1563 4147 1624 4187 es
1664 4141 1720 4186 et
1764 4147 1874 4187 non
1905 4133 2112 4189 audiris

435 4257 439 4261 -
523 4226 794 4297 (nihilque
831 4225 1098 4295 proﬁcis),
1131 4225 1254 4279 dole
1297 4239 1361 4278 ex
1408 4225 1614 4288 animo,
1649 4223 1742 4278 sed
1775 4223 1953 4293 palam
1989 4225 2113 4278 nul-

525 4319 634 4372 lam
662 4317 1088 4387 perturbationis
1115 4318 1331 4388 signum
1363 4315 1566 4388 profer.
1598 4314 1732 4370 Nam
1780 4317 1827 4372 si
1870 4317 2112 4372 dolueris

527 4425 695 4481 Super
724 4419 1069 4476 contumaee,
1102 4425 1212 4464 non
1255 4399 1642 4476 damnaberis;
1676 4411 1724 4465 si
1761 4419 1944 4465 autem
1985 4425 2111 4480 per-

2211 3873 2311 3940 τῆς
2344 3872 2556 3926 ἐκείνου
2609 3871 2950 3944 διορθώσεως
2996 3871 3270 3944 ὠφελήσει
3309 3889 3367 3924 σε
3421 3872 3453 3942 ἡ
3506 3869 3573 3941 σὴ
3626 3873 3810 3935 ἀνεξι-

2215 3965 2402 4020 κακία.

2907 4062 3108 4115 Ἄλλο.

2284 4150 2568 4205 Διδάσκειν
2622 4152 2679 4204 ἐν
2712 4151 2904 4223 Κυρίῳ
2949 4150 3153 4223 λαχὼν,
3188 4154 3281 4206 καὶ
3327 4153 3804 4225 παρακουόμενος,

2216 4238 2401 4292 θλίϐου
2434 4238 2660 4310 νοερῶς,
2709 4240 2804 4294 καὶ
2848 4241 2923 4312 μὴ
2956 4242 3229 4311 ταράσσον
3262 4243 3576 4313 προφανῶς.
3611 4243 3806 4298 81:66-

2219 4347 2380 4402 μενος
2411 4329 2511 4402 μὲν
2542 4331 2671 4402 γὰρ,
2693 4331 2754 4384 οὐ
2770 4332 3267 4404 συγκαταριθμήσῃ
3297 4331 3377 4403 τῷ
3393 4335 3769 4404 παρακούοντι
3787 4351 3801 4364 ·

2212 4423 2619 4496 ταρασσόμενος
2675 4425 2734 4478 δὲ
2800 4427 2858 4480 ἐν
2910 4425 2990 4496 τῷ
3048 4425 3197 4496 αὐτῷ
3259 4428 3546 4497 πράγματι
3611 4443 3804 4497 πειρα-

527 4502 780 4558 turbatus
815 4499 982 4557 fueris
1021 4502 1074 4556 in
1115 4503 1304 4557 eadem
1346 4503 1508 4572 culpa
1555 4504 1763 4557 versari
1805 4503 2109 4573 deprehen-
2141 4503 2187 4560 Β
2219 4515 2377 4589 θήσῃ,

529 4593 657 4649 dere

1231 4687 1420 4741 Marci.

602 4778 708 4845 Qui
757 4795 958 4838 munus
1018 4781 1320 4850 imperandi
1372 4781 1635 4836 fratribus
1678 4783 1972 4853 accepisti,
2027 4782 2114 4838 fac

529 4871 765 4927 ollicium
801 4881 977 4938 tuum,
1013 4890 1112 4930 uec
1156 4883 1375 4944 propter
1417 4873 1794 4944 obstrepentes
1843 4876 1962 4941 tibi,
1994 4890 2114 4946 qua:

525 4967 760 5022 dicenda
809 4977 864 5023 et
903 4969 1110 5039 agenda
1160 4976 1309 5036 sunt,
1351 4969 1614 5036 reticeas;
1649 4985 1774 5024 nam
1809 4972 1862 5026 in
1905 4972 2106 5042 quibus

528 5061 629 5115 tibi
679 5062 1069 5131 obsequemur,
1111 5061 1396 5132 praemium
1427 5063 1637 5130 referes
1681 5073 1901 5134 propter
1944 5066 2119 5119 virtue

2770 4700 2950 4754 Ἄλλο
2986 4697 3244 4769 Μάρκου.

2286 4789 2547 4846 Κελεύειν
2576 4790 2824 4858 ἀδελφοῖς
2854 4789 3056 4860 λαχὼν,
3090 4789 3326 4858 φύλαττε
3357 4787 3656 4858 τὴντάξιν
3683 4803 3803 4854 σου,

2215 4884 2311 4939 καὶ
2369 4883 2444 4953 μὴ
2493 4882 2582 4936 διὰ
2628 4885 2754 4946 τοὺς
2809 4882 3188 4950 ἀντιλέγοντας
3242 4881 3687 4954 παρασιωπήσῃς
3736 4882 3806 4935 τὰ

2213 4977 2420 5030 δέοντα.
2471 4975 2558 5028 Ἐν
2596 4969 2678 5038 οἷς
2713 4975 2812 5046 μὲν
2864 4975 2976 5047 γὰρ
3014 4973 3372 5037 ὑπακούουσι,
3423 4971 3618 5043 μισθὸν
3658 4972 3806 5038 ἕξεις

2216 5067 2357 5138 ὑπὲρ
2387 5066 2485 5137 τῆς
2533 5064 2758 5120 ἐκείνων
2791 5066 3025 5138 ἀρετῆς·
3065 5067 3123 5118 ἐν
3149 5060 3227 5127 οἷς
3259 5065 3316 5118 δὲ
3364 5064 3802 5135 παρακοὺσουσι.

528 5162 640 5209 tem
678 5155 918 5209 illorum.
953 5156 1055 5221 Qui
1099 5164 1189 5209 tua
1236 5155 1463 5226 imperia
1503 5158 1856 5221 recusabunt,
1893 5159 2107 5212 omninc

2226 5159 2432 5221 πάντως
2469 5160 2701 5230 ἀφήσεις
2733 5160 2934 5223 αὐτοῖς.
2967 5159 3063 5212 καὶ
3093 5157 3239 5232 λήψῃ
3283 5158 3352 5213 τὰ
3392 5158 3482 5213 ῖσα
3523 5158 3675 5228 παρὰ
3706 5156 3802 5211 τοῦ

527 5247 774 5305 dimittes
815 5249 943 5314 illis,
983 5258 1036 5302 et
1084 5263 1268 5318 parem
1321 5251 1625 5305 mercedem
1673 5251 1910 5320 accipies
1951 5251 2020 5305 ab
2055 5265 2107 5304 cc

2226 5251 2521 5322 εἰρηκότος·
2562 5253 2790 5322 Ἄφετε,
2822 5252 2919 5305 καὶ
2951 5250 3318 5321 ἀφεθήσεται
3348 5251 3513 5320 ὑμῖν.

529 5341 630 5412 qui
668 5341 804 5396 dixit
839 5361 852 5396 :
889 5341 1126 5406 Dimitte,
1164 5351 1213 5395 et
1238 5342 1540 5396 dimittetur
1573 5345 1715 5397 vobis
1737 5355 1796 5396 ω.

555 5641 560 5644 ·
660 5627 843 5683 Estote
874 5629 1256 5695 misericordes,
1283 5631 1420 5684 sicut
1449 5641 1499 5684 et
1527 5631 1694 5685 Pater
1721 5638 1888 5685 vester
1913 5629 2210 5684 misericors
2235 5640 2332 5685 est.
2363 5630 2494 5686 Luc.
2520 5646 2594 5697 vr,
2613 5629 2702 5685 36.
2785 5629 2802 5668 ι
2859 5629 3047 5686 Matth.
3079 5644 3176 5698 vn,
3205 5627 3294 5684 22.
3373 5639 3413 5669 ω
3438 5625 3575 5684 Luc.
3598 5642 3674 5695 vr,
3700 5625 3786 5682 '57.

593 5756 640 5789 “
678 5755 1023 5827 καθάρσεως.
1100 5759 1148 5792 ’⁸
1180 5756 1291 5810 τῶν
1325 5758 1609 5829 ἐμπαθῶν.
