4030 6464
319 417 466 488 1189

923 537 1173 592 ΚΕΦΑΛ.
1226 535 1324 589 13'.

1568 415 1798 474 LIBER
1836 415 1936 474 AD
1973 415 2392 475 PASTOREM.

3470 416 3612 485 1190

2633 528 2864 586 CAPUT
2901 528 3018 585 XII.

1607 621 1680 677 De
1725 622 2009 692 disciplina
2054 621 2432 691 subjectorum.

396 744 520 808 Τοῖς
552 740 651 812 μὲν
681 739 758 811 τῷ
790 737 979 810 δρόμῳ
1009 737 1464 806 νεανιευομένοις,
1523 730 1584 790 εὖ
1621 736 1766 806 μάλα
1797 735 1920 807 ἀρε-

2102 733 2354 789 Stadium
2404 734 2529 788 vitae
2573 732 2845 803 religiosae
2889 730 3148 787 alacriter
3197 731 3613 790 decurrentibus
3651 701 3663 724 ’⁸

317 853 469 898 στως
523 833 595 887 τὰ
641 830 856 903 ἀμείνω
917 829 1012 883 καὶ
1076 829 1356 899 ὑπέρτερα
1419 827 1735 900 παράϐαλλε
1776 828 1914 894 ³⁵³⁷,

313 930 439 991 τοῖς
487 925 545 979 δέ
597 923 830 978 κατόπιν
860 922 892 992 ἢ
925 921 1139 992 γνώμῃ,
1190 919 1478 991 ἢτρὸποις
1530 919 1915 992 διακειμένοις,

309 1018 470 1086 γάλα
499 1015 574 1080 ὼς
617 1013 944 1084 νηπιάζουσι
965 1027 981 1044 ο
1005 1010 1305 1083 καιρὸςγὰρ
1338 1010 1517 1082 πάσης
1563 1010 1820 1082 βρώσεως
1849 1011 1916 1065 ³³,

307 1111 403 1163 Τὸ
454 1107 590 1163 αὑτό
635 1123 747 1161 τισι
796 1104 895 1160 καλ⁹
925 1103 1257 1176 προθυμίας,
1301 1104 1396 1157 καὶ
1436 1103 1673 1173 ἀθυμίας
1714 1103 1920 1175 ἑτέροις

307 1201 590 1263 πολλάκις
651 1197 909 1269 ἐποίησεν
961 1194 1222 1264 ἐδώδιμον
1269 1195 1351 1227 ’⁸ο
1412 1195 1742 1266 προσεκτέον
1806 1197 1920 1257 τοῖς

307 1292 566 1365 παροῦσι
611 1290 688 1362 (1)
713 1330 728 1355 ,
760 1289 898 1360 πρὸς
932 1287 1031 1358 τὴν
1058 1286 1153 1340 τοῦ
1200 1286 1518 1358 σπέρματος
1542 1285 1849 1357 καταϐολὴν
1875 1287 1918 1318 ⁸³

309 1389 386 1440 ἐν
431 1383 610 1457 καιρῷ
643 1383 740 1438 καὶ
769 1379 1072 1453 προσώπῳ,
1110 1381 1206 1434 καὶ
1236 1380 1496 1450 ποσότητι
1523 1377 1618 1433 καὶ
1650 1378 1918 1450 ποιότητι.

310 1480 370 1531 Τ
380 1478 486 1540 ινὲς
520 1476 580 1530 τὸ
627 1476 726 1546 τῆς
769 1472 1038 1544 ἅναδοχῆς
1082 1474 1260 1544 κρῖμα
1304 1472 1386 1535 εἰς
1433 1469 1584 1526 οὐδὲν
1621 1470 1918 1542 λογισάμε-

313 1588 431 1635 νοι,
480 1567 661 1639 ψυχὰς
721 1565 934 1634 ἀλόγως
997 1564 1308 1635 ποιμαίνειν
1353 1563 1764 1634 ἐπεχείρησαν·
1827 1562 1922 1616 καὶ

321 1663 516 1734 μέντοι
554 1659 722 1714 πολὺν
766 1657 997 1712 πλοῦτον
1024 1656 1388 1728 προσέχοντες
1422 1655 1468 1686 ⁸⁰
1500 1658 1687 1719 κεναῖς
1732 1655 1921 1726 χερσὶν

318 1752 578 1808 ἐντεῦθεν
630 1750 1016 1822 ἀπεδήμησαν,
1061 1749 1274 1820 ἐτέροις
1317 1746 1506 1801 τοῦτον
1535 1747 1600 1800 ἐκ
1646 1749 1745 1818 τῆς
1794 1748 1924 1800 ἀνα-

319 1846 490 1917 δοχῆς
536 1843 936 1913 διανείμαντες.
965 1841 1179 1912 Ὥσπερ
1213 1838 1319 1892 εἰσὶ
1379 1838 1544 1908 κύρια
1590 1838 1686 1892 καλ.
1722 1838 1923 1910 γνήσια

320 1939 517 2003 τέκνα,
540 1936 636 1990 καὶ
657 1935 799 1989 εἰσὶν
821 1935 887 1988 ἐκ
915 1933 1205 2004 διγαμίας·
1227 1932 1321 1986 καὶ
1352 1931 1516 2004 ἕτερα
1553 1933 1920 2003 χαμαιρριφῆ,

326 2033 429 2087 καὶ
445 2032 581 2088 ἄλλα
612 2033 677 2086 ἐκ
711 2029 1044 2084 παιδισκῶν’
1082 2027 1227 2081 οὕτω
1259 2025 1354 2080 καὶ
1382 2025 1658 2096 ἀναδόχων
1694 2025 1922 2079 πλεῖστα

327 2125 404 2179 τὰ
457 2123 720 2193 σύμφωνα
768 2118 1160 2194 γνωρίζονταιο
1214 2119 1362 2172 ἐστιν
1405 2117 1638 2190 ἀναδοχὴ
1693 2117 1920 2190 κυρίως,

326 2216 514 2287 ψυχῆς
534 2214 682 2277 δόσις
704 2214 838 2285 ὑπὲρ
865 2213 1046 2284 ψυχῆς
1062 2210 1157 2266 τοῦ
1190 2211 1416 2282 πλησίον
1447 2211 1576 2282 περὶ
1599 2209 1807 2264 πάντα’
1827 2211 1924 2267 καὶ

323 2307 448 2359 ἔστι
499 2305 608 2359 τῶν
657 2303 1066 2374 προγεγονότων
1112 2302 1528 2374 ἁμαρτημάτων
1579 2302 1672 2354 καὶ
1724 2301 1884 2372 μόνον
1904 2317 1918 2332 ·

318 2399 422 2450 καὶ
460 2395 575 2450 ἐστι
600 2395 710 2448 τῶν
751 2393 1191 2466 μεταγινομένων
1221 2394 1314 2446 καὶ
1358 2392 1519 2463 μόνον
1543 2392 1619 2462 (2)
1639 2409 1654 2424 ο
1681 2392 1782 2446 καὶ
1805 2391 1922 2446 ἔστι

317 2487 436 2541 τῶν
468 2485 914 2559 προσταγμάτων
951 2485 1058 2538 τῶν
1087 2482 1307 2536 οἰκείων
1333 2483 1395 2534 τὸ
1426 2481 1592 2553 βάρος
1632 2481 1925 2551 καταδέχε-

321 2581 479 2646 σθαι,
504 2579 573 2633 δι⁶
606 2579 818 2632 ἔνδειαν
863 2575 1245 2648 πνευματικῆς
1289 2574 1595 2646 δυνάμεως,
1649 2573 1742 2627 καὶ
1778 2575 1924 2628 ἁπα-

324 2672 485 2736 Θείας
546 2671 815 2741 ἀπορίανο
866 2669 960 2722 καὶ
1021 2667 1080 2720 ἐν
1131 2667 1269 2738 αὐτῇ
1329 2668 1396 2737 τῇ
1446 2664 1632 2736 τελείᾳ
1685 2665 1920 2736 ἀναδοχῇ

324 2762 477 2816 κατὰ
509 2762 604 2832 τὴν
632 2757 877 2830 ἐκκοπὴν
907 2755 998 2810 τοῦ
1035 2755 1343 2826 θελήματος
1371 2755 1466 2807 καὶ
1495 2754 1557 2808 τὸ
1583 2757 1758 2826 κρῖμα
1789 2753 1923 2824 βασ-

320 2854 593 2926 τάζομεν.
647 2852 874 2923 Γνήσιος
935 2849 1050 2912 υἱὸς
1081 2851 1138 2902 ἐν
1184 2846 1479 2910 ἀπουσίαις
1541 2845 1747 2916 πατρὸς
1791 2863 1928 2916 γνω-

323 2948 565 3019 ρίζεται.
595 2942 876 2998 Σκοπείτω
905 2942 935 2994 ὁ
975 2939 1254 3012 προεστὼς
1283 2940 1377 2992 καὶ
1409 2938 1550 2993 πάνυ
1582 2937 1926 3009 σημειούσθω

318 3042 463 3102 τοὺς
489 3037 913 3098 ἀντιπίπτοντας
951 3032 1125 3104 αὐτῷ,
1169 3034 1263 3086 ἐπί
1293 3049 1454 3086 τινων
1495 3031 1590 3085 καὶ
1625 3030 1928 3100 ἀντιλέγονρ

317 3148 454 3196 τας,
487 3131 581 3185 καὶ
615 3129 707 3182 ἐπί
755 3145 918 3182 τινων
965 3125 1305 3199 μεγιστάνων
1330 3124 1528 3187 αὐτοὺς
1562 3124 1602 3155 ³³
1629 3123 1928 3194 ἐπιτιμίοις

323 3223 662 3296 βαρυτάτοις
713 3220 1044 3292 ἐπιτιμάτω,
1082 3219 1246 3288 φόϐον
1294 3217 1387 3270 καὶ
1435 3219 1548 3280 τοῖς
1601 3216 1808 3288 ἑτέροις
1857 3215 1926 3270 δι’

321 3316 559 3374 ἐκείνων
606 3313 874 3386 ἐμποιῶν,
925 3313 1031 3368 κᾶν
1077 3310 1286 3382 βαρέως
1332 3311 1425 3362 ἐπὶ
1467 3313 1586 3373 ταῖς
1621 3309 1926 3380 ἐπιτιμίαις

2023 826 2284 882 solidiora
2321 827 2499 896 praebe
2538 825 2799 880 alimenta
2847 836 2900 880 et
2932 824 3200 882 firmiora.
3252 824 3613 882 Tardioribus

2021 929 2076 975 et
2107 920 2294 975 animo
2344 933 2439 974 seu
2487 917 2736 972 moribus
2783 933 2813 971 a
2846 928 2998 988 tergo
3045 918 3400 988 sequentibus
3429 919 3513 974 lae
3555 926 3616 988 ut

2023 1013 2328 1068 infantibus
2362 1013 2600 1084 porrige.
2637 1009 2847 1066 Habent
2872 1013 3017 1066 enim
3051 1021 3107 1066 et
3128 1013 3376 1068 ciborum
3413 1029 3616 1083 genera

2021 1110 2214 1156 aetates
2245 1115 2396 1156 suas.
2439 1100 2584 1154 Idem
2617 1099 2793 1152 victus
2822 1099 2961 1155 alios
2995 1100 3193 1164 firmat,
3221 1101 3358 1157 alios
3389 1099 3610 1172 frangit.

2021 1193 2397 1264 Maximopere
2438 1191 2747 1247 curandum
2799 1192 2866 1246 iis
2897 1191 2992 1261 qui
3037 1204 3298 1260 praesunt,
3347 1202 3406 1248 ut
3439 1193 3494 1248 in
3527 1209 3615 1251 se-

2022 1295 2206 1341 mente
2228 1283 2481 1342 facienda
2514 1283 2783 1338 rationem
2829 1282 3068 1338 habeant
3111 1285 3398 1353 temporis,
3429 1299 3615 1355 ρει-εο-

2023 1394 2128 1444 nae,
2163 1379 2337 1449 copiae
2386 1386 2440 1434 et
2486 1377 2658 1433 modi.
2707 1373 2847 1431 Sunt
2875 1375 2971 1447 qui
2996 1376 3205 1447 judicio
3239 1393 3334 1432 seu
3373 1378 3616 1447 periculo

2022 1471 2095 1527 ob
2137 1479 2424 1541 susceptos
2478 1479 2835 1539 contempto,
2889 1477 3094 1523 temere
3146 1477 3198 1523 et
3242 1469 3360 1524 sine
3409 1470 3616 1525 ratione

2024 1563 2332 1619 animarum
2373 1576 2564 1618 curam
2609 1561 2664 1615 in
2715 1575 2774 1617 se
2817 1559 3121 1630 recipiunt;
3165 1559 3260 1629 qui
3306 1575 3438 1616 sane
3487 1576 3612 1616 cum

2024 1663 2152 1710 ante
2178 1663 2451 1724 receptam
2481 1654 2623 1709 hanc
2659 1653 2996 1723 provinciam
3033 1651 3246 1722 magnis
3287 1666 3469 1706 rerum
3501 1667 3616 1708 cce-

2024 1749 2245 1804 lestium
2287 1747 2562 1802 thesauris
2606 1746 3074 1810 eireumtlnerent,
3120 1747 3308 1802 vacuis
3328 1746 3506 1819 ﬁsi.
3533 1758 3614 1802 ta-

2025 1859 2152 1899 men
2182 1853 2374 1915 postea
2409 1841 2577 1913 (quod
2629 1839 2807 1911 aiunt)
2839 1840 3094 1897 manibus
3138 1841 3264 1896 hinc
3309 1856 3339 1895 e
3375 1842 3483 1896 vita
3520 1843 3615 1897 de-

2026 1946 2346 2004 cesserunt,
2394 1949 2636 2007 Opesque
2672 1949 2812 2005 quas
2857 1949 2922 1988 ex
2968 1935 3319 2004 susceptione
3361 1935 3618 2008 colligere

2024 2039 2298 2104 poterant,
2331 2029 2454 2085 aliis
2496 2028 2858 2098 reliquerunt.
2903 2026 3375 2094 Quemadmodum
3417 2029 3618 2085 libero-

2025 2141 2149 2179 rum
2180 2124 2271 2178 alii
2306 2129 2434 2178 sunt
2460 2118 2704 2192 germani
2731 2128 2784 2172 et
2814 2117 3059 2189 genuini,
3090 2119 3180 2172 alii
3206 2119 3440 2190 privigni
3463 2129 3558 2174 aut
3585 2135 3618 2174 e

2025 2212 2269 2270 secundo
2303 2210 2585 2282 coniugio,
2629 2208 2721 2263 alii
2769 2223 2833 2262 ex
2869 2207 3088 2272 ancilla,
3123 2208 3214 2262 alii
3242 2225 3305 2263 ex
3348 2209 3618 2264 adulterio

2025 2324 2123 2365 seu
2157 2314 2341 2363 scorto
2391 2305 2527 2368 nati,
2574 2303 2645 2357 ita
2690 2301 2988 2372 plurimum
3035 2316 3094 2354 se
3123 2301 3290 2356 habet
3332 2314 3617 2372 suseepto-
3663 2368 3668 2373 ι

2025 2417 2147 2456 rum
2173 2401 2336 2455 ratio.
2374 2397 2573 2452 Munus
2607 2393 2944 2465 suscipiendi
2974 2394 3207 2465 requirit
3232 2410 3357 2450 eum
3397 2397 3492 2466 qui
3522 2413 3617 2466 pa-

2024 2503 2179 2548 ratus
2213 2493 2286 2547 sit
2317 2492 2372 2545 in
2399 2489 2658 2545 omnibus
2689 2488 2928 2542 animam
2955 2501 3054 2556 pro
3095 2488 3280 2542 anima
3316 2503 3614 2558 exponere.

2027 2582 2124 2638 Est
2167 2582 2260 2653 qui
2311 2590 2521 2634 tantum
2584 2578 2851 2632 rationem
2905 2575 3068 2629 habet
3119 2577 3444 2632 delictorum
3492 2589 3621 2632 ante

2027 2675 2416 2729 admissionern
2471 2686 2498 2724 a
2544 2667 2812 2738 susceptis
2862 2669 3305 2722 commissorum.
3359 2669 3454 2724 Est
3513 2673 3609 2740 qui

2027 2781 2243 2831 eorum,
2271 2779 2392 2834 quae
2439 2771 2563 2833 post
2609 2759 3001 2815 admissionem
3034 2758 3355 2828 designant;
3408 2769 3492 2816 est
3523 2761 3616 2832 qui

2029 2859 2083 2914 id
2105 2867 2316 2914 tantum
2347 2864 2525 2922 curat,
2561 2852 2710 2924 quod
2737 2853 2853 2923 ipse
2884 2850 3138 2920 imperat,
3169 2866 3270 2907 nec
3300 2852 3446 2907 aliud
3478 2867 3620 2909 onus

2028 2950 2279 3021 suscipit,
2304 2955 2526 3020 propter
2574 2944 2801 3014 spiritus
2853 2956 3052 3011 nempe
3106 2942 3369 3013 inopiam,
3406 2954 3457 2998 et
3495 2947 3620 3002 ani-

2028 3060 2178 3100 mum
2208 3044 2275 3097 ab
2304 3035 2684 3108 incompositis
2714 3033 3223 3104 perturbationibus
3257 3045 3312 3090 et
3335 3036 3618 3093 affectibus

2028 3136 2273 3192 nondum
2300 3133 2552 3188 liberum.
2588 3127 2733 3195 Quin
2783 3135 2836 3179 et
2873 3125 2926 3178 in
2978 3125 3094 3196 ipsa
3126 3127 3364 3197 perfecta
3397 3145 3620 3200 quoque

2029 3227 2380 3300 susceptione
2439 3225 2587 3281 circa
2647 3216 2945 3275 voluntatis
3003 3220 3238 3288 propriae
3285 3221 3618 3277 excisionem

1985 3319 2296 3394 'judicium
2354 3333 2448 3375 seu
2501 3316 2811 3387 periculum
2846 3313 3324 3372 condemnationis
3381 3315 3621 3371 sustine-

321 3411 672 3464 δάκνωνται·
716 3409 942 3478 ἄμεινον
986 3405 1098 3477 γάρ
1145 3405 1244 3476 τῆς
1291 3403 1386 3457 τοῦ
1433 3404 1552 3468 ἐνὸς
1612 3402 1837 3475 βλάϐης,
1896 3406 1923 3458 ὁ

2031 3430 2174 3469 mus.
2205 3412 2381 3468 Filius
2417 3412 2690 3482 genuinus
2729 3429 2795 3467 ex
2836 3414 3007 3484 patris
3036 3411 3283 3466 absentia
3331 3407 3620 3477 cognosci-

323 3504 444 3558 τῶν
489 3499 702 3554 πολλῶν
749 3497 1130 3569 σωφρονισμός
1174 3497 1242 3552 ⁸³.
1295 3497 1417 3551 Εἰσί
1465 3513 1609 3560 τινες
1659 3496 1798 3570 ὑπὲρ
1824 3496 1924 3568 τὴν

329 3593 553 3646 ἑαυτῶν
582 3591 814 3662 δύναμιν
849 3590 909 3656 ἐξ
941 3590 1164 3660 ἀγάπης
1192 3589 1574 3661 πνευματικῆς
1616 3590 1926 3661 κινούμενοι

328 3683 534 3754 φορτία
581 3683 785 3754 ἐτέρων
836 3682 1282 3753 καταδεξάμενοι,
1337 3681 1431 3736 τοῦ
1472 3682 1755 3754 εἰρηκότος
1790 3698 1926 3752 μνη-

340 3775 658 3846 μονεύοντες
679 3791 693 3806 ·
729 3774 986 3837 Μείζονα
1025 3778 1248 3844 ταύτης
1275 3777 1518 3846 ἀγάπην
1554 3776 1754 3844 οὐδεὶς
1777 3779 1925 3847 ἕχει,

338 3869 440 3920 καὶ
482 3869 550 3922 τὰ
577 3869 728 3940 ἐξῆς.
778 3869 892 3923 Καὶ
933 3867 1074 3922 εἰσὶν
1119 3868 1297 3940 ἕτεροι
1330 3870 1378 3922 oi
1441 3872 1536 3923 καὶ
1569 3870 1667 3942 τὴν
1698 3870 1928 3941 δύναμιν

342 3956 444 4026 τῆς
483 3958 680 4024 ἐτέρων
714 3957 982 4029 ἁναδοχῆς
1029 3956 1105 4028 (5)
1155 3959 1286 4023 ἴσως
1321 3962 1386 4012 ἐκ
1437 3959 1574 4012 Θεοῦ
1621 3959 1927 4032 εἰληφότες,

343 4047 446 4100 καὶ
498 4048 596 4117 οὐχ
655 4049 825 4118 ἡδέως
871 4051 1034 4121 χάριν
1069 4049 1174 4122 τῆς
1227 4049 1323 4103 τοῦ
1367 4051 1599 4118 ἀδελφοῦ
1652 4052 1928 4124 σωτηρίας

343 4139 574 4203 ἑαυτοὺς
591 4139 978 4205 ὑποϐάλλοντες
996 4141 1240 4214 βάρεσινο
1264 4141 1356 4196 καί
1379 4158 1443 4210 γε
1461 4142 1638 4212 ἔγωγε
1662 4145 1859 4209 αὐτοὺς
1881 4145 1930 4177 ³⁸

336 4230 418 4295 ὼς
449 4231 524 4303 μὴ
557 4235 933 4305 κτησαμένους
961 4235 1184 4308 ἀγάπην
1209 4236 1535 4290 τεταλάνικα
1563 4235 1631 4269 ³⁸·
1663 4237 1792 4306 περὶ
1819 4237 1929 4292 τῶν

333 4324 626 4394 προτέρων
691 4325 1002 4396 εἰρημένων
1074 4345 1176 4381 που
1242 4327 1452 4398 εὕρηκα
1501 4344 1518 4362 ο

331 4415 516 4480 ἄξιον
544 4416 588 4447 ³⁸
628 4416 699 4482 ἐξ
741 4417 1017 4485 ἀναξίου,
1060 4419 1140 4486 ὡς
1168 4421 1364 4489 στόμα
1404 4438 1524 4489 μου
1569 4421 1763 4476 ἔσται.
1793 4423 1926 4486 Καὶ,

339 4509 464 4560 ὀν
495 4507 722 4575 τρόπον
769 4507 1085 4576 ἐποίησας,
1117 4509 1276 4563 ἔστω
1323 4526 1422 4564 σοι
1463 4511 1530 4564 ³⁵.
1572 4511 1773 4565 Σκόπει
1827 4513 1930 4567 κὰ·

2031 3516 2140 3562 tur.
2175 3505 2588 3560 Animadvertat
2629 3505 3061 3560 archimandrita
3091 3510 3147 3558 et
3173 3501 3389 3555 curiose
3432 3499 3623 3554 obser-

2029 3608 2118 3653 vet
2151 3596 2510 3653 refractarios
2539 3598 2593 3652 in
2620 3597 2977 3667 quibusdam,
3021 3605 3076 3650 et
3100 3595 3464 3664 obloquentes
3495 3607 3622 3646 eos-

2032 3705 2140 3762 que
2179 3690 2544 3760 praesentibus
2587 3692 2923 3761 quandoque
2967 3689 3101 3744 Viris
3137 3685 3417 3759 primariis
3466 3700 3624 3738 acer-

2030 3785 2171 3839 rime
2199 3783 2474 3854 obiurget,
2516 3792 2576 3838 ut
2601 3793 2654 3838 et
2689 3785 2869 3839 caeteri
2895 3791 3118 3854 propter
3155 3781 3279 3836 illos
3316 3777 3625 3850 percellan-

2033 3885 2143 3939 tur,
2175 3875 2430 3945 quamvis
2467 3875 2953 3944 reprehensionem
2982 3873 3129 3926 illam
3170 3871 3398 3926 moleste
3419 3867 3621 3931 ferant,

2028 3977 2086 4026 et
2134 3967 2514 4022 vulnerentur.
2571 3964 2805 4021 Prazstat
2857 3965 3005 4019 enim
3052 3980 3119 4018 ex
3177 3962 3342 4017 unius
3397 3961 3624 4016 vulnere

2028 4059 2220 4131 plures
2279 4057 2468 4113 sanari
2524 4064 2579 4112 et
2612 4070 2831 4127 sapere.
2881 4054 3024 4109 Sunt
3052 4055 3147 4124 qui
3186 4053 3402 4109 facibus
3450 4053 3632 4107 divini

2028 4152 2235 4208 amoris
2263 4149 2473 4207 incensi
2504 4159 2776 4205 conantur
2806 4148 2969 4203 etiam
3001 4161 3167 4216 supra
3197 4146 3338 4200 vires
3386 4145 3621 4199 aliorum

2026 4257 2198 4299 onera
2228 4241 2435 4305 subire,
2485 4239 2620 4294 illud
2659 4237 2865 4293 Christi
2908 4237 3094 4291 animo
3133 4243 3468 4291 tractantes:
3499 4235 3622 4289 Ha-

1581 4328 1635 4381 '0
1695 4329 1930 4400 ἐξάγων
2018 4333 2196 4404 jorem
2230 4332 2331 4385 hac
2367 4330 2703 4384 dilectionem
2737 4329 2888 4383 nemo
2911 4325 3090 4394 habet,
3133 4335 3189 4382 et
3219 4342 3342 4396 qua:
3376 4341 3623 4396 sequun-

2032 4434 2119 4480 tur
2143 4433 2194 4478 η.
2228 4424 2368 4478 Sunt
2400 4421 2493 4476 alii
2524 4420 2618 4491 qui
2651 4419 2886 4475 fortasse
2916 4417 3270 4488 prudentiam
3306 4418 3453 4472 illam
3485 4417 3623 4473 alio-

2028 4531 2155 4571 rum
2201 4515 2268 4570 ad
2315 4514 2487 4570 vitam
2533 4511 2846 4582 religiosam
2889 4507 3350 4564 instituendorum
3385 4506 3551 4579 485
3589 4523 3622 4562 a

326 4601 512 4664 κεῖνο,
564 4597 726 4662 αἰτῶ,
770 4600 855 4653 ὅτι
901 4599 1163 4664 πολλάκις
1195 4603 1230 4672 ἠ
1276 4602 1397 4655 κατ’
1427 4601 1636 4658 ἔννοιαν
1681 4603 1923 4677 ἁμαρτία

2029 4607 2143 4663 Deo
2188 4612 2541 4676 acceperunt,
2597 4603 2694 4660 sed
2743 4602 2942 4666 inviti,
2990 4602 3242 4672 quamvis
3289 4599 3416 4654 inde
3471 4601 3622 4656 salus

326 4691 438 4745 τοῦ
493 4691 840 4763 προεστῶτος
863 4731 880 4755 ,
929 4692 1130 4765 χείρων
1191 4693 1290 4765 τῆς
1340 4695 1462 4748 κατ’
1504 4695 1789 4766 ἐνέργειαν
1832 4696 1923 4751 τοῦ

2033 4699 2222 4756 fratris
2254 4698 2512 4769 pendeat,
2545 4710 2686 4752 onus
2721 4695 2854 4750 illud
2885 4693 3144 4759 subeunt,
3177 4707 3316 4764 quos
3349 4707 3451 4762 ego
3479 4693 3623 4748 velut

325 4784 587 4852 ὑπηκόου
624 4781 901 4853 κρίνεται·
933 4782 1096 4853 εἴπερ
1131 4785 1226 4838 καὶ
1258 4785 1562 4858 κουφοτέρα
1592 4787 1923 4856 στρατιώτου

2034 4787 2402 4851 miserabiles,
2437 4795 2493 4840 et
2518 4784 2669 4840 omni
2707 4783 3004 4839 destitutos
3039 4783 3308 4837 charitate
3337 4783 3624 4852 deplorare

320 4875 615 4946 ἁμαρτία,
678 4876 819 4946 ὑπὲρ
877 4875 977 4946 τὴν
1027 4875 1126 4930 τοῦ
1181 4880 1488 4949 στρατηγοῦ
1548 4879 1923 4938 κακοϐουλίαν.

2031 4881 2203 4937 soleo.
2224 4878 2300 4934 De
2322 4877 2516 4948 primis
2540 4876 2741 4932 alicubi
2771 4875 3042 4946 scriptum
3070 4874 3275 4931 inveni.
3303 4874 3410 4940 Qui
3425 4875 3624 4928 eduxe-

321 4963 606 5018 Νουθέτει
652 4967 779 5030 τοὺς
815 4966 1092 5036 ὑπηκόους
1133 4967 1233 5037 (4),
1267 4968 1334 5021 τὰ
1370 4969 1468 5040 μὲν
1513 4971 1802 5041 σωματικὰ
1838 4972 1923 5026 καλ

2031 4969 2100 5023 rit
2127 4969 2416 5038 pretiosum
2444 4984 2478 5020 a
2507 4966 2600 5020 vili
2627 4975 2678 5020 et
2706 4965 2940 5035 indigno,
2974 4965 3128 5034 quasi
3154 4980 3214 5018 os
3245 4980 3418 5018 meum
3449 4965 3546 5018 erit
3573 4972 3620 5016 ο.

320 5054 518 5122 λάγνα
554 5053 629 5127 μὴ
658 5058 780 5110 κατ’
805 5049 942 5121 εἶδος
967 5057 1316 5129 ἐξαγορεύειν
1334 5076 1350 5090 ο
1386 5059 1455 5112 τὰ
1478 5059 1534 5112 δέ
1561 5060 1724 5115 λοιπὰ
1755 5064 1923 5117 πάντα

2031 5059 2099 5114 Et
2127 5078 2141 5114 :
2175 5056 2326 5114 Sicut
2357 5057 2557 5127 fecisti,
2590 5056 2690 5110 erit
2735 5056 2832 5109 tibi
2855 5065 2908 5110 Ρ.
2955 5054 3023 5109 Ει
3056 5056 3189 5110 illud
3231 5056 3394 5110 velim
3429 5056 3623 5110 adver-

322 5144 465 5198 κατ’
514 5138 652 5206 εἶδος
704 5144 920 5218 νύκτωρ
956 5163 1016 5199 τε
1048 5147 1146 5199 καὶ
1194 5146 1312 5218 μεθ’
1339 5150 1552 5220 ἡμέραν
1610 5152 1923 5224 ἁναμνημο‹

2031 5159 2117 5206 tas
2154 5159 2440 5220 peccatum
2493 5164 2523 5202 a
2567 5148 2822 5219 praesule,
2867 5147 2982 5203 sola
3033 5147 3315 5212 duntaxat,
3342 5146 3626 5201 voluntate

323 5235 523 5290 νεύειν
567 5237 1060 5309 πλημμελημάτων
1083 5255 1097 5270 ο
1130 5241 1421 5311 ἀκεραίους
1463 5241 1561 5311 μὲν
1586 5243 1764 5312 πάντη
1793 5246 1923 5315 πρὸς

2038 5254 2092 5301 et
2129 5244 2314 5299 animo
2354 5251 2678 5311 conceptum
2718 5255 2781 5295 ac
2810 5241 3189 5310 commissum,
3224 5238 3468 5294 deterius
3501 5253 3626 5293 esse

326 5327 612 5398 ἀλλήλους
650 5328 789 5384 εἶναι
840 5330 1109 5401 γύμναζε,
1162 5332 1352 5386 ἐαυτὸν
1403 5335 1568 5387 τόπον
1624 5334 1923 5405 προϐαλλό-

2036 5336 2233 5391 erratis
2291 5335 2615 5390 inferiorum
2665 5333 2870 5404 apertis
2923 5341 2978 5388 et
3030 5331 3363 5387 manifestis.
3422 5329 3626 5385 Levius

334 5438 528 5494 μενος,
562 5423 862 5494 φρονίμους
907 5421 964 5475 δέ
1010 5421 1133 5479 λίαν
1166 5423 1300 5494 πρὸς
1341 5425 1620 5498 δαίμονας.
1664 5426 1756 5498 Μὴ
1805 5427 1921 5480 λανο

2037 5436 2229 5498 peccat
2251 5428 2426 5495 miles,
2449 5441 2614 5498 quam
2647 5426 2966 5497 imperator,
2986 5425 3079 5496 qui
3105 5439 3363 5495 perverso
3391 5422 3627 5480 consilio

418 5611 446 5639 ιι
477 5603 641 5659 Joan.
683 5617 773 5670 xv,
810 5600 898 5656 15.
973 5607 1002 5639 ο
1048 5598 1253 5658 Jerem.
1311 5621 1402 5672 xv,
1455 5609 1541 5664 l9.
1620 5618 1648 5657 ι»
1675 5606 1875 5664 Ezech.
1913 5623 2008 5677 vn,
2041 5610 2132 5668 27.

422 5698 542 5776 ’ξονι
593 5691 983 5776 παρασκεύαζε
1081 5691 1368 5776 βρώματα.
1458 5700 1540 5776 "ﬂ
1572 5701 1992 5776 παρακλήσεως.
2121 5702 2718 5776 ²⁹Ητῶνρσπερμάτων
2794 5705 3081 5775 ὑποδοχήν.
3157 5701 3622 5776 ,³⁸ῌπροέχᾳντες.

337 5769 393 5802 ³¹
425 5768 487 5821 τὸ
530 5768 657 5852 τεὺς
680 5765 915 5852 imi-510%;
965 5766 1420 5852 οξιιξφεονίζεσθαι.
1498 5771 1542 5803 ³⁸
1570 5765 1684 5825 ἀλλ’
1714 5765 1827 5840 ἐγῶ
1857 5765 2106 5838 τούτους.
2185 5774 2230 5806 “
2263 5765 2578 5831 ἐταλάνισὸι.
2661 5779 2705 5810 ³⁸
2735 5777 2944 5848 τίμιον.
2962 5765 2993 5775 ”
3017 5765 3064 5807 ’⁸³
3114 5765 3336 5834 αὐτοῖς(
3395 5765 3626 5826 “istoin

339 5855 502 5909 ησεν,
543 5835 716 5901 οὕτως
767 5834 919 5889 ἔσται
982 5834 1151 5906 αὐτῷ.
