4030 6426
287 375 434 442 1193

1527 357 1761 434 LIBER
1789 369 1888 429 AD
1910 354 2332 426 PAS’I’OREM.

3432 361 3565 432 1194

276 488 332 548 ὧ
361 491 570 563 μάκαρ,
597 485 758 553 ποίας
787 482 898 541 τῶν
929 483 1140 557 ἀρετῶν
1172 484 1340 556 χωρὶς
1367 481 1540 546 οὐδεὶς
1561 482 1752 552 ὄψεται
1782 480 1877 532 τὸν

1989 473 2149 547 487
2182 471 2396 544 Cogita,
2431 472 2609 541 beate,
2661 472 2781 528 sine
2832 478 2935 544 qua
2984 471 3327 560 petissimum
3367 474 3568 531 virtute

282 584 522 656 Κύριον,
554 580 820 650 κάκείνην
851 578 961 650 πρὸ
989 578 1209 632 πάντων
1245 575 1532 648 περιποιοῦ
1565 576 1678 636 τοῖς
1717 574 1878 641 ἐγγό-

280 692 425 740 νοις’
475 674 628 738 λείας
660 689 721 726 τε
762 672 857 725 καὶ
891 667 1272 741 θηλυκοειδοῦς
1296 667 1471 737 ὄψεως
1497 666 1578 729 εἰς
1609 664 1754 719 ἆπαν
1782 664 1879 716 λυ-

278 770 591 841 τρούμενος
609 765 712 836 (1).
741 763 1028 819 Ἔστωσαν
1052 763 1184 816 πᾶσι
1202 761 1313 823 τοῖς
1332 759 1424 826 ὑφ’
1439 757 1589 829 ἡμᾶς
1610 756 1670 810 ὲν
1689 753 1881 826 Κυρίῳ

282 862 432 935 πρὸς
457 860 555 925 τὰς
583 857 905 929 σωματικὰς
929 855 1148 926 ἡλικίας
1169 855 1224 907 αἱ
1246 852 1610 914 καταστάσεις
1641 848 1734 904 καὶ
1756 865 1884 903 κατ-

279 957 533 1027 οικήσεις
591 953 856 1022 διάφοροι.
893 949 968 1004 Οὐ
1007 949 1125 1002 δέον
1170 946 1281 1017 γάρ
1324 961 1446 1000 τινα
1488 944 1599 997 τῶν
1645 938 1881 1013 λιμένων

280 1046 743 1120 ἀποπέμπεσθαι,
776 1043 883 1115 πρὸ
913 1042 1232 1113 φρονήσεως
1261 1039 1362 1110 τῆς
1391 1036 1532 1092 κατά
1559 1035 1763 1122 κόσμον
1792 1036 1880 1087 ὲν-

277 1143 482 1212 νόμου.
510 1140 716 1210 Χεῖρας
746 1137 822 1209 μὴ
845 1137 1052 1208 ταχέως
1077 1135 1186 1190 τινὶ
1213 1133 1569 1204 ἐπιθήσομεν,
1595 1123 1792 1203 μήπως
1824 1132 1882 1184 ὲν

280 1232 489 1302 ἀγνοίᾳ
523 1229 914 1302 προσαγόμενά
942 1244 1064 1281 τινα
1101 1227 1208 1280 τῶν
1249 1225 1558 1298 προϐάτων,
1596 1227 1654 1278 ὲν
1681 1221 1882 1292 γνώσει

280 1325 480 1380 λοιπὸν
524 1324 789 1394 γινόμενα
814 1321 910 1375 καὶ
948 1321 1011 1386 τὸ
1038 1321 1224 1392 βάρος,
1261 1319 1356 1373 καὶ
1383 1318 1474 1372 τὸν
1513 1315 1771 1371 καύσωνα
1803 1317 1881 1390 μή

281 1417 656 1489 ὑπομένοντα,
688 1415 783 1468 ἐπὶ
830 1415 922 1468 τὸν
971 1415 1176 1486 κόσμον
1221 1411 1686 1484 αὐτομολήσωσιν·
1743 1411 1883 1482 ὅπερ

278 1515 406 1577 τοῖς
426 1507 1041 1582 προκεχειροτονηκόσιν
1066 1507 1167 1560 οὐκ
1185 1505 1468 1561 ἀκίνδυνον
1490 1503 1644 1577 παρά
1666 1502 1745 1576 τῷ
1763 1502 1882 1575 Θεῷ

278 1607 653 1677 καθέστηκεν.
687 1603 786 1667 Τίς
819 1601 929 1672 ἄρα
964 1599 1205 1665 τοιοῦτος
1252 1598 1593 1670 καθέστηκεν
1635 1599 1700 1652 ὲκ
1744 1597 1882 1652 Θεοῦ

279 1699 594 1769 οίκονόμος,
619 1696 680 1760 ὃς
704 1695 814 1749 τῶν
835 1693 1030 1748 ἑαυτοῦ
1052 1693 1244 1764 πηγῶν
1265 1692 1361 1746 καὶ
1383 1691 1602 1762 μόχθων
1629 1689 1883 1760 ἀνενδεὴς

282 1790 654 1862 καθέστηκεν,
689 1787 784 1843 καὶ
827 1786 966 1859 πρὸς
992 1786 1092 1858 τὴν
1125 1784 1329 1855 ἐτέρων
1354 1782 1624 1855 κάθαρσιν
1657 1781 1884 1846 ταύταις

284 1882 435 1956 πρὸς
481 1880 618 1936 Θεὸν
668 1871 906 1950 ἀφειδῶς
952 1878 1243 1948 κέχρηται,
1279 1873 1480 1946 ψυχὰς,
1516 1874 1610 1928 καὶ
1655 1873 1885 1943 σώματα

290 1975 539 2046 μάλιστα
600 1968 967 2044 ὲῤῥυπωμένα
1034 1967 1374 2037 ἀποσμήχων
1425 1965 1500 2036 μή
1561 1980 1693 2016 ποτε
1745 1960 1886 2016 παύο

293 2084 372 2138 σῃ
405 2065 504 2136 (‘2),
553 2064 643 2118 ἵνα
691 2063 764 2135 μή
819 2061 979 2132 μόνον
1013 2059 1249 2122 οἰκείων,
1289 2056 1426 2111 ἀλλὰ
1462 2056 1558 2110 καὶ
1589 2055 1887 2128 ἀλλοτρίων

291 2159 494 2230 ψυχῶν
522 2156 816 2226 στεφάνους
843 2152 994 2224 παρά
1033 2150 1129 2206 τοῦ
1161 2150 1326 2206 καλοῦ
1367 2147 1707 2220 ἀγωνοθέτου
1743 2147 1888 2219 παῤ-

292 2251 474 2322 ρησίᾳ
511 2246 863 2318 ὲκξητήσεις;
894 2243 1049 2299 Εἶδον
1083 2242 1287 2313 ἀσθενῆ
1315 2242 1600 2296 ἀσθένειαν
1627 2241 1888 2305 ἀσθενοῦς

286 2346 365 2396 ἐκ
413 2342 649 2405 πίστεως
699 2340 1018 2411 καθάραντα
1057 2337 1302 2409 ἀναιδείᾳ
1339 2335 1706 2406 ἐπαινουμένη
1750 2333 1889 2405 πρὸς

282 2437 435 2490 Θεὸν
466 2435 607 2505 ὑπὲρ
632 2433 843 2487 ἐκείνου
874 2430 1242 2504 χρησάμενον,
1280 2429 1375 2482 καὶ
1404 2427 1504 2497 τὴν
1538 2424 1716 2496 ψυχὴν
1747 2423 1888 2493 ὑπὲρ

283 2525 481 2598 ψυχῆς
528 2523 715 2586 θέντα,
753 2523 812 2576 έν
848 2519 1178 2575 ταπεινώσει
1227 2517 1410 2588 μέντοι
1451 2518 1518 2570 ὲκ
1549 2515 1648 2586 τῆς
1678 2512 1887 2566 ἐκείνου

294 2620 525 2685 ἰάσεως,
556 2616 652 2672 καὶ
695 2614 887 2670 ἑαυτὸν
929 2610 1117 2667 λοιπὸν
1168 2612 1481 2681 ίασάμενον·
1512 2608 1606 2663 καὶ
1651 2601 1793 2660 εἶδον
1829 2605 1891 2670 ἐξ

290 2713 534 2783 οἰήσεως
579 2708 783 2781 ὁμοίως
815 2706 1170 2779 πεποιηκότα,
1199 2704 1316 2769 καὶ,
1368 2703 1569 2772 Ἰατρέ,
1602 2699 1890 2769 θεράπευ-

287 2820 422 2859 σον
471 2801 759 2866 σεαυτὸν,
801 2801 921 2872 μετ’
954 2797 1327 2869 ἐπιτιμήσεως
1369 2795 1700 2850 ἀκούσαντα.
1731 2792 1891 2846 Ἐστι

291 2894 750 2970 παραιτήσασθαι
795 2889 1019 2962 ἀγαθὸν,
1047 2890 1136 2944 διὰ
1166 2889 1353 2962 μεῖζον
1381 2888 1604 2958 ἀγαθὸν,
1641 2887 1716 2950 ὡς
1757 2889 1786 2941 6
1830 2886 1890 2939 τὸ

291 2989 608 3062 μαρτύριον
636 2987 738 3042 οὐκ
769 2986 832 3040 ἐκ
859 2985 1062 3048 δειλίας
1086 2980 1362 3053 διαφυγὼν
1387 2981 1489 3054 (4),
1517 2979 1653 3035 ἀλλὰ
1681 2977 1768 3033 διὰ
1791 2976 1890 3048 τὴν

283 3085 412 3139 τῶν
451 3083 542 3138 ὑπ’
570 3081 738 3136 αὐτοῦ
785 3078 1108 3150 σωζομένων
1167 3077 1263 3130 καὶ
1319 3072 1706 3145 φωτιζομένων
1747 3069 1890 3152 ὠφέ-

1982 580 2143 622 nemo
2180 566 2248 620 ad
2277 563 2374 621 Dei
2405 575 2760 637 conSpectum
2795 558 3148 632 admittatur:
3185 577 3420 637 eamque
3456 582 3567 638 qua

1981 666 2139 726 potes
2182 665 2302 710 arte
2334 656 2574 712 alumnis
2621 656 2732 712 tuis
2757 656 2982 724 instilla,
3026 655 3234 713 formas
3271 669 3567 728 comarum

1981 743 2474 804 emendatiores'et
2499 748 2797 806 muliebres
2828 749 2898 805 ab
2926 763 3116 805 eorum
3149 761 3374 821 aspectu
3413 752 3568 822 peni-

1981 848 2073 896 tus
2111 853 2353 896 remove.
2401 838 2524 896 Sint
2551 842 2832 907 omnibus,
2866 842 2962 913 qui
3009 841 3115 900 sub
3161 842 3334 914 signis
3359 841 3568 898 Christi

1981 932 2128 1003 apud
2158 946 2261 988 nos
2285 932 2550 997 militant,
2585 948 2701 990 suae
2729 949 2830 1006 pro
2851 935 3029 991 aetatis
3058 936 3274 990 ratione
3301 935 3570 993 stationes

1983 1023 2248 1097 (ordines)
2293 1035 2350 1081 et
2388 1025 2686 1081 domicilia.
2728 1024 2924 1083 Nullus
2957 1027 3102 1082 enim
3148 1027 3310 1084 nobis
3343 1043 3375 1083 a
3405 1037 3569 1100 portu

1982 1116 2269 1188 religionis
2295 1127 2426 1174 ante
2452 1118 2752 1182 adhibitam
2787 1119 2953 1174 etiam
2983 1121 3192 1178 mundo
3227 1121 3571 1192 probandam

1981 1209 2334 1278 prudentiam
2375 1208 2712 1279 rejiciendus
2739 1221 2862 1268 \est.
2919 1209 3135 1266 Nemini
3187 1212 3296 1268 cito
3347 1213 3456 1270 nisi
3499 1214 3572 1270 de

1983 1313 2141 1357 more
2155 1301 2411 1372 probato,
2425 1317 2627 1358 manus
2651 1302 3004 1374 imponemus
3023 1304 3532 1378 (tondebimusq‘ue)
3553 1326 3566 1372 ;

1983 1408 2054 1450 ne
2078 1409 2189 1466 qua
2226 1397 2416 1450 ovium
2461 1409 2561 1465 per
2606 1395 2998 1466 ignorantiam,
3039 1396 3389 1466 disciplinam
3445 1399 3572 1455 relid

1983 1486 2196 1558 glesum
2251 1485 2555 1557 complexa,
2605 1487 2831 1559 cegnito
2871 1495 3062 1559 postea
3107 1503 3296 1544 rerum
3332 1499 3480 1545 statu
3518 1503 3572 1546 et

1982 1574 2302 1635 difﬁcultate
2330 1580 2399 1635 ad
2429 1593 2574 1636 onus
2614 1581 2672 1636 et
2697 1591 2893 1636 aestum
2939 1580 3224 1652 religionis
3254 1581 3570 1652 impatiens.

1983 1681 2133 1728 retro
2155 1686 2264 1743 qua
2290 1675 2514 1728 venerat
2546 1671 2613 1728 ad
2641 1674 2902 1728 saeculum
2934 1681 3262 1741 revertatur,
3282 1674 3428 1745 quod
3459 1679 3573 1730 neu

1984 1779 2214 1835 parvum
2265 1764 2548 1834 magistris
2593 1765 2853 1829 illorum,
2902 1774 2957 1820 et
2998 1765 3375 1822 initiatoribus
3429 1769 3574 1838 apud

1988 1856 2166 1912 Deum
2197 1856 2505 1927 periculum
2548 1857 2779 1913 creabit.
2824 1856 2960 1924 Quis
3004 1869 3170 1928 porro
3198 1859 3305 1916 erit
3353 1859 3576 1915 divinus

1987 1948 2078 2005 ille
2125 1963 2469 2016 (economus,
2517 1950 2612 2020 qui
2657 1950 2889 2006 fontium
2944 1966 3175 2008 suorum
3223 1959 3279 2008 et
3322 1952 3576 2008 laborum

1989 2042 2136 2098 haud
2160 2042 2400 2114 indigus,
2432 2044 2599 2098 etiam
2629 2045 2696 2099 ad
2719 2044 2953 2126 aliorum
2987 2047 3304 2117 purgandos
3331 2062 3362 2101 a
3392 2048 3574 2102 sordi‘

1987 2135 2092 2191 bus
2124 2135 2360 2200 animos,
2401 2135 2642 2206 copiosis
2673 2152 2704 2191 a
2745 2136 2858 2192 Deo
2890 2137 3260 2210 lacrymarum
3306 2139 3576 2195 imbribus

1988 2227 2251 2299 irrigatus
2281 2227 2548 2295 abundat,
2595 2230 2650 2284 et
2688 2229 2790 2285 has
2823 2230 2891 2284 ad
2921 2231 3156 2285 aliorum
3191 2232 3576 2287 lustrationem

1989 2331 2084 2375 seu
2116 2319 2552 2390 puriﬁcationem
2581 2319 2911 2392 laudemque
2941 2318 3038 2378 Dei
3079 2323 3380 2379 liberaliter
3417 2325 3578 2378 adhiv

1989 2413 2101 2468 bet.
2151 2411 2361 2470 Mentes
2395 2421 2451 2469 et
2479 2428 2712 2486 corpora
2755 2417 3106 2486 peccatorum
3144 2417 3578 2488 inquinamentis

1989 2501 2192 2559 fmdata
2221 2503 2504 2576 detergere
2529 2520 2598 2561 ne
2629 2517 2806 2573 ceSSa,
2839 2507 2922 2562 uti
2945 2522 3054 2563 non
3092 2513 3310 2563 tuarum
3341 2517 3576 2574 tantum,

1994 2595 2091 2653 sed
2120 2596 2428 2652 alienarum
2458 2613 2682 2669 quoque
2716 2601 3028 2656 animarum
3070 2601 3346 2657 laureolas
3374 2617 3406 2656 a
3443 2602 3580 2657 libe-

1996 2691 2100 2747 rali
2125 2694 2446 2750 munerario
2475 2703 2533 2751 et
2571 2695 2901 2766 agonOtheta
2934 2709 3132 2768 magna
3167 2707 3266 2768 spe
3293 2705 3348 2752 et
3378 2696 3580 2753 ﬁducia

1992 2795 2212 2852 poscas.
2260 2781 2385 2838 Vidi
2432 2798 2536 2856 ego
2567 2786 2822 2840 morbum
2862 2788 2993 2858 aegri
3043 2789 3112 2843 ab
3161 2787 3270 2842 alio
3299 2801 3446 2859 a‘gro
3485 2805 3582 2859 per

1995 2871 2156 2930 (idem
2189 2875 2372 2931 curari
2401 2876 2672 2932 laudanda
2706 2892 2839 2934 sane
2865 2878 3202 2950 impudentia
3232 2882 3376 2951 apud
3410 2880 3580 2936 Deum

1995 2970 2096 3037 pro
2128 2966 2242 3032 illo,
2278 2979 2400 3036 uso,
2449 2971 2804 3042 animamque
2834 2987 2933 3042 pro
2982 2973 3164 3028 anima
3194 2985 3454 3044 ponente,
3487 2977 3584 3046 q'ui

1993 3069 2060 3116 ex
2101 3061 2212 3116 alta
2247 3061 2448 3119 mentis
2479 3062 2819 3121 demissione
2862 3075 3087 3136 propter
3121 3067 3349 3124 alterius
3377 3071 3581 3138 procu-

285 3176 475 3229 λειαν·
511 3173 658 3226 ἐστιν
706 3171 734 3225 ὁ
777 3170 970 3224 ἑαυτὸν
1011 3166 1205 3240 ἀτιμίᾳ
1235 3164 1323 3220 διὰ
1353 3165 1453 3237 τήν
1492 3165 1696 3234 ἐτέρων
1725 3157 1887 3233 τιμήν

1995 3163 2166 3212 ratam
2223 3157 2541 3225 sanitatem,
2587 3158 2705 3229 ipse
2741 3158 2912 3231 488
2947 3175 3167 3232 quoque
3209 3162 3442 3218 salutem
3499 3171 3586 3219 est

285 3264 640 3329 ἐκδεδωκὼς,
678 3265 773 3318 καὶ
812 3256 966 3333 παρά
1002 3259 1220 3323 πολλοῖς
1255 3251 1330 3321 ὡς
1365 3257 1645 3329 φιλήδονος
1674 3253 1889 3324 λογιζό-

289 3376 489 3431 μενος,
547 3359 699 3429 ὂμως
748 3355 825 3419 ὡς
860 3354 1060 3417 πλάνος
1087 3352 1184 3407 καὶ
1212 3350 1424 3422 ἀληθὴς
1465 3348 1745 3419 τυγχάνει·
1784 3347 1832 3400 εί
1865 3348 1892 3400 6

285 3453 459 3520 λόγον
489 3442 761 3518 ὡφελείας
795 3447 1042 3517 κατέχων
1067 3445 1167 3517 (5),
1192 3444 1288 3498 καὶ
1321 3443 1396 3516 μὴ
1425 3441 1614 3495 τοῦτον
1643 3438 1893 3509 ἀφθόνως

292 3541 645 3617 μεταδιδοὺς,
693 3540 794 3593 οὐκ
837 3537 1186 3609 ἀτιμώρητος
1234 3534 1408 3602 ἔσται,
1467 3533 1652 3598 πόσος,
1695 3533 1819 3600 οίει,
1849 3527 1894 3586 ὧ

291 3636 447 3705 φίλε,
475 3633 738 3705 τυγχάνει
767 3633 796 3685 6
813 3631 1057 3695 κίνδυνος
1081 3630 1127 3662 ³ο
1154 3629 1263 3682 τῶν
1288 3627 1602 3699 δυναμένων
1630 3625 1678 3658 ’⁵⁸
1704 3625 1800 3680 καὶ
1823 3624 1893 3678 δι’

296 3725 502 3796 ἑαυτῆς
529 3723 640 3779 τῶν
671 3721 850 3794 ἔργων
899 3721 1189 3793 συνεργίας
1226 3713 1340 3784 τοῖς
1365 3717 1728 3790 κακουμένοις
1761 3714 1894 3786 συγο

302 3819 558 3888 κάμνειν,
608 3811 702 3872 καὶ
751 3810 826 3887 μὴ
868 3804 1351 3886 συγκοπουμένοις·
1400 3809 1565 3884 ῥῦσαι
1595 3811 1624 3865 6
1655 3812 1721 3864 ὲκ
1757 3808 1894 3863 Θεοῦ

311 3911 555 3984 ῥυσθεὶς,
587 3910 680 3965 καὶ
714 3908 888 3962 σῶσον
915 3898 944 3960 6
966 3905 1188 3972 σωθεὶς,
1210 3904 1514 3975 ἀγομένους
1534 3903 1614 3966 είς
1640 3900 1892 3962 θάνατον,

308 4005 410 4058 καὶ
454 4001 816 4073 ὲκπριάμενος
860 3999 928 4032 ¹·⁰⁶
963 3991 1342 4070 κτεινομένους
1366 3987 1471 4049 ὑπὸ
1501 3993 1774 4065 δαιμόνων
1817 3992 1896 4062 μὴ

309 4094 500 4166 φείσῃ.
534 4079 701 4147 Τοῦτο
726 4094 834 4164 γὰρ
863 4093 1047 4164 πάσης
1089 4092 1256 4162 πνοῆς
1288 4089 1595 4160 δυναμένης
1639 4085 1702 4140 τὸ
1752 4085 1896 4156 μέγα

305 4187 550 4242 ἔπαθλον
578 4187 727 4258 παρά
754 4186 873 4258 Θεῷ
893 4186 1034 4256 ὑπὲρ
1058 4186 1237 4238 πᾶσαν
1259 4179 1521 4255 ἐργασίαν
1550 4180 1644 4235 καὶ
1663 4177 1896 4248 θεωρίαν

1995 3258 2350 3307 consecutus.
2383 3250 2507 3306 Vidi
2540 3253 2632 3323 qui
2661 3254 2805 3309 idem
2836 3270 2905 3310 ex
2939 3256 3110 3310 animi
3131 3257 3372 3312 elatione
3406 3254 3586 3314 tenta-s

1995 3352 2098 3409 ret,
2144 3343 2241 3414 qui
2278 3344 2480 3400 merito
2505 3346 2876 3416 reprehensus
2925 3346 3104 3403 audiit
3140 3366 3155 3403 :
3191 3339 3418 3414 Modice,
3453 3365 3586 3405 cura

1996 3436 2220 3506 teipsum
2242 3447 2288 3491 ει.
2315 3435 2479 3491 Juvat
2497 3451 2893 3508 nonnunquam
2917 3440 3120 3496 bonum
3145 3441 3396 3513 (majoris
3418 3458 3588 3500 causa

1994 3527 2145 3598 boni)
2187 3527 2492 3595 declinare,
2525 3531 2712 3597 decus,
2746 3531 2994 3603 inquam,
3035 3535 3318 3606 martyrii,
3363 3551 3472 3591 non
3521 3544 3586 3592 ex

1996 3619 2167 3674 animi
2195 3613 2572 3677 imbecillitate
2597 3624 2695 3678 seu
2726 3622 2946 3691 timore,
2982 3625 3076 3680 sed
3108 3635 3332 3696 propter
3352 3616 3588 3682 aliorum

1997 3711 2289 3768 utilitatem
2319 3713 2427 3769 ﬁde
2452 3713 2862 3771 illustratorum‘
2899 3705 3016 3772 sive
3039 3719 3380 3774 credentium
3415 3731 3469 3775 et
3498 3737 3590 3776 sa-

1997 3805 2166 3861 lutem
2197 3806 2297 3877 (a).
2333 3797 2432 3862 Est
2461 3796 2559 3878 qui
2581 3806 2826 3879 seipsum
2863 3809 2934 3865 ob
2957 3798 3187 3867 alterius
3215 3813 3454 3870 salutem
3485 3829 3588 3868 ex-

1997 3898 2152 3968 ponit
2178 3891 2515 3970 ignominiae,
2543 3903 2598 3956 et
2620 3916 2650 3955 a
2684 3890 2873 3958 multis
2899 3917 2998 3973 pro
3029 3891 3255 3958 homine
3283 3892 3590 3976 voluptario

1991 3991 2272 4060 iudicatur
2303 4001 2360 4046 et
2401 3987 2719 4061 damnatur,
2767 4001 2959 4064 estque
3007 3991 3163 4065 quasi
3221 3987 3490 4066 seductor,
3537 4009 3590 4052 et

1998 4091 2176 4136 tamen
2206 4086 2389 4139 verax.
2419 4078 2478 4141 Si
2508 4087 2604 4158 qui
2633 4077 2757 4144 aliis
2792 4087 3083 4159 profutura
3115 4079 3288 4159 novit,
3312 4099 3370 4147 et
3393 4083 3593 4149 docere

1998 4190 2124 4229 cum
2149 4167 2346 4246 possit,
2373 4186 2622 4246 recusat,
2654 4179 2706 4235 id
2730 4179 2875 4238 haud
2897 4169 3124 4253 impune
3147 4181 3316 4250 feret;
3338 4184 3392 4239 in
3415 4186 3592 4254 quan—

304 4282 522 4353 βροτῶν
561 4283 657 4335 καὶ
685 4280 952 4352 ἀϐρότων,
993 4279 1258 4348 συνεργὸν
1302 4276 1493 4348 ὥσπερ
1521 4274 1630 4329 τῶν
1672 4274 1887 4342 ἀσωμά.

1999 4273 2137 4332 tum,
2169 4270 2354 4354 putas,-
2387 4271 2582 4338 amice,
2616 4286 2676 4328 se
2705 4273 3256 4362 periculum’animae,
3288 4263 3594 4348 conjiciunt

298 4391 420 4426 των
461 4372 556 4426 καὶ
595 4371 801 4443 νοερῶν
839 4371 1122 4442 δυνάμεων
1159 4369 1352 4424 ἑαυτὸν
1381 4366 1732 4422 ἀποδείκνυσι
1769 4367 1798 4418 6
1828 4365 1887 4434 τῇ

2002 4359 2065 4425 ii,
2099 4359 2194 4432 qui
2233 4375 2402 4432 opera
2440 4373 2539 4420 sua
2572 4373 2628 4420 et
2660 4366 2882 4454 virtutis
2925 4359 3200 4426 industria
3240 4359 3378 4427 alios
3411 4371 3594 4428 levare

299 4467 378 4520 ἐκ
408 4464 545 4518 Θεοῦ
594 4465 813 4536 δοθείσῃ
843 4462 991 4532 αὐτῷ
1021 4459 1376 4533 καθαρότητι,
1411 4457 1504 4512 τὸν
1542 4458 1650 4512 τῶν
1693 4457 1887 4526 ἑτέρων

1999 4461 2055 4506 et
2078 4452 2271 4523 juvare
2297 4466 2551 4536 possunt,
2581 4467 2638 4513 ct
2667 4452 2931 4516 auxilium
2959 4469 3140 4517 tamen
3165 4472 3386 4535 negant.
3425 4462 3596 4521 Serra

301 4553 485 4629 ῥύπον
510 4532 871 4628 ἀποσμήχων,
908 4555 1001 4608 καὶ
1027 4551 1087 4618 ἐξ
1115 4532 1418 4625 ἐπιμὼμων
1445 4551 1652 4622 ἄμωμα
1675 4548 1753 4620 τῷ
1780 4549 1887 4619 Θεᾷ

2005 4540 2146 4596 alios
2175 4551 2231 4597 et
2261 4542 2382 4614 ipse
2411 4549 2446 4598 a'
2473 4532 2588 4599 Deo
2610 4558 2884 4615 servatus,
2918 4549 3071 4620 eripe
3098 4532 3291 4607 ductos
3315 4551 3384 4607 ad
3405 4560 3596 4608 necem

297 4651 461 4722 δῶρα
489 4650 840 4722 προσφέρων.
878 4647 1049 4702 Τοῦτο
1078 4647 1186 4718 γὰρ
1217 4646 1311 4701 καὶ
1340 4645 1501 4717 μόνον
1531 4645 1616 4698 ἀεὶ
1647 4638 1711 4697 τδ
1737 4642 1887 4715 έργοι

2002 4642 2058 4688 et
2105 4635 2178 4690 ab
2204 4635 2460 4692 hostibus
2505 4635 2697 4695 inferis
2741 4641 3042 4710 necandos,
3087 4651 3144 4700 et
3181 4630 3296 4715 ipse
3327 4635 3598 4702 aChristo

297 4740 425 4794 τῶν
462 4738 624 4793 θείων
653 4737 1005 4809 λειτουργῶν.
1048 4738 1281 4804 Πάντες
1315 4737 1425 4806 γὰρ
1465 4739 1518 4790 οἱ
1547 4733 1753 4800 κύκλῳ
1793 4736 1887 4788 αὐ-

2003 4740 2248 4801 ereptus.
2277 4725 2391 4789 Hoc
2422 4727 2557 4789 illud
2581 4735 2775 4806 ingens
2801 4741 2885 4793 est
2907 4743 3113 4796 munus
3141 4755 3172 4795 a
3198 4726 3311 4796 Deo
3340 4743 3598 4813 proposi-

299 4831 424 4886 τοῦ
464 4833 712 4886 οἴσουσι
751 4830 934 4900 δῶρα,
979 4831 1204 4900 ψυχάς.
1237 4830 1404 4884 Οὐδὲν
1445 4828 1588 4882 οὕτω
1617 4827 1716 4898 τὴν
1763 4826 1887 4898 πρὸς

2007 4835 2122 4879 tum
2163 4823 2423 4881 omnibus
2463 4817 2720 4897 spiritum
2771 4819 3103 4889 habentibus
3141 4849 3308 4904 supra
3349 4837 3598 4892 omnium

300 4923 464 4994 ἡμᾶς
493 4921 588 4975 τοῦ
620 4919 926 4986 πλάσαντος
966 4923 1115 4993 ἡμᾶς
1157 4920 1455 4974 ὲνδείκνυσι
1486 4915 1887 4989 φιλανθρωπίαι

2007 4910 2323 4972 mortalium
2354 4915 2410 4974 et
2431 4917 2827 4978 immortalium
2860 4911 3004 4980 facta
3029 4935 3084 4982 et
3109 4941 3297 4997 opera,
3322 4943 3447 4984 cum
3471 4929 3598 4998 quis

299 5016 412 5072 καὶ
438 5013 776 5087 ἀγαθότητα,
802 5015 878 5080 ὡς
903 5016 964 5069 τὸ
996 5013 1316 5068 καταλιπεῖν
1343 5013 1412 5066 τὰ
1436 5015 1790 5084 ἐννενήκοντα
1818 5012 1887 5065 ἐν·

2007 5011 2250 5083 seipsum
2282 5007 2527 5068 caelitum
2559 5023 2614 5070 et
2656 5017 2925 5074 mentium
2957 5005 3027 5075 ab
3068 5022 3219 5077 omni
3248 5022 3599 5078 concretione

302 5106 416 5161 νέα
444 5103 721 5176 πρόϐατα,
754 5104 931 5158 καὶτὸ
963 5103 1384 5175 πεπλανημένον
1437 5101 1693 5174 ζητῆσαι.
1727 5103 1887 5174 Πρόσ·

2009 5121 2300 5176 corporum
2348 5105 2645 5163 liberarum
2691 5117 2787 5181 per
2835 5121 3117 5183 acceptam
3175 5129 3206 5169 a
3255 5114 3369 5169 Deo
3421 5115 3593 5169 animi

304 5214 410 5270 εχε
445 5197 646 5261 τοίνυν,
689 5191 734 5250 ὧ
767 5196 956 5249 πίσυνε
981 5197 1045 5261 “,
1081 5197 1176 5250 καὶ
1209 5195 1389 5249 πᾶσάν
1421 5212 1515 5248 σου
1542 5195 1639 5266 τὴν
1669 5194 1887 5266 σπουδὴε

2011 5199 2372 5272 corporisque
2433 5203 2724 5274 puritatem
2771 5204 2981 5260 socium
3037 5205 3284 5264 laborum
3322 5207 3597 5273 ostendit,

309 5281 417 5343 καὶ
465 5289 568 5358 τὴν
606 5291 667 5358 ἀγ
683 5290 852 5359 5:1th,
898 5287 997 5358 τὴν
1033 5286 1262 5358 θέρμην,
1295 5286 1395 5357 τὴν
1432 5287 1773 5356 ἐπιμέλειαν,
1810 5288 1887 5357 τὴπ

2010 5291 2161 5348 labes
2205 5295 2437 5350 aliorum
2483 5286 2791 5362 emaculat;
2841 5307 2896 5352 et
2923 5313 2990 5352 ex
3024 5298 3257 5368 impuris
3305 5313 3438 5369 pura
3486 5298 3601 5355 Deo

309 5385 462 5455 πρὸς
490 5383 623 5436 Θεὸν
659 5382 869 5438 ἱκεσίαν
903 5381 997 5436 ἐπὶ
1035 5381 1142 5436 τῶν
1166 5381 1284 5434 λίαν
1335 5381 1771 5453 πεπλανημένων
1815 5400 1886 5435 κα

2015 5400 2244 5440 munera
2291 5387 2444 5442 libat.
2487 5385 2604 5443 Hoc
2655 5388 2800 5444 enim
2847 5400 2932 5445 est
2979 5400 3245 5447 aeternum
3286 5391 3597 5448 divinorum

316 5477 806 5548 συντετριμμένων
831 5475 1083 5540 ἔνδειξαι.
1116 5476 1290 5529 Ὅπου
1329 5475 1438 5547 γὰρ
1476 5475 1710 5545 μεγάλαι
1739 5476 1795 5528 αι
1827 5473 1884 5527 νό

2019 5489 2320 5550 mysta‘rum
2345 5480 2580 5538 oilicium
2605 5503 2617 5538 :
2651 5482 2845 5539 Omnes
2878 5487 2931 5539 in
2956 5488 3185 5541 circuitu
3210 5489 3323 5558 ejus
3355 5502 3600 5554 ηιιιηθτα,

398 5664 426 5705 ει
452 5653 586 5711 an.
613 5672 688 5723 Iv,
720 5651 812 5711 εδ.

401 5749 447 5783 ⁸³
482 5750 648 5804 πόσον
715 5752 794 5804 ἔτι
848 5752 1114 5806 κίνδυνον.
1218 5751 1262 5782 ⁸ο
1317 5752 1718 5824 ὑποστήσονται
1749 5753 1798 5806 οἱ
1839 5753 2155 5826 δυνάμενοι.
2235 5757 2687 5832 δ”ἐκπρίασθαα
2768 5760 2810 5792 ⁸¹
2845 5760 3143 5833 θαυμάσιε.

401 5867 481 5938 (α)
537 5865 651 5923 Hoc
691 5867 990 5938 Gregorius
1042 5867 1485 5940 Thaumatnrgus
1517 5870 1660 5939 lecil,
1695 5870 1823 5926 fecit
1863 5879 1914 5927 et
1948 5871 2305 5940 Athanasius,
2347 5885 2400 5932 et
2427 5888 2533 5932 non
2575 5871 2732 5946 pauci
2763 5877 2877 5932 alii.

624 5963 874 6027 ΡΑτιιοι
929 5965 1044 6024 Gn.
1074 5963 1482 6050 LXXXVIII.

3290 5963 3368 6028 38

2217 6058 2246 6088 \
