2015 3217
308 173 377 205 “95

935 173 965 201 S.
978 171 1139 202 JOANNIS
1158 172 1311 203 CLIMMH

1843 182 1892 217 1196

308 229 423 261 animus,
438 227 561 263 inquam,
573 227 681 261 offerent
696 231 718 258 τ,
734 225 806 252 Nihil
819 225 855 252 ita
869 225 1019 253 conditoris
1028 231 1097 259 erga

1151 233 1193 251 σοι
1208 227 1255 252 καὶ
1277 227 1302 252 οἱ
1320 225 1465 262 μώλωπες,
1486 228 1674 262 ἀναμφιεόλως
1695 229 1739 257 καὶ
1752 233 1847 267 μεγάλοι
1864 247 1892 271 μι.

309 283 359 302 nos
379 273 554 302 commendat
586 273 714 308 pietatem
742 276 770 299 et
800 271 986 303 clementiam,
1013 278 1095 305 quam

308 321 381 356 quod
404 320 508 348 relictis
525 319 565 353 (in
590 318 670 352 cmlo)
696 320 844 353 nonaginta
868 324 965 345 novem
999 316 1096 344 ovibus

308 366 500 397 errabundam,
516 372 598 392 unam
610 363 694 400 ‘89
704 364 843 399 quaesierit
857 363 884 390 in
897 362 987 391 terris.
1000 363 1096 397 Atten-

309 414 382 442 desis
401 413 534 445 animum,
546 413 587 439 vir
607 411 779 445 admirande,
800 416 827 439 et
842 418 924 438 omne
936 415 1013 437 tuum
1039 414 1098 436 stu-

308 460 396 492 dium,
418 466 549 492 amorem,
568 458 704 492 arderent,
724 465 837 489 curam,
855 464 949 492 preces
968 456 1002 483 ad
1018 463 1097 483 ovem

309 506 446 541 palantem
470 512 503 532 ac
525 504 658 542 perditam
681 504 855 539 quaerendam
877 507 1005 530 converte
1024 512 1031 530 :
1052 502 1097 529 ubi

289 551 380 578 -enim
407 555 503 579 curata
521 550 645 578 difﬁciles
671 550 759 578 morbi
786 553 1014 585 praegnantesque
1031 555 1097 576 san-

307 598 391 632 guine
411 596 516 624 vibices
540 603 588 623 seu
612 595 777 623 exulceratae
796 594 955 625 cicatrices,
979 593 1015 620 ibi
1039 593 1099 620 sine

307 642 363 670 ulla
377 641 548 669 dubitatione
565 641 685 676 ingentia
705 639 878 667 medentibus
901 639 1013 674 praemia
1034 643 1099 666 sunt

308 686 442 721 deposita.
464 685 664 717 Observemus,
685 690 898 716 conservemus,
931 683 1096 710 laboremus.

309 731 369 759 Non
386 738 492 765 semper
508 738 646 758 summum
666 730 712 765 jus
736 730 864 765 religioso
885 729 971 764 judiei
989 733 1099 764 propter

311 777 525 805 imbecillitatem
542 776 608 812 aegri
621 782 663 804 est
684 775 913 811 persequendum.
929 774 991 802 Vidi
1009 782 1099 810 quon-

309 825 373 852 dam
393 831 408 851 a
430 823 634 858 sapientissimo
651 822 755 850 arbitro
778 822 849 849 duos
868 821 1001 856 quosdam
1024 820 1099 856 judi-

310 872 424 904 candos,
439 870 487 905 qui
503 877 580 897 reum
596 873 625 896 ut
642 868 816 896 inﬁrmiorem
835 867 964 900 absolvit,
978 872 1005 894 et
1017 867 1098 894 iuno-

310 907 416 944 centem
435 920 464 942 ut
476 915 681 951 generosiorom
697 914 821 949 beneque
837 913 966 941 affectum
982 914 1097 941 damna-

309 963 369 990 vit:
391 969 425 990 ne
447 962 470 990 si
497 962 582 998 legem
605 961 742 996 aequitatis
772 961 896 988 ultimam
927 965 1097 996 sequeretur,

309 1008 427 1043 majores
453 1007 515 1035 inde
535 1007 622 1035 turbae
649 1007 822 1034 exsisterent.
853 1006 983 1034 Privatim
1008 1011 1098 1034 tamen

310 1058 458 1089 utrumque
478 1058 508 1081 ut
524 1060 614 1081 causae
628 1052 743 1088 aequitas
764 1052 930 1088 postulabat,
953 1052 1098 1085 tractabat,

309 1101 429 1128 maxime
446 1100 533 1133 illum,
549 1099 597 1134 qui
612 1099 647 1126 ab
666 1099 760 1126 animo
777 1098 882 1126 fractus
899 1103 926 1126 et
941 1099 1040 1133 :egrior
1051 1106 1100 1134 ap-

309 1147 434 1182 parebat.
458 1146 538 1174 Prata
555 1145 671 1172 virentia
695 1152 760 1172 oves
783 1144 900 1172 invitant
927 1153 934 1172 :
965 1149 1099 1179 praecepta

308 1200 374 1221 vero
390 1197 417 1220 et
429 1192 558 1227 subjectae
573 1192 683 1219 assiduo
696 1191 791 1218 mortis
810 1190 939 1218 memoria
952 1191 1098 1225 plurimum

308 1239 436 1274 gregibus
459 1238 565 1266 ratione
581 1238 670 1265 ductis
685 1238 718 1264 ad
740 1244 849 1264 onmem
870 1237 904 1264 ab
927 1238 1018 1265 animo
1036 1238 1099 1265 abs-

308 1285 466 1320 tergendam
493 1284 611 1312 scabiem
638 1287 762 1319 prosunt.
796 1282 887 1318 Delige
910 1291 1056 1318 generosos
1074 1288 1100 1311 et

308 1335 479 1362 constantes,
500 1338 604 1365 eosque
624 1330 806 1365 praesentibus
821 1330 986 1365 quandoque
1004 1330 1100 1357 imbel-

309 1375 382 1404 libus
408 1375 527 1412 (arrcpta
548 1382 632 1403 causa
651 1374 710 1402 sine
730 1375 823 1408 causa)
851 1374 975 1408 objurga,
995 1374 1034 1400 uti
1052 1381 1100 1408 per

309 1420 424 1448 alterius
439 1420 613 1453 medicinam,
630 1419 742 1447 alterius
755 1426 835 1447 cures
854 1422 978 1453 vulnera,
1000 1419 1100 1447 fortes-

309 1474 364 1502 que
385 1466 419 1494 ad
442 1465 584 1502 obsequia,
604 1469 631 1493 et
651 1464 794 1501 expeditos
811 1465 920 1493 reddas.
947 1465 1099 1493 lnauditum

308 1516 352 1540 est
376 1520 391 1539 a
406 1505 474 1541 ‘Deo
498 1516 608 1548 peccata
633 1519 681 1547 per
706 1511 910 1539 confessionem
934 1511 1027 1539 audita
1049 1512 1098 1548 (α),

309 1556 396 1584 fuisse
409 1564 530 1593 unquam
548 1555 717 1592 provulgata,
733 1563 769 1583 ne
789 1563 836 1591 per
851 1555 924 1583 illam
949 1556 1099 1584 traductio-

308 1610 372 1630 nem
394 1602 516 1638 rcliquos
529 1601 564 1629 ab
578 1600 762 1636 exomologesi
784 1605 961 1636 peccatorum
979 1601 1100 1629 deterre-

310 1653 362 1679 ret.
378 1654 544 1682 omnemque
558 1654 633 1682 spem
651 1646 777 1674 sanitatis
794 1645 987 1680 recuperanda:
1004 1646 1100 1680 praeci-

308 1693 394 1720 deret.
419 1692 475 1721 Nos
497 1699 606 1727 queque
629 1691 738 1719 tametsi
760 1690 842 1727 τωο
865 1691 958 1726 lapsus
982 1691 1098 1718 aliorum

309 1738 513 1775 (undecunque)
532 1738 687 1773 cognitione
703 1737 923 1773 praeceperimus,
939 1742 1100 1765 cunctemur

306 1790 399 1813 tamen
414 1783 590 1819 peccantibus
604 1790 711 1811 errores
728 1783 875 1818 objectare,
890 1783 957 1819 quin
975 1791 1024 1819 per
1040 1791 1099 1811 am-

308 1832 393 1866 bages
413 1836 441 1858 et
469 1829 616 1865 aanigmata
636 1830 729 1865 potius
751 1829 812 1858 illos
834 1829 1097 1862 circumveniamus,

308 1882 335 1905 ct
354 1877 388 1905 ad
412 1876 587 1912 aperiendam
612 1876 810 1903 conscientiam
831 1875 1026 1911 impellamus:
1049 1876 1099 1904 do-

308 1928 408 1951 nantur
419 1922 491 1951 enim
512 1930 527 1949 a
540 1922 596 1950 Deo
611 1922 689 1949 venia
708 1929 761 1949 non
776 1929 868 1957 parva,
885 1929 947 1949 cum
961 1922 1032 1958 apud
1050 1929 1100 1949 nos

309 1970 394 1997 animi
416 1976 503 1997 noxas
524 1972 676 2004 exponunt.
699 1967 766 1996 Post
783 1967 984 1996 confessionem
1006 1973 1098 1996 autem

308 2016 406 2051 majori
426 2022 508 2051 quam
530 2019 610 2043 antea
634 2022 700 2042 cura
712 2018 740 2042 et
762 2014 947 2042 familiaritate
960 2022 1007 2043 cos
1022 2022 1098 2042 com-

308 2064 479 2099 plectemur:
504 2061 652 2097 plurimum
674 2061 749 2089 enim
767 2061 819 2088 hac
843 2062 951 2089 ratione
975 2068 1028 2097 qua
1046 2060 1099 2089 ﬁde

307 2117 371 2146 erga
392 2116 454 2142 nos,
478 2115 531 2144 qua
554 2108 686 2135 charitate
712 2107 871 2142 proﬁciunt.
904 2106 1097 2135 Exhibendum

308 2157 363 2185 illis
382 2156 466 2183 etiam
486 2162 502 2182 a
519 2154 600 2183 nobis
624 2154 765 2182 altissimae
787 2153 982 2182 submissionis
1005 2161 1098 2181 exem—

308 2203 394 2238 plum,
422 2205 449 2229 et.
472 2198 588 2229 docendi
613 2200 695 2228 simul
714 2200 754 2227 uti
776 2200 894 2227 revereri
913 2207 1025 2235 quoque
1047 2207 1098 2228 nos

1149 274 1209 301 000‘.
1220 275 1346 301 δίδονται.
1364 275 1551 310 Σκοπήσωμεν
1566 276 1612 302 καὶ
1626 277 1776 313 τηρήσωμεν
1789 281 1830 308 καὶ
1839 286 1893 313 mni,

1149 328 1240 355 σωμεν
1252 320 1285 347 ιι,
1305 320 1337 347 οὐ
1367 320 1420 356 γὰρ
1451 308 1571 347 νπάντοτε
1587 320 1617 347 τδ
1756 325 1770 350 ὁ

1149 366 1306 401 προκρίνειν
1318 365 1432 401 ὀφείλει,
1449 365 1494 392 διὰ
1507 367 1556 401 τὴν
1571 366 1719 395 ἀσθένειαν.
1732 367 1800 397 Εἶδον
1808 373 1854 407 trib
1863 376 1896 403 δύο

1147 410 1343 446 δικαζομένους
1366 411 1443 447 παρὰ
1459 413 1592 447 πανσύῳῳ
1611 414 1699 449 κριτῇ,
1715 415 1759 441 καὶ
1779 416 1818 444 τὸν
1828 419 1895 447 ἄδικον

1148 456 1187 488 ὡς
1204 457 1368 492 κουφότερον
1391 457 1497 484 δίκαιον
1524 457 1699 492 ἀνηγόρευσε,
1720 459 1762 487 τὸν
1782 461 1807 488 δὲ
1820 463 1897 493 δίκαιον

1148 502 1253 535 ἄδικον,
1274 501 1311 534 ὡς
1334 503 1465 539 ἀνδρεῖον,
1484 504 1531 530 καὶ
1547 503 1664 539 εῡψυχον
1686 506 1853 542 κατεδίκασεν,
1867 511 1897 538 ἵνα

1150 547 1188 583 μὴ
1205 548 1250 575 διὰ
1263 548 1437 584 δικαιοσύνης
1452 549 1537 576 πλείω
1553 549 1575 566 ⁵³
1587 550 1619 576 τὺ
1631 550 1731 585 σχίσμα
1742 552 1848 587 γένηται·
1861 556 1898 583 ἰδία

1150 592 1242 628 μέντοι
1257 593 1305 620 καὶ
1318 594 1402 630 χωρὶς
1417 594 1451 621 τὰ
1464 596 1550 621 οίκεῖα
1567 595 1674 630 ἑκάστῳ
1688 586 1846 631 ἐφησενξκαὶ
1861 586 1897 634 μ.άέ

1149 639 1228 665 λιστα
1239 639 1278 674 τῷ
1290 639 1493 675 ψυχονοσοῦντι.
1506 640 1601 667 Πεδίον
1614 641 1663 676 μὲν
1674 642 1812 678 χλοηφόρον
1824 646 1897 680 πρόϐα.

1151 693 1193 712 σιν
1217 686 1300 712 πᾶσιν
1320 686 1460 721 ἁρμόδιονσ
1476 686 1634 714 διδασκαλία
1657 687 1686 714 δὲ
1700 688 1745 715 καὶ
1765 689 1842 721 ἐξόδου
1853 692 1898 719 ὑπέ-

1152 738 1261 765 μνησις,
1278 731 1346 756 πᾶσι
1361 730 1480 765 λογικοῖς
1496 731 1702 767 προσφυεστέρα
1716 732 1850 769 καθέστηκε
1861 738 1897 762 πίε

1150 784 1200 803 σαν
1228 775 1323 812 ψώραν
1352 776 1478 803 ίάσασθαι
1506 777 1653 812 δυναμένη.
1689 777 1836 813 Ἐπὶσκεψαι
1856 783 1899 813 τοὺς

1150 821 1295 857 εὐψύχους,
1321 822 1369 848 καὶ
1391 822 1507 858 ἀτίμαζε
1525 822 1587 857 είκῆ
1605 823 1739 858 παρουσίᾳ
1748 823 1769 839 δ”
1786 825 1832 851 τῶν
1844 827 1899 853 ἀσθε-

1150 868 1214 901 νῶν,
1233 868 1276 895 ἴνα
1286 868 1334 894 καὶ
1348 868 1382 894 δι’
1393 868 1487 903 ἑτέρου
1501 869 1661 904 φαρμάκου,
1677 869 1707 895 τὸ
1720 870 1807 905 ἐτέρου
1821 872 1899 906 τραῦμα

1151 914 1334 951 ϐεραπεύσῃς,
1362 915 1410 942 καὶ
1437 915 1589 950 βασταγοὺς
1603 916 1626 931 ⁵⁵
1646 916 1708 948 τοὺς
1722 915 1837 949 ἐκλύτους
1853 915 1899 945 εἶναι

1150 961 1310 997 παιδεύσῃς
1331 961 1450 997 οὐδαμοῦ
1474 962 1540 994 Θεὸς
1561 961 1779 998 ἐξομολογήσεως
1803 963 1899 995 ἀκούσας,

1150 1006 1333 1042 δημοσιεύσας
1350 1007 1485 1041 φαίνεται,
1499 1008 1542 1034 ἵνα
1557 1008 1595 1044 μὴ
1609 1008 1674 1039 τοὺς
1684 1007 1900 1044 ὲξωμολογημένους

1149 1053 1194 1080 διὰ
1212 1052 1259 1079 τοῦ
1271 1052 1404 1089 θριάμϐου
1420 1053 1554 1089 ἀνακόψῃ,
1570 1053 1618 1080 καὶ
1631 1053 1724 1080 λοιπὸν
1734 1054 1824 1085 αὐτοὺς
1833 1055 1901 1081 ἀνίατα

1150 1100 1238 1126 νοσεῖν
1252 1099 1461 1136 παρασκευάζῃ.
1476 1099 1535 1127 Κᾶν
1553 1099 1607 1135 γὰρ
1623 1099 1799 1135 προγνώσεως
1813 1100 1901 1135 μετέχω-

1152 1153 1212 1180 μεν,
1226 1144 1264 1180 μὴ
1276 1145 1356 1180 ἡμεῖς
1368 1146 1423 1176 τοῖς
1436 1144 1631 1180 σφαλλομένοις
1645 1144 1788 1180 σφάλματα
1800 1145 1902 1180 προείπω-

1151 1199 1212 1225 μεν,
1227 1190 1296 1217 ἀλλὰ
1313 1190 1412 1226 μᾶλλον
1426 1190 1459 1217 δι’
1474 1191 1645 1226 αἰνιγμάτων
1658 1191 1756 1222 αὐτοὺς
1769 1191 1810 1217 ἐπὶ
1824 1191 1862 1226 τὴν
1874 1191 1902 1223 ἐξ·

1150 1236 1314 1271 ομολὸγησιν
1332 1235 1561 1272 προτρεψώμεθα·
1587 1236 1696 1270 γίνεται
1721 1236 1773 1271 γὰρ
1795 1236 1869 1267 αὐτοῖς
1883 1237 1903 1262 ὲκ

1149 1282 1199 1318 τῆς
1210 1281 1278 1318 πρὸς
1292 1283 1365 1318 ἡμᾶς
1375 1282 1588 1317 ὲξαγορεύσεως,
1602 1282 1634 1308 οὺ
1649 1281 1746 1317 μετρία
1757 1282 1902 1316 συγχώρησις·

1151 1327 1350 1364 περισσοτέρας
1369 1327 1399 1354 δὲ
1424 1328 1522 1360 αὐτοὺς
1539 1328 1588 1363 τῆς
1605 1327 1705 1364 πρώην
1721 1328 1767 1355 καὶ
1781 1327 1904 1363 ἐπιμελείας

1151 1375 1197 1402 καὶ
1210 1374 1366 1410 παρρησίας
1378 1374 1428 1410 τῆς
1441 1374 1508 1410 πρὸς
1519 1375 1594 1410 ἡμᾶς
1608 1374 1680 1410 μετὰ
1690 1375 1739 1410 τὴν
1752 1374 1904 1410 ἐξομολόγησιν

1150 1420 1322 1456 ἀξιώσωμεν·
1341 1421 1467 1456 μεγάλως
1488 1421 1544 1456 γὰρ
1573 1420 1605 1447 ὲκ
1634 1421 1732 1447 τούτου
1756 1421 1793 1453 είς
1807 1419 1851 1455 τὴν
1860 1419 1905 1455 πρὸς

1150 1466 1225 1501 ἡμᾶς
1237 1466 1328 1492 πίστιν
1346 1466 1393 1492 καὶ
1411 1465 1522 1500 ἀγάπην
1537 1465 1736 1500 προκόπτουσι·
1752 1466 1795 1492 καὶ
1807 1465 1905 1492 δεικνύειν

1150 1512 1240 1543 αὐτοῖς
1254 1511 1339 1538 τύπον
1352 1511 1542 1543 ταπεινώσεως
1555 1511 1644 1547 ἄκρας
1661 1511 1810 1547 ὀφείλομεν·
1825 1511 1863 1539 καὶ
1875 1511 1905 1545 er}-

1151 1558 1197 1585 6ον
1211 1558 1239 1584 δὲ
1254 1557 1322 1593 πρὸς
1334 1557 1408 1593 ἡμᾶς
1421 1556 1493 1593 ἔχειν
1506 1557 1604 1589 αὐτοὺς
1621 1557 1845 1594 ἐκπαιδεύσωμεν.
1858 1557 1905 1591 ’ομ

1152 1603 1189 1639 μή
1207 1612 1264 1635 πως
1282 1603 1299 1638 ὴ
1315 1602 1385 1638 ὑπὲρ
1400 1603 1496 1639 χρείαν
1510 1611 1557 1630 σου
1574 1603 1604 1630 ἐν
1620 1604 1678 1636 τοῖς
1700 1604 1755 1636 σοῖς
1767 1602 1906 1632 ταπείνωσις,

1150 1649 1289 1685 ἄνθρακας
1314 1648 1399 1684 πυρὸς
1420 1649 1466 1675 ἐπὶ
1486 1648 1536 1684 τὴν
1552 1648 1676 1684 κεφαλὴν
1696 1648 1750 1675 τῶν
1762 1648 1854 1674 τέκνων
1866 1655 1907 1672 συν·

1150 1695 1252 1731 αγάγῃ·
1274 1694 1303 1721 ἐν
1328 1694 1414 1721 ἆπασί
1438 1703 1469 1721 σε
1494 1695 1698 1730 ὑπομονητικὸν
1719 1694 1777 1721 δέον
1798 1693 1907 1729 ὑπάρχειν.

1152 1740 1221 1775 πλὴν
1241 1740 1290 1775 τῆς
1312 1739 1366 1766 τῶν
1388 1739 1543 1775 λεγομένων
1558 1741 1716 1775 παρακοῆς·
1737 1738 1867 1772 ἐπίσκεψαι
1884 1736 1907 1770 μὴ

1151 1794 1209 1818 πως
1222 1786 1250 1813 ὲν
1267 1785 1306 1821 τῷ
1322 1785 1360 1821 σῷ
1372 1785 1449 1822 ἀγρῷ
1463 1785 1522 1821 ὕψει
1532 1785 1631 1821 δένδρα
1646 1785 1697 1820 τὴν
1709 1784 1761 1820 γῆν
1776 1780 1909 1818 καταργοῦν·

1150 1842 1194 1865 τα,
1211 1832 1239 1859 ὲν
1254 1832 1336 1868 ἑτέρᾳ.
1352 1832 1380 1859 δὲ
1396 1832 1460 1864 ἴσως
1476 1831 1692 1867 καρποφορῆσαι
1711 1830 1849 1865 δυνάμενα,
1860 1828 1909 1860 ᾇπερ

1150 1879 1184 1905 δι’
1198 1878 1372 1914 ἀγαπητικῆς
1386 1877 1567 1908 ἀναπαύσεως
1577 1875 1600 1892 ⁸⁸
1613 1875 1809 1912 μεταιρυτεύειν
1822 1875 1850 1908 τῇ
1863 1880 1910 1906 συμ-

1152 1925 1232 1960 ϐουλῇ
1249 1924 1287 1959 μὴ
1299 1922 1534 1960 παραιτησώμεθα
1548 1923 1578 1949 τὺ
1592 1923 1739 1958 παράπαν.
1758 1922 1843 1947 Ἔστιν
1852 1920 1910 1945 ὅτεὲγ

1150 1970 1295 2002 ἀνοικείοις
1314 1969 1362 1997 καὶ
1379 1969 1530 2004 φιληδόνοις
1553 1968 1649 2000 τόποις
1679 1968 1695 2004 ἦ
1724 1964 1910 1998 πολιτικωτέρας

1150 2017 1200 2052 τὴν
1225 2015 1325 2052 ἀρετὴν
1351 2015 1365 2042 ὸ
1390 2013 1530 2049 προεστὼς
1554 2013 1759 2048 κατεργάζεται
1783 2009 1910 2038 ἀκινδύνως.

1150 2063 1291 2091 Σκοπείτω
1305 2061 1394 2088 τοίνυν
1412 2061 1458 2087 ἐπὶ
1472 2060 1520 2095 τὴν
1539 2059 1593 2086 τῶν
1612 2060 1782 2095 θρεμμάτων
1797 2054 1909 2089 ὑποδοχήν·

1150 2109 1180 2137 οὐ
1198 2108 1253 2145 γὰρ
1275 2108 1348 2134 πᾶσα
1364 2105 1506 2142 ἀποτροπὴ
1527 2105 1760 2141 καὶ-παραίτησις
1787 2101 1854 2137 παρὰ
1871 2098 1911 2131 θεῷ

1150 2154 1307 2190 ἀπείρηται.
1321 2154 1353 2180 Εἰ
1369 2152 1419 2188 μὲν
1436 2152 1552 2187 ἡσυχίας
1569 2151 1692 2186 ψυχικῆς
1713 2152 1727 2177 ὁ
1753 2149 1838 2184 ἰατρὸς
1854 2145 1909 2172 εὐπύ-

1152 2202 1204 2237 ρεῖ,
1225 2201 1255 2227 οὺ
1277 2199 1403 2226 τοσοῦτον
1424 2198 1474 2233 τῆς
1494 2198 1659 2232 σωματικῆς
1677 2196 1746 2233 πρὸς
1764 2194 1810 2230 τὴν
1828 2192 1871 2219 τῶν
1884 2197 1911 2214 νο-

308 2237 424 2276 discant.
441 2247 512 2275 Cave
536 2251 625 2274 tamen
643 2247 671 2274 in
691 2252 738 2274 tuo
757 2245 857 2279 officio,
881 2254 915 2274 ne
931 2251 956 2274 te
972 2246 1042 2274 intra
1056 2247 1096 2274 le-

1152 2247 1269 2275 σούντων
1302 2246 1391 2272 δέεται
1426 2243 1603 2279 ἐπιμέλειαν·
1638 2244 1663 2269 εἰ
1692 2243 1721 2269 δὲ
1742 2242 1789 2276 τῆς
1808 2237 1910 2275 προτέρας

309 2299 368 2330 gem
387 2299 413 2322 et
438 2301 518 2321 usum
533 2293 656 2329 abjicias,
671 2297 698 2320 ct
713 2293 850 2321 carbones
870 2293 997 2320 ardentes
1016 2301 1099 2328 super

309 2345 391 2376 caput
410 2340 529 2367 ﬁliorum
553 2344 683 2375 Congeras
698 2345 720 2366 ε.
738 2338 899 2367 Patientiam
922 2339 948 2367 in
972 2338 1099 2367 omnibus

309 2394 422 2420 exerce;
436 2392 575 2422 nunquam
587 2390 677 2414 tamen
695 2385 769 2413 feras
789 2385 1003 2413 contumaciam.
1028 2386 1099 2413 Cave

310 2441 343 2461 ne
358 2433 450 2461 videas
468 2433 496 2460 in
514 2433 593 2460 horto
614 2437 662 2460 tuo
682 2433 780 2468 Stirpes
797 2440 857 2468 quae
874 2436 974 2459 terram
997 2432 1098 2459 frustra

309 2484 454 2515 occupent,
471 2487 531 2515 qua:
551 2478 651 2507 alicubi
675 2478 791 2507 fortasse
818 2478 924 2506 feraces
942 2478 1041 2506 futurae
1060 2480 1102 2506 vi-

1150 2293 1260 2330 ἀμοιρεί
1280 2293 1313 2328 τῇ
1328 2291 1443 2326 δευτέρᾳ
1460 2291 1591 2325 χρήσεται
1612 2289 1647 2316 ⁸⁷.
1666 2288 1751 2316 Οὐδὲν
1776 2281 1911 2330 οὕτωνπαξὶ

1150 2326 1210 2375 Θεῷ
1219 2326 1312 2374 -δῶρον
1325 2337 1389 2373 παρ’
1403 2336 1484 2372 ἡμῶν
1502 2335 1696 2367 εὐαπόδεκτον,
1709 2334 1747 2366 ὡς
1757 2333 1787 2359 τὸ
1798 2329 1873 2367 ψυχὰς
1881 2326 1911 2353 σθ’

1150 2386 1190 2422 τῷ
1200 2384 1311 2419 λογικὰς
1323 2383 1367 2410 διὰ
1386 2382 1530 2418 μετανοίας
1546 2381 1727 2417 προσφέρειν
1747 2381 1800 2410 πᾶς
1814 2379 1826 2404 ὁ
1838 2375 1913 2422 κῦςμξξ

1151 2417 1242 2465 ψυχῆς
1261 2429 1310 2455 οὐκ
1331 2417 1464 2460 ἀντάξιος·
1490 2427 1505 2453 ὁ
1529 2426 1579 2461 μὲν
1601 2426 1658 2461 γὰρ
1686 2420 1875 2461 παροίχετανή
1894 2417 1913 2443 δὲ

1155 2477 1293 2511 ἄφθαρτος
1311 2475 1358 2501 καὶ
1373 2473 1446 2500 ἐστιν
1460 2473 1507 2500 καὶ
1523 2473 1660 2508 διαμένει.

309 2527 433 2559 deantur,
459 2527 506 2553 lras
527 2532 679 2561 opportune
698 2531 725 2554 et
745 2526 850 2561 placide
873 2534 935 2554 cum
958 2524 1156 2560 signiﬁcatione
1177 2522 1280 2550 amoris
1308 2521 1423 2548 evellere
1443 2525 1470 2547 et
1502 2518 1656 2546 transferre
1692 2517 1795 2545 meliori
1825 2511 1914 2542 consilio

308 2580 342 2599 ne
353 2572 518 2600 dubitemus.
545 2571 593 2599 Est
616 2579 678 2600 cum
703 2572 726 2599 is
753 2573 800 2607 qui
823 2576 930 2606 pnecst,
955 2572 982 2598 in
1009 2579 1102 2608 parum
1133 2570 1205 2606 aptis
1228 2566 1346 2604 [alienis]
1373 2570 1400 2593 et
1428 2565 1625 2592 amcenioribus
1655 2561 1914 2608 commodioribusque

311 2620 377 2647 locis
391 2618 517 2647 virtutem
535 2625 662 2647 exercere
676 2605 848 2646 commodius
864 2623 891 2645 et
904 2619 963 2646 sine
975 2605 1098 2653 periculo.
1112 2605 1211 2655 potest.
1236 2614 1365 2642 Attendat
1391 2620 1455 2647 ergo
1485 2616 1577 2647 pastor
1611 2611 1639 2638 in
1665 2609 1785 2638 alumnis
1809 2605 1914 2641 recipien-

343 2713 355 2728 ι*
383 2707 456 2736 Psal.
481 2707 623 2740 txxv,l‘2.
662 2713 672 2726 s
701 2706 781 2733 Rom.
810 2715 859 2740 xu,
886 2706 932 2734 20.

343 2789 367 2804 “
388 2789 464 2815 πότε.
500 2788 523 2804 ⁸⁸
548 2788 641 2814 πλεῖον
678 2786 820 2813 πλειόνων.
858 2785 880 2800 ³³
901 2786 929 2812 ὲν
954 2785 1100 2820 παρουσία.

308 2824 405 2852 tertius
418 2824 608 2854 ἀνασπάσεως.
646 2823 669 2838 ⁸⁷
684 2821 840 2856 κεχρήςθω.

1137 2784 1159 2799 η
1175 2782 1314 2818 στερροὺς.
1354 2782 1375 2797 ’θ
1399 2779 1578 2811 ἀναπαύσεως
1602 2778 1661 2807 duo
1694 2777 1809 2808 codices,
1837 2769 1910 2800 melius

345 2906 384 2943 (σε)
397 2905 475 2939 Quod
501 2904 572 2932 lleus
594 2911 656 2932 eum
672 2903 750 2938 cujus
773 2902 974 2931 confessionem
1003 2902 1098 2935 audiit,
1118 2901 1225 2936 publice
1241 2902 1403 2930 traduxerit.
