4030 6428
391 353 530 422 11.97
1616 335 1851 400 LIBER
1892 334 1991 394 AD
2016 329 2437 392 PASTOREM.
2984 345 2988 348 ι
3511 316 3648 383 1198

381 474 508 540 dis;
541 482 719 539 neque
748 465 892 520 enim
915 462 1098 518 omnis
1142 455 1420 514 recusatio
1449 461 1504 509 et
1534 449 1754 520 repulsa
1817 460 1850 500 a
1887 443 2123 505 Numine
2155 449 2240 497 est
2291 437 2597 540 interdicta.
2641 435 3200 540 Medicus—religiosa
3249 433 3649 540 animi-quiete

381 532 703 629 abundans,
763 563 829 617 ἰι
883 557 1158 616 curandos
1212 567 1388 624 aegros
1439 549 1583 604 haud
1641 556 1975 614 magnopere
2028 539 2295 610 indigebit
2351 537 2536 608 quiete
2561 537 2832 607 corporis.
2867 535 2926 591 Si
2955 534 3046 629 illa
3096 533 3359 629 caruerit,
3400 532 3486 629 his
3528 540 3652 629 ute-

538 625 754 718 Nullu'm
784 657 894 711 Deo
926 668 1126 709 munus
1150 667 1179 705 a
1217 649 1376 704 nobis
1415 645 1625 716 gratius
1671 639 1858 696 υσθΠὶ
1919 645 2117 706 potest,
2171 644 2336 704 atque
2379 647 2504 692 cum
2575 633 2789 687 animas
2839 629 2919 686 illi
2977 626 3245 723 adyﬁsl
3277 625 3650 723 pteuitentiam

379 715 653 814 deductas
679 760 1091 808 consecramus.
1123 743 1240 798 Non
1263 751 1351 798 est
1374 715 1510 794 tanti
1564 743 1712 790 totus
1767 730 2026 795 mundus,
2061 742 2224 798 quam
2267 725 2503 796 pretium
2543 725 2708 781 unius
2762 723 2959 779 anima:
2991 721 3122 778 :ille
3147 717 3364 782 transit,
3404 717 3524 774 haec
3551 715 3654 770 im-

384 849 642 907 mortalis
670 849 754 902 est'
783 853 838 900 et
857 851 1083 899 aeterna.

925 959 1036 1013 ΕΙΣ
1071 956 1322 1012 ΚΕΦΑΛ.
1348 953 1448 1008 Il"-

995 1050 1255 1119 Σχόλίον
1294 1053 1363 1101 α’.

465 1145 783 1219 Σημείωσαι
829 1143 912 1196 ὅτι
963 1141 1045 1194 δεῖ
1105 1141 1233 1202 τοὺς
1291 1135 1572 1206 ἀγενείους
1639 1131 1775 1197 ἰδίας
1831 1131 1977 1202 ἔχειν

385 1240 627 1304 διαίτας,
675 1236 770 1290 καὶ
816 1234 1081 1304 οἰκήσεις,
1126 1230 1203 1294 ὥς
1261 1244 1426 1299 φησιν
1490 1229 1518 1281 ὁ
1587 1226 1761 1296 μέγας
1815 1222 1978 1276 Βασί-

385 1332 450 1384 λε
461 1349 558 1396 ιος.

1050 1418 1094 1470 Σ
1095 1415 1327 1483 χόλιον.

470 1511 608 1584 Περὶ
667 1509 874 1563 παίδων
937 1507 1088 1575 λέγει
1146 1504 1372 1574 ἀγωγῆς
1431 1499 1528 1555 καὶ
1589 1497 1880 1568 ὑποδοχῆς,
1943 1495 1976 1567 ἢ

383 1606 495 1660 καὶ
523 1602 697 1657 ἄλλων
729 1585 1014 1670 ἀγενείων,
1046 1596 1132 1650 ἴνα
1175 1590 1276 1648 ὦσι
1307 1589 1705 1664 κεχωρισμένοι
1741 1589 1854 1650 τοῖς
1893 1585 1980 1639 τό·

388 1716 543 1763 ποις.

1012 1782 1275 1852 Σχόλιον
1304 1778 1372 1850 β’.

472 1881 554 1933 Τὰ
580 1875 872 1949 σωματικά
894 1872 1044 1942 πάθη
1069 1870 1240 1941 λέγει·
1267 1870 1457 1939 ὥσπερ
1481 1865 1591 1936 γάρ
1622 1864 1650 1917 ὁ
1672 1865 1753 1928 εἰς
1778 1861 1984 1934 ἀρετὴν

393 1975 618 2043 ἀνάγων
645 1966 1028 2040 στεφανοῦται,
1057 1964 1161 2019 κᾶν
1189 1963 1264 2034 μὴ
1294 1960 1541 2032 διανύσῃ,
1569 1957 1629 2011 τὸ
1651 1956 1761 2027 γὰρ
1789 1951 1982 2008 ἑαυτοῦ

399 2064 787 2134 πεπλήρωκεν·
823 2059 967 2112 οὕτω
998 2055 1094 2112 καὶ
1134 2055 1164 2108 ὁ
1193 2057 1273 2119 εἰς
1304 2051 1502 2108 κακίαν
1515 2049 1789 2117 ’άλείςρων,
1821 2045 1983 2134 κολά-

403 2129 720 2216 ζεταιξκᾶν
750 2148 911 2222 μηδὲν
953 2146 1147 2219 ἰσχύσῃ
1169 2162 1182 2176 ·
1217 2143 1280 2199 τὺ
1306 2142 1415 2214 γὰρ
1456 2138 1651 2194 ἑαυτοῦ
1701 2138 1793 2192 καὶ
1826 2129 1983 2200 οὗτος

402 2243 685 2314 ἐποίησεν.

1005 2422 1267 2491 Σχόλιον
1311 2425 1380 2489 γ’.

477 2518 600 2572 Τῶν
632 2516 906 2591 δακρύων,
938 2517 1033 2570 καὶ
1069 2515 1178 2568 τῶν
1218 2509 1561 2581 στεναγμῶν
1599 2506 1899 2562 αἰνίττεται
1932 2505 1990 2560 δὲ

397 2614 505 2666 καὶ
524 2612 584 2665 τὸ
613 2610 846 2680 ἄφθονον
878 2608 974 2662 καλ⁸
1001 2607 1219 2678 δαψιλὲς
1249 2605 1342 2659 καὶ
1376 2604 1688 2675 ἀείρρυτον.

1029 2701 1292 2770 Σχόλιον
1311 2698 1374 2752 δ’.

484 2799 782 2870 Γρήγόριον
823 2795 974 2864 λέγει
1022 2794 1112 2847 τὸν
1166 2789 1580 2862 θαυματουργὺν
1628 2785 1855 2857 ἡσυχίαν
1903 2783 1994 2839 διὰ

399 2889 750 2962 προστασίαν
781 2887 1060 2942 θεόσδοτον
1087 2883 1526 2962 προτιμήσαντα.

877 3073 924 3125 Σ
924 3070 1136 3140 χόλιον
1169 3066 1447 3137 Μαξίμου
1475 3071 1537 3122 ε’.
1999 3137 2002 3151 Ι

486 3163 586 3220 Ὧν
645 3165 873 3238 μετέσχε
923 3181 1007 3226 τις
1053 3163 1204 3232 παρὰ
1238 3157 1372 3213 Θεοῦ
1407 3157 1650 3226 ἀγαθῶν,
1692 3157 1784 3214 καὶ
1817 3155 1997 3222 ἄλλοις

407 3259 742 3332 μεταδοῦναι
771 3255 1052 3329 χρεώστης
1078 3253 1214 3308 ὲστίο
1245 3250 1477 3322 Δωρεὰν
1515 3253 1646 3324 γὰρ,
1677 3254 1831 3323 φησὶ,
1855 3251 1998 3306 ἐλά-

405 3354 569 3415 ϐετε,
616 3349 845 3419 δωρεὰν
872 3333 1030 3401 δότεέ
1073 3346 1134 3400 Ὀ
1174 3345 1284 3417 γὰρ
1327 3346 1431 3400 ὑπὸ
1461 3346 1565 3416 γῆν
1604 3343 1862 3417 κρύπτων
1889 3344 2001 3417 τὴν

2001 924 2048 978 Α

2634 935 2726 990 AD
2763 934 2918 993 CAP.
2948 933 3087 990 Xlll.

2692 1027 2944 1084 Scholion
2974 1029 2999 1081 1
3014 1069 3028 1082 .

2147 1119 2392 1176 Observa
2425 1119 2697 1176 imberbes
2730 1122 2949 1190 prepria
2980 1120 3181 1176 debere
3207 1129 3262 1176 et
3292 1122 3590 1177 (εωηειοιιια.
3605 1131 3659 1178 et

2077 1213 2352 1268 domicilia
2419 1213 2641 1280 habere,
2704 1213 3163 1282 quemadmodum
3217 1214 3377 1269 docet
3430 1230 3660 1285 magnus

2080 1303 2334 1359 Basilius.

2781 1395 2965 1450 Aliud.

2155 1486 2229 1541 De
2259 1501 2555 1556 puerorum
2597 1485 2924 1542 educatione
2947 1495 3003 1542 et
3026 1485 3372 1556 susceptione
3401 1487 3662 1556 loquitur,

2085 1587 2180 1633 aut
2212 1588 2265 1632 et
2294 1579 2360 1633 de
2394 1579 2461 1634 iis
2498 1578 2592 1648 qui
2624 1577 2743 1633 lasvi
2782 1592 2878 1632 ore
2915 1586 2970 1632 et
3015 1576 3289 1633 imberbes
3324 1587 3473 1643 sunt,
3519 1579 3664 1647 quod

2085 1671 2208 1726 loco
2225 1670 2341 1743 ‘siut
2363 1670 2674 1742 separandi.

2707 1759 2956 1817 Scholion
2982 1762 3036 1816 2.

2156 1855 2233 1912 De
2273 1857 2458 1927 pravis
2496 1855 2744 1928 corporis
2784 1855 3177 1926 cupiditatibus
3221 1855 3353 1925 agit.
3397 1854 3670 1923 Quemad-

2085 1949 2309 2005 modum
2360 1950 2507 2005 enim
2551 1950 2643 2020 qui
2693 1949 2760 2004 ad
2810 1948 3070 2004 virtutem
3117 1948 3252 2004 alios
3308 1949 3668 2015 adhortatur,

2086 2041 2338 2110 quamvis
2373 2040 2426 2095 id
2456 2041 2603 2111 quod
2640 2040 2755 2094 vult
2779 2039 2890 2094 non
2923 2047 3269 2109 assequatur,
3295 2047 3477 2094 tamen
3510 2055 3669 2095 coro-

2087 2147 2217 2187 nam
2251 2132 2508 2204 accipiet,
2559 2131 2690 2188 fecit
2727 2131 2873 2187 enim
2924 2131 3069 2201 quod
3104 2131 3281 2201 potuit
3316 2147 3330 2185 :
3376 2130 3450 2186 ita
3477 2133 3570 2203 qui
3603 2133 3671 2186 ad

2089 2223 2356 2294 ﬂagitium
2391 2224 2606 2290 incitat,
2638 2223 2916 2294 punietur,
2941 2224 3193 2294 quamvis
3224 2224 3500 2281 incitando
3536 2226 3672 2280 nihil

2090 2315 2361 2386 proﬁciat,
2390 2315 2520 2373 fecit
2552 2317 2698 2373 enim
2725 2325 2783 2372 et
2821 2317 2940 2386 ipse
2968 2316 3115 2386 quod
3139 2316 3332 2372 voluit.

2718 2406 2968 2464 Scholion
2993 2410 3049 2464 5.

2165 2500 2562 2572 Lacrymarum
2594 2511 2650 2558 et
2685 2501 3010 2580 gemituum,
3039 2500 3349 2558 subindicat
3379 2509 3561 2558 autem
3589 2517 3676 2559 co-

2093 2593 2239 2663 piam
2272 2602 2328 2649 et
2355 2593 2579 2650 delicias
2613 2601 2670 2649 et
2696 2591 2903 2648 fontem
2930 2607 3146 2664 semper
3179 2593 3490 2651 salientem.

2610 2678 2620 2688 ’
2729 2683 2977 2739 Scholion
2997 2685 3053 2740 4.

2167 2776 2488 2847 Gregorium
2535 2776 2985 2849 thaumaturgum
3039 2792 3136 2834 seu
3171 2777 3564 2836 miraculorum
3594 2779 3674 2837 el"-

2097 2871 2358 2926 l'ectorem
2408 2870 2681 2943 intelligit,
2713 2871 2806 2940 qui
2845 2880 3065 2944 propter
3093 2887 3278 2929 curam
3313 2874 3678 2948 episcopalem

2097 2977 2128 3018 a
2160 2963 2270 3020 Deo
2289 2963 2472 3019 datam
2507 2965 2859 3022 solitudinem
2901 2967 3164 3038 martyrio
3196 2969 3452 3038 praetulit.

2598 3056 2850 3113 Scholion
2881 3058 3110 3113 Maximi
3137 3060 3187 3115 5.

2171 3147 2274 3216 Qui
2329 3165 2359 3204 a
2398 3149 2510 3206 Deo
2554 3151 2825 3207 bonorum
2874 3151 3148 3222 particeps
3191 3161 3276 3209 est
3324 3153 3524 3220 factus,
3558 3156 3683 3224 jure

2101 3241 2260 3297 debet
2287 3243 2476 3298 eadem
2519 3242 2639 3299 aliis
2689 3244 2998 3313 impertiri:
3045 3243 3250 3312 Gratis,
3296 3245 3495 3317 inquit,
3532 3263 3684 3300 acce—

2100 3334 2273 3402 pistis,
2309 3336 2478 3407 gratis
2508 3335 2632 3391 date
2669 3337 2710 3391 ί.
2733 3335 2837 3404 Qui
2862 3339 3008 3393 enim
3038 3339 3298 3394 talentum
3335 3355 3496 3397 suum
3534 3342 3687 3396 humi

397 3445 647 3518 δωρεὰν,
673 3444 747 3518 ὡς
776 3441 1011 3514 σκληρὸν
1037 3440 1313 3494 διαϐάλλει
1341 3439 1432 3492 τὸν
1463 3438 1668 3510 κύριονο
1703 3435 1876 3508 φειδοῖ
1902 3435 2005 3508 τῆς

2116 3425 2334 3492 defodit,
2360 3429 2645 3484 dominum
2672 3445 2833 3485 suum
2865 3442 2924 3485 ut
2949 3430 3148 3487 durum
3178 3441 3232 3488 et
3264 3441 3544 3489 austerum
3577 3435 3688 3488 cri-

411 3538 622 3610 σαρκδς
668 3517 768 3608 τὴν
820 3536 1021 3607 ἀρετὴν
1069 3534 1455 3606 ὲξομνύμενος’
1507 3533 1536 3584 ὁ
1577 3531 1634 3586 δὲ
1672 3529 2004 3600 πιπράσκων

2116 3518 2370 3575 minatur.
2415 3519 2519 3588 Qui
2571 3522 2829 3578 virtutem
2866 3523 3131 3594 ejuravit,
3194 3525 3348 3579 carni
3390 3525 3688 3582 blanditur.

399 3609 637 3702 ἐχθροῖς
668 3627 769 3700 τήν
805 3626 1086 3698 ἀλήθειαν,
1122 3609 1349 3696 ὕστερον
1393 3623 1554 3688 ἁλοὺς
1585 3622 1662 3685 ὡς
1706 3619 2000 3691 φιλόδοξος,
2031 3624 2043 3674 1

2116 3609 2210 3678 Qui
2243 3613 2492 3671 hostibus
2515 3617 2797 3673 veritatem
2827 3617 3031 3683 vendit,
3068 3627 3257 3688 postea
3297 3628 3356 3674 ut
3382 3635 3537 3674 vanze
3571 3621 3692 3674 lau-

405 3723 504 3794 ,μὴ
537 3722 718 3794 φέρων
747 3719 844 3792 τὴν
873 3719 1136 3788 αἰσχύνην
1163 3716 1490 3786 ἀπάγχεται.

2116 3705 2193 3759 dis
2220 3722 2349 3762 reus
2384 3717 2581 3779 captus
2602 3718 2706 3774 est,
2751 3717 2805 3764 et
2839 3708 2968 3764 dum
3008 3709 3365 3782 ignominiam
3419 3710 3691 3782 sustinere

1291 3827 1300 3833 ς
2111 3814 2220 3852 non
2246 3808 2440 3869 potest,
2470 3801 2756 3871 suspendit
2777 3816 2856 3857 se.

1015 4053 1266 4108 ΚΕΦΑΛ.
1309 4052 1384 4105 ῐΔ⁹
1395 4091 1408 4106 .

2649 4047 2813 4120 492
2837 4047 2992 4105 CAP.
3019 4047 3160 4104 xw.

1507 4166 1720 4248 Quanta
1754 4183 1884 4221 cura
1908 4166 2114 4236 [orendi
2147 4165 2367 4235 subjecti
2391 4173 2442 4220 et
2481 4165 2611 4221 alia.

510 4268 710 4324 Οὐκοῦν
770 4267 844 4340 μὴ
900 4264 1184 4340 paxdptCa/
1213 4265 1338 4328 τοὺς
1396 4264 1682 4341 χρήματα,
1747 4262 2008 4339 μακάριε,

425 4361 570 4415 ἀλλὰ
614 4362 738 4422 τοὺς
786 4357 1035 4429 πρόϐατα
1081 4356 1278 4425 λογικά
1315 4354 1535 4427 Χριστῷ
1576 4354 2009 4426 προσφέροντας.

431 4456 704 4524 Ἀμωμον
749 4451 809 4504 τὸ
837 4449 1198 4518 ὁλοκαύτωμα
1237 4447 1401 4511 ποίει,
1434 4447 1556 4502 ἐπεὶ
1588 4446 1740 4500 οὐδὲν
1788 4445 2015 4499 σεαυτὸν

424 4547 674 4617 ὤνησας.
708 4545 920 4615 Ὥσπερ
981 4544 1121 4595 νοεῖν
1171 4542 1278 4612 χρὴ
1323 4542 1404 4594 ὅτι
1457 4540 1557 4611 μὲν
1599 4536 2017 4606 Παραὸοθῆναι

428 4638 558 4692 ἔδει
588 4638 695 4692 τὸν
721 4637 856 4691 Υὶὸν
884 4634 992 4689 τοῦ
1017 4633 1353 4702 ἀνθρώπου,
1381 4631 1519 4686 οὐαὶ
1541 4631 1609 4684 δὲ
1629 4630 1702 4684 δι’
1731 4626 1805 4688 οὗ
1823 4644 2012 4699 παρα-

430 4729 691 4784 δέδοταιο
715 4728 858 4783 οὕτω
895 4745 986 4798 μοι
1015 4727 1126 4780 νόει
1153 4724 1248 4779 καὶ
1279 4724 1339 4778 τὸ
1369 4723 1628 4792 ἔμπαλιν,
1661 4722 1745 4775 ὅτι
1781 4722 1880 4792 μὲν
1905 4738 2008 4775 σω-

431 4821 600 4892 Θῆναι
631 4821 858 4883 πολλοὺς
877 4820 1002 4883 τοὺς
1036 4816 1499 4889 προαιρουμένους
1524 4815 1651 4878 ἔδει,
1679 4814 1708 4866 ὁ
1732 4813 1789 4866 δὲ
1825 4812 2016 4884 μισθὸς

2181 4259 2260 4316 Ne
2313 4269 2369 4316 tu
2407 4261 2564 4330 mihi,
2619 4262 2798 4328 beate,
2846 4262 3120 4320 beatiores
3168 4263 3551 4334 praedicaveris
3599 4272 3694 4339 qui

2113 4351 2224 4409 Deo
2251 4368 2446 4407 aurum
2480 4355 2683 4421 potius,
2713 4370 2877 4425 quam
2918 4355 3135 4411 ratione
3167 4355 3496 4414 informatas
3540 4360 3698 4416 litant

2118 4448 2354 4502 animas.
2396 4445 2786 4503 Holocaustum
2833 4448 3106 4519 integrum
3150 4459 3206 4505 et
3241 4449 3512 4506 illibatum
3553 4453 3696 4519 dica,

2117 4538 2560 4609 quandoquidem
2593 4539 2731 4594 nihil
2757 4540 2852 4595 tibi
2878 4540 3184 4610 prodesses.
3224 4540 3698 4608 Quemadmodum

2115 4641 2171 4687 et
2195 4632 2327 4687 illud
2357 4633 2817 4688 considerandum
2839 4641 2924 4688 est
2955 4649 2967 4685 :
2998 4633 3284 4705 Oportebat
3325 4638 3466 4690 tradi
3496 4635 3699 4694 Filium

2118 4719 2383 4784 hominis;
2408 4735 2484 4773 va:
2518 4729 2698 4773 autem
2721 4721 2804 4774 illi
2842 4737 2934 4791 per
2963 4737 3113 4791 quem
3160 4722 3390 4776 traditus
3447 4737 3525 4779 est
3570 4741 3589 4779 :
3627 4728 3702 4783 ita

2120 4802 2360 4865 vicissim
2393 4812 2591 4883 cogita,
2620 4811 2817 4868 multos
2847 4814 3067 4884 quidem
3094 4815 3160 4870 ad
3183 4815 3412 4872 salutem
3444 4827 3702 4876 aeternam

432 4913 669 4976 ἐκείνοις
712 4911 1017 4983 δοθήσεται,
1073 4910 1139 4962 δι’
1173 4902 1246 4962 ὧν
1296 4910 1328 4978 ή
1372 4907 1615 4979 σωτηρία
1654 4905 1846 4975 γέγονε
1881 4904 2020 4976 μετὰ

2122 4902 2451 4967 destinatos,
2487 4905 2584 4959 sed
2611 4905 2897 4974 praemium
2921 4921 3090 4977 penes
3123 4908 3249 4964 illos
3276 4909 3392 4964 fore
3423 4910 3515 4980 qui
3546 4912 3703 4966 alteri

431 5005 665 5078 Κύριον.
692 5006 985 5074 Δυνάμεως
1013 5005 1145 5074 ἡμῖν
1179 5002 1286 5070 πρὸ
1319 5001 1558 5064 πάντων,
1587 4992 1632 5052 ὦ
1660 5000 1829 5070 τίμιε.
1858 4998 2019 5069 χρεία

2126 5004 2252 5065 post
2301 4992 2580 5052 Christum
2617 4997 2812 5054 salutis
2856 5007 3110 5054 auctores
3145 4997 3313 5055 fuere.
3349 4999 3564 5057 Virtute
3592 5017 3706 5059 ete-

433 5058 1088 5170 πνεΓυματικῆς,¹ϊνα,ὀύς
1103 5096 1182 5158 είς
1205 5058 1273 5148 τὰ
1309 5094 1476 5162 ’Ἅγια
1502 5093 1608 5145 τῶν
1639 5058 1808 5159 ἁγίων
1835 5058 2021 5160 εἶσφέ-

2129 5087 2269 5152 lesti,
2302 5089 2611 5144 venerande
2653 5098 2828 5159 pater,
2864 5099 2991 5146 ante
3020 5091 3204 5146 omnia
3242 5093 3398 5148 nobis
3433 5108 3570 5164 Opus
3598 5105 3703 5160 est,

438 5210 560 5266 ρειν
585 5192 1021 5264 ἐπεχειρήσαμεν
1054 5187 1126 5252 ⁸⁸,
1157 5189 1250 5241 καὶ
1290 5185 1379 5240 τὸν
1418 5185 1653 5256 Χριστὸν
1697 5184 1884 5248 αὐτοῖς
1927 5182 2021 5236 ἐπὶ

2129 5179 2207 5233 uti
2237 5194 2376 5249 quos
2406 5180 2460 5236 in
2490 5180 2688 5236 Saueta
2709 5192 3024 5238 sanctorum
3049 5182 3392 5239 introducere
3413 5187 3704 5256 cmpimus,

433 5286 543 5356 τῆς
566 5285 832 5356 μυστικῆς
861 5281 1040 5337 αὐτῶν
1061 5279 1156 5333 καὶ
1177 5279 1424 5352 κρυπτῆς
1449 5277 1727 5348 τραπέζης
1749 5275 2022 5330 ἀναπαυό-

2127 5277 2184 5325 et
2207 5269 2484 5326 Christum
2515 5272 2622 5327 illis
2657 5273 2710 5327 in
2739 5273 2968 5344 mystica
2997 5274 3306 5344 appositum
3355 5289 3512 5330 coena
3549 5280 3707 5348 quie-

442 5391 609 5446 μενον
649 5371 912 5428 δεικνύειν
950 5369 1353 5440 ἐδοκιμάσαμεν
1385 5367 1450 5432 ⁵⁸,
1481 5367 1586 5430 ἕως
1619 5358 1680 5420 οὗ
1719 5367 1775 5420 ὲν
1814 5364 2017 5436 προθύ-

2127 5371 2479 5434 secutamque
2496 5366 2549 5420 iu
2577 5379 2778 5421 arcana
2795 5365 2885 5420 illa
2903 5381 3035 5422 accu
3044 5367 3258 5422 batione
3274 5368 3564 5424 ostendere
3591 5379 3706 5426 stu-

443 5482 562 5536 ροις
583 5465 682 5536 τῆς
716 5464 921 5517 εἰσόδου
954 5461 1192 5532 μάλιστα
1225 5458 1586 5528 τυγχάνωσιν,
1631 5457 1770 5510 ἐπὰν
1821 5457 2018 5528 ἴδωμεν

2127 5455 2368 5524 duimus,
2409 5474 2572 5515 manu
2611 5460 2757 5516 velut
2799 5457 3036 5516 infantes
3082 5473 3310 5528 prensos
3355 5475 3385 5514 a
3422 5463 3708 5542 COgitatio-

531 5647 547 5679 ι
595 5643 783 5699 Matth.
833 5661 888 5710 χ,
935 5640 994 5696 8.
1075 5649 1102 5676 ιι
1133 5635 1324 5691 Matth.
1369 5651 1517 5697 xxvr,
1579 5636 1666 5690 ‘24.

522 5808 571 5841 ιλ
612 5797 1032 5878 ἐδοκιμάσαμεν.
1109 5802 1152 5836 δν
1178 5801 1635 5874 ἐπεχειρήσαμεν.
