2015 3215
236 168 303 201 “99

865 167 894 196 S.
911 167 1071 198 JOANNIS
1085 169 1238 201 CLIMACI

1800 176 1872 208 1200

230 232 297 251 num
317 221 479 250 tumultibus
500 222 661 258 eripiamus,
682 221 727 248 ubi
750 220 899 249 viderimus
927 221 989 249 illos

1054 229 1062 254 ι
1077 224 1177 256 αὐτοὺς
1192 225 1244 251 ὑπὸ
1255 226 1301 252 τοῦ
1319 226 1397 262 ὄχλου
1410 227 1465 254 τῶν
1481 227 1637 263 ἐμποδίζειν
1653 231 1752 262 αὐτοὺς
1772 232 1870 266 βουλο-

215 270 336 302 “turbis,
356 273 383 297 ct
405 268 519 304 strepitu
539 267 635 295 mundi
655 274 711 302 quo
733 267 909 295 vehementer
935 268 1023 303 impe-

218 317 353 348 'diuntur,
368 313 583 350 graviteral'iligi
597 318 624 342 et
632 313 778 346 retardari,
796 313 888 348 quoad
904 314 930 341 in
945 315 1023 344 atriis

216 363 338 391 ~Domini
356 366 511 390 versentur.
527 360 604 394 Quod
623 360 646 388 si
663 360 709 395 qui
732 360 823 388 adhuc
839 361 922 389 nimis
934 362 1022 389 teneri

229 415 277 437 aut
293 409 357 444 aegri
373 409 456 436 nimis
470 407 642 438 videbuntur,
656 413 769 434 necesse
782 407 835 435 erit
847 407 910 435 illos
924 407 953 435 in
968 408 1020 436 ltu-

230 463 348 483 merosa
365 455 444 482 nobis
461 453 584 483 sublatos
601 453 670 481 ferri
688 458 715 481 et
735 454 847 489 gestari,
862 454 951 482 donec
972 462 1021 490 per

228 507 343 538 angusta
366 501 546 530 amictionum
567 502 747 537 penetrarint.
770 501 809 529 lbi
826 502 899 530 enim
923 502 1019 538 ingens

227 549 304 577 labor
333 553 361 577 et
386 548 466 576 elisio
493 548 565 576 inter
588 552 664 576 arcta
689 548 795 576 viarum
820 556 880 577 esse
900 556 1017 577 consue-

226 597 278 630 vit,
302 597 336 625 de
359 603 413 632 qua
437 596 538 624 cecinit
560 596 693 630 quidam:
716 595 772 622 Hoc
798 595 875 622 labor
896 600 934 623 est
957 601 1018 623 ante

226 643 322 678 faciem
344 651 440 676 meam,
461 642 543 670 donec
558 641 655 669 intrem
677 642 705 669 in
727 641 911 668 sanctuarium
928 641 976 669 Dei
991 648 1015 669 ν.

224 689 306 725 493
328 688 435 717 Dictum
451 693 504 721 est,
521 696 538 716 ο
559 688 678 715 maxime
691 687 802 715 Patrum
814 708 822 720 ,
843 688 870 715 in
890 689 1015 723 superio-

221 735 302 762 ribus
320 734 430 769 scriptis
447 734 482 761 de
507 733 555 761 illo
576 732 686 760 Patrum
707 737 802 768 patre,
824 737 852 760 et
872 733 1014 761 doctorum

223 781 372 816 magistro,
389 774 437 814 qui
455 779 496 806 vir
513 783 541 806 et
556 783 675 814 quantus
694 778 793 812 fuerit,
815 782 889 806 totus
907 779 1013 808 ctelesti

223 826 355 861 sapientia
370 829 493 858 ornatus,
509 824 644 857 sincerus,
652 824 819 859 ingeniosus,
826 831 899 858 acer,
909 829 1013 860 tempe-

223 879 287 899 rans
301 877 327 899 et
337 872 487 903 modestus,
501 871 588 899 facilis
601 870 634 898 ad
651 870 769 898 dandam
788 872 906 905 veniam,
922 871 1011 900 alacer

222 918 328 950 animo;
340 922 368 944 et
375 917 448 952 quod
460 917 546 951 magis
555 916 780 951 misere,quando
786 917 882 945 salutis
888 924 945 946 sua:
953 921 1011 946 stu-

220 962 314 989 diosos
320 961 426 996 aliquos
435 960 557 994 notabat,
564 961 694 996 majorem
703 965 730 989 et
737 961 794 996 ipse
800 969 893 989 curam
902 962 956 990 illis
962 962 1012 991 im-

220 1007 324 1042 pendit.
333 1007 408 1041 Quos
415 1014 478 1035 vero
487 1007 658 1041 cerebrosos,
665 1015 715 1036 sua
721 1008 861 1035 voluntate
867 1008 901 1036 ad
906 1008 1012 1037 deside-

220 1053 260 1080 ria
278 1059 328 1080 sua
338 1052 413 1080 abuti
422 1052 558 1085 cernebat,
570 1052 607 1080 ita
621 1052 655 1080 ab
669 1052 770 1087 impetu
787 1052 933 1081 affectuum
943 1061 1010 1081 suo-

218 1105 280 1125 rum
301 1098 477 1133 reprimebat,
490 1102 519 1125 ut
534 1098 625 1126 caeteri
642 1105 806 1133 magnopere
826 1103 964 1132 caverent,
976 1107 1010 1127 ne

219 1144 321 1172 indicia
332 1144 429 1172 darent
448 1145 524 1171 nulla
546 1144 579 1171 ad
612 1151 656 1171 res
682 1144 782 1179 quibus
810 1144 1006 1173 adiciebantur.

217 1190 288 1223 Quin
302 1194 328 1217 et
341 1190 407 1217 illud
427 1190 471 1218 ille
483 1198 590 1225 semper
601 1190 833 1218 celebratissimus
845 1191 1006 1225 aﬂirmabat,

211 1239 345 1269 praestare
358 1235 495 1270 subjectos
514 1244 528 1262 (ι
546 1235 671 1263 coenobio
684 1236 800 1270 pellere,
825 1244 907 1271 quant
932 1244 1008 1265 com-

216 1280 326 1309 mittere
340 1281 378 1309 uti
398 1289 449 1309 suo
465 1281 585 1317 judicio,
611 1289 716 1317 suoque
731 1290 813 1310 sensu
832 1287 860 1311 et
872 1284 1005 1311 arbitratu

214 1327 307 1355 vivere
326 1328 557 1362 permitterentur.
570 1327 629 1355 Non
650 1336 713 1356 raro
725 1329 799 1356 enim
816 1337 868 1357 usu
882 1330 955 1358 venit
976 1334 1006 1358 ut

214 1374 261 1408 qui
273 1373 389 1401 alterum
404 1374 519 1409 expulit,
536 1374 649 1410 expulso
665 1379 762 1402 auctor
776 1380 849 1404 esset
865 1377 1005 1405 modestiae

214 1421 361 1454 discendae,
379 1425 407 1449 et
418 1421 513 1457 iudicii
528 1422 572 1449 sui
585 1422 790 1458 voluntatisque
805 1424 915 1459 penitus
923 1424 1005 1452 abdi-

213 1467 319 1495 candae.
337 1466 390 1500 Qui
405 1472 496 1495 autem
516 1475 565 1503 per
578 1468 698 1503 speciem
714 1469 892 1498 humanitatis
906 1475 934 1498 et
946 1470 1003 1499 cle-

212 1512 320 1540 mentia:
334 1512 389 1541 illis
403 1513 535 1546 connivit,
551 1518 578 1542 et
589 1514 662 1549 quod
678 1514 794 1542 avebant
806 1522 860 1543 non
876 1517 1001 1551 negavit,

210 1559 251 1593 is,
269 1567 330 1588 cum
351 1565 462 1595 agerent
481 1560 617 1593 animam,
639 1560 673 1588 ab
697 1561 731 1588 iis
750 1561 951 1590 lamentabilem
972 1563 999 1591 iu
1013 1567 1035 1595 c

210 1605 322 1632 modum
338 1605 466 1633 omnibus
487 1606 555 1634 diris
578 1610 606 1634 et
622 1606 774 1635 maledictis
792 1608 917 1636 conﬁxus
936 1613 999 1642 est,

209 1650 283 1685 quod
301 1650 440 1686 deceperit
465 1652 553 1688 magis
571 1652 708 1687 subjectos
722 1674 729 1686 ,
750 1661 832 1688 quam
855 1654 999 1689 profuerit.

210 1696 275 1723 Erat
293 1696 375 1732 igitur
391 1697 482 1725 videre
504 1698 635 1726 eximium
659 1698 735 1726 illum
758 1700 900 1734 praesulem
914 1721 922 1734 ,
938 1705 1000 1736 post

208 1743 378 1778 vespertinas
404 1750 497 1778 preces
519 1744 547 1771 in
573 1744 642 1771 solio
662 1745 828 1779 (extrorsum
853 1747 964 1782 quidem
983 1755 998 1775 c

208 1788 323 1814 materia
353 1792 502 1821 contexto,
526 1789 676 1817 introrsum
706 1797 770 1817 vero
794 1791 869 1819 velut
887 1793 999 1820 numine

208 1829 288 1863 pleno
308 1835 336 1857 et
350 1831 507 1859 caelestibus
521 1832 615 1868 gratiis
635 1833 826 1870 redundante),
846 1835 899 1863 ritu
918 1837 997 1871 quasi

206 1874 279 1908 regis
291 1875 453 1902 residentem
464 1895 471 1907 ,
491 1884 572 1911 quem
588 1877 704 1905 solertes
720 1878 833 1911 apicula:
845 1900 852 1913 ,
867 1880 920 1908 hoc
935 1886 976 1909 est
987 1901 995 1914 ,

205 1920 351 1955 religiosus
365 1921 478 1950 fratrum
492 1928 581 1953 ccetus
595 1926 747 1961 stipabant,
766 1928 814 1962 qui
829 1935 883 1955 non
897 1935 994 1961 secus,

206 1972 238 1993 ac
260 1966 283 1993 si
306 1966 352 1994 Dei
372 1975 465 1995 vocem
489 1969 632 2004 audirent,
651 1971 711 2006 ejus
723 1972 809 2007 jussis
823 1972 995 2008 obtempera-

205 2011 280 2039 bant.
294 2011 445 2041 Jubebatur
460 2014 505 2042 ltic
524 2015 684 2050 priusquam
701 2025 732 2045 se
748 2018 831 2053 quieti
849 2018 933 2055 ωε
945 2019 994 2047 da-

204 2061 266 2089 ret,
282 2057 448 2092 psalmorum
473 2059 566 2087 odaria
582 2062 761 2095 pronuntiare
774 2062 991 2098 quinquaginta:

202 2101 248 2129 ille
270 2102 380 2138 triginta
393 2124 401 2136 ,
426 2104 496 2133 alius
513 2110 620 2133 centum
636 2114 643 2139 ;
666 2107 778 2134 totidem
800 2106 906 2136 vicibus
923 2108 993 2136 alius

194 2146 228 2174 'in
243 2155 332 2183 genua
346 2151 534 2183 procumbere,
550 2152 619 2179 alius
632 2153 786 2181 sessitando
802 2161 928 2181 somnum
944 2162 990 2182 ca-

194 2202 278 2229 pere;
295 2196 389 2224 boram
406 2198 475 2225 alius
491 2198 599 2227 lectioni
620 2201 749 2234 tribuere,
766 2209 815 2236 per
830 2201 902 2230 idem
919 2206 990 2230 tem—

1076 270 1177 304 μένων,
1191 271 1367 307 θλιϐομένους
1380 274 1426 300 καὶ
1443 275 1722 309 στενοχωρουμένους,
1741 277 1793 312 τῆς
1807 287 1870 314 χει.

1075 315 1122 350 ρὺς
1135 316 1239 344 τούτων
1261 317 1300 350 ὡς
1318 318 1423 354 νηπίων
1435 319 1638 355 ἐπιλαϐόμενοι,
1651 322 1698 348 τοῦ
1715 322 1797 357 ὄχλου
1811 324 1869 352 τῶν

1073 361 1210 397 λογισμῶν
1236 363 1473 400 ἐλευθερώσωμεν.
1500 366 1532 392 Et
1554 366 1583 393 δὲ
1606 367 1654 394 καὶ
1679 368 1773 403 νήπιοι
1791 378 1868 403 τινες

1072 406 1155 438 πάνυ,
1175 407 1191 443 ἢ
1214 407 1337 440 ἀσθενεῖς
1366 410 1545 446 ὑπάρχουσιν,
1573 412 1619 439 ἐπὶ
1642 413 1696 440 τῶν
1720 414 1868 451 ἡμετέρων

1071 451 1155 486 ὤμων
1181 453 1287 489 ἀνάγκη
1316 454 1460 489 βαστάσαι,
1490 457 1538 483 καὶ
1565 457 1708 492 ἀνυψῶσαι
1739 459 1866 492 τούτους,

1070 498 1150 533 ἄχρις
1173 495 1203 526 οὗ
1217 499 1266 534 τὴν
1282 499 1368 535 θύραν
1390 501 1439 536 τῆς
1455 502 1559 529 εἰσόδου
1573 502 1623 538 τῆς
1635 503 1744 539 άληθῶς
1764 507 1867 541 στενῆς

1070 544 1251 579 παρέλθωσιν.
1275 545 1349 572 Ἑκεί
1368 546 1423 582 γὰρ
1454 548 1508 578 πᾶς
1536 549 1550 574 6
1571 548 1689 584 πνιγμός
1710 550 1756 577 καὶ
1772 551 1789 585 ἡ
1803 560 1867 576 στε-

1069 589 1186 625 νοχωρία
1205 589 1311 625 πέφυκε
1330 591 1463 625 γίνεσθαι·
1493 592 1533 619 διδ
1558 593 1606 620 καὶ
1627 594 1704 630 ἐλεγὲ
1727 605 1770 627 τις
1796 598 1865 632 περὶ

1068 635 1174 670 αὺτῆςδ
1195 635 1281 663 Τοῦτο
1311 637 1395 669 κόπος
1423 637 1497 665 ἐστὶν
1526 638 1642 667 ἐνώπιόν
1663 650 1725 676 μου,
1746 642 1800 674 ἕως
1832 640 1866 670 οὗ

1067 680 1180 708 εἰσέλθω
1209 682 1249 714 είς
1272 682 1303 709 τὺ
1331 683 1507 719 ἀγιαστήριον
1532 685 1578 712 τοῦ
1602 686 1681 714 Θεοῦ.
1702 688 1758 715 Καὶ
1779 689 1865 724 μόνον

1066 727 1173 762 εἴρηται
1185 728 1235 762 μὲν
1247 729 1323 763 ἡμῖν,
1333 725 1356 756 ὧ
1369 729 1497 763 Πατέρων
1508 731 1606 766 πάτερ,
1617 732 1663 758 καὶ
1674 732 1703 759 ἐν
1716 735 1774 765 τοῖς
1789 735 1864 769 φθά-

1067 773 1204 807 σασικπερὶ
1216 774 1330 806 ἐκείνου,
1342 773 1389 801 τοῦ
1400 774 1454 801 τῶν
1466 776 1596 811 Πατέρων
1607 777 1719 813 πατρὸς,
1729 779 1777 806 καὶ
1785 778 1863 805 διδα-

1066 819 1167 846 σκάλου
1175 818 1230 846 τῶν
1240 819 1417 853 διδασκάλων,
1429 817 1483 852 οἷός
1491 830 1521 848 τε
1529 820 1573 857 ἦν,
1586 824 1620 858 τῇ
1631 823 1711 858 σοφίᾳ
1722 823 1779 851 ἄνω
1797 824 1862 857 ὅλος

1063 865 1260 900 ἠμφιεσμένος,
1282 867 1472 901 ἀνυπόκριτος,
1500 867 1659 900 ἑκλεκτικδς
1670 870 1703 901 ⁵⁸,
1725 870 1861 906 φαιδρός⁹

1064 910 1094 937 τὸ
1106 910 1134 936 δὲ
1148 910 1180 945 δὴ
1197 911 1305 938 πάντων
1320 911 1554 947 θαυμασιώτερον,
1577 914 1619 940 ὅτι
1632 914 1700 941 ὅπου
1714 923 1745 949 γε
1762 915 1861 942 θέλον-

1063 964 1113 988 τας
1128 956 1248 991 σωθῆναι
1262 956 1370 989 ἓϐλεπε,
1386 958 1568 994 περισσοτέρᾳ
1584 959 1717 995 ἐκέχρητο
1727 961 1760 995 τῇ
1777 961 1861 996 ἀκρι-

1062 1000 1164 1037 Geta“.
1181 1001 1234 1034 Οὓς
1248 1002 1277 1029 δὲ
1288 1002 1371 1030 πάλιν
1386 1003 1485 1030 οἰκεῖον
1499 1002 1616 1040 θέλημα,
1632 1003 1649 1041 ἢ
1664 1008 1860 1042 προσπάθειαν

1060 1047 1175 1075 ἔϐλεπεν
1191 1048 1312 1084 ἔχοντας,
1329 1048 1415 1081 οὕτως
1430 1049 1527 1082 αὐτοὺς
1545 1051 1593 1077 τοῦ
1607 1053 1859 1089 προσπασχομὲνοο

1060 1093 1215 1130 ἀπεστέρει,
1233 1092 1270 1127 ὡς
1284 1095 1377 1122 λοιπὸν
1390 1095 1495 1128 πάντας
1512 1099 1741 1133 παρατηρεῖσθαι,
1755 1100 1786 1126 ὲν
1798 1109 1857 1136 μνη-

1058 1140 1114 1167 δενῖ¹
1126 1137 1164 1167 ὧν
1179 1141 1357 1176 πρόσκεινται
1370 1142 1501 1170 δεικνύειν
1513 1144 1613 1171 οἰκεῖον
1624 1144 1740 1181 θέλημα.
1752 1147 1857 1181 Ἔλεγε

1057 1185 1087 1212 δὲ
1103 1184 1151 1212 καὶ
1166 1185 1245 1213 τοῦτο
1260 1187 1303 1213 ἀεὶ
1318 1188 1332 1213 6
1343 1187 1463 1223 ἀοίδιμος
1474 1197 1481 1203 ·
1494 1188 1600 1225 ὅτιπερ,
1610 1191 1702 1226 φησὶν,
1721 1192 1856 1228 Ἄμεινον

1057 1230 1152 1264 διῶξαί
1169 1239 1230 1258 τινα
1245 1232 1296 1267 τῆς
1315 1233 1410 1268 μονῆς,
1429 1233 1446 1269 ἢ
1471 1234 1578 1271 θέλημα
1601 1236 1665 1263 ἴδιον
1689 1238 1769 1265 ἐᾶσαι
1788 1240 1855 1272 τοὺς

1057 1275 1191 1311 ὑπηκόους
1204 1277 1304 1303 οἰκεῖον
1321 1278 1417 1306 ποιεῖν.
1436 1279 1465 1306 '0
1479 1279 1529 1315 μὲν
1544 1280 1598 1317 γάρ
1610 1280 1708 1314 διώξας
1718 1283 1854 1317 πολλάκις

1055 1319 1101 1347 τὸν
1122 1321 1273 1356 διωχθέντα
1297 1323 1488 1360 ταπεινότερον
1512 1325 1718 1361 ἀπειργάσατο,
1743 1329 1792 1355 καὶ
1820 1329 1853 1356 τὸ

1055 1366 1152 1394 ἑαυτοῦ
1167 1367 1260 1395 λοιπὸν
1274 1369 1476 1405 περικόπτοντα
1492 1371 1598 1407 θέλημα
1612 1381 1619 1387 ·
1637 1373 1652 1399 6
1666 1373 1695 1399 δὲ
1709 1373 1749 1409 τῷ
1759 1374 1852 1402 δοκεῖν

1055 1413 1260 1449 φιλανθρωπίαν
1276 1415 1324 1442 καὶ
1337 1417 1541 1450 συγκατάὸασιν
1554 1419 1609 1450 τοῖς
1622 1418 1754 1452 τοιούτοις
1769 1429 1853 1457 χαρι-

1053 1457 1177 1493 ζόμενος.
1191 1459 1220 1485 ἐν
1232 1459 1321 1495 καιρῷ
1333 1460 1423 1493 ἐξόδου
1439 1461 1564 1494 ἐλεεινῶς
1576 1463 1658 1490 αὑτὸν
1673 1465 1851 1500 καταρᾶσθαι

1054 1501 1212 1537 πεποίηκεν,
1228 1503 1406 1539 ἀπατήσαντα
1418 1505 1530 1540 μᾶλλον,
1543 1507 1590 1533 καὶ
1601 1508 1650 1534 οὐκ
1665 1508 1851 1545 ὠφελήσαντα

1053 1547 1160 1580 αὐτούς.
1185 1546 1239 1575 Ἦν
1264 1550 1353 1577 τοίνυν
1378 1550 1480 1578 ἰδέσθαι
1502 1552 1549 1579 τὸν
1576 1552 1679 1588 μέγαν,
1705 1556 1775 1589 μετὰ
1795 1557 1849 1592 τὴν

1053 1593 1252 1629 συμπλήρωσιν
1273 1595 1328 1622 τῶν
1352 1596 1504 1631 έσπερινῶν
1528 1598 1626 1633 εὐχῶν,
1658 1600 1706 1626 ἐπὶ
1735 1600 1847 1636 θρόνου,

1051 1638 1150 1670 ἔξωθεν
1166 1639 1216 1674 μὲν
1239 1640 1357 1668 πλεκτοῦ
1381 1642 1413 1668 ἐκ
1434 1642 1530 1674 ξύλων.
1556 1643 1657 1671 ἔσωθεν
1672 1645 1700 1672 δὲ
1724 1646 1846 1674 πλεκτοῦ

1050 1685 1201 1720 χαρίσμασι
1217 1689 1414 1723 πνευματικοῖς
1434 1688 1587 1724 καθήμενον
1601 1690 1638 1722 ὡς
1653 1690 1767 1726 βασιλέα
1781 1694 1846 1721 τινὰ

1049 1730 1079 1756 δν
1092 1732 1301 1766 περιεκύκλουν,
1324 1733 1362 1766 ὡς
1385 1735 1466 1769 σοφαὶ
1490 1735 1618 1771 μέλισσαι
1641 1738 1657 1773 ἡ
1682 1737 1751 1773 καλὴ
1778 1747 1846 1766 συν-

1049 1776 1171 1812 ἀθροισις
1178 1778 1212 1810 ⁸⁸,
1231 1779 1277 1805 καὶ
1291 1780 1328 1811 ὡς
1343 1779 1411 1807 Θεοῦ
1429 1781 1484 1807 τῶν
1501 1781 1588 1817 λόγων
1602 1783 1710 1818 ἤκουον,
1726 1784 1846 1812 καὶτῶν

1048 1824 1269 1859 προσταγμάτων
1282 1825 1429 1860 ὑπήκουον.
1458 1827 1513 1854 Καὶ
1532 1828 1546 1854 6
1562 1828 1611 1863 μὲν
1628 1830 1808 1864 πεντήκοντα,
1828 1831 1845 1857 δ

1047 1869 1075 1895 δὲ
1089 1870 1246 1905 τριάκοντα,
1269 1873 1283 1898 6
1307 1871 1335 1898 δὲ
1354 1873 1450 1899 ἑκατὸν
1469 1873 1697 1909 ἀποστοματίζειν
1715 1876 1845 1911 ψαλμοὺς

1047 1915 1100 1949 πρὸ
1113 1915 1197 1942 ὕπνου
1212 1916 1403 1953 ὲ[κε]κὲλευτο,
1413 1919 1427 1944 ό
1441 1919 1470 1945 δὲ
1482 1920 1614 1953 τοσαύτας
1629 1921 1812 1955 γονυκλισίας,
1827 1924 1844 1950 6

1045 1959 1073 1986 δὲ
1084 1961 1237 1996 καθήμενος
1246 1961 1347 1989 ὑπνοῦν
1360 1970 1367 1976 ·
1381 1963 1394 1989 6
1410 1964 1459 1998 μὲν
1474 1963 1629 2000 ὡρισμένην
1642 1966 1845 2000 ἀναγινώσκειν

1044 2005 1130 2041 ὥραν,
1148 2007 1161 2033 ό
1177 2007 1205 2033 δὲ
1224 2007 1271 2034 ἐπὶ
1285 2009 1440 2045 προσευχὴν
1454 2009 1586 2042 ὡσαύτως
1605 2011 1791 2047 παρίστασθαι
1802 2013 1840 2046 ἰε

1044 2052 1213 2087 κατέστησέν
1239 2062 1268 2079 τε
1293 2054 1339 2081 καὶ
1364 2055 1410 2081 ὲπὶ
1429 2054 1507 2082 τοῦτο
1533 2056 1579 2083 δύο
1595 2057 1761 2090 ἐπισκόπους
1783 2059 1841 2086 τῶν

1043 2096 1176 2131 ἀδελφῶν,
1198 2098 1289 2134 ἡμέρᾳ
1307 2099 1358 2133 μὲν
1374 2101 1520 2136 συντυχίας
1538 2103 1585 2129 καὶ
1605 2103 1705 2139 ἀργίας
1724 2105 1840 2132 ἐπισχο-

1042 2142 1161 2176 ποῦντας
1176 2145 1223 2171 καὶ
1243 2145 1396 2179 παύοντας·
1421 2149 1498 2175 νυκτὶ
1515 2148 1543 2175 δὲ
1559 2150 1738 2186 ἔγρηγόρσεις
1752 2152 1838 2178 ἀκαί-

1043 2200 1117 2227 ρους,
1133 2192 1181 2219 καὶ
1197 2192 1214 2220 ἃ
1228 2193 1259 2220 ού
1268 2194 1291 2210 ⁸⁸
1306 2194 1384 2229 θέμις
1397 2197 1489 2232 γραφῇ
1503 2197 1680 2232 παραδοῦναι.
1697 2199 1736 2226 ού
1754 2200 1838 2235 μόνον

193 2248 250 2274 τρυε
265 2241 335 2269 alius
350 2244 477 2277 precibus
493 2245 617 2273 insistere
629 2266 637 2279 ,
658 2246 783 2283 duosque
803 2248 836 2275 ad
852 2256 911 2275 eam
931 2256 988 2276 rem

1054 2236 1080 2268 ἑὲ,
1097 2236 1165 2263 ἀλλά
1181 2238 1228 2263 καὶ
1242 2238 1288 2264 ἐπὶ
1306 2239 1355 2273 τῆς
1369 2239 1473 2275 τροφῆς
1489 2241 1539 2275 τὴν
1557 2241 1661 2269 οἰκείαν
1676 2242 1752 2276 τάξιν
1771 2245 1837 2271 ἐκά-

197 2295 230 2314 ex
244 2296 338 2316 eorum
355 2298 469 2318 numero
482 2298 621 2320 curatores
640 2295 813 2328 nominavit,
831 2296 877 2331 qui
893 2296 926 2323 de
945 2296 989 2324 die

194 2334 374 2365 observarent
388 2346 570 2375 congerrones
582 2361 590 2373 ,
607 2346 634 2369 et
649 2342 720 2370 male
738 2342 849 2371 feriatos
866 2343 987 2378 corrige-

194 2386 258 2410 rent
277 2392 285 2410 :
307 2383 340 2411 de
355 2389 435 2412 nocte
451 2393 517 2413 vero
533 2386 739 2422 intempestivas
752 2389 870 2425 vigilias,
885 2394 913 2418 et
925 2398 986 2425 quae

193 2426 292 2455 litteris
303 2429 467 2465 consignare
480 2433 643 2460 verecundia
663 2438 715 2461 est.
731 2434 787 2462 Nec
801 2435 846 2462 hic
859 2433 933 2463 curae
948 2436 982 2463 il-

194 2475 247 2502 lius
260 2475 324 2504 linis
341 2485 347 2503 :
365 2478 480 2514 singulis
495 2474 596 2508 cértam
611 2488 721 2516 quoque
735 2483 843 2510 diaetam
857 2485 984 2519 praescri-

193 2521 292 2555 bebat,
309 2530 397 2559 neque
413 2525 484 2553 enim
501 2527 596 2554 eodem
613 2535 708 2556 omnes
726 2529 799 2557 victu
817 2530 962 2558 utebantur
974 2550 982 2564 ,

193 2574 239 2602 sed
254 2583 305 2611 pro
319 2577 451 2613 cujusque
462 2579 586 2614 profectu
603 2580 838 2619 [constitutione]
855 2588 982 2619 statuque

192 2628 288 2657 salutis
301 2649 309 2662 ,
331 2638 426 2660 mensa
449 2635 668 2668 temperabatur,
695 2635 799 2663 aridior
817 2636 897 2669 aliis,
920 2637 982 2666 aliis

191 2680 318 2717 pinguior
327 2682 405 2712 cibus
418 2692 432 2712 a
446 2685 518 2714 bono
529 2687 575 2715 illo
588 2687 784 2722 patrefamilias
796 2689 980 2723 praebebatur.

224 2762 238 2776 ν
264 2757 337 2787 Psal.
353 2768 438 2795 ιιιιιι,
456 2762 499 2791 16.

224 2816 248 2832 ⁵⁸
259 2816 415 2851 ἐλεγκτικὸς
423 2819 541 2855 ἀκριϐὴς
553 2820 669 2854 σώφρων
691 2821 952 2865 σιξγκαταόατικὸςκ
965 2822 1076 2856 φαιδρὸς
1093 2824 1127 2886 τΞ

227 2853 373 2886 ρισσοτέρᾳ
392 2855 425 2886 τῇ
451 2855 580 2886 ἀκριῦςία
593 2855 786 2886 ὲπαιδαγωγει.
827 2857 849 2872 ¹¹
862 2857 971 2884 συνοδια
991 2858 1039 2885 καὶ
1060 2866 1108 2886 συν

862 2865 971 2884 συνοοια
991 2865 1039 2885 και
1060 2866 1108 2886 συν

188 2853 425 2913 περιῗῖοὶτέρᾳιξῇ
451 2853 580 2915 ἆκριὸἰςᾳ
593 2853 786 2890 ἐπαιδαγιῖίγει.

221 2893 257 2912 πο
291 2895 298 2911 ι
316 2895 339 2913 ε.
421 2897 533 2915 παρακα
551 2899 583 2915 ω.

221 2893 339 2913 atomus.
377 2893 397 2903 "
421 2893 583 2923 παρακαλῶ.

1044 2290 1098 2316 στῳ
1114 2283 1128 2309 ό
1143 2283 1230 2317 μέγας
1242 2284 1388 2320 ἀπένειμεν
1400 2294 1408 2301 ·
1429 2284 1464 2321 ἦν
1478 2287 1531 2323 γὰρ
1546 2288 1562 2323 ἡ
1575 2288 1663 2316 δίαιτα
1678 2290 1789 2317 πάντων
1803 2291 1835 2317 οὐ

1043 2327 1102 2362 μία,
1125 2328 1184 2355 οὐδὲ
1205 2330 1287 2364 ὁμοία
1301 2339 1307 2345 ·
1333 2331 1401 2358 ἀλλά
1422 2332 1534 2368 διῄρητο
1556 2335 1664 2371 ἑκάστῳ
1686 2336 1759 2363 κατὰ
1782 2337 1834 2372 τὴν

1040 2372 1139 2400 ἑαυτοῦ
1162 2374 1329 2402 κατάστασιν
1343 2383 1351 2391 ο
1374 2377 1431 2408 τοῖς
1454 2378 1503 2412 μὲν
1519 2378 1574 2414 γὰρ
1597 2379 1646 2415 τὴν
1668 2380 1830 2417 ξηροτέραν,

1040 2419 1097 2450 τοῖς
1111 2418 1139 2445 δὲ
1155 2419 1204 2454 τὴν
1218 2420 1387 2456 ἀνετωτέραν
1393 2421 1416 2437 ⁸⁵
1430 2422 1579 2458 ἀπένειμεν
1595 2426 1609 2451 6
1630 2425 1712 2457 καλὸς
1725 2427 1831 2453 οἰκονό-

1041 2472 1091 2498 μος
1102 2472 1109 2479 ·
1126 2465 1174 2491 καὶ
1188 2465 1219 2491 τὸ
1232 2465 1334 2501 θαῦμα,
1350 2467 1445 2502 ὅτιπερ
1457 2469 1636 2503 ἀγογγύστως
1648 2471 1678 2497 τὸ
1693 2480 1830 2507 προστασ-

1040 2508 1152 2543 σόμενον
1167 2509 1204 2541 ὡς
1220 2511 1251 2536 ὲκ
1265 2511 1399 2546 στὸματος
1413 2512 1480 2539 Θευῦ
1496 2514 1657 2542 ἐτελειοῦτο.
1672 2513 1727 2543 Ἦν
1740 2517 1769 2543 δὲ
1781 2518 1829 2544 αὑ-

1036 2553 1075 2588 τῷ
1092 2554 1258 2589 ὑποκειμένη
1276 2555 1323 2582 καὶ
1346 2555 1434 2591 λαῦρα
1447 2558 1488 2593 τῷ
1501 2560 1626 2595 ἀοιδίμῳ,
1642 2561 1672 2588 tv
1693 2558 1710 2598 ᾗ
1730 2562 1763 2589 ὲκ
1776 2562 1827 2597 τῆς

1039 2599 1124 2634 μονῆς
1147 2600 1211 2632 τοὺς
1233 2600 1362 2633 δυνατοὺς
1384 2603 1453 2638 πρὸς
1468 2605 1582 2640 ἡσυχίαν
1603 2606 1720 2634 καθίστα
1733 2609 1748 2634 6
1763 2608 1828 2644 περὶ

1035 2644 1124 2671 πάντα
1139 2644 1249 2677 τέλειος.
1268 2646 1312 2682 Μὴ
1328 2647 1451 2685 ποικίλῃς
1459 2649 1492 2683 ⁵⁸,
1508 2649 1616 2687 λιπαρῶ
1624 2652 1656 2685 ⁵⁷,
1673 2654 1735 2685 τοὺς
1748 2653 1827 2680 ἀκαι-

1037 2691 1193 2726 ραιοτέρους
1208 2691 1237 2718 ὲν
1253 2691 1391 2728 λογισμῶν
1413 2695 1603 2731 πανουργίαις,
1620 2698 1719 2733 μᾶλλον
1742 2699 1781 2733 δὲ,
1801 2701 1825 2727 εί

1140 2823 1224 2871 ιξυχῇ.
1267 2824 1360 2871 “noti;
1386 2827 1565 2871 dvaoweivar
1584 2831 1686 2871 E6153;
1710 2836 1823 2871 τούτους

1129 2858 1244 2894 θροισὶς.
1285 2861 1309 2878 ⁵³
1325 2863 1459 2899 ἵστασθαι.
1495 2858 1518 2882 "‘
1532 2867 1581 2902 μή.
1616 2858 1642 2886 ἦ
