4030 6450
473 364 620 425 .1203

483 569 578 634 sti,
609 567 891 639 Deumque
929 585 1025 639 per
1053 570 1382 625 senticosam
1409 567 1820 640 spinosamque,
1850 582 1905 626 et
1934 569 2064 630 feris

485 664 689 719 inviam
736 665 862 720 vitm
917 665 1184 720 rationem
1243 663 1544 734 aspexisti.
1604 662 1673 718 ad
1727 664 2062 735 colloquium

481 773 702 828 quoque
721 767 777 815 et
804 758 1109 828 divinitatis
1121 756 1464 829 splendorem
1484 755 1660 813 oculis
1689 757 2062 827 usurpandum

483 847 782 918 admissus,
812 851 903 905 ubi
937 858 992 905 et
1019 849 1228 912 soleas,
1255 847 1361 902 hoc
1386 857 1507 912 est,
1543 860 1707 902 omne
1743 840 1934 901 mortis
1967 861 2062 900 ve-

482 940 662 1016 lamen
682 941 953 1010 posuisti,
977 940 1319 1010 caudamque
1346 953 1444 994 seu
1466 938 1632 996 ﬁnem
1655 939 1748 1009 qui
1774 956 1840 994 ex
1870 939 2064 1010 angelo

483 1033 537 1086 in
575 1033 868 1087 draconem
893 1032 1229 1086 deformatus
1259 1039 1364 1095 est,
1399 1031 1804 1100 apprehendisti
1831 1071 1846 1096 ,
1877 1031 2062 1085 illum-

481 1140 588 1195 que
625 1125 770 1180 velut
815 1125 871 1179 in
924 1139 1026 1180 suo
1076 1124 1276 1195 speiaeo
1332 1123 1707 1194 altissimaque
1757 1133 1917 1178 antro
1947 1165 1964 1190 ,
2006 1122 2062 1178 in

478 1218 737 1289 JEgypto,
767 1227 822 1292 et
848 1217 1133 1272 tenebrosa
1165 1215 1409 1287 caliginis
1438 1224 1597 1270 nocte
1630 1216 1940 1271 demersum
1970 1215 2065 1270 de-

479 1311 713 1366 trusisti.
760 1311 1101 1367 Pharaonem
1141 1310 1366 1380 insuper
1410 1308 1736 1363 insolentem
1772 1308 1958 1372 illum,
2010 1317 2066 1362 et

479 1405 780 1476 superbum
815 1404 1202 1482 triumphasti.
1254 1401 1540 1472 Egyptius
1583 1401 1743 1456 malis
1795 1399 2061 1470 gravissi-

478 1498 586 1552 mis
617 1497 862 1552 amixisti
890 1537 904 1563 ,
950 1494 1113 1568 497
1147 1495 1478 1563 illorumque
1506 1491 1869 1564 primogenita
1895 1490 2063 1562 (quod

483 1591 610 1646 aliis
661 1590 841 1660 majus
909 1599 1149 1644 meretur
1199 1586 1529 1658 praemium)
1587 1584 1858 1641 occidisti.
1911 1581 2066 1639 Unde

478 1681 602 1736 cmli
645 1680 942 1750 imperator
988 1687 1038 1734 te
1081 1677 1313 1734 fratrum
1363 1677 1510 1733 velut
1557 1675 1822 1731 invictum
1868 1675 2062 1730 ducem

479 1773 821 1843 designavit,
860 1786 997 1844 quos
1045 1781 1101 1825 tu
1150 1768 1442 1825 ductorum
1489 1769 1742 1839 princeps
1774 1769 2060 1838 imperter-

479 1862 619 1917 ritus
663 1876 728 1917 ex
762 1860 1067 1917 Pharaonis
1104 1873 1328 1915 ccenoso
1372 1859 1605 1912 laterum
1649 1835 2056 1926 coquen—dorum
2096 1835 2135 1889 Β

479 1969 646 2025 opere
675 1954 877 2008 liberos
913 1951 1198 2008 asseruisti
1219 1995 1234 2019 ,
1273 1951 1462 2020 eisque
1485 1947 1724 2004 cmlestis
1750 1946 1981 2002 flamma:
2008 1957 2063 2001 et

479 2044 790 2116 purissima:
817 2042 1005 2109 nubis,
1037 2058 1158 2114 qua:
1190 2041 1443 2096 ardorem
1469 2054 1686 2094 omnem
1731 2038 2062 2111 (imperita-

480 2137 586 2208 tis)
620 2139 944 2208 exstinguit,
972 2136 1218 2191 videndae
1256 2134 1572 2189 facultatem
1606 2131 1909 2204 praebuisti.
1946 2147 2063 2187 cer-

478 2241 644 2302 taque
664 2217 999 2302 experientia
1024 2226 1334 2284 ostendisti.
1369 2225 1520 2281 Adde
1543 2223 1690 2296 quod
1719 2221 2062 2280 ﬂammantes

479 2322 743 2395 Erythraei
786 2323 952 2379 maris
992 2321 1208 2388 undas,
1243 2321 1300 2376 in
1349 2319 1552 2392 quibus
1591 2317 1837 2389 plerique
1886 2315 2063 2373 salute

479 2403 772 2486 periclitari
802 2416 1042 2471 solemus
1068 2457 1082 2482 ,
1113 2412 1424 2484 disjeceris,
1453 2411 1803 2482 pastorisque
1829 2407 1980 2480 virga
2009 2417 2063 2464 et

479 2509 926 2579 triumphatores.
952 2501 1148 2562 Hostes
1175 2501 1304 2560 vero
1326 2513 1476 2576 terga
1507 2503 1725 2560 tuorum
1752 2510 2062 2573 prementes

478 2617 670 2658 omnes
690 2601 946 2657 ﬂuctibus
979 2593 1206 2656 haustos
1235 2596 1506 2654 delevisti.
1537 2591 1791 2663 Accedit,
1833 2595 1979 2665 quod
2009 2602 2064 2649 et

477 2704 601 2764 post
625 2685 947 2765 oppresSum
971 2685 1338 2755 Pharaonem,
1374 2687 1539 2745 etiam
1569 2687 1862 2760 superbum
1890 2687 2061 2743 Ama-

477 2789 670 2852 lecem,
707 2780 760 2842 e't
784 2777 1146 2842 mstimatidne
1175 2783 1262 2838 sui
1299 2773 1621 2848 tumentem,
1657 2789 1779 2851 post
1807 2788 2061 2850 superata

475 2877 648 2933 Rubri
686 2867 853 2930 maris
897 2875 1143 2946 pericula
1176 2873 1483 2929 victoribus
1508 2869 1916 2936 occursantem,
1947 2872 2061 2928 dis-

475 2967 653 3038 passis
723 2957 870 3021 inter’
936 2953 1416 3036 cdntemplatidnis
1486 2964 1825 3034 actioniSque
1881 2963 2060 3018 studia

475 3059 731 3114 manibus
756 3046 784 3124 ,’
805 3057 858 3111 in
895 3056 1077 3135 fugam
1104 3056 1426 3127 conjeeeris,
1457 3071 1557 3126 pro
1591 3055 1792 3127 populo
1830 3063 1926 3111 tuo
1960 3072 2062 3110 nu-

1747 372 1804 431 S.
1835 371 2156 435 JOANNIS
2187 377 2492 446 CLIMACI

485 473 571 527 nis
591 473 879 542 praemium
910 473 1222 530 condidisti.
1253 473 1398 541 Quin
1433 484 1489 529 et
1519 475 1572 529 in
1607 485 1844 531 montem
1883 479 2065 535 evasi-
2095 489 2139 544 Α
2170 487 2262 539 καὶ
2314 489 2522 562 θηρίοις
2567 494 2862 554 suam“:

2865 519 2926 555 ου
2974 504 3250 570 πολιτείας
3298 507 3540 579 ἑώρακας
3561 529 3576 546 ·
3627 521 3706 573 καὶ

2167 578 2318 644 θείας
2369 586 2552 657 φωνῆς
2600 590 2696 644 καὶ
2745 594 3086 662 φωταυγείας
3135 578 3449 663 ἀπέλαυσας
3475 617 3490 631 ·
3537 607 3707 660 καὶτὸ

2167 672 2443 765 ύπόδημα,
2474 680 2617 748 λέγω
2644 681 2708 754 δὴ
2737 687 2847 738 πᾶν
2870 687 2934 739 τὸ
2961 688 3228 760 νεκρῶδες
3260 692 3615 765 συγκάλυμμα
3633 697 3702 752 λέ.

2164 763 2335 830 λυκας
2360 784 2373 798 ·
2406 770 2500 824 καὶ⁵
2527 773 2627 843 τῆς
2654 775 2874 847 κέρκου,
2905 779 3072 850 ῆγουν
3095 780 3187 834 τοῦ
3212 782 3396 848 τέλους
3420 763 3514 838 τού
3541 787 3595 851 ἐξ,
3624 788 3708 857 ,ιγ-

2165 860 2325 928 γέλου
2377 866 2462 929 είς
2509 867 2798 940 δράκοντα
2833 875 3232 943 μεταπεσόντος
3283 877 3544 935 ὲπελάϐου
3571 899 3584 912 ·
3628 885 3708 938 καὶ

2165 953 2352 1008 τοῦτον
2379 953 2569 1030 ὥσπερ
2598 961 2658 1015 ὲν
2686 963 2873 1035 οἰκείῳ
2904 965 3096 1037 φωλεῷ
3133 969 3227 1021 καὶ
3257 965 3317 1023 ἐν
3341 969 3526 1043 λάκκῳ
3554 991 3709 1028 κατω-

2165 1045 2333 1116 τάτῳ,
2368 1049 2426 1101 ὲν
2455 1049 2717 1122 Αἰγύπτῳ
2751 1056 2846 1109 καὶ
2873 1059 3169 1130 σκοτασμῷ
3200 1059 3453 1130 ζοφώσας
3493 1067 3711 1136 παρέδω-
3760 1107 3761 1110 η

2166 1151 2270 1198 κας
2296 1154 2309 1168 ·
2348 1139 2442 1192 καὶ
2471 1141 2562 1194 τὸν
2589 1144 2791 1215 Φαραὼ
2815 1147 3108 1218 νενίκηκας
3132 1151 3225 1204 τὸν
3249 1149 3454 1222 ὑψηλὸν
3485 1155 3575 1208 καὶ
3601 1159 3712 1224 ἀγέ-

2169 1246 2344 1300 ρωχον
2373 1232 2484 1304 (5)·
2519 1236 2613 1289 καὶ
2640 1237 2977 1306 Αἰγυπτίους
3003 1241 3375 1313 κατέπληξας,
3409 1245 3503 1298 καὶ
3524 1247 3589 1301 τὰ
3610 1250 3714 1302 τού-

2164 1335 2273 1372 των
2295 1322 2636 1391 πρωτότοκα,
2661 1326 2690 1379 ὃ
2709 1328 2778 1382 τὰ
2793 1329 2837 1361 ⁵³
2867 1330 3050 1399 μεῖζον
3076 1330 3311 1385 ἔπαθλον
3336 1333 3709 1402 τεθανάτωκας.

2166 1412 2258 1466 Διό
2287 1430 2370 1468 σοι
2417 1416 2514 1470 καὶ
2557 1418 2765 1489 Κύριος
2799 1421 2902 1492 τὴν
2947 1423 3058 1476 τῶν
3106 1423 3354 1493 ἀδελφῶν
3397 1425 3622 1496 όδηγίαν,
3651 1429 3714 1492 ὡς

2165 1507 2512 1581 ἁκραδάντῳ,
2545 1513 2911 1568 πεπίστευκεν
2939 1532 2951 1546 ·
2979 1515 3072 1580 οὓς
3103 1516 3190 1582 σὺ,
3211 1518 3375 1588 ὁδηγὲ
3397 1519 3616 1590 ὁδηγῶν,
3638 1523 3714 1575 καὶ

2164 1599 2662 1672 άνεκδειματίστως
2687 1605 2783 1660 τοῦ
2824 1605 3023 1679 ⁴ιιαραὼ
3079 1610 3175 1664 καὶ
3220 1610 3323 1681 τῆς
3357 1612 3602 1682 ρυπαρᾶς
3636 1612 3716 1666 τοῦ

2167 1692 2341 1763 πηλοῦ
2389 1693 2776 1768 πλινθουργίας
2818 1697 3050 1764 λέλυκας
3080 1700 3159 1733 ἰ·
3210 1702 3306 1754 καὶ
3353 1702 3536 1766 αὐτοῖς
3571 1705 3715 1773 πυρὸς

2167 1783 2302 1838 Θεοῦ
2330 1786 2562 1857 νεφέλης
2585 1788 2809 1856 ἁγνείας
2851 1790 2952 1861 τῆς
2989 1793 3170 1846 πᾶσαν
3221 1792 3402 1862 φλόγα
3443 1791 3714 1846 κατασϐεν-

2167 1877 2335 1946 νύσης
2363 1877 2493 1932 θέαν
2517 1878 2684 1951 πείρα
2713 1881 2862 1953 πάσῃ
2897 1882 3297 1951 μεταδέδωκας.
3331 1883 3444 1936 Καὶ
3475 1882 3534 1936 οὐ
3560 1881 3714 1952 μόνον,

2165 1969 2302 2024 ἀλλά
2331 1986 2397 2038 γε
2442 1971 2540 2024 καὶ
2571 1970 2673 2042 τὴν
2725 1972 2992 2044 Ἐρυθρὰν
3019 1973 3116 2027 καὶ
3149 1971 3513 2044 φλογίζουσαν
3537 1972 3716 2042 ταύτην
3830 2003 3835 2009 ·

2166 2063 2434 2118 θάλατταν
2455 2065 2637 2128 αὐτοῖς
2665 2065 3012 2131 διεσκέδασας
3035 2067 3110 2138 (ι)
3141 2084 3154 2099 ·
3185 2068 3273 2138 ἐφ’
3295 2069 3363 2139 ἢν
3392 2067 3486 2120 καὶ
3515 2066 3716 2137 μάλιστα

2164 2157 2214 2209 οἱ
2242 2156 2461 2222 πλείους
2500 2158 2830 2213 κινδυνεύειν
2869 2160 3194 2230 πεφύκαμεν
3219 2177 3234 2192 ο
3271 2159 3366 2212 καὶ
3393 2156 3611 2227 νικητὰς
3640 2155 3717 2208 καὶ

2163 2251 2560 2322 τροπαιούχους
2605 2249 2788 2323 ῥάϐδῳ
2835 2254 2901 2324 σῇ
2958 2253 3054 2306 καὶ
3093 2252 3376 2323 ἐπιστήμῃ
3419 2247 3717 2318 ποιμαντικῇ

2164 2341 2473 2412 πεποίηκας
2508 2357 2524 2372 ο
2581 2343 2790 2405 πάντας
2815 2357 2875 2394 τε
2909 2342 3035 2404 τοὺς
3067 2340 3529 2404 καταδιώκοντας,
3569 2331 3718 2389 ὀπίσω

2164 2433 2367 2499 αὐτῶν,
2415 2435 2497 2496 είς
2540 2432 2722 2487 τέλεον
2751 2432 3060 2500 ἀπέπνιξας
3084 2448 3100 2466 ·
3148 2431 3212 2486 οὐ
3251 2432 3360 2502 μὴν
3405 2430 3464 2484 δὲ
3491 2425 3619 2483 ἀλλὰ
3643 2425 3718 2480 καὶ

2166 2527 2308 2600 μετὰ
2335 2526 2494 2582 τοῦτο
2520 2527 2612 2581 τὸν
2662 2527 2911 2599 Ἀμαλὴκ
2939 2529 3041 2599 τῆς
3071 2527 3328 2598 οἰήσεως,
3364 2525 3454 2579 τὸν
3484 2524 3614 2594 μετὰ
3635 2523 3717 2594 τὴν

2164 2621 2322 2690 νίκην
2341 2619 2440 2691 τῆς
2461 2617 2732 2689 θαλάττης
2757 2617 3006 2689 άπαντᾷν
3035 2616 3327 2686 πεφυκότα
3342 2618 3454 2680 τοῖς
3480 2615 3714 2685 νικηταίς,

2163 2713 2382 2769 ἐκτάσει
2414 2712 2635 2784 χειρῶν,
2682 2711 2847 2783 μέσος
2876 2710 3127 2782 πράξεως
3159 2709 3263 2763 καὶ
3293 2707 3521 2780 θεωρίας
3551 2704 3714 2772 ἑστὼς,

2163 2806 2482 2879 ὲτροπώσω,
2534 2805 2674 2878 ὑπὲρ
2706 2801 2838 2858 λαοῦ
2872 2820 2967 2858 σου
3001 2800 3392 2856 θεοπιστεύτου
3421 2799 3514 2854 καὶ
3539 2797 3716 2867 θεοφω-

2161 2901 2368 2961 τίστου,
2393 2899 2686 2968 νενίκηκας
2710 2897 2778 2951 τὰ
2803 2895 2933 2965 ἔθνη
2957 2910 2972 2926 ⁸
3005 2895 3100 2948 ἐπὶ
3116 2893 3178 2948 τὸ
3199 2893 3335 2966 ὄρος
3363 2893 3460 2962 τῆς
3483 2887 3715 2951 ἀπαθείας

2139 2991 2424 3062 -,ὲνήνοχας
2455 2987 2580 3050 τοὺς
2615 2984 2754 3058 μετὰ
2789 2983 2904 3051 σοῦ,
2937 2981 3116 3054 ἱερέας
3142 2981 3512 3051 κατέστησας,
3539 2992 3716 3048 περιτο-

2166 3081 2273 3156 μὴν
2307 3079 2716 3152 παραδέδωκας,
2755 3075 2824 3131 δι’
2850 3069 2920 3149 ἧς
2953 3075 3028 3146 μὴ
3059 3071 3435 3145 καθαρθέντας
3467 3069 3590 3123 Θεὸν
3613 3067 3714 3120 ἰδεῖν

475 3153 643 3208 minis
687 3143 932 3221 supremi
975 3149 1187 3207 cultore
1232 3165 1264 3205 a
1307 3151 1415 3206 Deo
1455 3149 1551 3204 tibi
1587 3151 1885 3206 commisso
1922 3149 2062 3206 divi-

2163 3143 2446 3247 άελήχανον
2471 3189 2484 3227 '.
2538 3173 2620 3236 εἰς
2647 3169 2781 3240 ὕψος
2807 3143 3180 3237 ἀναϐέϐηκας,
3204 3143 3405 3218 ἠπάντα
3434 3161 3618 3230 γνόφον
3641 3157 3715 3211 καὶ

475 3247 670 3317 nisque
700 3239 971 3320 illustrato
997 3241 1303 3314 fulgoribus
1341 3243 1640 3300 fortissime
1672 3243 2056 3316 propugnat-is,

472 3331 660 3410 gentes
677 3327 979 3409 sacrilegas
1005 3333 1356 3408 cipugna‘ris,
1389 3345 1620 3407 tuosque
1649 3343 1827 3392 tecum
1856 3335 1910 3391 in
1934 3340 2058 3406 per;

473 3432 769 3498 fectionis,
812 3440 867 3487 et
909 3431 1056 3487 omni
1108 3430 1584 3500 perturbationum
1631 3429 1852 3484 turbine
1904 3427 2059 3483 liberi

473 3524 675 3582 montis
696 3525 910 3580 culmen
932 3523 1262 3594 provexeris.
1295 3521 1691 3576 Sacrosanctos
1723 3520 1831 3576 Deo
1855 3529 2062 3591 mystas

475 3613 748 3678 initiatis,
780 3612 953 3682 legem
1001 3602 1442 3666 circumcisionis
1475 3609 1724 3665 sanxeris
1747 3648 1763 3674 ,
1798 3609 1916 3665 sine
1951 3622 2061 3679 qua

474 3721 638 3762 nemo
681 3705 774 3760 Dei
825 3712 1122 3774 conspectu
1166 3702 1276 3759 frui
1316 3709 1513 3773 potest.
1555 3700 1682 3757 Tuti
1731 3715 1952 3772 quoque
2003 3701 2059 3755 in

474 3813 754 3854 summum
782 3797 978 3852 enixus
1022 3795 1279 3852 verticem
1310 3794 1483 3865 pulsis
1511 3792 1752 3848 tenebris
1773 3831 1789 3857 ,
1825 3800 1881 3848 et
1907 3790 2060 3847 omni

471 3889 720 3945 abstersa
792 3886 970 3942 noctis
1021 3886 1292 3958 caligine,
1355 3883 1694 3956 disiectaque
1743 3881 2056 3937 turbulenta

469 3979 741 4050 procella,
768 3978 1081 4049 trigemina,
1127 3977 1384 4048 inquam,
1418 3975 1736 4046 ignorantiae
1779 3973 2058 4039 caecitate,

469 4072 540 4127 ad
571 4071 742 4126 lucem
774 4071 946 4124 multo
979 4067 1148 4141 498
1190 4067 1312 4124 rubi
1353 4067 1502 4122 illius
1529 4066 1652 4136 igne
1685 4063 2060 4136 augustiorem

471 4162 860 4232 purioremque
887 4168 942 4230 et
970 4159 1346 4216 sublimiorem
1370 4197 1385 4222 ,
1423 4154 1520 4210 Dei
1550 4154 1714 4210 affatu
1748 4153 2012 4224 singulari
2040 4195 2058 4221 ,

468 4265 524 4311 et
569 4254 906 4310 vaticinandi
965 4254 1140 4324 gratia
1194 4252 1447 4322 dignatus
1504 4249 1805 4306 accessisti.
1840 4247 2060 4318 Vidisti,

470 4363 626 4414 reor,
661 4346 912 4417 quamvis
945 4346 1132 4402 adhuc
1167 4343 1414 4400 mortalis
1438 4382 1454 4407 ,
1492 4341 1626 4414 quid
1657 4351 1841 4396 tamen
1881 4342 1936 4397 in
1967 4343 2062 4399 illo

470 4439 901 4496 immortalitatis
954 4447 1099 4494 statu
1147 4437 1220 4492 sit
1260 4435 1544 4500 futurum,
1601 4435 2061 4505 splendoremque

467 4533 678 4590 ultima;
704 4541 759 4586 et
796 4529 1244 4600 postremissimas
1283 4529 1613 4600 cognitionis
1647 4528 1763 4598 jam
1798 4529 2056 4585 hausisti.
2087 4524 2135 4579 Ι)

469 4625 677 4680 Deinde
705 4638 830 4680 cum
859 4623 929 4679 ab
957 4631 1160 4678 aeterna
1187 4622 1472 4693 majestate
1499 4636 1686 4677 vocem
1714 4621 1861 4676 illam
1897 4636 2058 4678 acce-

468 4717 684 4792 pisses:
723 4714 850 4771 Non
887 4715 1081 4773 videbit
1128 4732 1209 4770 me
1238 4716 1423 4780 homo,
1457 4725 1506 4770 et
1536 4717 1666 4770 vivet
1696 4725 1726 4765 γ
1750 4759 1764 4783 ,
1802 4718 1856 4771 in
1901 4716 2060 4773 altis-

469 4811 666 4867 simam
695 4807 1047 4866 demissionis
1073 4809 1268 4864 vallem
1298 4807 1679 4864 Chorebanam
1725 4825 1755 4864 a
1797 4808 1890 4864 Dei
1921 4824 2056 4866 con-

469 4911 661 4974 spectu
687 4901 1036 4965 descendisti,
1065 4909 1356 4972 tecumque
1395 4902 1646 4957 radiante
1692 4918 1818 4958 cum
1855 4905 2055 4972 corpo-

467 4999 548 5054 ris
593 5007 706 5052 tum
758 4997 928 5051 animi
972 4997 1122 5052 vultu
1171 4998 1419 5067 geminas
1461 4997 1586 5052 illas
1625 4997 1956 5068 cognitionis
1999 5007 2056 5054 et

468 5089 944 5160 contemplationis
997 5089 1210 5146 tabulas
1251 5090 1570 5160 deportasti.
1624 5089 1753 5158 Sed,
1786 5090 1893 5147 heu
1951 5105 2053 5148 nos

469 5182 748 5238 infelices!
799 5182 892 5252 qui
935 5182 991 5238 in
1032 5180 1355 5238 fabricando
1401 5182 1559 5239 bovis
1606 5183 1753 5240 idolo
1800 5185 2054 5255 occupati

469 5291 686 5332 sumus.
719 5275 859 5342 Quid
887 5276 990 5330 heu
1023 5276 1036 5330 l
1070 5276 1137 5330 de
1153 5274 1448 5333 eonfractis
1472 5278 1651 5347 legum
1682 5279 1882 5336 tabulis
1913 5285 2050 5349 que-

467 5366 606 5421 rar?
650 5365 854 5421 Deinde
899 5381 1026 5420 vero
1059 5366 1229 5435 quid?
1275 5380 1534 5436 prensum
1581 5384 1746 5425 manu
1790 5371 2052 5439 populum

468 5473 564 5528 per
591 5459 864 5515 desertam
893 5458 1244 5514 solitudinem
1280 5457 1576 5516 deduxisti.
1608 5462 1788 5532 Atque
1819 5461 2056 5519 fertasse

467 5550 634 5607 etiam
681 5551 811 5606 huic
858 5549 1060 5621 populo
1104 5550 1175 5606 ab
1209 5551 1351 5621 ignis
1393 5554 1589 5609 ardore
1632 5563 1880 5625 aestuque
1929 5554 2054 5611 fati-

538 5668 568 5708 !
599 5659 774 5717 Erod.
804 5677 1000 5728 xxxiii,
1044 5661 1136 5717 90.

544 5752 590 5785 ‘3
615 5754 726 5806 τῶν
753 5754 949 5808 ἄλλων.
1059 5755 1104 5788 εδ
1151 5750 1444 5819 πλινθείας,
1506 5748 1797 5819 ἐχώρισας,
1871 5755 1959 5807 καὶ

469 5823 648 5888 netia;
681 5824 876 5891 εἴδους,
918 5826 1015 5896 τῆς
1049 5825 1188 5895 ἐμῆς
1221 5823 1329 5892 γὰρ
1355 5817 1512 5876 τοῦτο
1537 5817 1821 5888 συνοδίας.

2032 5758 2430 5830 ἠλευθέρωσας.

2163 3267 2326 3336 ζόφον
2377 3264 2470 3318 καὶ
2503 3261 2729 3318 θύελλαν
2771 3257 3261 3330 διακρουσάμενος,
3297 3251 3566 3322 ἀγνωσίας
3597 3248 3716 3314 λέγω

2160 3359 2222 3414 τὸ
2255 3357 2504 3430 τρίγονον
2528 3354 2573 3387 ⁸⁵
2610 3354 2800 3415 σκότος
2831 3347 3262 3423 προσεπέλασας
3312 3345 3472 3416 φωτὶ,
3516 3339 3636 3396 πολύ
3667 3353 3715 3406 γε

2161 3452 2262 3522 τῆς
2299 3451 2463 3522 βάτου
2507 3444 2918 3518 αἰδεσιμωτέρῳ
2946 3441 3041 3498 καὶ
3072 3439 3462 3512 άμαυρωτέρῳ
3489 3435 3578 3490 καὶ
3604 3432 3717 3501 ὑψηε·

2161 3543 2403 3613 λωτέρῳ,
2445 3538 2686 3611 ὴξιώθης
2715 3535 2923 3606 φωνῆς,
2960 3531 3198 3606 ὴξιώθης
3239 3531 3469 3602 θεωρίας
3495 3525 3580 3580 καὶ
3606 3539 3715 3594 atpo-

2163 3633 2392 3706 φητείας
2415 3650 2428 3662 ·
2478 3627 2615 3694 εἶδές
2659 3633 2766 3682 που¹
2812 3627 2976 3696 τάχα,
3024 3625 3119 3679 καὶ
3161 3623 3251 3676 ἔτι
3283 3620 3512 3676 ἐνταῦθα
3539 3617 3626 3682 ὢν,
3662 3613 3716 3666 τά

2159 3725 2383 3780 ὄπισθεν
2409 3721 2689 3794 μέλλοντα,
2716 3720 2809 3773 τὸν
2831 3719 2949 3771 ἐκεῖ
2965 3715 3108 3784 λέγω
3133 3712 3502 3784 γενησόμενον
3523 3707 3715 3778 ἔσχατον

2164 3817 2446 3890 φωτισμὸν
2469 3815 2568 3886 τῆς
2592 3811 2845 3882 γνώσεως
2867 3807 2968 3880 (5).
3000 3802 3134 3861 Εῐτα
3157 3805 3254 3859 διὰ
3271 3804 3372 3875 τῆς
3404 3801 3599 3890 φωνῆς,
3615 3796 3714 3890 Δοὐκ

2159 3887 2352 3981 όψεται
2377 3907 2682 3975 άνθρωπος,
2711 3902 2958 3973 ἀκήκοας
2981 3913 2996 3930 ’
3043 3897 3126 3951 διὸ
3177 3895 3276 3950 καὶ
3313 3896 3395 3959 είς
3443 3887 3713 3981 βαθυτάτην

2162 3977 2266 4056 που
2297 3997 2520 4054 κοιλάδα
2546 3992 2924 4056 ταπεινώσεως
2957 3992 3018 4044 ὲν
3046 3986 3253 4060 Χωρὴσ
3283 3989 3349 4040 ὲκ
3369 3985 3468 4055 τῆς
3489 3977 3712 4037 θεοπτίας

2160 4087 2536 4161 κατελήλυθας
2561 4102 2577 4118 ο
2635 4080 3091 4154 ὲπικομιζόμενός
3135 4093 3241 4131 που
3271 4077 3368 4132 καὶ
3398 4074 3498 4146 τὰς
3526 4069 3710 4127 πλάκας

2163 4185 2263 4255 τῆς
2289 4180 2544 4251 γνώσεως
2581 4177 2675 4231 καὶ
2703 4177 2802 4246 τῆς
2831 4172 3149 4236 ἀναϐάσεως
3181 4187 3197 4202 ⁸
3243 4170 3342 4224 καὶ
3366 4166 3428 4222 τὸ
3457 4164 3712 4255 πρόσωπξν

2161 4248 2262 4346 cii;
2291 4248 2469 4345 ψυχῆς
2500 4267 2886 4338 δεδοξασμένος
2914 4266 3008 4319 καὶ
3035 4262 3129 4318 τοῦ
3180 4262 3456 4334 σώματος.
3491 4253 3606 4346 theft—
3630 4248 3712 4346 τῇς

2163 4338 2576 4438 ὲιλῆςσυνοδίας
2594 4359 2639 4392 ⁸⁸
2665 4360 2728 4412 τὸ
2755 4361 2854 4428 τῆς
2900 4353 3255 4427 μοσχοποιίας
3293 4346 3463 4412 εἰδοςὶ
3514 4342 3609 4398 Φεῦ
3630 4338 3711 4438 τῇς

2320 4455 2544 4510 πλακῶν
2591 4449 2920 4523 συντρισῆςί
2988 4443 3124 4502 Elea.
3155 4444 3241 4512 τίς
3304 4437 3593 4496 Ἐπελάϐου

2161 4549 2344 4622 χειρὸς
2386 4545 2482 4601 τοῦ
2517 4544 2670 4608 λαοῦ,
2727 4518 2853 4613 τὴν
2879 4539 3084 4610 ἔρημον
3125 4536 3459 4596 διεϐίϐασας.
3494 4531 3641 4622 Ἴσως
3663 4518 3710 4572 δὲ

2163 4612 2264 4694 καί
2287 4638 2392 4692 ὑπὸ
2418 4636 2613 4706 φλογὸς
2647 4612 2820 4704 πυρδς
2848 4631 2924 4701 (6)
2953 4629 3153 4683 οἰκείου
3183 4622 3539 4694 καυσουμένῳ
3561 4612 3710 4678 τούτῳ

2163 4730 2298 4786 ποτὲ
2331 4729 2514 4800 πηγὴν
2541 4727 2729 4789 ὓδατος
2756 4723 3009 4794 δακρύων
3033 4719 3122 4774 διὰ
3151 4719 3313 4786 ξύλου
3345 4715 3506 4787 (λέγω
3527 4710 3586 4778 δὴ
3607 4719 3705 4800 σαρ

2161 4825 2256 4888 κὸς
2283 4798 2643 4892 σταυρῶσεως
2675 4819 2770 4871 σὺν
2791 4819 2904 4879 τοῖς
2935 4813 3224 4882 παθήμασι
3253 4809 3332 4880 (⁷)
3357 4810 3450 4861 καὶ
3477 4798 3709 4892 mtng

2163 4887 2770 4988 Ouplatglyayévqxac.
2822 4907 3086 4977 Πολεμεῖς
3116 4904 3187 4959 τὰ
3225 4897 3559 4955 συναντῶντα
3576 4887 3710 4988 ἔθνη.

2162 4980 2300 5080 πυρὶ
2342 4980 2549 5078 κυρίου
2595 4980 2878 5064 ἀναλώσας
2937 4999 3099 5054 αὐτά.
3155 4995 3282 5050 Ἐπὶ
3330 4992 3420 5046 τὸν
3475 4980 3712 5080 Ἰορδάνην

2163 5073 2299 5170 ἔρνη
2319 5096 2394 5168 (8)
2419 5073 2596 5165 (οὐδὲν
2619 5092 2727 5163 γὰρ
2761 5091 2824 5145 τὸ
2857 5088 3066 5143 κωλύον
3105 5085 3200 5141 καὶ
3225 5082 3419 5156 μικρὸν
3456 5077 3558 5170 τὴνΔ
3584 5073 3708 5168 iore-

2330 5166 2788 5258 διακρούσασθαι)
2811 5199 2825 5214 ·
2867 5183 3095 5253 διαιρεῖς
3127 5176 3264 5247 λαῷ,
3307 5166 3706 5263 ὦσπερᾼΊησοῠς

2161 5254 2220 5336 ὲν
2241 5280 2322 5352 τῷ
2349 5254 2517 5351 λόγω,
2542 5278 2639 5332 και
2675 5276 2743 5330 τὰ
2772 5275 2872 5347 μὲν
2904 5273 3146 5345 πρότερα
3186 5269 3356 5323 ὕδατα
3397 5266 3462 5335 τῇ
3497 5254 3704 5352 θαλάττῃ

2159 5375 2256 5430 τοῦ
2293 5339 2477 5438 ’ἁλὸςξ
2503 5339 2621 5425 ’καὶ
2657 5339 2786 5439 τῆς.
2809 5339 3129 5440 νεκρῶσεως
3190 5360 3545 5432 προσένειμας
3568 5364 3585 5380 ⁹
3649 5339 3704 5394 τὰ

2164 5469 2222 5524 δὲ
2268 5468 2368 5538 τῆς
2423 5464 2644 5536 ἀγάπης
2702 5462 2770 5516 δι’
2825 5459 3018 5530 ἑτέρας
3075 5473 3178 5509 που
3242 5450 3446 5506 ἄνωθεν
3498 5443 3702 5538 tetuli“

2162 5563 2220 5616 ἐν
2263 5533 2562 5630 ὀφθαλμοῖς
2599 5533 2708 5610 τῶν
2746 5551 2968 5626 νοητῶν·
2988 5567 3083 5604 σου
3121 5546 3326 5602 τούτων
3365 5533 3697 5611 Ἰσραηλιτῶν·

2534 5762 2575 5794 ⁸⁵
2622 5761 2947 5831 τρίπλωκον.
3051 5759 3094 5789 ⁸⁸
3127 5753 3222 5824 φεὸ
3253 5749 3343 5805 τοῦ
3391 5743 3486 5811 τῆς
3531 5743 3696 5806 μυσπο-
