4030 6500
845 48 1106 60 ’ἓν--ἠ-ιυ-

459 344 592 419 120⁸1

1711 343 1771 408 S.
1797 339 2118 412 JOANNIS
2145 338 2452 411 CLIMACI

3581 331 3724 398 1208

451 461 561 532 Sed
605 457 889 532 ﬁguratam
922 458 1137 516 dicendi
1167 458 1434 515 rationem
1469 457 1537 512 ad
1571 471 1917 514 communem
1949 457 2032 513 lo-

2150 455 2224 511 ιδν
2263 453 2361 510 τοῦ
2405 452 2635 515 κάλλους
2680 467 2772 504 σου
2809 449 2999 520 ἔρανον
3041 446 3418 516 ἐξυφαίνοντες
3463 445 3723 515 λέγωμεν

451 549 652 623 quendi
681 566 842 609 usum
875 565 1094 606 revoco.
1146 547 1293 604 Bene
1318 555 1574 618 precatus
1602 546 1762 604 nobis
1793 545 2030 604 alumnis

447 653 501 711 et
533 641 814 713 discipulis
839 642 972 714 tuis,
1000 641 1180 698 vidisti
1203 639 1514 711 propositos
1544 638 1667 697 illos
1688 651 1746 696 et
1783 639 2032 696 firmatos

446 730 713 800 virtutum
741 729 946 800 gradus
973 741 1038 792 ac
1064 727 1290 799 scalam,
1322 727 1482 798 cujus
1509 734 1566 782 tu
1597 741 1699 798 pro
1727 727 1902 798 gratia
1931 727 2030 782 tibi

445 835 476 874 a
502 819 616 886 0.89
642 819 937 890 impertita,
965 818 1045 874 uti
1074 817 1515 890 sapientissimus
1540 817 1878 875 architectus
1902 817 2031 873 fun-

445 914 702 985 damenta
726 911 939 980 locasti,
967 911 1079 968 imo
1101 911 1348 968 ultimam
1378 925 1602 982 quoque
1622 926 1848 979 manum
1875 910 2027 983 operi

445 1001 788 1074 imposuisti,
820 1000 1040 1072 quando
1065 1015 1152 1057 me
1190 1002 1692 1072 postremissimum
1725 1001 2028 1075 simplicem

444 1101 511 1143 ac
536 1085 746 1141 fatuum
769 1099 835 1140 ex
863 1083 1184 1140 humilitatis
1204 1100 1370 1154 cavea
1387 1091 1694 1149 extractum
1716 1085 2028 1150 sordentem

438 1185 500 1234 et
549 1175 896 1253 inquinatum
919 1212 935 1241 ,
977 1173 1218 1248 ﬁnguam
1250 1188 1429 1248 meam
1484 1175 1686 1246 populo
1713 1184 1808 1242 tuo
1846 1174 2032 1246 locare

443 1280 690 1352 coegisti.
755 1276 870 1337 Nec
904 1279 1013 1340 hoc
1038 1278 1261 1351 quidem
1315 1279 1664 1346 mirandum,
1703 1281 1928 1352 quando
1974 1293 2030 1338 ct

2125 538 2228 601 ὧδε
2249 561 2264 576 ·
2292 545 2375 598 ὅτι
2403 543 2499 599 καὶ
2537 539 3001 612 προσπεπέλακας
3032 536 3110 609 τῷ
3137 536 3255 608 δρει
3291 534 3373 606 τῷ
3402 535 3570 606 ἁγίῳ,
3621 534 3724 588 καὶ

2126 639 2187 694 τὺ
2212 637 2374 710 ὄμμα
2420 639 2502 701 είς
2536 633 2765 706 οὐρανὸν
2796 632 3096 696 ἀνέτεινας,
3141 645 3240 684 και
3281 628 3375 683 ἐπὶ
3408 628 3512 698 τὴν
3560 625 3726 696 βάσιν

2126 731 2220 787 τὸν
2258 731 2400 786 πόδα
2429 729 2792 800 ὲπιϐἑῧηκας,
2826 727 2922 782 καὶ
2949 725 3210 799 ἔδραμες,
3258 723 3355 777 καὶ
3382 721 3724 792 ἁνέδραμες,

2129 824 2224 878 καὶ
2246 822 2490 894 ὑψώθης,
2522 821 2621 876 καὶ
2649 820 2858 892 ἐπέϐης
2898 819 2994 874 ἐπὶ
3020 816 3304 888 Χερουϐὶμ
3349 813 3592 886 ἀρετῶν,
3621 813 3728 866 καὶ

2131 916 2462 988 ἑπετάσθης,
2489 915 2586 971 καὶ
2613 914 2813 986 ἀνὲὃης
2835 915 2892 968 ἂν
2920 910 3225 981 ἀλαλαγμῷ
3248 909 3340 963 τὸν
3364 907 3562 980 ἐχθρὸν
3594 922 3729 976 τρο-

2132 1008 2454 1079 τειοσάμενος
2485 1025 2500 1040 ο
2525 1050 2528 1051 ν
2552 1007 2650 1062 καὶ
2697 1005 3148 1078 προωδοποίησας
3229 1002 3325 1056 καὶ
3383 1001 3726 1073 προηγήσῃ·

2137 1101 2340 1172 μᾶλλον
2367 1100 2428 1157 δὲ
2461 1099 2556 1154 καὶ
2584 1101 2665 1162 εἰς
2695 1097 2776 1152 ἔτι
2801 1096 2898 1152 νῦν
2930 1097 3040 1168 ἡγῇ
3065 1111 3078 1126 ·
3108 1093 3205 1148 καὶ
3239 1095 3459 1165 προηγῇ
3497 1091 3730 1143 πάντων

2136 1190 2295 1262 ἡμῶν
2322 1191 2410 1244 ἐπ’
2449 1191 2620 1262 αὐτὴν
2654 1190 2758 1261 τὴν
2791 1187 3038 1261 κορυφὴν
3070 1185 3403 1259 ἀναδραμὼν
3431 1185 3533 1256 τῆς
3565 1181 3729 1245 ὁσίας

2137 1283 2402 1354 κλίμακος
2440 1282 2538 1337 καὶ
2560 1281 2784 1346 ἑνωθεὶς
2809 1284 2878 1352 τῇ
2905 1280 3097 1352 ἀγάπῃ
3117 1295 3132 1310 ·
3164 1281 3199 1350 ὴ
3219 1278 3277 1331 δὲ
3298 1277 3490 1348 ἀγάπη
3517 1274 3675 1328 ἐστὶν
3703 1274 3734 1325 6

443 1371 616 1448 Mosi,
645 1371 724 1427 uti
768 1381 954 1428 narrat
1003 1371 1232 1438 historia
1255 1413 1270 1439 ,
1299 1382 1658 1439 consuetum,
1713 1372 2030 1442 impeditam

2150 1375 2271 1438 Βεός
2297 1391 2313 1407 ·
2343 1375 2428 1429 ὅτι
2461 1373 2611 1446 αὑτῷ
2649 1375 2852 1445 πρέπει
2888 1373 3015 1442 δόξα
3037 1413 3053 1439 ,
3093 1371 3318 1444 κράτος,
3351 1368 3512 1440 τιμὴ,
3555 1366 3659 1421 καὶ
3693 1367 3731 1437 ἡ

443 1477 717 1534 excusare
755 1465 1004 1536 linguam
1031 1462 1076 1516 ί.
1117 1461 1410 1519 Enimvero
1439 1462 1532 1518 ille
1553 1463 1818 1532 vicarium
1847 1475 2032 1527 orato-

2150 1465 2510 1536 ιτροσιύνησις
2541 1467 2624 1528 είς
2655 1465 2785 1528 τοὺς
2815 1463 3020 1536 αἰῶνας
3046 1464 3156 1519 τῶν
3176 1461 3410 1519 αἰώνων.
3451 1460 3654 1530 Ἀμήν.

445 1570 562 1625 rem
615 1556 804 1632 habuit
855 1566 911 1612 et
946 1553 1223 1612 eruditum
1275 1564 1332 1618 et
1374 1555 1688 1630 expeditum
1732 1557 2026 1622 Aaronem.
2063 1556 2169 1614 Sed
2207 1567 2289 1626 tu,
2331 1557 2517 1613 divine
2563 1567 2764 1629 mysta,
2797 1555 2941 1612 haud
2984 1555 3100 1613 scio
3123 1569 3236 1626 quo
3272 1552 3384 1608 fato
3448 1547 3733 1620 impulsus

446 1648 516 1720 ad
547 1648 757 1726 aridam
789 1647 932 1704 hanc
959 1648 1257 1718 cisternam
1283 1652 1338 1714 et
1363 1643 1744 1722 Egyptiarum
1767 1661 2029 1716 ranarum
2069 1648 2353 1720 uliginem,
2383 1648 2495 1705 imo
2555 1649 2832 1706 ulceribus
2878 1649 3092 1720 plenam
3148 1647 3228 1705 sis
3298 1646 3534 1703 delatus.
3617 1644 3730 1711 Qui

447 1749 629 1802 tamen
661 1739 820 1812 501
875 1755 976 1810 par
1005 1754 1115 1796 non
1142 1749 1261 1808 est,
1305 1737 1383 1794 uti
1413 1753 1520 1802 non
1551 1746 1771 1810 sponte,
1849 1740 1946 1796 sed
2012 1747 2108 1797 tuo
2140 1741 2301 1813 jussu
2355 1750 2665 1813 susceptam
2719 1741 3025 1798 orationem
3079 1739 3134 1794 in
3187 1739 3296 1795 ﬁne
3331 1739 3733 1794 destituamuso

447 1850 690 1904 rursum,
719 1849 753 1889 ο
779 1833 1019 1891 caelestis
1044 1849 1264 1906 pegase,
1287 1832 1610 1904 praclarum
1641 1841 1750 1891 tua:
1779 1835 2206 1906 pulchritudinis
2227 1837 2513 1908 premium
2575 1835 2914 1893 subtexcndo
2947 1835 3061 1905 jam
3116 1833 3366 1904 proxime
3422 1830 3492 1886 ad
3555 1845 3727 1886 mone

446 1941 556 1994 tem
596 1935 848 1983 sanctum
922 1927 1244 1993 accesseris,
1309 1925 1593 1996 oculisque
1634 1927 1690 1982 in
1754 1927 1954 1986 coelum
1998 1929 2230 1986 sublatis
2277 1930 2392 2000 jam
2441 1930 2633 2002 pedem
2691 1929 2748 1985 in
2804 1926 3175 1984 fundamentis
3247 1924 3375 1980 οεοιί
3431 1923 3719 1995 posueris.

445 2019 749 2079 Cucurristi
777 2034 909 2092 ergo
933 2027 989 2076 et
1014 2018 1338 2087 recurristi,
1374 2020 1430 2074 in
1455 2019 1625 2086 altum
1649 2021 1914 2089 evasisti;
1953 2021 2024 2078 ad
2056 2021 2498 2079 Cherubinorum
2540 2022 2762 2079 ordines
2811 2035 2911 2081 seu
2977 2018 3207 2074 virtutes
3277 2015 3579 2088 aspirasti;
3627 2014 3734 2068 de-

448 2112 627 2192 pulsis
653 2127 718 2168 ac
747 2111 1097 2186 triumphatis
1125 2111 1377 2176 hostibus
1405 2109 1460 2178 ip
1515 2109 1718 2178 malum
1769 2113 2019 2181 evolasti,
2049 2123 2105 2170 et
2137 2113 2194 2170 in
2229 2114 2406 2186 jubilo
2438 2113 2782 2172 ascendisti:
2832 2113 2946 2169 dux
2976 2111 3187 2168 itineris
3221 2109 3404 2176 fuisti,
3451 2108 3738 2178 hodieque

446 2207 650 2275 ducere
679 2212 736 2265 et
766 2203 963 2275 praeire
989 2219 1100 2274 non
1141 2201 1406 2276 gravaris,
1435 2202 1531 2273 qui
1559 2203 1630 2259 ad
1671 2204 1834 2261 scale
1875 2215 2039 2278 caput
2074 2221 2504 2279 supremumque
2577 2209 2806 2280 gradum
2863 2206 3084 2273 enixus,
3128 2205 3240 2260 Deo
3273 2219 3374 2276 per
3399 2205 3735 2259 charitatem

448 2315 511 2366 βε
550 2299 770 2374 penitus
803 2298 1063 2364 insertus.
1121 2297 1266 2366 Dens
1305 2306 1493 2364 amem
1526 2299 1768 2365 Charitas
1831 2309 1946 2368 est,
2011 2301 2101 2360 cui
2141 2303 2350 2374 gloria,
2407 2304 2733 2376 imperium,
2787 2302 2992 2367 honor,
3039 2311 3095 2357 et
3135 2299 3384 2356 adoratio
3431 2300 3485 2354 in
3532 2313 3738 2356 omnes

448 2390 700 2449 omnium
738 2389 1068 2457 saeculorum
1107 2391 1461 2453 azternitates.
1522 2389 1721 2455 Amen.

1015 2475 1109 2535 AD
1157 2475 1312 2532 CAP.
1348 2475 1468 2532 xv.
2071 2490 2114 2546 Β

1077 2569 1330 2628 Scholion
1366 2571 1417 2626 l.

520 2664 813 2736 Proprium
855 2670 942 2720 est
984 2662 1182 2719 animm
1228 2677 1382 2734 pura;
1427 2677 1613 2720 sermo
1649 2665 1800 2719 omni
1847 2679 2042 2722 carens

2659 2482 2767 2537 ΕΙΣ
2809 2482 3060 2537 ΚΕΦΑΛ.
3113 2479 3212 2536 IE'.

2742 2574 3004 2641 Σχόλιον
3031 2578 3098 2626 α’.

2211 2665 2410 2736 Ψυχῆς
2447 2664 2695 2736 καθαρᾶς
2733 2664 2886 2733 ἴδιον,
2930 2665 3088 2736 λόγος
3132 2665 3232 2737 μὲν
3272 2664 3526 2736 ἄφθονος,
3565 2664 3736 2735 ζῆλος

446 2759 650 2834 invidia
669 2801 682 2828 ,
708 2757 986 2816 aemulatio
1009 2758 1240 2829 simplex
1275 2766 1332 2815 et
1359 2757 1643 2824 innocens,
1668 2766 1722 2814 et
1756 2773 1914 2814 amor
1942 2773 2036 2815 seu

2150 2757 2200 2810 δὲ
2229 2756 2434 2823 ἄκακος
2461 2756 2558 2813 καὶ
2591 2757 2731 2830 ἔρως
2753 2758 3034 2822 ἄπαυστος
3052 2758 3148 2812 τοῦ
3173 2757 3383 2830 Κυρίου
3411 2757 3513 2828 τῆς
3533 2757 3700 2826 δόξης
3717 2771 3734 2795 θ

444 2850 780 2922 desiderium
816 2849 1004 2920 gloriae
1028 2847 1244 2905 Domini
1283 2857 1548 2906 aeternum
1571 2857 1627 2905 et
1662 2848 2039 2921 irrequietum.

447 2942 604 3016 Tunc
628 2941 773 3000 enim
805 2957 960 3007 mens
987 2955 1118 3007 suas
1146 2941 1330 2998 lances
1358 2951 1414 2999 et
1442 2944 1681 3012 pondera
1708 2941 2038 3005 conformat,

2143 2849 2266 2904 τότε
2289 2849 2398 2920 γὰρ
2450 2849 2547 2904 καὶ
2585 2852 2686 2914 τὰς
2727 2850 2934 2914 οἰκείας
2974 2852 3004 2904 6
3049 2849 3176 2914 νοῦς
3212 2849 3566 2921 διαρυθμίζει
3599 2847 3738 2902 πλά-

2146 2957 2378 3012 στιγγας
2411 2957 2426 2973 ⁸
2463 2942 2561 2996 καὶ
2595 2942 2654 2996 ὲν
2695 2941 3073 3013 καθαρωτάτῳ
3111 2940 3385 3013 κριτηρίῳ
3422 2942 3490 3012 τῇ
3528 2937 3735 2993 ἑαυτοῦ

447 3044 612 3106 atque
651 3035 709 3090 in
753 3033 1055 3106 purissimo
1084 3031 1342 3099 tribunali
1390 3032 1592 3099 mentis
1617 3047 1732 3097 suae
1765 3031 2036 3092 examinat

2150 3035 2350 3109 διανοίᾳ
2387 3032 2672 3105 ὲμπαρών.

445 3135 502 3188 et
532 3126 783 3198 castigat.

958 3281 963 3287 ,
1069 3214 1324 3273 Scholion
1359 3216 1415 3272 ἢ.

519 3308 1032 3379 Concupiscentiam
1062 3308 1270 3366 carnis.

1076 3398 1334 3456 Scholion
1367 3400 1422 3456 5.

519 3489 738 3570 Elatum
799 3488 1085 3556 animum,
1138 3489 1435 3560 superbum
1507 3489 1761 3562 intelligit
1821 3491 2043 3547 nomine

449 3579 776 3654 Pharaonis.

1078 3666 1328 3728 Scholion
1367 3669 1422 3733 ι.

519 3753 719 3829 carnis
753 3754 1008 3828 ardorem
1043 3755 1322 3814 Climacus
1357 3757 1511 3818 dicit.

1073 3843 1326 3910 Scholinn
1362 3845 1417 3914 5.

525 3931 651 4002 Sive
681 3930 978 4004 perfectam
1010 3931 1374 4004 cognitionem
1416 3932 1472 3987 in
1511 3930 1696 4001 futuro
1727 3934 1948 3999 seculo.

977 4023 1140 4105 502
1189 4024 1445 4098 Scholion
1479 4023 1534 4080 6.

520 4115 637 4188 Hoc
664 4115 797 4173 dicit
823 4133 838 4171 :
884 4112 1094 4188 Populo
1120 4123 1216 4170 tuo
1243 4117 1462 4187 proprio
1493 4115 1617 4187 igne
1646 4115 1859 4182 ardenti
1879 4156 1896 4185 ,
1927 4116 2042 4173 sive

450 4207 568 4279 suis
619 4205 1012 4280 cupiditatibus
1063 4203 1523 4277 concupiscentia
1578 4202 1831 4276 ﬂagranti
1854 4243 1870 4269 ,
1943 4217 2041 4274 per

2749 3198 3011 3268 Σχόλιογ
3041 3195 3109 3266 β’.

2216 3289 2328 3359 Τὴν
2367 3286 2634 3358 σαρκικὴν
2656 3286 2974 3358 ἐπιθυμίαν.

2760 3377 3018 3446 Σχόλιον
3043 3375 3114 3446 γ’.

2225 3472 2566 3544 Ἑπηρμᾶνον
2596 3467 2723 3526 νοῦν
2745 3469 3097 3542 ὑπερήφανον
3129 3468 3281 3538 λέγει
3323 3465 3591 3532 πτώσεως
3629 3481 3744 3536 ys?

2145 3563 2251 3619 νῶν
2276 3563 2354 3636 (a)
2387 3563 2450 3616 τὸ
2486 3561 2707 3634 Φαραώ,

2748 3654 3011 3724 Σχόλιον
3055 3653 3119 3707 δ’.

2214 3745 2325 3818 Τὴν
2354 3745 2620 3818 σαρκικὴν
2651 3744 2900 3818 πύρωσιν
2937 3745 2966 3798 6
2993 3742 3212 3816 κλίμαξ
3228 3743 3401 3814 λέγει,

2749 3837 3010 3906 Σχόλιον
3032 3841 3094 3891 ε’.

2217 3931 2423 4004 Ἥγουν
2455 3933 2555 4004 τὴν
2577 3931 2792 3986 τελείαν
2817 3930 3024 4000 γνῶσιν
3051 3929 3152 4004 τὴν
3181 3930 3243 3985 ὲν
3273 3927 3353 4000 τῷ
3377 3928 3650 4000 μέλλοντι.

2734 4024 2998 4093 Σχόλιον
3031 4029 3108 4088 ς’.
3133 4037 3137 4039 ·

2213 4112 2388 4182 Τοῦτο
2436 4114 2608 4189 λέγει,
2652 4114 2736 4168 ὅτι
2780 4113 3074 4185 Καιομένῳ
3115 4112 3195 4182 τῷ
3233 4112 3314 4184 σῷ
3347 4111 3465 4184 λαῷ
3495 4113 3602 4168 ὑπὸ
3632 4113 3734 4167 τοῦ

2141 4203 2348 4274 οἰκείου
2397 4202 2590 4274 πυρὸς,
2639 4203 2810 4274 ἤγουν
2853 4203 2964 4256 τῶν
3013 4202 3236 4257 οἰκείων
3279 4201 3594 4274 ἐπιθυμιῶν
3632 4204 3733 4258 καὶ

449 4285 658 4371 lignum
687 4297 871 4356 crucis
895 4305 1156 4369 tanquam
1188 4295 1402 4369 Moyses
1429 4297 1772 4360 succurristi,
1802 4297 1918 4354 sive
1947 4310 2036 4370 per

2150 4297 2334 4352 παθῶν
2365 4296 2454 4358 διὰ
2483 4295 2644 4366 ξύλου
2670 4295 2928 4368 σταυροῦ,
2957 4296 3151 4367 ὥσπερ
3177 4297 3208 4350 6
3231 4295 3476 4365 Μωῦσῆς
3499 4293 3733 4348 ἐπεκού-

449 4389 797 4471 aﬂlictionem
820 4431 836 4457 ,
885 4397 942 4458 et
990 4388 1401 4454 crucifixionem
1448 4388 1629 4448 fontes
1672 4389 2041 4461 lacrymarum

449 4482 560 4550 illis
595 4482 666 4537 ad
713 4479 970 4548 Mosaicae
1019 4479 1493 4562 contemplationis
1534 4481 1807 4561 [visionis]
1855 4482 2041 4548 imita-

447 4575 657 4643 tionem
693 4572 1021 4645 produxisti.

1069 4666 1321 4727 Scltoliou
1355 4671 1410 4731 7.

516 4758 637 4816 Duo
665 4767 796 4817 sunt
849 4757 999 4816 modi
1041 4759 1223 4817 crucis
1245 4757 1702 4827 conscendendaz,
1745 4758 1884 4820 alter
1911 4774 2039 4821 cum

448 4867 651 4923 corpus
682 4852 740 4908 in
759 4866 976 4910 crucem
1012 4853 1232 4924 agitur;
1261 4853 1400 4909 alter
1418 4867 1544 4908 cum
1577 4866 1675 4922 per
1698 4853 2009 4924 contempla
2026 4884 2044 4901 -

447 4945 653 5016 tionem
695 4944 752 5004 in
783 4959 1001 5014 crucem
1029 4946 1421 5003 ascendimus:
1470 4953 1526 5002 et
1579 4944 1791 5015 primus
1817 4945 2038 5017 quidem

447 5050 516 5102 ex
546 5037 817 5106 libertate,
851 5039 989 5096 alter
1016 5053 1086 5095 ex
1109 5039 1160 5096 vi
1200 5048 1254 5095 et
1294 5024 1513 5096 actione
1542 5052 1772 5109 operum
1803 5037 1898 5103 fit,
1951 5038 2040 5095 cui

448 5140 562 5180 non
595 5125 886 5202 subjicitur
919 5141 1076 5182 mens
1109 5125 1215 5182 nisi
1244 5140 1444 5196 corpus
1479 5124 1648 5182 fuerit
1698 5126 2032 5197 subjectum.

2065 5177 2112 5235 D

2145 4405 2342 4464 ρησας,
2359 4389 2531 4462 ἧγουν
2556 4387 2646 4444 διὰ
2691 4387 3066 4452 κακοπαθείας
3101 4387 3196 4442 καὶ
3228 4385 3592 4456 σταυρώσεως
3623 4385 3728 4456 τῆς

2142 4484 2368 4556 σαρκὸς,
2402 4483 2586 4555 πηγὰς
2611 4480 2868 4553 δακρύων
2897 4481 3215 4545 ἀναϐλύσας
3239 4479 3429 4542 αὐτοῖς
3455 4478 3601 4534 κατὰ
3627 4479 3726 4550 μί-

2145 4591 2309 4648 μησιν
2334 4573 2431 4629 τοῦ
2456 4573 2758 4640 Μωσαῖκοῦ
2779 4572 3160 4648 θεωρήματος,

2618 4671 2668 4724 Σ
2669 4670 2882 4738 χόλων
2921 4666 3132 4725 Ἰσαὰκ
3160 4667 3227 4734 ζ’.

2209 4759 2314 4830 ᾼύο
2347 4761 2539 4832 τρόποι
2561 4758 2670 4812 είσὶ
2699 4756 2794 4813 τοῦ
2823 4758 3071 4816 ἀνελθεῖν
3097 4758 3160 4814 ἑν
3179 4756 3259 4829 τῷ
3279 4774 3416 4812 σταυ
3427 4756 3527 4828 ρῷ,
3556 4756 3586 4809 6
3615 4751 3721 4822 εἷς,

2139 4852 2174 4923 ἡ
2208 4851 2516 4923 σταύρωσις
2542 4849 2638 4904 τοῦ
2665 4848 2919 4922 σώματος
2943 4869 2957 4884 ο
2992 4851 3089 4906 καὶ
3113 4853 3144 4905 6
3175 4848 3450 4922 δεύτερος,
3484 4845 3580 4903 τοῦ
3619 4849 3722 4902 ἁν-

2139 4942 2312 5012 ελθεζν
2333 4943 2416 5007 είς
2443 4941 2680 5014 θεωρίαν
2697 4957 2712 4975 ο
2737 4942 2834 4997 καὶ
2855 4944 2886 4998 6
2911 4941 3012 5014 μὲν
3038 4942 3254 5014 πρῶτος
3283 4945 3350 4996 ὲκ
3375 4942 3480 5014 τῆς
3509 4940 3730 4996 ἐλευθεη

2144 5033 2263 5105 ρίας
2286 5049 2303 5065 ·
2337 5035 2367 5086 6
2388 5033 2447 5102 δὲ
2464 5032 2716 5106 δεύτερος
2745 5034 2811 5088 ὲκ
2845 5033 2946 5104 τῆς
2969 5033 3254 5106 ἐνεργείας
3282 5033 3394 5088 τῶν
3413 5033 3593 5104 ἔργων
3633 5033 3721 5102 γίο

2139 5141 2311 5192 νεται,
2341 5117 2494 5197 ᾧτινι
2514 5125 2613 5196 οὐχ
2643 5125 3008 5191 ὑποτάσσεται
3035 5126 3065 5178 6
3093 5123 3239 5191 νοῦς,
3261 5125 3360 5180 ἐὰν
3381 5123 3459 5197 μὴ
3481 5125 3544 5180 τὸ
3564 5124 3729 5196 σῶμα

449 5215 698 5289 Regnum
750 5218 920 5284 animi
971 5227 1058 5275 est
1096 5218 1378 5275 cruciﬁxio
1401 5219 1689 5289 corporis;
1741 5234 1843 5276 nec
1881 5234 2035 5276 mens

2150 5218 2409 5288 ὅποτᾳγῇ.
2452 5218 2517 5270 Ἠ
2546 5215 2793 5287 βασιλεία
2822 5216 2917 5271 τοῦ
2944 5214 3056 5283 νοῦ,
3089 5217 3123 5288 ἠ
3149 5215 3456 5289 σταύρωσίς
3486 5217 3602 5270 ἐστι
3626 5216 3726 5270 τοῦ

450 5305 566 5363 Deo
595 5307 884 5386 subjicitur
923 5308 1030 5383 nisi
1059 5307 1294 5387 liberum
1325 5307 1614 5386 arbitrium
1641 5309 1844 5384 rationi
1873 5310 2040 5368 fuerit

452 5400 781 5478 mﬁmmm.

529 5577 552 5622 ί
585 5578 760 5639 Exod.
813 5599 889 5649 tv.
923 5584 1008 5640 ιῡ.

523 5757 602 5845 (ιι)
651 5762 833 5821 Locus
874 5767 1083 5826 videtur
1114 5781 1424 5844 corruptus.
1459 5771 1717 5829 Fortasse
1752 5773 1927 5843 γένος.

2136 5311 2408 5382 σώματος,
2453 5310 2550 5377 καὶ
2594 5310 2693 5380 οὐχ
2723 5309 3089 5366 ὑποτάσσεται
3127 5310 3159 5364 6
3184 5307 3310 5374 νοῦς
3339 5307 3419 5382 τῷ
3453 5307 3597 5381 Θεῷ,
3625 5305 3725 5375 ἐὰν

2145 5403 2220 5475 μὴ
2251 5403 2502 5473 ὑποταγῇ
2536 5400 2597 5457 τὸ
2622 5400 2966 5468 αὐτεξούσιον
3003 5401 3084 5475 τῷ
3115 5399 3341 5475 λογικῷ.
