4030 6416
291 379 430 448 1909

901 494 1160 563 Σχόλιον
1194 503 1264 566 η’,

358 587 530 642 Τοῦτο
556 586 733 656 λέγει·
765 588 978 660 Ὥσπερ
1018 587 1274 661 Ἰησοῦςὸ
1303 588 1398 642 τοῦ
1434 589 1610 660 Ναυῆ,
1671 591 1740 660 τῇ
1772 588 1871 659 ῥά-

283 679 399 752 ϐδῳ
413 680 505 735 τὸν
528 679 802 752 Ἰορδάνην
823 679 1036 751 τέμνων
1050 682 1096 712 ⁷⁸
1124 680 1194 735 τὰ
1222 679 1322 752 μὲν
1346 680 1659 754 ἔμπροσθεν
1680 681 1873 754 ῥέοντα

283 773 454 828 ὕδατα
499 772 637 844 πρὸς
672 773 772 845 τὴν
806 773 1080 828 θάλασσαν
1108 773 1218 827 τῶν
1257 773 1403 829 ἁλῶν
1439 773 1538 845 τὴν
1571 772 1872 845 λεγομένην

279 865 504 936 Νεκράν
533 865 749 935 ἀφῆκεν
778 866 1133 938 ὑπορῤεῦσαιο
1165 867 1233 921 τὰ
1266 867 1324 920 δὲ
1367 866 1590 920 ὄπισθεν
1639 866 1870 938 ἔστησεν

277 960 346 1012 ἐν
390 957 689 1029 ὀφθαλμοῖς
729 957 824 1012 τοῦ
865 959 996 1014 λαοῦ
1019 975 1034 990 °
1088 959 1261 1023 οὕτως
1289 959 1385 1014 καὶ
1437 961 1501 1013 σὺ
1547 958 1640 1013 τὸν
1669 961 1870 1014 οἰκεῖον

276 1046 412 1101 λαὸν
439 1047 683 1118 διαιρῶν,
717 1049 812 1102 καὶ
836 1049 971 1118 πρὸς
1003 1049 1101 1121 τὴν
1120 1049 1372 1104 διάϐασιν
1397 1049 1490 1103 τοῦ
1521 1050 1724 1122 κόσμου
1749 1050 1870 1104 τού·
1903 1085 1908 1096 ι

273 1156 380 1192 του
410 1141 868 1210 παρασκευάζων,
914 1140 986 1195 τὰ
1015 1142 1115 1213 μὲν
1155 1142 1497 1210 είσαγωγικὰ
1535 1143 1746 1212 δάκρυα
1798 1145 1866 1214 τῇ

271 1231 482 1302 πικρίᾳ
510 1231 604 1285 καὶ
641 1231 791 1304 ἅλμῃ
831 1231 937 1287 τῶν
985 1233 1210 1298 παθῶν,
1247 1235 1342 1288 καὶ
1376 1233 1486 1288 τῶν
1525 1234 1703 1288 πόνων
1741 1251 1868 1287 συν-

269 1321 626 1403 εκλήρωσας,
657 1323 750 1376 καὶ
771 1325 838 1394 τῇ
861 1322 1126 1394 νεκρὼσει
1142 1323 1250 1376 τῶν
1276 1322 1476 1395 ἡδονῶν
1495 1324 1831 1394 περιώρισας
1850 1339 1865 1353 ·

267 1414 341 1466 οῦ
381 1411 490 1484 γὰρ
518 1414 679 1484 χρεία
709 1413 917 1468 τούτων
945 1414 1084 1484 μετὰ
1111 1415 1211 1486 τὴν
1239 1414 1509 1487 νέκρωσιν
1531 1430 1546 1447 ο
1580 1413 1650 1468 τὰ
1687 1414 1744 1467 δὲ
1765 1413 1868 1482 τῆς

267 1505 500 1576 ἀγάπης
530 1503 756 1559 ὄπισθεν
783 1505 1078 1578 ἐρχόμενα,
1110 1508 1185 1571 ὡς
1212 1507 1523 1562 τελειοποιὰ
1565 1508 1696 1580 ἔστη
1726 1509 1868 1564 ἄνω-

269 1596 391 1661 θεν,
421 1595 591 1666 ἤγουν
625 1595 874 1668 σταθηρὰ
903 1595 997 1650 καὶ
1025 1596 1240 1668 βέϐαια,
1267 1598 1363 1651 καὶ
1397 1597 1735 1653 ἀναλλοίωτα
1757 1599 1866 1653 ὑπὸ

269 1687 373 1758 τῆς
404 1675 612 1740 ἄνωθεν
644 1685 868 1760 χάριτος
893 1686 1156 1758 ἐποίησας
1188 1688 1247 1740 ὲν
1277 1689 1392 1752 τοῖς
1419 1687 1725 1758 ὀφθαλμοῖς
1770 1705 1864 1741 σου

276 1775 562 1856 μαθητῶν.

885 1945 931 1996 Σ
933 1943 1148 2011 χόλων
1188 1943 1255 1998 θ’.

357 2034 656 2100 Ὄπισθιν,
698 2031 852 2089 εἶπεν
878 2075 894 2100 ,
939 2034 1084 2088 ὀκτὼ
1134 2034 1334 2099 κακίας
1381 2035 1646 2107 ἐποίησας
1691 2037 1862 2108 πάθη,

281 2129 464 2183 ἐκεῖσε
495 2127 701 2192 λοιπὸν,
739 2130 786 2182 τί
828 2127 1025 2192 θέλεις,
1054 2127 1384 2193 ῐδοις,·τάδε,
1411 2128 1552 2200 ἐμὴν
1589 2129 1866 2202 ἄπληστον

275 2223 490 2277 κοιλίαν
522 2224 616 2277 καὶ
642 2223 962 2294 παμφάγον,
1008 2220 1198 2276 παθῶν
1243 2221 1512 2289 ἄνασσαν,
1544 2221 1866 2293 βασίλισσαν

270 2315 540 2386 γαστέρα.
1825 2333 1827 2336 ‘

981 2497 1160 2551 όλιον
1205 2504 1260 2552 ι’.

981 2499 1016 2550 ό
1059 2514 1077 2549 ι
1227 2504 1260 2552 ⁸.

339 2586 421 2640 Τὸ
450 2586 610 2657 βάθος
635 2584 782 2653 εἷπε,
809 2499 1235 2659 τὸνΣέυθένοζῶν
1263 2588 1554 2660 δογμάτων
1582 2589 1720 2662 ᾅδην
1741 2606 1863 2660 τρο.

261 2679 472 2747 πικῶς,
503 2679 604 2735 οὐκ
635 2680 781 2752 ἐμῆς
803 2680 984 2752 ψυχῆς
1025 2681 1212 2747 τόπος.

874 2871 1134 2941 Σχόλιον
1163 2877 1252 2927 ια’.

328 2959 510 3014 Ὀσον
555 2961 614 3015 ὲν
649 2958 874 3032 Χριστῷ
922 2959 1131 3030 Ἰησοῦ,
1179 2960 1240 3025 ὃς
1289 2959 1358 3016 ἂν
1390 2960 1614 3034 ἀπαρχὴ
1661 2963 1861 3029 παντὸς

248 3050 430 3123 ἡμῶν
455 3051 552 3106 τοῦ
581 3053 793 3121 γένους,
836 3054 955 3107 ἐκεῖ
977 3052 1216 3124 κάθηται
1250 3053 1415 3126 σαρκί
1437 3070 1452 3086 ο
1479 3052 1558 3125 τῷ
1587 3053 1721 3120 Θεὸς
1749 3055 1858 3126 γὰρ

243 3139 340 3215 ἦν,
371 3145 522 3199 ὅπου
553 3143 765 3210 Παῦλος
794 3143 995 3216 ἔφησεν
1021 3145 1296 3217 ἁρπαγαῖς
1325 3145 1460 3202 ἄνω.

861 3234 1126 3304 Σχόλιον
1165 3231 1256 3303 ιβ’.

323 3327 547 3398 Ἔρως,
576 3324 771 3396 θυμὸς,
793 3325 920 3392 νοῦς
951 3326 1214 3399 τριμερὲς
1241 3322 1394 3400 μέγα
1434 3326 1653 3400 κράτος,
1681 3324 1856 3390 πάθος

236 3418 356 3493 τὴν
395 3416 706 3489 ἐπιθυμίαν
723 3415 894 3487 λέγει.
1480 3407 1482 3409 ά

656 3692 847 3748 Ἀλλο
875 3695 1133 3766 σκόλιον
1169 3695 1467 3766 Μαξίμου.

321 3783 412 3839 Th
441 3783 673 3854 θυμικὸν
713 3783 818 3856 τῆς
846 3784 1027 3858 ψυχῆς
1055 3786 1248 3861 ἀγάπῃ
1275 3788 1576 3859 χαλίνωσον
1603 3803 1617 3818 ·
1652 3789 1749 3843 καὶ
1790 3790 1854 3844 τὸ

250 3875 668 3948 ιπιθυμητικδν
694 3877 864 3949 αὐτῆς
903 3880 1204 3954 ἐγκρατείᾳ
1227 3881 1471 3956 μάρανον
1496 3899 1511 3914 ·
1540 3883 1638 3938 καὶ
1669 3881 1731 3936 τὸ
1761 3881 1852 3938 λο·

249 3968 516 4039 γιστικδν
540 3970 708 4042 αὐτῆς
731 3975 1008 4044 προσευχῇ
1037 3973 1322 4045 πτέρωσον
1339 3990 1354 4006 ο
1382 3973 1478 4028 καὶ
1506 3973 1568 4028 τὸ
1597 3972 1714 4044 φῶς
1752 3972 1850 4028 τοῦ

248 4059 360 4116 νοῦ
390 4059 498 4116 οὐκ
524 4061 865 4135 ἀμαυροῦται
893 4081 1048 4120 ποτε.

320 4239 379 4274 τ’
413 4237 707 4311 αΙ.τεμὼν,
739 4238 955 4313 ταμών.

1519 383 1754 443 LIBER
1778 383 1877 442 AD
1906 377 2325 446 PASTOREM.

3421 385 3560 450 12M

2603 497 2850 554 Scholaon
2889 498 2944 553 8.

2051 583 2163 640 lloc
2189 585 2357 642 dicit:
2390 585 2860 654 Quemadmodum
2891 601 3016 642 cum
3047 585 3206 642 Jesus
3236 585 3382 641 Nave
3410 588 3558 655 virga

1977 673 2267 731 Jordanem
2341 678 2650 744 divisisset,
2709 677 3010 733 anteriores
3061 691 3232 746 aquas
3297 677 3350 730 in
3411 691 3562 731 mare

1978 766 2219 832 salsum,
2253 765 2399 836 quod
2443 767 2715 822 Mortuum
2744 767 2966 833 dicitur,
3007 765 3246 822 defluere
3287 765 3555 835 permisit.

1977 854 2318 914 Posteriores
2347 866 2532 913 autem
2563 859 2700 913 stitit
2740 867 2866 913 ante
2891 859 3085 913 oculos
3125 857 3310 927 populi
3341 876 3354 912 :
3405 857 3478 911 ita
3504 865 3560 910 et
3677 907 3684 914 ,

1977 956 2034 1002 tu
2105 949 2364 1018 populum
2424 958 2576 1003 tuum
2631 947 2994 1004 domesticum
3047 947 3331 1007 dividens.
3386 955 3440 999 ct
3491 944 3555 997 ad

1975 1037 2164 1092 mundi
2193 1039 2354 1108 hujus
2377 1039 2666 1093 transitum
2689 1052 3026 1107 praeparans,
3045 1036 3314 1106 lacrymas
3336 1033 3553 1103 quidem

1975 1127 2180 1198 primas
2230 1130 2466 1184 tironum
2524 1127 2807 1185 acerbitati
2858 1137 2913 1182 et
2959 1127 3228 1198 salsugini
3283 1126 3552 1180 malarum

1975 1219 2323 1277 aﬂ‘ectionum
2353 1230 2408 1277 et
2438 1222 2688 1276 laborum
2709 1219 2866 1292 quasi
2897 1235 2994 1290 per
3018 1229 3222 1276 sortem
3245 1218 3552 1282 destinasti,

1972 1320 2027 1365 et
2067 1309 2408 1382 voluptatum
2442 1309 2844 1366 mortiﬁcationi
2891 1307 3183 1380 assignasti
3234 1310 3382 1377 (nam
3437 1317 3557 1376 post

1975 1411 2203 1458 mortem
2236 1401 2626 1472 cupiditatibus
2655 1400 2876 1455 allatam
2905 1398 3180 1468 elisasque
3205 1398 3459 1453 vitiorum
3489 1400 3553 1451 ti-

1973 1493 2103 1550 bras
2145 1493 2283 1548 nihil
2324 1493 2559 1564 amplius
2607 1492 2694 1548 his
2717 1505 2855 1561 opus
2878 1488 3007 1559 est).
3043 1489 3339 1544 Charitatis
3374 1503 3556 1542 autem

1973 1586 2130 1642 unda:
2153 1601 2184 1641 a
2207 1595 2361 1658 tergo
2379 1595 2670 1656 sequentes
2689 1599 2814 1655 quae
2834 1581 3104 1654 perfectos
3130 1580 3365 1637 reddunt
3389 1595 3555 1650 supra

1971 1677 2285 1743 constitere,
2321 1677 2426 1732 hoc
2453 1686 2538 1733 est
2563 1685 2903 1742 constantes,
2938 1674 3122 1730 ﬁrmas
3147 1683 3202 1730 et
3242 1672 3558 1727 immutabi-

1972 1767 2052 1823 les
2095 1782 2194 1838 per
2219 1767 2496 1823 cmlestem
2541 1767 2774 1838 gratiam
2813 1767 2868 1822 in
2906 1765 3297 1836 discipulorum
3340 1774 3555 1820 tuorum

1900 1871 1942 1926 Β
1969 1867 2269 1930 conspectu
2303 1859 2611 1917 reddidisti.

2593 1950 2846 2007 Scholion
2883 1950 2941 2006 9.

2035 2042 2224 2109 Retro,
2257 2042 2468 2114 inquit,
2499 2052 2626 2100 octo
2656 2043 2787 2098 vitia
2809 2041 3018 2098 vertisti
3040 2081 3056 2106 ,
3085 2041 3216 2097 vitia
3261 2055 3428 2112 porro
3456 2041 3553 2109 ibi,

1966 2135 2012 2191 si
2035 2136 2138 2202 vis,
2176 2136 2291 2191 haec
2313 2135 2561 2192 videbis:
2609 2150 2792 2190 meum
2828 2133 3210 2204 inexplebilem
3233 2145 3474 2190 ventrem
3502 2144 3558 2189 et

1966 2226 2150 2280 omnia
2176 2224 2579 2288 absumeutem,
2605 2224 2968 2294 cupiditatum
2995 2222 3260 2278 malarum
3288 2223 3551 2294 reginam,

1965 2322 2020 2370 et
2046 2314 2448 2384 imperatrigem
2471 2314 2655 2382 gulam
2685 2314 2815 2383 (hoc
2839 2313 3094 2369 nimirum
3127 2322 3212 2370 est
3243 2313 3377 2370 illud
3405 2329 3556 2370 mare

1967 2403 2241 2461 Mortuum
2274 2420 2305 2460 a
2342 2415 2494 2477 tergo
2528 2405 2834 2476 relictum).

2565 2497 2824 2552 Scholion
2863 2497 2950 2552 10.

2034 2587 2399 2657 Profundum,
2429 2588 2746 2658 dogmatum
2787 2588 3136 2643 altitudinem
3183 2603 3280 2659 per
3323 2589 3551 2660 figuram

1963 2681 2254 2752 appellavit
2302 2680 2574 2736 infernum
2641 2699 2655 2736 :
2707 2694 2820 2738 non
2869 2679 3122 2751 equidem
3176 2681 3375 2738 animae
3421 2697 3556 2738 mea)

1963 2773 2139 2831 locus.

2567 2862 2820 2920 Scholion
2860 2865 2945 2921 11.

2031 2955 2310 3024 Quantum
2337 2957 2392 3012 in
2424 2956 2648 3015 Christo
2677 2959 2831 3028 Iesu,
2862 2961 2958 3032 qui
2989 2960 3246 3032 primitias
3278 2959 3438 3033 503
3467 2970 3552 3016 to-

1962 3048 2070 3106 tius
2099 3049 2316 3121 generis
2343 3050 2520 3107 nostri
2564 3052 2640 3108 ibi
2674 3053 2830 3109 sedet
2857 3069 3110 3125 corpore.
3153 3053 3232 3109 lbi
3261 3053 3408 3108 enim
3434 3063 3553 3111 erat

1961 3143 2128 3212 Deus,
2167 3157 2278 3214 quo
2317 3143 2521 3201 Paulus
2560 3160 2621 3202 se
2645 3160 2866 3204 sursum
2901 3156 3121 3218 raptum
3170 3146 3334 3202 dixit.

2571 3234 2823 3292 Scholion
2863 3237 2950 3291 12.

2034 3325 2226 3392 Amor,
2251 3326 2354 3394 ira,
2385 3341 2541 3383 mens
2566 3326 2760 3396 triplex
2793 3327 2992 3385 animae
3021 3327 3252 3385 facultas
3275 3338 3330 3384 et
3360 3330 3554 3400 ingens

1963 3417 2273 3486 imperium.
2308 3416 2631 3473 Passionem
2657 3418 2766 3474 vim
2789 3420 3076 3490 appetendi
3103 3421 3360 3491 appellat.
3389 3422 3554 3492 (Pas-

1964 3509 2160 3575 sionis,
2184 3509 2432 3578 inquam,
2454 3523 2555 3565 seu
2579 3510 2867 3581 appetendi
2896 3519 2952 3566 et
2988 3509 3258 3568 irascendi
3289 3523 3344 3568 et
3379 3512 3552 3569 ratio-

1965 3600 2188 3656 cinandi
2228 3599 2594 3672 facultatem.)

2530 3693 2693 3748 Aliud
2729 3691 2980 3748 Maximi.

2033 3782 2153 3841 Vim
2183 3786 2458 3843 irascendi
2505 3785 2661 3842 frena
2692 3787 2981 3851 charitate,
3011 3787 3436 3858 concupiscendi
3466 3787 3550 3844 af-

1956 3878 2160 3935 fectum
2195 3880 2529 3936 continentia
2577 3879 2830 3948 emacia;
2883 3879 3246 3935 ratiocinandi
3293 3881 3551 3950 potentia:

1958 3986 2056 4041 per
2077 3987 2266 4042 preces
2287 3973 2405 4030 alas
2431 3971 2590 4039 adde,
2616 3981 2673 4030 et
2698 3971 2795 4029 lux
2833 3974 3035 4031 mentis
3065 3987 3346 4044 nunquam
3379 3973 3548 4030 hebe-

1958 4064 2181 4122 labitur.
