4030 6434
481 390 614 461 tati
1615 388 1674 447 s.
1719 383 2042 447 JOANNIS
2087 383 2609 448 RAITHUENSIS
3615 379 3752 448 12m

1049 527 3688 566 Μ

1521 707 2048 824 SANCTI
2117 704 2722 844 JOANNIS

1758 937 2078 1002 ABBATIS
2118 936 2467 1013 RAYTHU,

803 1111 870 1171 In
914 1107 1114 1171 sancti
1156 1106 1439 1181 Joannis,
1486 1110 1914 1184 cognomento
1947 1101 2322 1167 Scholastici
2352 1118 2464 1164 seu
2496 1099 2748 1164 Climaci
2789 1099 3123 1164 Climacem
3156 1097 3428 1163 Scholia.

758 1425 888 1480 Car.
924 1422 944 1476 I
976 1424 1056 1477 An
1083 1421 1313 1478 Gnarum
1342 1418 1363 1473 1
1388 1418 1513 1490 (σοι.
1545 1417 1646 1475 651
1674 1419 1763 1491 Α).
2102 1428 2148 1485 Α
2177 1418 2462 1487 profitetur
2495 1417 2865 1489 evangelicam
2903 1426 2958 1472 et
3007 1401 3314 1488 religiosam
3353 1417 3521 1470 vitam
3556 1423 3611 1472 et
3665 1433 3756 1472 ar-

550 1521 592 1573 Α
639 1518 748 1573 Βεο
779 1518 892 1586 ipso
918 1531 1216 1580 sumamus,
1260 1524 1366 1570 etc.
1405 1513 1750 1583 Principium
1789 1512 2060 1581 omnium,
2167 1518 2298 1577 tem,
2333 1519 2386 1566 et
2413 1509 2709 1574 mundano,
2744 1517 2800 1565 ct
2839 1508 3191 1574 I‘esolute,'in
3223 1507 3458 1571 deliciis,
3507 1516 3563 1563 et
3604 1524 3760 1565 reso-

479 1612 622 1667 Dcns
649 1620 752 1675 est,
797 1619 857 1664 ut
880 1619 1114 1673 creator,
1145 1607 1406 1672 medium,
1430 1615 1490 1661 ut
1522 1605 1796 1676 provisor,
1833 1606 1980 1672 ﬁnis,
2005 1615 2066 1662 ut
2167 1598 2470 1656 lutionibus
2517 1608 2572 1655 et
2612 1599 3065 1655 delectationibus
3115 1601 3240 1654 vitae
3299 1598 3555 1664 labentis,
3595 1600 3758 1655 latam

479 1703 791 1776 perfector:
821 1719 850 1757 a
899 1715 1010 1772 quo
1045 1700 1310 1756 debemus
1343 1699 1524 1755 facere
1556 1714 1665 1754 non
1706 1699 1886 1755 solum
1914 1699 2064 1770 prin-
2167 1692 2314 1748 viam
2362 1692 2597 1764 diligens
2625 1703 3006 1750 conversatur.
3039 1691 3244 1763 Impius
3284 1700 3366 1749 est
3393 1707 3614 1764 quoque
3663 1697 3759 1764 qui

478 1795 684 1866 cipium
718 1795 1010 1856 sermonis,
1047 1793 1143 1848 sed
1187 1791 1532 1856 intentionis,
1561 1798 1617 1846 et
1643 1792 1846 1861 operis,
1872 1799 1934 1846 ut
1965 1805 2064 1846 not-
2169 1798 2277 1838 non
2313 1782 2600 1853 proﬁtetur
2647 1783 3022 1853 evangelicam
3054 1781 3220 1836 vitam
3257 1789 3479 1853 propter
3505 1783 3763 1838 humanae

479 1897 590 1942 stra
623 1895 842 1957 propter
873 1887 1075 1954 ipsum,
1102 1893 1158 1938 et
1191 1884 1245 1937 in
1277 1883 1395 1953 ipso
1424 1881 1580 1938 fiant.
1617 1881 1688 1936 Et
1721 1883 1922 1936 amicos
1946 1883 2067 1953 qui-
2169 1876 2470 1948 prudentiae
2496 1876 2895 1946 insipientiam,
2917 1876 3073 1947 juxta
3114 1875 3242 1929 illud
3277 1893 3293 1930 :
3333 1876 3481 1929 Dixit
3508 1877 3760 1945 insipiens

477 1979 595 2032 dem
631 1977 727 2030 Dei
755 1993 772 2030 :
801 1991 1036 2047 quorum
1055 1974 1450 2045 esperientiam
1483 1973 1685 2028 habent
1714 1975 1808 2044 qui
1840 1974 2066 2030 humilia
2167 1970 2221 2022 in
2254 1969 2408 2024 corde
2429 1985 2525 2024 suo
2553 1969 2593 2034 ',
2625 1976 2758 2033 etc.,
2791 1968 2920 2038 quia
2955 1967 3046 2024 hic
3071 1967 3195 2024 talis
3224 1968 3461 2024 honorat
3484 1979 3539 2024 et
3570 1985 3762 2039 appre—

479 2071 721 2141 sapiunt.
761 2068 992 2138 Propter
1017 2067 1340 2124 delectabile
1376 2075 1560 2122 autem
1599 2067 1814 2124 amicus
1840 2066 2062 2136 dicitur,
2169 2062 2334 2118 tiatur
2370 2061 2701 2119 creationem
2733 2065 2916 2132 potius
2954 2076 3119 2131 quam
3165 2060 3510 2118 Creatorem.
3547 2061 3650 2116 Dei
3696 2081 3758 2116 a-

478 2173 539 2218 ut
581 2171 804 2234 propter
837 2162 968 2216 utile
998 2171 1053 2217 et
1102 2169 1321 2231 propter
1364 2160 1596 2228 bonum,
1635 2175 1828 2216 servus
1861 2170 1953 2216 :et
1976 2159 2067 2216 hic
2171 2165 2344 2210 mater
2372 2166 2450 2210 est
2477 2171 2497 2210 :
2527 2153 2891 2211 ditl'erentia-m
2927 2153 3166 2210 ostendit
3195 2153 3291 2210 Dei
3331 2154 3665 2220 dilectionis,
3707 2167 3763 2212 et

476 2255 694 2326 quidem
730 2255 1042 2311 conditione
1084 2261 1140 2310 et
1181 2254 1479 2320 creatione,
1525 2263 1584 2309 ut
1624 2253 1810 2320 filius;
1862 2253 1968 2308 title
2013 2262 2068 2309 et
2170 2246 2450 2312 monachi,
2475 2246 2703 2302 scilicet-
2727 2254 3046 2303 sanctorum
3085 2244 3435 2301 saecularium
3462 2257 3516 2302 et
3549 2247 3762 2302 ordinis

477 2347 913 2414 conversatione,
935 2357 993 2402 ut
1016 2345 1528 2418 PanlusetMoyses
1557 2345 1690 2401 :Per
1715 2348 2066 2403 obedientiam
2165 2341 2584 2412 coniugatorum
2637 2347 2693 2395 et
2748 2339 3096 2410 perfectioris
3144 2339 3566 2396 monachorum.
3621 2340 3760 2396 Dicit

475 2439 831 2493 indiscussam
854 2437 932 2509 (l)
965 2456 979 2492 :
1006 2437 1382 2492 Ubedientiam
1408 2437 1498 2491 hic
1521 2436 1656 2492 dicit
1676 2438 2063 2506 indiscus‘sam,
2165 2448 2297 2502 ergo
2329 2433 2396 2488 de
2449 2431 2700 2487 saeculari
2731 2440 2922 2487 sancto
2961 2449 2973 2486 :
3026 2431 3121 2487 Dei
3174 2441 3386 2488 amator
3436 2443 3543 2501 est,
3575 2435 3669 2504 qui
3701 2435 3758 2488 in

473 2539 696 2602 propter
717 2530 841 2585 tidei
872 2529 1265 2599 plenitudinem
1289 2538 1342 2584 et
1364 2529 1662 2584 voluntatis
1683 2529 1920 2599 propria:
1943 2545 2065 2599 per-
2167 2526 2369 2582 mundo
2397 2524 2758 2595 corporaliter
2798 2524 3010 2589 vivens,
3050 2538 3160 2580 non
3191 2527 3569 2581 communicat
3600 2542 3760 2581 aver-

473 2624 671 2679 fcctam
715 2622 1214 2678 mortiﬁcationem.
1279 2622 1540 2677 Subtriin
1569 2621 1648 2693 (2)
1687 2632 1738 2677 et
1779 2623 2064 2693 perlucida:
2167 2617 2418 2674 sionibus
2442 2631 2564 2688 quae
2606 2624 2736 2674 sunt
2762 2624 2956 2672 contra
2981 2624 3262 2684 naturam,
3285 2633 3416 2674 eum
3451 2626 3665 2674 orntum
3699 2629 3758 2674 ct

473 2715 764 2769 humilitati
801 2733 814 2768 :
849 2713 1169 2770 Maerentem
1202 2713 1376 2783 ipsam
1402 2714 1768 2769 humilitatem
1796 2725 1977 2780 vocat,
2010 2725 2064 2772 et
2100 2771 2136 2784 λ
2167 2713 2414 2770 ordinem
2447 2713 2541 2784 qui
2569 2720 2654 2769 est
2675 2713 2979 2770 secundum
3014 2723 3292 2781 naturam,
3321 2715 3419 2770 sed
3443 2713 3543 2770 Dei
3565 2715 3759 2772 volun-

474 2808 836 2880 tentationum
869 2815 923 2862 et
971 2771 1258 2877 poenarum
1307 2807 1798 2877 supportationem,
1845 2818 2066 2880 propter
2099 2771 2139 2827 Β
2169 2815 2338 2861 tatem
2374 2771 2635 2862 omnibus
2664 2807 2956 2876 praeponit,
2994 2806 3182 2863 unitus
3225 2807 3430 2864 Christi
3479 2809 3754 2864 charitati.

475 2899 716 2955 tristium
749 2899 1149 2967 sﬂ'erentiam,
1183 2908 1237 2955 et
1263 2899 1645 2966 adversitates,
1677 2911 1736 2956 et
1763 2917 1977 2972 poenas,
2009 2911 2065 2958 et
2170 2897 2438 2968 Perpetua
2472 2908 2681 2953 natura:
2702 2897 2972 2955 violentia.
3009 2897 3068 2953 in
3093 2907 3292 2954 natura
3315 2900 3593 2968 rationali,
3625 2901 3758 2956 atie-

472 3005 802 3063 pressuras,
859 2999 914 3048 et
959 2992 1212 3048 utili-tatis
1240 2992 1519 3059 studium,
1552 3001 1607 3048 et
1647 2994 2061 3066 castigationem
2165 2992 2374 3048 ctioncs
2414 3000 2471 3046 et
2502 2990 2854 3046 habitudines
2887 2999 3061 3046 sunt:
3093 2990 3326 3058 scilicet,
3368 2991 3423 3047 in
3473 2993 3757 3056 irascibili,

473 3087 750 3157 corporis,
789 3098 844 3143 et
887 3087 1209 3142 memoriam
1249 3087 1446 3143 mortis
1478 3106 1492 3142 :
1521 3087 1899 3158 splendentem
1933 3103 2061 3144 vero
2165 3085 2340 3152 furor,
2369 3084 2474 3150 ira,
2512 3083 2838 3155 indignatio,
2863 3083 3040 3151 livor;
3069 3083 3128 3139 in
3151 3083 3762 3154 concupiscibili,dele-

474 3179 723 3234 eamdem
763 3179 930 3245 dicit,
971 3186 1194 3250 propter
1231 3193 1423 3248 pacem
1467 3179 1842 3246 intrinsccam,
1884 3181 2062 3236 νει-ω-
2164 3177 2356 3243 elatio,
2380 3177 2736 3243 desiderium,
2767 3175 3013 3233 tristitia.
3053 3175 3162 3232 Ista
3189 3176 3361 3248 igitur
3393 3192 3758 3248 superasceu—

471 3280 587 3327 tum
618 3270 893 3336 decorem,
918 3268 1189 3325 desideria
1217 3270 1482 3336 cmlestia,
1515 3286 1666 3341 spem
1707 3280 2060 3341 aeternorum,
2113 3277 2116 3280 '
2164 3264 2335 3330 dens,
2387 3278 2638 3322 naturam
2677 3269 2910 3323 omnino
2961 3268 3204 3338 negavit.
3257 3267 3570 3339 Quicunque
3621 3284 3762 3338 prc-

471 3361 795 3416 cltaritatem
827 3360 881 3415 in
919 3361 1113 3426 Deum,
1155 3369 1212 3416 et
1238 3360 1554 3431 dignitatem
1585 3377 1750 3432 quam
1781 3362 1900 3418 suis
1929 3375 2062 3435 pos-
2161 3361 2325 3414 sentit
2357 3361 2482 3418 vita
2509 3376 2528 3424 ς
2559 3356 2696 3416 Tres
2719 3361 3053 3418 intentiones
3077 3361 3448 3417 recedentium
3475 3376 3507 3417 a
3531 3361 3760 3430 mundo,

473 3455 782 3510 sessoribus
819 3454 1103 3525 elargitur.
1163 3453 1400 3510 literens
1441 3455 1610 3510 etiam
1661 3464 1746 3511 est
1781 3457 2061 3514 humilitas
2164 3451 2338 3509 tribus
2374 3453 2964 3518 Ibrenunlialionibusr
2989 3461 3045 3510 ει
3066 3454 3243 3520 tribus
3265 3452 3760 3511 Πωεοτνίθυιέιι

473 3546 679 3618 tepidis
713 3557 767 3602 et
802 3547 1226 3618 negligentibus,
1279 3549 1375 3619 qui
1416 3547 1472 3603 in
1506 3547 1786 3604 laboribus
1823 3549 2060 3605 etdolo—
2164 3545 2424 3615 gradibus
2479 3545 2854 3611 concordant,
2908 3545 3065 3617 juxta
3113 3561 3372 3618 magnum
3430 3545 3759 3618 Gregorium

472 3642 626 3696 ribus
651 3650 871 3711 propter
899 3643 1071 3696 Deum
1107 3650 1476 3707 murmurant,
1512 3641 1828 3709 anxiantur,
1869 3651 1924 3698 et
1960 3644 2062 3699 do-
2164 3636 2498 3709 Theologum
2532 3639 2624 3710 qui
2651 3638 2780 3693 dicit
2812 3657 2825 3693 :
2860 3636 2988 3693 Tres
3022 3642 3205 3710 utique
3242 3656 3334 3710 ego
3384 3641 3505 3694 novi
3542 3641 3759 3694 ordines

471 3733 587 3788 lcnt
637 3751 650 3787 :
707 3735 1000 3804 splendens
1045 3749 1197 3801 vero,
1245 3745 1514 3803 mortem,
1561 3744 1617 3791 et
1657 3735 2015 3793 adversitates
2041 3779 2056 3806 ,
2160 3731 2558 3796 εαιυαηάοηιιη,
2593 3731 2884 3796 servitutis,
2931 3733 3191 3788 mercedis
3223 3771 3240 3796 ν
3270 3743 3323 3787 σε
3358 3732 3762 3800 ﬁnitionis.—

471 3834 524 3881 et
553 3827 812 3898 martyris
843 3825 1198 3898 diligentibus
1221 3838 1442 3900 propter
1479 3830 1784 3897 Christum,
1816 3839 1872 3886 et
1913 3831 2061 3886 utili-

2164 3821 2410 3877 Imitetur
2438 3823 2484 3878 is
2503 3824 2615 3895 qui,
2641 3835 2749 3882 etc.
2795 3821 2896 3882 Hic
2915 3823 3073 3894 juxta
3097 3823 3248 3884 illum
3273 3840 3530 3897 magn-um
3547 3829 3755 3891 senem.

469 3925 635 3972 tatem
678 3917 1088 3974 tribulationum
1119 3927 1176 3975 et
1202 3920 1452 3997 dolorum
1484 3933 1537 3976 et
1575 3923 1770 3977 mortis
1817 3921 2058 3978 suﬁ‘erre
2166 3914 2264 3985 qui
2310 3924 2726 3972 monumentum
2761 3917 2868 3974 sibi
2911 3927 2964 3973 et
3023 3933 3125 3974 suo
3175 3917 3448 3988 discipulo
3481 3919 3650 3988 fecit,
3699 3932 3761 3975 ut

470 4023 530 4064 sc
565 4009 1045 4080 cognoscentibus,
1080 4021 1300 4084 pr0ptcr
1332 4012 1599 4084 Spiritum
1621 4022 1896 4072 sanctum.
1930 4015 2057 4086 Spi-
2161 4011 2341 4079 ipsum
2389 4007 2456 4064 ad
2509 4009 2718 4066 luctu
2766 4009 3072 4076 induceret,
3113 4020 3170 4065 ct
3200 4011 3454 4082 exemplo
3489 4021 3557 4067 et
3591 4012 3761 4068 verbo

469 4102 759 4157 ritualibus
811 4105 1011 4159 tabulis
1039 4121 1058 4160 .-
1081 4106 1236 4173 dlcit,
1267 4115 1490 4177 propter
1543 4108 1787 4172 ﬁrmum,
1819 4109 2056 4164 solidum
2086 4108 2128 4166 C
2160 4101 2402 4170 doceret,
2425 4105 2531 4160 iste
2569 4106 3070 4176 sanato-loquitur
3101 4124 3114 4160 :
3148 4115 3204 4162 et
3241 4107 3300 4161 in
3340 4108 3598 4178 praesenti
3629 4123 3756 4177 spe—

469 4203 525 4248 ct
560 4195 903 4251 indelebilem
936 4198 1344 4267 characterem;
1388 4200 1605 4266 chartis,
1645 4210 1866 4271 propter
1899 4217 2063 4256 mun-
2161 4195 2452 4252 culationis
2510 4195 2678 4251 verbo
2727 4195 2984 4260 ostendit,
3021 4196 3152 4267 quia
3201 4197 3381 4253 luctus
3413 4197 3756 4263 sanctificat,

474 4285 629 4354 dum,
659 4297 894 4356 castum,
926 4301 1275 4347 mansuetum
1305 4300 1362 4348 et
1399 4293 1606 4348 humile
1628 4309 1759 4355 cor;
1805 4293 2062 4350 Volunta-

2165 4295 2442 4358 operatur,
2479 4297 2534 4343 et
2556 4287 2817 4354 custodit,
2842 4295 2897 4342 et
2925 4289 3279 4344 annuntiator
3301 4289 3476 4347 beatae
3502 4289 3756 4358 impassi-

471 4388 521 4433 te
561 4388 611 4433 et
657 4381 821 4435 libero
863 4383 1090 4438 arbitrio
1121 4401 1140 4439 :
1193 4386 1388 4441 electio
1437 4395 1492 4440 et
1542 4386 1796 4443 voluntas
1846 4389 2060 4444 arbitrii
2163 4380 2388 4436 bililalis
2423 4381 2658 4436 Θιείειίῑ·
2710 4381 3022 4451 Quicunque
3059 4396 3125 4435 επ
3161 4381 3398 4453 Αῑθνρεο
3429 4382 3696 4452 egreditur
3726 4398 3746 4434 -'

471 4470 746 4538 differunt,
799 4473 928 4544 quia
967 4475 1220 4531 voluntas
1263 4486 1347 4532 est
1383 4478 1727 4548 possibilium
1761 4487 1816 4534 et
1849 4480 2058 4550 impos-
2158 4484 2372 4544 oportet
2399 4489 2526 4530 eum
2554 4475 2652 4545 qui
2677 4475 2884 4530 mundo
2922 4475 3295 4539 abrenuntiat,
3326 4489 3672 4545 perseverare
3695 4473 3754 4527 in

471 4563 734 4631 sibilium,
760 4567 956 4622 electio
978 4577 1186 4624 tantum
1224 4569 1566 4639 possibilium
1605 4588 1618 4625 :
1650 4571 1886 4642 denique
1930 4574 2058 4643 quia
2159 4568 2432 4624 coenobio.
2463 4568 2521 4623 Si
2545 4583 2676 4622 vero
2703 4584 2810 4622 non
2848 4567 2900 4620 in
2931 4568 3182 4623 ccenobio
3215 4567 3586 4634 abrenuntiat,
3625 4575 3757 4621 tunc

467 4657 725 4713 voluntas
758 4669 841 4715 est
894 4661 1130 4717 maxime
1163 4662 1326 4730 ﬁnis;
1366 4663 1560 4718 electio
1605 4673 1822 4731 autem,
1867 4680 2056 4719 eorum
2159 4676 2384 4717 necesse
2416 4662 2596 4726 habet,
2632 4661 2735 4715 sub
2771 4661 3033 4731 magistro
3079 4669 3134 4716 et
3177 4673 3330 4732 patre
3377 4659 3645 4730 spirituali
3673 4661 3756 4714 in-

468 4765 592 4819 quae
619 4761 747 4807 sunt
770 4753 837 4807 ad
863 4755 1022 4810 linem
1056 4773 1068 4808 :
1112 4755 1366 4810 Omnibus
1390 4757 1515 4811 vita.
1549 4755 1864 4812 Secundum
1892 4759 2058 4813 ratio-
2161 4753 2390 4808 formari
2441 4753 2506 4807 ad
2541 4753 3024 4807 mortificationem
3067 4753 3304 4823 pr0priac
3347 4752 3664 4820 voluntatis,
3699 4760 3760 4806 et

469 4859 596 4900 nem
651 4847 945 4902 creationis
995 4855 1052 4902 et
1092 4848 1448 4918 providentia:
1489 4847 1759 4906 factorum
1786 4890 1804 4918 ,
1854 4851 2057 4905 dicitur
2160 4861 2375 4901 morum
2400 4845 2782 4909 directionem,
2817 4855 2872 4900 et
2901 4846 3244 4916 disciplinam
3281 4846 3633 4901 discretionis
3656 4860 3757 4900 co-

471 4935 617 4993 Deus
646 4937 982 4995 credentium
1014 4956 1142 4996 vero
1175 4940 1547 4997 obedientium
1593 4951 1649 4997 et
1689 4942 2056 5012 diligentium,
2158 4939 2485 5010 gitationum
2531 4951 2584 4993 et
2615 4939 2908 5008 spirituum
2943 4957 2957 4992 :
2987 4939 3089 4994 hoc
3119 4939 3263 4993 enim
3316 4939 3516 5008 probat
3549 4947 3603 4992 et
3631 4938 3756 4992 lau-

467 5028 798 5086 excellcnter
832 5031 1038 5088 dicitur
1067 5034 1198 5100 vita,
1239 5042 1296 5088 et
1329 5033 1502 5101 salus,
1537 5032 1696 5102 juxta
1732 5034 1862 5089 illud
1895 5051 1909 5088 :
1943 5035 2057 5105 Ego
2157 5031 2251 5086 dat
2287 5046 2381 5101 per
2422 5029 2592 5085 Mosis
2625 5031 2894 5101 exempla,
2941 5042 2995 5087 et
3028 5030 3416 5098 lsraelitarum,
3449 5042 3506 5087 et
3549 5032 3758 5102 angeli,

470 5138 592 5177 sum
627 5122 768 5179 Deus
796 5126 1092 5192 Abraham,
1121 5125 1274 5183 Isaac
1316 5135 1371 5182 et
1401 5125 1591 5182 Jacob.
1622 5125 1830 5195 Impius
1864 5139 1939 5182 est
1963 5128 2056 5178 Iro-
2157 5133 2210 5179 et
2241 5123 2360 5179 Lot.
2414 5124 2550 5178 Nam
2599 5124 2643 5179 si
2694 5127 2841 5194 quis,
2871 5126 2924 5179 in
2964 5126 3174 5181 artibus
3211 5125 3446 5181 faciliter
3489 5128 3610 5182 sine
3635 5142 3759 5181 ma-

471 5234 555 5270 mo
583 5232 601 5268 :
633 5217 879 5273 definitio
914 5220 988 5289 pii
1013 5220 1399 5276 manifestatur
1421 5219 1478 5276 in
1510 5221 1831 5277 deﬁnitione
1855 5221 2008 5291 impii
2038 5237 2054 5289 ;
2158 5222 2328 5289 gist'ro
2381 5233 2488 5274 non
2513 5217 2786 5289 dirigitur,
2818 5221 2993 5275 multo
3035 5222 3210 5292 magis
3248 5221 3302 5275 in
3357 5221 3462 5277 hac
3509 5231 3626 5276 arte
3662 5235 3756 5275 ar-

469 5317 523 5360 et
556 5307 743 5378 injusti
773 5310 1040 5377 definitio,
1068 5313 1122 5367 in
1146 5311 1463 5369 definitione
1481 5302 1614 5386 justi
1649 5332 1662 5369 :
1694 5314 1821 5370 licet
1845 5315 1939 5385 qui
1973 5325 2057 5371 est
2158 5313 2315 5376 tium,
2348 5313 2610 5381 magistro
2635 5311 2941 5381 indigemus
2963 5321 3020 5367 et
3044 5314 3204 5378 duce;
3242 5313 3552 5370 humilitate
3585 5315 3756 5385 igitur

468 5401 586 5456 sine
611 5401 748 5472 lege,
790 5404 874 5458 vel
912 5404 1045 5476 legis
1083 5405 1490 5474 praevaricator,
1532 5406 1748 5462 dicatur
1788 5407 2048 5477 iniquus;
2089 5463 2124 5477 ,ι
2156 5419 2296 5474 opus
2346 5411 2448 5468 est,
2491 5404 2871 5473 etpraesertim
2915 5407 3264 5465 orationibus
3313 5407 3557 5476 Patrum,
3594 5409 3753 5464 abre-

471 5488 706 5560 injustus
743 5509 874 5550 vero
904 5463 1038 5567 legis
1073 5505 1303 5564 natura,
1360 5507 1415 5554 et
1442 5501 1699 5569 scriptae.
1754 5508 1810 5554 et
1841 5463 2047 5570 gratiae,
2088 5463 2130 5519 υ
2157 5497 2470 5552 nuntiantes
2499 5497 2700 5552 saeculo
2736 5497 3000 5570 indigent.
3041 5499 3180 5556 Dicit
3206 5500 3371 5572 igitur
3387 5463 3562 5572 pater;
3607 5517 3750 5571 quo-

470 5581 972 5644 praevaricationem
1023 5583 1284 5641 insinuat.
1340 5585 1541 5656 Impius
1590 5597 1675 5642 est
1720 5587 1905 5658 igitur,
1955 5589 2050 5658 qui.
2157 5589 2304 5645 niam
2331 5590 2796 5658 abrenuntiantes,
2821 5595 2913 5663 qui
2941 5593 3086 5648 vitiis
3111 5593 3492 5665 spiritualibus
3513 5597 3748 5668 (utputa,

545 5739 747 5793 ‘l’sal.
817 5755 933 5807 xm,
989 5743 1040 5798 l.

545 5894 620 5961 (i)
647 5895 859 5955 Clarius
899 5900 1496 5974 vetusintcrpt'cs,'non
1523 5903 1924 5960 discernentem.
2212 5905 2290 5974 (2)
2338 5904 2505 5968 ldetn,
2547 5904 2800 5960 maerenti.
