4030 6420
221 410 355 479 i213

1407 417 1729 480 SCHOLIA
1763 419 1844 480 IN
1885 421 2298 486 CLIMACUM.

3353 430 3487 494 1214

218 522 487 597 superbia,
520 539 658 579 vana
699 524 895 596 gloria,
938 525 1160 594 invidia,
1207 530 1418 599 acedia,
1449 535 1702 601 elatione,
1743 543 1798 590 et
1826 538 1870 595 A
1901 536 2126 611 Signum
2144 557 2361 612 quoque
2376 541 2540 598 estde
2557 541 2994 612 contingentibus
3008 541 3484 610 ctvcrisimilibus,

221 619 460 687 tristitia;
487 617 870 686 moiestantur,
919 620 1164 691 indigent
1203 636 1536 694 praeceptore
1560 636 1616 681 et
1663 628 1802 685 duce

220 711 687 777 mansuetissimo,
728 721 782 767 et
824 712 1193 780 misericordi,
1239 718 1336 787 qui
1382 733 1576 788 parum
1614 721 1800 777 indul~

219 812 336 876 geat
369 805 540 870 carni,
578 813 637 858 ut
677 819 787 859 non
824 814 1078 877 tanquam
1125 809 1461 868 abstinentes
1499 821 1553 868 et
1587 816 1802 872 studio-

218 899 263 954 si
285 899 524 970 amplius
549 899 888 954 extollantur
915 921 930 956 :
959 910 1016 957 et
1045 915 1439 974 comparantur
1470 908 1582 975 isti,
1615 924 1802 981 egres-

219 995 292 1049 sis
321 1009 386 1050 ex
421 993 678 1066 Egypto,
706 996 811 1052 sub
842 995 1044 1069 Moyse.
1081 997 1185 1064 Qui
1216 1015 1346 1055 vero
1375 1004 1687 1060 carnalibus
1723 1006 1802 1060 vi-

220 1087 304 1142 tiis
344 1087 576 1157 (scilicet
623 1089 772 1159 gula,
814 1089 1053 1158 luxuria,
1089 1093 1340 1163 avaritia)
1388 1094 1797 1167 impugnantur,

220 1180 464 1250 indigent
509 1181 651 1237 duce
701 1183 924 1238 homine
975 1185 1302 1253 abstinente,
1335 1197 1574 1256 austero,
1630 1200 1684 1246 et
1717 1192 1801 1246 iu-

216 1277 582 1346 compassivo,
613 1279 779 1334 vitam
811 1280 1133 1352 angelicam,
1168 1283 1289 1338 sine
1332 1299 1493 1340 carne
1521 1285 1634 1342 fere
1677 1303 1800 1358 per—

216 1374 506 1441 ticicntem,
543 1377 636 1446 qui
668 1390 767 1446 per
789 1377 1060 1447 jejunium
1086 1388 1140 1433 et
1164 1381 1542 1436 austeritatem
1576 1397 1797 1439 carnem

216 1466 468 1535 castiget,
515 1477 570 1521 et
611 1467 743 1523 vitia
785 1471 1119 1524 mortificet:
1167 1479 1222 1525 et
1271 1472 1644 1530 assimilautur
1686 1476 1796 1543 isti,

215 1560 447 1626 egressis
473 1560 540 1614 de
582 1560 844 1626 Sodoma,
876 1571 931 1618 et
958 1564 1027 1620 ab
1057 1566 1252 1636 angelo
1293 1567 1537 1623 directis.
1573 1567 1798 1624 Macella

217 1661 482 1705 assuetum
529 1669 762 1708 canem:
806 1671 994 1710 canem
1037 1657 1204 1726 dicit,
1254 1667 1492 1715 mentem
1545 1662 1795 1718 vitiosam

217 1754 434 1814 pr0pter
460 1748 896 1815 permanentiam
930 1750 984 1804 in
1011 1751 1431 1820 cogitationibus
1465 1756 1603 1825 gulae
1627 1765 1680 1810 et
1711 1757 1794 1811 lu—

1903 645 2282 701 argumentum
2311 649 2436 689 vero
2477 635 2544 689 de
2575 637 3032 704 consequentibus
3063 645 3332 690 naturam.
3384 635 3486 690 Per

1902 725 2067 778 aliam
2097 734 2308 795 portam
2337 743 2355 780 :
2387 726 2529 782 Dicit
2550 769 2565 795 ,
2618 729 2842 798 quinam
2875 743 3159 796 sensuum,
3196 743 3292 799 per
3343 744 3486 798 quos

1902 831 2058 874 meus
2088 819 2208 874 sine
2243 819 2435 875 timore
2460 821 2686 893 degens,
2723 837 2817 892 per
2859 821 3184 876 oblivionem
3219 829 3273 876 et
3312 821 3486 891 negli-

1900 911 2162 982 gentiam,
2211 920 2266 966 et
2303 912 2504 967 diaboli
2559 914 2792 970 insidias
2822 919 3144 985 captivatur,
3182 913 3347 980 unde,
3391 928 3485 982 per

1902 1005 2131 1074 gratiam
2157 1005 2338 1060 denuo
2363 1021 2560 1061 sensus
2585 1007 2936 1073 mortiﬁcans,
2962 1015 3029 1062 at!
3051 1006 3486 1062 iuseusibilitatis

1902 1112 2018 1152 suae
2048 1113 2268 1153 carcere
2293 1097 2520 1152 liberata
2557 1098 2815 1168 resurgit.
2851 1096 2955 1163 Qui
2995 1113 3059 1152 ea:
3086 1098 3310 1151 timore:
3337 1093 3484 1161 Quo—

1903 1188 2048 1243 niam
2101 1190 2483 1246 intellectualis
2526 1191 2743 1245 timoris
2804 1190 3047 1259 Operatio
3104 1190 3302 1259 duplex
3359 1199 3481 1254 est,

1902 1281 2024 1337 ideo
2072 1283 2271 1338 dicitur
2318 1283 2484 1338 timor
2514 1283 2712 1353 duplex
2761 1301 2774 1336 :
2815 1281 3023 1338 scilicet
3065 1282 3386 1354 purgativus
3430 1291 3485 1335 ct

1901 1375 2246 1445 perfectivus.
2276 1375 2374 1431 Hic
2396 1392 2544 1442 vero,
2573 1376 2639 1431 de
2658 1376 2963 1446 purgativo,
3000 1374 3160 1429 Pater
3187 1375 3287 1429 iste
3308 1374 3484 1442 loqui-

1901 1475 2010 1531 tur,
2061 1471 2221 1540 cuius
2257 1471 2574 1540 Operatione
2625 1469 3068 1539 compungimur,
3105 1477 3158 1522 et
3195 1468 3260 1522 ad
3297 1469 3482 1523 odium

1901 1563 2148 1619 omnium
2191 1563 2496 1620 visibilium
2531 1570 2586 1618 et
2624 1561 3156 1632 concupiscibilium,
3200 1569 3252 1616 et
3281 1562 3482 1631 proprii

1899 1657 2181 1725 corporis,
2233 1663 2289 1709 et
2328 1653 2562 1723 propriae
2604 1651 2904 1708 voluntatis
2953 1651 3276 1716 incitamur,
3318 1661 3371 1704 et
3419 1651 3486 1704 ad

1899 1749 2167 1819 agendum
2211 1746 2623 1817 ptenitentiam,
2669 1755 2722 1800 et
2755 1745 3018 1800 mundum
3067 1742 3485 1813 relinquendum

220 1837 386 1892 xuriae
413 1853 445 1892 a
477 1840 792 1909 metaphora
827 1843 980 1898 canis
1019 1857 1142 1913 quae
1174 1855 1418 1901 moratur
1442 1848 1496 1902 in
1532 1850 1797 1917 macellis,
1831 1886 1874 1943 Β
1907 1842 2243 1909 animamur,
2271 1848 2325 1896 et
2356 1838 2744 1902 sollicitudine,
2773 1846 2827 1892 et
2851 1837 3034 1893 studio
3063 1836 3373 1906 implentur,
3418 1835 3486 1889 ad

219 1930 345 2000 quia
367 1931 508 1986 sicut
535 1931 625 1986 illa
653 1942 963 1990 stercorosa
986 1936 1307 1993 animalium
1354 1941 1612 1996 intestina
1655 1957 1800 1998 com-

222 2023 386 2079 edens
414 2039 522 2079 non
568 2026 794 2094 recedit,
832 2028 906 2082 ita
938 2043 1094 2086 mens
1143 2032 1332 2102 gulosa
1379 2042 1432 2088 et
1478 2031 1794 2104 fornicaria,

223 2133 330 2174 non
361 2129 539 2189 potest
575 2121 644 2176 ab
688 2122 772 2178 his
802 2123 952 2180 vitiis
985 2128 1314 2183 stercorosis
1363 2128 1641 2185 abstinere
1691 2131 1798 2186 nisi

223 2212 413 2282 (gratia
445 2213 537 2269 Dei
565 2215 858 2287 praeventa)
881 2217 1300 2288 ili-fatigatione,
1333 2220 1554 2292 vigiliis,
1589 2222 1794 2292 labore,

219 2304 408 2360 dolore
448 2316 502 2361 et
547 2306 694 2362 luctu
751 2307 1158 2378 indesinenter,
1209 2313 1443 2382 seipsam
1493 2315 1798 2372 exercitaus

217 2395 497 2452 violenter.
528 2397 664 2453 Nam
695 2399 837 2456 sicut
858 2412 1154 2457 amatorem
1178 2404 1388 2459 macelli
1422 2407 1620 2476 primo,
1645 2417 1798 2478 post-

215 2501 277 2542 ea
319 2497 622 2545 amatorem
674 2506 926 2548 escarum
956 2495 1116 2563 ponit
1147 2514 1160 2550 :
1194 2496 1268 2551 ita
1293 2497 1574 2571 subiungit
1600 2500 1797 2569 primo,

218 2592 512 2637 amatorem
531 2585 822 2650 castitatis,
845 2593 899 2640 et
925 2594 1134 2656 postea,
1167 2599 1469 2646 amatorem
1500 2593 1801 2661 cujuscun-

218 2689 318 2744 que
342 2675 700 2732 visitationis.
736 2677 1083 2736 Manifestum
1102 2689 1186 2737 est
1207 2682 1378 2751 enim,
1407 2685 1664 2754 quoniam
1689 2673 1800 2742 fcr-

217 2769 416 2824 uieatio
435 2771 733 2841 opponitur
767 2772 1024 2840 castitati,
1061 2773 1205 2830 sicut
1239 2768 1412 2830 amori
1448 2777 1794 2843 visitatiouis,

215 2878 364 2917 amor
431 2877 707 2920 escarum.
762 2863 987 2936 Oportet
1049 2868 1216 2939 igitur
1259 2878 1495 2925 mentem
1542 2873 1799 2927 amabilia

211 2955 318 3012 Deo
347 2959 643 3028 inspicere,
670 2969 725 3014 et
773 2960 1058 3030 diligibiiia
1106 2961 1305 3018 animae
1346 2964 1646 3018 secundum
1676 2982 1797 3021 car-

213 3064 351 3118 nem,
384 3051 658 3120 abnegare
683 3071 697 3107 :
722 3062 775 3108 et
804 3053 901 3118 ita,
941 3049 1388 3110 deliberationem
1418 3057 1629 3112 arbitrii
1656 3069 1798 3129 pun-

213 3159 331 3214 gere
366 3147 438 3200 ad
466 3147 902 3217 assumptionem
924 3148 1312 3219 castigantium
1343 3166 1585 3218 carnem,
1625 3163 1676 3208 et
1704 3169 1800 3223 per

209 3249 455 3293 amorem
510 3239 796 3307 virtutum,
841 3239 1158 3297 aﬂ'ectiones
1193 3243 1418 3298 vitiosas
1465 3243 1642 3314 gladio
1679 3245 1792 3314 sp'i-

212 3331 345 3388 ritus
371 3343 590 3388 necare.
629 3333 920 3389 Durum'et
951 3337 1202 3400 arduum,
1233 3337 1324 3390 sed
1349 3336 1456 3392 leve
1481 3347 1742 3392 certamen
1773 3355 1792 3394 :

210 3441 426 3494 agonem
466 3426 619 3494 dicit,
649 3435 869 3499 propter
887 3429 1297 3501 castigationem
1319 3432 1499 3487 carnis
1523 3449 1537 3498 ;
1563 3430 1791 3502 Durum,

212 3527 432 3588 propter
467 3519 776 3575 custodiam
819 3535 1082 3577 sensuum
1117 3532 1358 3589 arctam;
1390 3533 1614 3594 propter
1653 3523 1796 3579 anti-

211 3625 442 3680 quorum
493 3625 712 3668 morum
749 3628 1045 3684 pravorum
1097 3615 1520 3691 deppsitioucm.
1562 3615 1791 3686 Durum,

218 3715 432 3774 propter
464 3706 948 3763 mortificationem
980 3711 1216 3779 propriae
1247 3709 1583 3778 voluntatis;
1612 3711 1792 3774 levem,

222 3805 434 3863 propter
455 3797 839 3852 confidentiam
882 3799 937 3852 in
965 3798 1156 3865 Deum,
1191 3809 1244 3854 et
1272 3800 1476 3855 donum
1509 3802 1717 3872 gratiae,
1743 3803 1796 3858 et

223 3885 522 3954 profectum
547 3890 835 3957 virtutum,
871 3899 926 3947 et
958 3889 1413 3962 impassibilitatis
1443 3895 1792 3950 munditiam.

221 3975 376 4042 Quod
405 3981 462 4034 in
504 3983 668 4051 ignem
695 3985 900 4038 insilire
926 4001 945 4038 :
975 3986 1154 4056 ignem
1201 3986 1438 4058 iuteilige
1471 3988 1796 4044 tentatioues

217 4070 446 4137 diaboli,
492 4075 680 4129 mundi
713 4084 765 4131 et
784 4077 988 4134 carnis.
1023 4078 1159 4132 Cum
1197 4080 1648 4135 amaritudinibus
1681 4081 1792 4155 (i):

211 4166 537 4221 exercitium
607 4167 942 4225 laboriosum
987 4177 1042 4224 et
1090 4183 1340 4225 amarum
1425 4173 1794 4240 continentiae,

210 4265 267 4314 et
297 4260 736 4318 mortiﬂcationis
767 4264 975 4330 carnis,
1015 4271 1069 4319 et
1097 4264 1399 4320 voluntatis
1432 4269 1700 4336 propri-cc;
1737 4274 1795 4322 tu

213 4366 340 4408 vero
364 4355 606 4426 adiunge
653 4372 873 4426 panem,
913 4356 1288 4428 fatigationem
1327 4359 1382 4414 in
1419 4373 1543 4415 vera
1573 4361 1797 4416 humili-

214 4453 338 4512 tate,
376 4458 437 4501 et
476 4449 1030 4514 abrenuntiatiouem,
1076 4460 1130 4505 et
1173 4453 1372 4507 luctam
1414 4463 1604 4509 contra
1640 4463 1798 4510 natu-

211 4552 325 4594 ram
353 4551 417 4596 et
439 4542 740 4600 invisibiles
783 4551 1102 4614 potestates.
1141 4544 1201 4600 Si
1234 4563 1337 4600 non
1376 4548 1546 4601 omnis
1584 4549 1674 4617 qui
1704 4549 1799 4601 ba-

207 4635 411 4711 ptismtt
438 4639 778 4707 consequitur
816 4638 1097 4703 salvetur;
1131 4638 1226 4694 sed
1257 4639 1465 4696 faciens
1496 4647 1548 4694 et
1581 4655 1804 4697 servans

206 4728 494 4794 mattdata,
525 4742 703 4799 neque
719 4730 898 4786 omnis
925 4730 1018 4800 qui
1048 4730 1321 4794 tondetur,
1349 4731 1444 4787 sed
1488 4733 1804 4790 custodiens

206 4821 500 4876 menachis
561 4824 964 4880 convenientia.
1023 4822 1200 4880 Silebo
1243 4827 1447 4894 reliqua
1498 4843 1517 4879 :
1570 4821 1805 4882 subaudi

204 4929 308 4968 non
343 4923 621 4970 servantes
657 4931 809 4981 vero,
845 4919 1098 4988 graviora
1146 4931 1452 4990 passuros:
1500 4919 1629 4990 quia
1656 4921 1808 4976 dam-

205 5011 354 5068 natio
393 5010 599 5074 futura.
627 5015 970 5070 amarissima
996 5055 1012 5081 ,
1055 5026 1106 5070 et
1134 5015 1200 5071 ad
1248 5027 1522 5088 praesens,
1574 5017 1808 5088 privatio

205 5107 429 5174 gratiae,
462 5106 680 5163 tacitas
711 5108 932 5174 mentis,
966 5111 1210 5165 carentia
1246 5110 1472 5172 doloris,
1512 5111 1693 5166 cordis
1725 5112 1810 5166 iu-

205 5199 568 5265 sensibilitas,
598 5207 656 5257 et
681 5201 848 5272 impia
875 5203 1122 5259 avaritiae
1168 5204 1496 5272 idololatria,
1519 5213 1574 5259 et
1595 5205 1808 5274 passio-

209 5303 342 5346 num
366 5295 687 5362 ignomitiiaa
713 5310 921 5352 carcer.
948 5295 1069 5351 Non
1087 5300 1368 5352 obscurum
1395 5308 1765 5368 argumentum
1787 5315 1806 5354 :

210 5379 624 5454 Argumentum
656 5396 762 5453 est,
786 5390 929 5458 quod
957 5404 1168 5460 semper
1195 5389 1447 5445 similiter
1464 5407 1521 5446 se
1544 5391 1730 5456 habet,
1750 5400 1811 5446 ut

211 5475 408 5535 trimus
431 5489 481 5534 et
501 5481 640 5537 ein-is
658 5481 724 5536 de
745 5481 904 5554 igne;
929 5483 1144 5553 signum
1169 5497 1316 5548 vero,
1345 5483 1676 5554 quandoque
1707 5483 1810 5552 sic,

213 5573 556 5644 quandoque
581 5575 940 5646 aliter,_sicuti
958 5577 1241 5647 percussio
1261 5585 1343 5632 est
1360 5576 1574 5647 signum
1594 5591 1807 5648 pugnae.

285 5755 307 5785 ’
331 5754 455 5808 Act.
487 5755 709 5811 xvlt.28
808 5756 826 5787 ³
859 5752 1000 5809 Psal.
1039 5770 1223 5820 xxxvii,
1264 5755 1317 5808 ὅ.

297 5913 378 5980 (ἰ)
411 5912 576 5971 Vetus
603 5915 889 5988 interpres,
921 5933 1033 5970 cum
1080 5915 1302 5970 lactucis
1331 5915 1645 5986 agrestibus.

1903 1936 2251 1991 serviendum
2284 1933 2516 1988 Domino
2548 1932 2669 1988 sine
2718 1929 3047 2002 negligentia
3092 1929 3180 1984 die
3209 1944 3274 1984 ac
3304 1935 3482 1983 nocte.

1900 2029 2194 2086 Perfectivi
2221 2044 2352 2084 vero
2398 2035 2484 2082 est
2518 2025 2904 2089 scientiﬁcare,
2943 2023 3224 2078 vivificare
3273 2030 3329 2077 et
3359 2021 3486 2076 iliu-

1901 2123 2112 2176 minare
2135 2122 2394 2185 animam,
2425 2128 2480 2174 et
2501 2117 2802 2182 memoria,
2835 2115 3009 2170 Deum
3044 2113 3329 2171 ostendere
3353 2129 3490 2183 prte-

1902 2225 2136 2281 scutcm,
2167 2225 2221 2270 et
2245 2212 2632 2284 intelligentiae,
2657 2209 2753 2266 Dei
2771 2209 3054 2266 veritatem
3079 2217 3135 2263 et
3163 2207 3486 2278 sapientiam

1901 2308 2164 2368 revelare,
2193 2315 2247 2361 et
2274 2319 2499 2361 sensum
2531 2305 2752 2370 habere,
2781 2310 2844 2357 ut
2888 2301 3237 2372 experiamur
3266 2309 3320 2354 et
3348 2299 3490 2354 scia-

1901 2417 2026 2457 mus
2073 2400 2350 2471 quomodo
2403 2399 2457 2453 in
2491 2399 2614 2468 ipso
2669 2411 2883 2463 sumus,
2917 2409 3238 2460 movemur,
3277 2401 3331 2448 et
3355 2391 3489 2447 vivi—

1899 2504 2026 2550 m’us
2057 2495 2124 2548 ἐ
2170 2493 2274 2561 Qui
2318 2493 2512 2546 timore
2568 2491 2856 2561 purgativo
2893 2488 3092 2559 agitur,
3142 2494 3490 2556 comparatur

1903 2587 2004 2659 (ait
2031 2588 2217 2655 Pater)
2260 2586 2643 2658 Thymiamati,
2690 2584 2818 2655 quia
2853 2595 2920 2639 ex
2967 2581 3146 2638 studio
3196 2581 3491 2652 Spiritualis

1901 2679 2333 2736 conversationis
2379 2679 2732 2732 vehementer
2757 2675 2967 2746 incipit,
2996 2681 3051 2728 et
3094 2687 3192 2744 per
3241 2672 3490 2743 tepidita-

1903 2781 2008 2830 tem
2037 2774 2092 2828 in
2122 2786 2398 2829 summum
2427 2769 2772 2841 negligentiae
2818 2766 3040 2823 desinit.
3071 2765 3216 2821 Mala
3251 2765 3493 2820 asinaria

1900 2867 2137 2939 profecto
2163 2876 2283 2921 est:
2319 2863 2424 2931 Qui
2450 2873 2634 2919 autem
2664 2875 2762 2933 per
2797 2875 2978 2933 spem,
3008 2859 3314 2915 mercedem
3348 2873 3492 2927 quae-

1903 2960 1993 3026 rit,
2030 2965 2386 3028 comparatur
2431 2955 2746 3011 molendiuo
2773 2952 3034 3018 asinario,
3065 2965 3281 3022 semper
3318 2959 3489 3018 moto,

1855 3034 1864 3045 ’
1900 3062 1954 3109 et
1993 3067 2092 3125 per
2147 3052 2478 3107 delationem
2516 3053 2790 3120 quaestum
2841 3046 3094 3111 faciente,
3129 3052 3185 3099 et
3225 3043 3490 3098 tributqu

1901 3152 2264 3216 aggregante,
2321 3139 2680 3211 subiectionis
2723 3138 3028 3209 pretiosum
3076 3142 3133 3190 et
3185 3131 3493 3188 venerabile

1821 3223 1867 3282 (ἶ
1901 3249 2060 3308 opus.
2117 3236 2223 3303 Qui
2250 3251 2368 3289 vero
2398 3247 2462 3286 ex
2491 3231 2756 3286 elmritate
2779 3229 2980 3294 divina,
3022 3227 3070 3283 si
3102 3225 3156 3281 in
3187 3226 3493 3297 agroinve-

1903 3331 2046 3385 nerit
2078 3329 2378 3384 sollicitum
2406 3335 2579 3395 atque
2608 3321 2889 3386 festiuum,
2921 3334 3020 3391 per
3043 3319 3222 3390 ignem
3254 3317 3493 3373 citarita-

1903 3425 1972 3480 tis
2008 3435 2307 3480 succensus
2334 3435 2364 3473 a
2406 3415 2836 3489 promptitudine
2866 3428 2975 3468 non
3009 3410 3365 3474 relaxabitur,
3395 3402 3495 3464 do;-

1899 3532 2002 3573 uec
2029 3516 2317 3587 pertingat,
2340 3509 2641 3568 secundum
2666 3509 2935 3563 dicentem
2969 3525 2984 3562 :
3017 3505 3242 3573 Quando
3264 3505 3491 3569 veniam,

1901 3619 1949 3666 et
1998 3607 2258 3680 apparebo
2315 3613 2438 3660 ante
2486 3603 2678 3673 {aciem
2730 3595 2945 3655 Domini
2977 3599 3018 3651 ³.
3053 3596 3190 3654 Sunt
3252 3595 3494 3652 nonnulli

1902 3705 1992 3775 qui
2026 3715 2188 3772 supra
2228 3699 2432 3770 lapides
2461 3695 2562 3768 (5).
2596 3694 2735 3750 Hinc
2759 3694 2828 3750 de
2858 3689 3371 3748 abrenuntiantibus
3413 3689 3496 3745 di—

1902 3797 1978 3854 cit
2015 3803 2262 3860 sanctus,
2303 3791 2562 3863 quoniam
2593 3795 2722 3845 sunt
2750 3785 2995 3858 quidam,
3047 3799 3213 3854 supra
3261 3789 3492 3853 petram,

1902 3889 2101 3944 lateres
2129 3886 2482 3949 aedificantes,
2511 3892 2566 3939 et
2589 3879 2647 3936 hi
2679 3889 2809 3936 sunt
2847 3879 2942 3949 qui
2975 3889 3296 3947 magnarum
3323 3875 3496 3928 virtu-

1905 3991 2018 4037 tum
2056 3981 2110 4036 in
2137 3979 2422 4050 prommiis
2449 3974 2868 4031 aediﬁcationem
2901 3971 3020 4026 sine
3050 3967 3393 4038 subiectione
3419 3965 3498 4020 fa-

1905 4076 2078 4141 ciunt,
2118 4083 2172 4128 ct
2225 4072 2376 4144 (quia
2411 4067 2774 4125 certaminum
2805 4063 3118 4127 humilium,
3154 4069 3208 4115 et
3235 4057 3495 4114 obedien-

1907 4169 1993 4222 tite
2019 4183 2124 4221 nou
2154 4164 2357 4219 habent
2384 4157 2800 4231 experientiam)
2834 4166 2893 4212 ut
2917 4153 3160 4225 fragiles.
3194 4152 3495 4208 imbecilles

1908 4263 2066 4317 ﬁunt.
2129 4260 2234 4327 Qui
2282 4271 2410 4314 vero
2451 4267 2616 4326 super
2655 4261 2856 4308 terram
2898 4247 3184 4306 column-as
3225 4248 3499 4316 erigentes

1908 4353 2108 4421 locant,
2135 4361 2266 4408 sunt
2291 4350 2384 4422 qui
2416 4349 2582 4403 vitam
2616 4339 3406 4409 anachoreticam,confestim,
3430 4353 3501 4394 ex

1908 4446 2212 4518 prooemiis,
2264 4453 2390 4499 ante
2417 4442 2676 4496 vitiorum
2715 4436 3164 4508 expurgatiouem
3219 4434 3371 4504 sequi
3402 4447 3502 4486 vo-

1909 4541 2031 4596 lunt
2059 4559 2072 4595 :
2104 4555 2227 4594 nam
2257 4538 2376 4593 sine
2397 4534 2752 4590 fundamento
2775 4527 3130 4600 Subiectionis
3151 4528 3501 4591 exsistentes,

1911 4633 2244 4702 deiiciu'ntur
2292 4639 2345 4686 et
2368 4637 2557 4683 ruunt.
2603 4627 2709 4693 Qui
2749 4638 2880 4679 vero
2914 4622 3189 4678 modicum
3226 4620 3504 4690 pedestres

1908 4726 2214 4792 ambulant,
2273 4731 2402 4780 sunt
2451 4721 2543 4791 qui
2575 4721 2695 4776 sine
2745 4727 2964 4772 tumore
3007 4713 3281 4777 elationis,
3310 4711 3504 4782 iugum

1908 4818 2236 4877 obedientite
2267 4825 2510 4880 sumunt,
2539 4821 2594 4869 et
2622 4809 2984 4881 subiectionis
3015 4807 3121 4862 iter
3150 4813 3327 4860 tutum
3377 4819 3503 4859 cum

1912 4913 2218 4970 reverentia
2251 4915 2502 4982 pergunt.
2535 4905 2627 4961 isti
2661 4902 2922 4974 paulatim
2950 4899 3214 4964 roborati,
3243 4908 3296 4954 et
3323 4897 3507 4952 calore

1914 5007 2152 5076 Spiritus
2214 5003 2450 5069 accensi,
2513 4998 2879 5069 infatigabiles
2941 5001 2996 5050 et
3046 4990 3498 5064 inexpugnabiles

1915 5103 2077 5166 liunt,
2107 5109 2160 5156 et
2183 5111 2488 5170 pugnarum
2516 5091 2910 5165 experientiam
2946 5088 3232 5153 habentes,
3262 5100 3386 5140 cum
3410 5082 3506 5137 Dei

1916 5195 2191 5267 adiutorio
2230 5191 2476 5249 celeriter
2522 5196 2804 5245 transeunt
2841 5199 3018 5254 usque
3053 5183 3107 5238 in
3153 5180 3338 5235 finem.
3381 5175 3505 5231 Non

1917 5292 2030 5346 sine
2076 5288 2256 5342 labore
2310 5299 2358 5340 et
2405 5281 2706 5340 violentia:
2745 5279 2876 5346 quia
2920 5271 3322 5332 consuetudine
3368 5284 3499 5340 pro-

1908 5378 2051 5440 lecta
2115 5383 2169 5437 in
2221 5381 2488 5446 habitum,
2544 5383 2600 5432 et
2650 5375 2703 5431 in
2753 5385 3000 5430 naturam
3041 5383 3179 5440 pene
3223 5378 3510 5430 conversa,

1913 5493 2042 5534 vere
2094 5474 2355 5532 violentia
2421 5481 2506 5528 est
2554 5485 2675 5525 eam
2725 5479 2980 5523 amovere
3025 5471 3080 5519 et
3121 5466 3506 5516 trausmutare.

1917 5573 2075 5629 Sicut
2104 5570 2250 5626 enim
2303 5567 2459 5623 multi
2497 5563 2758 5635 temporis
2809 5561 3028 5630 vulnus,
3054 5565 3138 5615 est
3164 5552 3322 5626 quasi
3351 5547 3510 5608 incu-

1999 5911 2074 5978 (ἲν)
2105 5909 2271 5966 Vetus
2301 5911 2568 5977 interpres
2614 5917 2768 5971 super
2797 5910 3016 5971 petram.
