4030 6476
490 429 630 496 1215

1625 426 1689 487 S.
1756 425 2078 487 JOANNIS
2126 424 2646 486 RAITHUENSIS

491 544 663 600 rabile
716 542 947 615 factum,
1008 543 1082 598 ita
1137 553 1191 598 et
1259 541 1412 598 multi
1485 542 1748 612 temporis
1811 557 1970 597 usum
2042 540 2428 606 e‘tAscibilis,
2479 557 2578 611 per
2615 539 2878 612 Spiritum
2927 551 3180 599 sanctum
3234 543 3402 598 unita:
3448 542 3517 598 ad
3555 557 3784 600 omnem

493 650 704 692 moram
796 637 1128 707 malignum,
1178 645 1262 691 est
1330 649 1496 706 grave
1549 634 1880 705 relinquere.
1942 633 2082 690 llinc

492 729 757 784 Dominus
786 729 941 796 dicit,
981 727 1241 799 quoniam
1274 726 1509 798 Regnum
1539 726 1789 782 caelorum
1829 727 1935 784 vim
1981 744 2082 797 pa-

495 823 679 878 titur‘.
719 821 843 877 Sine
873 837 1123 876 merere:
1151 829 1374 892 propter
1397 828 1750 892 augmentum
1783 822 1836 876 in
1867 821 2081 876 virtuti-

496 916 620 980 bus,
645 923 700 969 et
729 915 1216 970 commutationem
1247 930 1314 970 ac
1340 914 1728 971 liberationem.
1747 930 1776 969 a
1801 914 2080 984 peccatis;

496 1005 576 1059 vel
599 1014 737 1060 certe
767 1022 887 1059 cum
919 1006 1161 1060 minimo.
1197 1004 1469 1062 Modicum
1497 1021 1631 1061 vero
1663 1006 1931 1062 contrista
1955 1019 2082 1076 pro-

495 1107 615 1168 pter
643 1097 976 1154 desiderium
1025 1096 1401 1169 perfectionis,
1430 1109 1482 1153 et
1513 1098 1764 1153 timorem
1798 1113 1962 1170 quem
1997 1097 2088 1152 ha—

497 1191 710 1257 bemus,
742 1206 813 1246 ne
836 1191 1095 1246 cadentes
1125 1192 1323 1246 iterum
1355 1189 1722 1248 offendamus.
1767 1191 2086 1245 Animarum

498 1293 803 1338 nostrarum
827 1283 1004 1338 vultus
1029 1298 1048 1337 :
1073 1281 1290 1339 Faciem
1321 1285 1519 1340 animae
1549 1284 1642 1339 hic
1671 1284 1824 1348 dicit,
1858 1285 2087 1338 virtutes

495 1376 638 1446 ejus.
664 1375 875 1431 Etenim
913 1390 980 1431 ex
1011 1376 1444 1433 conversationis
1476 1387 1679 1433 nostra:
1715 1375 2002 1446 exemplis,
2035 1384 2091 1431 et

495 1486 564 1527 ex
594 1473 802 1528 nostris
842 1472 1342 1542 immutationibus,
1371 1479 1425 1528 et
1468 1473 1799 1528 animalibus
1837 1471 2088 1528 aﬂ‘ectio—

501 1563 686 1631 nibus,
713 1565 898 1620 vident
931 1573 1179 1622 nostram
1226 1566 1639 1622 consistentiam
1677 1573 1732 1622 et
1769 1565 2090 1635 dispositio-

499 1673 624 1712 nem
651 1699 666 1723 ,
707 1657 917 1712 inimici
970 1657 1144 1714 nostri
1197 1659 1476 1713 daemones
1509 1657 1605 1728 qui
1629 1673 1738 1712 non
1786 1672 1854 1713 ex
1892 1657 2091 1728 seipsis

499 1758 722 1806 nostras
741 1761 1080 1822 cognoscunt
1100 1750 1521 1807 deliberationes
1547 1760 1601 1805 et
1632 1758 1841 1806 mentes
1872 1767 1887 1805 :
1913 1750 2085 1808 absit!

2187 629 2563 698 operationem
2609 628 2782 684 divini
2831 629 3155 700 beneplnciti
3189 639 3244 686 et
3289 632 3554 697 mandati,
3584 649 3618 687 a
3642 633 3786 688 des-

2187 728 2285 782 tris
2305 736 2356 782 et
2388 728 2650 795 sinistris,
2681 744 2775 797 per
2805 728 3091 798 infamiam
3123 738 3174 782 et
3199 728 3390 782 bonum
3422 729 3648 799 famam.

2667 820 2797 876 CAP.
2832 820 2874 875 ιι
2907 819 3051 891 (Col.
3074 819 3182 876 est
3207 820 3295 892 C).

2278 911 2499 968 Omnem
2526 912 2834 982 hujusmodi
2864 913 3138 982 allectum,
3184 914 3323 970 dixit
3357 914 3620 985 quoniam
3666 911 3788 970 ele-

2185 1005 2368 1061 ctione
2419 1005 2728 1062 aﬂ'ectionis
2775 1005 3178 1078 (habitudinem
3209 1007 3349 1064 dans
3391 1007 3501 1064 Deo
3543 1008 3670 1079 (7))
3716 1008 3787 1062 ad

2185 1113 2330 1164 eam,
2361 1107 2418 1154 et
2461 1099 2786 1163 naturalem,
2816 1106 2871 1154 et
2905 1099 3318 1168 accidentalem,
3347 1109 3403 1155 et
3440 1100 3786 1157 artiﬁcialem

2193 1188 2572 1244 habitudinem
2595 1190 2849 1262 apposuit
2873 1199 2930 1246 et
2947 1191 3189 1247 devovit.
3218 1191 3413 1248 Omnis
3439 1193 3588 1248 enim
3621 1193 3789 1249 habia-

2191 1282 2398 1337 tndinis
2426 1290 2481 1337 et
2512 1281 2818 1339 affectionis
2846 1283 3140 1355 depositio,
3175 1294 3545 1355 contemptus,
3576 1296 3630 1342 et
3659 1288 3787 1342 vili-

2193 1385 2298 1441 tas,
2326 1384 2382 1430 et
2431 1375 2754 1446 pmnitentia
2787 1377 3021 1448 integra,
3054 1385 3110 1432 et
3140 1377 3366 1433 humilis
3393 1377 3684 1448 prudentia
3729 1381 3784 1435 in

2193 1467 2344 1522 exitu
2397 1479 2453 1522 et
2490 1467 2848 1534 resolutione,
2895 1469 3252 1525 beneﬁcentia
3285 1479 3340 1525 et
3377 1470 3637 1527 viaticum
3680 1487 3787 1529 no-

2191 1569 2317 1614 stra:
2343 1560 2802 1631 peregrinationis
2825 1561 3115 1618 exsistunt.
3145 1561 3273 1618 Sine
3319 1573 3556 1618 mortuos
3598 1566 3788 1634 sepeli-

2192 1669 2247 1708 re
2269 1653 2313 1719 ",
2348 1663 2454 1709 etc.
2487 1652 2959 1720 Quemadmodum
2991 1655 3356 1712 mortificatur
3387 1657 3597 1712 mundo
3629 1658 3725 1729 qui
3753 1675 3784 1711 a

2191 1746 2628 1817 proprietatibus
2657 1748 2846 1803 mundi
2874 1749 3122 1816 recessit,
3146 1750 3220 1805 ita
3250 1750 3486 1806 moritur
3511 1753 3637 1806 vitae
3664 1767 3786 1823 gra-

500 1843 594 1899 scd
626 1844 803 1899 solum
825 1859 938 1899 sua:
964 1844 1100 1899 artis
1130 1843 1498 1913 malignitates
1525 1843 1988 1914 superseminant,
2033 1851 2090 1899 et
2120 1911 2152 1915 _
2196 1837 2285 1894 tia:
2311 1837 2408 1908 qui
2441 1838 2565 1894 vitae
2590 1840 2781 1909 gratiae
2797 1850 3070 1912 praecepta
3098 1857 3209 1897 non
3233 1841 3368 1898 facit
3396 1862 3412 1898 :
3437 1852 3494 1900 et
3523 1853 3784 1915 tanquam

502 1945 822 2006 exspectant
853 1943 914 1990 ut
951 1936 1129 1993 sciant
1157 1911 1288 1992 cuni
1309 1935 1455 2006 quali
1483 1911 1766 1992 ati‘eetione
1792 1935 2087 2006 recipimus
2119 1911 2162 1966 Β
2191 1937 2414 2001 propter
2437 1933 2738 1987 carentiam
2759 1941 2944 1989 motus
2971 1911 3026 1989 et
3041 1935 3406 2004 privationem
3436 1911 3790 2006 θρα-ἰδίαιιί-

502 2028 842 2098 probationis
871 2044 1062 2085 eorum
1087 2029 1316 2086 insidias
1349 2047 1363 2084 :
1392 2029 1534 2084 unde
1564 2043 1686 2094 nos,
1714 2037 1936 2098 propter
1986 2043 2090 2084 no-

499 2131 668 2177 stram
701 2122 1086 2194 negligentiam
1120 2131 1175 2178 et
1200 2121 1487 2194 segnitiem
1524 2120 1648 2176 illos
1675 2120 1824 2190 (cum
1869 2135 1981 2176 non
2010 2121 2093 2176 vi-

499 2213 688 2284 deant)
720 2213 955 2271 facimus
976 2215 1181 2271 videre.
1205 2214 1493 2269 Abscondit
1526 2211 1786 2268 Dominus
1807 2230 1840 2268 α
1868 2212 2094 2270 saecula-

500 2305 648 2360 ribus
679 2305 845 2361 stadii
881 2307 1244 2377 diﬁicultatem
1273 2305 1353 2377 (6)
1376 2323 1392 2362 :
1418 2304 1585 2361 stadii
1614 2305 2088 2374 importunitatem

499 2400 598 2464 ait,
629 2399 783 2469 juxta
829 2401 1202 2471 acccptionem
1229 2387 1374 2456 male
1410 2398 1858 2470 intelligentium,
1890 2399 2094 2469 quibus

498 2488 752 2545 certatim
783 2490 973 2562 agonis
995 2489 1240 2546 studium
1268 2489 1487 2544 videtur
1518 2488 1925 2558 importunitas,
1947 2485 2096 2556 quod

501 2597 628 2639 vere
678 2582 992 2639 necessaria
1038 2589 1124 2638 est
1167 2581 1595 2652 opportunitas:
1627 2587 1809 2635 tamen
1847 2579 2092 2636 eamdem

498 2675 963 2746 opportunitatem
989 2674 1386 2746 (apparentem,
1419 2657 1913 2744 importunitatem
1960 2669 2092 2727 abs-

497 2767 688 2826 condit
723 2766 866 2824 Deus
914 2767 1002 2822 his
1051 2767 1148 2838 qui
1200 2774 1332 2822 sunt
1365 2765 1420 2820 in
1471 2765 1697 2831 mundo,
1735 2763 1997 2835 quoniam
2048 2761 2095 2818 si

502 2862 873 2934 respexissent
906 2860 976 2917 ad
1011 2859 1388 2931 importunum
1421 2859 1523 2926 eis,
1562 2875 1671 2915 non
1714 2857 1904 2930 utique
1941 2857 2094 2914 abre-

504 2952 816 3010 nuntiasset
839 2953 966 3025 quis
1015 2953 1205 3009 talium
1235 2951 1552 3024 aliquando.
1589 2949 1648 3006 Si
1695 2952 1866 3017 enim,
1899 2965 2098 3007 secun-

503 3048 636 3103 dum
660 3047 980 3117 Apostolnm
1009 3064 1022 3100 :
1055 3045 1308 3101 animalis
1333 3044 1488 3099 homo
1521 3059 1625 3100 non
1642 3043 1868 3114 percipit
1889 3059 1952 3098 ea
1980 3057 2099 3111 quae

504 3151 630 3198 sunt
675 3142 893 3211 spiritus
932 3140 1033 3196 Dei
1063 3142 1107 3208 ⁵,
1148 3141 1217 3198 ad
1244 3139 1418 3196 Deum
1457 3154 1589 3196 vero
1621 3137 1781 3210 jungi
1824 3136 2099 3194 charitate

512 3247 568 3292 et
603 3234 918 3300 dilectione,
971 3233 1258 3305 spirituale
1305 3239 1392 3291 est
1417 3251 1431 3288 :
1457 3229 1736 3302 quomodo
1777 3227 2096 3301 (secundum

509 3327 799 3399 mundum)
845 3326 1352 3392 abrenuntiassent,
1399 3325 1565 3380 etiam
1603 3323 1940 3392 abnegantes
1969 3335 2100 3378 suas

507 3433 836 3476 mammonae
876 3419 1121 3486 divitias,
1149 3427 1203 3475 et
1231 3416 1573 3476 confusionis
1604 3415 1986 3487 proprietates,
2019 3414 2102 3470 ni-

506 3512 552 3568 si
584 3528 680 3583 per
714 3511 1100 3584 compendium
1146 3521 1202 3568 et
1248 3509 1773 3568 circumventionem
1817 3515 2094 3572 sanctam,

504 3620 600 3663 eos
630 3605 870 3662 traheret
895 3614 951 3661 et
987 3603 1248 3660 vocaret?
1291 3601 1507 3658 Etenim
1543 3617 1670 3656 caro
1696 3609 1748 3658 et
1775 3601 1990 3672 sanguis
2017 3617 2099 3656 re-

506 3713 669 3767 gnum
700 3696 798 3752 Dei
843 3713 944 3753 non
973 3696 1312 3768 possidebunt
1334 3693 1639 3767 °.—-Ignem
1668 3694 1727 3748 in
1756 3693 1998 3749 manibus
2024 3703 2101 3750 te-

509 3801 688 3849 nentes
711 3809 729 3850 :
751 3791 932 3866 ignem
966 3800 1153 3848 tenent
1175 3791 1228 3846 in
1255 3789 1533 3856 manibus,
1562 3796 1624 3844 ut
1651 3803 1747 3859 per
1766 3800 2100 3844 consensum

507 3893 565 3941 et
597 3894 754 3941 actus
783 3885 1038 3950 vitiosos,
1073 3883 1325 3940 carnales
1354 3891 1409 3938 et
1433 3881 1700 3938 animales
1730 3879 2018 3946 inclinent,
2045 3887 2100 3935 et

507 3978 611 4044 sic,
657 3992 760 4034 nos
797 3978 1022 4048 (corpus
1063 3977 1294 4040 scilicet,
1334 3985 1388 4032 et
1429 3973 1698 4044 animum)
1746 3971 1995 4028 ardeant.
2031 3970 2101 4026 In

510 4069 678 4126 tribus
725 4073 959 4126 maxime
1001 4069 1386 4141 principalibus
1413 4085 1432 4122 :
1462 4066 1792 4124 auctoritate
1839 4080 2000 4120 sacra
2045 4073 2102 4120 et

507 4165 820 4237 evangelica
854 4165 906 4239 (a
937 4165 1116 4221 tribus
1141 4163 1592 4221 distinctionibus
1623 4160 1946 4217 monasticae
1975 4173 2102 4214 con-

508 4259 881 4331 versationis),
921 4273 1110 4314 verum
1143 4257 1406 4314 virtutum
1439 4255 1680 4311 medium
1713 4253 1975 4320 declarat,
2005 4267 2100 4310 so-

511 4353 792 4410 lummodo
819 4353 874 4409 in
909 4354 1166 4424 perlectis
1205 4352 1500 4408 virtutibus
1529 4365 1669 4421 quas
1701 4347 1968 4405 Mediator
2000 4345 2096 4403 Dei

508 4454 566 4500 ct
610 4445 899 4501 hominum
923 4443 1176 4502 Christus
1206 4443 1367 4502 Jesus
1403 4445 1592 4500 docuit
1618 4450 1675 4498 et
1702 4441 1951 4512 perfecit,
1982 4455 2102 4496 me-

512 4536 662 4593 dium
695 4537 918 4594 beatum
951 4553 1077 4594 esse
1121 4537 1430 4603 insinuans,
1476 4543 1532 4592 et
1571 4535 1626 4590 in
1681 4533 2100 4591 admirationem

2195 2024 2306 2079 mal
2328 2032 2605 2080 mortuum
2647 2025 2906 2094 dicimus,
2939 2027 3013 2083 ita
3037 2029 3204 2084 homo
3237 2037 3492 2087 mortuus
3529 2031 3790 2102 intelligi-

2194 2125 2304 2180 tur,
2326 2125 2504 2186 etest,
2525 2125 2580 2174 et
2597 2118 2820 2186 dicitur,
2837 2134 2905 2175 ex
2923 2135 2990 2176 eo
3005 2121 3152 2191 quod
3169 2122 3558 2178 mandatorum
3579 2122 3789 2179 Christi

2193 2210 2586 2284 perfectionem
2605 2215 2822 2284 operari
2839 2224 2896 2270 et
2924 2215 3129 2272 imitari
3146 2232 3256 2271 non
3274 2217 3410 2283 vult,
3439 2227 3495 2274 et
3509 2218 3792 2274 adhaerere

2195 2306 2322 2361 vitae
2345 2313 2565 2362 aeternae
2591 2321 2716 2378 quae
2745 2307 2801 2362 in
2834 2308 3097 2364 mandato
3125 2309 3228 2380 ipsi
3258 2319 3364 2375 est,
3396 2325 3494 2379 per
3534 2311 3793 2367 volunta-

2195 2397 2332 2452 riam
2361 2397 2544 2453 carnis
2587 2398 3000 2468 abnegationem
3021 2441 3037 2466 ,
3066 2401 3266 2456 renuit.
3316 2401 3698 2458 Adulterium
3743 2412 3792 2458 et

2197 2485 2375 2554 ﬁctam
2409 2483 2509 2554 (8.)
2552 2483 2933 2542 Adulterinam
2989 2487 3142 2554 dicit,
3195 2489 3546 2546 saecularium
3590 2490 3790 2548 bonam

2198 2577 2697 2644 conversationem,
2729 2589 2958 2649 propter
3009 2579 3197 2644 laudes
3228 2591 3284 2636 et
3315 2597 3510 2638 vanam
3538 2584 3792 2656 gloriam,

2199 2679 2255 2727 et
2283 2681 2506 2742 propter
2539 2689 2700 2730 usum
2751 2675 2989 2746 propriae
3021 2675 3342 2744 voluntatis,
3395 2687 3454 2735 et
3485 2694 3793 2737 conversa-

2198 2763 2400 2820 tionem
2422 2766 2815 2822 tumultuosam
2837 2767 2892 2823 in
2917 2767 3068 2826 curis
3089 2769 3234 2836 vitae,
3259 2779 3322 2826 et
3341 2786 3528 2830 rerum
3545 2773 3798 2845 proprie-

2201 2865 2365 2912 tatem
2392 2876 2404 2911 :
2425 2857 2685 2928 quoniam
2719 2874 2784 2915 ea
2813 2875 2936 2928 quae
2957 2858 3182 2916 Patrum
3203 2863 3440 2920 consilio
3462 2874 3520 2922 et
3543 2865 3799 2922 obedien-

2201 2949 2272 3003 tia
2304 2949 2462 3018 fiunt,
2494 2959 2551 3006 et
2586 2966 2648 3007 ea
2672 2966 2796 3022 quae
2817 2967 3008 3008 eorum
3039 2954 3452 3014 examinatione
3487 2960 3798 3028 probantur

2201 3052 2256 3098 et
2281 3043 2594 3112 firmantur,
2627 3055 2778 3102 recta
2802 3054 2934 3102 sunt
2967 3055 3023 3103 et
3066 3049 3368 3115 manentia,
3399 3059 3455 3106 et
3483 3049 3599 3107 Deo
3626 3052 3800 3108 bene-

2201 3134 2421 3206 placita,
2449 3136 2580 3206 quia
2613 3135 2750 3192 fiunt
2791 3138 3095 3195 secundum
3125 3139 3463 3198 voluntatem
3501 3143 3671 3210 illius,
3699 3146 3798 3216 qui

2202 3228 2337 3284 dicit
2371 3246 2384 3282 :
2417 3225 2489 3282 Et
2528 3246 2562 3283 a
2613 3231 2812 3302 meipso
2839 3231 2982 3300 facio
3023 3234 3157 3288 nihil
3188 3234 3230 3290 ⁸.
3263 3234 3400 3292 Nam
3429 3238 3576 3308 quod
3622 3239 3698 3294 ita
3740 3240 3804 3296 lit

2205 3321 2352 3393 (cum
2385 3321 2686 3391 perfectum
2707 3337 2828 3380 esse
2856 3324 3097 3396 habeat),
3129 3327 3200 3382 ab
3238 3328 3653 3389 omnivanitate
3677 3346 3803 3389 ser-

2202 3423 2367 3468 vatur
2395 3413 2645 3471 illtesum.
2680 3415 2953 3472 Plurimos
2988 3418 3044 3473 in
3083 3420 3280 3476 saeculo
3310 3424 3514 3492 aspexi,
3544 3433 3650 3479 etc.
3681 3422 3805 3481 Hoc

2205 3506 2264 3562 fit
2295 3507 2599 3563 secundum
2633 3509 2962 3566 industriam
3011 3511 3125 3568 doli
3166 3522 3222 3569 et
3257 3512 3471 3570 fraudis
3519 3516 3803 3574 illudentis

2203 3598 2434 3666 inimici,
2463 3604 2726 3670 quoniam
2755 3603 2959 3659 detenti
2993 3604 3050 3660 in
3081 3604 3206 3661 «vita
3235 3607 3510 3677 saeculari,
3551 3625 3678 3680 qua
3708 3620 3802 3668 est

2201 3691 2391 3748 multis
2417 3694 2657 3763 peccatis
2700 3703 2756 3751 et
2791 3698 3120 3756 tumultibus
3165 3701 3348 3770 plena,
3397 3703 3454 3758 in
3491 3719 3604 3774 qua
3655 3713 3806 3762 recte

2201 3798 2324 3842 esse
2349 3794 2406 3840 et
2436 3781 2575 3842 bene
2605 3787 2790 3845 vivere
2823 3789 3174 3860 videbantur,
3199 3803 3259 3850 et
3283 3795 3592 3852 secundum
3631 3813 3804 3868 app-

2203 3877 2436 3934 rentiam
2463 3879 2728 3950 proficere
2751 3883 2805 3937 in
2830 3883 3144 3950 virtutibus,
3175 3885 3478 3959 illaqueati,
3507 3898 3679 3945 ruunt
3704 3893 3803 3946 mi-

2202 3971 2508 4028 serabiliter
2532 3974 2824 4030 sordidati.
2864 3974 3146 4047 Contingit
3182 3979 3348 4035 etiam
3380 3979 3486 4038 hoc
3521 3982 3602 4038 eis
3629 3984 3804 4054 negli-

2203 4063 2404 4134 gentia,
2439 4065 2817 4136 irreverentia,
2844 4069 3258 4140 ingratitudine,
3284 4081 3341 4128 et
3367 4073 3630 4140 elatione,
3655 4084 3713 4131 et
3732 4091 3798 4131 ex

2203 4157 2506 4218 correctiva
2531 4161 2920 4230 permissione,
2949 4170 3005 4218 et
3029 4177 3102 4218 ex
3122 4179 3191 4220 eo
3213 4165 3360 4234 quod
3393 4175 3674 4236 pastorem
3700 4169 3801 4224 de-

2203 4257 2328 4305 vote
2384 4266 2493 4307 non
2541 4251 2794 4320 audiunt,
2859 4255 2954 4310 sed
3001 4255 3342 4326 relinquunt.
3387 4257 3801 4316 [inmunditiam

2202 4342 2385 4397 seaculi
2413 4359 2432 4399 :
2472 4342 2959 4415 Concupiseentias
2997 4356 3052 4402 et
3081 4349 3475 4408 delectationes
3532 4354 3718 4409 carnis
3746 4364 3802 4409 et

2203 4436 2416 4501 mundi,
2437 4446 2492 4493 et
2512 4453 2755 4493 amorem
2785 4440 3149 4496 materialium
3171 4449 3227 4497 et
3251 4458 3499 4500 amorem
3529 4445 3800 4502 honorum

2203 4538 2256 4585 et
2289 4529 2497 4600 gloriae,
2554 4529 2818 4602 intellige.
2860 4531 2981 4588 Non
3025 4533 3174 4589 enim
3215 4537 3380 4593 homo
3423 4537 3682 4594 conditus
3716 4545 3804 4594 est

513 4630 791 4697 desinens,
823 4632 1028 4700 ubique
1055 4645 1187 4686 vero
1226 4646 1256 4686 a
1307 4629 1572 4686 virtutum
1605 4627 1822 4695 medio,
1871 4628 2098 4684 vitiosos
2128 4629 2173 4686 D
2203 4621 2540 4687 immundus,
2563 4623 2649 4678 vel
2680 4633 2879 4679 natura
2907 4641 3115 4692 rerum,
3145 4627 3229 4682 vel
3253 4630 3486 4686 materia
3525 4632 3799 4704 exsistan-

514 4722 789 4787 rccedere,
823 4731 878 4778 et
900 4721 1006 4778 sibi
1037 4722 1202 4778 noxia
1235 4735 1479 4792 quaerere
1507 4719 1662 4784 dicit,
1686 4720 1816 4791 quia
1849 4718 1968 4775 sine
2000 4735 2100 4789 pu-

516 4829 621 4885 gna
639 4823 696 4869 et
721 4813 843 4870 sine
870 4813 1075 4880 labore,
1110 4813 1231 4868 sine
1259 4811 1458 4883 vigiliis
1479 4823 1535 4866 et
1555 4811 1675 4868 sine
1697 4811 1961 4868 exercitio
1983 4810 2098 4880 spi-

517 4906 723 4972 rituali,
755 4921 879 4962 cum
913 4920 1100 4961 amore
1135 4905 1220 4961 sui
1245 4905 1511 4975 ipsorum,
1535 4904 1756 4961 Christo
1800 4904 2008 4961 servire
2039 4918 2100 4959 se

517 4995 803 5053 simulant.
834 4993 991 5052 Unde
1010 5010 1118 5051 non
1150 5002 1281 5050 sunt
1310 4995 1364 5050 hi
1398 4995 1533 5050 tales
1560 4994 1612 5049 in
1643 4994 1865 5050 nomine
1895 4992 2098 5049 Christi

517 5087 856 5159 congregati,
901 5087 1032 5157 quia
1060 5087 1392 5144 voluntatem
1420 5095 1476 5143 et
1505 5085 1860 5142 intentionem
1892 5086 2098 5142 Christi

517 5184 902 5252 congregantis
932 5182 1206 5251 ignorant.
1243 5177 1343 5234 Ubi
1390 5194 1508 5234 vero
1530 5187 1655 5233 sunt
1678 5177 1784 5232 duo
1811 5177 1887 5232 vel
1915 5186 2021 5233 tres
2052 5178 2096 5245 ',

517 5288 626 5334 etc.
653 5276 772 5333 Duo
801 5278 885 5334 vel
917 5287 1027 5334 tres
1047 5275 1360 5350 congregati
1389 5276 1444 5331 in
1473 5274 1695 5331 nomine
1720 5272 1945 5338 Christi,
1972 5273 2109 5330 acti-

517 5369 661 5426 vict
706 5367 1110 5439 contemplativi
1144 5378 1203 5424 et
1249 5375 1500 5438 regentes
1543 5375 1600 5422 et
1649 5379 1848 5433 curpus
1891 5372 1948 5420 et
1989 5365 2107 5422 ani-

519 5479 689 5530 mam,
735 5478 913 5527 mens,
943 5461 1083 5517 ratio
1105 5471 1160 5518 et
1189 5461 1441 5516 voluntas
1467 5477 1482 5513 :
1512 5459 1617 5526 vel,
1643 5473 1865 5529 corpus,
1897 5459 2103 5526 anima,

518 5563 576 5613 et
615 5555 848 5626 spiritus
877 5552 960 5610 vel
991 5551 1358 5616 rationabilis,
1393 5547 1857 5620 concupiscibilis,
1895 5559 1950 5604 et
1992 5550 2106 5606 ira-

2207 4715 2368 4784 tium,
2405 4717 2498 4771 sed
2523 4715 2652 4786 quia
2675 4717 2840 4774 homo
2869 4721 3138 4775 avertitur
3163 4722 3278 4778 suis
3309 4711 3702 4791 voluntatibus,
3727 4724 3801 4781 ab

2206 4824 2272 4865 eo
2297 4807 2444 4879 quod
2470 4819 2555 4866 est
2577 4810 2911 4868 conveniens
2937 4822 2992 4868 et
3019 4813 3336 4883 honestum,
3369 4832 3624 4887 quaerens
3646 4819 3798 4876 dele-

2207 4900 2430 4957 ctabilia
2461 4910 2516 4956 et
2555 4901 2837 4973 sublimia,
2889 4905 3035 4963 altus
3081 4909 3250 4964 corde
3283 4909 3364 4975 fit,
3397 4919 3623 4981 propter
3650 4913 3799 4982 quod

2209 4994 2528 5052 immundus
2591 5005 2679 5052 est
2729 4997 2873 5068 apud
2929 4997 3124 5056 Deum.
3185 5000 3565 5072 Importunum
3611 5007 3794 5061 cordis

2207 5087 2380 5156 ignem
2407 5103 2425 5143 :
2445 5085 2591 5159 Ignis
2615 5089 2964 5160 importunus
2986 5102 3071 5149 est
3090 5095 3271 5151 omnis
3288 5110 3445 5152 amor
3458 5098 3720 5164 carnalis,
3744 5109 3799 5155 et

2207 5179 2389 5236 omnis
2425 5181 2626 5238 vitiosa
2647 5185 3112 5255 concupiscentia,
3138 5196 3194 5242 et
3237 5187 3551 5245 delectatio.
3588 5192 3800 5262 Oppor-

2208 5281 2374 5328 tunus
2403 5287 2534 5346 ergo
2574 5274 2718 5347 ignis
2745 5285 2851 5342 est,
2908 5292 3066 5332 amor
3099 5279 3193 5336 Dei
3244 5289 3410 5352 atque
3447 5283 3714 5354 cognitio,
3745 5293 3799 5338 et

2207 5362 2446 5436 Spiritus
2483 5366 2664 5424 sancti
2690 5369 3029 5433 incendium,
3055 5379 3110 5426 et
3135 5373 3564 5431 communicatio
3592 5393 3606 5429 :
3637 5385 3694 5431 et
3722 5377 3796 5430 di-

2205 5460 2347 5515 citur
2375 5472 2740 5532 opportunus,
2764 5463 2892 5533 quia
2919 5465 3105 5522 omnia
3131 5466 3388 5522 arbitrari
3410 5466 3543 5523 facit
3567 5477 3628 5524 ut
3657 5477 3795 5523 ster-

2205 5567 2333 5608 cora
2367 5565 2586 5624 propter
2622 5555 2794 5612 Deum
2825 5558 2867 5625 ⁸,
2899 5559 3045 5614 sicut
3093 5559 3440 5630 importunus
3471 5560 3795 5630 diciturqui

590 5736 613 5768 δ
635 5734 822 5792 Matth.
844 5750 920 5800 χι,
949 5734 1040 5788 21.
1115 5733 1136 5766 ⁸
1163 5730 1332 5789 lCor.
1371 5747 1432 5798 ιι,
1475 5731 1560 5786 Η.
1638 5730 1658 5762 θ
1682 5729 1847 5786 lCor.
1872 5747 1960 5796 xv,
1994 5731 2080 5786 50.
2162 5737 2178 5766 ⁷
2207 5735 2399 5792 Matth.
2442 5753 2561 5804 vm,
2593 5739 2683 5792 ‘22.
2760 5738 2780 5767 "
2815 5737 2973 5795 Joan.
2998 5755 3111 5806 vni,
3140 5742 3228 5796 '58.
3307 5742 3327 5774 ’
3353 5739 3587 5812 Philipp.
3624 5758 3709 5808 ill,
3733 5739 3793 5799 8.

595 5822 674 5888 (6)
713 5820 895 5891 “Vetus
925 5821 1215 5890 intcrprcs,
1248 5819 1726 5891 importunitatem.

595 5892 671 5960 (7)
708 5889 874 5947 Vetus
906 5892 1173 5964 interpres
1241 5889 1602 5947 habitudinem
1651 5900 1699 5944 et
1734 5889 2087 5958 a/fcrlioncm.

2295 5825 2371 5895 (ﬂ)
2398 5823 2566 5883 Vetus
2600 5826 2885 5897 interpres,
2914 5844 3140 5900 segnem.

3641 421 3788 488 1216
3871 469 3880 477 ς
