4030 6422
204 358 327 424 ιιι-ι

1382 348 1699 410 SCHOLIA
1735 348 1816 409 IN
1859 347 2257 429 CLIMACUM

3338 356 3473 420 1218

201 471 361 529 foedat
397 474 450 521 et
480 459 754 534 inquinat,
793 471 847 519 et
871 462 1204 519 exterminat
1231 463 1472 516 animam
1512 480 1526 514 :
1562 460 1778 515 Deliciis
1811 480 1852 532 Α
1887 458 2007 526 Lot,
2040 461 2133 515 sed
2174 463 2351 530 ipsum
2385 476 2620 533 sequens
2652 461 2815 532 fuge:
2848 477 3004 518 amor
3047 465 3192 519 enim
3244 474 3299 521 et
3349 469 3473 524 alle-

199 560 429 618 onmibus
451 566 503 612 et
530 557 676 611 uitiis
711 556 1083 611 abstinendum
1113 555 1214 626 (δ’)
1245 573 1259 609 :
1289 555 1371 609 Ab
1399 553 1654 609 omnibus
1681 555 1777 608 de-

198 655 332 712 liciis
375 661 430 707 et
479 649 815 721 malignitate
869 648 960 705 hic
1006 646 1139 704 dicit
1187 646 1597 703 absdnendum.
1644 643 1777 699 Nam

197 763 289 818 per
332 743 583 807 delicias,
616 742 802 798 carnis
845 741 1346 812 concupiscentias,
1397 747 1453 796 et
1498 738 1780 795 universas

198 837 378 896 mundi
395 835 790 892 delectationes
812 833 1052 906 intellige
1087 851 1101 890 :
1133 849 1231 906 per
1256 832 1653 905 malignitatem
1685 848 1779 888 ve-

199 948 276 997 ro,
302 931 420 992 ire,
449 937 504 983 et
533 926 915 994 immunditiae,
943 936 998 984 et
1025 926 1316 998 superbiae,
1340 935 1394 982 et
1414 926 1656 996 reliquas
1684 926 1780 980 ad-

197 1024 556 1084 inventiones.
588 1021 787 1077 Portus
811 1022 950 1076 enim
971 1031 1021 1076 et
1061 1021 1277 1088 salutis,
1305 1029 1411 1078 etc.
1437 1020 1645 1076 Salutis
1659 1021 1780 1090 qui-

196 1121 334 1186 dem,
357 1125 583 1189 propter
610 1114 844 1186 vigilias,
871 1115 1364 1180 conversationem,
1392 1112 1778 1175 humilitatem,

195 1212 567 1276 sobrietatem,
597 1217 655 1265 et
681 1208 983 1265 virtuosam
1018 1207 1477 1273 sollicitudinem;
1509 1205 1780 1277 periculo-

195 1321 313 1361 rum
354 1318 511 1370 vero,
547 1311 771 1374 propter
803 1300 1336 1372 pusillanimitatem,
1370 1297 1777 1371 negligentiam,

208 1397 541 1469 tepiditatem
569 1405 624 1450 et
666 1396 901 1467 propriae
949 1393 1247 1449 voluntatis
1275 1392 1476 1448 malam
1505 1406 1781 1447 reassum-

195 1492 434 1564 ptionem
478 1507 492 1543 :
521 1488 650 1560 quia
683 1494 908 1559 propter
937 1487 1062 1553 ista,
1090 1487 1142 1541 in
1183 1495 1344 1558 portu
1373 1485 1629 1557 angelica:
1660 1485 1782 1540 vit-.e

195 1582 425 1654 religiosi
449 1580 848 1653 periclitantur,
878 1580 1022 1635 sicut
1061 1593 1160 1650 per
1197 1575 1562 1635 obedientiam
1608 1585 1663 1633 et
1699 1591 1783 1632 re-

196 1676 512 1740 verentiam,
545 1688 679 1744 pace
710 1682 766 1728 et
792 1672 969 1728 salute
996 1670 1279 1728 fruuntur.

195 1769 321 1826 CAP.
379 1766 466 1824 Ill.
524 1797 593 1810 —-
652 1765 964 1836 Spiritualis
1019 1764 1460 1836 peregrinationis
1540 1763 1780 1833 deﬁnitio

803 1856 926 1926 (col.
963 1854 1067 1911 665
1109 1853 1190 1927 Β).

263 1949 654 2022 Peregrinatio,
700 1957 786 2005 est
846 1963 977 2004 vera
1032 1950 1338 2022 segregatio
1391 1948 1460 2003 ab
1519 1945 1779 2002 omnibus

201 2041 691 2112 concupiscentiis,
757 2039 1151 2112 voluptatibus,
1206 2050 1262 2096 et
1321 2039 1601 2095 malitiis:
1654 2053 1776 2092 nam

201 2143 418 2204 propter
441 2132 864 2205 segregationem
896 2149 928 2188 a
950 2132 1124 2201 vitiis,
1167 2132 1584 2203 insegregabilis
1638 2132 1699 2186 ﬁt
1748 2146 1778 2186 a

197 2225 326 2291 Deo,
370 2241 499 2281 nam
529 2226 672 2282 vitiis
692 2225 1074 2295 praesentibus,
1117 2225 1197 2280 nil
1260 2225 1466 2280 utiliter
1523 2239 1780 2280 consum-

194 2327 390 2372 matur.
415 2317 636 2373 Omnem
665 2334 884 2372 suorum
917 2317 1313 2379 alienorumque
1345 2316 1592 2385 aﬂ‘eclum
1613 2331 1633 2369 :
1653 2331 1779 2384 pro-

193 2411 430 2481 priorum
507 2410 886 2467 habitudinem
936 2410 1069 2466 dicit
1121 2418 1368 2475 sanctus,
1431 2407 1774 2464 affectionem

191 2503 527 2573 voluptatum
585 2504 654 2558 ad
696 2505 960 2576 seipsum,
989 2512 1045 2560 et
1072 2503 1141 2558 ad
1185 2503 1426 2574 propria,
1477 2500 1529 2556 id
1571 2512 1656 2556 est
1709 2501 1775 2555 ad

194 2595 521 2652 domesticos
557 2604 614 2652 et
645 2597 1024 2668 propinquos:
1065 2596 1372 2650 Alienorum
1401 2609 1532 2650 vero
1586 2595 1777 2650 amici-

197 2689 318 2743 tiam
367 2703 610 2756 omnem,
661 2697 713 2744 et
745 2688 1090 2744 aﬂ'eCtionem
1141 2701 1597 2760 quorumcunque
1651 2702 1778 2742 sen-

196 2783 420 2847 sualem,
453 2791 507 2838 et
538 2782 660 2838 aliis
711 2782 970 2838 omnibus
1003 2797 1127 2853 quae
1161 2791 1291 2838 sunt
1336 2791 1514 2845 extra,
1551 2779 1667 2836 sive
1709 2780 1778 2835 de

191 2877 458 2946 pecuniis,
507 2877 622 2932 sive
665 2875 1130 2946 possessionibus.
1179 2873 1296 2939 Vel,
1338 2875 1676 2945 propriorum
1699 2871 1778 2928 di-

191 2977 332 3023 ctum
397 2968 660 3033 arbitror,
687 2968 754 3023 de
777 2966 1155 3023 voluntatibus
1217 2964 1630 3021 conferentibus
1681 2979 1774 3020 se-

192 3057 429 3112 cundum
460 3072 702 3112 carnem.
745 3056 1052 3111 Alienorum
1085 3070 1234 3121 vero,
1271 3057 1337 3110 de
1364 3054 1622 3110 omnibus
1653 3068 1776 3124 qua:

193 3159 314 3206 sunt
334 3159 520 3216 extra,
561 3149 815 3220 superius
851 3147 1036 3215 dictis,
1085 3163 1118 3199 a
1141 3147 1340 3219 quibus
1367 3144 1653 3212 alienatus,
1687 3159 1777 3200 ra-

193 3243 508 3298 tionabilem
547 3249 605 3298 et
672 3242 811 3296 bene
855 3238 1117 3295 ferentem
1173 3239 1240 3293 ad
1291 3238 1524 3294 salutem
1574 3235 1779 3293 incedit

192 3333 352 3388 viam.
411 3332 612 3389 Statim
651 3343 709 3386 ut
736 3331 1028 3401 susceperis
1057 3331 1353 3400 ﬂammam,
1408 3346 1580 3384 curre.
1641 3329 1778 3383 Pro-

189 3437 306 3498 pter
333 3434 586 3482 nostram
618 3425 1048 3481 inconstantiam
1093 3432 1149 3480 et
1190 3423 1596 3480 vertibilitatem
1618 3463 1634 3489 ,
1667 3438 1776 3494 qua

189 3533 288 3574 nos
311 3519 466 3589 ipsos
496 3517 795 3573 avertimus
817 3532 847 3572 a
881 3517 1071 3588 gratia:
1104 3516 1280 3579 radio,
1317 3515 1574 3580 dicimur,
1607 3531 1637 3570 a
1667 3515 1779 3570 Deo

191 3610 448 3680 relinqui,
479 3609 610 3679 quia
645 3609 784 3679 ipse,
805 3608 861 3663 in
893 3623 1006 3664 suae
1027 3608 1334 3664 mansionis
1360 3607 1641 3663 identitate
1675 3607 1778 3662 im-

195 3709 376 3756 motus
397 3715 651 3766 manens,
672 3709 726 3755 et
746 3713 805 3755 se
831 3700 993 3755 nobis
1019 3700 1318 3755 immittens
1343 3708 1396 3755 et
1412 3700 1684 3769 ingerens,
1708 3713 1780 3754 ai—

199 3791 430 3860 qualiter
447 3801 500 3846 et
513 3793 776 3848 continue
788 3798 841 3846 et
858 3790 1069 3862 absque
1088 3805 1444 3862 personarum
1465 3792 1780 3861 acceptione

199 3898 304 3938 nos
345 3885 506 3939 etiam
557 3884 804 3951 trahens,
865 3884 1159 3939 mutationi
1215 3899 1326 3939 non
1371 3884 1586 3940 subest.
1642 3883 1780 3938 Hinc

196 3982 387 4028 noster
410 3988 678 4040 recessus,
711 3987 811 4030 sua
851 3974 1065 4030 relietio
1098 3973 1321 4040 dicitur,
1356 3974 1486 4044 quia
1526 3973 1647 4044 ejus
1677 3973 1780 4027 im-

190 4065 525 4131 mobilitate,
586 4074 784 4123 nostrae
831 4066 1141 4122 eversionis
1195 4081 1363 4124 causa
1418 4075 1776 4122 monstratur.

190 4155 501 4212 Flammam
529 4157 693 4228 igitur
721 4160 1037 4230 suscipiens,
1075 4158 1131 4213 id
1192 4167 1296 4223 est,
1350 4158 1540 4228 gratia:
1586 4172 1782 4213 ascen-

186 4250 440 4306 sionem:
477 4267 652 4316 curre,
686 4251 739 4306 id
761 4259 867 4317 est,
893 4251 1179 4322 cooperari
1219 4251 1270 4305 ei
1311 4250 1492 4314 stude,
1529 4265 1596 4306 ex
1629 4252 1780 4306 omni

187 4343 436 4398 virtute:
485 4359 592 4399 non
627 4344 775 4399 enim
815 4343 962 4400 nosti
1015 4343 1238 4414 quando
1273 4343 1653 4414 exstinguatur
1681 4343 1778 4409 ait,

186 4445 412 4506 propter
451 4437 884 4509 inexspectatum
918 4446 974 4492 et
1017 4436 1370 4501 insnll‘erens,
1422 4445 1477 4491 et
1505 4436 1571 4490 ad
1596 4444 1779 4492 trans-

1888 552 2002 608 ctio
2059 555 2407 623 propriorum
2441 572 2668 612 uxorem
2705 556 2809 612 Lot
2851 561 3122 615 convertit
3153 562 3206 614 in
3234 570 3472 618 statuam

1881 645 2035 700 salis.
2065 645 2294 701 All'ectio
2320 662 2569 704 escarum
2611 649 2845 720 privavit
2877 652 3255 723 primogenitis
3305 653 3468 709 Esau.

1879 736 2110 794 Aﬂ'ectio
2136 741 2370 809 propriae
2431 742 2734 798 voluntatis
2790 744 2989 800 extulit
3049 743 3360 802 Luciferum
3417 747 3470 800 in

1881 833 2214 903 superbiam,
2246 842 2300 888 et
2343 835 2782 906 praecipitavitin
2833 837 3040 896 inferos
3065 856 3191 896 cum
3235 857 3472 912 sequen-

1884 925 2031 981 tibus
2073 941 2220 982 eum.
2275 925 2508 982 Aﬁ'ectio
2556 929 2896 1000 voluptatum
2923 929 3140 988 .lezabel
3175 935 3471 1002 interfecit,

1881 1027 1934 1072 et
1995 1017 2347 1074 Salomonem
2393 1019 2448 1075 in
2502 1020 2862 1077 idololatriam
2921 1025 3177 1093 pervertit
3208 1026 3272 1080 ¹¹.
3328 1025 3472 1082 Affe-

1881 1110 1991 1164 ctio
2041 1112 2398 1182 pecuniarum
2445 1112 2643 1169 Judam
2718 1115 3050 1185 proditorem
3086 1117 3289 1175 Christi
3322 1119 3468 1176 fecit.

1881 1200 1985 1268 Qui
2015 1211 2200 1258 autem
2253 1207 2323 1259 ab
2369 1205 2489 1261 istis
2522 1205 2745 1272 recedit,
2777 1206 2986 1261 invenit
3019 1207 3313 1264 Abrahami
3347 1226 3474 1267 vere

1883 1296 2285 1368 peregrinantis
2319 1299 2509 1366 vitam,
2542 1308 2596 1355 et
2622 1314 2732 1355 non
2783 1301 3095 1371 coniugem,
3133 1303 3230 1356 sed
3290 1303 3468 1373 ipsum

1880 1387 1983 1442 Lot
2038 1388 2303 1446 imitatur.
2331 1390 2509 1446 Corda
2552 1393 2691 1446 enim
2755 1407 2874 1463 qua:
2931 1392 3062 1446 illuc
3094 1411 3300 1449 reuersa
3325 1405 3467 1450 sunt.

1882 1477 2038 1544 Vide,
2068 1480 2146 1535 ait
2185 1491 2427 1550 sanctus,
2470 1484 2747 1554 quomodo
2778 1499 2887 1540 non
2920 1484 2986 1540 ad
3029 1500 3138 1553 res,
3170 1484 3268 1540 fuit
3297 1487 3472 1542 Israe-

1883 1569 2098 1625 litarum
2151 1573 2462 1637 conversio,
2512 1575 2608 1630 sed
2661 1576 2726 1629 ad
2765 1590 3050 1632 sermones
3109 1591 3295 1631 rerum
3343 1587 3470 1632 tan-

1881 1675 1996 1714 tum
2046 1675 2232 1715 eorum
2276 1663 2507 1718 intentio
2535 1673 2590 1720 et
2642 1664 2858 1720 aﬂ'ectio
2893 1667 3353 1738 appropinquavit
3413 1677 3466 1722 et

1881 1755 2105 1819 erravit,
2153 1761 2208 1808 et
2259 1765 2544 1826 propterea
2619 1757 2967 1812 condemnati
3021 1757 3243 1814 fuerunt
3285 1779 3298 1814 :
3363 1776 3470 1813 non

1881 1847 2027 1900 enim
2054 1846 2108 1901 in
2138 1845 2457 1920 Egyptum,
2483 1849 2576 1905 sed
2604 1851 2672 1905 ad
2695 1865 2756 1905 ea
2782 1867 2905 1920 quae
2925 1861 3083 1906 erant
3121 1852 3174 1906 in
3209 1851 3466 1924 1E3ypto,

1883 1953 2042 1993 mens
2087 1940 2268 2010 populi
2303 1942 2602 1997 descendit.
2637 1941 2792 1997 Time
2821 1943 3009 2014 igitur,
3041 1952 3096 1998 et
3128 1953 3185 1998 tu
3213 1943 3461 2007 humilis.

1880 2039 1935 2086 et
1964 2029 2059 2086 Dei
2110 2048 2291 2098 serve,
2320 2035 2385 2090 ad
2430 2035 2791 2107 cogitationes
2831 2037 3084 2091 vitiorum
3119 2037 3316 2093 habere
3340 2053 3473 2093 con-

1881 2137 2127 2192 sensum,
2164 2139 2233 2180 ne
2280 2126 2444 2182 etiam
2477 2138 2532 2183 tu
2579 2127 2859 2182 damneris
2904 2144 3002 2199 per
3043 2144 3158 2184 eas.
3192 2127 3260 2183 Et
3295 2129 3471 2185 Moses

1882 2215 1977 2270 ille
2000 2217 2091 2287 qui
2125 2215 2296 2272 Deum
2317 2217 2862 2292 viderat:Egyptus,
2898 2219 2992 2276 Dei
3023 2221 3386 2292 ignorantiam
3419 2234 3474 2278 et

1880 2315 2186 2376 peccatum,
2219 2319 2274 2364 et
2313 2309 2650 2382 impietatem
2685 2311 2976 2380 signiﬁcat,
3007 2310 3223 2384 Moyses
3264 2323 3470 2378 autem,

1881 2396 2153 2468 perfectos
2179 2398 2328 2454 viros
2357 2408 2412 2454 et
2438 2399 2530 2456 Dei
2558 2401 2960 2470 praedicatores,
2989 2403 3082 2473 qui
3114 2417 3240 2458 cum
3271 2405 3472 2460 talibus

1881 2489 2081 2545 multas
2116 2491 2388 2546 sustinent
2426 2491 2954 2550 tenebrefactiones:
2995 2495 3090 2564 qui
3157 2509 3300 2566 saepe
3343 2513 3472 2568 pro-

1880 2578 2028 2646 fecti,
2056 2595 2120 2635 ex
2153 2580 2478 2651 ignorantia,
2514 2591 2735 2652 peccato
2763 2591 2818 2637 et
2844 2583 3116 2652 impietate
3177 2600 3470 2655 pravorum

1881 2684 2220 2743 gravantur:
2255 2683 2308 2729 et
2365 2675 2565 2745 saepius
2602 2675 2912 2746 exaggerati
2946 2674 3060 2746 (l0)
3092 2681 3472 2735 conversatio-

1882 2780 1949 2821 ne
1979 2769 2270 2834 malorum,
2309 2768 2474 2838 quasi
2521 2768 2848 2838 quibusdam
2895 2767 3186 2826 anxietatis
3237 2773 3472 2828 tenebris

1880 2857 2258 2926 involvuntur,
2291 2860 2420 2914 dum
2461 2875 2530 2915 ex
2566 2861 2682 2916 zelo
2719 2862 3017 2922 Dominicis
3044 2867 3243 2934 laudis,
3309 2884 3476 2938 super

1878 2951 2177 3005 carnalium
2211 2950 2565 3006 offensionem
2600 2955 2984 3013 molestantur.
3054 2956 3159 3024 Qui
3217 2959 3288 3014 ad
3343 2975 3475 3015 suos

1882 3045 2174 3100 mittuntur
2198 3044 2404 3100 eisdem
2445 3047 2750 3103 rationibus
2809 3049 3010 3119 quibus
3063 3049 3118 3106 in
3179 3051 3474 3117 Nazareth,

1883 3135 2152 3193 Dominus
2181 3137 2427 3194 ridebat:
2465 3138 2740 3206 videlicet,
2774 3155 2840 3197 ne
2862 3139 3006 3198 forte
3042 3143 3329 3200 dicerent:
3364 3145 3478 3201 Me-

1880 3231 2013 3296 dice,
2045 3247 2176 3284 cura
2215 3231 2440 3300 teipsum
2469 3232 2534 3286 ²².
2564 3231 2629 3286 Et
2655 3248 2721 3286 ne
2749 3233 3010 3302 dicerent,
3045 3235 3174 3306 quia
3217 3237 3476 3294 adversa-

1882 3324 2000 3380 rius
2052 3323 2213 3380 nobis
2240 3333 2324 3380 est
2358 3324 2470 3395 (ll)
2501 3343 2515 3380 :
2546 3333 2620 3392 et,
2657 3339 2724 3380 ne
2752 3325 3017 3394 dicerent,
3058 3329 3105 3384 si
3163 3329 3317 3400 signa
3392 3330 3477 3388 fe-

1880 3417 2064 3481 cisset,
2103 3414 2526 3472 credidissemus
2557 3425 2612 3472 et
2642 3433 2742 3473 nos
2785 3418 3074 3475 similiter:
3107 3429 3162 3477 et
3195 3421 3317 3476 ideo
3344 3423 3478 3477 mit-

1883 3517 2072 3564 tuntur
2101 3516 2156 3563 et
2184 3508 2310 3578 ipsi,
2342 3509 2473 3579 quia
2514 3508 2644 3564 fecit
2677 3509 2752 3564 ibi
2783 3506 2948 3568 Jesus
2980 3527 3188 3583 paucas
3225 3515 3475 3572 virtutes.

1880 3601 2149 3658 Caeterum
2197 3615 2320 3655 cum
2345 3599 2501 3665 dicit,
2549 3616 2669 3670 quae
2722 3611 2799 3657 est
2858 3613 3029 3659 mater
3065 3622 3203 3670 mea,
3240 3616 3294 3661 et
3356 3625 3478 3679 qua:

1882 3701 2187 3764 sequuntur
2215 3693 2284 3761 ¹³,
2323 3691 2566 3749 ostendit
2595 3694 2738 3765 quod
2796 3710 2977 3766 neque
3009 3696 3290 3755 Christum
3336 3701 3478 3758 ferre

1883 3800 2064 3858 neque
2133 3795 2348 3856 partum
2409 3785 2561 3840 illum
2645 3787 3191 3856 superadmirabilem
3256 3806 3471 3862 parcre,

1883 3879 2098 3934 lucrum
2135 3877 2220 3934 vel
2245 3879 2498 3932 meritum
2531 3877 2759 3933 haberet
2803 3880 2923 3935 sine
2970 3881 3190 3937 virtute.
3228 3882 3356 3939 ldeo
3380 3885 3473 3940 de-

1884 3978 2158 4026 monstrat
2192 3971 2339 4042 quod
2392 3969 2539 4024 nulla
2572 3986 2635 4025 ex
2697 3971 2802 4028 hoc
2868 3973 3074 4029 utilitas
3129 3983 3294 4043 esset,
3361 3978 3466 4032 nisi

1883 4063 2066 4118 omnia
2105 4061 2515 4129 convenientia,
2546 4062 2792 4119 virtuose
2829 4073 2883 4120 et
2915 4081 3128 4123 summe
3161 4065 3365 4124 faceret
3415 4081 3470 4124 et

1882 4155 2220 4226 adimpleret.
2250 4154 2392 4222 Quin
2433 4155 2618 4222 etiam,
2651 4155 2708 4210 in
2741 4159 2846 4213 hoc
2878 4159 3068 4226 verbo,
3123 4174 3307 4215 veram
3357 4177 3472 4216 ma—

1884 4249 1984 4306 tris
2048 4249 2412 4305 humilitatem
2444 4249 2690 4305 insinuat
2723 4251 2945 4322 populo,
2986 4253 3117 4308 dum
3194 4255 3331 4311 nihil
3389 4257 3470 4311 al-

1883 4350 1998 4398 tum
2033 4357 2226 4413 sapere
2257 4351 2353 4397 aut
2400 4341 2690 4414 imaginari
2746 4360 2915 4415 super
2963 4346 3053 4402 tali
3123 4355 3276 4403 tanto
3330 4347 3470 4404 Filio

1883 4436 2244 4492 demonstrat.
2281 4435 2401 4489 Non
2433 4436 2575 4506 quod
2590 4438 2916 4508 propinquos
2951 4449 3156 4494 nostros
3185 4453 3234 4496 et
3265 4438 3469 4511 patrios

185 4529 527 4585 mutationes
587 4530 828 4600 proclive
888 4538 1042 4585 tuum
1096 4530 1400 4599 ingenium.
1468 4528 1616 4583 Tum:
1659 4528 1780 4599 jam
1815 4513 1856 4568 Ι)
1887 4542 2084 4600 agros:
2121 4526 2321 4582 Odium
2366 4537 2449 4584 est
2487 4528 2808 4586 abscondita
2836 4529 3074 4599 aﬂ‘ectio,
3124 4547 3248 4603 quae
3274 4534 3471 4590 adver-

181 4621 538 4691 cogitationes
587 4622 843 4677 vanitatis
876 4621 954 4693 (9)
983 4640 998 4678 :
1059 4619 1292 4689 Quando
1317 4621 1442 4692 quis
1474 4620 1777 4686 extollitur,

178 4725 230 4768 et
271 4713 564 4768 existimat
601 4728 662 4768 se
715 4713 919 4782 aliquid
964 4727 1108 4779 esse,
1144 4713 1324 4782 perdit
1375 4727 1566 4767 verum
1614 4726 1774 4768 esse:

180 4806 329 4872 quia,
359 4820 499 4862 cum
541 4806 676 4860 nihil
710 4807 801 4872 sit,
847 4807 951 4860 hoc
1005 4804 1228 4860 credere
1281 4812 1336 4859 et
1399 4804 1643 4874 cogitare
1691 4812 1780 4859 est

177 4895 228 4949 ei
280 4911 313 4951 a
349 4899 587 4952 veritate
617 4899 890 4953 recedere.
918 4896 1138 4952 Humile
1167 4910 1360 4967 sapere
1381 4896 1428 4930 ³ο
1466 4905 1552 4951 est
1601 4896 1655 4950 in
1687 4910 1780 4952 ve-

175 4989 342 5046 ritate
375 5005 527 5045 esse.
553 4991 738 5046 Altum
775 5005 991 5061 sapere,
1017 4996 1104 5046 est
1132 4989 1189 5044 in
1217 4989 1446 5062 veritate
1473 5005 1581 5046 non
1611 5005 1734 5047 esse
1761 5010 1774 5047 :

172 5083 305 5152 quia
338 5083 564 5139 vanitas
596 5085 946 5140 mendacium
983 5091 1068 5139 est
1099 5092 1153 5138 et
1179 5097 1371 5139 verum
1411 5097 1534 5140 esse
1578 5084 1779 5141 habere

175 5190 287 5230 non
345 5178 506 5232 sinit.
543 5175 773 5235 Vanitas
820 5189 1007 5235 autem
1069 5177 1430 5250 cogitationes
1475 5177 1779 5237 eteiatio-

177 5269 288 5320 nis'
326 5268 670 5326 intentiones
727 5285 870 5341 quae.
918 5285 980 5327 se
1041 5269 1427 5340 suscipientes,
1477 5277 1780 5324 ostentato-

180 5370 270 5410 res
340 5365 407 5410 et
461 5370 739 5419 amatores
802 5363 992 5434 gloriae
1052 5360 1306 5426 faciunt;
1380 5374 1489 5414 non
1555 5374 1779 5416 uxorem

1886 4629 2042 4676 satur
2075 4621 2162 4676 his
2211 4622 2305 4691 qui
2333 4621 2387 4677 in
2438 4623 2623 4693 aliquo
2652 4640 2749 4680 nos
2775 4627 3128 4682 contristant.
3160 4627 3357 4684 Odium
3388 4639 3473 4686 est

1886 4714 2146 4770 alienatio
2179 4715 2248 4770 ab
2277 4729 2345 4770 eo
2373 4719 2520 4787 quod
2553 4727 2809 4774 moestum
2844 4729 2928 4775 est
2950 4729 3046 4775 aut
3077 4723 3293 4778 aversio
3342 4738 3474 4780 con-

1886 4807 2240 4862 tristantium.
2290 4807 2348 4863 ln
2380 4809 2530 4865 nullo
2559 4810 2725 4882 igitur
2767 4812 2986 4882 horum,
3023 4831 3053 4870 a
3094 4819 3364 4873 monacho
3417 4819 3472 4874 ﬁt

1889 4915 2141 4957 recessus
2165 4917 2196 4957 a
2225 4902 2544 4960 domesticis
2579 4913 2633 4960 et
2662 4907 3006 4979 propinquis,
3041 4909 3163 4965 ideo
3192 4911 3321 4966 dicit
3351 4927 3470 4978 nos,

1887 5009 1996 5048 non
2019 5001 2082 5049 nt
2105 4994 2444 5052 obedientes.
2463 4995 2704 5075 Latetur
2733 5001 2873 5055 enim
2901 5001 3178 5067 Dominus,
3206 5013 3309 5058 etc.
3338 5005 3469 5074 (1‘2).

1889 5085 2029 5144 Deus
2065 5097 2281 5143 amator
2344 5089 2654 5160 hominum,
2718 5092 3052 5150 humanatus
3111 5103 3212 5160 est,
3251 5105 3309 5150 ut
3377 5112 3477 5150 nos

1887 5195 2155 5237 aveneno
2212 5182 2476 5237 mundani
2545 5193 2600 5239 et
2647 5185 2870 5241 humani
2932 5189 3138 5243 amoris
3197 5188 3469 5244 liberaret.

1890 5271 1985 5328 Est
2005 5275 2151 5328 enim
2181 5275 2493 5330 mundanus
2522 5285 2579 5331 et
2607 5277 2883 5335 humanus
2937 5295 3120 5336 carnis
3149 5295 3328 5346 amor,
3350 5296 3474 5336 car-

1890 5375 2005 5430 cer,
2044 5375 2098 5420 et
2142 5373 2358 5430 catena,
2417 5376 2475 5422 et
2529 5368 2796 5439 infernus,
2832 5382 2886 5429 et
2930 5389 3078 5430 mors
3119 5393 3134 5432 :
3182 5390 3313 5444 quo,
3353 5376 3477 5446 quis

256 5508 304 5542 ³ο
345 5509 504 5567 Rom.
535 5528 610 5579 xl,
651 5512 744 5567 20.
827 5514 868 5546 “
905 5512 974 5569 ιν
1018 5474 1267 5586 Regum,
1321 5483 1411 5571 ἓξ.
1494 5521 1536 5552 ¹²
1594 5519 1728 5578 Luc.

1912 5521 2004 5576 2'5.
2088 5525 2130 5557 ¹³
2174 5525 2370 5584 Matth.
2440 5545 2539 5595 χιι,
2597 5530 2688 5587 48.

389 5625 558 5705 [eius
604 5630 895 5705 interpres,
927 5631 1135 5705 dgiiciis
1167 5642 1218 5705 et
1253 5635 1607 5705 malignitate.

253 5696 340 5765 (9)
408 5697 574 5779 Vetus
598 5771 609 5779 _
633 5696 920 5771 interpres.
961 5701 1106 5758 Tunc
1139 5696 1409 5760 daemones
1441 5709 1784 5779 cogitationi-

183 5769 279 5822 bus
299 5769 561 5824 vanitatis
592 5769 867 5837 instantes,
895 5779 1000 5828 etc.

1965 5638 2079 5776 ἕω)
2101 5641 2316 5710 Melius,
2348 5645 2668 5716 exasperati.

1992 5709 2079 5776 ll)
2107 5711 2422 5770 Contrarias
2456 5727 2530 5770 est
2561 5732 2668 5776 oper

2107 5709 2422 5784 Contrarias
2456 5709 2530 5770 est
2561 5718 2795 5784 operibus
2831 5717 3050 5771 nostris.

1968 5716 2048 5776 (ll
2107 5716 2422 5770 Contrarias
2456 5727 2530 5770 est
2561 5718 2795 5784 operibus
2831 5717 3050 5771 nostris.

1968 5716 2080 5852 (ης
2118 5781 2286 5842 Vetus
2312 5786 2597 5857 interpres,
2639 5788 2827 5857 gaudet
2849 5798 2896 5842 et
2925 5788 3194 5855 epulatur.
