4030 6422
571 310 710 376 .1219

1731 308 1790 366 S.
1829 305 2156 366 JOANNIS
2217 306 2734 369 RAITHUENSIS

3713 299 3860 364 1220

572 427 824 482 detentus
855 433 1076 496 propter
1128 424 1409 484 virtutem,
1483 417 1822 473 altitudinem
1853 431 1908 472 et
1950 418 2166 474 clarita-
2193 437 2240 482 Α
2270 419 2368 474 riis
2391 420 2646 476 deorsum
2678 434 2780 476 nos
2806 417 3132 474 inclinantes
3162 425 3402 474 tentant:
3433 423 3488 469 et
3513 415 3568 469 in
3597 414 3704 469 isto
3729 429 3860 467 ma-

573 525 704 579 tein,
741 515 1083 576 charitatem,
1129 522 1183 568 et
1254 509 1574 578 sapientiam
1611 522 1710 563 nec
1767 517 2006 577 gustare,
2059 521 2158 563 nec

572 606 778 671 videre,
813 606 1118 670 intendere,
1152 618 1250 659 nec
1277 601 1519 673 cogitare
1544 608 1747 671 potest.
1777 599 1978 665 Quare,
2024 615 2165 670 gau-

571 700 721 753 dium
753 697 978 762 Christi,
1018 705 1102 752 est
1135 698 1192 750 in
1224 703 1413 749 nostro
1447 694 1692 763 perfecto
1731 707 1953 747 recessu
1993 708 2024 745 a
2053 700 2165 746 ter-

573 800 704 840 reno
756 794 810 840 et
863 783 1140 838 mundano
1195 789 1250 836 et
1289 780 1495 835 carnali
1556 793 1766 834 amore.
1796 777 1954 844 Cave,
2015 777 2165 833 obse-

571 895 660 933 cro
706 877 838 948 (1'5).
873 874 1132 930 Diabolus
1184 883 1243 928 ιιι
1292 882 1615 928 retrovertat
1647 855 1739 926 Dei
1795 869 2027 926 famulos
2061 874 2164 930 sub

571 969 751 1039 specie
775 969 912 1023 bene
947 966 1293 1022 rationabilis
1320 964 1561 1036 pietatis,
1590 963 1827 1020 ostendit
1848 964 1947 1029 eis,
1993 966 2076 1019 vel
2108 964 2162 1018 in

571 1061 741 1116 multa
792 1061 1019 1131 penuria
1079 1067 1134 1114 et
1171 1057 1618 1113 tribulationibus
1672 1057 1976 1112 innumeris
2031 1072 2164 1113 suos

569 1168 691 1208 esse
739 1160 1016 1223 parentes,
1073 1151 1155 1206 vel
1212 1151 1266 1205 in
1324 1149 1496 1204 multo
1562 1149 1804 1218 periculo
1857 1147 2054 1202 animae
2111 1158 2164 1203 et

569 1244 873 1315 ignorantia
905 1235 1243 1303 conversari,
1290 1249 1343 1294 et
1369 1240 1572 1294 umhia'
1619 1254 1808 1295 eorum
1870 1239 1973 1292 sub
2012 1253 2164 1308 quo-

567 1335 693 1389 dam
724 1334 882 1406 quasi
924 1334 1090 1389 divini
1123 1333 1316 1404 judicii
1361 1331 1563 1387 diluvio
1596 1330 1792 1386 debere
1862 1331 2160 1401 submergi,

572 1428 674 1484 nisi
701 1428 902 1484 eisdem
932 1427 1281 1482 vehementer
1307 1425 1543 1490 alllictis,
1579 1440 1702 1478 cum
1767 1439 1894 1477 arca
1949 1423 2162 1479 consilii

573 1522 656 1575 vel
713 1520 916 1576 favoris
945 1519 1056 1574 cito
1093 1517 1476 1574 subveniatur.
1505 1514 1686 1582 Quare
1715 1530 1862 1569 nunc
1903 1515 2004 1570 iste
2031 1529 2163 1570 san-

571 1621 695 1667 ctus
743 1612 875 1667 dicit
942 1609 1092 1678 Vide,
1127 1611 1262 1675 vide,
1292 1609 1418 1678 quia
1456 1622 1633 1678 neque
1666 1607 1769 1661 sub
1795 1607 1978 1676 specie
2025 1621 2162 1676 prai-

571 1703 884 1771 dicationis,
917 1717 1092 1771 neque
1127 1702 1230 1756 sub
1289 1700 1513 1754 obtentu
1564 1697 1871 1768 corporalis
1922 1699 2162 1754 subven-

574 1797 759 1861 tionis,
795 1794 891 1848 tibi
943 1793 1072 1849 licet
1110 1793 1174 1844 ad
1211 1801 1499 1862 parentum
1549 1805 1795 1845 amorem
1824 1789 1909 1844 vel
1969 1803 2159 1844 curam

2265 513 2460 569 nil'este
2511 513 2778 579 convicti,
2835 512 3307 584 phantasmatibus
3351 524 3450 564 nos
3511 509 3568 564 in
3613 506 3860 564 somniis

2265 605 2334 660 ad
2382 603 2775 674 malignitatem
2832 619 2992 674 agere
3043 610 3358 659 conantur:
3400 615 3497 671 per
3545 616 3674 670 quae
3738 613 3861 654 suae

2266 699 2510 771 ipsorum
2549 698 2937 753 imbecillitatis
2991 697 3354 768 cognitionem
3385 695 3713 750 exhibentes
3775 693 3862 747 eis

2265 789 2358 860 qui
2386 789 2570 844 viriles
2603 797 2731 844 sunt
2763 797 2818 844 et
2849 789 3112 848 adversus
3162 802 3220 844 se
3281 801 3567 858 resurgere
3633 795 3858 856 parant,

2266 897 2373 936 non
2429 889 2751 951 apparentes
2797 890 2927 936 tunc
2960 895 3134 950 usque
3166 880 3396 958 insidias
3450 879 3857 931 venenantium

2266 974 2618 1028 seductorum
2647 973 3013 1042 propalantes.
3054 971 3158 1038 Qui
3196 988 3313 1026 vero
3347 971 3425 1024 eis
3453 969 3607 1022 nulla
3642 971 3861 1022 ratione

2265 1064 2468 1119 credit:
2498 1064 2861 1135 Distinguitur
2897 1065 3090 1118 modus
3125 1065 3178 1118 in
3207 1065 3616 1135 generationem
3649 1072 3703 1115 et
3727 1077 3856 1116 cor-

2265 1157 2595 1226 ruptionem,
2652 1165 3000 1224 augmentum
3046 1161 3100 1208 et
3148 1153 3593 1215 diminutionem,
3651 1150 3865 1205 altera-

2269 1247 2491 1305 tionem.
2537 1255 2592 1300 et
2624 1246 2850 1300 localem
2888 1245 3271 1309 imitationem,
3320 1253 3550 1305 rectam,
3598 1255 3656 1296 et
3709 1242 3862 1295 obli-

2263 1354 2452 1409 quam,
2490 1347 2544 1392 et
2595 1337 2941 1393 circularetn.
3003 1337 3051 1389 Α
3113 1336 3261 1390 nullo
3312 1335 3511 1389 horum
3568 1333 3860 1388 dormiens

2264 1432 2527 1501 privatur,
2581 1429 2687 1484 nisi
2719 1445 2749 1484 a
2796 1428 2953 1484 locali
2997 1438 3166 1495 motu,
3199 1428 3454 1500 quamvis
3507 1439 3564 1480 et
3624 1426 3858 1496 quidam

2263 1521 2598 1576 dormientes
2657 1520 2941 1575 ambulare
3006 1520 3216 1574 inventi
3273 1527 3422 1575 sunt.
3475 1516 3616 1572 Cum
3668 1527 3856 1571 autem

2263 1613 2636 1684 multipliciter
2674 1613 2886 1668 sonmia
2933 1612 3086 1676 liant,
3140 1611 3357 1666 duabus
3409 1619 3594 1664 tamen
3642 1610 3857 1679 specie-

2262 1707 2369 1762 bus
2440 1707 2781 1762 somniorum
2853 1708 3181 1776 quandoque
3242 1704 3567 1760 attribuitur
3625 1695 3859 1758 visionis

2262 1797 2521 1867 qualitas.
2578 1795 2674 1852 Est
2716 1796 2884 1864 enim,
2913 1796 3156 1868 quando,
3207 1805 3263 1850 et
3289 1810 3411 1866 qum
3459 1795 3750 1858 nolumus,
3805 1803 3858 1848 et

571 1886 858 1941 retroverti
889 1903 902 1939 :
936 1883 1062 1954 quia
1090 1883 1194 1937 hoc
1233 1881 1385 1952 quod
1420 1879 1515 1935 tibi
1550 1879 1788 1933 mundus
1843 1877 2158 1942 universus,
2193 1866 2237 1925 Β
2263 1866 2386 1956 qua;
2410 1888 2687 1958 diligimus
2728 1866 2978 1943 videmﬁs
3026 1887 3236 1942 eisdem
3269 1886 3589 1942 reformatis
3660 1885 3858 1955 imagi-

583 1990 704 2032 tuos
753 1975 1085 2047 passibiliter
1115 1970 1382 2044 diligenti,
1414 1971 1571 2041 aquis
1598 1970 1812 2024 videtur
1843 1983 1965 2023 esse
1992 1967 2166 2038 reple-

569 2081 680 2136 tus,
733 2083 864 2124 caro
896 2067 1156 2121 revelavit
1201 2075 1256 2119 et
1282 2064 1509 2136 sanguis
1547 2079 1670 2118 cum
1733 2064 1937 2118 Satana
1999 2062 2165 2118 simul

572 2174 632 2217 ut
673 2177 860 2232 pereas
903 2167 958 2214 et
988 2158 1248 2228 angelicae
1299 2156 1739 2213 conversationis
1771 2163 1988 2225 portum
2021 2154 2164 2209 male

570 2255 868 2323 relinquas.
899 2249 1233 2306 Pollicentur
1262 2248 1414 2303 nobis
1443 2246 1664 2302 subdole
1689 2261 1707 2300 :
1735 2246 1942 2310 Nostri,
1971 2255 2028 2300 et
2053 2260 2162 2300 non

570 2346 740 2401 nostri
790 2353 938 2411 sunt,
980 2351 1234 2413 parentes
1266 2341 1569 2398 secundum
1602 2353 1858 2404 carnem;
1913 2337 2007 2409 qui
2065 2350 2167 2391 no-

571 2440 668 2493 stri
715 2447 862 2506 sunt,
923 2437 1082 2508 juxta
1143 2444 1355 2490 naturae
1433 2432 1823 2498 conditionem,
1881 2446 1990 2486 non
2069 2445 2165 2485 no-

568 2532 690 2597 stri,
721 2531 1020 2585 secundum
1055 2527 1400 2598 propositum
1445 2535 1500 2581 et
1531 2524 1866 2579 voluntatem
1931 2522 2166 2577 servitu-

569 2623 641 2676 tis
712 2621 846 2677 Dei:
929 2634 1164 2691 quorum
1226 2617 1607 2686 cogitationes,
1669 2622 1797 2669 sunt
1853 2613 2166 2682 frequenter

567 2723 762 2767 contra
825 2725 926 2766 nos
987 2725 1016 2763 a
1069 2708 1376 2775 daemoniis,
1409 2717 1468 2762 ut
1555 2715 1757 2761 nostrae
1828 2704 1978 2772 ﬂant,
2043 2721 2166 2776 quae

571 2815 701 2860 sunt
757 2803 828 2858 ab
883 2801 1098 2858 alienis.
1154 2802 1287 2872 Ipsae
1356 2814 1485 2856 vero
1531 2808 1818 2869 susceptae,
1870 2813 1964 2869 per
2027 2814 2163 2853 con-

569 2911 794 2953 sensum
836 2895 975 2951 liunt
1003 2903 1204 2949 nostrae
1250 2907 1372 2964 quae
1402 2891 1714 2947 habuerunt
1772 2890 2039 2961 originem
2097 2889 2165 2943 ab

570 2989 762 3044 alienis
789 2997 840 3044 et
866 2986 1104 3043 inimicis
1158 2985 1447 3042 daemoniis
1493 2994 1548 3040 et
1597 2983 1934 3054 parentibus,
1975 2993 2028 3038 et
2061 2997 2165 3053 pu-

571 3073 754 3136 nimur
779 3079 846 3134 de
870 3078 972 3136 eis.
1012 3075 1290 3148 Colloquia
1329 3075 1498 3139 mala,
1542 3073 1825 3129 sa'cularia
1886 3071 2048 3126 simul
2114 3083 2164 3127 et

572 3170 753 3238 turpia
798 3167 935 3240 (14).
971 3167 1038 3222 Ει
1084 3175 1278 3221 ornata
1313 3165 1532 3236 quidem
1598 3165 1876 3218 mundana
1917 3162 2160 3232 eloquia,

571 3259 862 3329 sapientia,
923 3270 978 3313 et
1026 3257 1334 3329 prudentia,
1399 3255 1552 3326 quia,
1611 3252 1752 3308 fastu
1810 3252 2155 3323 eloquentiae,

575 3350 869 3405 vanitatem
903 3348 1095 3403 inﬂant
1141 3357 1196 3402 et
1255 3345 1550 3401 elationem
1613 3341 1902 3407 extollunt,
1963 3342 2158 3397 incon-

570 3458 727 3514 grua,
758 3451 811 3496 et
835 3441 978 3512 apud
1010 3453 1200 3496 servos
1224 3438 1316 3493 Dei
1358 3437 1611 3492 inornata
1656 3434 1932 3490 exsistunt
1959 3455 1973 3488 :
2005 3434 2157 3489 inor-

569 3543 695 3588 nata
728 3547 858 3588 vero
901 3541 1030 3587 sunt
1097 3528 1374 3586 mundana
1421 3527 1661 3598 eloquia,
1706 3527 1910 3582 lascive
1965 3534 2019 3581 et
2071 3526 2154 3580 vi-

573 3625 730 3688 tiose,
763 3640 826 3679 ac
874 3623 1106 3693 turpiter
1150 3622 1318 3685 dicta,
1355 3636 1500 3691 quae,
1542 3619 1642 3674 etsi
1670 3618 1947 3689 eleganter
1975 3626 2028 3673 et
2058 3631 2153 3672 or-

571 3725 696 3770 nate
733 3715 1006 3777 dicantur,
1036 3723 1214 3767 tamen
1248 3725 1356 3765 non
1409 3708 1758 3764 mediocriter
1819 3708 1915 3762 sed
1977 3707 2156 3761 maxi-

573 3821 660 3862 me
697 3805 918 3861 laedunt.
975 3804 1156 3870 Quare
1193 3803 1470 3857 mundana
1499 3799 1716 3871 eloquia
1760 3798 1980 3869 penitus
2057 3798 2150 3853 iit-

569 3897 745 3962 utilia,
778 3897 906 3967 quia
948 3897 1034 3951 vel
1067 3895 1383 3966 temporalia
1415 3904 1468 3949 et
1497 3893 1760 3957 carnalia,
1805 3891 1889 3946 vel
1920 3890 2152 3960 superba

565 4000 622 4047 et
665 4003 889 4044 erronea
924 3997 1076 4052 sunt,
1110 3996 1163 4042 ct
1190 3988 1416 4042 omnino
1473 3985 1694 4039 vitanda
1759 3991 1813 4037 et
1873 3981 2147 4052 fugienda.

568 4081 846 4136 Somnium
890 4090 967 4134 est
999 4079 1163 4134 animi
1193 4077 1302 4148 (15)
1336 4087 1530 4142 motus,
1559 4084 1664 4131 etc.
1711 4072 1864 4129 Visio
1895 4083 1981 4127 est
2003 4088 2153 4141 quaa-

567 4173 714 4235 dam,
759 4171 1068 4242 phantasia,
1103 4185 1234 4239 qua,
1281 4168 1439 4240 quasi
1463 4167 1516 4221 in
1564 4180 1730 4221 sensu
1777 4175 1830 4219 et
1863 4163 1976 4220 fere
2029 4178 2149 4219 ma-

568 4263 763 4318 nifeste
793 4264 970 4318 visum
1000 4272 1105 4318 est.
1131 4259 1417 4316 Somnium
1451 4266 1556 4322 est,
1591 4256 1738 4327 quod
1776 4255 2147 4326 (dormiendo)

568 4355 623 4406 in
669 4353 957 4421 phantasia
993 4352 1346 4421 imaginatum
1368 4356 1469 4403 est.
1501 4346 1759 4416 Corporis
1795 4359 1924 4399 vero
1951 4344 2146 4398 immo-

570 4442 857 4506 bilitatem,
914 4443 1294 4512 pausationem
1349 4449 1404 4493 et
1437 4436 1674 4507 quietem
1729 4434 1883 4499 dicit,
1947 4447 2147 4489 secun-

567 4533 697 4587 dum
725 4548 889 4603 quam
923 4533 1212 4602 quiescunt
1241 4529 1600 4592 dormientes,
1648 4535 1701 4579 et
1739 4538 1940 4592 corpus
1966 4531 2148 4577 manet

2266 1981 2510 2048 natione,
2567 1981 2886 2052 angelorum
2933 1981 3260 2036 ministerio.
3292 1978 3389 2034 Est
3413 1995 3546 2034 vero
3591 1978 3853 2048 amplius,

2266 2071 2486 2140 quando
2516 2070 2700 2125 divina
2749 2070 2961 2126 visione
3011 2085 3167 2124 mens
3202 2077 3387 2125 nostra
3446 2069 3744 2122 rationalis
3776 2069 3852 2122 iu-

2265 2160 2553 2226 formatur,
2601 2171 2656 2216 et
2701 2161 2770 2217 de
2830 2160 3254 2230 pracognitione
3305 2158 3621 2213 futurorum
3678 2159 3849 2213 taliter

2265 2253 2550 2316 docemur,
2585 2263 2643 2308 ut
2697 2260 2843 2324 patet
2890 2252 2957 2307 de
2992 2251 3315 2322 Scripturis.
3359 2249 3433 2304 At
3481 2251 3632 2305 enim
3666 2265 3852 2306 secun-

2265 2348 2395 2401 dum
2448 2348 2596 2402 hunc
2638 2359 2897 2416 magnum
2947 2359 3088 2398 verat
3120 2341 3400 2413 sapientiae
3451 2357 3700 2396 amorem
3767 2357 3852 2395 os-

2267 2437 2438 2492 tendit
2467 2437 2560 2506 qui
2609 2436 2818 2503 spernit
2869 2433 3082 2490 somnia
3130 2443 3295 2504 atque
3329 2434 3636 2488 contemnit
3665 2451 3678 2488 :
3713 2432 3853 2486 Mul-

2269 2535 2345 2581 tos
2374 2528 2509 2580 enim
2544 2541 2722 2580 errare
2757 2525 2993 2593 fecerunt
3017 2525 3223 2580 somnia
3261 2523 3324 2578 ”.

2372 2647 2503 2704 CAP.
2538 2646 2627 2703 ιγ.
2668 2678 2738 2688 -
2763 2646 3054 2718 Abnegatio
3089 2649 3214 2718 quid
3245 2648 3315 2702 sit
3347 2648 3474 2713 (col.
3510 2648 3615 2704 679
3650 2649 3744 2720 A).

2337 2740 2540 2796 Auimw
2568 2743 2797 2811 propria:
2826 2741 3056 2810 perfecta
3086 2741 3359 2813 abnegatio
3386 2743 3730 2815 :Abnegatio
3757 2761 3855 2801 au—

2249 2845 2373 2894 .tem
2417 2846 2500 2892 est
2533 2837 2770 2905 perfecta
2801 2837 3047 2891 omnium
3079 2851 3264 2891 rerum
3308 2840 3682 2907 praesentium
3709 2841 3855 2895 obli-

2265 2930 2397 2994 vio,
2449 2938 2502 2984 et
2559 2943 2590 2983 a
2647 2928 2882 2999 propriis
2943 2929 3286 2985 naturalibus
3350 2945 3518 2986 verus
3576 2945 3852 2988 recessus.

2265 3019 2594 3091 Confectum,
2633 3021 2941 3076 dormienda
2987 3021 3089 3076 iter
3115 3037 3134 3076 :
3193 3020 3481 3079 Dormiens
3535 3024 3778 3093 quiescit
3823 3042 3858 3080 a

2265 3114 2434 3180 curis,
2477 3128 2578 3170 nec
2614 3123 2768 3170 curat
2805 3113 2872 3168 de
2897 3113 3104 3184 aliquo,
3153 3113 3251 3180 ita,
3284 3113 3378 3183 qui
3417 3128 3547 3169 vere
3587 3115 3857 3172 obediens

2189 3215 2230 3273 C
2263 3217 2348 3265 est
2381 3208 2518 3277 (sive
2548 3205 2687 3262 mari
2721 3205 3006 3276 navigans,
3045 3207 3160 3262 sive
3189 3205 3438 3262 incidens
3485 3206 3541 3262 in
3587 3208 3858 3282 latrones)

2261 3303 2332 3357 de
2357 3299 2614 3372 periculis
2643 3313 2754 3354 non
2802 3298 3038 3365 curabit,
3095 3314 3274 3370 neque
3315 3310 3588 3370 praecepta
3644 3301 3858 3358 discer-

2265 3401 2393 3450 net:
2445 3392 2728 3449 scitenim
2763 3390 3070 3460 diligenter,
3099 3391 3228 3462 quia
3267 3390 3322 3446 in
3372 3393 3704 3464 martyrium
3756 3395 3856 3450 iui-

2262 3487 2544 3558 putabitur
2573 3486 2626 3541 ei
2657 3485 2804 3555 quod
2827 3485 3206 3555 supervenerit
3246 3486 3552 3554 periculurn
3583 3503 3654 3543 eo
3710 3491 3854 3558 quod

2239 3579 2646 3644 .obedientiam,
2678 3579 2796 3634 sine
2829 3578 3083 3632 humanae
3133 3577 3438 3647 prudentia:
3492 3579 3850 3647 discretione.

2259 3671 2571 3742 complevit.
2624 3670 2941 3726 Dbedicntia
3002 3680 3078 3724 est
3139 3669 3404 3739 depositio
3458 3672 3848 3730 discretionis:

2259 3766 2406 3835 quod
2442 3764 2724 3834 praeceptis
2766 3761 2973 3834 (malis,
3001 3764 3413 3833 apparentibus)
3453 3764 3686 3820 obediat
3734 3784 3850 3824 vere

2259 3857 2538 3921 obediens,
2563 3856 2726 3920 sicut,
2782 3855 2876 3925 qui
2935 3855 3165 3925 proiecit
3211 3855 3388 3920 lilium
3431 3871 3597 3912 suum
3647 3860 3704 3914 in
3736 3859 3850 3915 lur-

2260 3965 2411 4006 num.
2445 3947 2514 4002 In
2561 3949 2760 4003 diuitiis
2795 3962 2922 4002 vero
2968 3948 3330 4012 discretionis,
3373 3950 3513 4018 sive,
3568 3951 3716 4006 inter
3767 3956 3851 4008 di—

2259 4043 2416 4098 vitias
2447 4041 2782 4096 discretionis
2813 4039 2967 4103 dicit,
3016 4040 3142 4109 quia
3182 4055 3331 4109 vere,
3381 4041 3619 4100 virtutes
3645 4045 3848 4101 divina

2258 4142 2560 4205 sequuntur
2586 4129 2980 4200 subjectionem
3011 4138 3067 4185 et
3113 4129 3476 4186 obedientiam
3507 4149 3620 4189 non
3641 4135 3846 4193 discer-

2235 4234 2496 4292 nentem,
2529 4223 2989 4295 quemadmodum
3021 4224 3457 4293 subsequentem
3494 4225 3563 4280 Et
3601 4228 3843 4285 obedien-

2233 4318 2354 4382 ,tia,
2410 4315 2710 4379 humilitas,
2767 4327 2833 4366 ea:
2866 4311 3170 4366 humilitate
3235 4313 3508 4384 discretio,
3575 4327 3711 4383 etc.,
3769 4322 3844 4375 rel

2231 4411 2447 4465 -anim
2523 4407 2808 4462 uoluntatis
2847 4421 2865 4459 :
2910 4403 3176 4460 Voluntas
3221 4407 3489 4462 naturalis
3539 4419 3626 4464 est
3673 4427 3844 4481 appe—

2233 4503 2422 4564 tentia
2481 4499 2766 4556 rationalis
2813 4507 2977 4568 atque
3025 4498 3228 4562 vitalis,
3282 4500 3337 4552 in
3388 4499 3524 4556 solis
3569 4507 3844 4560 naturali-

569 4593 880 4688 immoium,
915 4593 1019 4677 hoc
1065 4623 1285 4694 quidem
1339 4619 1570 4690 patiens,
1634 4615 1766 4670 illud
1820 4613 2144 4669 subsistens.
2180 4600 2357 4668 Ιῌωε
2403 4594 2874 4694 (ιθμρεξξξξλθυδεκεᾶ
2919 4607 3065 4694 νξὶΙὈν
3121 4601 3206 4650 εει
3261 4593 3741 4694 deulfftSSibilibus
3791 4609 3844 4654 et

565 4715 978 4785 Contemplatio
1012 4723 1098 4769 est
1152 4728 1259 4767 non
1321 4708 1630 4766 subsistens
1686 4705 2030 4776 imaginatio,
2094 4717 2148 4760 et

567 4809 834 4877 apparitio
861 4807 1019 4877 quasi
1045 4813 1266 4876 repente
1288 4804 1424 4868 visa,
1441 4811 1498 4857 et
1517 4800 1585 4855 ad
1611 4813 1854 4870 praesens
1883 4799 2144 4854 resoluta.

571 4901 645 4954 De
672 4901 890 4955 somniis
920 4915 984 4953 ea:
1009 4898 1279 4954 canonicis
1309 4892 1703 4949 clioracteribus
1728 4892 1912 4962 magni
1933 4891 2144 4945 Basilii.

640 4990 1054 5061 Fiunt,.inquit,
1085 4988 1415 5044 somniasti
1458 4983 1671 5040 diurnis
1719 4990 1774 5038 et
1814 4980 2148 5050 quotidianis

564 5083 760 5138 anima:
796 5084 1058 5138 motibus.
1089 5077 1229 5134 Nam
1260 5078 1536 5134 daemones
1567 5075 1834 5140 nolentes,
1893 5085 1996 5125 nos
2015 5083 2152 5138 .age-

565 5192 627 5232 re
655 5176 800 5247 quod
843 5176 1062 5238 bonum
1090 5181 1194 5236 est,
1244 5164 1939 5226 multismachinationum
1989 5161 2152 5216 indu-

565 5269 716 5323 striis
760 5265 1086 5337 prohibent:
1117 5269 1402 5331 postquam
1438 5274 1567 5314 vero
1608 5254 2004 5324 inceperimus,
2031 5264 2151 5306 mo-

564 5362 772 5416 liuntur
816 5374 884 5414 ne
913 5356 1212 5413 secundum
1247 5348 1534 5409 Dominum
1586 5346 1936 5418 perﬁciamus
1994 5341 2144 5396 illud.

566 5454 671 5509 Sed
709 5453 872 5506 etiam
909 5451 1013 5503 hoc
1081 5447 1344 5510 frustrati,
1405 5443 1613 5497 vitiosas
1659 5435 1891 5493 actionis
1940 5446 2149 5488 memo-

641 5633 686 5666 “
728 5629 895 5686 Eccli.
934 5643 1116 5691 xxxiv,
1185 5627 1238 5679 7.

633 5727 748 5796 (Ιῦ)
783 5722 948 5796 Υειυδ
982 5723 1264 5796 interpres,
1294 5718 1428 5796 vide,
1466 5714 1689 5796 videre,
1735 5719 1841 5796 etc.

633 5792 744 5852 lii)
783 5792 896 5847 \‘ctt
923 5809 949 5849 ε
984 5793 1273 5860 interpres,
1308 5792 1538 5852 Ornata,
1563 5792 1610 5837 et
1640 5793 1907 5834 inornata.

1523 5884 1573 5920 η

2235 4687 2707 4762 .impossibilibus.
2738 4685 2839 4740 Ex
2886 4687 3165 4741 voluntate
3207 4687 3550 4754 possibilium
3573 4699 3658 4744 est
3689 4705 3846 4760 quai-

2241 4783 2384 4840 .sitio
2407 4789 2462 4837 et
2492 4779 2759 4849 inspectio
2780 4818 2797 4845 ,
2838 4777 3036 4833 deinde
3064 4777 3378 4845 consilium,
3409 4779 3610 4835 deinde
3637 4781 3847 4852 dijudi.

2233 4876 2402 4933 .catio
2428 4873 2778 4936 etdiscretio,
2809 4871 3007 4926 deinde
3032 4869 3247 4926 allecrio
3276 4873 3343 4926 ad
3369 4873 3424 4928 id
3452 4876 3600 4943 quod
3630 4875 3848 4932 discre-

2235 4979 2374 5030 ;tum
2437 4977 2526 5021 est
2555 4965 2788 5034 judicio,
2827 4963 3040 5020 deinde
3093 4964 3380 5018 arbitrium
3436 4983 3450 5020 :
3489 4967 3691 5022 deinde
3713 4978 3850 5038 post

2258 5058 2600 5122 adactionem
2664 5056 2900 5118 arbitrii,
2950 5055 3034 5110 lit
3073 5054 3266 5112 electio
3322 5070 3447 5124 quae
3502 5057 3707 5113 dicitur
3759 5059 3848 5116 fa-

2235 5151 2432 5206 cultas
2477 5146 2770 5208 voluntatis
2818 5154 2942 5214 post
2993 5145 3178 5199 dilecti
3225 5144 3579 5210 electionem,
3631 5149 3723 5204 vel
3773 5150 3846 5205 1i-

2257 5240 2446 5294 berutn
2479 5236 2789 5290 arbitrium.
2821 5235 3129 5304 Quicunque
3165 5233 3233 5286 ad
3263 5235 3662 5291 intellectualis.
3702 5238 3843 5307 Qui-

2257 5344 2472 5399 cunque
2500 5327 2732 5398 propria:
2753 5326 3047 5380 voluntatis
3075 5326 3143 5380 ad
3175 5340 3454 5382 summum
3485 5331 3844 5400 complawn-

2261 5424 2391 5477 tiam
2427 5421 2651 5490 sprevit,
2684 5424 2734 5472 et
2787 5417 3098 5489 abnegavit,
3148 5419 3251 5474 iste
3323 5421 3655 5491 experientia
3694 5421 3838 5478 didia

2337 5700 2450 5774 (l5)
2486 5697 2652 5753 Vetus
2682 5697 2967 5764 interpres,
2993 5699 3224 5745 .mcutus.
