  <div class='ocr_page' id='page_1' title='image "/cluster/home/n/w/nwhite01/storage/ocr_20150623/88/coo.31924054869924/629.png"; bbox 0 0 4030 6440; ppageno 0'>
   <div class='ocr_carea' id='block_1_1' title="bbox 492 335 630 400">
    <p class='ocr_par' dir='ltr' id='par_1_1' title="bbox 492 335 630 400">
     <span class='ocr_line' id='line_1_1' title="bbox 492 335 630 400; baseline 0.014 -2"><span class='ocrx_word' id='word_1_1' title='bbox 492 335 630 400; x_wconf 75' lang='grc'><strong>1223</strong></span> 
     </span>
    </p>
   </div>
   <div class='ocr_carea' id='block_1_2' title="bbox 1629 337 2637 401">
    <p class='ocr_par' dir='ltr' id='par_1_2' title="bbox 1629 337 2637 401">
     <span class='ocr_line' id='line_1_2' title="bbox 1629 337 2637 401; baseline -0.005 0"><span class='ocrx_word' id='word_1_2' title='bbox 1629 343 1690 400; x_wconf 92' lang='lat' dir='ltr'><strong>S.</strong></span> <span class='ocrx_word' id='word_1_3' title='bbox 1745 339 2065 401; x_wconf 80' lang='lat' dir='ltr'><strong>JOANNIS</strong></span> <span class='ocrx_word' id='word_1_4' title='bbox 2112 337 2637 398; x_wconf 81' lang='lat' dir='ltr'><strong>RAlTHUENSIS</strong></span> 
     </span>
    </p>
   </div>
   <div class='ocr_carea' id='block_1_3' title="bbox 3643 330 3775 396">
    <p class='ocr_par' dir='ltr' id='par_1_3' title="bbox 3643 330 3775 396">
     <span class='ocr_line' id='line_1_3' title="bbox 3643 330 3775 396; baseline 0.015 -1"><span class='ocrx_word' id='word_1_5' title='bbox 3643 330 3775 396; x_wconf 58' lang='lat' dir='ltr'><strong>lilii</strong></span> 
     </span>
    </p>
   </div>
   <div class='ocr_carea' id='block_1_4' title="bbox 491 440 3768 523">
    <p class='ocr_par' dir='ltr' id='par_1_4' title="bbox 491 440 3768 523">
     <span class='ocr_line' id='line_1_4' title="bbox 491 440 3768 523; baseline -0.004 -15"><span class='ocrx_word' id='word_1_6' title='bbox 491 448 600 502; x_wconf 71' lang='grc' dir='ltr'><strong>ιὶνο</strong></span> <span class='ocrx_word' id='word_1_7' title='bbox 677 448 936 511; x_wconf 82' lang='lat' dir='ltr'><strong>comedit.</strong></span> <span class='ocrx_word' id='word_1_8' title='bbox 1011 450 1404 507; x_wconf 86' lang='lat' dir='ltr'><strong>subinductum</strong></span> <span class='ocrx_word' id='word_1_9' title='bbox 1466 464 1526 506; x_wconf 86' lang='lat' dir='ltr'><strong>se</strong></span> <span class='ocrx_word' id='word_1_10' title='bbox 1595 447 1650 500; x_wconf 92' lang='lat' dir='ltr'><strong>in</strong></span> <span class='ocrx_word' id='word_1_11' title='bbox 1694 446 2081 517; x_wconf 84' lang='lat' dir='ltr'><strong>gravissimum</strong></span> <span class='ocrx_word' id='word_1_12' title='bbox 2112 452 2157 508; x_wconf 84' lang='grc' dir='ltr'><strong>Α</strong></span> <span class='ocrx_word' id='word_1_13' title='bbox 2187 452 2362 497; x_wconf 85' lang='lat' dir='ltr'><strong>retur.</strong></span> <span class='ocrx_word' id='word_1_14' title='bbox 2403 441 2625 523; x_wconf 50' lang='lat' dir='ltr'><strong>Necesse</strong></span> <span class='ocrx_word' id='word_1_15' title='bbox 2663 452 2740 497; x_wconf 83' lang='lat' dir='ltr'><strong>est</strong></span> <span class='ocrx_word' id='word_1_16' title='bbox 2770 442 2909 496; x_wconf 82' lang='lat' dir='ltr'><strong>enim</strong></span> <span class='ocrx_word' id='word_1_17' title='bbox 2953 440 3188 496; x_wconf 75' lang='lat' dir='ltr'><strong>converti</strong></span> <span class='ocrx_word' id='word_1_18' title='bbox 3242 456 3392 495; x_wconf 83' lang='lat' dir='ltr'><strong>mare</strong></span> <span class='ocrx_word' id='word_1_19' title='bbox 3428 449 3482 495; x_wconf 81' lang='lat' dir='ltr'><strong>et</strong></span> <span class='ocrx_word' id='word_1_20' title='bbox 3524 443 3768 497; x_wconf 74' lang='lat' dir='ltr'><strong>turbari:</strong></span> 
     </span>
    </p>
   </div>
   <div class='ocr_carea' id='block_1_5' title="bbox 490 539 1248 611">
    <p class='ocr_par' dir='ltr' id='par_1_5' title="bbox 490 539 1248 611">
     <span class='ocr_line' id='line_1_5' title="bbox 490 539 1248 611; baseline 0.001 -18"><span class='ocrx_word' id='word_1_21' title='bbox 490 539 687 593; x_wconf 68' lang='lat' dir='ltr'><strong>animae</strong></span> <span class='ocrx_word' id='word_1_22' title='bbox 734 542 946 611; x_wconf 89' lang='lat' dir='ltr'><strong>lapsum</strong></span> <span class='ocrx_word' id='word_1_23' title='bbox 991 543 1248 598; x_wconf 89' lang='lat' dir='ltr'><strong>asseruit.</strong></span> 
     </span>
    </p>
   </div>
   <div class='ocr_carea' id='block_1_6' title="bbox 562 630 2083 704">
    <p class='ocr_par' dir='ltr' id='par_1_6' title="bbox 562 630 2083 704">
     <span class='ocr_line' id='line_1_6' title="bbox 562 630 2083 704; baseline -0.003 -18"><span class='ocrx_word' id='word_1_24' title='bbox 562 630 755 686; x_wconf 88' lang='lat' dir='ltr'><strong>Statue</strong></span> <span class='ocrx_word' id='word_1_25' title='bbox 815 635 869 686; x_wconf 84' lang='lat' dir='ltr'><strong>in</strong></span> <span class='ocrx_word' id='word_1_26' title='bbox 922 634 1098 689; x_wconf 77' lang='lat' dir='ltr'><strong>cordis</strong></span> <span class='ocrx_word' id='word_1_27' title='bbox 1151 636 1229 688; x_wconf 89' lang='lat' dir='ltr'><strong>tui</strong></span> <span class='ocrx_word' id='word_1_28' title='bbox 1270 635 1481 704; x_wconf 85' lang='lat' dir='ltr'><strong>jaaua,</strong></span> <span class='ocrx_word' id='word_1_29' title='bbox 1532 647 1738 688; x_wconf 75' lang='lat' dir='ltr'><strong>severos</strong></span> <span class='ocrx_word' id='word_1_30' title='bbox 1773 631 2083 702; x_wconf 84' lang='lat' dir='ltr'><strong>janitores:</strong></span> 
     </span>
    </p>
   </div>
   <div class='ocr_carea' id='block_1_7' title="bbox 493 723 2084 797">
    <p class='ocr_par' dir='ltr' id='par_1_7' title="bbox 493 723 2084 797">
     <span class='ocr_line' id='line_1_7' title="bbox 493 723 2084 797; baseline 0.001 -20"><span class='ocrx_word' id='word_1_31' title='bbox 493 723 668 778; x_wconf 87' lang='lat' dir='ltr'><strong>Duros</strong></span> <span class='ocrx_word' id='word_1_32' title='bbox 695 726 973 790; x_wconf 89' lang='lat' dir='ltr'><strong>ostiarios,</strong></span> <span class='ocrx_word' id='word_1_33' title='bbox 995 725 1129 781; x_wconf 92' lang='lat' dir='ltr'><strong>dicit</strong></span> <span class='ocrx_word' id='word_1_34' title='bbox 1160 726 1426 797; x_wconf 86' lang='lat' dir='ltr'><strong>speciales</strong></span> <span class='ocrx_word' id='word_1_35' title='bbox 1455 735 1508 782; x_wconf 91' lang='lat' dir='ltr'><strong>et</strong></span> <span class='ocrx_word' id='word_1_36' title='bbox 1544 725 1827 797; x_wconf 72' lang='lat' dir='ltr'><strong>generales</strong></span> <span class='ocrx_word' id='word_1_37' title='bbox 1857 723 2084 778; x_wconf 74' lang='lat' dir='ltr'><strong>virtutes</strong></span> 
     </span>
    </p>
   </div>
   <div class='ocr_carea' id='block_1_8' title="bbox 495 813 2083 885">
    <p class='ocr_par' dir='ltr' id='par_1_8' title="bbox 495 813 2083 885">
     <span class='ocr_line' id='line_1_8' title="bbox 495 813 2083 885; baseline 0 -19"><span class='ocrx_word' id='word_1_38' title='bbox 495 813 734 878; x_wconf 68' lang='lat' dir='ltr'><strong>animae;</strong></span> <span class='ocrx_word' id='word_1_39' title='bbox 772 814 1002 874; x_wconf 88' lang='lat' dir='ltr'><strong>scilicet.</strong></span> <span class='ocrx_word' id='word_1_40' title='bbox 1045 814 1443 880; x_wconf 80' lang='lat' dir='ltr'><strong>fortitudinem,</strong></span> <span class='ocrx_word' id='word_1_41' title='bbox 1472 814 1838 885; x_wconf 89' lang='lat' dir='ltr'><strong>prudentiam,</strong></span> <span class='ocrx_word' id='word_1_42' title='bbox 1876 820 2083 881; x_wconf 85' lang='lat' dir='ltr'><strong>tempe-</strong></span> 
     </span>
    </p>
   </div>
   <div class='ocr_carea' id='block_1_9' title="bbox 490 903 2078 976">
    <p class='ocr_par' dir='ltr' id='par_1_9' title="bbox 490 903 2078 976">
     <span class='ocr_line' id='line_1_9' title="bbox 490 903 2078 976; baseline 0.001 -20"><span class='ocrx_word' id='word_1_43' title='bbox 490 905 745 970; x_wconf 89' lang='lat' dir='ltr'><strong>rantiam,</strong></span> <span class='ocrx_word' id='word_1_44' title='bbox 783 912 839 959; x_wconf 88' lang='lat' dir='ltr'><strong>et</strong></span> <span class='ocrx_word' id='word_1_45' title='bbox 879 903 1178 973; x_wconf 86' lang='lat' dir='ltr'><strong>justitiam.</strong></span> <span class='ocrx_word' id='word_1_46' title='bbox 1225 907 1387 976; x_wconf 71' lang='lat' dir='ltr'><strong>Aﬁige</strong></span> <span class='ocrx_word' id='word_1_47' title='bbox 1425 908 1479 959; x_wconf 85' lang='lat' dir='ltr'><strong>in</strong></span> <span class='ocrx_word' id='word_1_48' title='bbox 1528 906 1723 960; x_wconf 77' lang='lat' dir='ltr'><strong>anima:</strong></span> <span class='ocrx_word' id='word_1_49' title='bbox 1760 905 1925 976; x_wconf 82' lang='lat' dir='ltr'><strong>ligno,</strong></span> <span class='ocrx_word' id='word_1_50' title='bbox 1970 915 2078 959; x_wconf 90' lang='lat' dir='ltr'><strong>etc.</strong></span> 
     </span>
    </p>
   </div>
   <div class='ocr_carea' id='block_1_10' title="bbox 491 993 2076 1064">
    <p class='ocr_par' dir='ltr' id='par_1_10' title="bbox 491 993 2076 1064">
     <span class='ocr_line' id='line_1_10' title="bbox 491 993 2076 1064; baseline 0.001 -18"><span class='ocrx_word' id='word_1_51' title='bbox 491 993 717 1064; x_wconf 87' lang='lat' dir='ltr'><strong>Lignum</strong></span> <span class='ocrx_word' id='word_1_52' title='bbox 748 994 881 1049; x_wconf 83' lang='lat' dir='ltr'><strong>dicit</strong></span> <span class='ocrx_word' id='word_1_53' title='bbox 915 995 1395 1051; x_wconf 86' lang='lat' dir='ltr'><strong>mortificationem</strong></span> <span class='ocrx_word' id='word_1_54' title='bbox 1438 999 1624 1053; x_wconf 91' lang='lat' dir='ltr'><strong>carnis</strong></span> <span class='ocrx_word' id='word_1_55' title='bbox 1667 1005 1724 1052; x_wconf 89' lang='lat' dir='ltr'><strong>et</strong></span> <span class='ocrx_word' id='word_1_56' title='bbox 1758 994 2076 1051; x_wconf 79' lang='lat' dir='ltr'><strong>cruciﬁxio—</strong></span> 
     </span>
    </p>
   </div>
   <div class='ocr_carea' id='block_1_11' title="bbox 488 1081 2074 1156">
    <p class='ocr_par' dir='ltr' id='par_1_11' title="bbox 488 1081 2074 1156">
     <span class='ocr_line' id='line_1_11' title="bbox 488 1081 2074 1156; baseline 0 -20"><span class='ocrx_word' id='word_1_57' title='bbox 488 1097 609 1137; x_wconf 88' lang='lat' dir='ltr'><strong>nem</strong></span> <span class='ocrx_word' id='word_1_58' title='bbox 634 1098 758 1136; x_wconf 91' lang='lat' dir='ltr'><strong>cum</strong></span> <span class='ocrx_word' id='word_1_59' title='bbox 784 1083 902 1139; x_wconf 89' lang='lat' dir='ltr'><strong>suis</strong></span> <span class='ocrx_word' id='word_1_60' title='bbox 928 1085 1415 1156; x_wconf 85' lang='lat' dir='ltr'><strong>concupiscentiis.</strong></span> <span class='ocrx_word' id='word_1_61' title='bbox 1438 1082 1670 1139; x_wconf 81' lang='lat' dir='ltr'><strong>Crucem</strong></span> <span class='ocrx_word' id='word_1_62' title='bbox 1693 1097 1826 1138; x_wconf 86' lang='lat' dir='ltr'><strong>vero</strong></span> <span class='ocrx_word' id='word_1_63' title='bbox 1850 1081 2074 1147; x_wconf 69' lang='lat' dir='ltr'><strong>animae,</strong></span> 
     </span>
    </p>
   </div>
   <div class='ocr_carea' id='block_1_12' title="bbox 484 1173 2080 1247">
    <p class='ocr_par' dir='ltr' id='par_1_12' title="bbox 484 1173 2080 1247">
     <span class='ocr_line' id='line_1_12' title="bbox 484 1173 2080 1247; baseline 0.001 -20"><span class='ocrx_word' id='word_1_64' title='bbox 484 1173 614 1230; x_wconf 89' lang='lat' dir='ltr'><strong>dicit</strong></span> <span class='ocrx_word' id='word_1_65' title='bbox 642 1175 1117 1232; x_wconf 84' lang='lat' dir='ltr'><strong>mortificationem</strong></span> <span class='ocrx_word' id='word_1_66' title='bbox 1152 1177 1352 1247; x_wconf 83' lang='lat' dir='ltr'><strong>proprii</strong></span> <span class='ocrx_word' id='word_1_67' title='bbox 1387 1190 1582 1231; x_wconf 77' lang='lat' dir='ltr'><strong>sensus</strong></span> <span class='ocrx_word' id='word_1_68' title='bbox 1608 1185 1664 1232; x_wconf 92' lang='lat' dir='ltr'><strong>et</strong></span> <span class='ocrx_word' id='word_1_69' title='bbox 1701 1175 1937 1245; x_wconf 75' lang='lat' dir='ltr'><strong>propriae</strong></span> <span class='ocrx_word' id='word_1_70' title='bbox 1982 1189 2080 1228; x_wconf 88' lang='lat' dir='ltr'><strong>vo-</strong></span> 
     </span>
    </p>
   </div>
   <div class='ocr_carea' id='block_1_13' title="bbox 485 1264 2073 1336">
    <p class='ocr_par' dir='ltr' id='par_1_13' title="bbox 485 1264 2073 1336">
     <span class='ocr_line' id='line_1_13' title="bbox 485 1264 2073 1336; baseline 0.001 -18"><span class='ocrx_word' id='word_1_71' title='bbox 485 1265 731 1332; x_wconf 86' lang='lat' dir='ltr'><strong>luntatis,</strong></span> <span class='ocrx_word' id='word_1_72' title='bbox 782 1281 878 1336; x_wconf 87' lang='lat' dir='ltr'><strong>per</strong></span> <span class='ocrx_word' id='word_1_73' title='bbox 917 1281 1081 1336; x_wconf 89' lang='lat' dir='ltr'><strong>quam</strong></span> <span class='ocrx_word' id='word_1_74' title='bbox 1127 1266 1402 1321; x_wconf 89' lang='lat' dir='ltr'><strong>diabolum</strong></span> <span class='ocrx_word' id='word_1_75' title='bbox 1450 1264 1742 1328; x_wconf 81' lang='lat' dir='ltr'><strong>vincimus,</strong></span> <span class='ocrx_word' id='word_1_76' title='bbox 1793 1270 1848 1318; x_wconf 88' lang='lat' dir='ltr'><strong>et</strong></span> <span class='ocrx_word' id='word_1_77' title='bbox 1887 1278 2073 1333; x_wconf 91' lang='lat' dir='ltr'><strong>pacem</strong></span> 
     </span>
    </p>
   </div>
   <div class='ocr_carea' id='block_1_14' title="bbox 485 1355 2060 1428">
    <p class='ocr_par' dir='ltr' id='par_1_14' title="bbox 485 1355 2060 1428">
     <span class='ocr_line' id='line_1_14' title="bbox 485 1355 2060 1428; baseline -0.001 -18"><span class='ocrx_word' id='word_1_78' title='bbox 485 1358 987 1428; x_wconf 89' lang='lat' dir='ltr'><strong>imperturbabilem</strong></span> <span class='ocrx_word' id='word_1_79' title='bbox 1019 1358 1387 1428; x_wconf 85' lang='lat' dir='ltr'><strong>possidemus.</strong></span> <span class='ocrx_word' id='word_1_80' title='bbox 1417 1355 1635 1410; x_wconf 81' lang='lat' dir='ltr'><strong>Nullam</strong></span> <span class='ocrx_word' id='word_1_81' title='bbox 1683 1355 1830 1410; x_wconf 89' lang='lat' dir='ltr'><strong>enim</strong></span> <span class='ocrx_word' id='word_1_82' title='bbox 1867 1355 2060 1409; x_wconf 85' lang='lat' dir='ltr'><strong>utilita-</strong></span> 
     </span>
    </p>
   </div>
   <div class='ocr_carea' id='block_1_15' title="bbox 485 1445 2075 1519">
    <p class='ocr_par' dir='ltr' id='par_1_15' title="bbox 485 1445 2075 1519">
     <span class='ocr_line' id='line_1_15' title="bbox 485 1445 2075 1519; baseline -0.001 -17"><span class='ocrx_word' id='word_1_83' title='bbox 485 1458 591 1502; x_wconf 88' lang='lat' dir='ltr'><strong>tem</strong></span> <span class='ocrx_word' id='word_1_84' title='bbox 623 1450 1016 1519; x_wconf 89' lang='lat' dir='ltr'><strong>consequimur</strong></span> <span class='ocrx_word' id='word_1_85' title='bbox 1046 1449 1114 1503; x_wconf 89' lang='lat' dir='ltr'><strong>de</strong></span> <span class='ocrx_word' id='word_1_86' title='bbox 1160 1447 1517 1504; x_wconf 83' lang='lat' dir='ltr'><strong>cruciﬁxioue</strong></span> <span class='ocrx_word' id='word_1_87' title='bbox 1553 1446 1762 1509; x_wconf 87' lang='lat' dir='ltr'><strong>carnis,</strong></span> <span class='ocrx_word' id='word_1_88' title='bbox 1803 1445 1908 1500; x_wconf 88' lang='lat' dir='ltr'><strong>nisi</strong></span> <span class='ocrx_word' id='word_1_89' title='bbox 1943 1447 2075 1516; x_wconf 84' lang='lat' dir='ltr'><strong>liga-</strong></span> 
     </span>
    </p>
   </div>
   <div class='ocr_carea' id='block_1_16' title="bbox 485 1539 2072 1597">
    <p class='ocr_par' dir='ltr' id='par_1_16' title="bbox 485 1539 2072 1597">
     <span class='ocr_line' id='line_1_16' title="bbox 485 1539 2072 1597; baseline -0.001 -4"><span class='ocrx_word' id='word_1_90' title='bbox 485 1557 610 1597; x_wconf 89' lang='lat' dir='ltr'><strong>mus</strong></span> <span class='ocrx_word' id='word_1_91' title='bbox 647 1550 702 1596; x_wconf 91' lang='lat' dir='ltr'><strong>et</strong></span> <span class='ocrx_word' id='word_1_92' title='bbox 729 1541 1120 1597; x_wconf 79' lang='lat' dir='ltr'><strong>conﬁrmemus</strong></span> <span class='ocrx_word' id='word_1_93' title='bbox 1155 1542 1209 1595; x_wconf 88' lang='lat' dir='ltr'><strong>in</strong></span> <span class='ocrx_word' id='word_1_94' title='bbox 1241 1556 1306 1596; x_wconf 91' lang='lat' dir='ltr'><strong>ea</strong></span> <span class='ocrx_word' id='word_1_95' title='bbox 1345 1539 1826 1595; x_wconf 86' lang='lat' dir='ltr'><strong>mortihcationem</strong></span> <span class='ocrx_word' id='word_1_96' title='bbox 1864 1546 1918 1594; x_wconf 91' lang='lat' dir='ltr'><strong>et</strong></span> <span class='ocrx_word' id='word_1_97' title='bbox 1945 1555 2072 1593; x_wconf 90' lang='lat' dir='ltr'><strong>cru-</strong></span> 
     </span>
    </p>
   </div>
   <div class='ocr_carea' id='block_1_17' title="bbox 485 1629 2070 1702">
    <p class='ocr_par' dir='ltr' id='par_1_17' title="bbox 485 1629 2070 1702">
     <span class='ocr_line' id='line_1_17' title="bbox 485 1629 2070 1702; baseline -0.001 -17"><span class='ocrx_word' id='word_1_98' title='bbox 485 1631 794 1687; x_wconf 77' lang='lat' dir='ltr'><strong>cifixionem</strong></span> <span class='ocrx_word' id='word_1_99' title='bbox 820 1632 1026 1702; x_wconf 88' lang='lat' dir='ltr'><strong>proprii</strong></span> <span class='ocrx_word' id='word_1_100' title='bbox 1061 1647 1258 1688; x_wconf 90' lang='lat' dir='ltr'><strong>sensus</strong></span> <span class='ocrx_word' id='word_1_101' title='bbox 1287 1639 1343 1686; x_wconf 91' lang='lat' dir='ltr'><strong>et</strong></span> <span class='ocrx_word' id='word_1_102' title='bbox 1366 1630 1600 1702; x_wconf 83' lang='lat' dir='ltr'><strong>propriae</strong></span> <span class='ocrx_word' id='word_1_103' title='bbox 1625 1629 1948 1686; x_wconf 80' lang='lat' dir='ltr'><strong>voluntatis.</strong></span> <span class='ocrx_word' id='word_1_104' title='bbox 1986 1631 2070 1684; x_wconf 80' lang='lat' dir='ltr'><strong>Ad</strong></span> 
     </span>
    </p>
   </div>
   <div class='ocr_carea' id='block_1_18' title="bbox 484 1724 2070 1794">
    <p class='ocr_par' dir='ltr' id='par_1_18' title="bbox 484 1724 2070 1794">
     <span class='ocr_line' id='line_1_18' title="bbox 484 1724 2070 1794; baseline 0 -17"><span class='ocrx_word' id='word_1_105' title='bbox 484 1725 716 1794; x_wconf 72' lang='lat' dir='ltr'><strong>ineptam</strong></span> <span class='ocrx_word' id='word_1_106' title='bbox 762 1743 945 1779; x_wconf 86' lang='lat' dir='ltr'><strong>rursus</strong></span> <span class='ocrx_word' id='word_1_107' title='bbox 979 1735 1027 1778; x_wconf 86' lang='lat' dir='ltr'><strong>et</strong></span> <span class='ocrx_word' id='word_1_108' title='bbox 1057 1725 1299 1779; x_wconf 76' lang='lat' dir='ltr'><strong>inutilem</strong></span> <span class='ocrx_word' id='word_1_109' title='bbox 1343 1741 1405 1777; x_wconf 87' lang='lat' dir='ltr'><strong>ac</strong></span> <span class='ocrx_word' id='word_1_110' title='bbox 1434 1724 1702 1793; x_wconf 74' lang='lat' dir='ltr'><strong>spinosam</strong></span> <span class='ocrx_word' id='word_1_111' title='bbox 1731 1724 2022 1777; x_wconf 81' lang='lat' dir='ltr'><strong>orationem</strong></span> <span class='ocrx_word' id='word_1_112' title='bbox 2049 1738 2070 1777; x_wconf 92' lang='lat'><strong><em>:</em></strong></span> 
     </span>
    </p>
   </div>
   <div class='ocr_carea' id='block_1_19' title="bbox 2186 532 3769 591">
    <p class='ocr_par' dir='ltr' id='par_1_19' title="bbox 2186 532 3769 591">
     <span class='ocr_line' id='line_1_19' title="bbox 2186 532 3769 591; baseline 0.001 -2"><span class='ocrx_word' id='word_1_113' title='bbox 2186 534 2353 590; x_wconf 82' lang='lat' dir='ltr'><strong>Maris</strong></span> <span class='ocrx_word' id='word_1_114' title='bbox 2381 535 2793 591; x_wconf 78' lang='lat' dir='ltr'><strong>similitudinem</strong></span> <span class='ocrx_word' id='word_1_115' title='bbox 2821 532 3033 589; x_wconf 83' lang='lat' dir='ltr'><strong>inducit</strong></span> <span class='ocrx_word' id='word_1_116' title='bbox 3059 533 3125 588; x_wconf 87' lang='lat' dir='ltr'><strong>ad</strong></span> <span class='ocrx_word' id='word_1_117' title='bbox 3149 533 3542 590; x_wconf 86' lang='lat' dir='ltr'><strong>ostendendam</strong></span> <span class='ocrx_word' id='word_1_118' title='bbox 3567 533 3769 590; x_wconf 71' lang='lat' dir='ltr'><strong>vitiosa:</strong></span> 
     </span>
    </p>
   </div>
   <div class='ocr_carea' id='block_1_20' title="bbox 2187 627 3767 698">
    <p class='ocr_par' dir='ltr' id='par_1_20' title="bbox 2187 627 3767 698">
     <span class='ocr_line' id='line_1_20' title="bbox 2187 627 3767 698; baseline -0.001 -16"><span class='ocrx_word' id='word_1_119' title='bbox 2187 628 2385 684; x_wconf 81' lang='lat' dir='ltr'><strong>ruentis</strong></span> <span class='ocrx_word' id='word_1_120' title='bbox 2419 629 2752 698; x_wconf 85' lang='lat' dir='ltr'><strong>passionem,</strong></span> <span class='ocrx_word' id='word_1_121' title='bbox 2782 642 2908 698; x_wconf 68' lang='lat' dir='ltr'><strong>quae</strong></span> <span class='ocrx_word' id='word_1_122' title='bbox 2943 627 3087 683; x_wconf 80' lang='lat' dir='ltr'><strong>sicut</strong></span> <span class='ocrx_word' id='word_1_123' title='bbox 3125 641 3297 693; x_wconf 88' lang='lat' dir='ltr'><strong>mare,</strong></span> <span class='ocrx_word' id='word_1_124' title='bbox 3337 640 3368 680; x_wconf 85' lang='lat' dir='ltr'><strong>a</strong></span> <span class='ocrx_word' id='word_1_125' title='bbox 3402 627 3582 681; x_wconf 81' lang='lat' dir='ltr'><strong>ventis</strong></span> <span class='ocrx_word' id='word_1_126' title='bbox 3620 627 3767 681; x_wconf 84' lang='lat' dir='ltr'><strong>intel-</strong></span> 
     </span>
    </p>
   </div>
   <div class='ocr_carea' id='block_1_21' title="bbox 2184 719 3767 790">
    <p class='ocr_par' dir='ltr' id='par_1_21' title="bbox 2184 719 3767 790">
     <span class='ocr_line' id='line_1_21' title="bbox 2184 719 3767 790; baseline -0.001 -14"><span class='ocrx_word' id='word_1_127' title='bbox 2184 721 2530 788; x_wconf 87' lang='lat' dir='ltr'><strong>lectualibus,</strong></span> <span class='ocrx_word' id='word_1_128' title='bbox 2566 737 2663 778; x_wconf 89' lang='lat' dir='ltr'><strong>seu</strong></span> <span class='ocrx_word' id='word_1_129' title='bbox 2691 720 3088 776; x_wconf 88' lang='lat' dir='ltr'><strong>tentationibus</strong></span> <span class='ocrx_word' id='word_1_130' title='bbox 3127 729 3184 774; x_wconf 92' lang='lat' dir='ltr'><strong>et</strong></span> <span class='ocrx_word' id='word_1_131' title='bbox 3213 719 3436 789; x_wconf 81' lang='lat' dir='ltr'><strong>injuriis</strong></span> <span class='ocrx_word' id='word_1_132' title='bbox 3477 729 3534 776; x_wconf 90' lang='lat' dir='ltr'><strong>et</strong></span> <span class='ocrx_word' id='word_1_133' title='bbox 3563 719 3767 790; x_wconf 65' lang='lat' dir='ltr'><strong>improo</strong></span> 
     </span>
    </p>
   </div>
   <div class='ocr_carea' id='block_1_22' title="bbox 2183 813 3766 886">
    <p class='ocr_par' dir='ltr' id='par_1_22' title="bbox 2183 813 3766 886">
     <span class='ocr_line' id='line_1_22' title="bbox 2183 813 3766 886; baseline -0.001 -16"><span class='ocrx_word' id='word_1_134' title='bbox 2183 816 2352 884; x_wconf 87' lang='lat' dir='ltr'><strong>periis</strong></span> <span class='ocrx_word' id='word_1_135' title='bbox 2385 829 2576 871; x_wconf 91' lang='lat' dir='ltr'><strong>eorum</strong></span> <span class='ocrx_word' id='word_1_136' title='bbox 2615 815 2712 886; x_wconf 87' lang='lat' dir='ltr'><strong>qui</strong></span> <span class='ocrx_word' id='word_1_137' title='bbox 2743 814 2848 870; x_wconf 85' lang='lat' dir='ltr'><strong>sub</strong></span> <span class='ocrx_word' id='word_1_138' title='bbox 2878 813 3204 884; x_wconf 61' lang='lat' dir='ltr'><strong>praesidente</strong></span> <span class='ocrx_word' id='word_1_139' title='bbox 3228 823 3380 877; x_wconf 91' lang='lat' dir='ltr'><strong>sunt,</strong></span> <span class='ocrx_word' id='word_1_140' title='bbox 3409 814 3766 870; x_wconf 84' lang='lat' dir='ltr'><strong>conturbatur</strong></span> 
     </span>
    </p>
   </div>
   <div class='ocr_carea' id='block_1_23' title="bbox 2181 906 3766 977">
    <p class='ocr_par' dir='ltr' id='par_1_23' title="bbox 2181 906 3766 977">
     <span class='ocr_line' id='line_1_23' title="bbox 2181 906 3766 977; baseline 0 -15"><span class='ocrx_word' id='word_1_141' title='bbox 2181 916 2237 964; x_wconf 91' lang='lat' dir='ltr'><strong>et</strong></span> <span class='ocrx_word' id='word_1_142' title='bbox 2275 907 2517 976; x_wconf 83' lang='lat' dir='ltr'><strong>inflatur,</strong></span> <span class='ocrx_word' id='word_1_143' title='bbox 2545 917 2602 965; x_wconf 91' lang='lat' dir='ltr'><strong>et</strong></span> <span class='ocrx_word' id='word_1_144' title='bbox 2634 916 2885 963; x_wconf 81' lang='lat' dir='ltr'><strong>movetur</strong></span> <span class='ocrx_word' id='word_1_145' title='bbox 2921 907 2990 962; x_wconf 82' lang='lat' dir='ltr'><strong>ab</strong></span> <span class='ocrx_word' id='word_1_146' title='bbox 3020 906 3492 976; x_wconf 79' lang='lat' dir='ltr'><strong>increpationibus</strong></span> <span class='ocrx_word' id='word_1_147' title='bbox 3525 922 3652 977; x_wconf 71' lang='lat' dir='ltr'><strong>qua:</strong></span> <span class='ocrx_word' id='word_1_148' title='bbox 3681 907 3766 962; x_wconf 61' lang='lat' dir='ltr'><strong>in.</strong></span> 
     </span>
    </p>
   </div>
   <div class='ocr_carea' id='block_1_24' title="bbox 2180 999 3763 1072">
    <p class='ocr_par' dir='ltr' id='par_1_24' title="bbox 2180 999 3763 1072">
     <span class='ocr_line' id='line_1_24' title="bbox 2180 999 3763 1072; baseline 0 -16"><span class='ocrx_word' id='word_1_149' title='bbox 2180 1001 2457 1058; x_wconf 86' lang='lat' dir='ltr'><strong>ducuntur</strong></span> <span class='ocrx_word' id='word_1_150' title='bbox 2482 1016 2646 1072; x_wconf 87' lang='lat' dir='ltr'><strong>super</strong></span> <span class='ocrx_word' id='word_1_151' title='bbox 2671 1015 2817 1068; x_wconf 87' lang='lat' dir='ltr'><strong>eam,</strong></span> <span class='ocrx_word' id='word_1_152' title='bbox 2849 1001 2917 1056; x_wconf 88' lang='lat' dir='ltr'><strong>ad</strong></span> <span class='ocrx_word' id='word_1_153' title='bbox 2950 999 3330 1071; x_wconf 84' lang='lat' dir='ltr'><strong>probationem</strong></span> <span class='ocrx_word' id='word_1_154' title='bbox 3366 1008 3418 1054; x_wconf 92' lang='lat' dir='ltr'><strong>et</strong></span> <span class='ocrx_word' id='word_1_155' title='bbox 3447 999 3763 1067; x_wconf 83' lang='lat' dir='ltr'><strong>utilitatem,</strong></span> 
     </span>
    </p>
   </div>
   <div class='ocr_carea' id='block_1_25' title="bbox 2179 1091 3764 1164">
    <p class='ocr_par' dir='ltr' id='par_1_25' title="bbox 2179 1091 3764 1164">
     <span class='ocr_line' id='line_1_25' title="bbox 2179 1091 3764 1164; baseline -0.001 -16"><span class='ocrx_word' id='word_1_156' title='bbox 2179 1108 2212 1149; x_wconf 88' lang='lat' dir='ltr'><strong>a</strong></span> <span class='ocrx_word' id='word_1_157' title='bbox 2239 1092 2598 1149; x_wconf 78' lang='lat' dir='ltr'><strong>fraternitate.</strong></span> <span class='ocrx_word' id='word_1_158' title='bbox 2633 1091 2790 1149; x_wconf 81' lang='lat' dir='ltr'><strong>Vitiis</strong></span> <span class='ocrx_word' id='word_1_159' title='bbox 2817 1092 2983 1164; x_wconf 81' lang='lat' dir='ltr'><strong>igitur</strong></span> <span class='ocrx_word' id='word_1_160' title='bbox 3013 1092 3244 1147; x_wconf 90' lang='lat' dir='ltr'><strong>interius</strong></span> <span class='ocrx_word' id='word_1_161' title='bbox 3279 1091 3764 1158; x_wconf 83' lang='lat' dir='ltr'><strong>tumultuantibus,</strong></span> 
     </span>
    </p>
   </div>
   <div class='ocr_carea' id='block_1_26' title="bbox 2180 1181 3766 1247">
    <p class='ocr_par' dir='ltr' id='par_1_26' title="bbox 2180 1181 3766 1247">
     <span class='ocr_line' id='line_1_26' title="bbox 2180 1181 3766 1247; baseline -0.003 -7"><span class='ocrx_word' id='word_1_162' title='bbox 2180 1196 2236 1240; x_wconf 89' lang='lat' dir='ltr'><strong>et</strong></span> <span class='ocrx_word' id='word_1_163' title='bbox 2270 1184 2605 1240; x_wconf 88' lang='lat' dir='ltr'><strong>irascihilem</strong></span> <span class='ocrx_word' id='word_1_164' title='bbox 2629 1182 3109 1238; x_wconf 81' lang='lat' dir='ltr'><strong>commoventibus</strong></span> <span class='ocrx_word' id='word_1_165' title='bbox 3145 1181 3213 1236; x_wconf 91' lang='lat' dir='ltr'><strong>ad</strong></span> <span class='ocrx_word' id='word_1_166' title='bbox 3247 1181 3406 1247; x_wconf 89' lang='lat' dir='ltr'><strong>iram,</strong></span> <span class='ocrx_word' id='word_1_167' title='bbox 3433 1190 3489 1236; x_wconf 89' lang='lat' dir='ltr'><strong>et</strong></span> <span class='ocrx_word' id='word_1_168' title='bbox 3523 1181 3766 1237; x_wconf 84' lang='lat' dir='ltr'><strong>rationa-</strong></span> 
     </span>
    </p>
   </div>
   <div class='ocr_carea' id='block_1_27' title="bbox 2177 1273 3767 1344">
    <p class='ocr_par' dir='ltr' id='par_1_27' title="bbox 2177 1273 3767 1344">
     <span class='ocr_line' id='line_1_27' title="bbox 2177 1273 3767 1344; baseline -0.002 -12"><span class='ocrx_word' id='word_1_169' title='bbox 2177 1277 2342 1332; x_wconf 90' lang='lat' dir='ltr'><strong>bilem</strong></span> <span class='ocrx_word' id='word_1_170' title='bbox 2374 1275 2864 1341; x_wconf 86' lang='lat' dir='ltr'><strong>confundentibus,</strong></span> <span class='ocrx_word' id='word_1_171' title='bbox 2890 1290 2992 1330; x_wconf 90' lang='lat' dir='ltr'><strong>nec</strong></span> <span class='ocrx_word' id='word_1_172' title='bbox 3020 1274 3332 1331; x_wconf 84' lang='lat' dir='ltr'><strong>sinentibus</strong></span> <span class='ocrx_word' id='word_1_173' title='bbox 3353 1273 3503 1344; x_wconf 89' lang='lat' dir='ltr'><strong>quod</strong></span> <span class='ocrx_word' id='word_1_174' title='bbox 3527 1284 3617 1329; x_wconf 90' lang='lat' dir='ltr'><strong>est</strong></span> <span class='ocrx_word' id='word_1_175' title='bbox 3639 1273 3767 1330; x_wconf 86' lang='lat' dir='ltr'><strong>utile</strong></span> 
     </span>
    </p>
   </div>
   <div class='ocr_carea' id='block_1_28' title="bbox 2175 1365 3766 1438">
    <p class='ocr_par' dir='ltr' id='par_1_28' title="bbox 2175 1365 3766 1438">
     <span class='ocr_line' id='line_1_28' title="bbox 2175 1365 3766 1438; baseline -0.003 -15"><span class='ocrx_word' id='word_1_176' title='bbox 2175 1368 2518 1438; x_wconf 90' lang='lat' dir='ltr'><strong>conspicere,</strong></span> <span class='ocrx_word' id='word_1_177' title='bbox 2540 1377 2595 1423; x_wconf 90' lang='lat' dir='ltr'><strong>et</strong></span> <span class='ocrx_word' id='word_1_178' title='bbox 2614 1368 2758 1438; x_wconf 88' lang='lat' dir='ltr'><strong>quod</strong></span> <span class='ocrx_word' id='word_1_179' title='bbox 2785 1367 2980 1423; x_wconf 84' lang='lat' dir='ltr'><strong>melius</strong></span> <span class='ocrx_word' id='word_1_180' title='bbox 2998 1374 3082 1421; x_wconf 85' lang='lat' dir='ltr'><strong>est</strong></span> <span class='ocrx_word' id='word_1_181' title='bbox 3107 1374 3314 1431; x_wconf 87' lang='lat' dir='ltr'><strong>tenere,</strong></span> <span class='ocrx_word' id='word_1_182' title='bbox 3330 1365 3475 1419; x_wconf 85' lang='lat' dir='ltr'><strong>velut</strong></span> <span class='ocrx_word' id='word_1_183' title='bbox 3493 1379 3766 1435; x_wconf 77' lang='lat' dir='ltr'><strong>exspuens</strong></span> 
     </span>
    </p>
   </div>
   <div class='ocr_carea' id='block_1_29' title="bbox 2176 1455 3762 1526">
    <p class='ocr_par' dir='ltr' id='par_1_29' title="bbox 2176 1455 3762 1526">
     <span class='ocr_line' id='line_1_29' title="bbox 2176 1455 3762 1526; baseline 0.002 -18"><span class='ocrx_word' id='word_1_184' title='bbox 2176 1463 2599 1526; x_wconf 68' lang='lat' dir='ltr'><strong>praeassumptas</strong></span> <span class='ocrx_word' id='word_1_185' title='bbox 2643 1455 2836 1511; x_wconf 87' lang='lat' dir='ltr'><strong>sordes</strong></span> <span class='ocrx_word' id='word_1_186' title='bbox 2875 1471 3028 1511; x_wconf 89' lang='lat' dir='ltr'><strong>mare</strong></span> <span class='ocrx_word' id='word_1_187' title='bbox 3069 1456 3290 1521; x_wconf 87' lang='lat' dir='ltr'><strong>mentis,</strong></span> <span class='ocrx_word' id='word_1_188' title='bbox 3327 1463 3599 1510; x_wconf 85' lang='lat' dir='ltr'><strong>monstrat</strong></span> <span class='ocrx_word' id='word_1_189' title='bbox 3627 1470 3762 1525; x_wconf 86' lang='lat' dir='ltr'><strong>quas</strong></span> 
     </span>
    </p>
   </div>
   <div class='ocr_carea' id='block_1_30' title="bbox 2176 1543 3758 1616">
    <p class='ocr_par' dir='ltr' id='par_1_30' title="bbox 2176 1543 3758 1616">
     <span class='ocr_line' id='line_1_30' title="bbox 2176 1543 3758 1616; baseline 0.001 -19"><span class='ocrx_word' id='word_1_190' title='bbox 2176 1543 2433 1610; x_wconf 84' lang='lat' dir='ltr'><strong>vitiorum</strong></span> <span class='ocrx_word' id='word_1_191' title='bbox 2496 1543 2724 1599; x_wconf 86' lang='lat' dir='ltr'><strong>ﬂumina</strong></span> <span class='ocrx_word' id='word_1_192' title='bbox 2777 1544 2959 1614; x_wconf 86' lang='lat' dir='ltr'><strong>primo</strong></span> <span class='ocrx_word' id='word_1_193' title='bbox 3007 1546 3060 1599; x_wconf 91' lang='lat' dir='ltr'><strong>in</strong></span> <span class='ocrx_word' id='word_1_194' title='bbox 3123 1546 3300 1616; x_wconf 86' lang='lat' dir='ltr'><strong>ipsam</strong></span> <span class='ocrx_word' id='word_1_195' title='bbox 3359 1545 3758 1612; x_wconf 77' lang='lat' dir='ltr'><strong>conduxerant,</strong></span> 
     </span>
    </p>
   </div>
   <div class='ocr_carea' id='block_1_31' title="bbox 2176 1632 3759 1703">
    <p class='ocr_par' dir='ltr' id='par_1_31' title="bbox 2176 1632 3759 1703">
     <span class='ocr_line' id='line_1_31' title="bbox 2176 1632 3759 1703; baseline 0 -16"><span class='ocrx_word' id='word_1_196' title='bbox 2176 1640 2420 1703; x_wconf 89' lang='lat' dir='ltr'><strong>tempore</strong></span> <span class='ocrx_word' id='word_1_197' title='bbox 2447 1632 2698 1688; x_wconf 88' lang='lat' dir='ltr'><strong>videlicet</strong></span> <span class='ocrx_word' id='word_1_198' title='bbox 2730 1634 3166 1703; x_wconf 85' lang='lat' dir='ltr'><strong>tranquillitatis,</strong></span> <span class='ocrx_word' id='word_1_199' title='bbox 3193 1643 3248 1690; x_wconf 89' lang='lat' dir='ltr'><strong>et</strong></span> <span class='ocrx_word' id='word_1_200' title='bbox 3271 1634 3429 1690; x_wconf 74' lang='lat' dir='ltr'><strong>bona:</strong></span> <span class='ocrx_word' id='word_1_201' title='bbox 3451 1635 3759 1691; x_wconf 88' lang='lat' dir='ltr'><strong>consisten-</strong></span> 
     </span>
    </p>
   </div>
   <div class='ocr_carea' id='block_1_32' title="bbox 2177 1722 3758 1798">
    <p class='ocr_par' dir='ltr' id='par_1_32' title="bbox 2177 1722 3758 1798">
     <span class='ocr_line' id='line_1_32' title="bbox 2177 1722 3758 1798; baseline 0 -18"><span class='ocrx_word' id='word_1_202' title='bbox 2177 1724 2286 1780; x_wconf 75' lang='lat' dir='ltr'><strong>tite.</strong></span> <span class='ocrx_word' id='word_1_203' title='bbox 2346 1722 2506 1780; x_wconf 86' lang='lat' dir='ltr'><strong>Nunc</strong></span> <span class='ocrx_word' id='word_1_204' title='bbox 2550 1724 2717 1796; x_wconf 87' lang='lat' dir='ltr'><strong>igitur</strong></span> <span class='ocrx_word' id='word_1_205' title='bbox 2765 1739 2992 1781; x_wconf 86' lang='lat' dir='ltr'><strong>necesse</strong></span> <span class='ocrx_word' id='word_1_206' title='bbox 3029 1735 3114 1780; x_wconf 86' lang='lat' dir='ltr'><strong>est</strong></span> <span class='ocrx_word' id='word_1_207' title='bbox 3157 1741 3309 1782; x_wconf 88' lang='lat' dir='ltr'><strong>mare</strong></span> <span class='ocrx_word' id='word_1_208' title='bbox 3343 1728 3575 1794; x_wconf 88' lang='lat' dir='ltr'><strong>turbari,</strong></span> <span class='ocrx_word' id='word_1_209' title='bbox 3615 1728 3758 1798; x_wconf 86' lang='lat' dir='ltr'><strong>quia.</strong></span> 
     </span>
    </p>
   </div>
   <div class='ocr_carea' id='block_1_33' title="bbox 483 1810 3761 1888">
    <p class='ocr_par' dir='ltr' id='par_1_33' title="bbox 483 1810 3761 1888">
     <span class='ocr_line' id='line_1_33' title="bbox 483 1810 3761 1888; baseline 0 -17"><span class='ocrx_word' id='word_1_210' title='bbox 483 1817 602 1871; x_wconf 86' lang='lat' dir='ltr'><strong>Non</strong></span> <span class='ocrx_word' id='word_1_211' title='bbox 651 1827 877 1872; x_wconf 87' lang='lat' dir='ltr'><strong>venusta</strong></span> <span class='ocrx_word' id='word_1_212' title='bbox 925 1827 978 1871; x_wconf 90' lang='lat' dir='ltr'><strong>et</strong></span> <span class='ocrx_word' id='word_1_213' title='bbox 1027 1832 1136 1871; x_wconf 91' lang='lat' dir='ltr'><strong>non</strong></span> <span class='ocrx_word' id='word_1_214' title='bbox 1186 1814 1451 1886; x_wconf 79' lang='lat' dir='ltr'><strong>proﬁcua,</strong></span> <span class='ocrx_word' id='word_1_215' title='bbox 1495 1823 1549 1871; x_wconf 86' lang='lat' dir='ltr'><strong>et</strong></span> <span class='ocrx_word' id='word_1_216' title='bbox 1593 1815 1817 1886; x_wconf 89' lang='lat' dir='ltr'><strong>spinosa</strong></span> <span class='ocrx_word' id='word_1_217' title='bbox 1852 1815 2067 1886; x_wconf 89' lang='lat' dir='ltr'><strong>eloquia</strong></span> <span class='ocrx_word' id='word_1_218' title='bbox 2100 1810 2142 1866; x_wconf 86' lang='grc' dir='ltr'>Β</span> <span class='ocrx_word' id='word_1_219' title='bbox 2169 1830 2238 1872; x_wconf 77' lang='lat' dir='ltr'><strong>ex</strong></span> <span class='ocrx_word' id='word_1_220' title='bbox 2260 1831 2371 1888; x_wconf 91' lang='lat' dir='ltr'><strong>quo</strong></span> <span class='ocrx_word' id='word_1_221' title='bbox 2421 1815 2746 1872; x_wconf 87' lang='lat' dir='ltr'><strong>humilitatis</strong></span> <span class='ocrx_word' id='word_1_222' title='bbox 2790 1825 3173 1886; x_wconf 76' lang='lat' dir='ltr'><strong>argumentum</strong></span> <span class='ocrx_word' id='word_1_223' title='bbox 3206 1833 3271 1872; x_wconf 79' lang='lat' dir='ltr'><strong>ex</strong></span> <span class='ocrx_word' id='word_1_224' title='bbox 3304 1827 3492 1873; x_wconf 79' lang='lat' dir='ltr'><strong>nostra</strong></span> <span class='ocrx_word' id='word_1_225' title='bbox 3533 1832 3761 1874; x_wconf 85' lang='lat' dir='ltr'><strong>conver-</strong></span> 
     </span>
    </p>
   </div>
   <div class='ocr_carea' id='block_1_34' title="bbox 488 1907 2071 1979">
    <p class='ocr_par' dir='ltr' id='par_1_34' title="bbox 488 1907 2071 1979">
     <span class='ocr_line' id='line_1_34' title="bbox 488 1907 2071 1979; baseline -0.001 -15"><span class='ocrx_word' id='word_1_226' title='bbox 488 1920 714 1965; x_wconf 86' lang='lat' dir='ltr'><strong>sanctus</strong></span> <span class='ocrx_word' id='word_1_227' title='bbox 760 1911 922 1964; x_wconf 88' lang='lat' dir='ltr'><strong>Pater</strong></span> <span class='ocrx_word' id='word_1_228' title='bbox 953 1908 1084 1965; x_wconf 88' lang='lat' dir='ltr'><strong>dicit</strong></span> <span class='ocrx_word' id='word_1_229' title='bbox 1113 1923 1236 1979; x_wconf 81' lang='lat' dir='ltr'><strong>quae</strong></span> <span class='ocrx_word' id='word_1_230' title='bbox 1257 1921 1355 1963; x_wconf 90' lang='lat' dir='ltr'><strong>sua</strong></span> <span class='ocrx_word' id='word_1_231' title='bbox 1381 1917 1546 1976; x_wconf 89' lang='lat' dir='ltr'><strong>sunt;</strong></span> <span class='ocrx_word' id='word_1_232' title='bbox 1578 1907 1806 1974; x_wconf 87' lang='lat' dir='ltr'><strong>scilicet,</strong></span> <span class='ocrx_word' id='word_1_233' title='bbox 1840 1922 1946 1962; x_wconf 90' lang='lat' dir='ltr'><strong>non</strong></span> <span class='ocrx_word' id='word_1_234' title='bbox 1979 1922 2071 1964; x_wconf 89' lang='lat' dir='ltr'><strong>ve-</strong></span> 
     </span>
    </p>
   </div>
   <div class='ocr_carea' id='block_1_35' title="bbox 484 2002 2073 2074">
    <p class='ocr_par' dir='ltr' id='par_1_35' title="bbox 484 2002 2073 2074">
     <span class='ocr_line' id='line_1_35' title="bbox 484 2002 2073 2074; baseline -0.001 -17"><span class='ocrx_word' id='word_1_235' title='bbox 484 2013 647 2060; x_wconf 88' lang='lat' dir='ltr'><strong>nusta</strong></span> <span class='ocrx_word' id='word_1_236' title='bbox 675 2011 982 2061; x_wconf 90' lang='lat' dir='ltr'><strong>secundum</strong></span> <span class='ocrx_word' id='word_1_237' title='bbox 1008 2003 1402 2074; x_wconf 86' lang='lat' dir='ltr'><strong>eloquentiam,</strong></span> <span class='ocrx_word' id='word_1_238' title='bbox 1433 2010 1658 2074; x_wconf 88' lang='lat' dir='ltr'><strong>propter</strong></span> <span class='ocrx_word' id='word_1_239' title='bbox 1687 2002 1991 2073; x_wconf 88' lang='lat' dir='ltr'><strong>simplicem</strong></span> <span class='ocrx_word' id='word_1_240' title='bbox 2017 2009 2073 2056; x_wconf 88' lang='lat' dir='ltr'><strong>et</strong></span> 
     </span>
    </p>
   </div>
   <div class='ocr_carea' id='block_1_36' title="bbox 483 2096 2071 2169">
    <p class='ocr_par' dir='ltr' id='par_1_36' title="bbox 483 2096 2071 2169">
     <span class='ocr_line' id='line_1_36' title="bbox 483 2096 2071 2169; baseline 0.003 -20"><span class='ocrx_word' id='word_1_241' title='bbox 483 2096 796 2154; x_wconf 84' lang='lat' dir='ltr'><strong>ordinatum</strong></span> <span class='ocrx_word' id='word_1_242' title='bbox 843 2099 1066 2156; x_wconf 88' lang='lat' dir='ltr'><strong>modum</strong></span> <span class='ocrx_word' id='word_1_243' title='bbox 1095 2098 1349 2165; x_wconf 87' lang='lat' dir='ltr'><strong>dicendi;</strong></span> <span class='ocrx_word' id='word_1_244' title='bbox 1402 2113 1510 2154; x_wconf 91' lang='lat' dir='ltr'><strong>non</strong></span> <span class='ocrx_word' id='word_1_245' title='bbox 1561 2097 1831 2169; x_wconf 87' lang='lat' dir='ltr'><strong>proficua,</strong></span> <span class='ocrx_word' id='word_1_246' title='bbox 1874 2113 2071 2155; x_wconf 88' lang='lat' dir='ltr'><strong>secun—</strong></span> 
     </span>
    </p>
   </div>
   <div class='ocr_carea' id='block_1_37' title="bbox 483 2187 2069 2263">
    <p class='ocr_par' dir='ltr' id='par_1_37' title="bbox 483 2187 2069 2263">
     <span class='ocr_line' id='line_1_37' title="bbox 483 2187 2069 2263; baseline 0.002 -21"><span class='ocrx_word' id='word_1_247' title='bbox 483 2187 614 2244; x_wconf 90' lang='lat' dir='ltr'><strong>dum</strong></span> <span class='ocrx_word' id='word_1_248' title='bbox 643 2190 979 2246; x_wconf 86' lang='lat' dir='ltr'><strong>mundanam</strong></span> <span class='ocrx_word' id='word_1_249' title='bbox 1009 2191 1281 2263; x_wconf 90' lang='lat' dir='ltr'><strong>requiem,</strong></span> <span class='ocrx_word' id='word_1_250' title='bbox 1331 2199 1386 2247; x_wconf 92' lang='lat' dir='ltr'><strong>et</strong></span> <span class='ocrx_word' id='word_1_251' title='bbox 1430 2191 1915 2256; x_wconf 81' lang='lat' dir='ltr'><strong>commoditatem;</strong></span> <span class='ocrx_word' id='word_1_252' title='bbox 1957 2191 2069 2261; x_wconf 88' lang='lat' dir='ltr'><strong>spi-</strong></span> 
     </span>
    </p>
   </div>
   <div class='ocr_carea' id='block_1_38' title="bbox 484 2280 2068 2352">
    <p class='ocr_par' dir='ltr' id='par_1_38' title="bbox 484 2280 2068 2352">
     <span class='ocr_line' id='line_1_38' title="bbox 484 2280 2068 2352; baseline 0.002 -21"><span class='ocrx_word' id='word_1_253' title='bbox 484 2293 641 2345; x_wconf 85' lang='lat' dir='ltr'><strong>uosa,</strong></span> <span class='ocrx_word' id='word_1_254' title='bbox 691 2281 997 2336; x_wconf 88' lang='lat' dir='ltr'><strong>secundum</strong></span> <span class='ocrx_word' id='word_1_255' title='bbox 1049 2295 1302 2352; x_wconf 87' lang='lat' dir='ltr'><strong>asperam</strong></span> <span class='ocrx_word' id='word_1_256' title='bbox 1352 2280 1726 2335; x_wconf 88' lang='lat' dir='ltr'><strong>narrationem</strong></span> <span class='ocrx_word' id='word_1_257' title='bbox 1773 2289 1829 2335; x_wconf 87' lang='lat' dir='ltr'><strong>et</strong></span> <span class='ocrx_word' id='word_1_258' title='bbox 1874 2280 2068 2334; x_wconf 85' lang='lat' dir='ltr'><strong>duram</strong></span> 
     </span>
    </p>
   </div>
   <div class='ocr_carea' id='block_1_39' title="bbox 482 2369 2066 2444">
    <p class='ocr_par' dir='ltr' id='par_1_39' title="bbox 482 2369 2066 2444">
     <span class='ocr_line' id='line_1_39' title="bbox 482 2369 2066 2444; baseline 0.001 -22"><span class='ocrx_word' id='word_1_259' title='bbox 482 2369 784 2439; x_wconf 81' lang='lat' dir='ltr'><strong>spiritualis</strong></span> <span class='ocrx_word' id='word_1_260' title='bbox 824 2371 950 2428; x_wconf 68' lang='lat' dir='ltr'><strong>vitae</strong></span> <span class='ocrx_word' id='word_1_261' title='bbox 995 2372 1264 2444; x_wconf 90' lang='lat' dir='ltr'><strong>regulam,</strong></span> <span class='ocrx_word' id='word_1_262' title='bbox 1289 2372 1440 2442; x_wconf 58' lang='lat' dir='ltr'><strong>juxta</strong></span> <span class='ocrx_word' id='word_1_263' title='bbox 1488 2371 1620 2428; x_wconf 91' lang='lat' dir='ltr'><strong>illud</strong></span> <span class='ocrx_word' id='word_1_264' title='bbox 1669 2371 2066 2443; x_wconf 78' lang='lat' dir='ltr'><strong>evangelicum,</strong></span> 
     </span>
    </p>
   </div>
   <div class='ocr_carea' id='block_1_40' title="bbox 481 2463 2070 2536">
    <p class='ocr_par' dir='ltr' id='par_1_40' title="bbox 481 2463 2070 2536">
     <span class='ocr_line' id='line_1_40' title="bbox 481 2463 2070 2536; baseline 0.003 -22"><span class='ocrx_word' id='word_1_265' title='bbox 481 2463 648 2518; x_wconf 86' lang='lat' dir='ltr'><strong>durus</strong></span> <span class='ocrx_word' id='word_1_266' title='bbox 668 2473 747 2518; x_wconf 86' lang='lat' dir='ltr'><strong>est</strong></span> <span class='ocrx_word' id='word_1_267' title='bbox 778 2465 862 2519; x_wconf 83' lang='lat' dir='ltr'><strong>hic</strong></span> <span class='ocrx_word' id='word_1_268' title='bbox 887 2481 1060 2520; x_wconf 83' lang='lat' dir='ltr'><strong>sermo</strong></span> <span class='ocrx_word' id='word_1_269' title='bbox 1084 2465 1149 2519; x_wconf 81' lang='lat'><strong>&quot;.</strong></span> <span class='ocrx_word' id='word_1_270' title='bbox 1168 2495 1240 2507; x_wconf 90' lang='lat'><strong>——</strong></span> <span class='ocrx_word' id='word_1_271' title='bbox 1256 2464 1350 2520; x_wconf 80' lang='lat' dir='ltr'><strong>Est</strong></span> <span class='ocrx_word' id='word_1_272' title='bbox 1379 2463 1590 2536; x_wconf 75' lang='lat' dir='ltr'><strong>quidem</strong></span> <span class='ocrx_word' id='word_1_273' title='bbox 1619 2463 1961 2534; x_wconf 67' lang='lat' dir='ltr'><strong>praeclarum,</strong></span> <span class='ocrx_word' id='word_1_274' title='bbox 1987 2463 2070 2518; x_wconf 86' lang='lat' dir='ltr'><strong>la-</strong></span> 
     </span>
    </p>
   </div>
   <div class='ocr_carea' id='block_1_41' title="bbox 482 2557 2066 2625">
    <p class='ocr_par' dir='ltr' id='par_1_41' title="bbox 482 2557 2066 2625">
     <span class='ocr_line' id='line_1_41' title="bbox 482 2557 2066 2625; baseline -0.001 -13"><span class='ocrx_word' id='word_1_275' title='bbox 482 2559 631 2613; x_wconf 85' lang='lat' dir='ltr'><strong>bores</strong></span> <span class='ocrx_word' id='word_1_276' title='bbox 678 2569 987 2614; x_wconf 82' lang='lat' dir='ltr'><strong>sanctorum</strong></span> <span class='ocrx_word' id='word_1_277' title='bbox 1039 2558 1328 2615; x_wconf 88' lang='lat' dir='ltr'><strong>admirari.</strong></span> <span class='ocrx_word' id='word_1_278' title='bbox 1360 2559 1632 2625; x_wconf 80' lang='lat' dir='ltr'><strong>Quoniam</strong></span> <span class='ocrx_word' id='word_1_279' title='bbox 1673 2557 1819 2614; x_wconf 90' lang='lat' dir='ltr'><strong>Deus</strong></span> <span class='ocrx_word' id='word_1_280' title='bbox 1867 2557 2066 2622; x_wconf 87' lang='lat' dir='ltr'><strong>bonus,</strong></span> 
     </span>
    </p>
   </div>
   <div class='ocr_carea' id='block_1_42' title="bbox 482 2637 2069 2725">
    <p class='ocr_par' dir='ltr' id='par_1_42' title="bbox 482 2637 2069 2725">
     <span class='ocr_line' id='line_1_42' title="bbox 482 2637 2069 2725; baseline -0.001 -17"><span class='ocrx_word' id='word_1_281' title='bbox 482 2663 695 2711; x_wconf 84' lang='lat' dir='ltr'><strong>amator</strong></span> <span class='ocrx_word' id='word_1_282' title='bbox 744 2656 1033 2710; x_wconf 87' lang='lat' dir='ltr'><strong>hominum</strong></span> <span class='ocrx_word' id='word_1_283' title='bbox 1085 2663 1192 2720; x_wconf 86' lang='lat' dir='ltr'><strong>est,</strong></span> <span class='ocrx_word' id='word_1_284' title='bbox 1223 2655 1427 2710; x_wconf 84' lang='lat' dir='ltr'><strong>multas</strong></span> <span class='ocrx_word' id='word_1_285' title='bbox 1465 2637 1661 2711; x_wconf 78' lang='lat' dir='ltr'><strong>salutis</strong></span> <span class='ocrx_word' id='word_1_286' title='bbox 1686 2652 1915 2725; x_wconf 68' lang='lat' dir='ltr'><strong>iustitiae</strong></span> <span class='ocrx_word' id='word_1_287' title='bbox 1952 2652 2069 2708; x_wconf 88' lang='lat' dir='ltr'><strong>vias</strong></span> 
     </span>
    </p>
   </div>
   <div class='ocr_carea' id='block_1_43' title="bbox 482 2745 2068 2816">
    <p class='ocr_par' dir='ltr' id='par_1_43' title="bbox 482 2745 2068 2816">
     <span class='ocr_line' id='line_1_43' title="bbox 482 2745 2068 2816; baseline -0.001 -16"><span class='ocrx_word' id='word_1_288' title='bbox 482 2746 725 2802; x_wconf 88' lang='lat' dir='ltr'><strong>ostendit</strong></span> <span class='ocrx_word' id='word_1_289' title='bbox 764 2747 948 2815; x_wconf 89' lang='lat' dir='ltr'><strong>nobis,</strong></span> <span class='ocrx_word' id='word_1_290' title='bbox 984 2755 1045 2802; x_wconf 93' lang='lat' dir='ltr'><strong>ut</strong></span> <span class='ocrx_word' id='word_1_291' title='bbox 1090 2763 1202 2802; x_wconf 90' lang='lat' dir='ltr'><strong>non</strong></span> <span class='ocrx_word' id='word_1_292' title='bbox 1246 2747 1573 2816; x_wconf 86' lang='lat' dir='ltr'><strong>periremus,</strong></span> <span class='ocrx_word' id='word_1_293' title='bbox 1621 2746 1720 2802; x_wconf 91' lang='lat' dir='ltr'><strong>sed</strong></span> <span class='ocrx_word' id='word_1_294' title='bbox 1763 2745 2068 2803; x_wconf 88' lang='lat' dir='ltr'><strong>secundum</strong></span> 
     </span>
    </p>
   </div>
   <div class='ocr_carea' id='block_1_44' title="bbox 483 2842 2068 2914">
    <p class='ocr_par' dir='ltr' id='par_1_44' title="bbox 483 2842 2068 2914">
     <span class='ocr_line' id='line_1_44' title="bbox 483 2842 2068 2914; baseline 0.001 -19"><span class='ocrx_word' id='word_1_295' title='bbox 483 2856 640 2896; x_wconf 89' lang='lat' dir='ltr'><strong>suam</strong></span> <span class='ocrx_word' id='word_1_296' title='bbox 691 2857 944 2914; x_wconf 85' lang='lat' dir='ltr'><strong>magnam</strong></span> <span class='ocrx_word' id='word_1_297' title='bbox 1003 2843 1438 2900; x_wconf 89' lang='lat' dir='ltr'><strong>misericordiam</strong></span> <span class='ocrx_word' id='word_1_298' title='bbox 1499 2844 1892 2899; x_wconf 80' lang='lat' dir='ltr'><strong>salvaremur:</strong></span> <span class='ocrx_word' id='word_1_299' title='bbox 1938 2842 2068 2912; x_wconf 88' lang='lat' dir='ltr'><strong>quia</strong></span> 
     </span>
    </p>
   </div>
   <div class='ocr_carea' id='block_1_45' title="bbox 482 2932 2066 3006">
    <p class='ocr_par' dir='ltr' id='par_1_45' title="bbox 482 2932 2066 3006">
     <span class='ocr_line' id='line_1_45' title="bbox 482 2932 2066 3006; baseline 0.001 -19"><span class='ocrx_word' id='word_1_300' title='bbox 482 2948 593 2988; x_wconf 90' lang='lat' dir='ltr'><strong>non</strong></span> <span class='ocrx_word' id='word_1_301' title='bbox 619 2932 751 2990; x_wconf 90' lang='lat' dir='ltr'><strong>fecit</strong></span> <span class='ocrx_word' id='word_1_302' title='bbox 777 2934 1056 2991; x_wconf 87' lang='lat' dir='ltr'><strong>hominem</strong></span> <span class='ocrx_word' id='word_1_303' title='bbox 1090 2934 1235 2992; x_wconf 90' lang='lat' dir='ltr'><strong>Deus</strong></span> <span class='ocrx_word' id='word_1_304' title='bbox 1264 2945 1320 2990; x_wconf 91' lang='lat' dir='ltr'><strong>ut</strong></span> <span class='ocrx_word' id='word_1_305' title='bbox 1359 2935 1582 3006; x_wconf 89' lang='lat' dir='ltr'><strong>periret,</strong></span> <span class='ocrx_word' id='word_1_306' title='bbox 1612 2935 1708 2991; x_wconf 89' lang='lat' dir='ltr'><strong>sed</strong></span> <span class='ocrx_word' id='word_1_307' title='bbox 1753 2943 1812 2990; x_wconf 93' lang='lat' dir='ltr'><strong>ut</strong></span> <span class='ocrx_word' id='word_1_308' title='bbox 1841 2935 1919 2990; x_wconf 90' lang='lat' dir='ltr'><strong>illi</strong></span> <span class='ocrx_word' id='word_1_309' title='bbox 1948 2949 2066 2991; x_wconf 85' lang='lat' dir='ltr'><strong>ser-</strong></span> 
     </span>
    </p>
   </div>
   <div class='ocr_carea' id='block_1_46' title="bbox 484 3027 2067 3096">
    <p class='ocr_par' dir='ltr' id='par_1_46' title="bbox 484 3027 2067 3096">
     <span class='ocr_line' id='line_1_46' title="bbox 484 3027 2067 3096; baseline 0.003 -18"><span class='ocrx_word' id='word_1_310' title='bbox 484 3027 648 3094; x_wconf 88' lang='lat' dir='ltr'><strong>viret,</strong></span> <span class='ocrx_word' id='word_1_311' title='bbox 685 3035 740 3082; x_wconf 89' lang='lat' dir='ltr'><strong>et</strong></span> <span class='ocrx_word' id='word_1_312' title='bbox 772 3027 1110 3096; x_wconf 87' lang='lat' dir='ltr'><strong>salvaretur;</strong></span> <span class='ocrx_word' id='word_1_313' title='bbox 1141 3027 1262 3084; x_wconf 92' lang='lat' dir='ltr'><strong>ideo</strong></span> <span class='ocrx_word' id='word_1_314' title='bbox 1303 3028 1617 3084; x_wconf 86' lang='lat' dir='ltr'><strong>vocationes</strong></span> <span class='ocrx_word' id='word_1_315' title='bbox 1658 3028 1940 3083; x_wconf 82' lang='lat' dir='ltr'><strong>hominum</strong></span> <span class='ocrx_word' id='word_1_316' title='bbox 1973 3042 2067 3082; x_wconf 86' lang='lat' dir='ltr'><strong>va-</strong></span> 
     </span>
    </p>
   </div>
   <div class='ocr_carea' id='block_1_47' title="bbox 480 3117 2132 3202">
    <p class='ocr_par' dir='ltr' id='par_1_47' title="bbox 480 3117 2132 3202">
     <span class='ocr_line' id='line_1_47' title="bbox 480 3117 2132 3202; baseline 0.001 -31"><span class='ocrx_word' id='word_1_317' title='bbox 480 3118 600 3183; x_wconf 60' lang='lat' dir='ltr'><strong>rias,</strong></span> <span class='ocrx_word' id='word_1_318' title='bbox 653 3125 707 3172; x_wconf 91' lang='lat' dir='ltr'><strong>ct</strong></span> <span class='ocrx_word' id='word_1_319' title='bbox 755 3118 1082 3176; x_wconf 88' lang='lat' dir='ltr'><strong>donationes</strong></span> <span class='ocrx_word' id='word_1_320' title='bbox 1132 3119 1304 3190; x_wconf 91' lang='lat' dir='ltr'><strong>ipsius</strong></span> <span class='ocrx_word' id='word_1_321' title='bbox 1331 3118 1663 3175; x_wconf 79' lang='lat' dir='ltr'><strong>differentes.</strong></span> <span class='ocrx_word' id='word_1_322' title='bbox 1700 3117 1858 3186; x_wconf 90' lang='lat' dir='ltr'><strong>Hinc,</strong></span> <span class='ocrx_word' id='word_1_323' title='bbox 1899 3119 2058 3185; x_wconf 89' lang='lat' dir='ltr'><strong>alius,</strong></span> <span class='ocrx_word' id='word_1_324' title='bbox 2088 3143 2132 3202; x_wconf 68' lang='grc' dir='ltr'>ο</span> 
     </span>
    </p>
   </div>
   <div class='ocr_carea' id='block_1_48' title="bbox 482 3205 2062 3281">
    <p class='ocr_par' dir='ltr' id='par_1_48' title="bbox 482 3205 2062 3281">
     <span class='ocr_line' id='line_1_48' title="bbox 482 3205 2062 3281; baseline 0.005 -21"><span class='ocrx_word' id='word_1_325' title='bbox 482 3205 873 3278; x_wconf 78' lang='lat' dir='ltr'><strong>hospitalitatis</strong></span> <span class='ocrx_word' id='word_1_326' title='bbox 923 3222 1157 3278; x_wconf 89' lang='lat' dir='ltr'><strong>amator,</strong></span> <span class='ocrx_word' id='word_1_327' title='bbox 1199 3211 1360 3279; x_wconf 88' lang='lat' dir='ltr'><strong>alius,</strong></span> <span class='ocrx_word' id='word_1_328' title='bbox 1404 3211 1605 3281; x_wconf 89' lang='lat' dir='ltr'><strong>quietis</strong></span> <span class='ocrx_word' id='word_1_329' title='bbox 1649 3219 1704 3267; x_wconf 90' lang='lat' dir='ltr'><strong>et</strong></span> <span class='ocrx_word' id='word_1_330' title='bbox 1739 3212 2062 3268; x_wconf 85' lang='lat' dir='ltr'><strong>remotionis</strong></span> 
     </span>
    </p>
   </div>
   <div class='ocr_carea' id='block_1_49' title="bbox 481 3297 2062 3358">
    <p class='ocr_par' dir='ltr' id='par_1_49' title="bbox 481 3297 2062 3358">
     <span class='ocr_line' id='line_1_49' title="bbox 481 3297 2062 3358; baseline 0.003 -5"><span class='ocrx_word' id='word_1_331' title='bbox 481 3297 745 3355; x_wconf 75' lang='lat' dir='ltr'><strong>solitarize</strong></span> <span class='ocrx_word' id='word_1_332' title='bbox 789 3310 1037 3356; x_wconf 84' lang='lat' dir='ltr'><strong>servator</strong></span> <span class='ocrx_word' id='word_1_333' title='bbox 1067 3321 1078 3357; x_wconf 92' lang='lat'>:</span> <span class='ocrx_word' id='word_1_334' title='bbox 1109 3302 1251 3356; x_wconf 89' lang='lat' dir='ltr'><strong>alius</strong></span> <span class='ocrx_word' id='word_1_335' title='bbox 1286 3301 1606 3357; x_wconf 87' lang='lat' dir='ltr'><strong>consolatur</strong></span> <span class='ocrx_word' id='word_1_336' title='bbox 1649 3311 1705 3358; x_wconf 90' lang='lat' dir='ltr'><strong>et</strong></span> <span class='ocrx_word' id='word_1_337' title='bbox 1734 3303 2062 3358; x_wconf 77' lang='lat' dir='ltr'><strong>exhortatur</strong></span> 
     </span>
    </p>
   </div>
   <div class='ocr_carea' id='block_1_50' title="bbox 480 3387 2062 3465">
    <p class='ocr_par' dir='ltr' id='par_1_50' title="bbox 480 3387 2062 3465">
     <span class='ocr_line' id='line_1_50' title="bbox 480 3387 2062 3465; baseline 0.003 -22"><span class='ocrx_word' id='word_1_338' title='bbox 480 3387 732 3458; x_wconf 85' lang='lat' dir='ltr'><strong>afﬂictos,</strong></span> <span class='ocrx_word' id='word_1_339' title='bbox 767 3390 906 3447; x_wconf 88' lang='lat' dir='ltr'><strong>alius</strong></span> <span class='ocrx_word' id='word_1_340' title='bbox 941 3393 1182 3450; x_wconf 91' lang='lat' dir='ltr'><strong>custodit</strong></span> <span class='ocrx_word' id='word_1_341' title='bbox 1213 3393 1479 3465; x_wconf 82' lang='lat' dir='ltr'><strong>linguam,</strong></span> <span class='ocrx_word' id='word_1_342' title='bbox 1506 3402 1560 3448; x_wconf 91' lang='lat' dir='ltr'><strong>et</strong></span> <span class='ocrx_word' id='word_1_343' title='bbox 1585 3393 1726 3448; x_wconf 87' lang='lat' dir='ltr'><strong>silet.</strong></span> <span class='ocrx_word' id='word_1_344' title='bbox 1755 3392 1864 3449; x_wconf 84' lang='lat' dir='ltr'><strong>Iste</strong></span> <span class='ocrx_word' id='word_1_345' title='bbox 1896 3393 2062 3448; x_wconf 89' lang='lat' dir='ltr'><strong>semel</strong></span> 
     </span>
    </p>
   </div>
   <div class='ocr_carea' id='block_1_51' title="bbox 479 3480 2058 3552">
    <p class='ocr_par' dir='ltr' id='par_1_51' title="bbox 479 3480 2058 3552">
     <span class='ocr_line' id='line_1_51' title="bbox 479 3480 2058 3552; baseline 0.004 -20"><span class='ocrx_word' id='word_1_346' title='bbox 479 3480 536 3533; x_wconf 90' lang='lat' dir='ltr'><strong>in</strong></span> <span class='ocrx_word' id='word_1_347' title='bbox 601 3481 942 3538; x_wconf 89' lang='lat' dir='ltr'><strong>hebdomade</strong></span> <span class='ocrx_word' id='word_1_348' title='bbox 986 3484 1258 3552; x_wconf 86' lang='lat' dir='ltr'><strong>pascitur;</strong></span> <span class='ocrx_word' id='word_1_349' title='bbox 1318 3485 1420 3539; x_wconf 87' lang='lat' dir='ltr'><strong>iste</strong></span> <span class='ocrx_word' id='word_1_350' title='bbox 1469 3482 1708 3538; x_wconf 89' lang='lat' dir='ltr'><strong>comedit</strong></span> <span class='ocrx_word' id='word_1_351' title='bbox 1749 3483 1900 3538; x_wconf 91' lang='lat' dir='ltr'><strong>omni</strong></span> <span class='ocrx_word' id='word_1_352' title='bbox 1949 3483 2058 3539; x_wconf 91' lang='lat' dir='ltr'><strong>die.</strong></span> 
     </span>
    </p>
   </div>
   <div class='ocr_carea' id='block_1_52' title="bbox 478 3567 2062 3644">
    <p class='ocr_par' dir='ltr' id='par_1_52' title="bbox 478 3567 2062 3644">
     <span class='ocr_line' id='line_1_52' title="bbox 478 3567 2062 3644; baseline 0.006 -23"><span class='ocrx_word' id='word_1_353' title='bbox 478 3567 659 3634; x_wconf 84' lang='lat' dir='ltr'><strong>Quare</strong></span> <span class='ocrx_word' id='word_1_354' title='bbox 692 3569 808 3624; x_wconf 68' lang='lat' dir='ltr'><strong>haec</strong></span> <span class='ocrx_word' id='word_1_355' title='bbox 837 3571 1020 3626; x_wconf 88' lang='lat' dir='ltr'><strong>omnia</strong></span> <span class='ocrx_word' id='word_1_356' title='bbox 1058 3571 1128 3626; x_wconf 87' lang='lat' dir='ltr'><strong>ab</strong></span> <span class='ocrx_word' id='word_1_357' title='bbox 1167 3587 1278 3628; x_wconf 90' lang='lat' dir='ltr'><strong>uno</strong></span> <span class='ocrx_word' id='word_1_358' title='bbox 1313 3587 1475 3642; x_wconf 90' lang='lat' dir='ltr'><strong>posse</strong></span> <span class='ocrx_word' id='word_1_359' title='bbox 1508 3571 1689 3642; x_wconf 86' lang='lat' dir='ltr'><strong>perlici</strong></span> <span class='ocrx_word' id='word_1_360' title='bbox 1723 3573 2062 3644; x_wconf 86' lang='lat' dir='ltr'><strong>impossibile</strong></span> 
     </span>
    </p>
   </div>
   <div class='ocr_carea' id='block_1_53' title="bbox 473 3659 2060 3737">
    <p class='ocr_par' dir='ltr' id='par_1_53' title="bbox 473 3659 2060 3737">
     <span class='ocr_line' id='line_1_53' title="bbox 473 3659 2060 3737; baseline 0.006 -24"><span class='ocrx_word' id='word_1_361' title='bbox 473 3671 581 3716; x_wconf 87' lang='lat' dir='ltr'><strong>est.</strong></span> <span class='ocrx_word' id='word_1_362' title='bbox 612 3659 789 3716; x_wconf 84' lang='lat' dir='ltr'><strong>Donec</strong></span> <span class='ocrx_word' id='word_1_363' title='bbox 839 3662 1143 3718; x_wconf 77' lang='lat' dir='ltr'><strong>violentiam</strong></span> <span class='ocrx_word' id='word_1_364' title='bbox 1182 3675 1419 3720; x_wconf 82' lang='lat' dir='ltr'><strong>nostram</strong></span> <span class='ocrx_word' id='word_1_365' title='bbox 1449 3682 1608 3737; x_wconf 79' lang='lat' dir='ltr'><strong>quam</strong></span> <span class='ocrx_word' id='word_1_366' title='bbox 1649 3667 1787 3722; x_wconf 82' lang='lat' dir='ltr'><strong>velut</strong></span> <span class='ocrx_word' id='word_1_367' title='bbox 1834 3685 1869 3722; x_wconf 83' lang='grc' dir='ltr'><em>α</em></span> <span class='ocrx_word' id='word_1_368' title='bbox 1911 3669 2060 3722; x_wconf 82' lang='lat' dir='ltr'><strong>nobis</strong></span> 
     </span>
    </p>
   </div>
   <div class='ocr_carea' id='block_1_54' title="bbox 475 3753 2062 3829">
    <p class='ocr_par' dir='ltr' id='par_1_54' title="bbox 475 3753 2062 3829">
     <span class='ocr_line' id='line_1_54' title="bbox 475 3753 2062 3829; baseline 0.008 -25"><span class='ocrx_word' id='word_1_369' title='bbox 475 3753 696 3819; x_wconf 80' lang='lat' dir='ltr'><strong>perpeti.</strong></span> <span class='ocrx_word' id='word_1_370' title='bbox 740 3753 860 3808; x_wconf 89' lang='lat' dir='ltr'><strong>Vim</strong></span> <span class='ocrx_word' id='word_1_371' title='bbox 909 3754 1204 3813; x_wconf 81' lang='lat' dir='ltr'><strong>inferentes</strong></span> <span class='ocrx_word' id='word_1_372' title='bbox 1250 3766 1381 3813; x_wconf 90' lang='lat' dir='ltr'><strong>sunt</strong></span> <span class='ocrx_word' id='word_1_373' title='bbox 1413 3759 1470 3813; x_wconf 91' lang='lat' dir='ltr'><strong>bi</strong></span> <span class='ocrx_word' id='word_1_374' title='bbox 1510 3759 1605 3829; x_wconf 92' lang='lat' dir='ltr'><strong>qui</strong></span> <span class='ocrx_word' id='word_1_375' title='bbox 1639 3758 1823 3815; x_wconf 85' lang='lat' dir='ltr'><strong>divina</strong></span> <span class='ocrx_word' id='word_1_376' title='bbox 1862 3760 2062 3816; x_wconf 84' lang='lat' dir='ltr'><strong>chari-</strong></span> 
     </span>
    </p>
   </div>
   <div class='ocr_carea' id='block_1_55' title="bbox 476 3845 2061 3920">
    <p class='ocr_par' dir='ltr' id='par_1_55' title="bbox 476 3845 2061 3920">
     <span class='ocr_line' id='line_1_55' title="bbox 476 3845 2061 3920; baseline 0.006 -24"><span class='ocrx_word' id='word_1_377' title='bbox 476 3853 588 3898; x_wconf 89' lang='lat' dir='ltr'><strong>tate</strong></span> <span class='ocrx_word' id='word_1_378' title='bbox 627 3853 756 3898; x_wconf 90' lang='lat' dir='ltr'><strong>sunt</strong></span> <span class='ocrx_word' id='word_1_379' title='bbox 801 3845 1022 3917; x_wconf 85' lang='lat' dir='ltr'><strong>plagati,</strong></span> <span class='ocrx_word' id='word_1_380' title='bbox 1072 3855 1128 3903; x_wconf 91' lang='lat' dir='ltr'><strong>et</strong></span> <span class='ocrx_word' id='word_1_381' title='bbox 1152 3849 1260 3903; x_wconf 89' lang='lat' dir='ltr'><strong>vim</strong></span> <span class='ocrx_word' id='word_1_382' title='bbox 1295 3847 1408 3904; x_wconf 92' lang='lat' dir='ltr'><strong>Deo</strong></span> <span class='ocrx_word' id='word_1_383' title='bbox 1451 3849 1694 3904; x_wconf 89' lang='lat' dir='ltr'><strong>inferunt</strong></span> <span class='ocrx_word' id='word_1_384' title='bbox 1719 3865 1820 3920; x_wconf 90' lang='lat' dir='ltr'><strong>per</strong></span> <span class='ocrx_word' id='word_1_385' title='bbox 1853 3850 2061 3907; x_wconf 88' lang='lat' dir='ltr'><strong>oratio-</strong></span> 
     </span>
    </p>
   </div>
   <div class='ocr_carea' id='block_1_56' title="bbox 474 3938 2059 4008">
    <p class='ocr_par' dir='ltr' id='par_1_56' title="bbox 474 3938 2059 4008">
     <span class='ocr_line' id='line_1_56' title="bbox 474 3938 2059 4008; baseline 0.006 -19"><span class='ocrx_word' id='word_1_386' title='bbox 474 3951 598 3989; x_wconf 87' lang='lat' dir='ltr'><strong>nem</strong></span> <span class='ocrx_word' id='word_1_387' title='bbox 629 3944 684 3991; x_wconf 92' lang='lat' dir='ltr'><strong>et</strong></span> <span class='ocrx_word' id='word_1_388' title='bbox 719 3951 885 4008; x_wconf 89' lang='lat' dir='ltr'><strong>opera</strong></span> <span class='ocrx_word' id='word_1_389' title='bbox 934 3938 1204 4008; x_wconf 87' lang='lat' dir='ltr'><strong>virtuosa,</strong></span> <span class='ocrx_word' id='word_1_390' title='bbox 1255 3953 1310 3996; x_wconf 89' lang='lat' dir='ltr'><strong>et</strong></span> <span class='ocrx_word' id='word_1_391' title='bbox 1339 3942 1635 3997; x_wconf 88' lang='lat' dir='ltr'><strong>trahuntur</strong></span> <span class='ocrx_word' id='word_1_392' title='bbox 1659 3942 1845 3998; x_wconf 88' lang='lat' dir='ltr'><strong>divino</strong></span> <span class='ocrx_word' id='word_1_393' title='bbox 1871 3957 2059 3999; x_wconf 81' lang='lat' dir='ltr'><strong>amore</strong></span> 
     </span>
    </p>
   </div>
   <div class='ocr_carea' id='block_1_57' title="bbox 475 4028 2060 4103">
    <p class='ocr_par' dir='ltr' id='par_1_57' title="bbox 475 4028 2060 4103">
     <span class='ocr_line' id='line_1_57' title="bbox 475 4028 2060 4103; baseline 0.006 -20"><span class='ocrx_word' id='word_1_394' title='bbox 475 4028 540 4083; x_wconf 86' lang='lat' dir='ltr'><strong>ad</strong></span> <span class='ocrx_word' id='word_1_395' title='bbox 570 4031 898 4099; x_wconf 89' lang='lat' dir='ltr'><strong>portandum</strong></span> <span class='ocrx_word' id='word_1_396' title='bbox 923 4029 1116 4103; x_wconf 86' lang='lat' dir='ltr'><strong>jugum</strong></span> <span class='ocrx_word' id='word_1_397' title='bbox 1162 4031 1372 4090; x_wconf 88' lang='lat' dir='ltr'><strong>Christi</strong></span> <span class='ocrx_word' id='word_1_398' title='bbox 1420 4049 1545 4090; x_wconf 92' lang='lat' dir='ltr'><strong>cum</strong></span> <span class='ocrx_word' id='word_1_399' title='bbox 1585 4035 1752 4091; x_wconf 91' lang='lat' dir='ltr'><strong>corde</strong></span> <span class='ocrx_word' id='word_1_400' title='bbox 1791 4036 1979 4092; x_wconf 88' lang='lat' dir='ltr'><strong>humili</strong></span> <span class='ocrx_word' id='word_1_401' title='bbox 2002 4045 2060 4092; x_wconf 90' lang='lat' dir='ltr'><strong>et</strong></span> 
     </span>
    </p>
   </div>
   <div class='ocr_carea' id='block_1_58' title="bbox 473 4123 2057 4197">
    <p class='ocr_par' dir='ltr' id='par_1_58' title="bbox 473 4123 2057 4197">
     <span class='ocr_line' id='line_1_58' title="bbox 473 4123 2057 4197; baseline 0.006 -22"><span class='ocrx_word' id='word_1_402' title='bbox 473 4123 658 4176; x_wconf 90' lang='lat' dir='ltr'><strong>animo</strong></span> <span class='ocrx_word' id='word_1_403' title='bbox 709 4123 925 4188; x_wconf 85' lang='lat' dir='ltr'><strong>devoto,</strong></span> <span class='ocrx_word' id='word_1_404' title='bbox 983 4125 1077 4195; x_wconf 89' lang='lat' dir='ltr'><strong>qui</strong></span> <span class='ocrx_word' id='word_1_405' title='bbox 1132 4126 1346 4197; x_wconf 89' lang='lat' dir='ltr'><strong>seipsos</strong></span> <span class='ocrx_word' id='word_1_406' title='bbox 1391 4127 1710 4196; x_wconf 81' lang='lat' dir='ltr'><strong>violentam,</strong></span> <span class='ocrx_word' id='word_1_407' title='bbox 1755 4129 2057 4185; x_wconf 87' lang='lat' dir='ltr'><strong>secundum</strong></span> 
     </span>
    </p>
   </div>
   <div class='ocr_carea' id='block_1_59' title="bbox 474 4208 2058 4272">
    <p class='ocr_par' dir='ltr' id='par_1_59' title="bbox 474 4208 2058 4272">
     <span class='ocr_line' id='line_1_59' title="bbox 474 4208 2058 4272; baseline 0.004 -9"><span class='ocrx_word' id='word_1_408' title='bbox 474 4209 652 4264; x_wconf 88' lang='lat' dir='ltr'><strong>illud:</strong></span> <span class='ocrx_word' id='word_1_409' title='bbox 687 4208 954 4266; x_wconf 80' lang='lat' dir='ltr'><strong>Turbatus</strong></span> <span class='ocrx_word' id='word_1_410' title='bbox 1002 4230 1120 4268; x_wconf 82' lang='lat' dir='ltr'><strong>sum</strong></span> <span class='ocrx_word' id='word_1_411' title='bbox 1161 4223 1212 4269; x_wconf 89' lang='lat' dir='ltr'><strong>et</strong></span> <span class='ocrx_word' id='word_1_412' title='bbox 1258 4231 1362 4268; x_wconf 82' lang='lat' dir='ltr'><strong>non</strong></span> <span class='ocrx_word' id='word_1_413' title='bbox 1408 4231 1527 4270; x_wconf 80' lang='lat' dir='ltr'><strong>sitm</strong></span> <span class='ocrx_word' id='word_1_414' title='bbox 1574 4215 1868 4270; x_wconf 74' lang='lat' dir='ltr'><strong>locutus“.</strong></span> <span class='ocrx_word' id='word_1_415' title='bbox 1921 4215 2058 4272; x_wconf 85' lang='lat' dir='ltr'><strong>Cum</strong></span> 
     </span>
    </p>
   </div>
   <div class='ocr_carea' id='block_1_60' title="bbox 473 4299 2059 4376">
    <p class='ocr_par' dir='ltr' id='par_1_60' title="bbox 473 4299 2059 4376">
     <span class='ocr_line' id='line_1_60' title="bbox 473 4299 2059 4376; baseline 0.007 -26"><span class='ocrx_word' id='word_1_416' title='bbox 473 4299 810 4366; x_wconf 84' lang='lat' dir='ltr'><strong>corruissem,</strong></span> <span class='ocrx_word' id='word_1_417' title='bbox 859 4301 1053 4356; x_wconf 83' lang='lat' dir='ltr'><strong>iterum</strong></span> <span class='ocrx_word' id='word_1_418' title='bbox 1101 4304 1362 4358; x_wconf 71' lang='lat' dir='ltr'><strong>reduxisti</strong></span> <span class='ocrx_word' id='word_1_419' title='bbox 1414 4305 1615 4360; x_wconf 87' lang='lat' dir='ltr'><strong>me:id</strong></span> <span class='ocrx_word' id='word_1_420' title='bbox 1656 4317 1762 4374; x_wconf 87' lang='lat' dir='ltr'><strong>est,</strong></span> <span class='ocrx_word' id='word_1_421' title='bbox 1813 4315 1936 4376; x_wconf 89' lang='lat' dir='ltr'><strong>post</strong></span> <span class='ocrx_word' id='word_1_422' title='bbox 1977 4307 2059 4361; x_wconf 87' lang='lat' dir='ltr'><strong>la-</strong></span> 
     </span>
    </p>
   </div>
   <div class='ocr_carea' id='block_1_61' title="bbox 473 4391 2055 4470">
    <p class='ocr_par' dir='ltr' id='par_1_61' title="bbox 473 4391 2055 4470">
     <span class='ocr_line' id='line_1_61' title="bbox 473 4391 2055 4470; baseline 0.007 -27"><span class='ocrx_word' id='word_1_423' title='bbox 473 4404 655 4459; x_wconf 91' lang='lat' dir='ltr'><strong>psum.</strong></span> <span class='ocrx_word' id='word_1_424' title='bbox 699 4391 811 4448; x_wconf 89' lang='lat' dir='ltr'><strong>Nec</strong></span> <span class='ocrx_word' id='word_1_425' title='bbox 843 4408 972 4448; x_wconf 88' lang='lat' dir='ltr'><strong>vero</strong></span> <span class='ocrx_word' id='word_1_426' title='bbox 1011 4395 1285 4466; x_wconf 85' lang='lat' dir='ltr'><strong>intelligas</strong></span> <span class='ocrx_word' id='word_1_427' title='bbox 1325 4397 1542 4468; x_wconf 87' lang='lat' dir='ltr'><strong>lapsum</strong></span> <span class='ocrx_word' id='word_1_428' title='bbox 1576 4414 1608 4453; x_wconf 89' lang='lat' dir='ltr'><strong>a</strong></span> <span class='ocrx_word' id='word_1_429' title='bbox 1642 4397 1753 4454; x_wconf 91' lang='lat' dir='ltr'><strong>Deo</strong></span> <span class='ocrx_word' id='word_1_430' title='bbox 1791 4415 2055 4470; x_wconf 87' lang='lat' dir='ltr'><strong>separan—</strong></span> 
     </span>
    </p>
   </div>
   <div class='ocr_carea' id='block_1_62' title="bbox 2173 1908 3760 1974">
    <p class='ocr_par' dir='ltr' id='par_1_62' title="bbox 2173 1908 3760 1974">
     <span class='ocr_line' id='line_1_62' title="bbox 2173 1908 3760 1974; baseline 0.001 -9"><span class='ocrx_word' id='word_1_431' title='bbox 2173 1910 2386 1965; x_wconf 86' lang='lat' dir='ltr'><strong>satione</strong></span> <span class='ocrx_word' id='word_1_432' title='bbox 2443 1924 2552 1964; x_wconf 90' lang='lat' dir='ltr'><strong>non</strong></span> <span class='ocrx_word' id='word_1_433' title='bbox 2610 1908 2921 1974; x_wconf 90' lang='lat' dir='ltr'><strong>sumimus,</strong></span> <span class='ocrx_word' id='word_1_434' title='bbox 2995 1910 3390 1965; x_wconf 86' lang='lat' dir='ltr'><strong>tentationihus</strong></span> <span class='ocrx_word' id='word_1_435' title='bbox 3449 1913 3760 1966; x_wconf 85' lang='lat' dir='ltr'><strong>necessario</strong></span> 
     </span>
    </p>
   </div>
   <div class='ocr_carea' id='block_1_63' title="bbox 2171 2005 3760 2076">
    <p class='ocr_par' dir='ltr' id='par_1_63' title="bbox 2171 2005 3760 2076">
     <span class='ocr_line' id='line_1_63' title="bbox 2171 2005 3760 2076; baseline 0 -15"><span class='ocrx_word' id='word_1_436' title='bbox 2171 2005 2573 2076; x_wconf 85' lang='lat' dir='ltr'><strong>immergimttr,</strong></span> <span class='ocrx_word' id='word_1_437' title='bbox 2607 2015 2668 2061; x_wconf 90' lang='lat' dir='ltr'><strong>ut</strong></span> <span class='ocrx_word' id='word_1_438' title='bbox 2702 2006 2999 2076; x_wconf 88' lang='lat' dir='ltr'><strong>probemur</strong></span> <span class='ocrx_word' id='word_1_439' title='bbox 3043 2015 3098 2060; x_wconf 92' lang='lat' dir='ltr'><strong>et</strong></span> <span class='ocrx_word' id='word_1_440' title='bbox 3130 2005 3477 2060; x_wconf 85' lang='lat' dir='ltr'><strong>infirmemur</strong></span> <span class='ocrx_word' id='word_1_441' title='bbox 3509 2021 3575 2061; x_wconf 86' lang='lat' dir='ltr'><strong>ac</strong></span> <span class='ocrx_word' id='word_1_442' title='bbox 3610 2009 3760 2061; x_wconf 76' lang='lat' dir='ltr'><strong>infir-</strong></span> 
     </span>
    </p>
   </div>
   <div class='ocr_carea' id='block_1_64' title="bbox 2171 2091 3757 2165">
    <p class='ocr_par' dir='ltr' id='par_1_64' title="bbox 2171 2091 3757 2165">
     <span class='ocr_line' id='line_1_64' title="bbox 2171 2091 3757 2165; baseline 0.001 -17"><span class='ocrx_word' id='word_1_443' title='bbox 2171 2093 2305 2148; x_wconf 87' lang='lat' dir='ltr'><strong>mati</strong></span> <span class='ocrx_word' id='word_1_444' title='bbox 2331 2108 2650 2164; x_wconf 88' lang='lat' dir='ltr'><strong>purgemur,</strong></span> <span class='ocrx_word' id='word_1_445' title='bbox 2675 2108 2741 2148; x_wconf 90' lang='lat' dir='ltr'><strong>ac</strong></span> <span class='ocrx_word' id='word_1_446' title='bbox 2763 2091 2999 2163; x_wconf 86' lang='lat' dir='ltr'><strong>perfecte</strong></span> <span class='ocrx_word' id='word_1_447' title='bbox 3025 2092 3397 2148; x_wconf 87' lang='lat' dir='ltr'><strong>humiliemur.</strong></span> <span class='ocrx_word' id='word_1_448' title='bbox 3438 2092 3582 2148; x_wconf 84' lang='lat' dir='ltr'><strong>Dicit</strong></span> <span class='ocrx_word' id='word_1_449' title='bbox 3610 2110 3757 2165; x_wconf 81' lang='lat' dir='ltr'><strong>ergo,</strong></span> 
     </span>
    </p>
   </div>
   <div class='ocr_carea' id='block_1_65' title="bbox 2171 2185 3761 2256">
    <p class='ocr_par' dir='ltr' id='par_1_65' title="bbox 2171 2185 3761 2256">
     <span class='ocr_line' id='line_1_65' title="bbox 2171 2185 3761 2256; baseline 0.001 -16"><span class='ocrx_word' id='word_1_450' title='bbox 2171 2200 2394 2242; x_wconf 90' lang='lat' dir='ltr'><strong>necesse</strong></span> <span class='ocrx_word' id='word_1_451' title='bbox 2422 2195 2504 2242; x_wconf 89' lang='lat' dir='ltr'><strong>est</strong></span> <span class='ocrx_word' id='word_1_452' title='bbox 2530 2201 2679 2242; x_wconf 87' lang='lat' dir='ltr'><strong>mare</strong></span> <span class='ocrx_word' id='word_1_453' title='bbox 2722 2187 2976 2256; x_wconf 90' lang='lat' dir='ltr'><strong>quassari</strong></span> <span class='ocrx_word' id='word_1_454' title='bbox 3011 2196 3066 2241; x_wconf 90' lang='lat' dir='ltr'><strong>et</strong></span> <span class='ocrx_word' id='word_1_455' title='bbox 3109 2187 3316 2242; x_wconf 86' lang='lat' dir='ltr'><strong>turbari</strong></span> <span class='ocrx_word' id='word_1_456' title='bbox 3342 2185 3480 2256; x_wconf 86' lang='lat' dir='ltr'><strong>(l6).</strong></span> <span class='ocrx_word' id='word_1_457' title='bbox 3527 2186 3616 2240; x_wconf 74' lang='lat' dir='ltr'><strong>Ex</strong></span> <span class='ocrx_word' id='word_1_458' title='bbox 3644 2188 3761 2241; x_wconf 81' lang='lat' dir='ltr'><strong>obe-</strong></span> 
     </span>
    </p>
   </div>
   <div class='ocr_carea' id='block_1_66' title="bbox 2169 2277 3758 2349">
    <p class='ocr_par' dir='ltr' id='par_1_66' title="bbox 2169 2277 3758 2349">
     <span class='ocr_line' id='line_1_66' title="bbox 2169 2277 3758 2349; baseline 0.003 -19"><span class='ocrx_word' id='word_1_459' title='bbox 2169 2277 2410 2344; x_wconf 79' lang='lat' dir='ltr'><strong>dientia,</strong></span> <span class='ocrx_word' id='word_1_460' title='bbox 2469 2277 2762 2332; x_wconf 78' lang='lat' dir='ltr'><strong>humilitas.</strong></span> <span class='ocrx_word' id='word_1_461' title='bbox 2816 2277 3123 2334; x_wconf 88' lang='lat' dir='ltr'><strong>obedientia</strong></span> <span class='ocrx_word' id='word_1_462' title='bbox 3185 2279 3367 2345; x_wconf 88' lang='lat' dir='ltr'><strong>enim,</strong></span> <span class='ocrx_word' id='word_1_463' title='bbox 3432 2278 3758 2349; x_wconf 83' lang='lat' dir='ltr'><strong>principium</strong></span> 
     </span>
    </p>
   </div>
   <div class='ocr_carea' id='block_1_67' title="bbox 2174 2369 3758 2440">
    <p class='ocr_par' dir='ltr' id='par_1_67' title="bbox 2174 2369 3758 2440">
     <span class='ocr_line' id='line_1_67' title="bbox 2174 2369 3758 2440; baseline 0.002 -16"><span class='ocrx_word' id='word_1_464' title='bbox 2174 2369 2522 2436; x_wconf 89' lang='lat' dir='ltr'><strong>humilitatis,</strong></span> <span class='ocrx_word' id='word_1_465' title='bbox 2560 2370 2820 2440; x_wconf 90' lang='lat' dir='ltr'><strong>quoniam</strong></span> <span class='ocrx_word' id='word_1_466' title='bbox 2857 2370 2951 2440; x_wconf 88' lang='lat' dir='ltr'><strong>qui</strong></span> <span class='ocrx_word' id='word_1_467' title='bbox 2985 2385 3044 2425; x_wconf 89' lang='lat' dir='ltr'><strong>se</strong></span> <span class='ocrx_word' id='word_1_468' title='bbox 3071 2371 3250 2440; x_wconf 89' lang='lat' dir='ltr'><strong>ipsum</strong></span> <span class='ocrx_word' id='word_1_469' title='bbox 3292 2370 3758 2428; x_wconf 65' lang='lat' dir='ltr'><strong>noncondemnat</strong></span> 
     </span>
    </p>
   </div>
   <div class='ocr_carea' id='block_1_68' title="bbox 2169 2460 3755 2529">
    <p class='ocr_par' dir='ltr' id='par_1_68' title="bbox 2169 2460 3755 2529">
     <span class='ocr_line' id='line_1_68' title="bbox 2169 2460 3755 2529; baseline 0.002 -13"><span class='ocrx_word' id='word_1_470' title='bbox 2169 2461 2313 2516; x_wconf 91' lang='lat' dir='ltr'><strong>sicut</strong></span> <span class='ocrx_word' id='word_1_471' title='bbox 2357 2460 2697 2518; x_wconf 80' lang='lat' dir='ltr'><strong>deiicientem</strong></span> <span class='ocrx_word' id='word_1_472' title='bbox 2741 2478 2773 2517; x_wconf 88' lang='lat' dir='ltr'><strong>a</strong></span> <span class='ocrx_word' id='word_1_473' title='bbox 2814 2463 3130 2529; x_wconf 82' lang='lat' dir='ltr'><strong>virtutibus,</strong></span> <span class='ocrx_word' id='word_1_474' title='bbox 3176 2463 3281 2518; x_wconf 91' lang='lat' dir='ltr'><strong>sub</strong></span> <span class='ocrx_word' id='word_1_475' title='bbox 3319 2478 3488 2518; x_wconf 89' lang='lat' dir='ltr'><strong>manu</strong></span> <span class='ocrx_word' id='word_1_476' title='bbox 3535 2463 3755 2520; x_wconf 81' lang='lat' dir='ltr'><strong>alterius</strong></span> 
     </span>
    </p>
   </div>
   <div class='ocr_carea' id='block_1_69' title="bbox 2169 2553 3754 2626">
    <p class='ocr_par' dir='ltr' id='par_1_69' title="bbox 2169 2553 3754 2626">
     <span class='ocr_line' id='line_1_69' title="bbox 2169 2553 3754 2626; baseline 0.002 -18"><span class='ocrx_word' id='word_1_477' title='bbox 2169 2569 2291 2610; x_wconf 87' lang='lat' dir='ltr'><strong>esse</strong></span> <span class='ocrx_word' id='word_1_478' title='bbox 2322 2569 2428 2610; x_wconf 89' lang='lat' dir='ltr'><strong>non</strong></span> <span class='ocrx_word' id='word_1_479' title='bbox 2457 2554 2619 2609; x_wconf 85' lang='lat' dir='ltr'><strong>valet.</strong></span> <span class='ocrx_word' id='word_1_480' title='bbox 2650 2553 2839 2626; x_wconf 86' lang='lat' dir='ltr'><strong>igitur,</strong></span> <span class='ocrx_word' id='word_1_481' title='bbox 2882 2554 3004 2610; x_wconf 86' lang='lat' dir='ltr'><strong>talis</strong></span> <span class='ocrx_word' id='word_1_482' title='bbox 3049 2554 3439 2611; x_wconf 88' lang='lat' dir='ltr'><strong>condemnatio</strong></span> <span class='ocrx_word' id='word_1_483' title='bbox 3481 2557 3754 2612; x_wconf 86' lang='lat' dir='ltr'><strong>contrahit</strong></span> 
     </span>
    </p>
   </div>
   <div class='ocr_carea' id='block_1_70' title="bbox 2169 2646 3747 2718">
    <p class='ocr_par' dir='ltr' id='par_1_70' title="bbox 2169 2646 3747 2718">
     <span class='ocr_line' id='line_1_70' title="bbox 2169 2646 3747 2718; baseline 0 -16"><span class='ocrx_word' id='word_1_484' title='bbox 2169 2648 2352 2718; x_wconf 86' lang='lat' dir='ltr'><strong>etagit</strong></span> <span class='ocrx_word' id='word_1_485' title='bbox 2376 2646 2617 2702; x_wconf 89' lang='lat' dir='ltr'><strong>animam</strong></span> <span class='ocrx_word' id='word_1_486' title='bbox 2658 2647 2724 2702; x_wconf 88' lang='lat' dir='ltr'><strong>ad</strong></span> <span class='ocrx_word' id='word_1_487' title='bbox 2758 2647 3123 2704; x_wconf 83' lang='lat' dir='ltr'><strong>obedientiam</strong></span> <span class='ocrx_word' id='word_1_488' title='bbox 3169 2666 3182 2702; x_wconf 93' lang='lat'>:</span> <span class='ocrx_word' id='word_1_489' title='bbox 3213 2647 3522 2704; x_wconf 88' lang='lat' dir='ltr'><strong>obedientia</strong></span> <span class='ocrx_word' id='word_1_490' title='bbox 3552 2658 3747 2713; x_wconf 83' lang='lat' dir='ltr'><strong>autem,</strong></span> 
     </span>
    </p>
   </div>
   <div class='ocr_carea' id='block_1_71' title="bbox 2169 2738 3750 2810">
    <p class='ocr_par' dir='ltr' id='par_1_71' title="bbox 2169 2738 3750 2810">
     <span class='ocr_line' id='line_1_71' title="bbox 2169 2738 3750 2810; baseline 0 -16"><span class='ocrx_word' id='word_1_491' title='bbox 2169 2740 2363 2794; x_wconf 90' lang='lat' dir='ltr'><strong>timore</strong></span> <span class='ocrx_word' id='word_1_492' title='bbox 2395 2739 2612 2794; x_wconf 86' lang='lat' dir='ltr'><strong>Domini</strong></span> <span class='ocrx_word' id='word_1_493' title='bbox 2667 2738 2904 2805; x_wconf 82' lang='lat' dir='ltr'><strong>ﬁrmata,</strong></span> <span class='ocrx_word' id='word_1_494' title='bbox 2947 2749 3174 2810; x_wconf 81' lang='lat' dir='ltr'><strong>generat</strong></span> <span class='ocrx_word' id='word_1_495' title='bbox 3216 2740 3606 2806; x_wconf 89' lang='lat' dir='ltr'><strong>humilitatem,</strong></span> <span class='ocrx_word' id='word_1_496' title='bbox 3650 2740 3750 2795; x_wconf 85' lang='lat' dir='ltr'><strong>hu-</strong></span> 
     </span>
    </p>
   </div>
   <div class='ocr_carea' id='block_1_72' title="bbox 2167 2830 3748 2902">
    <p class='ocr_par' dir='ltr' id='par_1_72' title="bbox 2167 2830 3748 2902">
     <span class='ocr_line' id='line_1_72' title="bbox 2167 2830 3748 2902; baseline 0.002 -15"><span class='ocrx_word' id='word_1_497' title='bbox 2167 2830 2371 2887; x_wconf 87' lang='lat' dir='ltr'><strong>militas</strong></span> <span class='ocrx_word' id='word_1_498' title='bbox 2403 2845 2531 2886; x_wconf 85' lang='lat' dir='ltr'><strong>vero</strong></span> <span class='ocrx_word' id='word_1_499' title='bbox 2570 2839 2833 2902; x_wconf 89' lang='lat' dir='ltr'><strong>perpetuo</strong></span> <span class='ocrx_word' id='word_1_500' title='bbox 2861 2833 3110 2888; x_wconf 80' lang='lat' dir='ltr'><strong>exsulem</strong></span> <span class='ocrx_word' id='word_1_501' title='bbox 3134 2831 3266 2889; x_wconf 88' lang='lat' dir='ltr'><strong>facit</strong></span> <span class='ocrx_word' id='word_1_502' title='bbox 3301 2832 3612 2889; x_wconf 89' lang='lat' dir='ltr'><strong>elationem.</strong></span> <span class='ocrx_word' id='word_1_503' title='bbox 3647 2834 3748 2901; x_wconf 85' lang='lat' dir='ltr'><strong>Qui</strong></span> 
     </span>
    </p>
   </div>
   <div class='ocr_carea' id='block_1_73' title="bbox 2167 2927 3749 3000">
    <p class='ocr_par' dir='ltr' id='par_1_73' title="bbox 2167 2927 3749 3000">
     <span class='ocr_line' id='line_1_73' title="bbox 2167 2927 3749 3000; baseline -0.002 -17"><span class='ocrx_word' id='word_1_504' title='bbox 2167 2937 2348 2983; x_wconf 88' lang='lat' dir='ltr'><strong>autem</strong></span> <span class='ocrx_word' id='word_1_505' title='bbox 2388 2927 2457 2982; x_wconf 90' lang='lat' dir='ltr'><strong>ab</strong></span> <span class='ocrx_word' id='word_1_506' title='bbox 2481 2927 2672 2983; x_wconf 90' lang='lat' dir='ltr'><strong>eadem</strong></span> <span class='ocrx_word' id='word_1_507' title='bbox 2708 2936 2795 2984; x_wconf 89' lang='lat' dir='ltr'><strong>est</strong></span> <span class='ocrx_word' id='word_1_508' title='bbox 2835 2928 2991 2993; x_wconf 85' lang='lat' dir='ltr'><strong>liber,</strong></span> <span class='ocrx_word' id='word_1_509' title='bbox 3021 2937 3076 2984; x_wconf 92' lang='lat' dir='ltr'><strong>et</strong></span> <span class='ocrx_word' id='word_1_510' title='bbox 3113 2943 3142 2982; x_wconf 92' lang='lat' dir='ltr'><strong>a</strong></span> <span class='ocrx_word' id='word_1_511' title='bbox 3176 2927 3406 3000; x_wconf 83' lang='lat' dir='ltr'><strong>reliquis</strong></span> <span class='ocrx_word' id='word_1_512' title='bbox 3431 2939 3514 2984; x_wconf 87' lang='lat' dir='ltr'><strong>est</strong></span> <span class='ocrx_word' id='word_1_513' title='bbox 3550 2943 3749 2998; x_wconf 86' lang='lat' dir='ltr'><strong>purga-</strong></span> 
     </span>
    </p>
   </div>
   <div class='ocr_carea' id='block_1_74' title="bbox 2170 3019 3748 3092">
    <p class='ocr_par' dir='ltr' id='par_1_74' title="bbox 2170 3019 3748 3092">
     <span class='ocr_line' id='line_1_74' title="bbox 2170 3019 3748 3092; baseline -0.003 -16"><span class='ocrx_word' id='word_1_514' title='bbox 2170 3030 2256 3076; x_wconf 91' lang='lat' dir='ltr'><strong>tus</strong></span> <span class='ocrx_word' id='word_1_515' title='bbox 2287 3035 2500 3092; x_wconf 86' lang='lat' dir='ltr'><strong>:quare</strong></span> <span class='ocrx_word' id='word_1_516' title='bbox 2541 3020 2740 3076; x_wconf 90' lang='lat' dir='ltr'><strong>domus</strong></span> <span class='ocrx_word' id='word_1_517' title='bbox 2767 3021 3226 3091; x_wconf 89' lang='lat' dir='ltr'><strong>impassihilitatis</strong></span> <span class='ocrx_word' id='word_1_518' title='bbox 3262 3029 3316 3075; x_wconf 90' lang='lat' dir='ltr'><strong>et</strong></span> <span class='ocrx_word' id='word_1_519' title='bbox 3347 3019 3628 3076; x_wconf 78' lang='lat' dir='ltr'><strong>munditia:</strong></span> <span class='ocrx_word' id='word_1_520' title='bbox 3653 3036 3748 3073; x_wconf 88' lang='lat' dir='ltr'><strong>an-</strong></span> 
     </span>
    </p>
   </div>
   <div class='ocr_carea' id='block_1_75' title="bbox 2169 3110 3748 3184">
    <p class='ocr_par' dir='ltr' id='par_1_75' title="bbox 2169 3110 3748 3184">
     <span class='ocr_line' id='line_1_75' title="bbox 2169 3110 3748 3184; baseline -0.001 -16"><span class='ocrx_word' id='word_1_521' title='bbox 2169 3114 2474 3169; x_wconf 90' lang='lat' dir='ltr'><strong>nuntiatur.</strong></span> <span class='ocrx_word' id='word_1_522' title='bbox 2499 3110 2874 3169; x_wconf 89' lang='lat' dir='ltr'><strong>Obedientiam</strong></span> <span class='ocrx_word' id='word_1_523' title='bbox 2917 3113 3102 3184; x_wconf 83' lang='lat' dir='ltr'><strong>igitur,</strong></span> <span class='ocrx_word' id='word_1_524' title='bbox 3137 3113 3525 3178; x_wconf 90' lang='lat' dir='ltr'><strong>humilitatem,</strong></span> <span class='ocrx_word' id='word_1_525' title='bbox 3565 3121 3618 3167; x_wconf 90' lang='lat' dir='ltr'><strong>et</strong></span> <span class='ocrx_word' id='word_1_526' title='bbox 3651 3113 3748 3167; x_wconf 88' lang='lat' dir='ltr'><strong>im-</strong></span> 
     </span>
    </p>
   </div>
   <div class='ocr_carea' id='block_1_76' title="bbox 2165 3204 3748 3276">
    <p class='ocr_par' dir='ltr' id='par_1_76' title="bbox 2165 3204 3748 3276">
     <span class='ocr_line' id='line_1_76' title="bbox 2165 3204 3748 3276; baseline -0.001 -15"><span class='ocrx_word' id='word_1_527' title='bbox 2165 3205 2606 3276; x_wconf 86' lang='lat' dir='ltr'><strong>passibilitatem,</strong></span> <span class='ocrx_word' id='word_1_528' title='bbox 2660 3205 2836 3260; x_wconf 85' lang='lat' dir='ltr'><strong>tribus</strong></span> <span class='ocrx_word' id='word_1_529' title='bbox 2889 3206 3228 3276; x_wconf 88' lang='lat' dir='ltr'><strong>appropriat,</strong></span> <span class='ocrx_word' id='word_1_530' title='bbox 3293 3207 3504 3262; x_wconf 84' lang='lat' dir='ltr'><strong>scilicet</strong></span> <span class='ocrx_word' id='word_1_531' title='bbox 3556 3204 3748 3276; x_wconf 72' lang='lat' dir='ltr'><strong>Moysi,</strong></span> 
     </span>
    </p>
   </div>
   <div class='ocr_carea' id='block_1_77' title="bbox 2166 3297 3749 3369">
    <p class='ocr_par' dir='ltr' id='par_1_77' title="bbox 2166 3297 3749 3369">
     <span class='ocr_line' id='line_1_77' title="bbox 2166 3297 3749 3369; baseline 0.001 -17"><span class='ocrx_word' id='word_1_532' title='bbox 2166 3299 2490 3369; x_wconf 67' lang='lat' dir='ltr'><strong>Synagogae,</strong></span> <span class='ocrx_word' id='word_1_533' title='bbox 2519 3309 2574 3354; x_wconf 91' lang='lat' dir='ltr'><strong>et</strong></span> <span class='ocrx_word' id='word_1_534' title='bbox 2603 3297 2790 3354; x_wconf 78' lang='lat' dir='ltr'><strong>Mariae</strong></span> <span class='ocrx_word' id='word_1_535' title='bbox 2819 3316 2833 3353; x_wconf 92' lang='lat'>:</span> <span class='ocrx_word' id='word_1_536' title='bbox 2861 3299 3125 3369; x_wconf 86' lang='lat' dir='ltr'><strong>quoniam</strong></span> <span class='ocrx_word' id='word_1_537' title='bbox 3151 3299 3296 3354; x_wconf 89' lang='lat' dir='ltr'><strong>sicut</strong></span> <span class='ocrx_word' id='word_1_538' title='bbox 3323 3314 3475 3355; x_wconf 88' lang='lat' dir='ltr'><strong>mare</strong></span> <span class='ocrx_word' id='word_1_539' title='bbox 3501 3297 3749 3354; x_wconf 80' lang='lat' dir='ltr'><strong>Rubrum</strong></span> 
     </span>
    </p>
   </div>
   <div class='ocr_carea' id='block_1_78' title="bbox 2163 3388 3750 3461">
    <p class='ocr_par' dir='ltr' id='par_1_78' title="bbox 2163 3388 3750 3461">
     <span class='ocr_line' id='line_1_78' title="bbox 2163 3388 3750 3461; baseline -0.001 -16"><span class='ocrx_word' id='word_1_540' title='bbox 2163 3398 2510 3446; x_wconf 86' lang='lat' dir='ltr'><strong>transeuntes</strong></span> <span class='ocrx_word' id='word_1_541' title='bbox 2549 3388 2744 3456; x_wconf 60' lang='lat' dir='ltr'><strong>Judaei,</strong></span> <span class='ocrx_word' id='word_1_542' title='bbox 2785 3393 2838 3446; x_wconf 84' lang='lat' dir='ltr'><strong>et</strong></span> <span class='ocrx_word' id='word_1_543' title='bbox 2887 3406 3050 3461; x_wconf 90' lang='lat' dir='ltr'><strong>super</strong></span> <span class='ocrx_word' id='word_1_544' title='bbox 3083 3392 3313 3447; x_wconf 84' lang='lat' dir='ltr'><strong>victoria</strong></span> <span class='ocrx_word' id='word_1_545' title='bbox 3363 3392 3750 3461; x_wconf 88' lang='lat' dir='ltr'><strong>triumphalem</strong></span> 
     </span>
    </p>
   </div>
   <div class='ocr_carea' id='block_1_79' title="bbox 2162 3482 3754 3554">
    <p class='ocr_par' dir='ltr' id='par_1_79' title="bbox 2162 3482 3754 3554">
     <span class='ocr_line' id='line_1_79' title="bbox 2162 3482 3754 3554; baseline 0 -16"><span class='ocrx_word' id='word_1_546' title='bbox 2162 3482 2378 3538; x_wconf 92' lang='lat' dir='ltr'><strong>laudem</strong></span> <span class='ocrx_word' id='word_1_547' title='bbox 2425 3482 2523 3539; x_wconf 90' lang='lat' dir='ltr'><strong>Dei</strong></span> <span class='ocrx_word' id='word_1_548' title='bbox 2565 3492 2850 3549; x_wconf 87' lang='lat' dir='ltr'><strong>canentes,</strong></span> <span class='ocrx_word' id='word_1_549' title='bbox 2896 3484 3144 3554; x_wconf 87' lang='lat' dir='ltr'><strong>ejusdem</strong></span> <span class='ocrx_word' id='word_1_550' title='bbox 3191 3485 3370 3539; x_wconf 88' lang='lat' dir='ltr'><strong>laudis</strong></span> <span class='ocrx_word' id='word_1_551' title='bbox 3409 3492 3465 3538; x_wconf 92' lang='lat' dir='ltr'><strong>et</strong></span> <span class='ocrx_word' id='word_1_552' title='bbox 3512 3485 3754 3539; x_wconf 66' lang='lat' dir='ltr'><strong>victoriae</strong></span> 
     </span>
    </p>
   </div>
   <div class='ocr_carea' id='block_1_80' title="bbox 2161 3576 3752 3649">
    <p class='ocr_par' dir='ltr' id='par_1_80' title="bbox 2161 3576 3752 3649">
     <span class='ocr_line' id='line_1_80' title="bbox 2161 3576 3752 3649; baseline -0.001 -17"><span class='ocrx_word' id='word_1_553' title='bbox 2161 3577 2469 3633; x_wconf 90' lang='lat' dir='ltr'><strong>habuerunt</strong></span> <span class='ocrx_word' id='word_1_554' title='bbox 2490 3576 2711 3649; x_wconf 81' lang='lat' dir='ltr'><strong>Moysen</strong></span> <span class='ocrx_word' id='word_1_555' title='bbox 2741 3578 3042 3649; x_wconf 84' lang='lat' dir='ltr'><strong>genitorem</strong></span> <span class='ocrx_word' id='word_1_556' title='bbox 3070 3585 3125 3632; x_wconf 90' lang='lat' dir='ltr'><strong>et</strong></span> <span class='ocrx_word' id='word_1_557' title='bbox 3155 3587 3420 3644; x_wconf 88' lang='lat' dir='ltr'><strong>actorem,</strong></span> <span class='ocrx_word' id='word_1_558' title='bbox 3444 3586 3502 3631; x_wconf 92' lang='lat' dir='ltr'><strong>et</strong></span> <span class='ocrx_word' id='word_1_559' title='bbox 3523 3576 3752 3632; x_wconf 83' lang='lat' dir='ltr'><strong>Mariam</strong></span> 
     </span>
    </p>
   </div>
   <div class='ocr_carea' id='block_1_81' title="bbox 2160 3669 3752 3742">
    <p class='ocr_par' dir='ltr' id='par_1_81' title="bbox 2160 3669 3752 3742">
     <span class='ocr_line' id='line_1_81' title="bbox 2160 3669 3752 3742; baseline -0.001 -17"><span class='ocrx_word' id='word_1_560' title='bbox 2160 3669 2541 3741; x_wconf 86' lang='lat' dir='ltr'><strong>perfectrioem</strong></span> <span class='ocrx_word' id='word_1_561' title='bbox 2568 3670 2810 3742; x_wconf 89' lang='lat' dir='ltr'><strong>(quidem</strong></span> <span class='ocrx_word' id='word_1_562' title='bbox 2840 3686 2906 3725; x_wconf 84' lang='lat' dir='ltr'><strong>ex</strong></span> <span class='ocrx_word' id='word_1_563' title='bbox 2947 3670 3230 3726; x_wconf 90' lang='lat' dir='ltr'><strong>communi</strong></span> <span class='ocrx_word' id='word_1_564' title='bbox 3262 3686 3428 3724; x_wconf 88' lang='lat' dir='ltr'><strong>unam</strong></span> <span class='ocrx_word' id='word_1_565' title='bbox 3478 3672 3752 3726; x_wconf 64' lang='lat' dir='ltr'><strong>exsistet:-</strong></span> 
     </span>
    </p>
   </div>
   <div class='ocr_carea' id='block_1_82' title="bbox 2162 3762 3750 3834">
    <p class='ocr_par' dir='ltr' id='par_1_82' title="bbox 2162 3762 3750 3834">
     <span class='ocr_line' id='line_1_82' title="bbox 2162 3762 3750 3834; baseline 0.001 -17"><span class='ocrx_word' id='word_1_566' title='bbox 2162 3762 2416 3832; x_wconf 89' lang='lat' dir='ltr'><strong>tem):ita</strong></span> <span class='ocrx_word' id='word_1_567' title='bbox 2445 3772 2500 3818; x_wconf 88' lang='lat' dir='ltr'><strong>et</strong></span> <span class='ocrx_word' id='word_1_568' title='bbox 2529 3777 2682 3818; x_wconf 89' lang='lat' dir='ltr'><strong>nunc</strong></span> <span class='ocrx_word' id='word_1_569' title='bbox 2705 3763 2861 3832; x_wconf 86' lang='lat' dir='ltr'><strong>dicit,</strong></span> <span class='ocrx_word' id='word_1_570' title='bbox 2893 3763 2947 3818; x_wconf 91' lang='lat' dir='ltr'><strong>in</strong></span> <span class='ocrx_word' id='word_1_571' title='bbox 2979 3778 3213 3834; x_wconf 88' lang='lat' dir='ltr'><strong>persona</strong></span> <span class='ocrx_word' id='word_1_572' title='bbox 3241 3763 3414 3834; x_wconf 81' lang='lat' dir='ltr'><strong>Moysi</strong></span> <span class='ocrx_word' id='word_1_573' title='bbox 3439 3765 3638 3820; x_wconf 87' lang='lat' dir='ltr'><strong>debere</strong></span> <span class='ocrx_word' id='word_1_574' title='bbox 3658 3779 3750 3819; x_wconf 83' lang='lat' dir='ltr'><strong>ac-</strong></span> 
     </span>
    </p>
   </div>
   <div class='ocr_carea' id='block_1_83' title="bbox 2161 3856 3752 3928">
    <p class='ocr_par' dir='ltr' id='par_1_83' title="bbox 2161 3856 3752 3928">
     <span class='ocr_line' id='line_1_83' title="bbox 2161 3856 3752 3928; baseline -0.003 -15"><span class='ocrx_word' id='word_1_575' title='bbox 2161 3857 2342 3928; x_wconf 88' lang='lat' dir='ltr'><strong>cipere</strong></span> <span class='ocrx_word' id='word_1_576' title='bbox 2373 3856 2779 3921; x_wconf 89' lang='lat' dir='ltr'><strong>obedientiam;</strong></span> <span class='ocrx_word' id='word_1_577' title='bbox 2824 3857 2880 3910; x_wconf 92' lang='lat' dir='ltr'><strong>in</strong></span> <span class='ocrx_word' id='word_1_578' title='bbox 2938 3869 3234 3927; x_wconf 85' lang='lat' dir='ltr'><strong>synagoga,</strong></span> <span class='ocrx_word' id='word_1_579' title='bbox 3278 3856 3668 3918; x_wconf 86' lang='lat' dir='ltr'><strong>humilitatem,</strong></span> <span class='ocrx_word' id='word_1_580' title='bbox 3697 3865 3752 3909; x_wconf 85' lang='lat' dir='ltr'><strong>et</strong></span> 
     </span>
    </p>
   </div>
   <div class='ocr_carea' id='block_1_84' title="bbox 2161 3947 3750 4020">
    <p class='ocr_par' dir='ltr' id='par_1_84' title="bbox 2161 3947 3750 4020">
     <span class='ocr_line' id='line_1_84' title="bbox 2161 3947 3750 4020; baseline 0.001 -18"><span class='ocrx_word' id='word_1_581' title='bbox 2161 3949 2216 4004; x_wconf 89' lang='lat' dir='ltr'><strong>in</strong></span> <span class='ocrx_word' id='word_1_582' title='bbox 2241 3948 2433 4014; x_wconf 78' lang='lat' dir='ltr'><strong>Maria,</strong></span> <span class='ocrx_word' id='word_1_583' title='bbox 2463 3949 2978 4020; x_wconf 76' lang='lat' dir='ltr'><strong>impassibilitatem.</strong></span> <span class='ocrx_word' id='word_1_584' title='bbox 3023 3947 3264 4020; x_wconf 80' lang='lat' dir='ltr'><strong>Moyses,</strong></span> <span class='ocrx_word' id='word_1_585' title='bbox 3304 3964 3449 4018; x_wconf 92' lang='lat' dir='ltr'><strong>aqua</strong></span> <span class='ocrx_word' id='word_1_586' title='bbox 3480 3949 3750 4018; x_wconf 81' lang='lat' dir='ltr'><strong>interpre-</strong></span> 
     </span>
    </p>
   </div>
   <div class='ocr_carea' id='block_1_85' title="bbox 2161 4038 3747 4111">
    <p class='ocr_par' dir='ltr' id='par_1_85' title="bbox 2161 4038 3747 4111">
     <span class='ocr_line' id='line_1_85' title="bbox 2161 4038 3747 4111; baseline -0.001 -15"><span class='ocrx_word' id='word_1_587' title='bbox 2161 4049 2326 4108; x_wconf 88' lang='lat' dir='ltr'><strong>tatur,</strong></span> <span class='ocrx_word' id='word_1_588' title='bbox 2373 4040 2459 4097; x_wconf 83' lang='lat' dir='ltr'><strong>vel</strong></span> <span class='ocrx_word' id='word_1_589' title='bbox 2491 4051 2806 4111; x_wconf 90' lang='lat' dir='ltr'><strong>assumptus</strong></span> <span class='ocrx_word' id='word_1_590' title='bbox 2839 4040 2908 4096; x_wconf 89' lang='lat' dir='ltr'><strong>de</strong></span> <span class='ocrx_word' id='word_1_591' title='bbox 2949 4041 3153 4111; x_wconf 73' lang='lat' dir='ltr'><strong>aquis’:</strong></span> <span class='ocrx_word' id='word_1_592' title='bbox 3183 4038 3376 4106; x_wconf 72' lang='lat' dir='ltr'><strong>Maria,</strong></span> <span class='ocrx_word' id='word_1_593' title='bbox 3419 4040 3747 4109; x_wconf 81' lang='lat' dir='ltr'><strong>interpreta-</strong></span> 
     </span>
    </p>
   </div>
   <div class='ocr_carea' id='block_1_86' title="bbox 2159 4129 3784 4204">
    <p class='ocr_par' dir='ltr' id='par_1_86' title="bbox 2159 4129 3784 4204">
     <span class='ocr_line' id='line_1_86' title="bbox 2159 4129 3784 4204; baseline -0.003 -16"><span class='ocrx_word' id='word_1_594' title='bbox 2159 4143 2250 4188; x_wconf 88' lang='lat' dir='ltr'><strong>tur</strong></span> <span class='ocrx_word' id='word_1_595' title='bbox 2294 4131 2410 4199; x_wconf 83' lang='lat' dir='ltr'><strong>lux,</strong></span> <span class='ocrx_word' id='word_1_596' title='bbox 2441 4148 2565 4203; x_wconf 62' lang='lat' dir='ltr'><strong>qua</strong></span> <span class='ocrx_word' id='word_1_597' title='bbox 2591 4133 2660 4188; x_wconf 90' lang='lat' dir='ltr'><strong>de</strong></span> <span class='ocrx_word' id='word_1_598' title='bbox 2702 4132 2988 4204; x_wconf 88' lang='lat' dir='ltr'><strong>Syuagoga</strong></span> <span class='ocrx_word' id='word_1_599' title='bbox 3033 4131 3302 4202; x_wconf 84' lang='lat' dir='ltr'><strong>originem</strong></span> <span class='ocrx_word' id='word_1_600' title='bbox 3348 4141 3616 4186; x_wconf 76' lang='lat' dir='ltr'><strong>traxerat.</strong></span> <span class='ocrx_word' id='word_1_601' title='bbox 3647 4129 3784 4199; x_wconf 82' lang='lat' dir='ltr'><strong>lgi-.</strong></span> 
     </span>
    </p>
   </div>
   <div class='ocr_carea' id='block_1_87' title="bbox 2159 4223 3746 4296">
    <p class='ocr_par' dir='ltr' id='par_1_87' title="bbox 2159 4223 3746 4296">
     <span class='ocr_line' id='line_1_87' title="bbox 2159 4223 3746 4296; baseline -0.003 -16"><span class='ocrx_word' id='word_1_602' title='bbox 2159 4234 2267 4290; x_wconf 90' lang='lat' dir='ltr'><strong>tur,</strong></span> <span class='ocrx_word' id='word_1_603' title='bbox 2318 4225 2373 4280; x_wconf 87' lang='lat' dir='ltr'><strong>in</strong></span> <span class='ocrx_word' id='word_1_604' title='bbox 2407 4235 2694 4296; x_wconf 86' lang='lat' dir='ltr'><strong>assumpto</strong></span> <span class='ocrx_word' id='word_1_605' title='bbox 2729 4225 2798 4280; x_wconf 88' lang='lat' dir='ltr'><strong>de</strong></span> <span class='ocrx_word' id='word_1_606' title='bbox 2837 4226 2996 4295; x_wconf 84' lang='lat' dir='ltr'><strong>aquis</strong></span> <span class='ocrx_word' id='word_1_607' title='bbox 3021 4225 3302 4294; x_wconf 79' lang='lat' dir='ltr'><strong>generatio</strong></span> <span class='ocrx_word' id='word_1_608' title='bbox 3341 4232 3398 4280; x_wconf 89' lang='lat' dir='ltr'><strong>et</strong></span> <span class='ocrx_word' id='word_1_609' title='bbox 3431 4223 3746 4279; x_wconf 84' lang='lat' dir='ltr'><strong>fecundatio</strong></span> 
     </span>
    </p>
   </div>
   <div class='ocr_carea' id='block_1_88' title="bbox 2157 4313 3743 4389">
    <p class='ocr_par' dir='ltr' id='par_1_88' title="bbox 2157 4313 3743 4389">
     <span class='ocr_line' id='line_1_88' title="bbox 2157 4313 3743 4389; baseline -0.001 -18"><span class='ocrx_word' id='word_1_610' title='bbox 2157 4319 2496 4389; x_wconf 86' lang='lat' dir='ltr'><strong>reliquorum</strong></span> <span class='ocrx_word' id='word_1_611' title='bbox 2551 4334 2647 4389; x_wconf 88' lang='lat' dir='ltr'><strong>per</strong></span> <span class='ocrx_word' id='word_1_612' title='bbox 2695 4313 3067 4375; x_wconf 67' lang='lat' dir='ltr'><strong>obedientiam</strong></span> <span class='ocrx_word' id='word_1_613' title='bbox 3121 4337 3135 4372; x_wconf 91' lang='lat'>:</span> <span class='ocrx_word' id='word_1_614' title='bbox 3175 4317 3488 4374; x_wconf 87' lang='lat' dir='ltr'><strong>obedientia</strong></span> <span class='ocrx_word' id='word_1_615' title='bbox 3539 4326 3743 4379; x_wconf 84' lang='lat' dir='ltr'><strong>autem,</strong></span> 
     </span>
    </p>
   </div>
   <div class='ocr_carea' id='block_1_89' title="bbox 2158 4407 3745 4478">
    <p class='ocr_par' dir='ltr' id='par_1_89' title="bbox 2158 4407 3745 4478">
     <span class='ocr_line' id='line_1_89' title="bbox 2158 4407 3745 4478; baseline -0.001 -16"><span class='ocrx_word' id='word_1_616' title='bbox 2158 4408 2484 4463; x_wconf 88' lang='lat' dir='ltr'><strong>humilitatis</strong></span> <span class='ocrx_word' id='word_1_617' title='bbox 2523 4409 2938 4478; x_wconf 83' lang='lat' dir='ltr'><strong>possessionem</strong></span> <span class='ocrx_word' id='word_1_618' title='bbox 2971 4409 3175 4474; x_wconf 89' lang='lat' dir='ltr'><strong>donat;</strong></span> <span class='ocrx_word' id='word_1_619' title='bbox 3214 4407 3500 4463; x_wconf 87' lang='lat' dir='ltr'><strong>humilitas</strong></span> <span class='ocrx_word' id='word_1_620' title='bbox 3539 4416 3745 4471; x_wconf 86' lang='lat' dir='ltr'><strong>autem,</strong></span> 
     </span>
    </p>
   </div>
   <div class='ocr_carea' id='block_1_90' title="bbox 473 4482 3746 4572">
    <p class='ocr_par' dir='ltr' id='par_1_90' title="bbox 473 4482 3746 4572">
     <span class='ocr_line' id='line_1_90' title="bbox 473 4482 3746 4572; baseline 0.004 -34"><span class='ocrx_word' id='word_1_621' title='bbox 473 4490 608 4547; x_wconf 87' lang='lat' dir='ltr'><strong>tem,</strong></span> <span class='ocrx_word' id='word_1_622' title='bbox 636 4482 731 4538; x_wconf 88' lang='lat' dir='ltr'><strong>sed</strong></span> <span class='ocrx_word' id='word_1_623' title='bbox 755 4484 964 4554; x_wconf 89' lang='lat' dir='ltr'><strong>lapsum</strong></span> <span class='ocrx_word' id='word_1_624' title='bbox 987 4486 1079 4555; x_wconf 90' lang='lat' dir='ltr'><strong>qui</strong></span> <span class='ocrx_word' id='word_1_625' title='bbox 1102 4487 1493 4559; x_wconf 87' lang='lat' dir='ltr'><strong>(servientibus</strong></span> <span class='ocrx_word' id='word_1_626' title='bbox 1515 4498 1570 4544; x_wconf 87' lang='lat' dir='ltr'><strong>et</strong></span> <span class='ocrx_word' id='word_1_627' title='bbox 1594 4491 2051 4562; x_wconf 78' lang='lat' dir='ltr'><strong>ministrantibus)</strong></span> <span class='ocrx_word' id='word_1_628' title='bbox 2086 4483 2130 4536; x_wconf 74' lang='grc' dir='ltr'><strong>ι)</strong></span> <span class='ocrx_word' id='word_1_629' title='bbox 2158 4501 2619 4572; x_wconf 86' lang='lat' dir='ltr'><strong>impassibilitatis</strong></span> <span class='ocrx_word' id='word_1_630' title='bbox 2643 4501 2824 4557; x_wconf 89' lang='lat' dir='ltr'><strong>lucem</strong></span> <span class='ocrx_word' id='word_1_631' title='bbox 2855 4511 3076 4572; x_wconf 67' lang='lat' dir='ltr'><strong>praestat</strong></span> <span class='ocrx_word' id='word_1_632' title='bbox 3103 4520 3118 4557; x_wconf 90' lang='lat'><strong>:</strong></span> <span class='ocrx_word' id='word_1_633' title='bbox 3148 4501 3570 4571; x_wconf 79' lang='lat' dir='ltr'><strong>iinpassibilitas</strong></span> <span class='ocrx_word' id='word_1_634' title='bbox 3597 4513 3746 4562; x_wconf 90' lang='lat' dir='ltr'><strong>vero,</strong></span> 
     </span>
    </p>
   </div>
   <div class='ocr_carea' id='block_1_91' title="bbox 471 4573 3749 4664">
    <p class='ocr_par' dir='ltr' id='par_1_91' title="bbox 471 4573 3749 4664">
     <span class='ocr_line' id='line_1_91' title="bbox 471 4573 3749 4664; baseline 0.005 -37"><span class='ocrx_word' id='word_1_635' title='bbox 471 4587 534 4627; x_wconf 74' lang='lat' dir='ltr'><strong>ex</strong></span> <span class='ocrx_word' id='word_1_636' title='bbox 565 4573 915 4645; x_wconf 88' lang='lat' dir='ltr'><strong>negligentia,</strong></span> <span class='ocrx_word' id='word_1_637' title='bbox 949 4585 1003 4632; x_wconf 92' lang='lat' dir='ltr'><strong>et</strong></span> <span class='ocrx_word' id='word_1_638' title='bbox 1041 4592 1108 4633; x_wconf 81' lang='lat' dir='ltr'><strong>ex</strong></span> <span class='ocrx_word' id='word_1_639' title='bbox 1148 4579 1458 4636; x_wconf 86' lang='lat' dir='ltr'><strong>obedientia</strong></span> <span class='ocrx_word' id='word_1_640' title='bbox 1493 4583 1806 4653; x_wconf 89' lang='lat' dir='ltr'><strong>imperfecta</strong></span> <span class='ocrx_word' id='word_1_641' title='bbox 1837 4585 2056 4641; x_wconf 90' lang='lat' dir='ltr'><strong>contin-</strong></span> <span class='ocrx_word' id='word_1_642' title='bbox 2159 4608 2325 4664; x_wconf 86' lang='lat' dir='ltr'><strong>super</strong></span> <span class='ocrx_word' id='word_1_643' title='bbox 2367 4593 2678 4658; x_wconf 82' lang='lat' dir='ltr'><strong>victoriam,</strong></span> <span class='ocrx_word' id='word_1_644' title='bbox 2728 4593 2945 4649; x_wconf 90' lang='lat' dir='ltr'><strong>laudem</strong></span> <span class='ocrx_word' id='word_1_645' title='bbox 2989 4594 3250 4664; x_wconf 86' lang='lat' dir='ltr'><strong>perfecit,</strong></span> <span class='ocrx_word' id='word_1_646' title='bbox 3301 4594 3603 4658; x_wconf 84' lang='lat' dir='ltr'><strong>canticum,</strong></span> <span class='ocrx_word' id='word_1_647' title='bbox 3647 4607 3749 4660; x_wconf 89' lang='lat' dir='ltr'><strong>pro</strong></span> 
     </span>
    </p>
   </div>
   <div class='ocr_carea' id='block_1_92' title="bbox 470 4665 3751 4752">
    <p class='ocr_par' dir='ltr' id='par_1_92' title="bbox 470 4665 3751 4752">
     <span class='ocr_line' id='line_1_92' title="bbox 470 4665 3751 4752; baseline 0.004 -32"><span class='ocrx_word' id='word_1_648' title='bbox 470 4665 567 4736; x_wconf 86' lang='lat' dir='ltr'><strong>git.</strong></span> <span class='ocrx_word' id='word_1_649' title='bbox 623 4665 728 4734; x_wconf 86' lang='lat' dir='ltr'><strong>Qui</strong></span> <span class='ocrx_word' id='word_1_650' title='bbox 778 4685 896 4723; x_wconf 85' lang='lat' dir='ltr'><strong>vero</strong></span> <span class='ocrx_word' id='word_1_651' title='bbox 948 4670 1103 4725; x_wconf 89' lang='lat' dir='ltr'><strong>illum</strong></span> <span class='ocrx_word' id='word_1_652' title='bbox 1158 4673 1213 4727; x_wconf 82' lang='lat' dir='ltr'><strong>in</strong></span> <span class='ocrx_word' id='word_1_653' title='bbox 1266 4674 1442 4728; x_wconf 87' lang='lat' dir='ltr'><strong>cordis</strong></span> <span class='ocrx_word' id='word_1_654' title='bbox 1489 4675 1573 4729; x_wconf 89' lang='lat' dir='ltr'><strong>sui</strong></span> <span class='ocrx_word' id='word_1_655' title='bbox 1612 4678 1828 4732; x_wconf 85' lang='lat' dir='ltr'><strong>latebris</strong></span> <span class='ocrx_word' id='word_1_656' title='bbox 1880 4677 2057 4733; x_wconf 88' lang='lat' dir='ltr'><strong>occul-</strong></span> <span class='ocrx_word' id='word_1_657' title='bbox 2155 4679 2479 4736; x_wconf 87' lang='lat' dir='ltr'><strong>liberatione</strong></span> <span class='ocrx_word' id='word_1_658' title='bbox 2507 4680 2577 4734; x_wconf 89' lang='lat' dir='ltr'><strong>ab</strong></span> <span class='ocrx_word' id='word_1_659' title='bbox 2616 4679 3205 4752; x_wconf 65' lang='lat' dir='ltr'><strong>intelligibiliIEgypto</strong></span> <span class='ocrx_word' id='word_1_660' title='bbox 3237 4680 3470 4751; x_wconf 81' lang='lat' dir='ltr'><strong>peccati,</strong></span> <span class='ocrx_word' id='word_1_661' title='bbox 3507 4680 3562 4734; x_wconf 88' lang='lat' dir='ltr'><strong>in</strong></span> <span class='ocrx_word' id='word_1_662' title='bbox 3612 4680 3751 4734; x_wconf 66' lang='lat' dir='ltr'><strong>lasti-</strong></span> 
     </span>
    </p>
   </div>
   <div class='ocr_carea' id='block_1_93' title="bbox 471 4755 3752 4842">
    <p class='ocr_par' dir='ltr' id='par_1_93' title="bbox 471 4755 3752 4842">
     <span class='ocr_line' id='line_1_93' title="bbox 471 4755 3752 4842; baseline 0.004 -33"><span class='ocrx_word' id='word_1_663' title='bbox 471 4764 570 4820; x_wconf 88' lang='lat' dir='ltr'><strong>tat,</strong></span> <span class='ocrx_word' id='word_1_664' title='bbox 610 4766 717 4811; x_wconf 93' lang='lat' dir='ltr'><strong>etc.</strong></span> <span class='ocrx_word' id='word_1_665' title='bbox 750 4755 1042 4814; x_wconf 90' lang='lat' dir='ltr'><strong>Sciendum</strong></span> <span class='ocrx_word' id='word_1_666' title='bbox 1079 4770 1161 4816; x_wconf 88' lang='lat' dir='ltr'><strong>est</strong></span> <span class='ocrx_word' id='word_1_667' title='bbox 1213 4762 1341 4832; x_wconf 86' lang='lat' dir='ltr'><strong>quia</strong></span> <span class='ocrx_word' id='word_1_668' title='bbox 1392 4779 1499 4820; x_wconf 86' lang='lat' dir='ltr'><strong>non</strong></span> <span class='ocrx_word' id='word_1_669' title='bbox 1547 4765 1798 4822; x_wconf 87' lang='lat' dir='ltr'><strong>confessa</strong></span> <span class='ocrx_word' id='word_1_670' title='bbox 1828 4777 2053 4837; x_wconf 85' lang='lat' dir='ltr'><strong>peccata</strong></span> <span class='ocrx_word' id='word_1_671' title='bbox 2156 4773 2231 4826; x_wconf 84' lang='lat' dir='ltr'><strong>tia</strong></span> <span class='ocrx_word' id='word_1_672' title='bbox 2254 4779 2502 4831; x_wconf 84' lang='lat' dir='ltr'><strong>cantans.</strong></span> <span class='ocrx_word' id='word_1_673' title='bbox 2539 4770 2662 4826; x_wconf 85' lang='lat' dir='ltr'><strong>Vidi</strong></span> <span class='ocrx_word' id='word_1_674' title='bbox 2702 4781 2759 4826; x_wconf 86' lang='lat' dir='ltr'><strong>ut</strong></span> <span class='ocrx_word' id='word_1_675' title='bbox 2794 4773 2870 4826; x_wconf 86' lang='lat' dir='ltr'><strong>ait</strong></span> <span class='ocrx_word' id='word_1_676' title='bbox 2895 4772 3000 4826; x_wconf 83' lang='lat' dir='ltr'><strong>Job</strong></span> <span class='ocrx_word' id='word_1_677' title='bbox 3025 4789 3042 4826; x_wconf 88' lang='lat'><strong><em>:</em></strong></span> <span class='ocrx_word' id='word_1_678' title='bbox 3071 4771 3356 4827; x_wconf 85' lang='lat' dir='ltr'><strong>Habilitati</strong></span> <span class='ocrx_word' id='word_1_679' title='bbox 3383 4779 3439 4827; x_wconf 90' lang='lat' dir='ltr'><strong>et</strong></span> <span class='ocrx_word' id='word_1_680' title='bbox 3466 4770 3752 4842; x_wconf 81' lang='lat' dir='ltr'><strong>illegitime</strong></span> 
     </span>
    </p>
   </div>
   <div class='ocr_carea' id='block_1_94' title="bbox 474 4847 3748 4935">
    <p class='ocr_par' dir='ltr' id='par_1_94' title="bbox 474 4847 3748 4935">
     <span class='ocr_line' id='line_1_94' title="bbox 474 4847 3748 4935; baseline 0.005 -35"><span class='ocrx_word' id='word_1_681' title='bbox 474 4847 594 4901; x_wconf 89' lang='lat' dir='ltr'><strong>sine</strong></span> <span class='ocrx_word' id='word_1_682' title='bbox 644 4848 938 4905; x_wconf 88' lang='lat' dir='ltr'><strong>formidine</strong></span> <span class='ocrx_word' id='word_1_683' title='bbox 991 4859 1047 4906; x_wconf 92' lang='lat' dir='ltr'><strong>et</strong></span> <span class='ocrx_word' id='word_1_684' title='bbox 1104 4853 1300 4909; x_wconf 89' lang='lat' dir='ltr'><strong>timore</strong></span> <span class='ocrx_word' id='word_1_685' title='bbox 1349 4865 1604 4926; x_wconf 83' lang='lat' dir='ltr'><strong>aguntur.</strong></span> <span class='ocrx_word' id='word_1_686' title='bbox 1639 4856 1872 4914; x_wconf 80' lang='lat' dir='ltr'><strong>Auferre</strong></span> <span class='ocrx_word' id='word_1_687' title='bbox 1921 4875 2053 4931; x_wconf 88' lang='lat' dir='ltr'><strong>ergo</strong></span> <span class='ocrx_word' id='word_1_688' title='bbox 2156 4863 2416 4929; x_wconf 89' lang='lat' dir='ltr'><strong>naturali,</strong></span> <span class='ocrx_word' id='word_1_689' title='bbox 2438 4871 2492 4918; x_wconf 90' lang='lat' dir='ltr'><strong>et</strong></span> <span class='ocrx_word' id='word_1_690' title='bbox 2519 4863 2842 4920; x_wconf 77' lang='lat' dir='ltr'><strong>extrinseca:</strong></span> <span class='ocrx_word' id='word_1_691' title='bbox 2879 4864 3264 4935; x_wconf 88' lang='lat' dir='ltr'><strong>compositioni</strong></span> <span class='ocrx_word' id='word_1_692' title='bbox 3287 4879 3528 4928; x_wconf 88' lang='lat' dir='ltr'><strong>morum,</strong></span> <span class='ocrx_word' id='word_1_693' title='bbox 3560 4874 3614 4917; x_wconf 92' lang='lat' dir='ltr'><strong>et</strong></span> <span class='ocrx_word' id='word_1_694' title='bbox 3644 4878 3748 4928; x_wconf 86' lang='lat' dir='ltr'><strong>ap—</strong></span> 
     </span>
    </p>
   </div>
   <div class='ocr_carea' id='block_1_95' title="bbox 468 4937 2030 5020">
    <p class='ocr_par' dir='ltr' id='par_1_95' title="bbox 468 4937 2030 5020">
     <span class='ocr_line' id='line_1_95' title="bbox 468 4937 2030 5020; baseline 0.009 -29"><span class='ocrx_word' id='word_1_695' title='bbox 468 4937 837 4995; x_wconf 89' lang='lat' dir='ltr'><strong>confessionis</strong></span> <span class='ocrx_word' id='word_1_696' title='bbox 883 4943 1306 5009; x_wconf 86' lang='lat' dir='ltr'><strong>conscientiam,</strong></span> <span class='ocrx_word' id='word_1_697' title='bbox 1341 4956 1424 5000; x_wconf 88' lang='lat' dir='ltr'><strong>est</strong></span> <span class='ocrx_word' id='word_1_698' title='bbox 1457 4948 1671 5018; x_wconf 87' lang='lat' dir='ltr'><strong>aperire</strong></span> <span class='ocrx_word' id='word_1_699' title='bbox 1699 4951 1940 5019; x_wconf 86' lang='lat' dir='ltr'><strong>peccatis</strong></span> <span class='ocrx_word' id='word_1_700' title='bbox 1962 4950 2030 5020; x_wconf 87' lang='lat' dir='ltr'><strong>ja-</strong></span> 
     </span>
    </p>
   </div>
   <div class='ocr_carea' id='block_1_96' title="bbox 468 5032 2045 5111">
    <p class='ocr_par' dir='ltr' id='par_1_96' title="bbox 468 5032 2045 5111">
     <span class='ocr_line' id='line_1_96' title="bbox 468 5032 2045 5111; baseline 0.008 -28"><span class='ocrx_word' id='word_1_701' title='bbox 468 5045 654 5096; x_wconf 86' lang='lat' dir='ltr'><strong>nuam,</strong></span> <span class='ocrx_word' id='word_1_702' title='bbox 698 5041 751 5086; x_wconf 86' lang='lat' dir='ltr'><strong>et</strong></span> <span class='ocrx_word' id='word_1_703' title='bbox 796 5032 1047 5088; x_wconf 71' lang='lat' dir='ltr'><strong>haeresim</strong></span> <span class='ocrx_word' id='word_1_704' title='bbox 1100 5036 1392 5092; x_wconf 88' lang='lat' dir='ltr'><strong>seminare.</strong></span> <span class='ocrx_word' id='word_1_705' title='bbox 1429 5037 1562 5092; x_wconf 82' lang='lat' dir='ltr'><strong>Cum</strong></span> <span class='ocrx_word' id='word_1_706' title='bbox 1590 5039 1634 5093; x_wconf 84' lang='lat' dir='ltr'><strong>is</strong></span> <span class='ocrx_word' id='word_1_707' title='bbox 1666 5040 1758 5109; x_wconf 87' lang='lat' dir='ltr'><strong>qui</strong></span> <span class='ocrx_word' id='word_1_708' title='bbox 1779 5041 2045 5111; x_wconf 84' lang='lat' dir='ltr'><strong>subjectus</strong></span> 
     </span>
    </p>
   </div>
   <div class='ocr_carea' id='block_1_97' title="bbox 463 5124 2046 5200">
    <p class='ocr_par' dir='ltr' id='par_1_97' title="bbox 463 5124 2046 5200">
     <span class='ocr_line' id='line_1_97' title="bbox 463 5124 2046 5200; baseline 0.009 -24"><span class='ocrx_word' id='word_1_709' title='bbox 463 5134 562 5190; x_wconf 65' lang='lat' dir='ltr'><strong>est,</strong></span> <span class='ocrx_word' id='word_1_710' title='bbox 607 5124 740 5179; x_wconf 84' lang='lat' dir='ltr'><strong>duos</strong></span> <span class='ocrx_word' id='word_1_711' title='bbox 779 5128 998 5181; x_wconf 83' lang='lat' dir='ltr'><strong>evaserit</strong></span> <span class='ocrx_word' id='word_1_712' title='bbox 1055 5129 1266 5200; x_wconf 83' lang='lat' dir='ltr'><strong>laqueos</strong></span> <span class='ocrx_word' id='word_1_713' title='bbox 1299 5129 1460 5186; x_wconf 88' lang='lat' dir='ltr'><strong>:Duo</strong></span> <span class='ocrx_word' id='word_1_714' title='bbox 1502 5132 1627 5198; x_wconf 84' lang='lat' dir='ltr'><strong>ista,</strong></span> <span class='ocrx_word' id='word_1_715' title='bbox 1676 5132 1807 5189; x_wconf 90' lang='lat' dir='ltr'><strong>dicit</strong></span> <span class='ocrx_word' id='word_1_716' title='bbox 1856 5134 2046 5190; x_wconf 81' lang='lat' dir='ltr'><strong>inobe-</strong></span> 
     </span>
    </p>
   </div>
   <div class='ocr_carea' id='block_1_98' title="bbox 464 5215 2046 5282">
    <p class='ocr_par' dir='ltr' id='par_1_98' title="bbox 464 5215 2046 5282">
     <span class='ocr_line' id='line_1_98' title="bbox 464 5215 2046 5282; baseline 0.009 -13"><span class='ocrx_word' id='word_1_717' title='bbox 464 5215 728 5271; x_wconf 80' lang='lat' dir='ltr'><strong>dien’tiam</strong></span> <span class='ocrx_word' id='word_1_718' title='bbox 764 5231 817 5274; x_wconf 90' lang='lat' dir='ltr'><strong>et</strong></span> <span class='ocrx_word' id='word_1_719' title='bbox 851 5218 1163 5277; x_wconf 84' lang='lat' dir='ltr'><strong>elationem.</strong></span> <span class='ocrx_word' id='word_1_720' title='bbox 1215 5221 1418 5278; x_wconf 69' lang='lat' dir='ltr'><strong>Praeter</strong></span> <span class='ocrx_word' id='word_1_721' title='bbox 1448 5241 1645 5280; x_wconf 80' lang='lat' dir='ltr'><strong>morem</strong></span> <span class='ocrx_word' id='word_1_722' title='bbox 1677 5225 1895 5280; x_wconf 86' lang='lat' dir='ltr'><strong>solitum</strong></span> <span class='ocrx_word' id='word_1_723' title='bbox 1929 5237 2046 5282; x_wconf 87' lang='lat' dir='ltr'><strong>tur-</strong></span> 
     </span>
    </p>
   </div>
   <div class='ocr_carea' id='block_1_99' title="bbox 464 5308 2046 5382">
    <p class='ocr_par' dir='ltr' id='par_1_99' title="bbox 464 5308 2046 5382">
     <span class='ocr_line' id='line_1_99' title="bbox 464 5308 2046 5382; baseline 0.009 -22"><span class='ocrx_word' id='word_1_724' title='bbox 464 5308 701 5364; x_wconf 81' lang='lat' dir='ltr'><strong>bulentos</strong></span> <span class='ocrx_word' id='word_1_725' title='bbox 729 5327 748 5366; x_wconf 88' lang='lat'><strong><em>:</em></strong></span> <span class='ocrx_word' id='word_1_726' title='bbox 778 5311 828 5366; x_wconf 83' lang='lat' dir='ltr'><strong>id</strong></span> <span class='ocrx_word' id='word_1_727' title='bbox 860 5321 944 5366; x_wconf 91' lang='lat' dir='ltr'><strong>est</strong></span> <span class='ocrx_word' id='word_1_728' title='bbox 969 5313 1063 5382; x_wconf 92' lang='lat' dir='ltr'><strong>qui</strong></span> <span class='ocrx_word' id='word_1_729' title='bbox 1094 5312 1252 5368; x_wconf 87' lang='lat' dir='ltr'><strong>facile</strong></span> <span class='ocrx_word' id='word_1_730' title='bbox 1277 5323 1595 5374; x_wconf 73' lang='lat' dir='ltr'><strong>moveantur</strong></span> <span class='ocrx_word' id='word_1_731' title='bbox 1620 5319 1687 5372; x_wconf 89' lang='lat' dir='ltr'><strong>ad</strong></span> <span class='ocrx_word' id='word_1_732' title='bbox 1719 5317 1961 5376; x_wconf 86' lang='lat' dir='ltr'><strong>furorem</strong></span> <span class='ocrx_word' id='word_1_733' title='bbox 1991 5331 2046 5377; x_wconf 92' lang='lat' dir='ltr'><strong>et</strong></span> 
     </span>
    </p>
   </div>
   <div class='ocr_carea' id='block_1_100' title="bbox 466 5401 2045 5482">
    <p class='ocr_par' dir='ltr' id='par_1_100' title="bbox 466 5401 2045 5482">
     <span class='ocr_line' id='line_1_100' title="bbox 466 5401 2045 5482; baseline 0.012 -30"><span class='ocrx_word' id='word_1_734' title='bbox 466 5401 628 5471; x_wconf 80' lang='lat' dir='ltr'><strong>iram,</strong></span> <span class='ocrx_word' id='word_1_735' title='bbox 662 5414 837 5460; x_wconf 77' lang='lat' dir='ltr'><strong>instar</strong></span> <span class='ocrx_word' id='word_1_736' title='bbox 875 5405 1171 5461; x_wconf 90' lang='lat' dir='ltr'><strong>molendini</strong></span> <span class='ocrx_word' id='word_1_737' title='bbox 1200 5410 1347 5476; x_wconf 83' lang='lat' dir='ltr'><strong>quod</strong></span> <span class='ocrx_word' id='word_1_738' title='bbox 1395 5409 1448 5462; x_wconf 91' lang='lat' dir='ltr'><strong>vi</strong></span> <span class='ocrx_word' id='word_1_739' title='bbox 1491 5419 1622 5466; x_wconf 70' lang='lat' dir='ltr'><strong>rota:</strong></span> <span class='ocrx_word' id='word_1_740' title='bbox 1652 5422 1705 5468; x_wconf 87' lang='lat' dir='ltr'><strong>et</strong></span> <span class='ocrx_word' id='word_1_741' title='bbox 1733 5427 1888 5482; x_wconf 74' lang='lat' dir='ltr'><strong>aqum</strong></span> <span class='ocrx_word' id='word_1_742' title='bbox 1926 5430 2045 5470; x_wconf 89' lang='lat' dir='ltr'><strong>mo-</strong></span> 
     </span>
    </p>
   </div>
   <div class='ocr_carea' id='block_1_101' title="bbox 532 5603 1567 5681">
    <p class='ocr_par' dir='ltr' id='par_1_101' title="bbox 532 5603 1567 5681">
     <span class='ocr_line' id='line_1_101' title="bbox 532 5603 1567 5681; baseline 0.007 -22"><span class='ocrx_word' id='word_1_743' title='bbox 532 5606 577 5636; x_wconf 80' lang='lat'>&quot;</span> <span class='ocrx_word' id='word_1_744' title='bbox 603 5603 760 5660; x_wconf 84' lang='lat' dir='ltr'><strong>.loan.</strong></span> <span class='ocrx_word' id='word_1_745' title='bbox 796 5622 869 5673; x_wconf 73' lang='grc' dir='ltr'><strong>γι,</strong></span> <span class='ocrx_word' id='word_1_746' title='bbox 901 5605 989 5664; x_wconf 84' lang='lat'><strong>6|.</strong></span> <span class='ocrx_word' id='word_1_747' title='bbox 1067 5609 1110 5640; x_wconf 80' lang='lat'><strong>“</strong></span> <span class='ocrx_word' id='word_1_748' title='bbox 1133 5609 1276 5665; x_wconf 87' lang='lat' dir='ltr'><strong>Psal.</strong></span> <span class='ocrx_word' id='word_1_749' title='bbox 1301 5626 1486 5681; x_wconf 71' lang='grc' dir='ltr'><strong>ιικγι,</strong></span> <span class='ocrx_word' id='word_1_750' title='bbox 1514 5611 1567 5668; x_wconf 85' lang='grc'><strong>5.</strong></span> 
     </span>
    </p>
   </div>
   <div class='ocr_carea' id='block_1_102' title="bbox 534 5778 1350 5851">
    <p class='ocr_par' dir='ltr' id='par_1_102' title="bbox 534 5778 1350 5851">
     <span class='ocr_line' id='line_1_102' title="bbox 534 5778 1350 5851; baseline 0.016 -17"><span class='ocrx_word' id='word_1_751' title='bbox 534 5778 645 5851; x_wconf 85' lang='lat' dir='ltr'><strong>(l6)</strong></span> <span class='ocrx_word' id='word_1_752' title='bbox 673 5781 758 5836; x_wconf 79' lang='lat' dir='ltr'><strong>At.</strong></span> <span class='ocrx_word' id='word_1_753' title='bbox 783 5784 998 5841; x_wconf 82' lang='lat' dir='ltr'><strong>concuti</strong></span> <span class='ocrx_word' id='word_1_754' title='bbox 1029 5793 1081 5842; x_wconf 90' lang='lat' dir='ltr'><strong>et</strong></span> <span class='ocrx_word' id='word_1_755' title='bbox 1122 5786 1350 5847; x_wconf 73' lang='lat' dir='ltr'><strong>turbari.</strong></span> 
     </span>
    </p>
   </div>
   <div class='ocr_carea' id='block_1_103' title="bbox 2152 4951 3746 5024">
    <p class='ocr_par' dir='ltr' id='par_1_103' title="bbox 2152 4951 3746 5024">
     <span class='ocr_line' id='line_1_103' title="bbox 2152 4951 3746 5024; baseline -0.002 -17"><span class='ocrx_word' id='word_1_756' title='bbox 2152 4951 2412 5023; x_wconf 76' lang='lat' dir='ltr'><strong>parentia:</strong></span> <span class='ocrx_word' id='word_1_757' title='bbox 2461 4952 2600 5008; x_wconf 67' lang='lat' dir='ltr'><strong>fictae</strong></span> <span class='ocrx_word' id='word_1_758' title='bbox 2637 4954 2964 5020; x_wconf 80' lang='lat' dir='ltr'><strong>honestatis,</strong></span> <span class='ocrx_word' id='word_1_759' title='bbox 3011 4955 3213 5024; x_wconf 89' lang='lat' dir='ltr'><strong>quibus</strong></span> <span class='ocrx_word' id='word_1_760' title='bbox 3263 4956 3510 5010; x_wconf 86' lang='lat' dir='ltr'><strong>occurrit</strong></span> <span class='ocrx_word' id='word_1_761' title='bbox 3559 4954 3746 5014; x_wconf 83' lang='lat' dir='ltr'><strong>turba,</strong></span> 
     </span>
    </p>
   </div>
   <div class='ocr_carea' id='block_1_104' title="bbox 2154 5043 3747 5116">
    <p class='ocr_par' dir='ltr' id='par_1_104' title="bbox 2154 5043 3747 5116">
     <span class='ocr_line' id='line_1_104' title="bbox 2154 5043 3747 5116; baseline -0.001 -18"><span class='ocrx_word' id='word_1_762' title='bbox 2154 5043 2379 5098; x_wconf 64' lang='lat' dir='ltr'><strong>malitiae</strong></span> <span class='ocrx_word' id='word_1_763' title='bbox 2423 5045 2661 5101; x_wconf 88' lang='lat' dir='ltr'><strong>varietas</strong></span> <span class='ocrx_word' id='word_1_764' title='bbox 2703 5047 2867 5101; x_wconf 89' lang='lat' dir='ltr'><strong>habet</strong></span> <span class='ocrx_word' id='word_1_765' title='bbox 2905 5055 3158 5102; x_wconf 89' lang='lat' dir='ltr'><strong>naturam</strong></span> <span class='ocrx_word' id='word_1_766' title='bbox 3199 5045 3471 5116; x_wconf 86' lang='lat' dir='ltr'><strong>colligari.</strong></span> <span class='ocrx_word' id='word_1_767' title='bbox 3521 5043 3747 5112; x_wconf 62' lang='lat' dir='ltr'><strong>Turhm,</strong></span> 
     </span>
    </p>
   </div>
   <div class='ocr_carea' id='block_1_105' title="bbox 2153 5137 3748 5210">
    <p class='ocr_par' dir='ltr' id='par_1_105' title="bbox 2153 5137 3748 5210">
     <span class='ocr_line' id='line_1_105' title="bbox 2153 5137 3748 5210; baseline -0.001 -19"><span class='ocrx_word' id='word_1_768' title='bbox 2153 5137 2298 5207; x_wconf 83' lang='lat' dir='ltr'><strong>quod</strong></span> <span class='ocrx_word' id='word_1_769' title='bbox 2336 5145 2559 5208; x_wconf 86' lang='lat' dir='ltr'><strong>apparet</strong></span> <span class='ocrx_word' id='word_1_770' title='bbox 2587 5138 2788 5194; x_wconf 81' lang='lat' dir='ltr'><strong>humile</strong></span> <span class='ocrx_word' id='word_1_771' title='bbox 2825 5139 3334 5210; x_wconf 51' lang='lat' dir='ltr'><strong>etzmorigeratum,</strong></span> <span class='ocrx_word' id='word_1_772' title='bbox 3378 5147 3436 5192; x_wconf 86' lang='lat' dir='ltr'><strong>et</strong></span> <span class='ocrx_word' id='word_1_773' title='bbox 3462 5137 3748 5207; x_wconf 83' lang='lat' dir='ltr'><strong>composi-</strong></span> 
     </span>
    </p>
   </div>
   <div class='ocr_carea' id='block_1_106' title="bbox 2155 5233 3748 5304">
    <p class='ocr_par' dir='ltr' id='par_1_106' title="bbox 2155 5233 3748 5304">
     <span class='ocr_line' id='line_1_106' title="bbox 2155 5233 3748 5304; baseline -0.001 -15"><span class='ocrx_word' id='word_1_774' title='bbox 2155 5243 2268 5289; x_wconf 87' lang='lat' dir='ltr'><strong>tum</strong></span> <span class='ocrx_word' id='word_1_775' title='bbox 2295 5235 2597 5290; x_wconf 87' lang='lat' dir='ltr'><strong>secundum</strong></span> <span class='ocrx_word' id='word_1_776' title='bbox 2626 5233 2844 5299; x_wconf 59' lang='lat' dir='ltr'><strong>hciem,</strong></span> <span class='ocrx_word' id='word_1_777' title='bbox 2878 5236 3166 5292; x_wconf 82' lang='lat' dir='ltr'><strong>nominant</strong></span> <span class='ocrx_word' id='word_1_778' title='bbox 3191 5243 3246 5290; x_wconf 92' lang='lat' dir='ltr'><strong>et</strong></span> <span class='ocrx_word' id='word_1_779' title='bbox 3276 5235 3549 5290; x_wconf 82' lang='lat' dir='ltr'><strong>extollunt</strong></span> <span class='ocrx_word' id='word_1_780' title='bbox 3577 5253 3588 5288; x_wconf 93' lang='lat'><strong>:</strong></span> <span class='ocrx_word' id='word_1_781' title='bbox 3614 5246 3748 5304; x_wconf 81' lang='lat' dir='ltr'><strong>pro-</strong></span> 
     </span>
    </p>
   </div>
   <div class='ocr_carea' id='block_1_107' title="bbox 2161 5327 3743 5400">
    <p class='ocr_par' dir='ltr' id='par_1_107' title="bbox 2161 5327 3743 5400">
     <span class='ocr_line' id='line_1_107' title="bbox 2161 5327 3743 5400; baseline -0.003 -19"><span class='ocrx_word' id='word_1_782' title='bbox 2161 5338 2281 5396; x_wconf 89' lang='lat' dir='ltr'><strong>pter</strong></span> <span class='ocrx_word' id='word_1_783' title='bbox 2306 5342 2426 5395; x_wconf 75' lang='lat' dir='ltr'><strong>qua:</strong></span> <span class='ocrx_word' id='word_1_784' title='bbox 2465 5328 2685 5398; x_wconf 88' lang='lat' dir='ltr'><strong>superbi</strong></span> <span class='ocrx_word' id='word_1_785' title='bbox 2723 5329 3038 5400; x_wconf 64' lang='lat' dir='ltr'><strong>hypocrita,</strong></span> <span class='ocrx_word' id='word_1_786' title='bbox 3070 5337 3126 5383; x_wconf 91' lang='lat' dir='ltr'><strong>et</strong></span> <span class='ocrx_word' id='word_1_787' title='bbox 3153 5327 3393 5383; x_wconf 86' lang='lat' dir='ltr'><strong>animosi</strong></span> <span class='ocrx_word' id='word_1_788' title='bbox 3423 5327 3579 5400; x_wconf 88' lang='lat' dir='ltr'><strong>(dicit</strong></span> <span class='ocrx_word' id='word_1_789' title='bbox 3611 5340 3743 5380; x_wconf 86' lang='lat' dir='ltr'><strong>san-</strong></span> 
     </span>
    </p>
   </div>
   <div class='ocr_carea' id='block_1_108' title="bbox 2151 5421 3741 5493">
    <p class='ocr_par' dir='ltr' id='par_1_108' title="bbox 2151 5421 3741 5493">
     <span class='ocr_line' id='line_1_108' title="bbox 2151 5421 3741 5493; baseline -0.004 -17"><span class='ocrx_word' id='word_1_790' title='bbox 2151 5421 2296 5493; x_wconf 88' lang='lat' dir='ltr'><strong>ctus)</strong></span> <span class='ocrx_word' id='word_1_791' title='bbox 2329 5437 2391 5477; x_wconf 82' lang='lat' dir='ltr'><strong>ex</strong></span> <span class='ocrx_word' id='word_1_792' title='bbox 2420 5421 2675 5479; x_wconf 87' lang='lat' dir='ltr'><strong>laudibus</strong></span> <span class='ocrx_word' id='word_1_793' title='bbox 2711 5432 2767 5479; x_wconf 88' lang='lat' dir='ltr'><strong>et</strong></span> <span class='ocrx_word' id='word_1_794' title='bbox 2800 5422 3035 5480; x_wconf 82' lang='lat' dir='ltr'><strong>elatione</strong></span> <span class='ocrx_word' id='word_1_795' title='bbox 3067 5430 3536 5492; x_wconf 82' lang='lat' dir='ltr'><strong>compunguntur,</strong></span> <span class='ocrx_word' id='word_1_796' title='bbox 3565 5429 3620 5475; x_wconf 88' lang='lat' dir='ltr'><strong>et</strong></span> <span class='ocrx_word' id='word_1_797' title='bbox 3643 5432 3741 5490; x_wconf 84' lang='lat' dir='ltr'><strong>pa-</strong></span> 
     </span>
    </p>
   </div>
  </div>
