4030 6410
315 304 459 373 I225

1460 293 1782 357 SCI-IOLIA
1816 291 1899 353 IN
1943 288 2356 352 CLIMACUM.

3459 283 3595 348 1226

311 401 469 454 riunt
514 397 805 469 laerymas.
846 392 979 461 Quae
1030 390 1410 453 considerans,
1454 402 1621 458 quam
1668 383 1906 440 maxime
1934 393 1978 450 Α
2011 391 2120 439 tate
2153 383 2246 439 sed
2287 381 2504 448 vitiose,
2545 393 2667 452 quae
2697 392 2793 433 sua
2832 387 2959 435 sunt
3005 376 3146 434 male
3174 387 3445 448 qmerunt,
3483 394 3591 433 non

254 525 260 529 -
312 490 595 564 sapienter
622 498 678 544 et
705 491 872 556 clare,
901 486 1059 541 Pater
1094 485 1214 550 iste,
1249 482 1454 537 variam
1486 494 1611 535 esse
1641 475 1902 533 malitiam

313 578 722 636 determinavit.
757 576 902 631 Sane
946 575 1133 628 tardus
1167 572 1292 643 quis
1336 580 1390 625 et
1437 567 1717 638 negligens
1758 565 1906 621 exsi-

314 683 492 736 stens,
536 679 631 725 aut
675 671 730 724 in
777 669 961 739 aliquo
997 664 1367 736 corporalium
1422 659 1746 716 naturaliter
1787 658 1906 712 ido-

315 776 457 816 neus
485 774 774 830 apparens,
815 755 1149 827 complacuit
1197 750 1408 814 multis,
1457 759 1512 804 et
1551 748 1618 803 de
1645 747 1910 817 gravitate

315 869 536 908 morum
573 862 626 906 et
666 852 954 906 honestate
999 848 1255 902 laudatus
1286 853 1409 898 est:
1447 838 1908 912 quemadmodum

316 947 376 1002 in
433 945 618 1016 aliquo
670 937 1226 1014 eorporallum,facie
1269 946 1459 999 tenus,
1507 932 1634 1004 quis
1682 931 1912 986 idoneus

316 1037 648 1094 naturaliter
709 1049 1022 1106 apparens,
1078 1027 1412 1100 complacuit
1464 1026 1670 1081 multis.
1727 1023 1914 1094 itaque

317 1133 649 1204 plerumque
684 1127 958 1184 naturalis
988 1122 1310 1182 sufﬁcientia
1338 1130 1428 1176 aut
1461 1118 1770 1183 diminutio,
1805 1118 1910 1172 vir-

318 1235 415 1284 tus
448 1225 645 1280 animae
672 1229 922 1292 reputat:
942 1229 1025 1274 est
1057 1236 1071 1274 :
1101 1215 1370 1272 remissus
1395 1221 1449 1268 et
1478 1212 1737 1276 insolens,
1767 1209 1917 1264 ruitis

318 1328 377 1375 et
419 1317 785 1382 inordinatus,
831 1323 885 1370 et
921 1327 987 1368 ea
1016 1325 1139 1383 quae
1179 1316 1310 1364 sunt
1350 1305 1578 1376 spiritus
1623 1304 1910 1366 deserens,

320 1411 619 1476 sollicitus,
666 1407 947 1463 acidiosus
1009 1413 1064 1459 et
1103 1387 1280 1457 tristis
1357 1406 1562 1460 orator,
1630 1396 1918 1466 linguosus

321 1516 379 1560 et
407 1518 581 1558 vanus
610 1520 625 1557 :
661 1501 973 1576 animarum
1003 1497 1244 1553 salvator
1271 1510 1286 1547 :
1321 1507 1352 1547 a
1381 1488 1670 1548 daemoniis
1700 1488 1916 1553 illusus,

321 1595 750 1666 contemplator,
799 1601 854 1648 et
903 1590 1217 1646 futurorum
1263 1584 1518 1656 provisor
1565 1590 1650 1638 est
1698 1580 1917 1635 habitus

322 1691 473 1763 apud
506 1690 678 1761 ipsos,
730 1686 826 1756 qui
857 1684 1004 1756 quod
1041 1691 1250 1738 rectum
1287 1687 1342 1734 et
1383 1676 1642 1748 vitiosum
1687 1681 1774 1728 est
1811 1671 1919 1727 dis-

323 1798 555 1842 cernere
606 1779 884 1837 nesciunt.
926 1776 1195 1832 Nimirum
1236 1772 1386 1844 (quia
1424 1769 1665 1826 exsultat
1707 1767 1760 1820 in
1799 1766 1922 1820 lau-
1953 1750 1996 1806 Β

327 1877 518 1948 dibus)
564 1890 744 1932 caecus
788 1873 1004 1945 ignorat
1049 1870 1315 1940 seipsum,
1349 1874 1404 1921 et
1433 1872 1580 1920 errat
1609 1881 1624 1916 :
1653 1861 1792 1916 falso
1830 1859 1924 1931 ju-

330 1969 480 2026 dicia
512 1968 809 2026 multorum
857 1962 1171 2028 attendens,
1201 1959 1444 2015 animam
1491 1969 1561 2011 ex
1599 1953 1833 2010 elatione
1872 1960 1929 2007 et

341 2061 594 2120 vanitate
622 2065 975 2132 compunget,
1006 2064 1061 2110 et
1089 2053 1284 2109 dolens
1314 2055 1646 2112 conteretur,
1674 2053 1728 2100 et
1753 2045 1929 2115 lacry-

338 2169 468 2212 mas
487 2153 679 2226 pariet.
723 2149 904 2220 Quare
933 2146 1096 2204 Pater
1125 2143 1391 2200 malitiam
1423 2140 1506 2196 sie
1529 2135 1926 2193 multiformem

334 2257 397 2306 et
427 2249 630 2302 variam
671 2259 792 2302 esse
840 2243 1094 2298 miratur.
1131 2237 1239 2304 Qui
1281 2234 1383 2290 sibi
1411 2233 1516 2303 ipsi
1547 2231 1777 2286 latenter
1811 2243 1930 2298 per-

329 2341 514 2397 suasit
549 2338 799 2394 latenter.
854 2335 913 2390 ln
961 2332 1128 2390 corde
1167 2330 1290 2403 (ait)
1341 2327 1548 2382 bonum
1586 2321 1930 2395 propositum

339 2434 565 2488 firmare
615 2430 797 2494 stude,
840 2437 896 2482 et
928 2442 1034 2481 non
1079 2420 1388 2495 pompatice
1421 2425 1476 2473 et
1504 2421 1830 2487 apparenter
1868 2425 1933 2468 os

341 2525 646 2590 dilatando,
681 2521 948 2594 loquaris.
993 2518 1099 2587 Qui
1135 2516 1281 2571 enim
1322 2524 1590 2584 pompose
1631 2521 1691 2563 se
1723 2505 1932 2572 laudat,

342 2618 482 2675 etin
511 2634 570 2674 se
599 2618 718 2688 ipso
754 2613 980 2672 confidit
1008 2619 1063 2667 et
1102 2609 1395 2681 gloriatur,
1439 2604 1716 2660 relaxatus
1753 2614 1786 2654 a
1823 2597 1936 2653 Do-

337 2717 494 2770 mino
520 2713 817 2784 castigatur
848 2710 1004 2781 lapsu
1031 2726 1045 2764 :
1078 2703 1176 2762 sed
1201 2715 1352 2760 mors
1381 2699 1582 2755 animae
1605 2695 1756 2752 mille
1781 2709 1936 2750 mor-

337 2808 488 2864 tibus
519 2807 676 2879 pejor
716 2803 954 2861 exsistit.
987 2799 1046 2857 Si
1094 2813 1226 2868 ergo
1270 2810 1422 2851 mors
1462 2791 1606 2862 ejus,
1645 2795 1933 2861 peccatum

336 2913 452 2968 est,
479 2911 686 2973 quanta
710 2899 896 2971 vigilia
918 2905 972 2953 et
1002 2892 1317 2952 sollicitudo
1340 2888 1500 2944 nobis
1525 2885 1790 2941 adversus
1814 2895 1938 2952 pec-

334 2970 527 3051 catum
558 2970 872 3048 necessaria
895 2995 980 3043 est
1011 3003 1026 3040 :
1056 2984 1246 3055 igitur,
1269 2980 1362 3050 qui
1388 2976 1543 3032 novit
1573 2974 1711 3040 haec,
1752 2970 1937 3027 humi-

2010 493 2131 547 quae
2163 475 2290 531 Jesu
2335 474 2562 531 Christi.
2616 472 2870 543 Sibiipsis
2918 472 3224 539 attendant,
3268 472 3398 542 quia
3447 471 3594 526 aliud

2010 584 2095 630 est
2123 573 2270 648 quod
2300 588 2512 638 sumus,
2551 571 2698 626 aliud
2737 586 2858 639 qua:
2897 578 3026 625 sunt
3066 577 3273 631 nostra,
3299 569 3446 624 aliud
3475 585 3597 638 qua:

2011 668 2156 722 circa
2195 681 2315 730 nos,
2357 666 2503 721 aliud
2535 681 2657 735 qua:
2695 674 2848 720 extra
2891 678 3014 728 nos,
3056 674 3110 718 et
3138 662 3286 717 aliud
3313 677 3436 736 quae
3468 677 3599 715 cou-

2017 770 2100 816 tra
2136 775 2254 815 nos.
2308 757 2553 828 Plerique
2592 774 2658 813 ea;
2702 758 3056 812 obedientium
3081 773 3251 827 grege,
3301 767 3409 810 etc.
3451 755 3600 808 Nun~

2016 868 2180 924 quam
2211 851 2482 922 suscipias
2509 867 2636 907 eum
2664 852 2757 919 qui
2783 851 2880 905 tibi
2905 851 3160 907 subditus
3191 864 3296 914 εει,
3327 849 3598 902 dicentem

2014 947 2111 1026 tibi
2151 964 2164 1000 ε
2203 947 2282 1000 ita
2315 945 2448 1001 mihi
2477 945 2754 1001 licentiam
2782 955 2837 999 et
2853 951 3174 1014 potestatem
3195 942 3261 998 ad
3288 942 3450 998 talem
3473 956 3603 1012 0pc—

2015 1042 2284 1098 rationem
2311 1040 2395 1096 vel
2432 1040 2692 1096 virtutem
2719 1039 3146 1110 exsequendam,
3177 1047 3231 1094 et
3263 1055 3274 1090 :
3311 1035 3388 1092 lta
3421 1051 3510 1092 me
3534 1036 3602 1091 ad

2017 1135 2068 1190 id
2097 1135 2246 1206 quod
2291 1131 2574 1204 spirituale
2614 1140 2700 1190 est
2741 1132 2994 1202 permitte
3028 1131 3286 1202 dirigere.
3337 1129 3473 1186 Nam
3508 1129 3603 1199 qui

2020 1229 2091 1283 ita
2135 1227 2286 1293 dicit,
2335 1225 2684 1282 manifestum
2727 1233 2813 1282 est
2870 1226 2997 1296 quia
3037 1225 3298 1281 seductus
3327 1224 3603 1294 propriam

2019 1320 2247 1392 perfecit
2288 1321 2650 1383 voluntatem,
2690 1329 2747 1375 et
2782 1319 3002 1389 optimae
3045 1318 3371 1373 obedientia:
3399 1315 3605 1373 foedera

2020 1413 2253 1484 Spernit,
2279 1420 2335 1468 et
2359 1411 2622 1482 deceptus
2661 1419 2718 1466 et
2748 1410 2963 1475 illusus,
3001 1409 3254 1464 meritum
3285 1409 3609 1465 obedientia:

2022 1520 2208 1564 coram
2242 1504 2354 1560 Deo
2394 1504 2611 1575 perdit:
2643 1502 2782 1559 Sunt
2814 1504 2906 1573 qui
2945 1511 3185 1571 suscepto
3225 1503 3467 1570 imperio,
3499 1511 3606 1555 etc.

2023 1597 2230 1653 Horum
2262 1597 2664 1667 unusquisque,
2707 1595 2763 1650 in
2801 1594 3024 1666 proprio
3059 1602 3326 1664 tempore,
3366 1593 3614 1648 laudabi-

2027 1691 2098 1748 lis
2145 1699 2247 1748 est.
2307 1690 2441 1746 Nam
2494 1689 2789 1756 secundus,
2831 1688 2989 1759 juxta
3046 1688 3264 1744 initium
3315 1688 3617 1758 disciplinae

2031 1784 2446 1842 introductoria‘.
2493 1783 2564 1838 ad
2598 1783 2854 1847 virtutes,
2904 1781 3106 1838 melius
3158 1780 3307 1847 facit,
3354 1781 3618 1836 obedieus

2031 1879 2409 1936 inconstanter
2438 1895 2452 1932 :
2480 1877 2664 1932 adhuc
2693 1876 2841 1932 enim
2867 1890 2933 1931 ex
2967 1875 3164 1931 ordine
3207 1874 3618 1946 probandorum

2031 1981 2135 2029 est.
2177 1971 2398 2028 Primus
2440 1985 2592 2040 vero,
2629 1969 2759 2042 quia
2799 1969 2912 2040 jam
2949 1967 3273 2040 perfectioni
3320 1966 3620 2039 appropin-

2034 2075 2187 2137 quat,
2249 2074 2306 2122 et
2352 2073 2598 2137 tempore
2647 2065 2812 2136 longo
2865 2062 3196 2118 obedientiae
3249 2061 3622 2117 ostensionem

2035 2159 2307 2226 exhibuit,
2338 2159 2674 2215 voluntatem
2705 2157 2884 2213 Patris
2912 2156 3176 2219 sentiens,
3214 2153 3487 2212 benefacit
3512 2169 3622 2209 non

2037 2246 2244 2304 faciens
2269 2263 2394 2319 quae
2430 2247 2586 2303 illum
2621 2247 2767 2304 nolle
2810 2247 2982 2302 novit.
3019 2245 3138 2302 Non
3174 2246 3321 2301 enim
3369 2247 3620 2308 ulterius,

2038 2341 2195 2412 quasi
2265 2356 2492 2406 servus,
2541 2340 2867 2397 rationalem
2919 2340 3242 2396 servitutem
3288 2340 3627 2414 oblationem

2038 2433 2252 2503 offeret,
2284 2435 2379 2492 sed
2409 2435 2555 2492 ﬁlius
2581 2442 2637 2490 et
2683 2434 2918 2500 amicus,
2961 2434 3298 2489 voluntatem
3327 2433 3501 2503 patris
3543 2433 3630 2488 in-

2039 2525 2340 2597 vestigans,
2370 2524 2815 2594 beneplaeentem
2835 2523 3170 2578 voluntatem
3202 2521 3465 2594 perficiet.
3495 2521 3629 2576 Pos-

2041 2617 2196 2674 sibile
2233 2634 2339 2674 non
2370 2627 2448 2674 est
2487 2627 2546 2672 ut
2576 2617 2847 2682 diabolus,
2878 2625 2984 2672 etc.
3017 2615 3304 2687 Indignum
3343 2625 3399 2671 et
3437 2616 3627 2669 incon-

2041 2709 2269 2764 veniens
2306 2714 2414 2773 est,
2457 2707 2553 2774 ait,
2585 2705 2732 2776 quod
2765 2705 3039 2770 diabolus,
3070 2720 3184 2760 suae
3223 2703 3397 2774 ipsius
3433 2703 3632 2759 volun-

2039 2801 2141 2857 tati
2171 2799 2413 2856 resistat.
2447 2798 2544 2854 llle
2571 2797 2721 2854 enim
2769 2811 2990 2853 omnem
3029 2794 3308 2852 hominem
3349 2795 3629 2865 negligen-

2043 2904 2126 2950 ter
2157 2902 2214 2950 et
2241 2894 2437 2951 vitiose
2467 2892 2650 2950 vivere
2676 2890 2816 2957 vult,
2857 2899 2915 2946 et
2937 2905 3092 2947 suam
3121 2889 3480 2953 voluntatem,
3513 2902 3633 2942 ma-

2043 2991 2128 3061 gis
2159 3004 2324 3061 quam
2363 2987 2485 3054 Dei,
2527 2987 2791 3059 perficere
2827 3005 2839 3040 :
2872 2984 2932 3041 Si
2976 2994 3032 3042 et
3074 3000 3206 3054 ergo
3250 2983 3464 3053 aliquos
3496 2983 3635 3037 tales

336 3089 469 3142 "ter
507 3087 564 3140 ί¹¹
606 3099 704 3155 5Pe
749 3089 805 3176 εἴῑ
833 3078 1050 3136 suam“)
1084 3075 1336 3176 Scillsum.
1363 3068 1672 3176 Wb‘orfbi‘v
1709 3073 1935 3139 propter
1969 3116 2014 3176 ο
2052 3081 2340 3149 invenerit,
2373 3095 2486 3136 non
2535 3079 2753 3136 resistet
2784 3079 2887 3144 eis,
2918 3077 3074 3148 quia,
3120 3077 3164 3132 si
3206 3074 3290 3131 eis
3334 3073 3634 3138 resisteret,

336 3178 687 3254 patientiam,
719 3175 787 3231 ad
831 3169 1290 3246 perseverandum
1324 3164 1379 3220 in
1427 3161 1604 3220 stadio
1639 3173 1940 3216 conversa-

335 3250 512 3328 tionis
554 3267 875 3325 monasticae
903 3282 917 3318 :
945 3272 1000 3319 et
1039 3263 1168 3317 licet
1197 3257 1435 3314 offendat
1481 3263 1537 3310 et
1580 3259 1790 3324 peccet,
1842 3250 1946 3305 ite-

337 3381 471 3422 rum
520 3360 829 3435 ptenitebit,
863 3367 920 3414 et
970 3373 1002 3412 a
1056 3347 1482 3410 necessitudinis
1527 3353 1733 3402 sancta:
1769 3343 1947 3400 stadio

337 3434 629 3529 nunquam
659 3453 897 3510 recedet.
949 3449 1011 3506 Si
1043 3463 1162 3503 vero
1186 3445 1428 3500 exierunt
1452 3439 1644 3512 aliqui.
1676 3434 1945 3502 Subaudi,

335 3571 372 3609 a
440 3528 804 3606 monumento
884 3539 1249 3615 professionis
1299 3534 1560 3606 angelicae
1617 3529 1732 3601 (i7)
1785 3528 1946 3593 vitae,

337 3658 515 3716 Opere
562 3649 618 3696 et
651 3637 874 3699 aﬂ'ectu,
912 3631 1226 3689 obedientia
1275 3626 1500 3682 Patrum
1553 3619 1777 3690 rejecta.
1810 3615 1950 3671 Con-

339 3738 551 3802 sidera,
575 3734 706 3806 quia
735 3726 1034 3785 immortali
1075 3730 1255 3778 morte
1293 3716 1493 3774 mortui
1531 3723 1679 3780 sunt,
1707 3717 1762 3766 et
1803 3722 1953 3779 sepao

343 3825 462 3882 rati
487 3798 671 3882 algeo
695 3819 942 3881 fuerunt,
971 3813 1119 3886 quod
1157 3809 1313 3866 omni
1362 3814 1542 3862 morte
1563 3798 1839 3872 corporali
1867 3805 1952 3852 est

351 3918 540 3990 pejus,
565 3916 621 3971 in
647 3913 941 3970 inﬁnitum.
977 3905 1108 3962 Cum
1131 3901 1393 3958 senserint
1424 3895 1729 3968 [ir-agiliores
1760 3891 1953 3961 quippe

354 3987 735 4080 aciugtriores,
781 4003 989 4076 gravia,
1025 4007 1129 4055 etc.
1163 3993 1398 4062 Quando
1443 3991 1612 4061 igitur
1644 3987 1713 4041 ad
1756 3997 1952 4054 opera-

354 4079 567 4166 tionem
612 4117 870 4159 manuum
904 4096 1142 4160 accedis,
1190 4092 1353 4147 talem
1389 4089 1443 4144 in
1497 4085 1672 4154 teipso
1717 4079 1955 4136 reforma

350 4201 681 4273 cOgitatum,
722 4197 816 4267 qui
851 4193 1076 4250 Christo
1122 4186 1405 4242 ministras
1449 4180 1542 4250 qui
1586 4182 1861 4248 praecepto
1901 4179 1957 4227 et

347 4266 612 4364 exemplo
639 4291 708 4347 ad
742 4266 914 4360 opera
943 4290 1145 4357 (usque
1179 4281 1245 4335 ad
1275 4273 1534 4343 mortem)
1580 4281 1631 4326 te
1668 4266 1954 4322 informat.

349 4389 627 4461 Operans,
675 4383 838 4440 lauda
872 4382 1046 4436 Deum
1098 4384 1253 4430 tuum
1303 4371 1509 4441 lingua,
1569 4371 1754 4418 mente
1803 4371 1958 4414 reco-

2050 3193 2166 3234 suae
2211 3176 2386 3246 ipsius
2405 3173 2675 3230 voluntati
2718 3173 2946 3228 omnino
2989 3171 3292 3227 resisteret.
3333 3166 3486 3233 Quod
3530 3183 3638 3220 non

2039 3270 2327 3342 judicandi
2351 3285 2536 3333 causa,
2563 3276 2669 3324 etc.
2698 3264 2822 3321 Non
2840 3279 2904 3320 ex
2930 3263 3267 3334 suspicione,
3298 3261 3396 3326 ait,
3424 3260 3636 3331 judico,

2050 3367 2157 3421 hoe
2211 3364 2438 3428 dicens,
2498 3361 2596 3417 sed
2641 3353 2911 3415 ellie'acem
2965 3365 3176 3412 motum
3229 3353 3466 3409 ostendo
3520 3353 3640 3406 vitii

2049 3457 2404 3528 praeceptoris
2441 3455 2686 3520 nomine,
2719 3451 2814 3508 sed
2837 3466 2946 3506 non
2979 3466 3056 3515 re,
3089 3459 3143 3505 et
3180 3448 3494 3518 passionem
3524 3461 3644 3500 ma-

2051 3551 2252 3607 nifeste
2275 3549 2513 3606 ostendo
2549 3546 2770 3618 juvenis
2798 3541 3314 3616 superascendentis
3361 3541 3644 3596 seniorum

2049 3652 2107 3700 et
2128 3643 2400 3713 majorum
2420 3641 2671 3697 virtutes.
2707 3637 2776 3692 At
2807 3654 2928 3692 cum
2973 3635 3148 3701 illum,
3189 3651 3222 3687 a
3259 3647 3378 3703 rege
3409 3631 3646 3702 sigillum

2053 3739 2337 3808 accepisse,
2388 3746 2497 3790 etc.
2556 3732 2913 3805 Signaeulum
2971 3730 3118 3794 fidei,
3169 3737 3257 3783 est
3309 3725 3644 3795 baptismus.

2057 3831 2224 3902 Signa
2266 3829 2475 3884 militiae
2530 3827 2862 3899 spiritualis,
2907 3832 3040 3879 sunt
3085 3821 3409 3892 paenitentia
3463 3828 3518 3872 et
3561 3821 3645 3871 la-

2054 3942 2255 3998 crymae
2275 3941 2399 3996 quae
2428 3925 2573 3979 hunc
2597 3928 2929 3994 repurgant;
2954 3927 3171 3974 scutum
3197 3931 3326 3970 vero
3351 3923 3433 3968 est
3453 3912 3649 3966 mundi

2056 4018 2208 4092 fuga,
2249 4019 2440 4075 odium
2488 4017 2672 4073 omnis
2727 4011 3106 4071 delectationis
3153 4010 3280 4064 vitae
3323 4005 3645 4077 praesentis;

2058 4110 2273 4182 gladius
2307 4115 2392 4164 est
2420 4106 2556 4164 ﬁdes
2586 4106 2653 4160 ad
2682 4114 2988 4175 pastorem;
3021 4099 3171 4156 ensis
3205 4096 3492 4168 abnegatio
3519 4109 3652 4165 pro-

2057 4203 2194 4276 priae
2233 4201 2567 4267 voluntatis;
2621 4213 2784 4254 arens
2833 4197 3012 4252 oratio
3035 4208 3131 4264 per
3164 4205 3329 4262 quam
3370 4189 3650 4244 daemones

2061 4296 2428 4368 sagittantur;
2480 4293 2718 4348 militare
2762 4289 3184 4351 vestimentum;
3229 4282 3549 4346 humilitas,
3597 4290 3654 4333 et

2061 4392 2325 4446 virtutum
2356 4403 2478 4459 quae
2517 4402 2582 4442 ex
2609 4399 2672 4440 ea
2710 4392 2859 4446 sunt,
2889 4379 3144 4436 amictus.

351 4455 490 4558 δώῃ
521 4481 823 4539 intentione
861 4475 1132 4570 gloriﬁca'
1168 4468 1302 4570 Na.”
1345 4465 1457 4568 qm.
1500 4463 1551 4514 in
1580 4455 1876 4570 “Itym”...
1988 4479 2032 4534 Β
2132 4506 2346 4562 Gradus
2466 4533 2536 4549 σ-
2565 4499 2869 4570 Securaque
2903 4497 3156 4567 cujusque
3187 4493 3272 4548 sui
3300 4507 3451 4544 cura.
3511 4485 3655 4554 Quia

353 4544 620 4650 operibus
672 4584 758 4630 est
805 4544 1044 4626 inlidelis
1099 4573 1154 4620 et
1205 4562 1392 4632 piger,
1446 4555 1498 4610 in
1551 4549 1801 4650 oratione
1847 4544 1954 4600 erit

354 4638 536 4727 multo
567 4666 740 4738 magis
765 4663 939 4734 piger,
970 4655 1210 4712 infidelis
1237 4661 1291 4705 et
1316 4646 1601 4704 remissus.
1630 4638 1774 4695 Sane
1826 4650 1955 4690 ora-

357 4764 440 4819 tio
467 4727 898 4830 nequaquamin
935 4746 1182 4819 corporis
1215 4742 1400 4814 quiete
1441 4735 1728 4803 dirigetur,
1762 4727 1856 4783 sed
1895 4727 1952 4779 in

357 4827 568 4911 labore
587 4858 646 4906 et
667 4827 822 4904 actu.
864 4845 1035 4899 Amor
1064 4837 1287 4909 quietis.
1321 4827 1601 4886 Orationis
1650 4829 1734 4877 est
1775 4827 1958 4875 exter-

359 4944 620 5010 minium,
646 4952 702 4996 et
730 4935 1150 4996 diminutionem
1183 4927 1448 4982 virtutum
1490 4917 1770 4989 praedicat,
1803 4926 1960 4966 man-

358 5039 492 5094 data
531 5003 826 5106 negligere.
879 5027 1039 5088 Hinc,
1068 5022 1230 5076 Pater
1284 5013 1523 5072 ostendit
1565 5008 1708 5106 quod
1741 5005 1836 5106 qui
1867 5003 1966 5058 ob—

359 5096 632 5196 sequiuni
681 5113 1105 5176 ministrationis
1165 5109 1242 5182 (id
1291 5113 1415 5169 est,
1457 5096 1799 5172 Operationis
1849 5109 1968 5148 ma-

361 5188 565 5290 nuum)
602 5218 902 5285 incoeptum
940 5207 1074 5262 illud
1117 5212 1175 5258 ut
1207 5201 1429 5256 fratrem
1473 5193 1696 5264 adjuvet
1723 5198 1776 5244 et
1809 5188 1966 5258 quie-

363 5321 468 5377 tet,
498 5285 733 5366 a'fratre
775 5309 1026 5374 rogatus,
1058 5291 1414 5361 derelinquit.
1468 5285 1648 5354 Opera
1701 5292 1968 5335 manuum

367 5369 492 5459 vult
518 5413 573 5458 et
619 5369 870 5470 intelligit
908 5407 1031 5450 esse
1065 5385 1307 5443 coelestia
1338 5390 1393 5436 et
1441 5393 1551 5433 non
1582 5387 1799 5430 terrena
1836 5387 1851 5424 :
1885 5369 1967 5421 ld-

368 5499 546 5562 cireo,
598 5507 709 5548 non
749 5462 995 5556 propria,
1045 5481 1139 5536 sed
1193 5471 1508 5532 communia
1559 5466 1626 5521 ad
1675 5462 1967 5519 utilitatem

371 5589 742 5658 indigentium
777 5583 894 5638 vult
929 5591 1072 5632 esse.
1103 5567 1318 5638 Reliqui
1363 5579 1515 5628 vero,
1549 5575 1659 5616 non
1692 5571 1757 5613 ex
1786 5551 1972 5611 chari-

449 5748 563 5821 (17)
601 5747 685 5803 ΑΙ.
721 5738 1042 5813 apostolica.

714 5845 984 5904 PATBOL.
1038 5833 1153 5896 (in.
1228 5821 1458 5886 LXXX
1474 5815 1642 5880 VIII.

2063 4603 2130 4658 de
2171 4601 2321 4656 nullo
2372 4609 2592 4654 terreno
2639 4604 2819 4659 curat,
2869 4586 2965 4648 sed
3017 4605 3115 4659 pro
3163 4593 3222 4643 se
3269 4585 3372 4641 sibi
3419 4581 3654 4638 sollicita

2065 4693 2341 4765 quomodo
2386 4691 2492 4746 sibi
2530 4689 2699 4743 Deum
2744 4682 3082 4745 reconciliet,
3119 4689 3174 4734 et
3207 4679 3437 4734 salutem
3474 4673 3655 4744 perdi-

2067 4801 2177 4845 tam
2207 4803 2304 4858 per
2329 4794 2613 4856 peceatum
2666 4778 2929 4838 inveniat,
2967 4772 3287 4846 paenitendo
3330 4779 3383 4825 et
3420 4767 3658 4836 lugendo

2069 4855 2293 4938 festinat
2333 4855 2389 4935 et
2420 4893 2519 4949 pro
2558 4891 2616 4931 se
2660 4855 2978 4943 dijudicata,
3013 4868 3091 4934 fit,
3138 4866 3268 4936 quia
3317 4860 3500 4918 omnia
3535 4874 3660 4928 quae

2065 4983 2195 5032 sunt
2248 4972 2460 5034 mundi,
2508 4977 2561 5024 et
2603 4967 2845 5036 seipsum
2896 4957 3174 5033 puniendo
3219 4953 3522 5011 contemnit
3566 4952 3659 5020 qui

2066 5081 2148 5127 est
2178 5067 2473 5140 paenitens,
2518 5072 2573 5118 et
2605 5061 2892 5131 vigilanter
2923 5056 2991 5110 ab
3031 5053 3178 5108 omni
3206 5049 3415 5120 judicio
3439 5047 3663 5113 elonga-

2069 5178 2178 5231 tus,
2225 5180 2292 5218 ex
2329 5177 2455 5217 vera
2496 5157 2810 5230 cognitione
2835 5153 2921 5210 sui
2956 5152 3149 5222 ipsius,
3181 5157 3424 5202 extremo
3451 5139 3662 5212 judicio

2069 5277 2128 5318 se
2154 5259 2379 5330 dignum
2416 5253 2612 5310 cernit.
2639 5251 2742 5304 Per
2778 5263 2837 5304 se
2875 5246 3040 5316 igitur
3069 5239 3328 5314 cogitatio
3361 5235 3662 5306 dijudieata

2073 5359 2177 5418 est,
2214 5328 2368 5419 quia,
2397 5343 2584 5411 aliquo
2625 5339 2732 5394 alio
2769 5338 2835 5392 ad
2872 5332 3320 5406 dijudicationem
3358 5340 3467 5379 non
3498 5328 3661 5391 eget:

2076 5447 2173 5504 sed
2205 5446 2300 5517 qui
2341 5453 2422 5500 est
2452 5440 2748 5513 paenitens,
2779 5437 2895 5506 ipse
2937 5433 3020 5487 sui
3051 5430 3226 5501 ipsius
3251 5424 3418 5494 judex
3445 5429 3501 5472 et
3543 5419 3665 5470 vin-

2077 5546 2179 5601 dex
2227 5550 2325 5597 est.
2383 5539 2675 5607 Antequam
2717 5542 3053 5592 corruamus,
3090 5533 3196 5576 etc.
3239 5511 3564 5570 Delectabile
3609 5517 3665 5564 et

3301 5766 3373 5826 39
