4030 6444
531 315 664 382 1227

1695 316 1753 374 S.
1795 310 2112 372 JOANNIS
2151 306 2669 370 RAITHUENSIS

3614 318 3719 389 1E8

528 428 687 485 dulce
713 425 868 482 nobis
899 425 1157 496 proponit
1185 425 1414 480 dacmoni
1452 423 1712 487 exterius,
1743 432 1803 477 ut
1829 424 2010 476 trahat
2037 421 2102 476 ad
2134 424 2176 482 Α
2208 434 2332 473 vera
2369 421 2664 485 confessio,
2707 435 2803 490 per
2828 419 3066 476 divinam
3100 423 3376 479 scientiam
3420 441 3649 489 excessus
3675 435 3719 495 in

526 518 884 593 peccandum,
919 517 1126 588 peccati
1161 525 1368 571 reatum
1400 515 1513 569 fere
1562 515 1694 570 nihil
1739 530 1862 570 esse
1908 529 2105 584 suppo-

528 625 689 679 ncn's,
743 612 1023 681 Deumque
1063 611 1356 680 benignum
1409 616 1463 663 et
1517 608 1923 664 misericordem
1983 623 2104 663 esse

530 705 792 778 suggerit,
823 712 878 760 et
908 704 1124 758 asserit.
1157 701 1214 755 in
1250 702 1352 756 hoc
1379 707 1464 757 est
1501 716 1630 756 vere
1669 701 1945 767 inimicus,
1971 701 2100 772 quia

530 795 885 860 intrinsecus,
911 793 1058 870 quod
1097 793 1302 846 malum
1334 800 1439 859 est,
1470 804 1525 848 ct
1559 807 1808 847 amarum
1847 794 2102 862 (mortem

529 886 739 942 scilicet
761 885 1011 954 corporis
1040 889 1097 939 et
1126 881 1346 953 animae)
1375 883 1754 939 fraudulentus
1777 884 2099 939 abscondit:

528 990 692 1047 quam
721 973 852 1045 post
870 975 1105 1044 lapsum,
1145 982 1206 1027 ut
1234 974 1522 1043 desperare
1561 985 1663 1028 nos
1693 973 1878 1039 faciat,
1911 974 2104 1029 adver-

527 1083 624 1124 sus
669 1065 1137 1153 nos‘insultando
1170 1066 1488 1135 proclamat,
1533 1065 1679 1121 ultor
1729 1065 1973 1131 eﬁ‘ectus,
2008 1065 2101 1135 qui

526 1159 703 1214 fuerat
715 1158 734 1227 (
741 1171 838 1211 nos
852 1156 1186 1226 seducendo)
1201 1157 1498 1226 proditorie
1513 1157 1787 1212 inimicus.
1806 1157 1954 1225 Same
1965 1159 2102 1210 enim

522 1265 690 1319 parva
728 1261 970 1314 munera,
1009 1257 1112 1303 etc.
1159 1245 1363 1304 Nolunt
1394 1249 1671 1304 dmmones
1709 1249 1857 1314 quod
1901 1247 2103 1303 intelli-

517 1356 740 1414 gamus,
771 1355 938 1411 quam
987 1351 1233 1395 amarum
1275 1351 1360 1396 est
1391 1351 1620 1410 peccare
1639 1351 1695 1396 et
1727 1339 1894 1395 Deum
1928 1335 2105 1396 clien-

521 1437 671 1491 dere.
721 1433 932 1489 idcirco
983 1447 1110 1488 cum
1141 1447 1244 1488 nos
1280 1435 1516 1489 viderint
1551 1434 1992 1505 appropinquare
2035 1433 2102 1488 ad

522 1527 820 1599 aliqualem
844 1542 1070 1582 sensum
1101 1527 1329 1583 infinitae
1355 1526 1738 1582 amaritudinis
1763 1525 2100 1589 abscondite,

524 1618 578 1672 in
614 1617 852 1688 peccatis
880 1617 1086 1673 nostris
1116 1626 1246 1673 tunc
1274 1618 1480 1672 instant
1507 1627 1562 1672 et
1586 1615 1816 1670 dicunt:
1849 1615 1989 1682 Quid
2023 1625 2104 1670 te-

525 1713 707 1782 ipsum
742 1709 985 1766 conteris
1013 1718 1070 1765 et
1116 1711 1411 1780 desperas?
1444 1723 1620 1781 neque
1663 1709 1806 1765 enim
1846 1709 1976 1774 tale,
2016 1707 2100 1764 vel

522 1802 633 1858 tale
658 1811 941 1873 peccatum
979 1803 1061 1870 (ut
1089 1801 1180 1856 alii
1209 1802 1450 1872 plurimi)
1481 1803 1828 1873 perpetrasti.
1853 1800 2101 1856 Oderunt

523 1909 764 1966 namque
807 1895 1083 1951 daemones
1128 1895 1380 1966 spiritum
1429 1895 1800 1963 contritionis,
1853 1905 1910 1951 et
1950 1895 2102 1950 falsa

517 1987 637 2058 spei
684 1986 944 2056 gaudium
993 1986 1048 2041 in
1092 1986 1254 2041 nobis
1296 1985 1570 2042 seminare
1621 1987 1988 2053 contendunt,
2041 1995 2103 2041 ut

519 2080 678 2135 aliter
721 2079 777 2134 in
820 2079 981 2134 nobis
1031 2079 1284 2147 spiritum
1333 2079 1682 2136 contritionis
1727 2080 2098 2151 exstinguant.

521 2171 608 2228 Tu
645 2187 774 2228 vero
807 2187 919 2227 non
957 2173 1180 2228 obedias
1224 2173 1306 2228 eis
1332 2189 1346 2229 :
1375 2172 1528 2243 quia,
1578 2173 1722 2228 sicut
1751 2185 1917 2244 parva
1957 2174 2100 2230 dona

505 2264 759 2320 furorem
783 2263 987 2334 judicis
1015 2262 1328 2336 frequenter
1369 2265 1640 2336 mitigant,
1669 2266 1742 2320 ita
1782 2266 2104 2336 plerumque

494 2371 643 2426 qua
670 2371 702 2410 a
744 2355 903 2411 nobis
935 2361 1260 2426 repetantur
1289 2372 1460 2428 parva
1488 2358 1688 2414 delicta
1723 2359 1870 2427 (cum
1898 2357 2102 2414 fuerint

511 2447 722 2518 sapius
747 2447 965 2519 iterata)
994 2448 1160 2504 simul
1196 2454 1507 2521 aggregeta,
1532 2451 1812 2506 Christum
1849 2460 2100 2506 nostrum

519 2539 974 2612 benignissimum
1004 2541 1269 2611 judicent,
1292 2541 1440 2612 juste
1481 2549 1674 2606 contra
1714 2559 1817 2598 nos
1861 2543 1916 2597 in
1955 2540 2103 2598 furo-

518 2647 636 2687 rem
684 2647 912 2705 surgere
957 2624 1203 2688 faciunt.
1242 2632 1490 2706 Moyses,
1541 2650 1662 2689 cum
1719 2635 1886 2690 Deum
1935 2636 2104 2690 uidis-

516 2732 618 2791 set,
663 2734 770 2781 etc.
826 2723 1056 2796 Signum
1099 2727 1536 2783 conversationis
1585 2726 1837 2798 perfectae
1885 2736 1942 2783 et
1993 2731 2104 2784 vir-

517 2828 713 2884 tuosae,
754 2826 841 2873 est
868 2817 1054 2874 videre
1084 2818 1264 2888 ignem
1292 2819 1346 2874 in
1387 2819 1526 2874 rubo
1550 2821 1630 2888 ‘7;
1667 2829 1750 2876 est
1774 2821 1920 2875 enim
1947 2821 2102 2877 inac-

513 2908 790 2964 cessibilis
812 2909 1020 2964 multis.
1040 2907 1158 2964 Sed
1191 2920 1322 2965 tunc
1346 2911 1500 2965 ardet
1526 2910 1669 2981 ignis
1703 2912 1758 2966 in
1784 2911 1946 2976 rubo,
1975 2920 2101 2967 cum

513 3001 845 3057 mortiﬁcata
888 3016 1020 3058 caro
1065 3003 1272 3073 pariter
1317 3011 1368 3058 et
1407 3003 1684 3069 voluntas,
1724 3017 1786 3058 ea
1815 3019 1939 3074 qua:
1974 3013 2104 3060 sunt

2210 513 2405 578 Deum;
2439 529 2506 568 ex
2532 529 2642 583 quo
2669 513 2870 567 oblivio
2904 514 3133 584 propriae
3169 525 3373 572 naturae
3401 519 3456 572 iit
3493 522 3542 575 in
3567 539 3623 578 eo
3647 530 3720 598 qui

2207 607 2508 661 secundum
2541 605 2866 676 Prophelam
2888 605 2954 670 ",
2996 609 3333 663 obliviscitur
3361 613 3621 671 comedere
3652 635 3724 688 pa-

2207 713 2330 753 nem
2357 714 2541 754 suum.
2580 698 2678 755 Sta
2708 702 2764 754 in
2799 701 3054 755 orationis
3076 717 3244 770 prece,
3272 711 3376 757 etc.
3407 702 3722 769 Quemadmo-

2205 790 2333 846 dum
2351 790 2495 846 fcrro
2510 793 2706 862 ligatus
2727 808 2948 848 currere
2971 809 3077 848 non
3096 793 3255 859 valet,
3275 795 3346 849 ita
3363 805 3413 849 et
3433 812 3590 865 mens,
3610 803 3727 861 vitiis

2205 885 2475 952 serviens,
2503 887 2769 941 orationis
2806 887 3109 956 spiritualis
3140 887 3318 960 locum
3339 888 3514 945 videre
3536 907 3627 946 non
3653 911 3728 964 po-

2208 983 2337 1033 test.
2365 977 2497 1032 Nam
2527 977 2622 1049 qui
2645 994 2768 1033 cum
2785 980 2930 1034 vitiis
2962 980 3263 1034 orationem
3286 982 3500 1050 exsequi
3521 994 3726 1052 conatur,

2209 1083 2238 1123 a
2259 1069 2475 1124 vitiosis
2492 1070 2920 1140 cogitationibus
2940 1083 2992 1125 et
3009 1072 3245 1126 seducen
3255 1071 3397 1127 tibus
3419 1073 3728 1134 intellectibus

2204 1163 2533 1230 captivatur.
2576 1161 2840 1233 Legitime
2871 1178 3002 1234 ergo
3038 1177 3220 1235 pugna
3265 1174 3451 1221 contra
3483 1166 3730 1225 immundi-

2207 1253 2314 1309 tias
2337 1297 2352 1321 ,
2384 1264 2442 1308 ut
2468 1271 2564 1326 per
2588 1256 2931 1323 nmnditiam,
2956 1258 3256 1312 orationem
3287 1259 3539 1314 invenias.
3565 1258 3622 1314 Et
3654 1263 3732 1320 hoc

2206 1350 2385 1404 scribe
2419 1350 2474 1404 in
2509 1351 2674 1405 corde
2697 1361 2811 1416 tuo,
2848 1352 3106 1421 quoniam
3147 1365 3302 1408 amor
3333 1353 3674 1410 delectationis
3692 1366 3732 1412 et

2206 1441 2413 1511 requiei
2468 1452 2552 1498 est
2597 1459 2764 1498 causa
2821 1445 3184 1515 separationis
3235 1445 3266 1500 a
3302 1443 3429 1500 Deo.
3493 1445 3590 1502 Cor
3619 1450 3731 1504 enim

2206 1529 2350 1598 quod
2393 1531 2494 1584 ista
2529 1541 2694 1596 amat,
2726 1538 2809 1586 est
2837 1541 3100 1587 creaturze
3133 1534 3529 1604 sterquilinium
3560 1544 3608 1590 et
3638 1551 3732 1592 scn-

2207 1619 2338 1674 tina.
2381 1615 2516 1673 Nam
2562 1621 2871 1675 amaritudo
2897 1635 3018 1690 quae
3038 1621 3361 1676 abscondita
3389 1635 3470 1677 est
3499 1623 3546 1676 in
3569 1623 3732 1680 eisdem

2205 1708 2653 1766 delectationibus
2702 1721 2755 1766 et
2811 1713 3027 1782 quiete,
3087 1715 3142 1768 in
3199 1721 3442 1785 tempore
3480 1716 3637 1771 exitus
3671 1718 3734 1771 in-

2203 1798 2406 1854 utiliter
2428 1801 2710 1855 sentictur.
2751 1800 2862 1856 Cor
2886 1818 3017 1859 vero
3053 1805 3287 1876 diligens
3323 1805 3551 1872 labores,
3579 1817 3734 1861 contu-

2201 1891 2414 1959 melias,
2437 1899 2490 1945 et
2518 1892 2756 1957 dolores,
2787 1902 2942 1963 porta
2970 1903 3156 1964 aperta
3186 1904 3292 1961 est,
3322 1911 3429 1966 qua
3461 1897 3511 1952 in
3539 1905 3734 1967 tempore

2201 1983 2379 2037 exitus
2403 1997 2605 2053 pascua
2637 1985 2894 2040 inveniet.
2947 1984 3098 2040 Sicut
3126 1999 3396 2054 creatura,
3439 1975 3538 2045 etc.
3582 1988 3669 2045 Per
3688 2006 3733 2045 se

2201 2080 2418 2140 motus,
2473 2082 2528 2128 et
2576 2083 2791 2144 semper
2842 2083 3024 2131 motus
3063 2086 3147 2132 est
3195 2078 3381 2132 divina
3425 2079 3732 2149 providentis,

2203 2163 2455 2219 alteratio
2496 2175 2711 2232 motus,
2754 2175 2808 2220 et
2861 2165 3090 2222 faciliter
3118 2177 3300 2225 motus
3327 2178 3410 2226 est
3450 2170 3734 2227 alteratioet

2203 2261 2384 2308 motus
2411 2263 2695 2322 creaturae,
2719 2255 2813 2324 qui
2841 2270 2950 2310 non
2983 2272 3199 2327 semper
3226 2268 3310 2315 est
3336 2272 3532 2315 motus.
3567 2261 3736 2316 Dicitur

2203 2353 2383 2401 autem
2413 2348 2764 2417 cnmpunctio
2801 2347 2984 2403 cordis
3013 2365 3080 2404 ex
3110 2349 3206 2404 Dei
3233 2353 3410 2422 gratia
3437 2355 3732 2422 proveniens,

2205 2439 2453 2494 alteratio
2487 2453 2694 2506 motus,
2738 2441 2804 2497 ad
2854 2442 3214 2499 differentiam
3256 2447 3663 2516 compunctionis
3683 2463 3730 2502 ex

2203 2531 2387 2586 studio
2422 2531 2661 2587 humano
2695 2532 3055 2600 advenientis,
3088 2550 3214 2605 quas
3247 2546 3330 2591 cst
3371 2551 3464 2608 per
3495 2554 3549 2594 sc
3574 2546 3731 2596 motus.

2204 2621 2509 2676 "lustratio
2534 2623 2647 2693 (18)
2680 2624 2970 2694 ineffabilis
2997 2634 3078 2680 est
3132 2627 3382 2697 quadam
3409 2630 3636 2698 ψωθία,
3653 2638 3729 2684 etc.

2205 2711 2326 2766 Non
2368 2724 2465 2782 per
2501 2714 2710 2767 luctum
2756 2721 3002 2780 tantum,
3049 2715 3144 2770 sed
3192 2717 3508 2786 patientiam
3552 2719 3731 2773 tribula-

2204 2803 2418 2858 tionum
2442 2813 2498 2858 et
2527 2805 2887 2859 tentationum
2921 2805 3185 2875 probatur
3207 2823 3406 2865 servus
3435 2810 3520 2866 Dei
3547 2829 3560 2866 :
3594 2819 3732 2880 et-per

2204 2910 2392 2952 veram
2430 2895 2911 2952 mortiﬁcationem
2946 2900 3194 2954 omnium
3246 2917 3499 2957 sensuum
3541 2902 3732 2972 corporis

2205 2997 2260 3043 et
2286 2988 2838 3066 animaanmundatur
2859 2990 2930 3046 ab
2963 2991 3385 3061 inquinamento
3405 2996 3670 3050 vitiorum:
3694 3003 3732 3048 et

516 3093 765 3164 spitium,
805 3094 1050 3149 sentiunt
1091 3099 1147 3149 ει
1187 3093 1441 3166 diligam.
1485 3094 1593 3150 sed
1636 3096 1960 3167 prorumtu
1994 3097 2097 3151 Im,
2126 3107 2169 3164 ο
2204 3087 2302 3146 per
2328 3077 2838 3146 contemplationem
2881 3085 2936 3133 et
2981 3081 3391 3149 susceptionem
3431 3083 3637 3138 alterunt
3660 3081 3728 3137 Dei

515 3195 681 3241 mana
710 3185 977 3257 fragilitas
1006 3186 1308 3256 prelabitur
1339 3188 1413 3242 ab
1450 3188 1739 3266 altitudine
1770 3189 2019 3259 spiritus,
2047 3198 2105 3244 et

516 3277 832 3333 succumbit
871 3279 926 3333 in
959 3279 1183 3348 pugnis.
1210 3277 1316 3335 Sed
1360 3280 1599 3350 nunquid
1625 3282 1717 3351 qui
1762 3281 1964 3335 corruit
1998 3297 2104 3335 non

515 3367 776 3439 adjiciat?
807 3367 961 3437 Sed,i_
979 3376 1042 3424 ut
1070 3369 1238 3424 David
1283 3378 1340 3425 et
1373 3368 1602 3434 Petrus,
1631 3379 1861 3426 conetur
1889 3381 1950 3426 ut
1992 3383 2102 3427 non

517 3459 697 3516 solum
747 3468 1019 3529 resurgat,
1075 3460 1170 3516 sed
1204 3460 1412 3515 altiora
1453 3462 1806 3517 conscendat.
1854 3461 2104 3519 Ostendit

492 3549 694 3619 ---igitur
724 3548 913 3614 Pater,
952 3550 1204 3620 exemplo
1242 3549 1418 3622 Moysi
1453 3550 1634 3608 etlob
1676 3568 1802 3609 esse
1843 3555 2103 3624 possibile

494 3647 644 3710 post
685 3639 934 3708 lapsum,
1000 3639 1165 3693 etiam
1217 3639 1287 3694 ad
1332 3641 1824 3710 iamassihilitatem
1887 3643 2099 3711 redire,

514 3731 677 3801 cujus
712 3731 829 3801 spei
868 3730 1146 3796 fiduciam,
1183 3731 1434 3788 diabolus
1477 3748 1574 3802 per
1606 3735 2011 3805 negligentiam
2048 3744 2102 3792 et

513 3821 686 3877 otium
741 3821 1076 3891 colaphizat,
1130 3822 1261 3876 dum
1312 3823 1366 3877 in
1408 3823 1570 3877 nobis
1605 3837 1770 3890 opera
1814 3824 1935 3893 (per
1981 3840 2103 3896 quae

484 3932 488 3941 ¹
515 3907 930 3979 impassibilitas
963 3908 1281 3980 percipitur)
1299 3911 1598 3980 explautat.
1627 3913 1873 3979 Attende,
1900 3929 2098 3982 quam,

513 4001 846 4072 diligentius,
869 4009 1002 4066 etc.,
1044 4002 1256 4058 scilicet
1304 4003 1480 4059 oculis
1528 4005 1728 4059 mentis
1761 4017 1814 4060 et
1853 4007 2098 4076 spiritus,

515 4097 640 4164 quia
685 4093 927 4149 sensu-ali
969 4093 1332 4151 delectatione
1379 4097 1593 4152 seducti
1635 4099 1964 4164 erravimus,
2003 4101 2098 4155 sed

512 4185 601 4238 via
634 4183 870 4239 breviori
916 4198 1016 4239 nos
1064 4185 1263 4240 reverti
1305 4194 1553 4255 oportet:
1586 4187 1838 4243 videlicet
1867 4203 1962 4258 per
1996 4191 2100 4242 hu-

516 4275 643 4330 mile
674 4290 890 4344 sapere,
926 4283 981 4330 et
1013 4291 1106 4344 per
1157 4277 1362 4332 humile
1403 4278 1652 4346 verbum,
1693 4289 1747 4334 et
1776 4294 1873 4334 cor
1899 4280 2104 4335 contri-

517 4378 654 4433 tum,
685 4376 740 4422 et
776 4368 1047 4422 sinceram
1091 4367 1494 4426 confessionem
1535 4379 1591 4426 et
1633 4372 1921 4442 integram.
1953 4371 2102 4441 Quo-

2204 3167 2665 3222 illuminationum
2687 3209 2704 3234 ,
2746 3168 3023 3240 perfectus
3054 3170 3310 3228 etiieitur.
3352 3173 3600 3228 Dominus
3619 3172 3725 3228 enim

2201 3275 2270 3314 ea:
2295 3259 2431 3316 Sina
2468 3263 2604 3315 venit
2635 3278 2654 3316 :
2702 3261 2753 3316 id
2785 3271 2870 3318 est
2891 3305 2906 3330 ,
2944 3279 3014 3317 ex
3044 3265 3440 3321 tentationibus
3471 3276 3522 3322 et
3545 3265 3727 3320 tribula-

2203 3353 2443 3409 tionibus
2467 3371 2483 3421 ;
2524 3363 2574 3408 et
2603 3354 2782 3408 illuxit
2813 3355 2964 3410 nobis
2989 3371 3055 3410 ex
3080 3356 3222 3423 Seir,
3267 3357 3370 3413 hoc
3394 3367 3492 3423 est,
3523 3371 3729 3429 corpora-

2201 3445 2346 3501 libus
2376 3445 2657 3501 laboribus
2692 3455 2747 3499 et
2776 3447 3064 3503 doloribus
3091 3465 3107 3514 ;
3143 3459 3192 3502 et
3229 3451 3475 3520 requievit
3508 3465 3573 3504 ea
3597 3457 3728 3502 mute

2201 3536 2425 3592 Pltaratt
2447 3551 2568 3591 cum
2595 3537 2832 3592 millibus
2883 3537 3076 3606 Cades,
3116 3540 3173 3596 id
3205 3550 3310 3607 est,
3335 3558 3401 3598 ex
3427 3550 3592 3597 monte
3617 3539 3726 3601 ﬁdei.

2202 3641 2328 3682 cum
2355 3626 2587 3682 inﬁnitis
2608 3639 2927 3682 sanctorum
2949 3627 3219 3684 scientiis.
3255 3626 3390 3684 Sunt
3416 3629 3629 3684 materia
3643 3640 3728 3695 qua

2203 3722 2374 3789 futues
2405 3729 2635 3786 nostros,
2673 3729 2780 3778 etc.
2837 3718 2994 3777 Sicut
3031 3722 3266 3789 deliciis,
3317 3725 3470 3794 gulae,
3507 3733 3730 3780 comessa-

2201 3815 2403 3879 tiones,
2427 3815 2616 3869 vinum
2639 3853 2655 3878 ,
2704 3813 2987 3879 mulieres,
3015 3813 3342 3872 deliciarum
3370 3832 3516 3882 usus,
3539 3827 3589 3870 et
3611 3826 3728 3869 amor

2201 3905 2383 3959 omnis
2419 3905 2796 3960 sensualitatis
2825 3914 2880 3960 et
2912 3905 3277 3972 carnalitatis,
3305 3922 3429 3978 quae
3456 3905 3619 3962 omnia
3647 3916 3727 3957 non

2205 3995 2383 4050 solum
2415 3995 2628 4052 siccant
2659 3997 2954 4068 laerymas,
2978 3997 3073 4053 sed
3101 4001 3468 4054 exterminant
3499 4012 3637 4054 cuine
3660 3995 3726 4050 bo-

2203 4104 2358 4144 num.
2383 4087 2532 4160 Fuge
2587 4089 2769 4162 igitur,
2821 4091 2967 4161 fuge,
2997 4092 3089 4161 qui
3123 4093 3413 4164 religiosus
3432 4108 3508 4156 es,
3534 4089 3711 4146 delicias

2201 4181 2414 4248 vinum,
2441 4190 2493 4236 et
2517 4182 2796 4248 mulieres,
2824 4197 2948 4253 qua:
2981 4183 3079 4238 tibi
3119 4193 3254 4240 sunt
3283 4199 3448 4240 causa
3475 4179 3669 4253 peccati,
3689 4181 3726 4229 ct

2204 4283 2514 4342 apostatare
2546 4273 2754 4344 faciunt
2779 4275 3043 4345 sapientes
3073 4276 3138 4329 ’9.
3191 4274 3330 4330 Nam
3357 4285 3411 4331 et
3453 4275 3615 4344 justus
3638 4268 3723 4329 Lat.

2203 4367 2340 4433 Noe,
2365 4367 2535 4424 David
2560 4409 2576 4437 ,
2605 4379 2660 4426 et
2693 4369 2949 4426 Salomon
2972 4411 2987 4436 ,
3017 4386 3111 4441 per
3146 4371 3251 4429 ista
3277 4368 3596 4443 praevaricati
3616 4370 3722 4421 sum.

516 4461 661 4514 niam
696 4459 750 4513 in
805 4459 1260 4531 humidislignis,
1315 4462 1606 4518 diliiciliter
1649 4465 1793 4535 ignis
1840 4464 2096 4519 accendi-
2130 4468 2173 4523 ι)
2205 4460 2346 4515 Sunt
2369 4469 2423 4516 et
2452 4461 2572 4515 aliae
2598 4463 2862 4526 materiae,
2893 4462 3039 4517 sicut
3063 4479 3221 4518 amor
3249 4463 3570 4534 principatus
3587 4465 3630 4512 ct
3654 4453 3724 4506 h0-

516 4561 625 4608 tur.
660 4551 885 4607 Penitus
933 4551 987 4606 in
1037 4553 1202 4609 corde
1257 4565 1474 4611 amante
1507 4558 1744 4626 quietem
1780 4567 1835 4613 et
1872 4557 2101 4613 delecta-

2198 4554 2373 4618 noris,
2412 4563 2460 4608 et
2514 4554 2848 4610 desiderium
2900 4555 3096 4622 laudis,
3135 4557 3377 4612 nominis
3423 4552 3655 4615 scientiae,
3687 4550 3740 4609 ει.

516 4645 716 4712 tiones,
767 4642 910 4715 ignis
950 4645 1177 4716 spiritus
1215 4661 1324 4701 non
1372 4649 1629 4717 ardebit,
1679 4649 1772 4704 sed
1814 4650 1870 4704 in
1917 4650 2100 4705 anima
2199 4646 2526 4712 sanctitatis,
2561 4661 2686 4716 quae
2717 4661 2948 4702 vacuum
2983 4663 3175 4718 sapere
3231 4649 3286 4704 in
3339 4646 3624 4719 superbiam
3653 4653 3724 4695 cx—

513 4734 747 4789 contrita
772 4743 827 4789 et
861 4734 1172 4804 humiliata,
1197 4753 1319 4807 qua:
1349 4738 1566 4794 labores
1595 4747 1648 4794 et
1678 4739 1902 4796 delicias
1925 4751 2099 4812 putat.

2199 4735 2436 4800 tollunt,
2479 4744 2535 4790 et
2580 4735 2648 4790 ab
2679 4737 2829 4790 omni
2864 4737 3063 4793 virtute
3115 4737 3380 4796 radicitus
3425 4732 3725 4795 evellunt,el

517 4825 709 4882 Luctus
735 4837 814 4880 est
866 4829 1115 4882 stimulus
1153 4831 1340 4897 animi,
1389 4845 1603 4887 aureus.
1657 4831 1775 4889 Hoc
1805 4833 2002 4889 dicitur
2033 4835 2101 4890 ad
2199 4825 2456 4880 deorsum
2483 4825 2548 4879 ad
2593 4824 2802 4881 inferna
2836 4828 3158 4898 projiciunt,
3190 4845 3288 4900 per
3311 4845 3429 4900 qua:
3449 4836 3500 4882 ct
3526 4819 3723 4879 diabolus

515 4915 876 4973 differentiam
901 4919 1106 4973 stimuli
1147 4920 1312 4976 ferrei
1341 4921 1435 4992 qui
1469 4924 1662 4993 pungit
1694 4933 1907 4978 terrena
1933 4933 1985 4978 et
2018 4925 2098 4978 vi-

498 5009 658 5065 *tiosa
681 5010 968 5081 diligentes
1005 5027 1099 5083 per
1131 5013 1407 5069 tristitiam
1441 5014 1657 5079 mortis,
1691 5025 1744 5069 et
1772 5023 1856 5070 est
1887 5031 2098 5073 veneno

504 5102 799 5158 mortifero
826 5105 1041 5176 plenus.
1078 5106 1294 5162 Aureus
1331 5119 1464 5162 vero
1503 5107 1779 5172 stimulus,
1812 5115 1999 5164 sancta
2043 5110 2098 5164 et

509 5193 819 5252 laetificante
866 5197 1112 5262 tristitia,
1154 5209 1208 5254 et
1251 5199 1519 5254 charitate
1555 5199 1742 5255 divina
1772 5202 1983 5272 pungit,
2029 5201 2094 5256 ad

508 5285 753 5341 cmlestia
795 5285 1229 5343 sursum‘ferens
1277 5301 1374 5344 eos
1419 5289 1514 5360 qui
1548 5289 1776 5347 virtutes
1809 5291 2015 5346 Christi
2042 5298 2096 5346 et

496 5371 765 5434 mandata
792 5377 1047 5451 diligunt,
1080 5387 1138 5435 et
1169 5379 1400 5437 ﬁdeliter
1427 5381 1601 5452 ipsius
1648 5383 1904 5438 mandata
1935 5382 2096 5454 perﬁ-

503 5470 680 5538 ciunt,
725 5469 1001 5540 Confessio
1046 5473 1334 5528 establile
1381 5483 1608 5543 naturae,
1657 5486 1765 5532 etc.
1797 5475 1889 5532 Est
1913 5486 2096 5532 autem

509 5645 546 5678 ⁸⁷
610 5647 776 5703 Exod.
839 5667 922 5719 ill,
977 5653 1032 5708 2.
1114 5655 1157 5685 ¹⁸
1199 5653 1342 5712 Psal.
1390 5672 1461 5722 Cl,
1503 5658 1556 5713 5.
1637 5661 1678 5692 ¹⁹
1715 5660 1878 5720 Eccii.
1911 5663 2099 5729 xrx,2.

575 5785 689 5857 (13)
719 5784 882 5844 Vetus
913 5791 1201 5858 interpres,
1227 5791 1565 5848 illuminatio.

2207 4917 2317 4973 ruit
2345 4936 2358 4972 :
2401 4916 2468 4972 Ut
2493 4919 2749 4973 uirtutum
2782 4923 3057 4990 materias,
3091 4923 3341 4977 materias
3370 4921 3597 4976 uitiorum
3622 4909 3721 4984 (i9).

2203 5023 2310 5069 etc.
2371 5013 2573 5072 Matres
2605 5015 2904 5083 virtutum,
2936 5027 3069 5072 sunt
3141 5017 3456 5088 prudentia,
3488 5003 3720 5066 fortitudo,

2207 5108 2587 5176 temperantia,
2629 5108 2862 5178 iustitia,
2896 5125 3034 5181 quas
3068 5110 3367 5168 adversarii
3411 5108 3641 5164 dicuntur
3663 5093 3723 5149 ei-

2204 5199 2290 5254 ﬁci
2324 5200 2745 5256 occasionaliter
2775 5213 2977 5258 matres
3004 5204 3338 5260 malitiarum
3359 5243 3374 5267 ,
3405 5215 3506 5258 non
3537 5203 3720 5251 conver-

2202 5292 2378 5360 sione,
2415 5294 2510 5349 sed
2553 5296 2761 5362 abusu,
2808 5297 2903 5365 qui
2951 5305 3036 5352 est
3074 5313 3200 5354 vere
3239 5312 3399 5354 casus
3437 5293 3502 5350 ab
3534 5285 3716 5346 eisdem-

2203 5384 2346 5438 Sane
2381 5386 2662 5442 nimietate
2688 5397 2744 5443 et
2773 5388 3106 5456 deﬁcientia,
3139 5407 3167 5444 a
3199 5391 3453 5445 virtutum
3478 5379 3631 5440 medio
3654 5387 3717 5427 re-

2201 5477 2482 5534 cedimus:
2517 5481 2679 5546 sicut,
2708 5497 2739 5535 a
2770 5483 3081 5551 prudentis,
3123 5499 3218 5554 per
3251 5479 3528 5538 versutiam
3549 5463 3716 5528 etinsi-

2283 5800 2394 5870 (l9)
2437 5798 2600 5855 Vetus
2635 5801 2924 5870 interpres,
2956 5812 3174 5861 matres.
