4030 6406
407 287 544 358 1229
1591 288 1913 350 SCHOLIA
1951 287 2034 349 IN
2066 288 2478 349 CLIMACUM.
3534 289 3674 353 1230

401 399 661 472 pientiam
693 417 707 450 :
750 397 1094 462 fortitudine,
1128 412 1225 469 per
1255 398 1614 454 temeritatem
1641 409 1694 454 et
1730 400 1980 456 formidi-
2009 409 2058 465 Α
2086 401 2262 456 nubes
2308 401 2564 454 deorsum
2612 412 2838 452 currens
2881 406 2934 454 et
2989 408 3224 454 mentem
3263 410 3520 470 cogitatio
3547 401 3674 458 vin-

400 509 529 549 uem
556 511 572 560 ;
618 505 651 546 a
677 489 1057 560 temperantia,
1095 505 1192 560 per
1215 491 1671 547 incontinentiam
1698 500 1753 546 et
1777 492 1981 548 severi—
2083 493 2261 548 dictae.
2289 493 2421 558 Leo,
2455 492 2508 546 in
2531 490 2842 556 venatione,
2871 487 3180 562 frequenter
3202 492 3434 547 caudam
3459 507 3672 562 movet;

402 596 614 652 tatem;
670 599 703 638 a
745 583 998 654 iustitia,
1040 598 1137 653 per
1168 584 1454 638 avaritiam
1481 592 1536 638 et
1565 582 1858 640 falsitatem
1881 625 1896 650 ,
1928 593 1982 641 et
2082 595 2138 640 et
2174 584 2434 650 furiosus,
2469 584 2522 638 in
2553 583 2687 638 cella
2709 626 2722 651 ,
2756 583 3113 654 cogitationes
3159 583 3272 639 irae.
3309 585 3433 640 Alia
3456 629 3470 652 ,
3506 588 3561 641 in
3592 585 3673 642 his

401 693 500 748 per
525 677 704 732 zelum
734 676 829 730 irae
856 673 1164 740 fervidum,
1194 684 1250 730 et
1303 674 1500 730 falsam
1542 676 1818 745 pietatem.
1873 676 1981 731 Do-
2083 678 2179 747 qui
2219 676 2394 730 adhuc
2425 677 2582 731 rudes
2616 675 2946 742 imbuuntur,
2977 691 3041 730 ea:
3073 675 3227 744 ﬂetu,
3258 687 3364 732 etc.
3422 676 3526 746 Qui
3571 693 3674 734 no-

399 778 555 825 ceant
599 776 650 822 te
690 766 810 830 hoc,
857 764 1017 821 Jesus
1041 807 1059 832 ,
1107 777 1214 822 etc.
1281 765 1449 830 Elias,
1483 777 1539 822 et
1564 766 1827 835 Joannes,
1855 777 1985 825 sunt
2084 770 2226 824 vitor
2252 768 2547 824 introducti
2577 775 2726 831 sunt,
2759 769 2916 838 quasi
2940 769 3177 839 quodam
3211 769 3387 835 freno,
3415 769 3675 842 lacrymls

403 861 654 933 perfectae
671 857 1572 930 conversationistypusetforma.
1601 859 1704 927 Qui
1734 875 1984 916 seorsum
2083 867 2141 914 et
2201 859 2484 929 suspiriis,
2532 867 2587 914 et
2639 859 2984 923 obedientia,
3025 859 3097 914 'in
3149 860 3393 930 subjecta
3465 869 3670 928 mente,

400 965 646 1018 orantes,
672 961 730 1008 et
761 969 794 1008 a
822 951 1030 1008 mundo
1056 951 1302 1008 solitaria
1335 953 1553 1020 loca,et
1579 968 1610 1008 a
1641 953 1984 1010 saecularium
2085 965 2304 1008 omnem
2346 950 2484 1006 iram
2531 959 2588 1006 et
2641 949 2880 1006 furorem
2909 951 3183 1022 stringunt
3233 960 3289 1007 et
3338 951 3526 1023 ligant.
3568 952 3673 1019 Qui

401 1046 736 1102 tumultibus
785 1030 1070 1116 segregata
1117 1055 1429 1113 quaerentes
1459 1053 1516 1100 et
1559 1045 1841 1113 colentes,
1886 1047 1985 1103 do-
2087 1056 2217 1098 vero
2274 1051 2404 1098 sunt
2463 1041 2725 1111 perfecti,
2790 1043 2948 1098 beata
3006 1042 3462 1112 impassibilitate,
3515 1046 3676 1115 quasi

401 1146 638 1193 cuerunt
676 1134 1029 1206 perfectionis
1054 1142 1348 1203 amatores,
1377 1134 1558 1192 locum
1586 1145 1640 1192 et
1665 1137 1887 1193 modum
1916 1138 1985 1192 ad
2087 1130 2267 1202 gladio
2299 1131 2520 1201 ancipiti
2565 1131 2763 1186 armati
2811 1140 2961 1195 sunt,
2999 1139 3054 1184 et
3092 1133 3146 1186 in
3180 1132 3297 1201 ipsa
3320 1133 3580 1188 occidunt
3622 1143 3678 1188 et
3727 1157 3735 1162 -

404 1230 667 1284 virtutum
697 1227 964 1292 studium,
994 1226 1194 1297 pariter
1211 1227 1418 1297 Optima
1440 1235 1496 1282 et
1519 1229 1823 1285 necessaria
1849 1228 1983 1285 fore.
2087 1220 2412 1275 interimunt
2437 1234 2656 1276 omnem
2695 1219 2856 1285 iram,
2887 1228 2942 1276 et
2972 1219 3237 1287 furorem,
3268 1230 3322 1276 et
3354 1230 3575 1276 manent
3603 1221 3672 1276 ab

406 1323 478 1380 Et
509 1323 868 1380 ostenderunt
907 1322 1185 1392 quomodo
1218 1322 1375 1378 locus
1421 1324 1586 1379 modo
1625 1322 1867 1393 perfecte
1906 1324 1989 1380 vi.
2088 1311 2307 1369 insidiis
2342 1312 2410 1368 de
2446 1312 2661 1382 reliquo
2702 1311 2882 1366 liberi.
2943 1309 3157 1366 Sancus
3183 1311 3391 1381 quidem
3423 1314 3672 1378 virtutes,

406 1415 572 1472 vendi
620 1413 1085 1484 pulchritudinem
1121 1414 1214 1469 dat
1243 1422 1298 1470 et
1346 1413 1601 1470 formam.
1654 1415 1836 1482 Quare
1876 1431 1986 1471 non

2111 1403 2256 1458 lacob
2306 1405 2469 1460 scala:
2518 1415 2916 1472 comparantur,
2961 1411 3068 1459 etc.
3129 1404 3414 1475 Congrue,
3456 1415 3678 1477 propter

405 1506 606 1562 modus
639 1505 817 1561 solum
851 1503 1019 1573 (sicut
1049 1501 1273 1576 quidam
1307 1506 1631 1577 simpliciter
1657 1519 1713 1562 et
1738 1508 1879 1563 male
1901 1508 1986 1564 di-
2089 1497 2490 1553 sublevativum
2519 1505 2571 1551 et
2602 1511 2824 1554 sursum
2850 1495 3030 1552 ferens
3059 1495 3126 1551 ad
3155 1497 3397 1552 coelestia
3423 1515 3436 1550 :
3471 1499 3680 1553 malitia

404 1599 572 1665 cunt)
592 1637 610 1662 ,
643 1596 739 1652 sed
769 1604 824 1652 et
869 1595 1056 1662 locus,
1110 1597 1180 1653 ad
1212 1597 1435 1653 virtutis
1468 1598 1841 1669 operationem
1893 1614 1988 1656 ne.
2090 1604 2222 1646 vero
2236 1601 2587 1660 comparatur
2608 1597 2835 1654 catenae,
2857 1603 3079 1659 propter
3103 1602 3267 1658 grave
3291 1598 3345 1643 et
3374 1589 3683 1659 impediens

402 1687 688 1744 cessarius
717 1696 837 1754 est,
874 1687 972 1758 qui
1017 1687 1256 1743 maxime
1281 1687 1498 1744 confert
1526 1689 1777 1744 solatium
1801 1699 1855 1744 et
1897 1690 1988 1760 ᾔει.-
2022 1748 2061 1760 _
2092 1696 2256 1738 omne
2286 1682 2515 1746 bonum,
2547 1689 2604 1736 et
2632 1681 2896 1744 vinciens,
2937 1690 2992 1736 et
3035 1680 3294 1736 deorsum
3339 1697 3596 1752 gravans,
3628 1693 3685 1737 et

407 1797 604 1836 vamen
652 1748 1047 1850 perfectionem
1086 1781 1480 1851 querentibus.
1524 1779 1683 1837 Unde
1721 1791 1777 1837 et
1806 1748 1991 1842 noster
2022 1748 2064 1806 Β
2091 1773 2320 1830 trahens
2354 1773 2425 1827 ad
2453 1771 2800 1828 eorrfusiores
2827 1787 3006 1828 mores
3039 1783 3093 1828 et
3115 1787 3314 1842 opera,
3337 1748 3393 1827 et
3431 1788 3539 1827 una
3576 1774 3672 1827 uni

407 1873 759 1930 adversarius
809 1872 963 1944 (dicit
1022 1873 1128 1930 iste
1174 1875 1336 1931 Pater
1379 1877 1630 1944 sanctus)
1671 1876 1993 1948 plerumque
2091 1880 2232 1922 ansa
2272 1865 2628 1936 coniungitur
2672 1865 2726 1920 in
2770 1871 2996 1930 catena,
3043 1865 3174 1934 quia
3215 1879 3280 1919 ex
3323 1880 3432 1919 una
3467 1865 3679 1922 malitia

409 1976 598 2024 movet
636 1969 703 2022 ad
749 1967 1022 2038 lacrymas
1053 1982 1244 2025 servos
1269 1966 1400 2034 Dei,
1431 1982 1502 2024 ex
1531 1969 1715 2040 aliqua
1738 1984 1908 2026 causa
1936 1971 1992 2026 in
2091 1958 2442 2015 contrahitur
2463 1957 2656 2012 altera.
2686 1955 2918 2013 Pulchre
2938 1965 3122 2013 autem
3150 1963 3362 2011 catena).
3379 1956 3597 2012 cadenti
3613 1957 3681 2024 “,

414 2061 794 2118 civitatibuset
819 2059 962 2116 inter
987 2059 1254 2116 tumultus
1275 2060 1559 2116 hominum
1583 2071 1992 2130 conversantes,
2096 2067 2128 2106 ³
2156 2044 2329 2106 Ῥειΐο
2378 2048 2750 2120 θροεεοιθτυηι
2779 2047 3020 2112 νθτιίθον
3071 2046 3334 2103 “Iamiam
3382 2060 3682 2119 comparet.

417 2164 483 2209 ut
511 2169 606 2210 eos
630 2153 807 2209 taliter
832 2151 1102 2224 decipiat,
1129 2161 1184 2209 et
1213 2154 1418 2210 unde
1441 2155 1884 2227 appropinquare
1912 2156 1994 2211 fa-

2111 2143 2226 2214 ;uia
2269 2140 2364 2196 Dei
2401 2141 2577 2212 gratia
2607 2140 2768 2198 nobis
2809 2139 3072 2210 possibile
3093 2154 3238 2209 esse,
3271 2140 3549 2205 declarat,
3589 2155 3687 2211 per

414 2246 552 2314 ciat,
599 2261 684 2313 ac,
711 2261 776 2302 ex
807 2245 934 2315 hoc,
963 2245 1258 2302 verborum
1287 2255 1343 2301 et
1375 2247 1911 2317 conversationibus,
1942 2258 1998 2303 et

2111 2236 2259 2292 iidem
2287 2233 2585 2290 ferventem
2611 2241 2666 2289 et
2685 2247 2869 2289 veram
2897 2232 3276 2302 paenitentiam
3301 2233 3446 2306 (quae
3465 2234 3688 2304 signan-

408 2335 674 2406 operibus
707 2335 1090 2406 inquinentur.
2099 2335 2188 2384 tur
2219 2325 2276 2380 in
2310 2324 2494 2396 Petro)
2543 2339 2663 2380 eam
2699 2339 2731 2379 a
2761 2323 2921 2380 nobis
2947 2323 3208 2394 abjicere,
3235 2333 3290 2380 et
3318 2326 3385 2380 ad
3416 2325 3683 2381 virtutum

851 2449 982 2505 CAP.
1012 2448 1130 2506 vm
1161 2450 1285 2522 (col.
1326 2447 1429 2506 827
1461 2448 1546 2521 C).
2099 2417 2644 2522 {ibertf‘lemhrediﬁ-
2682 2414 2779 2472 Εει
2806 2416 2950 2520 istud
2978 2433 3178 2522 questu
3197 2417 3550 2522 uictimam.
3579 2426 3684 2474 etc.

761 2565 795 2581 ,_
973 2575 984 2581 _
1165 2509 1180 2522 ‘
1588 2563 1634 2581 ,η
1673 2573 1686 2581 Δ
1865 2569 1875 2580 ,
1921 2576 1932 2581 _
2102 2510 2238 2577 Hoc,
2271 2510 2488 2580 inquit,
2525 2510 2718 2566 vitium
2744 2509 3016 2580 praecipue
3049 2509 3204 2566 triste
3235 2520 3291 2566 et
3321 2513 3496 2581 magis
3538 2523 3690 2567 tene-

485 2563 593 2621 Irte
621 2565 884 2632 vacuitas,
907 2575 986 2620 est
1023 2573 1232 2621 natura:
1260 2568 1551 2631 superatio.
1588 2563 1810 2623 Naturae
1829 2569 1999 2624 victo—

405 2654 554 2710 riam
583 2654 735 2719 dicit,
758 2655 853 2710 ira:
868 2665 922 2710 et
941 2653 1146 2710 furoris
1175 2656 1544 2712 omnimodam
1576 2657 1997 2729 depositionem,

404 2757 472 2804 et
492 2749 949 2818 concupiscentia:
969 2748 1444 2805 mortificationem
1469 2768 1481 2805 :
1514 2752 1836 2808 naturaliter
1851 2753 1999 2808 enim

407 2842 620 2896 habent
651 2841 924 2908 homines,
957 2840 1121 2897 irasci
1147 2850 1202 2898 et
1231 2844 1641 2914 concupiscere.
1681 2841 1996 2913 Iracundia,

407 2943 496 2989 est
528 2935 706 2989 subita
727 2934 902 2990 cordis
927 2933 1386 3002 excandescentia,
1415 2945 1520 2992 etc.
1554 2936 1639 2992 Ira
1664 2946 1747 2994 est
1770 2954 2000 2995 manens

410 3027 663 3095 tristitia,
684 3037 739 3083 et
775 3041 1137 3099 perseverans
1163 3028 1400 3100 impetus
1427 3031 1494 3085 ad
1521 3030 1835 3090 vindictam.
1878 3029 1997 3099 Vel,

412 3121 524 3186 ira,
549 3129 632 3176 est
662 3120 942 3176 habituata
970 3121 1198 3176 malitiae
1234 3123 1524 3191 memoria,
1552 3138 1677 3179 cum
1709 3123 1834 3181 odio
1867 3139 2000 3180 con-

411 3213 708 3270 tristantis.
761 3211 961 3281 Furor,
991 3223 1071 3269 est
1097 3229 1304 3269 morum
1332 3216 1638 3272 inconstans
1667 3227 1864 3284 motus,
1893 3225 2000 3274 etc.

411 3303 617 3370 Furor,
648 3312 734 3360 est
761 3305 1010 3360 ebullitio
1039 3314 1094 3360 et
1127 3307 1382 3362 accensio
1401 3316 1456 3362 et
1483 3309 1800 3381 evaporatio
1820 3309 1887 3365 ad
1921 3324 2006 3365 re-

411 3395 776 3450 tributionem
829 3395 1208 3452 contristantis
1270 3397 1574 3467 impetuose
1636 3399 2004 3470 praecipitans.

417 3487 627 3557 Quippe
654 3504 746 3556 per
773 3498 1135 3542 atramentunt
1163 3489 1421 3544 columbae
1448 3490 1732 3545 candorem
1767 3491 2008 3546 demoliti

412 3590 614 3646 essent,
638 3589 742 3636 etc.
771 3579 877 3646 Qui
904 3582 1202 3636 secundum
1225 3585 1596 3652 apparentiam
1624 3583 2010 3656 longanimiter

417 3674 554 3744 agit,
584 3681 640 3728 et
666 3672 946 3728 Christum
991 3688 1051 3728 se
1083 3673 1308 3743 diligere
1348 3674 1592 3740 simulat,
1623 3684 1679 3731 et
1711 3675 1910 3748 (usque
1940 3677 2006 3734 ad

422 3777 640 3836 tempus
671 3765 1076 3837 retributionis)
1115 3781 1212 3837 per
1250 3767 1532 3823 silentium
1577 3784 1637 3825 se
1659 3769 1918 3836 occultat,
1957 3781 2011 3827 et

427 3867 703 3927 exspectat
746 3867 807 3914 ut
837 3857 1042 3912 malum
1090 3873 1189 3928 pro
1222 3859 1366 3915 malo
1403 3859 1688 3928 retribuat,
1715 3863 1872 3932 quasi
1914 3878 2012 3933 per

435 3960 823 4016 atramentum,
853 3951 1165 4007 columbam
1192 3953 1523 4008 exterminat
1549 3972 1562 4008 :
1614 3955 1743 4026 quia
1777 3955 2012 4011 charita—

434 4051 567 4104 tem,
597 4051 648 4096 et
677 4044 987 4112 puritatem,
1019 4058 1141 4114 quae
1169 4059 1266 4115 per
1293 4045 1608 4101 columbam
1647 4047 2009 4119 signiﬁcatur,

429 4146 531 4201 per
556 4133 895 4189 tenebrosam
922 4135 1245 4190 memoriam
1276 4135 1497 4190 malitiae
1522 4146 1575 4191 et
1602 4137 1815 4208 nigrum
1857 4137 2011 4194 furo-
2122 4133 2250 4145 ’“¹““
2289 4133 2484 4161 ⁰’““““·
2567 4202 2605 4221 Α

423 4223 510 4278 ris
549 4224 800 4291 livorem,
843 4235 1024 4293 necat,
1057 4225 1240 4282 cordis
1269 4193 1688 4298 tranquillitate:
1713 4240 1770 4284 et
1802 4246 1934 4301 pace
1960 4243 2003 4287 el

2565 4202 2695 4259 Car.
2734 4199 2802 4258 Χ]
2839 4204 2967 4270 (col.
3005 4201 3104 4258 85!
3142 4193 3230 4272 Β).

423 4315 845 4385 longanimitate
875 4316 1106 4387 perdita,
1139 4315 1194 4370 in
1227 4331 1334 4387 qua
1369 4293 1462 4372 Del
1495 4333 1622 4388 spes
1653 4293 2003 4389 quiescebat:

2187 4293 2414 4364 Speculo
2436 4294 2694 4351 hostium.
2742 4294 2880 4360 Quia
2907 4308 3014 4349 non
3045 4294 3223 4348 solum
3254 4294 3323 4349 ab
3349 4294 3699 4366 impugnato-

423 4402 653 4461 Summa
682 4408 850 4478 igitur
877 4385 1157 4464 aduersum
1183 4385 1497 4480 serpentem,
1526 4385 1638 4465 etc.
1672 4385 2010 4482 'Serpentem
2043 4433 2088 4489 ι)
2118 4387 2274 4442 ribus
2309 4386 2584 4489 (iusmdil’
2607 4385 2885 4489 ῗίιῗηιίξω
2906 4385 2961 4438 in
2995 4385 3245 4450 seienlia’
3273 4385 3580 4489 sedne?“
3594 4402 3702 4489 .⁴Ξ⁰⁸

423 4475 720 4566 appellat"
761 4499 899 4554 iram
944 4509 1000 4556 et
1045 4475 1289 4556 furore";
1313 4542 1328 4565 ν
1389 4475 1611 4572 μόρων
1656 4519 1752 4558 cor
1791 4475 2014 4572 aurum,
2043 4475 2085 4489 "
2119 4478 2560 4580 appropinquare
2584 4478 2736 4532 sinit.
2775 4475 3290 4580 Paucorum‘revera
3316 4488 3415 4544 est,
3445 4477 3704 4580 etc-51a-

425 4589 596 4644 letale
653 4598 707 4646 et
765 4591 1110 4661 malignum:
1152 4591 1371 4659 durum,
1405 4595 1532 4663 quia
1560 4593 1817 4659 furiosus,
1873 4611 2003 4651 nunt

2119 4570 2270 4625 terim
2315 4570 2672 4628 obstrictione
2719 4584 2749 4624 a
2775 4583 2882 4640 qua
2927 4568 3266 4637 prohibetur,
3307 4578 3362 4624 et
3405 4586 3501 4642 per
3527 4571 3703 4628 absti-

424 4683 622 4749 istum,
650 4695 798 4738 nunc
826 4659 980 4738 illum
1013 4683 1228 4756 plagat,
1259 4659 1439 4756 quia;
1462 4686 1591 4741 dum
1638 4702 1697 4743 se
1749 4687 1882 4742 vitio
1921 4704 2003 4758 per

2118 4662 2392 4725 nentiam,
2439 4660 2624 4733 lingua
2657 4661 2893 4731 ligatur:
2921 4659 3068 4728 quod
3111 4661 3256 4714 enim
3288 4668 3372 4716 est
3399 4661 3556 4717 cibus
3579 4677 3704 4717 cor-

427 4789 768 4832 consensum
805 4786 860 4832 et
891 4749 1028 4847 opus'
1062 4749 1292 4848 iniam",
1322 4749 1541 4834 savum
1581 4780 1821 4847 exhibet,
1858 4749 2017 4836 θεὼ,
2119 4750 2236 4821 pori
2291 4750 2429 4805 bene
2457 4750 2712 4814 habenti,
2759 4751 2866 4804 hoc
2886 4758 2968 4802 est
3009 4749 3447 4850 tentatidanimo
3474 4749 3614 4806 virili
3649 4763 3706 4805 et

426 4867 646 4924 sionem
691 4841 1132 4927 conturbationis
1180 4880 1235 4927 et
1268 4873 1512 4928 scandali
1565 4841 2017 4946 singulis'diebus
2122 4843 2290 4946 Reum
2314 4843 2578 4946 diligfnu'
2606 4841 3054 4946 Aventinam!“
3084 4841 3294 4946 scim“
3327 4843 3582 4946 mum.“
3613 4859 3704 4898 ra-

433 4958 778 5027 (adversario
804 4963 1151 5034 comrante)
1185 4965 1408 5034 reliquis
1450 4934 1685 5035 praebet:
1712 4963 1811 5022 Est
1834 4977 2003 5022 auten

2117 4934 2302 4990 dicare
2351 4934 2514 4999 facit,
2567 4944 2622 4990 et
2680 4936 3006 4990 tentationes
3060 4937 3297 5006 probant
3339 4945 3392 4990 et
3447 4937 3708 4992 roborant

431 5051 522 5105 ira
553 5053 735 5121 passio
772 5070 995 5121 vesana,
1026 5057 1307 5112 scientiam
1337 5057 1600 5112 habentes
1633 5055 1909 5115 infatuans
1941 5059 2023 5113 fa-
2119 5025 2285 5080 corda
2317 5041 2563 5121 virorum
2593 5036 2906 5080 sancwwm
2950 5034 3022 5121 et.
3051 5041 3284 5121 “9""33'
3351 5025 3562 5121 Νίίὺῗδ,
3583 5042 3705 5121 ⁸³9⁸

431 5141 638 5206 ciliter,
672 5142 897 5200 feralem
941 5147 1280 5203 constituens
1305 5149 1569 5212 animam,
1607 5161 1660 5204 et
1692 5164 1910 5204 omnem
1942 5149 2003 5205 af-

2122 5133 2264 5188 aqua
2297 5118 2606 5189 eﬂ‘ugantur
2632 5134 2662 5172 a
2691 5128 2871 5185 vento,
2903 5128 2958 5172 et
2979 5120 3061 5173 vir
3082 5120 3384 5190 linguosus,
3419 5118 3507 5172 Dei
3544 5118 3707 5187 justi-

433 5230 763 5292 fabilitatem
795 5239 1072 5296 declinare
1096 5240 1339 5307 faciens,
1379 5250 1436 5295 et
1461 5256 1523 5296 ex
1560 5241 1664 5296 hoc
1691 5242 1809 5297 dira
1848 5244 2025 5300 letalis
2125 5212 2254 5265 um"
2289 5227 2318 5264 ³
2355 5227 2414 5265 se
2449 5212 2684 5280 rapam“

433 5333 496 5379 et
521 5328 790 5400 maligna:
831 5347 860 5386 a
887 5349 994 5402 qua
1029 5343 1279 5389 movetur
1299 5344 1461 5388 vento
1485 5336 1826 5401 vehementi,
1851 5345 1907 5392 et
1933 5338 2019 5391 fu-
2775 5325 2905 5380 CAP-
2941 5323 3055 5378 XH-

439 5419 624 5476 riosus
660 5425 1019 5481 conturbatur
1053 5443 1080 5480 a
1107 5426 1560 5496 cogitationibus,
1591 5443 1713 5498 quae
1747 5439 1875 5484 sunt
1906 5430 2003 5484 sim

2202 5417 2338 5482 Qui,
2368 5434 2488 5471 cum
2527 5418 2667 5486 jocis
2698 5419 2968 5486 otioseque
2998 5416 3228 5471 sermoni
3255 5456 3271 5482 ,
3301 5424 3407 5471 etc.
3448 5416 3708 5472 Scurrili-

438 5510 741 5567 intellectu.
776 5513 1037 5586 Caliginis
1056 5517 1470 5588 evaporationes
1493 5519 1791 5574 obscurant
1817 5536 2020 5588 aerem,
2132 5518 2217 5566 las
2268 5523 2351 5567 cst
2388 5512 2780 5567 sermOCilIaiiO
2804 5510 3131 5583 ,ἱοουιειῑοΐίθ
3153 5552 3168 5576 ,
3192 5518 3247 5565 ει
3275 5511 3449 5565 risum
3480 5509 3707 5572 iniens.

437 5604 496 5649 ct
528 5595 685 5653 iuriae
701 5611 882 5657 motus
906 5614 1142 5661 mentem
1169 5605 1827 5672 iracnndi,obtcnebravit
1855 5609 2024 5682 solem
2135 5604 2189 5657 in
2219 5620 2382 5674 quam
2411 5605 2536 5674 quis
2573 5604 2918 5673 multilnquio
2963 5602 3277 5669 frequenter
3316 5603 3706 5674 praecipitatur.

2101 2604 2327 2660 brosum
2384 2610 2505 2668 est,
2561 2610 2670 2656 tam
2725 2601 2868 2657 inter
2915 2602 3098 2660 omnia
3149 2602 3423 2672 gignentia
3471 2611 3527 2658 et
3578 2619 3689 2680 non

2099 2696 2382 2769 gignentia
2403 2735 2421 2762 ,
2447 2711 2612 2767 quam
2642 2695 2806 2751 etiam
2853 2697 3035 2766 genita
3061 2695 3213 2751 vitia.
3258 2695 3512 2768 Gignitur
3540 2700 3686 2755 enim

2103 2789 2369 2845 memoria
2398 2789 2624 2844 malitiae
2647 2831 2662 2856 ,
2699 2795 2768 2844 ex
2812 2787 2998 2844 furore
3025 2807 3038 2844 :
3074 2802 3204 2844 nam
3233 2799 3412 2846 tumor
3437 2806 3560 2846 cum
3604 2791 3692 2846 fu-

2102 2895 2248 2949 rore,
2282 2881 2456 2952 ipsam
2488 2881 2680 2952 gignit,
2710 2880 2827 2951 ipsa
2853 2895 2982 2938 vero
3003 2882 3147 2952 parit
3173 2883 3406 2939 invidias
3431 2891 3486 2939 et
3514 2886 3690 2938 homi-

2105 2972 2290 3030 cidia:
2338 2988 2511 3042 quare
2561 2972 2694 3028 dicit
2737 2988 2885 3040 eam,
2936 2973 3058 3042 plus
3093 2974 3460 3044 gignentibus,
3487 2985 3543 3030 et
3581 2991 3691 3031 non

2026 3090 2072 3152 α
2103 3068 2474 3141 gignentibus,
2509 3077 2566 3123 et
2603 3067 2822 3139 genitis,
2864 3067 3068 3123 habere
3102 3067 3356 3123 tristitiae.

2585 3158 2716 3216 CAP.
2751 3159 2800 3216 Χ
2831 3161 2955 3232 (col.
2986 3158 3092 3215 846
3123 3159 3208 3231 C).

2178 3254 2446 3322 Quocirca
2469 3293 2484 3319 ,
2532 3263 2582 3308 et
2611 3262 2725 3321 post
2753 3268 2879 3307 suos
2902 3251 3155 3322 majores,
3183 3260 3290 3308 etc.
3330 3252 3695 3308 Detractionis

2106 3347 2483 3418 progenitores
2520 3355 2652 3402 sunt
2715 3345 2820 3400 ista
2867 3363 2884 3399 :
2933 3345 3128 3410 furor,
3173 3359 3242 3400 ex
3291 3345 3412 3412 ira;
3475 3359 3541 3400 ex
3591 3347 3696 3410 ira,

2109 3442 2345 3509 odium;
2399 3456 2464 3497 ex
2497 3441 2646 3503 odio,
2694 3440 2959 3495 memoria
3006 3440 3267 3507 malitite;
3316 3455 3384 3497 ex
3434 3443 3700 3496 memoria

2108 3535 2354 3598 malitiae,
2382 3535 2684 3602 detractio;
2717 3549 2782 3590 ex
2812 3535 2954 3599 istis,
2985 3533 3223 3600 invidia,
3251 3542 3306 3589 et
3360 3535 3440 3590 sic
3471 3535 3688 3590 tandem

2109 3628 2488 3683 homicidium.
2534 3628 2732 3682 Tenuis
2755 3627 3004 3698 languor,
3035 3635 3166 3694 ctc.,
3202 3627 3363 3697 quia,
3394 3627 3551 3697 quasi
3575 3628 3698 3681 nul-

2111 3720 2221 3778 lum
2246 3719 2506 3776 delictum
2530 3759 2546 3787 ,
2569 3725 2800 3792 apparet
2830 3717 3178 3785 detrahenti,
3202 3719 3489 3782 detractio,
3511 3734 3702 3774 crassa

2110 3827 2241 3868 vero
2268 3812 2497 3867 omnino
2523 3822 2627 3877 est,
2655 3819 2710 3867 et
2738 3811 2897 3881 quasi
2931 3810 3110 3866 latens
3137 3819 3194 3865 et
3224 3811 3546 3867 abscondita
3579 3814 3701 3866 anis

2109 3921 2213 3961 mat
2237 3905 2496 3976 perditio.
2531 3903 2704 3959 Sicuti
2724 3903 2975 3975 φωράσω·
2994 3911 3118 3956 sunt
3143 3901 3574 3968 adolescentulw,
3591 3915 3699 3959 etc.

2111 3997 2233 4055 Iste:
2277 4005 2444 4061 sunt,
2500 3997 2660 4068 gula,
2690 3996 2960 4062 ebrietas,
3013 3994 3325 4060 fornicatio,
3371 3997 3700 4062 scurrilitas,

2111 4106 2250 4145 vana
2289 4090 2484 4161 gloria.

525 5767 568 5799 ⁸³
615 5769 731 5823 Act.
765 5787 862 5836 xu,
908 5771 962 5824 7.
