4030 6456
402 287 535 353 1231

1570 302 1629 359 S.
1674 300 1912 360 JOANN
1927 303 1994 363 IS
2026 306 2123 364 RA
2136 307 2548 371 ITHUENSIS

3519 324 3526 333 '
3557 308 3691 380 1232

400 400 760 456 Audietttium
838 401 1067 475 luctus,
1131 406 1507 464 miserabiliter
1561 412 1804 465 demoliti
1864 423 1982 467 sunt

2083 419 2352 478 .militate
2408 423 2596 477 divina
2652 424 3007 489 illuminatio,
3070 439 3136 480 ex
3181 425 3404 491 eadem,
3436 438 3684 483 castitas.

407 494 702 550 Audientes
733 502 891 564 sunt,
920 499 1017 569 qui
1058 506 1188 554 sunt
1231 500 1285 555 in
1320 503 1643 570 paenitentia
1674 523 1689 558 :
1734 514 1818 559 est
1846 505 1997 560 enim

404 585 608 658 gradus
635 587 1021 645 exsistentium
1054 591 1109 647 in
1143 592 1488 662 pmnitcntia,
1520 596 1614 665 qui
1640 597 1842 652 dicitur
1872 598 1995 669 plo-

405 683 666 750 rantium,
697 686 787 756 qui
819 694 999 768 stant.
1031 695 1186 744 extra
1229 699 1416 759 portas
1436 691 1716 749 Ecclesiae.
1754 694 1997 751 Audien-

405 786 488 833 tes
538 777 706 850 igitur
732 780 836 836 hos
866 781 1000 836 dicit
1049 779 1231 848 Pater,
1279 783 1527 855 lugentes
1573 787 1784 843 scilicet
1829 804 1998 859 super

402 873 732 929 commissis.
793 873 890 929 Est
948 875 1114 945 igitur
1140 876 1445 947 apostolica
1491 880 1718 937 traditio
1745 881 1813 937 de
1854 881 1995 937 divi-

400 969 557 1026 sione
583 978 638 1025 et
657 969 1003 1027 ordinatione
1026 972 1439 1041 pmnitentium,
1474 977 1910 1046 purgandorum,
1935 987 1994 1032 et

393 1062 949 1121 catechumenorum.
1005 1063 1147 1121 Sunt
1174 1081 1307 1122 vero
1336 1069 1723 1138 ptenitentium
1749 1071 1997 1141 quinque

390 1154 550 1211 loci:
597 1154 753 1211 locus
793 1156 1165 1226 plorantium,
1191 1174 1317 1214 cum
1362 1161 1638 1231 pmnitens
1686 1172 1798 1217 stat
1841 1172 1993 1219 extra

394 1249 667 1307 ambitum
710 1252 982 1318 ecclesiae,
1016 1266 1071 1309 et
1113 1256 1426 1326 procidens,
1453 1271 1579 1311 cum
1612 1257 1740 1313 fletu
1764 1299 1779 1323 ,
1812 1259 1881 1314 ab
1910 1259 1995 1312 iu-

399 1342 771 1410 gredieutibus
809 1345 1052 1415 postulat
1086 1347 1417 1414 orationem,
1473 1358 1600 1404 ante
1628 1351 1871 1421 ipsorum
1900 1365 1994 1422 pe-

390 1439 494 1490 des
520 1445 858 1506 prostratus;
902 1439 1055 1493 locus
1101 1439 1194 1510 qui
1249 1440 1451 1497 dicitur
1482 1441 1834 1508 audientium,
1868 1451 1995 1499 ante

388 1535 607 1596 portas,
654 1545 776 1600 quae
818 1531 1058 1587 basilicae
1081 1533 1361 1601 dicuntur,
1409 1533 1476 1587 ad
1517 1533 1851 1590 audiendum
1875 1535 1992 1590 ofﬁ-

396 1620 584 1689 cium,
635 1623 729 1678 ubi
780 1624 1108 1693 pmnitentes
1147 1625 1394 1680 divinum
1427 1625 1667 1681 cilicium
1709 1626 1987 1696 audiunt;

388 1718 892 1786 subsequestratio,
924 1731 1047 1785 qua:
1070 1726 1155 1772 est
1196 1716 1360 1772 statio
1407 1718 1671 1783 ecclesiae,
1705 1719 1847 1774 intra
1875 1735 1994 1775 am-

400 1810 572 1865 bitum
598 1809 868 1873 ecclesias,
905 1808 958 1861 in
988 1807 1279 1879 posteriori
1322 1819 1479 1879 parte
1505 1810 1778 1866 umbonis.
1831 1809 1990 1866 Unde

396 1913 473 1969 et,
502 1902 597 1972 qui
643 1901 715 1955 ibi
738 1911 839 1967 est,
873 1900 928 1953 in
956 1900 1354 1957 exclamatione
1385 1918 1508 1972 quae
1547 1903 1606 1958 fit
1640 1904 1709 1959 ad
1736 1914 1991 1974 egressu-

397 2009 513 2058 ros,
547 2001 603 2048 et
636 1994 752 2064 ipse
776 2008 902 2048 cum
930 1993 1014 2049 eis
1042 1994 1322 2065 egreditur
1351 1996 1768 2063 consistorium,
1802 1997 1989 2068 ibique

397 2087 675 2153 statuitur,
705 2087 799 2156 qui
829 2100 1004 2156 usque
1031 2085 1100 2141 ad
1127 2087 1587 2158 complementum
1615 2090 1756 2146 sacri
1782 2101 1989 2162 myste-

388 2180 465 2234 rii
496 2191 863 2249 perseverant.
894 2178 1087 2234 Statio
1106 2193 1236 2234 vero
1264 2195 1390 2235 cum
1422 2181 1699 2248 fidelibus,
1735 2183 1793 2237 fit
1819 2183 1991 2251 parti-

392 2273 603 2341 cipatio
638 2271 837 2326 viviﬁci
884 2272 1075 2341 panis,
1122 2279 1178 2326 et
1219 2273 1655 2328 communicatio
1689 2281 1745 2328 et
1800 2273 1989 2328 Iibatio

388 2362 584 2418 calicis
604 2361 836 2417 Domini.
859 2360 995 2418 Cum
1017 2379 1049 2415 a
1066 2361 1341 2432 mendacio
1364 2364 1549 2418 mundi
1576 2364 1858 2433 fuerimus,
1876 2374 1983 2421 etc.

392 2457 493 2510 Est
548 2465 767 2521 autem,
829 2454 1045 2525 inquit,
1105 2455 1326 2525 quando
1382 2466 1598 2526 tempus
1652 2465 1808 2511 vocat
1859 2471 1984 2512 eum

388 2548 487 2617 qui
549 2548 604 2602 in
647 2548 906 2603 omnibus
934 2557 989 2603 et
1018 2547 1227 2617 ubique
1273 2562 1434 2606 verax
1484 2557 1569 2604 est
1627 2558 1679 2604 et
1729 2549 1984 2619 simplex,

386 2649 728 2696 commutare
749 2650 843 2694 aut
860 2641 1110 2704 verbum,
1130 2649 1389 2704 mortem,
1409 2648 1504 2696 aut
1526 2642 1982 2711 suppositionem,

391 2732 562 2788 habes
620 2734 831 2797 David,
872 2733 1192 2799 Abraham,
1250 2731 1402 2787 Raab
1448 2742 1503 2788 et
1556 2732 1865 2789 Samuelem
1930 2728 1983 2790 in

391 2825 651 2881 unctione
696 2825 890 2880 David.
1204 2833 1209 2837 '

1030 2918 1163 2974 CAP.
1202 2916 1340 2973 XIII.

428 3012 568 3080 -Qui
620 3012 787 3082 igitur
825 3012 1059 3080 priurum
1104 3012 1421 3066 mandatum
1462 3021 1697 3067 servant.
1771 3011 1874 3079 Qui
1912 3027 1980 3067 ex

2100 510 2343 569 Primam
2378 524 2661 585 comparat
2697 514 2949 581 lucifero,
2981 518 3279 573 secundum
3322 519 3466 574 ltitia:
3491 523 3686 590 plenae,

2100 604 2318 660 tertiam
2342 606 2467 660 soli.
2516 604 2589 660 Hi
2615 608 2777 672 enim,
2811 608 3038 675 ratione,
3065 608 3226 663 veluti
3256 607 3434 678 gladio
3454 610 3686 678 quodam

2100 695 2410 751 abscindere
2448 714 2524 762 se,
2556 706 2664 754 etc.
2716 696 2855 763 Quia
2892 699 3158 769 principia
3186 700 3511 755 vitiosarum
3538 700 3687 769 cogi-

2098 787 2371 843 tationum
2406 788 2635 844 viriliter
2667 799 3021 861 expugnant,
3055 803 3112 844 et
3157 790 3227 844 ab
3256 793 3409 845 omni
3447 791 3687 846 delecta-

2102 879 2273 944 tione,
2297 890 2355 935 et
2376 893 2668 947 consensu,
2685 890 2741 936 et
2765 894 2930 951 opere
2954 881 3100 935 malo
3128 882 3410 937 recedunt.
3452 881 3686 936 Misera-

2088 970 2218 1029 .bilis
2236 972 2449 1041 quidem
2471 981 2520 1028 et
2543 972 2636 1027 ille
2658 974 2746 1041 qui
2772 973 3007 1035 corruit,
3024 981 3125 1027 etc.
3172 972 3368 1028 Omnis
3397 975 3489 1043 qui
3518 975 3685 1028 verbo

2098 1060 2391 1127 doctrina),
2426 1072 2523 1117 aut
2562 1061 2815 1131 exemplo
2864 1063 3078 1132 operis,
3128 1077 3224 1119 seu
3278 1074 3552 1133 praecepto
3597 1066 3683 1117 iu-

2096 1154 2338 1209 discreto
2359 1153 2444 1209 vel
2476 1154 2705 1221 iniusto,
2725 1152 2958 1220 fratrem
2999 1164 3096 1210 aut
3130 1155 3411 1210 subditum
3440 1156 3499 1210 ia
3524 1157 3679 1213 bara-

2101 1245 2285 1301 thrum
2320 1245 2556 1315 impellit
2584 1256 2640 1302 et
2668 1246 2971 1316 immergit,
3010 1247 3096 1304 sui
3127 1246 3301 1315 ipsius
3328 1258 3385 1302 et
3424 1248 3680 1318 proximi,

2097 1351 2284 1395 coram
2321 1337 2572 1402 Domino,
2609 1354 2739 1394 reus
2769 1350 2853 1395 est
2883 1358 2895 1395 :
2947 1341 3090 1395 unde
3124 1339 3466 1408 iudicabitur
3494 1339 3681 1410 utique

2092 1432 2241 1489 sicut
2268 1431 2459 1488 mortis
2490 1443 2684 1487 auctor
2708 1443 2763 1490 et
2800 1442 2975 1490 actor.
3008 1433 3359 1489 Aduertamus
3378 1434 3681 1507 diligenter,

2093 1532 2144 1578 et
2197 1524 2677 1591 oidebimusiptos
2710 1527 2982 1596 spiritales
3022 1528 3264 1583 inimicos
3296 1536 3529 1592 nostros,
3572 1538 3675 1584 etc.

2094 1613 2243 1671 Sane
2264 1614 2638 1683 intendamus,
2663 1616 2863 1686 inquit,
2883 1617 3163 1688 quomodo
3184 1617 3471 1684 inimicus,
3487 1629 3679 1674 contra

2096 1721 2545 1779 unumquemque
2584 1708 2738 1778 juxta
2771 1709 3085 1780 quodcum
3119 1709 3448 1780 dispositum
3480 1710 3679 1766 viderit

2020 1786 2066 1843 Β
2092 1800 2341 1870 praelium
2383 1800 2612 1858 statuit:
2651 1812 2708 1857 et
2742 1802 2798 1857 ln
2827 1817 2938 1873 qua
2966 1817 3069 1859 nos
3101 1806 3276 1876 magis
3304 1804 3676 1871 inclinabiles,

2088 1902 2147 1949 et
2192 1891 2406 1950 facilius
2435 1907 2600 1964 posse
2627 1894 2749 1966 capi
2777 1899 3137 1968 cognoverit;
3175 1897 3233 1953 in
3275 1897 3370 1953 illo
3400 1910 3517 1952 suae
3560 1912 3678 1952 ma-

2093 1985 2359 2056 lignitatis
2379 1986 2607 2057 laqueos
2627 1988 2829 2043 tendit:
2862 1996 2922 2043 ut
2944 1997 3100 2059 puta,
3122 1990 3422 2046 secundum
3442 2005 3678 2047 consue-

2092 2079 2358 2141 tudinem,
2391 2087 2489 2134 aut
2516 2087 2752 2144 nitatem,
2786 2082 2884 2136 aut
2914 2081 3159 2146 modum,
3194 2092 3290 2137 aut
3336 2084 3542 2148 locum,
3585 2092 3678 2139 aut

2084 2168 2483 2226 familiaritatis
2514 2184 2675 2225 usum
2696 2209 2711 2233 ,
2754 2184 2855 2225 nec
2888 2168 3225 2239 indecentes,
3269 2169 3368 2226 sed
3403 2184 3678 2226 consonas

2087 2270 2141 2317 et
2184 2261 2473 2332 possibiles
2506 2260 2739 2317 faciliter
2771 2262 3190 2318 adiaventiones
3218 2266 3276 2317 et
3307 2262 3673 2332 cogitationes

2090 2355 2337 2410 immittit
2366 2363 2423 2410 et
2459 2370 2623 2411 casus
2656 2362 2832 2425 parat,
2859 2354 3062 2425 quibus
3090 2369 3545 2426 unumquemque
3572 2357 3675 2413 im-

2088 2456 2313 2520 pugnet,
2342 2455 2397 2502 et
2421 2447 2612 2503 leviter
2633 2447 2946 2519 supplantat
2976 2457 3033 2507 et
3056 2449 3264 2519 perdat.
3295 2451 3473 2512 Hanc,
3504 2465 3673 2503 meum

2088 2560 2181 2599 nec
2216 2560 2418 2609 meam,
2451 2554 2556 2602 etc.
2596 2542 2804 2611 Meam,
2839 2543 3061 2615 quidem
3091 2558 3312 2601 carnem
3344 2542 3511 2608 dixit,
3555 2552 3672 2597 tan-

2087 2652 2250 2709 quam
2284 2636 2481 2693 animae
2523 2637 2906 2708 coniunctam,
2945 2646 3000 2692 et
3034 2637 3103 2692 ab
3126 2651 3195 2691 ea
3221 2636 3478 2692 dilectam
3509 2656 3520 2691 :
3569 2652 3669 2691 non

2087 2746 2256 2784 meum
2305 2744 2435 2785 vero
2489 2731 2635 2785 sicut
2687 2730 3013 2787 militantem
3057 2738 3249 2785 contra
3295 2710 3573 2793 animam,
3618 2737 3669 2783 et

2085 2822 2329 2901 ejusdem
2355 2832 2706 2894 apparentem
2738 2822 3214 2901 impugnatricem.
3263 2820 3414 2897 Unde
3439 2820 3668 2887 Aposto—

2086 2915 2172 2970 lus
2192 2914 2259 2982 ²¹,
2303 2900 2526 2987 propter
2555 2916 2811 2972 scandala
2848 2916 3047 2972 anima:
3079 2900 3387 2972 evenientia
3426 2929 3525 2985 per
3550 2929 3667 2968 car-

2083 3026 2208 3066 nem
2238 3020 2293 3066 et
2317 3026 2381 3066 ex
2405 3025 2591 3077 carne,
2615 3025 2736 3069 eam
2763 3020 2996 3073 mortem
3022 3010 3337 3083 appellavit.
3373 3009 3665 3080 Gregorius

385 3105 589 3161 timore
614 3102 832 3159 Domini
862 3103 1117 3175 agonizat
1144 3113 1198 3158 et
1231 3104 1488 3168 luctatur,
1523 3110 1583 3158 ut
1608 3105 1718 3159 Deo
1745 3105 1976 3175 placeat,
2007 3133 2050 3192 ρ
2082 3121 2213 3161 vero
2227 3102 2558 3178 Theologus,
2581 3105 2947 3173 libidinosam,
2972 3105 3247 3168 servilem,
3267 3115 3322 3159 et
3343 3114 3665 3160 nocturnam

388 3196 490 3250 iste
522 3210 552 3249 a
586 3194 780 3249 timore
800 3194 1027 3261 carnali,
1055 3203 1111 3249 et
1150 3194 1296 3264 gula,
1330 3206 1384 3248 et
1410 3195 1650 3249 vanitate
1674 3194 1800 3249 vitae
1837 3194 1974 3251 lihe~

385 3293 564 3350 ratus,
593 3282 1066 3339 conversationem
1098 3283 1262 3338 habet
1301 3284 1355 3337 in
1389 3284 1562 3339 cmlo:
1601 3285 1730 3353 quia
1760 3300 1827 3340 ex
1859 3300 1979 3341 cer-

388 3374 712 3439 taminibus,
737 3372 1062 3437 humilitas;
1092 3389 1157 3428 ex
1193 3374 1520 3440 humilitate,
1553 3374 1738 3429 divina
1770 3376 1977 3432 illumia

386 3461 578 3529 natio;
614 3476 684 3514 ex
720 3460 906 3515 divina
937 3469 1122 3516 autem
1148 3461 1572 3525 illuminatione,
1613 3463 1842 3520 uastitas
1880 3464 1978 3518 ad-

378 3555 826 3621 venit-homini,
856 3562 911 3613 et
953 3555 1031 3611 ita
1068 3564 1253 3611 manet
1308 3552 1738 3626 regenerationis
1770 3555 1976 3613 Christi

388 3653 554 3717 filius,
589 3650 853 3707 liberatus
900 3667 931 3706 a
967 3650 1223 3722 contagio
1258 3652 1730 3721 praevaricationis
1761 3651 1893 3707 Adae
1918 3659 1978 3707 et

386 3761 420 3803 a
463 3745 847 3801 maledictionc
895 3744 1066 3816 legis,
1112 3745 1465 3815 pantomimis
1502 3746 1578 3799 ab
1620 3745 1827 3814 angelis
1870 3758 1979 3815 «per

384 3849 619 3896 mortem
659 3840 990 3904 minorattts,
1016 3850 1084 3894 ut
1122 3839 1302 3894 taliter
1324 3830 1661 3894 humiliatus
1694 3837 1877 3892 odiret
1919 3844 1977 3893 et

386 3932 721 3988 rescinderet
750 3941 1047 4002 .peccatum
1069 3972 1084 3996 ,
1115 3943 1170 3987 et
1197 3940 1346 3987 esset
1381 3946 1451 3986 ex
1474 3931 1675 3985 virtute
1702 3938 1757 3984 et
1795 3930 1973 3999 gratia

383 4023 556 4081 Filius
598 4024 715 4080 Dei.
763 4026 1145 4095 Terrestrisque
1171 4025 1385 4095 otypeus
1432 4023 1616 4084 cordi,
1652 4023 1706 4077 id
1736 4031 1846 4088 est,
1872 4028 1978 4078 rei

383 4120 770 4174 conversivum
794 4126 849 4175 ct
875 4118 1214 4188 repulsivnm
1244 4118 1589 4171 dmmonum:
1623 4114 1691 4169 ad
1723 4114 1977 4171 diﬂ'eren-

382 4210 516 4266 tiam
552 4213 692 4267 scuti
742 4211 1028 4284 paraclytii
1074 4220 1130 4266 et
1163 4209 1434 4281 angeliéi,
1484 4208 1868 4274 manifestans,
1907 4222 1974 4263 ex

385 4305 509 4372 hoc,
527 4305 906 4361 excellentiam
934 4302 1133 4359 futurae
1158 4302 1348 4375 gloriae
1368 4301 1707 4357 defensionis
1734 4300 1975 4370 Spiritus

380 4398 593 4463 sancti,
640 4408 696 4453 ct
741 4398 1005 4469 angelica:
1043 4398 1350 4467 dignitatis,
1401 4412 1636 4467 quorum
1668 4395 1974 4451 oministra-

2084 3200 2295 3255 vocavit
2315 3199 2655 3270 corporalem
2687 3199 3091 3271 generationem
3125 3206 3184 3253 ut
3209 3198 3666 3269 concupiscentiae

2082 3288 2139 3346 et
2176 3288 2422 3346 libidinis
2459 3298 2513 3344 et
2540 3291 2718 3346 noctis
2745 3304 2904 3361 opus,
2933 3298 2989 3345 et
3032 3289 3352 3360 spiritualis,
3387 3300 3442 3344 et
3489 3288 3665 3343 liierae

2082 3379 2452 3450 generationis
2477 3362 2835 3443 contrariam,
2869 3394 2938 3434 ex
2974 3379 3288 3433 infirmitate
3320 3364 3375 3432 et
3416 3377 3661 3455 originali

2082 3465 2630 3540 contagione.Neque
2658 3483 2725 3522 ex
2759 3466 2885 3534 hoc,
2907 3481 3037 3521 caro
3061 3474 3355 3521 accusatur
3381 3475 3475 3520 aut
3500 3466 3663 3519 malc-

2080 3561 2302 3628 dicitur,
2358 3576 2466 3615 non
2503 3559 2650 3617 enim
2698 3560 2795 3627 ait,
2839 3575 3029 3629 corpus
3061 3559 3284 3628 peccati,
3330 3557 3428 3615 sed
3475 3574 3662 3628 corpus

2081 3656 2309 3717 mortis;
2336 3652 2611 3720 videlicet,
2641 3651 2700 3707 in
2729 3652 3067 3715 servitutem,
3095 3668 3126 3707 a
3157 3659 3331 3706 morte
3353 3651 3660 3716 subactum,

2080 3761 2190 3801 non
2215 3754 2399 3801 autem
2431 3754 2661 3802 mortem
2690 3760 2958 3816 generans
2982 3766 2994 3800 :
3025 3744 3170 3817 quod
3194 3744 3416 3816 quidem
3445 3759 3554 3800 non
3581 3753 3663 3800 est

2081 3838 2437 3911 malignitatis
2490 3837 2708 3901 carnis.
2772 3838 2868 3895 sed
2936 3840 3121 3913 lapsus
3175 3820 3338 3908 quem
3398 3837 3662 3893 sustinuit

2080 3933 2330 4004 aenigma.
2392 3929 2461 3986 Et
2504 3931 2671 3997 sicut,
2705 3945 2733 3985 a
2771 3928 3026 3986 Barbaris
3053 3930 3381 4001 captivatns,
3434 3945 3543 3986 non
3585 3939 3664 3986 est

2078 4026 2353 4081 Barbarus
2380 4045 2395 4080 :
2445 4022 2519 4080 ita
2552 4038 2776 4094 corpus,
2815 4022 3011 4101 mortis
3040 4037 3242 4094 corpus
3271 4008 3493 4087 dicitur,
3524 4012 3661 4092 quo-

2078 4120 2227 4175 niam
2258 4135 2289 4174 a
2320 4126 2495 4174 morte
2528 4118 2731 4174 victum
2762 4127 2816 4174 et
2845 4117 3128 4173 detentum
3156 4115 3411 4182 exsistit;
3449 4125 3507 4172 et
3541 4115 3659 4170 ideo

2080 4227 2189 4266 non
2212 4226 2384 4278 mors,
2408 4226 2585 4280 neque
2616 4209 2810 4265 mortis
2833 4207 3048 4280 genitor
3072 4222 3308 4277 corpus:
3336 4216 3663 4278 quapropter

2080 4320 2180 4361 nec
2214 4305 2330 4377 ipse
2360 4302 2601 4376 postulat
2631 4317 2662 4358 a
2695 4315 2926 4373 corpore
2957 4301 3177 4357 liberari
3199 4339 3213 4365 ,
3249 4300 3344 4357 sed
3373 4316 3405 4354 a
3446 4300 3662 4355 mortali

2078 4414 2330 4469 corpore.
2386 4396 2743 4465 Quaerendum
2788 4410 2991 4461 censeo,
3040 4395 3158 4465 quis
3191 4394 3369 4464 major
3398 4394 3505 4461 sit,
3559 4402 3660 4450 etc.

382 4487 555 4557 tione,
576 4489 734 4560 quasi
767 4464 1170 4560 inexpugnabili
1198 4464 1356 4545 scuto
1380 4464 1739 4559 protegimur,
1769 4499 1823 4543 et
1847 4504 1970 4544 mu-
2005 4464 2049 4533 Β
2077 4464 2196 4548 Non
2231 4464 2549 4556 morientes,
2583 4497 2715 4545 sunt
2744 4494 2943 4544 natura
2977 4464 3157 4557 angeli
3186 4487 3326 4544 :.his
3348 4487 3661 4543 assimilan-

381 4579 590 4634 nimur.
614 4578 842 4649 Nomqui
871 4581 1049 4634 carnis
1071 4583 1243 4633 lutum
1268 4580 1379 4633 sine
1402 4578 1559 4632 sorde
1577 4581 1825 4643 servavit,
1862 4589 1969 4634 etc.

380 4672 515 4730 Post
578 4672 792 4743 lapsum
850 4673 1013 4744 primi
1068 4672 1323 4743 parentis‘
1366 4686 1567 4741 corpus
1614 4672 1973 4741 corruptibile

380 4765 543 4834 dicit,
576 4765 736 4836 cujus
771 4767 1019 4823 membra
1051 4765 1268 4835 spiritui
1300 4763 1554 4833 subiicit.
1586 4763 1679 4833 Qui
1714 4762 1971 4818 sensibus

381 4859 556 4919 utitur
580 4859 881 4915 secundum
914 4866 1164 4913 naturam
1191 4866 1249 4914 et
1274 4857 1513 4913 divinam
1543 4858 1889 4922 servitutem,
1919 4865 1976 4911 et

379 4956 435 5011 in
488 4954 638 5011 nullo
676 4954 845 5011 Deum
884 4954 1146 5019 offendit,
1194 4955 1291 5010 scd
1326 4954 1395 5009 ad
1449 4953 1627 5022 ipsum
1677 4952 1874 5022 aspicit
1920 4960 1977 5006 et

381 5052 742 5123 imaginatur,
795 5060 850 5106 et
909 5053 1223 5122 speculatur
1274 5060 1514 5105 lanternas
1574 5058 1630 5101 et
1692 5053 1973 5099 manentes

379 5148 838 5217 pulchritudines,
870 5164 996 5219 qua:
1027 5149 1081 5204 in
1104 5162 1285 5218 regno
1312 5146 1457 5200 illius
1491 5152 1639 5198 sunt.
1698 5140 1783 5194 Ea:
1808 5157 1973 5195 auro-

376 5260 452 5299 rte
485 5244 673 5313 quippe
701 5245 950 5309 candore,
992 5245 1109 5309 lux,
1143 5251 1250 5298 etc.
1306 5240 1362 5294 In
1401 5237 1655 5309 praesenti
1697 5235 1970 5305 exemplo,

380 5348 552 5389 unum
586 5335 808 5407 alterius
846 5332 1268 5390 conciliativum
1309 5328 1561 5387 assistit:
1615 5342 1741 5382 nam
1775 5342 1971 5380 aurora

379 5425 537 5491 lucis,
565 5426 655 5480 lux
688 5426 841 5483 solis.
876 5425 1149 5481 Auroram
1213 5436 1343 5477 vero
1374 5421 1529 5485 dicit,
1562 5418 1925 5474 humilitatem
1954 5434 1969 5482 ;

377 5519 553 5573 lucem
593 5517 727 5574 dicit
766 5518 1009 5573 divinam
1060 5514 1513 5569 illuminationem
1546 5531 1562 5578 ;
1623 5512 1795 5568 solem
1838 5511 1971 5566 dicit

364 5611 705 5673 castitatem.
759 5608 951 5681 igitur,
992 5622 1059 5663 ex
1121 5606 1390 5679 agonibus
1421 5606 1725 5672 humilitas,
1755 5619 1821 5662 ex
1861 5605 1966 5660 hu-

441 5788 486 5821 “
516 5786 561 5842 ll
592 5787 719 5844 Cor.
763 5801 800 5855 ι,
837 5785 892 5843 8.

2080 4597 2188 4653 tur,
2226 4589 2321 4659 qui
2358 4586 2566 4643 Christi
2610 4584 2817 4657 gratia,
2852 4599 2968 4641 suae
3015 4583 3285 4644 naturalis
3330 4584 3664 4641 excellentiae

2078 4662 2385 4736 castitatem
2417 4675 2796 4742 servaverint;
2831 4675 3074 4731 moriens
3103 4689 3231 4730 vero
3258 4682 3316 4729 et
3346 4690 3660 4747 resurgens,

2078 4766 2352 4824 Christus.
2408 4765 2488 4821 Ex
2519 4780 2651 4835 quo,
2701 4764 2803 4820 iste
2845 4773 3070 4827 sanctus
3113 4766 3437 4825 consolatur
3483 4782 3664 4831 resur-

2076 4869 2263 4932 gentes
2308 4866 2433 4929 post
2478 4855 2661 4912 carnis
2704 4864 2981 4923 mortem,
3026 4868 3247 4928 propter
3297 4858 3563 4913 humilem
3606 4868 3658 4913 et

2074 4958 2381 5021 proruptum
2436 4949 2813 5018 pmnitentiam
2845 4957 2901 5006 et
2935 4947 3297 5005 obedientiam
3348 4964 3447 5005 eos
3492 4936 3662 5023 beati-

2073 5042 2282 5097 ﬁcans:
2319 5041 2610 5101 insinuans
2642 5058 2708 5096 cx
2732 5042 2856 5108 hoc,
2886 5042 3020 5112 quia
3051 5043 3240 5099 nullus
3280 5058 3526 5112 unquam
3566 5043 3663 5096 hc-

2075 5134 2283 5189 iuiuum
2306 5133 2529 5189 omnino
2553 5133 2671 5189 sine
2701 5145 2946 5206 peccato,
2975 5136 3228 5206 quamvis
3251 5135 3480 5205 quidam
3510 5135 3666 5190 nobis

2073 5237 2407 5299 appareant,
2442 5228 2572 5282 vitia
2608 5238 2663 5284 ct
2694 5238 2931 5298 peccata
2964 5231 3195 5301 fugisse.
3251 5230 3372 5285 Non
3400 5233 3549 5287 enim
3583 5240 3666 5285 est

2072 5302 2261 5386 homo,
2290 5319 2381 5390 qui
2425 5322 2593 5382 vivat,
2625 5328 2678 5372 et
2723 5334 2831 5375 non
2881 5328 3084 5389 peccet.
3128 5320 3310 5387 Quare
3339 5323 3659 5376 concludit:

2071 5415 2162 5484 qui
2216 5413 2486 5467 bratiﬁcat
2519 5428 2641 5467 eum
2689 5413 2783 5482 qui
2819 5412 3121 5468 secundum
3159 5415 3535 5484 appar-entiam
3580 5424 3663 5469 est

2069 5509 2189 5563 sine
2230 5517 2476 5579 peccato,
2524 5504 2752 5570 fallitur,
2789 5507 2919 5576 quia
2955 5509 3106 5563 solus
3138 5508 3398 5564 Christus
3428 5522 3510 5564 est
3543 5510 3662 5563 sine

2068 5610 2310 5673 peccato,
2352 5600 2444 5672 qui
2487 5609 2538 5657 et
2583 5607 2833 5655 mortuus
2875 5609 2999 5667 cst,
3031 5611 3086 5656 et
3143 5604 3467 5658 resurrexit.
3524 5599 3658 5670 Quis
