4030 6404
274 416 418 483 1233
1457 411 1779 471 SCIIOLIA
1822 410 1905 468 ΙΝ
1951 408 2359 473 CLIMACUM.
3414 407 3553 472 123$

268 548 412 607 ergo
441 541 545 597 est,
580 532 673 601 qui
713 529 921 599 peccati
965 536 1195 582 mortem
1221 525 1453 597 επιιείιῖ
1501 540 1674 596 quare
1707 537 1866 579 nemo
1894 533 1942 585 Α
1967 528 2187 597 quando
2222 531 2362 583 mala
2412 529 2648 599 patimur
2702 527 2795 583 sed
2845 527 3064 599 quando
3099 527 3237 580 mala
3296 525 3547 591 facimus,

268 630 475 699 utique
499 636 586 681 est
610 624 701 693 qui
738 634 845 676 non
864 619 1101 676 offendat
1130 628 1187 674 et
1214 626 1419 689 peccet.
1486 618 1551 673 Hi
1580 625 1711 673 sunt
1738 633 1870 688 ergo
1971 622 2208 677 dicimus
2261 631 2316 676 et
2372 622 2696 692 cogitamus.
2765 618 2875 674 Nos
2908 633 3039 674 vero
3078 618 3220 673 male
3252 628 3467 689 tempus
3501 628 3555 673 et

266 722 379 792 qui
423 716 768 776 beatiﬁcandi
807 722 969 779 sum.
1003 715 1096 785 qui
1142 729 1243 784 per
1271 726 1455 767 veram
1488 711 1869 782 pmnilemiam
1973 716 2218 771 ordinem
2258 720 2698 780 commutamus,
2749 711 2881 783 quia
2919 711 3201 782 diligimus
3233 709 3459 765 delicias
3503 720 3558 764 et

264 822 612 870 revocantur
649 818 705 863 et
751 814 1103 863 renovantur.
1158 804 1350 859 Videat
1394 818 1526 875 ergo
1577 805 1672 875 qui
1712 804 1865 859 viam
1974 808 2214 872 divitias,
2244 816 2299 862 et
2340 806 2558 861 odimus
2586 812 2958 876 paupertatem
2996 811 3050 859 et
3078 803 3321 870 dolores,
3368 811 3421 857 ct
3474 802 3554 856 la-

265 904 624 975 paenitentiae
645 912 699 956 et
721 901 1031 972 religiosam
1058 899 1242 969 elegit,
1271 897 1550 968 quomodo
1573 896 1875 953 secundum
1978 902 2167 968 bores,
2199 906 2254 955 et
2289 899 2702 961 tribulationes,
2733 907 2787 953 et
2833 897 3116 963 tristitias,
3162 904 3219 952 et
3272 894 3558 966 passiones

264 1002 460 1057 Deum
485 1000 636 1055 vivat
665 1017 679 1053 :
736 999 865 1068 quia
907 998 955 1052 si
1009 994 1250 1066 seipsum
1308 994 1546 1065 perfecte
1577 1009 1607 1048 a
1636 993 1785 1049 curis
1825 1002 1878 1048 et
1979 1007 2087 1048 non
2108 1007 2358 1047 amamus
2386 991 2657 1047 sustinere
2686 1006 2783 1059 pro
2812 990 3054 1056 Christo,
3091 997 3152 1044 ut
3185 1000 3477 1059 regnemus
3505 988 3558 1040 in

264 1091 743 1151 delectationibus
771 1099 826 1144 et
854 1089 1004 1145 vitiis
1040 1104 1150 1144 non
1174 1086 1503 1152 mortiﬁcat,
1534 1086 1766 1141 mendax
1800 1085 1881 1140 ef-
1982 1096 2243 1142 zeteruum
2278 1100 2403 1141 cum
2443 1084 2584 1153 ipso.

265 1185 490 1249 fectus,
520 1184 668 1255 quod
708 1181 961 1253 promisit
992 1189 1190 1251 negat,
1222 1191 1278 1236 et
1318 1195 1348 1234 a
1389 1178 1881 1235 beatificandorum
2334 1178 2466 1233 Car.
2495 1176 2624 1234 XV.
2655 1207 2725 1216 --
2757 1176 2837 1229 Ad
2867 1175 3094 1247 gradum
3115 1174 3209 1229 21.

266 1289 525 1331 ηυωθτο
573 1274 818 1342 seipsum
874 1270 1151 1340 ίιηῐπθδθῑ
1203 1271 1468 1335 omnino,
1532 1268 1580 1324 εί
1641 1267 1883 1337 seipsum
2008 1266 2027 1283 ’
2062 1272 2183 1327 Non
2234 1273 2386 1325 illum
2435 1270 2630 1325 ‘audias
2657 1285 2777 1323 cum
2801 1268 2921 1334 tibi,
2961 1277 3019 1321 ut
3042 1268 3427 1338 episcopatum,
3457 1273 3561 1320 etc.

271 1382 462 1440 quam
516 1365 681 1422 citius
725 1378 823 1433 per
851 1377 1036 1417 veram
1070 1360 1480 1417 confessionem
1512 1369 1565 1417 et
1614 1355 1889 1428 poeniten-

2029 1385 2134 1423 ane
2166 1366 2347 1423 cordis
2370 1364 2697 1421 confidentia
2727 1371 2782 1419 et
2799 1363 3163 1433 periculorum
3199 1369 3565 1430 contemptus.

276 1460 428 1513 tiam
469 1470 574 1512 non
613 1455 888 1510 emendat.
945 1453 1087 1519 Quid
1120 1462 1200 1507 est
1230 1450 1369 1523 quod
1415 1453 1469 1505 in
1496 1451 1620 1504 aliis
1651 1448 1889 1518 peccatis

2029 1464 2061 1517 b
2118 1477 2227 1515 uno
2256 1461 2487 1516 istorum
2518 1459 2756 1513 duorum
2799 1454 3018 1526 penitus
3045 1463 3165 1509 est:
3201 1460 3295 1508 aut
3320 1468 3386 1508 ex
3414 1451 3567 1507 duri-

282 1552 543 1608 seductus
569 1551 747 1614 Ιιοπιον
774 1557 878 1604 ειε-
935 1546 1171 1603 οσειιάίι
1202 1546 1401 1617 quippe
1434 1544 1655 1613 aliquis.
1691 1552 1746 1597 et
1792 1556 1890 1612 per
1995 1557 2067 1612 tia
2098 1555 2302 1619 cordis,
2328 1561 2425 1607 aut
2451 1570 2513 1607 ex
2545 1549 2717 1607 multa
2742 1551 2845 1605 fide
2871 1549 2937 1604 ad
2961 1547 3151 1604 Deum.
3175 1545 3283 1602 Sed
3312 1545 3569 1600 duritiam
3638 1552 3643 1557 ι

291 1646 477 1713 ipsam
520 1642 662 1695 viam
706 1656 815 1710 qua
867 1654 1157 1710 perversos
1201 1647 1326 1702 est,
1379 1637 1577 1691 iterum
1626 1632 1786 1689 rediit
1823 1633 1893 1686 ad
1995 1661 2141 1707 certe
2199 1648 2447 1717 sequitur
2499 1645 2775 1715 superbia,
2811 1641 3122 1713 superbiam
3156 1639 3314 1694 mina
3355 1656 3369 1705 ς
3415 1636 3573 1692 ﬁdem

297 1734 618 1791 Dominum.
691 1733 989 1804 Abnegavit
1037 1731 1185 1786 enim
1239 1730 1329 1796 (ut
1380 1728 1461 1783 sic
1496 1725 1748 1794 dicatur)
1801 1740 1894 1795 per

299 1829 583 1899 linguam,
623 1837 678 1882 et
735 1841 831 1896 per
875 1826 1114 1893 linguam
1179 1836 1374 1876 rursus
1424 1816 1714 1873 confessus
1767 1823 1890 1870 est:

307 1921 559 1990 rapinam
617 1918 869 1973 manibus
922 1914 1233 1977 commisit,
1283 1919 1336 1967 et
1391 1912 1647 1966 manibus
1698 1910 1895 1965 iterato

313 2009 572 2081 dispersit
610 2016 663 2064 et
691 2006 841 2064 dedit
882 2004 1238 2076 pauperibus,
1259 2009 1317 2056 et
1368 2002 1423 2056 in
1456 2000 1581 2056 aliis
1622 2000 1894 2055 similiter.

317 2101 428 2168 Qui
462 2116 591 2156 vero
621 2100 959 2161 fornicatur,
980 2111 1089 2153 non
1119 2111 1213 2166 per
1255 2093 1403 2150 illam
1433 2094 1574 2149 viam
1614 2107 1719 2163 qua
1752 2092 1898 2146 ceci-

317 2194 425 2260 dit,
456 2191 546 2248 sed
590 2207 686 2262 per
713 2191 871 2246 aliam
906 2196 1206 2244 revertetur
1232 2186 1299 2241 ad
1344 2184 1633 2240 Dominum
1662 2203 1675 2238 :
1729 2198 1903 2254 quare

313 2284 541 2354 proprie
585 2282 895 2347 fornicatio,
935 2280 1120 2349 lapsus
1156 2278 1375 2343 dicitur,
1403 2285 1458 2331 et
1506 2291 1616 2329 non
1650 2274 1901 2329 olfensio.

315 2376 491 2442 Sane,
538 2374 665 2445 quia
718 2374 1036 2430 monasticae
1075 2369 1517 2435 conversationi,
1574 2368 1678 2423 hoc
1721 2367 1907 2433 utique

314 2467 597 2539 (videlicet
622 2466 1021 2537 virginitatem,
1057 2464 1261 2519 habere
1297 2469 1352 2517 et
1380 2458 1698 2528 observare)
1742 2472 1907 2527 supra

318 2571 520 2618 cetera
574 2574 830 2629 supreme
869 2558 1157 2629 proprium
1191 2565 1302 2623 est,
1350 2553 1497 2626 quod
1537 2561 1588 2608 et
1622 2552 1738 2607 vult
1773 2565 1911 2620 prae-

319 2655 527 2711 dicatio
556 2653 795 2709 nominis
821 2650 1101 2715 monachi,
1122 2658 1176 2704 et
1198 2647 1526 2719 promissio:
1557 2654 1700 2699 recte
1723 2644 1921 2713 igitur,

321 2747 422 2818 qui
447 2744 815 2815 virginitatem
843 2742 1105 2813 corrupit,
1137 2756 1264 2797 vere
1286 2739 1483 2796 cecidit
1515 2737 1739 2792 irritans
1766 2735 1913 2805 quod

319 2840 597 2914 promisit.
687 2838 871 2906 Quare
925 2837 1147 2908 proprie
1190 2834 1515 2901 fornicatio,
1562 2842 1675 2886 tum
1717 2832 1845 2901 quia
1883 2847 1912 2883 a

324 2943 540 2991 natura:
570 2932 902 3001 integritate,
922 2939 1057 2985 tum
1085 2929 1212 2999 quia
1246 2945 1276 2983 a
1308 2924 1669 2998 professionis
1693 2923 1914 2995 propria

323 3026 590 3097 dignitate
627 3024 805 3089 cadit,
840 3022 1026 3093 lapsus
1053 3023 1254 3077 dicitur
1281 3029 1337 3075 et
1370 3034 1481 3076 non
1525 3016 1782 3073 offensio.
1835 3014 1929 3069 Ad-

326 3121 457 3186 hoe,
503 3118 599 3190 qui
663 3127 856 3175 contra
892 3117 1205 3189 opinionem
1245 3115 1506 3182 offendit,
1549 3108 1919 3170 existimando

1996 1758 2124 1798 vero
2153 1743 2401 1821 sequitur
2429 1738 2614 1794 cordis
2636 1736 2933 1791 humilitas.
2957 1733 3021 1787 Et
3048 1731 3372 1788 humilitatis
3402 1730 3574 1801 signa,

2002 1835 2203 1891 humile
2240 1843 2305 1894 .et
2343 1842 2698 1902 temperatum
2766 1844 2977 1900 sapere,
3027 1836 3081 1883 et
3111 1825 3432 1896 simplicitas
3460 1839 3581 1878 cor-

1998 1930 2101 1984 dis.
2155 1926 2306 1981 Mens
2358 1932 2538 1979 autem
2602 1922 2931 1986 illuminata,
2963 1929 3017 1974 et
3038 1918 3359 1975 deliberatio
3390 1923 3580 1972 sancta

1999 2031 2054 2078 et
2088 2030 2256 2085 recta,
2279 2035 2402 2075 cum
2436 2016 2610 2087 gratia
2634 2026 2688 2071 et
2719 2015 2865 2070 dono
2913 2012 3284 2075 discretionis,
3334 2008 3586 2065 dili‘eren-

2004 2115 2108 2169 tias
2137 2112 2429 2181 spirituum
2466 2119 2801 2177 cognoscere
2834 2104 3043 2159 faciunt
3078 2123 3092 2160 :
3135 2104 3253 2158 sine
3292 2101 3412 2156 istis
3453 2095 3585 2154 vero

2005 2206 2219 2261 arundo
2290 2212 2450 2257 vento
2498 2201 2701 2270 agitata
2756 2198 3134 2267 unusquisque
3167 2192 3457 2264 reperitur,
3487 2204 3589 2245 nec

2008 2297 2126 2352 sine
2170 2297 2308 2350 duce
2350 2303 2409 2349 et
2459 2291 2705 2360 ejusdem
2754 2289 3018 2359 perfecta-
3050 2283 3359 2341 obedientia
3401 2282 3527 2352 quis
3557 2296 3586 2335 a

2008 2391 2315 2446 daemonum
2350 2386 2698 2442 illusionibus
2749 2393 2802 2438 et
2835 2380 3051 2436 insidiis
3081 2379 3218 2434 liber
3244 2376 3367 2433 erit.
3422 2373 3592 2445 Atque

2010 2484 2080 2538 ad
2142 2499 2330 2537 manus
2385 2477 2796 2550 pet-venientium
2855 2477 2922 2540 ³¹,
2985 2482 3090 2528 etc.
3156 2469 3386 2526 Attende
3412 2466 3535 2528 tibi,
3560 2481 3595 2518 ο

2013 2586 2071 2632 ιιι
2101 2576 2196 2646 qui
2226 2574 2623 2643 eleemosynam
2652 2567 2908 2638 suscipis,
2944 2575 3005 2620 ut
3032 2563 3183 2619 nullo
3232 2559 3395 2616 modo
3437 2558 3593 2614 reci-

2014 2668 2155 2738 pias,
2203 2666 2309 2720 nisi
2358 2679 2421 2718 ea
2468 2677 2591 2733 quae
2647 2658 2812 2715 mittit
2835 2657 2930 2712 tibi
2959 2658 3099 2711 Dens
3135 2670 3202 2709 ex
3232 2648 3510 2707 laboribus
3542 2659 3599 2704 et

2018 2759 2287 2816 fructibus
2339 2756 2506 2826 justis
2557 2770 2570 2804 :
2610 2760 2664 2808 et
2703 2752 2827 2816 hoc,
2877 2763 3001 2804 cum
3036 2747 3228 2800 timore
3259 2750 3314 2797 et
3340 2750 3596 2825 trempre,

2019 2863 2280 2920 tanquam
2314 2849 2381 2903 de
2407 2862 2572 2902 manu
2610 2843 2723 2911 Dei,
2751 2843 2816 2897 ad
2856 2849 3156 2896 extremam
3198 2846 3350 2890 tuam
3409 2844 3599 2887 neces-

2018 2942 2285 3001 sitatem.‘
2321 2938 2455 3007 Quae
2483 2945 2670 2993 autem
2703 2945 2832 2991 sunt
2863 2950 2927 2987 ex
2964 2931 3171 2995 usuris,
3207 2934 3262 2981 et
3290 2924 3507 2996 pugnis,
3549 2931 3603 2977 et

2018 3032 2305 3104 injustitia,
2335 3028 2546 3094 fraude,
2568 3036 2622 3082 et
2646 3025 2859 3095 rapina,
2885 3033 2939 3077 et
2965 3017 3251 3091 tyrannide
3273 3015 3371 3070 tibi
3394 3013 3600 3077 oblata,

2023 3126 2241 3196 penitus
2275 3122 2475 3186 devita,
2518 3134 2586 3174 ne
2618 3128 2672 3173 et
2702 3126 2757 3171 tu
2801 3131 2926 3171 cum
2970 3108 3324 3167 oﬂ'erentibus
3376 3106 3607 3162 damne-

326 3212 594 3284 Quoniam
636 3221 786 3268 ι’θείθ
825 3212 996 3282 “Pii,
1030 3210 1331 3267 secundum
1383 3206 1746 3279 ignorantiam
1795 3217 1921 3275 Pe"
1948 3218 2143 3287 oris:
2175 3225 2229 3270 et
2263 3220 2539 3269 memento
2574 3209 2799 3273 laboris,
2826 3215 2880 3262 et
2900 3202 3231 3268 alliictionis,
3251 3208 3308 3255 et
3341 3197 3607 3268 regularis

328 3306 538 3361 cutitur
579 3305 737 3375 plaga
767 3303 904 3376 (20).
964 3303 1068 3370 Qui
1101 3312 1287 3359 autem
1328 3300 1659 3366 fornicatur,
1686 3311 1920 3354 noscens

2029 3310 2249 3383 iustitia:
2297 3307 2543 3369 Patrum,
2573 3310 2627 3358 et
2669 3300 2920 3357 manibus
2953 3298 3063 3352 tuis
3102 3293 3311 3358 labora,
3362 3298 3423 3346 ut
3464 3289 3612 3359 justo

326 3398 462 3471 quia
508 3413 649 3468 0W8
716 3396 920 3453 malum
967 3402 1087 3461 est.
1141 3394 1399 3451 θθηεὶὒιιε
1452 3408 1519 3448 οι
1563 3391 1926 3448 delectatione
2022 3378 2198 3456 vivas.
2228 3395 2528 3452 Laborabis
2568 3402 2746 3447 autem
2781 3387 3082 3444 secundum
3115 3382 3340 3437 Patrum
3366 3378 3608 3450 regulas.

326 3490 624 3565 perellluit,
658 3499 715 3547 et
742 3506 851 3577 non
884 3506 950 3545 ex
984 3487 1292 3560 ignorantia
1328 3487 1551 3556 patitur.
1608 3483 1676 3539 Et
1700 3475 1926 3538 haeresis

2029 3510 2092 3550 ex
2148 3490 2481 3553 obedientia,
2520 3501 2631 3541 non
2669 3484 2789 3548 tibi,
2817 3482 3024 3551 absque
3049 3475 3505 3537 murmuratione,
3555 3480 3616 3525 ut

328 3563 556 3657 quidem
595 3570 798 3639 malum
840 3584 897 3637 in
930 3583 1112 3636 anima
1148 3581 1265 3635 sola
1296 3577 1588 3642 consistit,
1633 3574 1929 3632 fornicatio
2029 3602 2127 3658 per
2155 3599 2295 3656 opus
2325 3581 2644 3653 patientiam
2677 3576 2953 3646 aequius,
2976 3581 3033 3628 ει
3059 3569 3345 3627 Charilaus
3385 3563 3620 3621 manda-

328 3691 468 3732 vero
490 3693 595 3737 :ex
615 3675 885 3731 electione
916 3673 1127 3728 arbitrii
1153 3673 1372 3737 animm,
1388 3671 1536 3726 malo
1558 3668 1929 3734 consentiens,

336 3769 397 3823 in
428 3782 681 3837 corpore,
707 3766 1079 3836 corruptionis
1104 3775 1395 3835 peccatum
1424 3761 1735 3832 complevit.
1779 3758 1931 3826 Quo-

339 3859 496 3913 niam
526 3874 659 3913 vero
692 3856 829 3911 nihil
870 3864 955 3912 est
988 3856 1239 3911 naturale
1293 3854 1440 3925 quod
1484 3853 1771 3923 impugnet
1805 3862 1933 3905 eum

347 3950 444 4021 qui
487 3949 557 4004 ab
584 3964 768 4007 errore
788 3946 1149 4012 convertitur,
1194 3945 1437 4001 totaliter
1470 3959 1538 3999 ex
1576 3940 1937 3998 conversione

346 4037 685 4095 inundatur:
740 4038 838 4108 qui
877 4051 1008 4092 vero
1035 4050 1100 4092 ex
1146 4034 1531 4097 fornicatione,
1570 4040 1818 4102 tempore
1854 4028 1939 4084 in-

347 4130 522 4201 diget,
560 4128 763 4191 labore.
795 4136 852 4185 et
910 4126 1188 4199 lacrymis,
1246 4136 1307 4181 ut
1352 4122 1723 4194 qualiﬁcatam
1753 4127 1811 4176 et
1850 4119 1937 4173 in-

345 4220 531 4277 fusam
553 4218 967 4277 delectationem
984 4218 1267 4287 etplagam
1295 4212 1755 4284 concupiscentia
1781 4224 1939 4266 aver-

342 4320 450 4370 tat.
489 4312 743 4366 Avaritia
765 4313 873 4367 sive
895 4311 1163 4381 cupiditas
1188 4318 1266 4365 est
1295 4308 1569 4363 idolorum
1588 4304 1853 4366 veneratio
1870 4303 1961 4361 ²².,

345 4398 480 4455 Tria
500 4402 932 4457 suntcausantia
953 4400 1261 4465 avaritiam,
1278 4412 1435 4454 amor
1458 4394 1939 4466 concupiscentia,

344 4505 508 4547 amor
532 4491 742 4563 gloriae,
764 4504 818 4547 et
851 4492 1143 4551 inﬁdelitas
1177 4491 1392 4547 duabus
1424 4487 1720 4553 crudelior,
1749 4494 1809 4544 et
1833 4485 1943 4542 alia

346 4583 548 4647 multa.
581 4583 725 4640 Sane
753 4584 896 4641 sicut
920 4594 1002 4641 est
1033 4583 1396 4655 impossibile,
1426 4583 1482 4637 in
1511 4581 1747 4652 idipsum
1776 4578 1944 4637 simul
1974 4572 2019 4627 D

349 4675 649 4731 convenire
671 4676 831 4739 vitam
857 4684 913 4731 et
950 4684 1205 4741 mortem,
1242 4674 1318 4730 ita
1345 4680 1431 4729 est
1456 4669 1816 4744 impossibile,
1845 4683 1942 4739 pc~

351 4767 578 4845 cuniam
618 4768 933 4840 diligentem
975 4767 1175 4822 habere
1211 4766 1555 4822 cbaritatem.

983 4860 1113 4916 Car.
1146 4858 1287 4919 XIV.
1332 4914 1335 4917 .

432 4958 638 5012 Avarus
681 4964 757 5010 est
812 4953 1228 5025 Evangeliorum
1269 4952 1482 5018 irrisor,
1528 4960 1662 5027 etc“
1702 4950 1947 5009 Audiens

353 5064 561 5106 avarus
611 5045 965 5119 Evangelium
1019 5044 1235 5110 dicens,
1283 5041 1451 5097 Vende
1481 5041 1660 5117 omnia
1701 5057 1817 5112 qua:
1847 5040 1946 5096 ha-

357 5146 451 5200 bes
474 5144 543 5210 ²³,
573 5151 706 5208 etc.,
738 5143 893 5201 sicut
928 5136 1293 5210 impossibile,
1338 5134 1695 5206 perfectionis
1717 5134 1947 5195 verbum

358 5235 672 5292 subsanuat
701 5253 713 5288 :
750 5241 837 5299 et,
873 5231 920 5286 si
942 5245 1134 5287 omnes
1160 5227 1433 5295 vendant,
1463 5227 1575 5293 ait,
1600 5226 1726 5298 quis
1761 5225 1948 5285 emet?

359 5332 436 5386 Et
454 5331 705 5396 audiens,
730 5326 912 5383 Nolite
941 5327 1173 5398 cogitare
1194 5324 1259 5378 de
1281 5322 1518 5378 crastino
1532 5321 1600 5387 “,
1624 5337 1737 5379 non
1760 5320 1953 5383 credit.

361 5423 467 5480 sed
492 5422 795 5478 voluntarie
824 5419 1152 5477 contradicit
1175 5425 1230 5474 et
1276 5415 1686 5489 prmvaricatur.
1732 5413 1792 5470 Si
1825 5428 1952 5469 vero

363 5515 730 5573 contristetur
770 5517 821 5570 in
850 5514 1035 5584 aliquo
1070 5554 1085 5579 ,
1145 5521 1358 5582 tempus
1408 5507 1638 5578 iustitiae
1675 5516 1791 5571 est,
1844 5522 1954 5563 non

2033 3691 2147 3736 tum
2201 3677 2428 3749 impleas
2463 3694 2475 3729 :
2525 3685 2585 3729 ut
2636 3682 2691 3726 et
2711 3668 2958 3739 corporis
2994 3676 3049 3721 et
3074 3663 3274 3720 mentis
3302 3658 3616 3731 puritatem,

2032 3785 2087 3829 et
2139 3769 2523 3828 incessabilem
2567 3764 2872 3821 orationem
2921 3757 3194 3823 invenias,
3254 3764 3317 3808 ut
3353 3765 3616 3807 manuum

2034 3882 2172 3939 opus
2227 3874 2284 3919 rt
2334 3863 2590 3932 teipsum,
2648 3856 2981 3913 oblationem
3029 3849 3229 3906 offeras
3267 3844 3402 3908 Deo.
3426 3843 3622 3939 ιιι-εθι-

2033 3934 2203 4023 veris,
2258 3957 2386 4027 quia
2418 3952 2635 4010 beatius
2657 3957 2741 4006 est
2763 3947 2895 4003 dare
2923 3958 3089 4016 quam
3119 3940 3366 4010 accipere
3384 3937 3453 3990 ’⁸.
3484 3934 3620 3990 Nam

2036 4051 2314 4116 matribus,
2336 4049 2493 4120 juxta
2524 4042 2880 4116 apostolicam
2908 4036 3257 4095 traditionem
3299 4040 3355 4088 et
3397 4036 3624 4087 natura-

2038 4147 2162 4202 liter
2212 4145 2234 4215 (
2279 4151 2338 4198 ut
2391 4141 2595 4196 dictum
2629 4144 2715 4194 est
2742 4134 2760 4205 )
2790 4133 3064 4197 laborare,
3100 4122 3627 4209 patientem,'bumi-

2038 4240 2169 4305 lem,
2226 4230 2661 4298 misericordem,
2705 4227 2938 4299 justam,
2990 4221 3232 4293 vigilem,
3259 4222 3314 4274 et
3337 4229 3465 4272 vere
3499 4227 3627 4284 pau-

2039 4345 2225 4403 perem
2260 4325 2541 4385 constituit
2567 4330 2824 4379 mentem.
2856 4316 2925 4373 Et
2948 4316 3059 4373 hoc
3102 4323 3190 4403 est
3237 4308 3383 4403 quod
3408 4306 3629 4403 docebit

2024 4395 2096 4476 ἰο
2144 4424 2412 4491 praecepta
2445 4413 2539 4469 Dei
2591 4408 2836 4483 perfecte
2861 4419 3101 4469 servare,
3150 4402 3198 4459 si
3242 4401 3298 4455 in
3355 4395 3630 4467 subjecto,

2047 4490 2170 4571 rum
2201 4521 2254 4568 et
2280 4521 2580 4581 pauperum
2612 4505 2843 4561 fratrum
2876 4493 3411 4572 congregationeeis
3457 4490 3475 4555 (
3505 4498 3629 4545 tan-

2049 4622 2212 4679 quam
2263 4604 2395 4670 Deo,
2454 4612 2511 4659 et
2567 4614 2676 4656 non
2722 4598 2876 4669 tibi)
2909 4610 2976 4651 ex
3011 4588 3317 4650 obedientia
3346 4582 3537 4679 etnon
3566 4594 3633 4637 es

2049 4676 2270 4772 propria
2321 4698 2602 4754 voluntate
2658 4690 2891 4748 ﬁdeliter
2940 4687 3204 4743 labores:
3262 4679 3394 4772 quia
3432 4676 3632 4772 taliter,

2050 4768 2325 4851 catholico
2354 4801 2409 4848 et
2429 4787 2772 4860 regulariter,
2797 4792 2851 4837 et
2870 4796 2980 4838 non
3007 4793 3150 4835 vane
3178 4786 3234 4833 et
3262 4771 3461 4828 vitiose
3525 4768 3635 4823 Deo

2054 4886 2281 4943 servies.
2309 4882 2450 4940 Care
2478 4897 2540 4936 ne
2569 4877 2833 4950 proditori
2871 4874 2986 4948 (22)
3010 4884 3241 4943 unquam
3297 4868 3636 4933 obtemperes.

2055 4988 2163 5036 etc.
2208 4978 2269 5033 In
2332 4975 2563 5049 epistola
2607 4974 2676 5029 ad
2719 4971 3008 5042 virginem,
3034 4968 3114 5023 ait
3145 4971 3366 5022 sanctus
3395 4958 3638 5015 Adrana-

2057 5073 2208 5138 sius;
2258 5068 2317 5124 Si
2367 5064 2801 5124 manifestaveris
2856 5062 3029 5117 vitam
3094 5068 3266 5120 tuam,
3307 5053 3499 5138 pariet
3536 5050 3640 5103 hoc

2056 5163 2155 5219 tibi
2194 5134 2395 5215 vanam
2452 5157 2681 5229 gloriam
2734 5163 2788 5209 et
2833 5152 3096 5208 damnum
3150 5144 3395 5217 patieris.
3445 5134 3505 5195 Si
3540 5157 3640 5195 au-

2052 5267 2165 5313 tem
2192 5254 2432 5310 animam
2457 5247 2734 5305 inveneris
2796 5244 2892 5301 tibi
2931 5246 3380 5300 consentaneam,
3437 5235 3641 5302 pariter

2056 5360 2178 5421 quae
2230 5346 2323 5401 Dei
2375 5356 2503 5399 sunt
2527 5341 2838 5405 facientem,
2886 5335 3019 5392 huic
3040 5346 3262 5404 quoque
3287 5327 3409 5421 soli,
3440 5327 3497 5381 in
3523 5339 3642 5421 mp—

2060 5416 2248 5507 sterio,
2278 5438 2495 5494 revela:
2548 5435 2622 5491 ibi
2641 5433 2784 5488 enim
2808 5444 2918 5485 non
2940 5434 3025 5483 est
3054 5438 3193 5481 vana
3252 5419 3446 5493 gloria,
3510 5416 3639 5486 quia

2062 5533 2154 5604 qui
2182 5531 2424 5601 loquitur
2459 5539 2518 5583 ut
2539 5528 2777 5581 animam
2803 5522 2995 5583 salvet,
3058 5516 3286 5572 multam
3335 5509 3640 5566 mercedem

438 5659 488 5691 ει
529 5642 735 5727 Ephes.‘
781 5673 833 5719 ν,
864 5655 917 5709 5.
996 5656 1043 5687 υ
1094 5652 1289 5709 Matth.
1321 5666 1432 5718 ιη,
1469 5650 1561 5706 et.
1639 5646 1685 5681 ἰ
1715 5648 1903 5704 Matth.
1955 5664 2027 5716 Vl,
2074 5650 2163 5706 at.
2243 5648 2288 5681 η
2336 5650 2454 5703 Act.
2493 5662 2585 5713 xx,
2626 5645 2717 5699 55.

446 5772 560 5844 (ΞΟ)
616 5772 698 5844 Μ.
757 5791 845 5842 per
870 5775 1220 5844 ignorantiam
1248 5771 1557 5844 pervertitur
1596 5780 1642 5844 et
1688 5767 1956 5840 plagatui'.

402 5878 405 5879 ν
442 5841 560 5913 (2|)
589 5841 773 5902 Melius
813 5841 1274 5915 refrgrinantinm,
1326 5852 1384 5895 ut
1436 5842 1562 5910 legit
1600 5841 1885 5908 luteiprcs.

2144 5768 2253 5840 (2‘2)
2287 5766 2453 5823 Vetus
2488 5766 2772 5834 interpres,
2800 5756 3245 5817 Exterminatori.
