4030 6442
409 411 547 479 1235

1545 410 1608 473 s.
1644 403 1964 466 JOANNIS
2003 403 2526 466 nAITnUENSIs

3554 405 3695 473 1236

408 525 660 596 accipiet,
717 538 776 578 se
840 521 1168 577 habentibus
1219 518 1554 576 desiderium
1612 519 1890 586 audiendi,
1919 519 2000 574 lo-
2029 526 2074 578 Α
2105 534 2212 573 non
2236 533 2302 574 ex
2335 520 2516 587 nobis,
2543 521 2703 592 cujus
2732 522 2974 578 thesauri
3009 523 3327 593 qualitatem
3365 524 3550 578 nullus
3572 539 3664 580 ser

407 621 633 691 quendi,
669 618 908 691 loquitur
939 628 998 672 ut
1025 617 1327 672 salventur.

355 711 359 714 ’
794 712 923 766 CAP.
949 709 1089 764 XVI.
1122 740 1186 751 -—
1213 710 1296 761 Ad
1330 710 1557 780 gradum
1586 709 1675 763 22.

480 803 737 874 Superbia
766 813 844 858 est
877 802 969 857 Dei
1001 802 1306 872 abuegatio.
1366 801 1469 868 Qui
1523 817 1633 855 non
1665 817 1732 856 ex
1756 816 1820 856 ea
1873 816 1996 872 qua:

409 911 626 954 sursum
677 903 761 953 est
818 893 1113 965 sapientia,
1137 893 1231 949 sed
1262 909 1328 949 ex
1361 895 1545 963 seipso
1571 893 1775 964 aliquid
1807 908 1868 949 se
1891 909 1996 964 pu-

407 997 503 1054 tat,
549 987 832 1050 direxisse,
903 986 1075 1044 Deum
1136 995 1317 1058 negat,
1347 986 1438 1058 qui
1471 1001 1598 1040 eum
1629 987 1683 1040 in
1737 985 1996 1043 omnibus

377 1082 693 1153 "protegens
732 1083 1023 1154 dirigebat,
1055 1099 1164 1154 qua
1193 1099 1257 1140 ex
1283 1099 1341 1139 re
1363 1085 1532 1150 cadit,
1560 1099 1590 1138 a
1620 1083 1792 1155 gratia
1847 1083 2001 1139 derc-

405 1175 588 1236 lictus,
638 1189 804 1244 quam
881 1175 1107 1245 sprevit.
1185 1175 1458 1240 latemus,
1507 1181 1593 1231 est
1643 1175 1990 1245 ignorantia;

330 1301 348 1316 .
402 1267 652 1335 perditio,
689 1277 775 1324 est
799 1267 1003 1324 oblivio
1026 1267 1156 1325 Dei:
1187 1268 1354 1339 igitur
1396 1285 1462 1324 ex
1513 1269 1818 1340 ignorantia
1875 1267 1993 1335 Dei,

398 1369 485 1416 est
536 1376 694 1416 amor
721 1361 999 1432 proprius,
1057 1378 1126 1418 ex
1165 1363 1359 1419 eodem
1401 1377 1532 1419 vero
1569 1363 1722 1433 gula,
1753 1361 1992 1427 luxuria,

399 1469 540 1510 vana
571 1454 740 1525 gloria
771 1463 827 1510 et
862 1455 1116 1523 avaritia,
1144 1465 1197 1511 et
1223 1471 1288 1511 ex
1313 1456 1399 1513 his
1433 1455 1561 1512 vitia
1603 1456 1833 1526 reliqua.
1861 1453 1992 1511 Item

398 1559 464 1597 cx
491 1542 798 1616 ignorantia
830 1542 925 1600 Dei
956 1544 1248 1601 inﬁdelitas
1275 1563 1290 1612 ;
1329 1561 1396 1602 ex
1425 1545 1745 1601 inﬁdelitate
1772 1554 1857 1601 est
1909 1545 1994 1601 in-

400 1636 712 1692 obedientia
740 1654 754 1705 ;
788 1653 855 1694 ex
885 1637 1279 1706 inobedieutia,
1307 1639 1648 1710 impatientia
1675 1655 1692 1706 ;
1723 1654 1790 1694 ex
1819 1639 1991 1712 impa-

398 1733 612 1798 tientia,
639 1733 917 1805 superbia,
950 1750 1074 1804 quze
1103 1743 1189 1792 est
1225 1735 1470 1791 inventio
1511 1735 1849 1792 daemonum.

757 1823 889 1879 CAP.
918 1821 1084 1878 XVII.
1115 1856 1185 1866 ——
1219 1824 1303 1880 Ad
1321 1825 1548 1896 gradum
1579 1825 1671 1881 25.

467 1911 789 1968 Desinamus
821 1912 1033 1967 tandem
1059 1913 1316 1982 judicare
1333 1923 1383 1970 et
1408 1915 1760 1970 condemnare
1807 1919 1989 1984 proxi-

397 2015 559 2052 mum.
616 1999 691 2054 Ex
727 1999 1044 2056 inﬁdelitate
1063 2002 1308 2073 quidem,
1335 2002 1702 2058 inobetlientia
1735 2023 1750 2071 ;
1799 2021 1863 2059 ex
1904 2007 1990 2059 itt-

395 2091 727 2154 ohedientia.
790 2093 1135 2164 impatientia
1173 2109 1285 2164 ;ex
1350 2095 1713 2168 impatientia,
1770 2098 1989 2168 pr0pria

394 2185 815 2256 complacentia,
886 2186 954 2243 de
1023 2203 1130 2258 qua
1171 2188 1304 2245 dicit
1362 2187 1682 2260 Propheta:
1734 2189 1865 2245 Herc
1903 2192 1990 2246 via

391 2277 605 2336 illorum
659 2281 972 2338 scandalum
1013 2281 1182 2351 ipsis;
1221 2291 1402 2350 postea
1429 2283 1484 2338 in
1520 2300 1608 2338 ore
1631 2300 1730 2338 suo
1750 2284 1988 2355 compla-

390 2371 579 2425 cebunt
615 2371 790 2440 ";ex
857 2372 1077 2443 propria
1111 2375 1531 2446 complacentia,
1593 2392 1729 2431 vana
1792 2377 1986 2447 gloria,

389 2480 455 2517 ex
486 2462 700 2527 eadem,
731 2464 987 2533 superbia
1021 2481 1037 2531 ;
1071 2481 1139 2522 ex
1166 2467 1450 2538 superbia,
1477 2467 1836 2538 blasphemia,
1867 2483 1990 2537 quae

387 2563 472 2609 est
522 2569 780 2616 sensuum
845 2569 1130 2623 excessus,
1189 2557 1319 2614 licet
1387 2559 1442 2613 in
1499 2558 1865 2626 simplicibus,
1917 2559 1990 2615 sit

388 2647 754 2720 blasphemia,
807 2663 875 2705 ex
923 2648 1235 2706 daemonum
1261 2651 1488 2706 invidia.
1526 2650 1620 2708 Est
1655 2653 1820 2707 etiam
1872 2653 1986 2708 bla-

387 2739 664 2808 sphemia,
694 2754 762 2794 ex
806 2739 1016 2811 judicio
1043 2742 1277 2813 proximi
1301 2760 1316 2809 ;
1345 2742 1616 2813 judicium
1645 2759 1774 2798 vero
1801 2743 1990 2814 proxi-

385 2832 463 2886 Ini
517 2841 602 2890 est
638 2848 706 2890 ex
735 2847 801 2890 co
827 2836 973 2905 quod
1003 2834 1180 2909 diligit
1204 2835 1332 2907 quis
1369 2836 1551 2894 facere
1590 2837 1840 2908 proprias
1891 2851 1990 2892 vo-

384 2926 647 2992 luntates,
671 2935 727 2984 et
753 2943 821 2984 ex
855 2929 1186 3001 negligentia
1218 2931 1489 2988 orationis
1516 2939 1570 2985 et
1608 2946 1674 2986 ex
1721 2932 1824 2996 ira,
1868 2947 1989 3002 quae

387 3028 517 3076 sunt
546 3020 702 3093 signa
723 3019 1018 3092 superbiae.

779 3113 912 3172 CAP.
942 3113 1130 3171 XVIII.
1163 3145 1230 3156 -—
1265 3117 1349 3171 Ad
1369 3117 1595 3186 gradum
1626 3117 1715 3172 24.

2101 625 2194 664 mo
2223 611 2366 668 valet
2391 610 2668 682 explicare
2715 629 2728 664 :
2769 627 2836 668 ex
2865 629 2972 683 qua
3007 614 3292 684 qualitate,
3319 614 3545 670 Immitis
3591 630 3692 684 ap-

2100 704 2335 772 pellatur
2391 704 2488 776 qui
2554 704 2919 773 humilitatem
2991 706 3178 774 babet,
3225 721 3348 776 quae
3378 706 3690 776 inscriptio,

2101 795 2752 868 incomprehensibiliter,
2809 801 3074 856 thesauro
3137 801 3525 872 circumposita
3580 810 3690 858 est.

2099 887 2219 956 Qua
2267 905 2336 947 ex
2374 906 2434 948 re
2462 891 2767 949 secundum
2798 891 3213 964 inscriptionem
3261 901 3317 948 et
3367 893 3692 964 qualitatem

2099 980 2358 1038 omnibus
2413 981 2632 1052 ignotus
2689 993 2796 1051 est,
2827 983 3057 1038 multam
3082 998 3217 1039 vero
3240 993 3295 1040 et
3324 983 3690 1053 incomplehi.

2099 1073 2205 1128 lem
2269 1074 2660 1132 scrutationem
2716 1087 2772 1133 et
2832 1075 3202 1148 fatigationem
3227 1075 3452 1132 exhibet
3478 1077 3566 1132 bis
3591 1078 3692 1145 qui

2097 1181 2354 1224 sermone
2381 1169 2794 1240 inscriptionem
2826 1170 3041 1227 discere
3073 1178 3350 1241 quaerunt.
3393 1167 3513 1225 Non
3538 1171 3690 1226 enim

2098 1261 2300 1327 verbis,
2352 1262 2448 1320 sed
2485 1263 2720 1333 simplici
2760 1263 3091 1325 obedientis,
3123 1273 3176 1318 et
3206 1263 3426 1330 virtute_
3487 1272 3542 1317 et
3592 1262 3690 1318 ab—

2095 1352 2386 1422 negatioue
2449 1353 2692 1424 propria,
2755 1361 2810 1408 et
2855 1353 3040 1410 crucis
3097 1352 3433 1423 bajulstione
3466 1353 3534 1408 ad
3562 1368 3686 1407 eam

2095 1444 2432 1516 pervenitur.
2465 1444 2776 1516 Quicunque
2801 1445 2901 1501 Dei
2927 1446 3135 1516 Spiritu
3173 1455 3407 1517 aguntur
3433 1446 3478 1478 ²⁹
3503 1463 3520 1502 :
3568 1442 3688 1500 Non

2095 1538 2194 1605 ait,
2243 1538 2556 1610 quicunque
2618 1538 2884 1611 Spiritum
2944 1540 3038 1595 Dei
3068 1549 3396 1609 acceperunt
3447 1554 3546 1610 per
3590 1539 3687 1594 ba-

2093 1631 2378 1701 ptismum,
2402 1641 2456 1686 et
2477 1641 2662 1701 postea
2703 1633 2884 1703 tepide
2908 1632 3099 1688 vivunt
3125 1652 3141 1688 :
3170 1633 3263 1688 sed
3303 1632 3400 1702 qui
3462 1643 3689 1703 accepto

2095 1721 2326 1794 Spiritu,
2388 1724 2534 1780 sicut
2591 1724 2686 1780 ﬁlii
2743 1725 3116 1781 caelestialiter
3145 1734 3568 1789 conversantur,
3630 1725 3685 1779 hi

2096 1817 2381 1872 nobiscum
2426 1817 2827 1888 ingrediantur,
2885 1826 2993 1874 etc.
3052 1817 3350 1873 Humilitas
3417 1825 3496 1872 est
3519 1817 3687 1872 animi

2090 1911 2290 1980 gratia,
2315 1911 2430 1965 sine
2451 1910 2680 1975 homine,
2717 1920 2823 1968 etc.
2871 1909 2990 1967 Non
3017 1911 3221 1967 dicitur
3253 1910 3683 1975 innominabilis,

2093 2018 2162 2058 eo
2204 2004 2354 2074 quod
2379 2018 2491 2059 non
2525 2003 2724 2060 habeat
2753 2019 2983 2069 nomen,
3015 2003 3110 2059 sed
3143 2017 3211 2058 eo
3249 2004 3397 2074 quod
3445 2003 3688 2060 aﬂectio-

2090 2115 2225 2154 num
2258 2109 2314 2155 et
2343 2098 2810 2155 illuminationum
2827 2109 2880 2155 et
2912 2113 3197 2165 sensuum,
3231 2113 3469 2170 quorum
3505 2101 3688 2156 humi-

2092 2192 2219 2248 litas
2283 2192 2668 2263 perlectionem
2742 2192 2952 2259 tribuit,
3020 2193 3357 2262 experientia
3421 2193 3536 2248 sola
3604 2202 3688 2248 est

2092 2283 2374 2352 magistra,
2399 2291 2457 2338 et
2482 2280 2874 2339 nominationis
2903 2281 3272 2353 cognitionem
3294 2281 3464 2336 donat
3502 2295 3685 2336 veram

2091 2385 2258 2447 atque
2282 2377 2591 2442 scientiam,
2612 2391 2723 2447 qua
2751 2376 2855 2433 sibi
2875 2375 3014 2446 ipsis
3041 2373 3174 2431 viles
3195 2373 3393 2440 eII‘ecti,
3417 2389 3476 2431 se
3502 2389 3682 2430 coram

2092 2468 2204 2524 Deo
2231 2469 2368 2525 nihil
2398 2484 2522 2526 esse
2557 2470 2802 2526 sentiunt
2827 2478 2884 2525 et
2919 2477 3282 2540 cognoscunt.
3317 2468 3431 2539 Ego
3487 2479 3682 2536 autem,

2095 2556 2413 2612 Trinitatem
2483 2559 2541 2612 in
2592 2559 2820 2622 unitate,
2867 2567 2998 2625 etc.,
3049 2558 3170 2612 dico
3205 2566 3262 2612 et
3292 2557 3480 2614 adoro.
3521 2555 3683 2623 Sane,

2093 2651 2237 2708 sicut
2267 2658 2456 2706 sancta
2490 2647 2732 2704 Trinitas
2772 2663 3132 2718 personarum
3191 2655 3276 2704 est
3307 2648 3363 2703 in
3402 2663 3514 2703 una
3550 2649 3682 2703 divi-

2091 2745 2283 2810 nitate,
2310 2755 2366 2799 et
2387 2758 2494 2798 una
2528 2741 2708 2799 Deitas
2733 2743 2788 2797 in
2816 2742 2992 2798 tribus
3017 2742 3291 2813 personis,
3326 2743 3400 2798 ita
3430 2750 3486 2797 et
3508 2742 3678 2812 ptent-

2093 2831 2289 2898 tentia,
2323 2838 2381 2885 et
2408 2830 2610 2897 luctus,
2642 2839 2697 2886 et
2718 2829 3024 2896 humilitas,
3055 2840 3186 2886 sunt
3209 2832 3444 2887 invicem
3489 2847 3680 2903 cogna-

2092 2931 2162 2981 tae
2193 2933 2250 2981 et
2278 2924 2587 2994 conjunctae
2606 2933 2660 2980 et
2693 2925 2747 2980 in
2793 2925 2977 2980 divina
3025 2925 3202 2996 gratia
3250 2925 3682 2996 inseparabiliter

2091 3017 2467 3086 continentur,
2493 3028 2549 3074 et
2586 3019 2782 3090 gratia,
2815 3034 2986 3074 unum
3013 3019 3240 3076 easdem
3271 3019 3404 3075 facit
3425 3029 3479 3075 et
3521 3021 3681 3076 alter-

2092 3118 2280 3168 utrum
2355 3110 2670 3181 coniungit,
2744 3118 2801 3166 et
2845 3119 3086 3169 mentem
3129 3127 3297 3182 quam
3352 3112 3679 3181 inhabitant,

457 3205 675 3261 Jsstum
715 3223 837 3279 ergo
874 3217 953 3263 est
1009 3218 1055 3264 et
1107 3208 1424 3280 legitimum,
1459 3219 1580 3265 ante
1607 3210 1794 3278 solem,
1817 3211 1988 3264 lucem
2016 3233 2058 3292 ο
2094 3203 2163 3260 ad
2209 3201 2383 3260 Deum
2430 3219 2650 3261 sursum
2702 3212 2895 3276 agunt.
2936 3202 3076 3261 Hinc
3109 3214 3335 3262 sanctus
3361 3204 3495 3262 dicit
3526 3225 3540 3261 :
3574 3205 3680 3278 Ego

385 3300 677 3357 illustrari.
730 3329 802 3342 -—
859 3299 980 3357 Lua:
1041 3317 1165 3358 vera
1201 3318 1320 3372 qua:
1349 3302 1624 3358 illuminat
1662 3319 1867 3359 omnem
1895 3303 1989 3359 ho-

388 3393 583 3450 minem
632 3393 922 3450 venientem
971 3394 1028 3448 in
1083 3393 1222 3447 hunc
1272 3396 1534 3468 mundum
1573 3396 1644 3463 ’⁷,
1687 3397 1987 3455 humanata

385 3485 593 3544 veritas
616 3501 634 3538 :
685 3500 718 3544 α
745 3501 852 3558 qua
887 3486 1066 3556 primo
1094 3486 1408 3555 illuminati,
1433 3488 1562 3545 item
1597 3489 1665 3546 ad
1698 3497 1986 3560 paternum

386 3578 533 3633 die
580 3593 678 3648 per
725 3577 900 3648 ipsam
945 3578 1352 3640 introducimur
1389 3591 1515 3653 post
1539 3582 1713 3653 ipsius
1741 3591 1986 3638 contem-

387 3671 710 3741 plationem,
733 3684 836 3726 nos
867 3671 962 3741 qui
995 3686 1192 3730 sumus
1225 3674 1474 3730 membra
1524 3673 1669 3744 ejus.
1700 3672 1838 3730 Nam
1883 3672 1987 3728 Ini-

386 3763 517 3816 titas
573 3775 606 3817 a
650 3760 1075 3818 conturbatione
1137 3761 1346 3821 furoris
1391 3773 1448 3820 et
1497 3765 1618 3833 iraa,
1646 3765 1984 3822 humilitasa

386 3853 650 3922 falsitate,
709 3868 849 3912 vana
896 3854 1094 3927 gloria,
1152 3864 1208 3916 et
1240 3856 1439 3914 timore
1464 3857 1662 3914 liberat
1681 3846 1979 3916 mentem:

387 3945 811 4004 Resurrection-is
869 3947 1227 4015 adversaria;
1295 3965 1424 4006 nam
1484 3951 1799 4022 malignitas
1872 3966 1983 4007 non

385 4038 656 4107 permittit
711 4054 809 4112 per
851 4040 1236 4111 pmnitentiam
1296 4058 1587 4116 resurgere
1631 4059 1664 4102 a
1719 4043 1880 4101 ruina
1929 4053 1986 4104 et

384 4131 539 4204 lapsu
575 4132 813 4205 peccati.

739 4224 874 4284 CAP.
903 4225 1126 4286 XIX.—
1139 4226 1224 4284 Ad
1248 4225 1472 4299 gradum
1496 4228 1589 4284 κδ.

458 4315 688 4376 Sensum
711 4327 874 4392 atque
893 4319 1234 4392 aﬂ'ectumst
1271 4320 1400 4386 vim,
1462 4329 1570 4376 etc.
1626 4318 1807 4378 Unum
1860 4335 1984 4378 esse

384 4425 611 4470 sensum
641 4394 863 4478 animus,
896 4410 1017 4481 ipsa
1049 4427 1156 4467 nos
1181 4426 1357 4469 sacrae
1395 4411 1688 4470 Trinitatis
1734 4413 1981 4484 operatio

382 4509 566 4573 docet,
628 4516 850 4578 propter
904 4507 1333 4570 inobedientiam
1383 4524 1515 4572 vero
1587 4509 1740 4576 Adae,
1766 4508 1982 4570 divisus

2091 3304 2270 3352 autem
2297 3297 2417 3356 dico
2442 3305 2493 3354 et
2513 3297 2701 3362 adoro,
2731 3305 2841 3353 etc.

2165 3387 2314 3446 Unus
2370 3389 2427 3445 in
2475 3389 2619 3443 omni
2675 3399 2924 3444 creatura
2979 3389 3152 3454 locus,
3185 3398 3292 3446 etc.
3324 3389 3543 3446 Chorus
3599 3398 3681 3446 est

2089 3479 2267 3536 Rubri
2301 3481 2471 3537 maris
2505 3479 2842 3551 profundum
2875 3481 3101 3553 quodin
3143 3483 3377 3539 transitu
3445 3483 3678 3538 ﬁliorum

2087 3574 2256 3632 Israel
2309 3576 2479 3632 semel
2525 3575 2658 3632 vidit
2727 3577 2901 3632 solem
2939 3591 2956 3630 :
2999 3587 3056 3633 et
3086 3592 3194 3632 una
3217 3578 3495 3649 cogitatio,
3519 3577 3572 3632 id
3599 3586 3679 3632 est

2088 3667 2196 3724 lixa
2252 3667 2448 3724 mortis
2499 3667 2786 3738 cogitatio,
2836 3677 2892 3724 et
2942 3669 3230 3725 meditatio
3259 3669 3673 3739 aternijudit‘ii,

2086 3769 2142 3815 et
2169 3761 2352 3819 crucis
2380 3767 2435 3816 et
2466 3763 2660 3818 mortis
2689 3761 2920 3828 Christi,
2949 3762 3232 3820 multoties
3311 3763 3525 3833 peperit
3580 3763 3677 3817 hu-

2087 3854 2394 3909 militatem.
2431 3852 2546 3909 Uno
2581 3866 2630 3911 et
2655 3855 2769 3914 solo
2791 3856 2876 3911 die
2908 3865 3052 3911 totus
3087 3855 3318 3911 mundus
3372 3836 3672 3920 exsultauit,

2084 3959 2193 4006 etc.
2226 3948 2447 4006 Scilicet
2467 3951 2522 4005 in
2554 3951 2644 4007 die
2681 3952 3105 4009 resurrectionis
3134 3951 3363 4017 Christi,
3404 3953 3513 4006 vel'
3538 3951 3674 4007 nati-

2083 4042 2269 4097 vitatis
2316 4042 2458 4113 ejus.
2514 4042 2621 4098 Alii
2672 4043 2931 4100 dixerunt
2985 4043 3053 4100 de
3074 4044 3164 4100 die
3192 4043 3247 4099 in
3285 4057 3396 4114 qua
3423 4058 3672 4115 egressus

2083 4139 2168 4188 est
2227 4130 2341 4188 Noe
2382 4133 2452 4189 de
2505 4148 2637 4188 area
2688 4149 2815 4190 cum
2837 4149 3014 4190 uxore
3041 4145 3099 4191 et
3155 4135 3282 4191 ﬁliis
3319 4144 3376 4190 et
3405 4133 3672 4190 universis

2082 4228 2436 4295 animalibus,
2453 4237 2509 4285 et
2541 4229 2869 4286 sacriﬁcium
2900 4229 3102 4287 obtulit
3139 4231 3252 4288 Deo
3275 4230 3344 4287 ³⁸.
3403 4231 3666 4302 Spiritus-

2082 4321 2206 4378 Iiter
2234 4322 2315 4378 sie
2347 4337 2362 4374 :
2408 4323 2648 4380 rationes
2676 4325 2926 4380 omnium
2957 4325 3365 4390 exsistentium,
3413 4325 3468 4380 in
3519 4338 3669 4380 crea-

2082 4412 2234 4468 tione
2280 4414 2604 4484 productor,
2667 4415 2723 4469 in
2761 4415 2880 4472 solo
2907 4416 3132 4473 homine
3179 4416 3456 4481 videntur,
3489 4431 3552 4474 ex
3592 4417 3670 4472 in-

2084 4506 2462 4578 telligihilibus
2512 4515 2568 4563 et
2617 4507 2977 4567 sensibilibus
3037 4508 3218 4566 factis.
3266 4510 3326 4565 ln
3379 4510 3469 4566 die
3510 4510 3671 4581 igitur

383 4608 468 4662 eat
521 4598 581 4658 in
635 4599 774 4658 duas
799 4600 1170 4672 Operationes.
1206 4601 1386 4673 Hujus
1421 4617 1554 4660 vero
1585 4603 1812 4674 spiritus
1841 4619 1975 4674 ape-
2008 4585 2056 4644 ί)
2081 4599 2406 4671 privationis
2446 4600 2613 4669 huius
2668 4614 2699 4656 a
2759 4611 3008 4672 peccato,
3075 4611 3131 4659 et
3165 4603 3588 4659 resurrectionis
3618 4603 3666 4658 in

381 4692 678 4759 rationem,
702 4707 869 4748 unam
902 4703 956 4750 et
995 4694 1302 4764 simplicem
1334 4711 1366 4751 a
1396 4697 1508 4753 Deo
1537 4694 1715 4754 fuisse
1753 4695 1979 4764 factam,

382 4801 482 4855 per
537 4785 802 4857 Spiritum
864 4795 1116 4844 sanctum
1170 4796 1390 4848 constat
1424 4805 1440 4843 :
1483 4805 1649 4861 quam
1685 4804 1850 4848 nemo
1879 4789 1980 4848 ho-

381 4877 598 4932 minum
665 4876 809 4935 seire
845 4886 1046 4948 potest,
1074 4878 1182 4936 nisi
1215 4879 1292 4937 illi
1319 4886 1533 4938 tantum
1563 4880 1658 4950 qui
1692 4882 1838 4952 (spe
1865 4895 1977 4938 cm-

379 4969 645 5041 lestium)
716 4971 928 5042 seipsos
984 4980 1038 5030 ct
1084 4973 1268 5028 omnia
1323 4974 1796 5044 praetereunda-et
1825 4974 1974 5032 dele-

379 5063 606 5132 ctantia,
670 5079 782 5120 non
841 5064 1020 5124 solum
1070 5075 1358 5137 spernunt,
1392 5067 1490 5123 sed
1527 5081 1596 5126 ex
1619 5067 1748 5123 odio
1783 5077 1976 5126 sancto

378 5156 695 5228 evangelica
730 5157 1121 5226 abominantur
1172 5167 1228 5218 et
1263 5159 1528 5216 oblivioni
1558 5161 1819 5216 tradunt:
1853 5161 1976 5230 qui~

378 5248 485 5304 bus
546 5259 784 5316 tantum,
850 5251 1024 5322 gratia
1052 5250 1260 5310 Christi
1291 5261 1345 5307 et
1383 5252 1603 5315 merito,
1634 5250 1856 5310 divinus
1889 5252 1979 5309 ille

380 5356 579 5400 sensus
632 5342 984 5400 infunditur:
1037 5358 1102 5398 ex
1159 5357 1272 5412 quo
1335 5353 1389 5400 et
1443 5358 1539 5414 per
1573 5358 1738 5412 quem
1772 5346 1977 5402 mort-ui

380 5435 602 5499 mundo,
675 5442 715 5490 tt
762 5436 816 5490 in
875 5435 1015 5493 coelo
1074 5437 1390 5491 conversari
1444 5436 1728 5491 dicuntur.
1762 5437 1974 5506 Adjecit

379 5537 550 5574 sermo
583 5521 889 5577 thesaurum
938 5521 1225 5590 includere,
1257 5533 1365 5579 etc.
1403 5521 1751 5580 Thesaurum
1805 5525 1970 5581 istum

379 5611 626 5665 divinum
660 5611 1004 5676 humilitatis,
1036 5612 1340 5669 secundum
1371 5615 1720 5686 Apostolum,
1752 5617 1805 5671 in
1865 5615 1974 5673 fra-

378 5703 576 5772 gilibns
602 5713 654 5759 et
680 5703 1133 5776 corruptibilibus
1162 5706 1346 5763 carnis
1377 5708 1520 5763 vasis
1549 5708 1784 5776 Domini,
1819 5726 1968 5766 assc-

375 5795 447 5848 rit
508 5796 760 5864 posuisse
789 5797 856 5861 '3,
929 5807 989 5852 ut
1039 5797 1351 5855 sublimitas
1386 5801 1456 5855 sit
1487 5800 1703 5857 virtutis
1737 5801 1878 5872 ejus,
1910 5815 1963 5857 et

2080 4696 2274 4766 gratia,
2329 4695 2572 4767 exsultat
2625 4696 2808 4752 omnis
2873 4706 3172 4766 creatura,
3233 4699 3367 4769 quia
3426 4702 3668 4754 omnium

2082 4787 2469 4843 assistentium
2499 4787 2766 4856 rationes,
2795 4787 2848 4843 in
2883 4787 3002 4860 ipso
3025 4789 3422 4860 proprietatum
3447 4805 3667 4846 suarum

2078 4882 2446 4951 operationes,
2509 4882 2731 4938 modum
2767 4891 2821 4939 et
2864 4883 3328 4954 pulchritudinem
3381 4883 3671 4955 perfectio-

2080 4963 2168 5030 nis
2211 4975 2525 5032 ostendunt.
2588 4973 2751 5029 Prior
2823 4976 2962 5030 enim
3048 4992 3254 5030 omnem
3311 4977 3449 5032 dien-
3514 4979 3655 5032 indic

2075 5075 2183 5130 cat,
2221 5075 2328 5122 etc.
2383 5064 2438 5121 Id
2488 5074 2594 5133 est,
2623 5081 2722 5136 per
2751 5066 3062 5138 superbiam
3096 5066 3412 5125 inobediens
3476 5080 3650 5125 Iactus

2075 5159 2260 5216 omnia
2317 5167 2592 5230 praecepta
2662 5159 2844 5215 solvit.
2878 5157 3024 5214 Nam
3075 5169 3193 5231 post
3245 5162 3672 5231 coujunctionem

2076 5267 2268 5320 meam,
2331 5261 2437 5308 etc.
2483 5251 2546 5306 Ei
2595 5252 3046 5324 quiconjunctus
3073 5262 3157 5310 est
3192 5253 3509 5321 humilitati,
3564 5269 3671 5311 non

2075 5356 2161 5403 est
2191 5347 2446 5418 imposita
2476 5345 2588 5411 les,
2619 5345 2747 5417 quia
2791 5347 3095 5404 secundum
3120 5348 3269 5419 quod
3299 5349 3472 5406 abbas
3520 5348 3674 5405 Isaac

2079 5439 2177 5506 ait,
2226 5440 2512 5496 humiiitas
2553 5455 2662 5495 non
2697 5439 2863 5496 habet
2893 5441 3156 5513 linguam,
3194 5458 3299 5499 nec
3325 5444 3538 5511 oculos,
3573 5458 3672 5499 nec

2079 5545 2264 5595 aures,
2295 5531 2389 5586 sed
2421 5547 2524 5588 nec
2565 5533 2702 5588 alias
2737 5533 2934 5588 animae
2956 5536 3252 5604 potentias,
3304 5544 3358 5591 et
3424 5536 3672 5606 corporis

2081 5623 2349 5690 membra,
2407 5625 2540 5695 quia
2586 5641 2764 5696 neque
2794 5627 2935 5683 mala
2963 5629 3115 5696 facit,
3166 5645 3268 5686 nec
3290 5631 3358 5686 ab
3378 5631 3502 5687 aliis
3527 5631 3668 5688 facta

2081 5716 2246 5769 sentit
2277 5727 2373 5770 aut
2423 5718 2648 5788 cegitat,
2704 5719 2798 5775 sed
2832 5729 2940 5776 tota
2983 5722 3206 5792 paciﬁca
3245 5735 3298 5779 et
3328 5725 3662 5790 misericors,

2074 5809 2319 5864 omnium
2375 5817 2600 5882 peccata
2669 5823 2724 5867 ut
2761 5813 2977 5884 propria
3010 5815 3204 5885 plorat,
3249 5825 3304 5872 et
3350 5835 3452 5873 stta
3487 5819 3663 5873 solum

448 5935 492 5966 ³⁸
555 5935 701 5991 Psal.
754 5951 945 6007 XLVIII,
1004 5939 1088 5996 14.
1170 5941 1211 5974 ³⁷
1267 5938 1490 6011 Joan.t,
1554 5945 1603 6000 9.
1689 5912 1730 5977 ’λ
1765 5942 1956 6002 ιιυυτ.

2104 5945 2155 6002 7.
2236 5951 2277 5981 ’ν
2321 5949 2478 6004 ιὶοηι.
2508 5966 2622 6018 \lll,
2673 5952 2751 6006 ll.
2837 5953 2878 5984 ³ο
2931 5955 3064 6010 Gen.
3108 5970 3226 6023 vni,
3268 5957 3332 6012 I8
3367 5972 3518 6029 seqq.
