4030 6406
417 345 555 413 1237

1597 353 1917 416 SCHOLIA
1954 356 2035 416 IN
2068 355 2482 418 CLIMACUM.

3537 367 3673 433 1238

408 459 704 530 ponderat,
757 465 810 513 et
865 459 1098 514 aliorum
1175 463 1363 532 culpas
1415 463 1718 534 ponderare
1757 468 1993 548 pignorat.
2025 473 2071 530 Α
2097 471 2295 539 angelis
2319 470 2576 540 quosdam
2609 471 2875 527 dwmones
2901 473 3047 540 fecit,
3091 482 3196 529 etc.
3257 475 3332 529 Ex
3390 477 3674 536 darmoniis

405 553 582 624 Igitur
620 552 814 614 libera,
874 552 1048 624 legem
1101 557 1528 626 transgrediens,
1563 559 1700 625 sola,
1749 560 1994 632 Evange-

405 645 549 700 lium
578 646 782 700 Christi
814 647 1004 715 gratiae
1035 656 1089 702 et
1117 664 1256 704 verae
1281 650 1567 717 libertatis,
1605 662 1803 708 servat.
1860 653 1993 709 Sunt

404 749 463 792 et
521 739 665 805 aliae,
715 740 997 810 magni/ica
1042 742 1164 796 huic
1210 745 1519 811 possessori,
1575 755 1680 801 etc.
1741 745 1993 818 Magnum

406 848 813 902 possessorem,
875 831 1156 899 humilem,
1229 835 1402 902 dicit;
1464 837 1615 904 quia,
1647 838 1742 907 qui
1774 839 1995 894 humilis

403 937 517 993 est,
575 943 640 980 ex
704 926 1012 982 humilitate
1055 928 1235 985 omnis
1297 930 1611 986 monasticae
1648 939 1703 986 et
1738 932 1996 1003 angelica:

406 1019 850 1074 conversationis
877 1019 1264 1088 perfectionem
1306 1022 1571 1091 possidet,
1605 1023 1658 1076 in
1701 1023 1859 1094 cujus
1879 1012 1996 1080 ani-

409 1128 504 1166 ma
551 1121 681 1167 sum
733 1113 1091 1181 proprietates
1139 1115 1408 1184 praedictae
1453 1130 1664 1182 omnes,
1693 1133 1813 1187 qua;
1833 1117 1996 1188 spiri-

412 1204 643 1258 tualium
694 1205 1004 1259 divitiarum
1053 1206 1424 1277 significativm
1462 1219 1764 1264 sunt:una
1786 1218 1995 1265 tantum

413 1311 664 1368 excepta,
739 1313 863 1368 quae
911 1308 998 1354 est
1057 1300 1356 1355 secundum
1415 1301 1547 1356 illud
1611 1303 1759 1371 quod
1804 1303 1995 1358 humili

415 1391 615 1460 placet,
641 1392 875 1457 scilicet,
909 1391 1141 1462 abyssus
1180 1393 1403 1448 vilitatis
1441 1403 1498 1448 et
1524 1395 1777 1464 proprius
1805 1395 1996 1466 despe-

413 1490 571 1546 ctus;
601 1483 729 1552 quia
768 1483 869 1537 hoc
892 1497 924 1536 a
956 1482 1266 1538 videntibus
1291 1493 1375 1538 est
1427 1484 1809 1540 absconditum
1839 1505 1853 1541 :
1881 1487 1997 1556 ipse

415 1573 563 1628 enim
605 1575 660 1627 in
713 1574 834 1628 solo
894 1573 1118 1629 vilitatis
1177 1575 1372 1645 abysso
1407 1575 1658 1645 quiescit.
1699 1575 1994 1631 Humilitas

413 1674 495 1718 est
550 1667 695 1735 regni
740 1664 963 1720 caelestis
1011 1667 1206 1736 janua.
1283 1666 1527 1738 Intelligo
1565 1666 1634 1721 de
1657 1667 1997 1738 ingrediente

412 1759 778 1812 monasticam
852 1757 1064 1823 vitam;
1120 1758 1250 1829 quia
1308 1758 1403 1824 qui
1461 1774 1558 1828 per
1606 1759 1994 1828 humilitatem,

415 1846 725 1902 imitatione
777 1847 1006 1914 Christi,
1055 1827 1354 1918 ingreditur
1388 1827 1551 1904 vitam
1579 1827 1992 1917 monachorum,
2027 1827 2068 1882 Β

419 1940 531 1996 iste
580 1941 716 1997 bene
776 1956 872 2012 per
918 1952 1129 2012 portam
1161 1943 1464 2012 ingreditur
1489 1945 1544 1999 in
1572 1960 1715 2011 eam,
1738 1955 1792 2001 et
1827 1946 1998 2002 exibit

421 2032 496 2088 de
555 2035 796 2103 praesenti
841 2033 952 2088 vita
981 2050 1105 2090 cum
1140 2034 1344 2102 laetitia,
1369 2045 1425 2091 et
1446 2051 1643 2104 pascua
1670 2038 1908 2094 inveniet
1939 2039 1993 2094 in

419 2125 699 2192 paradiso.
751 2122 920 2180 Juxta
959 2134 1060 2190 est,
1113 2125 1294 2180 divina
1345 2128 1709 2183 misericordia
1738 2145 1758 2181 :
1792 2130 2000 2186 miscri-

417 2216 666 2271 cordiam
687 2215 835 2282 dicit,
868 2218 1100 2288 gratiam
1131 2234 1252 2288 quae
1271 2227 1356 2274 est
1375 2219 1620 2276 ell‘ectiva
1675 2222 1997 2278 humilitatis

411 2307 478 2361 in
546 2308 742 2362 anima.
798 2307 1100 2380 Ignominia
1137 2327 1253 2366 vero
1299 2311 1408 2366 haec
1461 2312 1672 2381 probat.
1733 2312 1876 2368 Sane
1902 2315 1996 2384 qui

406 2413 520 2466 pro
565 2399 725 2454 nobis
770 2415 970 2470 passus
1001 2408 1085 2456 est
1137 2401 1411 2466 Christus,
1452 2403 1694 2460 laborem
1719 2405 1904 2474 posuit
1940 2405 1996 2460 in

406 2492 532 2546 suis
557 2493 863 2562 praeceptis,
899 2503 960 2548 ut
997 2498 1264 2549 vanitates
1285 2494 1622 2552 maculantes
1674 2509 1995 2568 purgentur,

404 2593 472 2640 et
507 2585 634 2639 mali
662 2601 844 2640 mores
872 2597 924 2640 et
949 2587 1077 2641 vitia
1105 2587 1516 2644 tribulationum
1558 2589 1820 2658 patientia
1848 2606 1998 2646 com-

408 2683 720 2741 inutentur,
775 2685 832 2732 et
873 2691 968 2746 per
1008 2676 1371 2731 humilitatem
1425 2687 1709 2733 evomatur
1740 2681 1996 2750 superbia

405 2766 778 2834 confessione,
809 2776 865 2822 et
918 2769 1241 2834 intentione,
1263 2777 1318 2826 et
1347 2783 1512 2838 opere
1537 2785 1552 2822 :
1584 2770 1843 2826 nimirum
1867 2756 2016 2842 quia.

406 2859 510 2928 qui
533 2860 843 2931 religiosam
882 2861 1048 2916 vitam
1074 2861 1359 2930 promittit,
1391 2869 1446 2916 et
1465 2863 1649 2917 renuit
1678 2863 1821 2919 mala
1857 2865 1994 2935 pati,

407 2965 526 3004 non
555 2965 648 3020 per
685 2950 1061 3021 paenitentiam
1087 2951 1367 3008 Christum
1393 2953 1661 3023 sequitur,
1687 2955 1782 3010 sed
1813 2955 1999 3027 (amo-

404 3057 476 3095 re
529 3046 753 3112 proprio
812 3043 1050 3113 illusus)
1097 3059 1262 3114 opere
1291 3053 1454 3116 negat
1485 3045 1632 3116 quod
1672 3046 1840 3101 verbo
1864 3061 1995 3116 pro-

2097 563 2317 632 angelos
2373 564 2651 618 humilitas
2679 563 2860 622 facere
2906 579 3068 634 posse
3099 568 3338 634 dicitur,
3385 570 3430 626 si
3480 571 3676 628 daemo-

2097 669 2193 708 nes
2229 654 2499 710 humiliari
2525 657 2783 712 valerent.
2840 657 3043 713 Verum
3088 659 3362 717 daemones
3417 656 3676 732 impaeni-

2097 753 2271 801 tentes
2287 755 2339 801 et
2362 747 2620 804 obstinati
2640 759 2944 818 manentes,
2967 765 3074 805 non
3099 752 3342 809 valentes
3372 753 3672 822 humiliari,

2095 837 2372 893 daemones
2397 848 2641 894 manent.
2666 837 2778 895 Nos
2813 855 2942 896 vero
2996 855 3122 897 cum
3173 843 3348 899 simus
3404 845 3671 910 homines,

2096 931 2197 986 etsi
2242 931 2417 986 simus
2443 931 2719 997 cadentes,
2760 934 3026 1002 poenitere
3080 943 3136 990 et
3190 932 3466 994 humiliat.’
3531 937 3676 992 vale-

2097 1039 2243 1078 mus.
2313 1024 2494 1091 Quare
2542 1024 2902 1093 conlidamus,
2933 1035 2990 1082 et
3021 1027 3233 1097 quoties
3277 1027 3545 1094 cadimus,
3579 1045 3676 1098 per

2098 1117 2478 1186 paenitentiam
2538 1118 2734 1174 iterum
2781 1134 3153 1191 resurgamus.
3223 1120 3385 1176 Nervi
3424 1123 3582 1191 hujus
3611 1140 3674 1177 ac

2097 1211 2195 1262 virs
2224 1217 2366 1275 sunt,
2401 1218 2509 1263 etc.
2543 1208 2700 1275 Quod
2729 1210 2873 1264 enim
2909 1219 3038 1266 sunt
3074 1210 3130 1266 in
3162 1212 3492 1269 animalibus
3548 1229 3674 1270 ner-

2096 1301 2170 1366 vi,
2205 1301 2308 1358 hoc
2340 1303 2517 1371 ipsum
2563 1312 2713 1367 sunt,
2749 1303 2814 1361 ad
2847 1303 3120 1358 civitatem
3151 1307 3500 1375 pergentibus
3551 1307 3675 1361 viae.

2097 1391 2262 1457 Sane,
2293 1394 2574 1462 animalia,
2609 1410 2786 1465 neque
2818 1394 2938 1452 sine
2960 1396 3142 1451 nervis
3169 1403 3375 1452 starent
3403 1415 3418 1464 ;
3474 1414 3674 1462 neque,

2096 1483 2215 1538 sine
2273 1483 2396 1550 viis,
2443 1485 2696 1540 homines
2752 1485 2820 1539 ad
2869 1485 3142 1540 civitatem
3198 1496 3502 1555 pergerent.
3560 1486 3675 1544 Hoc

2098 1573 2240 1628 idem
2269 1574 2385 1644 (ait
2414 1585 2640 1629 sanctus
2670 1576 2688 1644 )
2715 1583 2800 1630 est
2837 1583 3128 1644 paupertas
3175 1585 3233 1629 et
3281 1576 3672 1646 peregrinatio,

2098 1664 2348 1720 similiter
2377 1664 2678 1730 humilitas,
2708 1679 2762 1722 et
2787 1666 3007 1734 reliquae
3038 1661 3290 1730 virtutes,
3335 1665 3456 1723 sine
3476 1666 3674 1737 quibus

2099 1755 2392 1822 humilitas
2435 1766 2580 1812 stare
2629 1773 2747 1830 non.
2776 1768 2953 1827 potest
3006 1773 3020 1810 :
3061 1757 3190 1828 quia
3241 1757 3308 1812 ad
3349 1758 3523 1828 ipsam
3553 1773 3678 1829 per-

2097 1862 2254 1918 gens,
2304 1848 2424 1904 sine
2476 1849 2560 1904 his
2609 1847 2674 1903 ad
2724 1863 2844 1903 eam
2865 1863 2970 1904 non
2997 1849 3293 1918 perveniet.
3318 1848 3481 1905 Nervi
3515 1849 3679 1920 igitur

2097 1948 2152 1994 et
2179 1940 2277 1994 via:
2304 1950 2452 2006 sunt,
2478 1949 2532 1995 et
2559 1955 2666 1996 non
2694 1942 2848 2012 signa
2871 1957 2992 2011 qua:
3029 1951 3297 1997 numerat.

2445 2032 2575 2092 CAP.
2606 2032 2728 2090 XX.
2754 2064 2818 2078 --
2852 2034 2935 2088 Ad
2984 2033 3209 2104 gradum
3234 2032 3324 2088 26.

2176 2123 2232 2178 Is
2292 2125 2502 2197 quidem
2557 2116 2648 2197 qui
2709 2135 2810 2182 tres
2847 2127 3018 2182 hostes
3048 2127 3299 2197 religiosa
3326 2128 3539 2196 pietate,
3565 2133 3673 2182 etc.

2098 2215 2236 2272 Octo
2282 2213 2636 2287 malignitatis
2677 2218 2806 2273 vitia
2865 2233 2987 2274 esse
3033 2233 3181 2274 nunc
3240 2202 3391 2283 dicit,
3422 2232 3520 2288 per
3556 2233 3678 2288 qua:

2098 2324 2202 2365 nos
2233 2309 2485 2365 diabolus
2509 2311 2791 2380 impugnat
2818 2326 2834 2363 :
2864 2325 2928 2365 ex
2952 2310 3170 2380 quibus,
3202 2311 3298 2380 qui
3320 2311 3421 2365 tria
3455 2309 3672 2380 deiecit,

2098 2403 2344 2458 omnium
2409 2404 2693 2458 victoriam
2747 2402 3004 2457 obtinuit.
3062 2399 3202 2457 Sunt
3236 2402 3402 2473 igitur
3439 2402 3555 2457 haec
3587 2401 3675 2454 illa

2090 2498 2226 2563 'tria,
2290 2497 2346 2550 in
2397 2496 2597 2566 quibus
2635 2511 2728 2550 rex
2750 2506 2936 2552 noster
2955 2495 3208 2551 Christus
3237 2496 3292 2550 in
3318 2496 3534 2550 deserto
3556 2509 3678 2549 om-

2100 2603 2228 2645 nem
2287 2587 2574 2644 victoriam
2621 2587 2931 2658 complevit,
2980 2587 3186 2642 scilicet
3241 2587 3386 2657 gula,
3421 2585 3674 2651 avaritia,

2099 2689 2154 2736 et
2202 2693 2342 2733 vana
2385 2677 2576 2750 gloria,
2639 2687 2989 2747 prosternens
3045 2692 3108 2732 ea
3135 2693 3232 2747 per
3263 2677 3671 2742 abstinentiam,

2098 2772 2488 2838 humilitatem,
2541 2779 2596 2826 et
2647 2770 2974 2836 orationem,
3032 2770 3305 2839 accipiens
3335 2769 3560 2840 angelos
3582 2769 3679 2823 mi-

2098 2865 2304 2921 nistros
2363 2863 2430 2920 ³⁸.
2484 2863 2611 2918 Nisi
2665 2864 2839 2932 prius,
2905 2863 2960 2916 in
3012 2862 3097 2916 die
3143 2862 3357 2926 animle,
3388 2877 3505 2916 sero
3552 2860 3674 2928 ,‘iat.

2100 2951 2237 3008 Sero
2266 2959 2322 3006 et
2355 2950 2732 3006 obtenebratio
2760 2951 2978 3017 animae,
3015 2958 3098 3006 est
3127 2950 3474 3020 negligentia,
3536 2949 3678 3004 obli-

2098 3036 2206 3110 vio,
2231 3053 2287 3099 et
2317 3042 2782 3112 concupiscentia.
2831 3042 3039 3098 Etenim
3085 3042 3192 3097 nisi
3250 3057 3344 3111 per
3411 3042 3677 3112 concupi-

402 3134 603 3201 mittit,
668 3143 725 3190 et
769 3149 880 3190 non
927 3135 1230 3204 Christum,
1261 3141 1356 3194 sed
1389 3139 1512 3194 vitae
1532 3139 1767 3196 labentis
1790 3155 1994 3196 concu-
2021 3162 2067 3224 ρ
2097 3136 2386 3202 seentiam,
2411 3136 2467 3192 in
2504 3135 2868 3207 ignorantiam
2914 3143 2971 3190 et
3025 3134 3353 3190 oblivionem
3415 3143 3469 3191 et
3522 3135 3677 3190 inso-

402 3225 736 3293 pisccntiam
815 3235 873 3282 et
936 3229 1242 3296 snperbiam
1302 3230 1564 3287 imitatur.
1634 3229 1785 3287 Vana
1846 3231 1993 3288 enim

401 3316 585 3387 gloria
659 3327 715 3373 et
773 3319 1051 3389 superbia,
1114 3322 1318 3377 servire
1362 3333 1585 3392 peccato
1607 3338 1701 3394 per
1734 3339 1995 3395 prospera

401 3419 470 3464 ct
518 3410 844 3484 delectantia
891 3413 1095 3483 (quasi
1144 3415 1339 3486 licita)
1380 3415 1610 3482 faciunt,
1661 3425 1716 3472 et
1747 3427 1993 3475 nostram

411 3506 655 3576 tepidam
707 3506 890 3563 taliter
947 3509 1279 3566 voluntatem
1336 3513 1608 3568 illudendo
1639 3513 1912 3580 inliciunt,
1942 3521 1998 3570 et

408 3614 445 3650 ει
513 3597 672 3651 bonis
719 3599 909 3668 gratia:
958 3600 1171 3655 steriles
1201 3601 1480 3656 reddunt:
1521 3601 1736 3657 Natura
1778 3604 1904 3672 fert,
1936 3613 1994 3657 ut

408 3687 671 3742 sterilitas
741 3689 1073 3761 deiectusque
1101 3692 1374 3760 fructuum
1401 3696 1848 3768 cicerorum(z3);
1884 3707 1990 3752 etc.

413 3779 733 3850 llypocrisis
761 3782 1120 3838 observantia:
1167 3786 1549 3842 mandatorum
1581 3788 1673 3843 Dei
1741 3801 1847 3855 est,
1873 3804 1996 3859 quas

417 3870 556 3927 facit
587 3876 913 3929 monachum
943 3875 1071 3930 huic
1095 3879 1295 3933 saeculo
1323 3879 1680 3945 conformari,
1726 3881 1783 3934 in
1832 3897 1996 3935 mun-

419 3965 584 4021 danis
644 3968 899 4037 operibus
953 3971 1163 4037 extolli,
1218 3983 1273 4026 et
1304 3974 1450 4028 varie
1483 3973 1750 4044 implicari
1781 3995 1794 4030 :
1825 3990 1997 4046 quare

418 4067 477 4111 et
505 4057 846 4128 abApostolo
870 4063 936 4128 “,
970 4065 1064 4134 qui
1096 4064 1220 4120 talis
1257 4074 1362 4132 est,
1408 4079 1516 4120 non
1547 4066 1824 4122 immerito
1853 4068 1996 4122 otio-

413 4165 517 4204 sus
542 4153 840 4220 appellatur
861 4163 918 4208 et
960 4155 1182 4211 sterilis.
1217 4156 1322 4224 Qui
1371 4166 1550 4212 autem
1613 4159 1995 4214 mandatorum

408 4241 512 4297 Dei
573 4235 1060 4316 ﬁdelis-operator
1108 4249 1344 4314 exsistit,
1401 4249 1700 4305 humilibus
1729 4249 1997 4306 fructibus

407 4335 648 4404 plenus,
701 4335 957 4393 deorsum
1011 4339 1360 4406 incurvatus,
1417 4342 1848 4411 longanimitatis
1902 4359 1996 4398 ra—

408 4442 539 4483 mos
565 4429 631 4484 ad
655 4429 1118 4487 subsannationes
1150 4441 1204 4487 et
1225 4432 1507 4490 illusiones
1536 4445 1588 4488 et
1642 4435 1997 4491 excussiones

409 4524 788 4588 sustinendas,
845 4525 1103 4582 omnibus
1150 4527 1336 4581 tradit.
1386 4524 1646 4580 Naturam
1683 4527 1846 4598 igitur
1879 4528 1996 4584 vin-
2029 4503 2072 4558 θ

406 4628 548 4671 cens
598 4616 692 4686 qui
746 4617 972 4673 humilis
1016 4627 1119 4683 est,
1179 4619 1348 4673 altum
1407 4634 1597 4689 sapere
1644 4621 1865 4687 nescit;
1901 4621 1995 4677 sed

409 4709 743 4765 humilitatis
802 4711 1024 4780 spiritus
1078 4711 1325 4767 actusilli
1354 4727 1412 4767 se
1444 4711 1753 4768 conformat
1782 4715 1875 4782 qui
1913 4729 2000 4768 se-

409 4801 712 4870 metipsum
767 4802 1079 4856 ‘exinauivit
1135 4803 1314 4858 factus
1371 4805 1631 4859 obediens
1697 4820 1869 4874 usque
1929 4805 1996 4858 ad

411 4900 670 4957 mortem,
728 4903 960 4947 mortem
1011 4902 1190 4947 autem
1253 4893 1436 4948 crucis
1465 4894 1532 4946 ".
1583 4894 1741 4961 Hinc,
1773 4905 1998 4950 sanctus

412 4983 571 5049 dicit,
601 4986 728 5053 quia
756 4985 994 5052 arbores,
1027 4995 1133 5039 etc.
1170 4985 1190 5056 [
1219 4984 1336 5040 Non
1361 4995 1466 5051 est,
1497 4985 1550 5040 in
1594 4995 1844 5041 creatura
1873 5001 2000 5056 par-

410 5091 546 5130 vum
571 5087 624 5132 et
657 5093 912 5149 magnum
947 5079 1127 5150 ignem
1161 5088 1355 5135 natura
1377 5079 1599 5145 videre;
1633 5088 1688 5133 et
1728 5095 1839 5135 non
1891 5089 1998 5143 est,

327 5242 332 5244 _
415 5171 474 5225 in
534 5171 860 5237 humilitate,
917 5175 1156 5228 materia.-
1214 5174 1451 5243 speciem
1510 5173 1746 5244 aliquam
1784 5175 2001 5243 penitus

416 5264 770 5339 remanere]
803 5265 858 5319 In
889 5266 1100 5321 sincera
1131 5267 1462 5330 humilitate,
1500 5267 1740 5321 materiae
1792 5265 2002 5336 species

418 5369 534 5408 non
593 5364 860 5420 remanet,
918 5357 1046 5427 quia
1081 5359 1322 5427 perfecta
1354 5357 1636 5412 humilitas
1662 5357 1797 5411 nihil
1827 5356 2005 5427 diligit

416 5445 657 5503 vitiose:
695 5455 750 5502 et
775 5448 1020 5503 omnium
1075 5465 1196 5520 quae
1243 5450 1348 5506 sub
1413 5449 1554 5505 caelo
1611 5459 1739 5505 sunt
1781 5449 1948 5504 oblita
1983 5465 1999 5513 ;

417 5535 744 5613 solumquaa
779 5551 906 5594 sunt
954 5539 1046 5594 Dei
1093 5541 1236 5611 sapit
1259 5550 1316 5596 et
1344 5541 1525 5596 sentit.
1562 5541 1621 5596 Si
1667 5539 1914 5610 superbia
1937 5556 2004 5595 ea;

501 5699 541 5728 ³¹
584 5697 736 5752 limit.
783 5717 877 5764 xtl,
914 5701 967 5752 ‘2.

2095 3230 2317 3287 lentiam
2340 3229 2716 3295 inciderimus,
2749 3229 2820 3284 ab
2845 3228 3183 3298 operatione,
3214 3242 3337 3298 quae
3367 3237 3453 3282 est
3479 3242 3679 3282 secun-

2095 3324 2227 3380 dum
2283 3323 2623 3386 mandatum,
2679 3338 2788 3376 non
2849 3321 3146 3377 ellieiemur
3213 3329 3504 3386 exsortes;
3571 3320 3680 3375 nisi

2095 3431 2255 3474 mens
2310 3415 2670 3480 tenebrescat,
2721 3428 2830 3470 non
2887 3413 3320 3468 dominabuntur
3367 3413 3417 3468 ei
3470 3412 3599 3467 vitia
3627 3423 3682 3469 et
3733 3458 3741 3464 .

2095 3511 2400 3582 passiones:
2427 3507 2778 3568 Persuadebit
2804 3507 2899 3560 tibi
2928 3507 3006 3575 id,
3031 3507 3261 3576 penitus,
3307 3507 3354 3560 is
3403 3506 3514 3575 qui,
3572 3514 3678 3560 elc.

2097 3603 2176 3660 De
2219 3602 2416 3658 abbate
2471 3600 2656 3657 Leone
2706 3599 2859 3666 dicit,
2902 3599 2996 3670 qui
3058 3597 3302 3668 seipsum
3356 3596 3412 3652 in
3451 3605 3679 3652 mortem

2098 3709 2198 3766 pro
2247 3694 2485 3764 quodam
2539 3691 2709 3748 fratre
2763 3691 3047 3748 liberando
3094 3689 3315 3746 tradidit
3359 3697 3680 3759 spontanee.

2104 3785 2196 3841 Vel
2251 3786 2319 3843 de
2367 3785 2600 3842 militum
2659 3784 3009 3855 magistiauo,
3057 3781 3239 3852 quiin
3271 3779 3539 3836 Corintho
3580 3794 3681 3849 pro

2097 3879 2384 3950 cujusdam
2450 3878 2680 3950 virginis
2706 3877 2970 3935 servanda
2997 3875 3329 3946 virginitate,
3349 3872 3680 3945 martyrium

2096 3972 2264 4044 elegit
2316 3971 2617 4040 suscipere.
2673 3967 3060 4024 Intellectualis
3099 3982 3265 4032 mens,
3301 3964 3677 4019 intellectualis

2097 4064 2260 4120 etiam
2315 4070 2518 4126 sensus,
2541 4069 2651 4118 etc.
2675 4059 3100 4116 Intellectualem
3145 4072 3368 4114 sensum
3393 4067 3446 4113 et
3491 4059 3680 4128 c0gni-

2100 4157 2305 4211 tionem
2355 4155 2559 4221 habet;
2630 4167 2816 4225 quem,
2875 4152 2932 4207 in
2974 4151 3134 4207 nobis
3179 4159 3236 4206 et
3295 4151 3490 4205 nonin
3520 4149 3681 4204 nobis

2099 4246 2477 4310 exsistentem,
2532 4259 2778 4314 quaerere
2856 4259 2967 4299 non
3028 4255 3330 4299 cessemus.
3407 4239 3465 4296 In
3521 4239 3682 4295 nobis

2099 4348 2184 4396 est
2218 4339 2600 4395 intellectualis
2627 4353 2845 4405 sensus,
2871 4339 3015 4394 sicut
3049 4338 3331 4394 cohaerens
3381 4344 3436 4391 et
3470 4335 3683 4390 unitus.

2100 4429 2267 4486 Menti
2297 4431 2352 4484 in
2381 4429 2532 4485 omni
2559 4430 2804 4496 homine,
2857 4444 2968 4484 non
2996 4430 3050 4483 in
3084 4428 3245 4484 nobis
3281 4441 3434 4492 vero,
3488 4442 3684 4496 quem-

2104 4521 2396 4576 admodum
2424 4520 2774 4590 passionibus
2796 4529 3020 4590 opertus
3044 4519 3100 4574 in
3133 4518 3346 4574 vitiosis
3389 4517 3684 4581 assistens.

2105 4621 2158 4666 et
2208 4613 2326 4666 sine
2371 4611 2690 4681 operatione
2740 4620 2924 4666 manet
2976 4609 3288 4681 incognitus
3327 4617 3384 4665 et
3412 4625 3684 4679 nusquam

2105 4719 2399 4774 apparens.
2462 4704 2640 4771 Hunc,
2693 4714 2941 4770 sanctus,
2999 4718 3066 4759 ex
3122 4711 3236 4759 toto
3257 4704 3424 4760 corde
3443 4717 3691 4774 quaerere

2105 4797 2395 4863 admouet;
2427 4796 2578 4868 quia,
2611 4812 2735 4852 cum
2758 4796 2814 4850 in
2846 4796 3007 4853 nobis
3037 4795 3224 4862 fuerit,
3246 4795 3380 4851 vitia
3432 4795 3689 4850 universa

2105 4892 2330 4962 repellet
2363 4909 2377 4946 :
2437 4906 2601 4961 quem
2631 4901 2686 4948 et
2719 4889 2966 4946 divinum
3006 4889 3161 4954 dicit,
3193 4889 3320 4960 quia
3387 4904 3482 4972 per
3531 4889 3692 4944 Chri-

2107 4986 2178 5041 sti
2209 4996 2440 5040 mortem
2497 4991 2552 5040 et
2612 4984 2946 5054 baptismum
2990 4993 3046 5040 et
3092 4983 3364 5054 spiritum.
3411 4987 3688 5045 sanctum,

2107 5093 2267 5148 quem
2295 5076 2486 5133 ell'udit
2519 5075 2573 5131 in
2600 5076 2782 5142 nobis,
2808 5081 3096 5146 reparatus
3124 5083 3229 5136 est,
3263 5071 3369 5126 Pro
3398 5069 3687 5140 purgandis.

2106 5172 2373 5238 sordibus,
2405 5169 2718 5231 obedientiw
2755 5169 2950 5227 bibisse
2983 5170 3249 5236 poculum.
3279 5164 3506 5222 Sordem
3555 5162 3690 5217 dicit

2107 5263 2366 5320 advenire
2393 5270 2446 5317 et
2482 5262 2537 5316 in
2563 5277 2732 5317 carne
2773 5261 2892 5317 ﬁeri
2935 5274 3004 5315 ex
3052 5254 3404 5321 immunditia
3454 5253 3692 5308 delecta-

2111 5356 2319 5410 tionum
2355 5372 2371 5409 :
2406 5355 2627 5411 oculum
2661 5368 2794 5409 vero
2819 5354 3018 5408 anime
3047 5349 3182 5406 dicit
3210 5347 3546 5404 intellectura
3610 5344 3690 5397 vi-

2109 5449 2250 5508 tiosa
2280 5446 2563 5504 aliectione
2618 5446 2952 5503 inlirmatum
3004 5452 3060 5501 et
3113 5439 3522 5498 conturbatum.
3582 5436 3688 5491 Sed

2110 5541 2258 5600 hunc
2306 5541 2526 5598 silentio
2573 5539 2823 5611 adjuvari
2874 5545 3111 5599 constat,
3173 5531 3411 5603 ecquod
3447 5527 3690 5587 multilo-

1047 5703 1088 5732 ³³
1128 5701 1361 5771 Philipp.
1397 5717 1454 5763 ll,
1483 5701 1540 5765 7,
1593 5703 1645 5755 8.
1725 5702 1770 5732 ³³
1822 5699 2011 5754 Matth.
2056 5716 2132 5767 tv,
2165 5700 2190 5753 ἰ
2251 5715 2404 5771 seqq.

505 5812 611 5877 (23)
648 5813 833 5873 Melius
877 5815 1158 5886 (opiner)
1189 5825 1344 5872 vetus
1390 5818 1679 5888 interpres,
1742 5822 1983 5886 qua'dam

2099 5819 2270 5873 borum
2297 5833 2412 5886 ’μίαν
2437 5817 2685 5870 ὀιέιιηιυν
2705 5814 2861 5886 cytri,
2906 5820 3013 5868 etc.
