4030 6440
351 412 501 488 ’1241

1565 406 1886 493 scnoLLt
1928 426 2008 485 1N
2036 425 2448 485 cumcum.

3509 420 3643 486 12ίὲ

354 531 582 605 operari
621 531 866 601 quidem,
905 529 998 584 sed
1028 530 1322 585 insolertcr
1352 539 1404 584 et
1433 529 1702 584 iudevote.
1739 529 1945 583 Vitium
1978 535 2020 591 Α
2056 531 2444 599 malignitatem
2479 570 2492 594 ,
2533 535 2587 582 et
2645 527 2957 598 superbiam
3017 525 3161 582 vitat.
3215 523 3403 582 Tertio
3427 565 3442 592 ,
3495 531 3643 598 quod

303 619 310 624 “
354 635 480 692 est,
546 621 894 678 conﬁrmatio
939 631 993 677 et
1043 621 1336 677 conversio
1391 636 1486 690 per
1522 636 1852 676 consensum
1898 631 1952 676 et

357 713 787 770 delectationem
842 710 988 767 facta
1040 712 1107 766 ad
1150 726 1213 766 ea
1262 726 1385 781 quas
1415 719 1634 778 nocent,
1671 722 1726 766 et
1757 711 1947 765 illicita

355 816 512 864 sunt.
537 805 748 875 Lapsus
768 814 871 868 est,
895 820 1020 861 cum
1044 807 1109 858 ad
1133 804 1510 859 inﬁdelitatem
1542 813 1638 858 aut
1666 804 1948 858 libidinem

353 910 420 954 et
452 898 741 969 passiones
782 897 1014 952 lubricat
1036 912 1255 965 corpus.
1302 894 1458 965 Saepe
1493 897 1592 964 ﬁt,
1638 904 1700 948 ut
1747 897 1948 966 requies

354 1005 454 1056 per
492 987 829 1041 inimicitias.
890 985 1098 1056 Saepius
1141 1001 1205 1040 ex
1239 997 1448 1041 natura:
1497 986 1813 1058 fragilitate,
1849 993 1945 1040 aut

357 1080 701 1146 inﬁrmitate,
742 1087 839 1132 aut
881 1079 1067 1143 senio,
1104 1086 1199 1133 aut
1229 1093 1295 1134 ex
1342 1079 1652 1134 obedientia
1698 1079 1945 1142 Patrum,

351 1172 580 1240 requies
617 1186 726 1226 non
759 1180 938 1224 amata
973 1185 1003 1224 a
1026 1184 1184 1225 servo
1203 1169 1296 1224 Dei
1327 1171 1425 1240 (ait
1451 1169 1633 1240 Pater)
1662 1171 1944 1240 recipitur,

349 1275 486 1330 quae
517 1260 718 1314 mentis
768 1259 1028 1313 virtutem
1075 1258 1362 1315 inimicitia
1401 1260 1640 1330 evigilat,
1676 1268 1730 1316 et
1763 1263 1947 1316 carnis

351 1350 646 1406 libidinem
677 1364 785 1403 non
816 1348 1120 1404 inﬂammat
1143 1350 1321 1405 :sicut
1345 1351 1512 1405 multa
1537 1351 1720 1406 carnis
1743 1361 1949 1407 macta-

363 1445 466 1506 tio,
503 1457 610 1494 non
646 1441 927 1496 humiliter
978 1451 1033 1496 et
1077 1442 1313 1498 discrete
1357 1443 1497 1497 facta
1532 1443 1716 1498 carnis
1763 1452 1946 1498 motus

357 1533 559 1586 incitat
604 1542 828 1601 propter
866 1532 1070 1588 elatum
1111 1548 1325 1602 sapere,
1367 1536 1513 1600 licet,
1558 1535 1836 1589 humiliter
1862 1535 1947 1604 je-

351 1622 703 1693 junantibus,
725 1625 1022 1694 hocipsum
1044 1641 1110 1680 ex
1133 1627 1313 1680 divina
1343 1626 1685 1696 providentia
1717 1634 1946 1682 sanctus

356 1713 524 1771 Pater
566 1716 859 1783 similiter,
916 1717 1245 1788 quandoque
1294 1720 1612 1789 contingere
1656 1719 1848 1774 dicat:
1885 1727 1946 1774 ut

354 1806 603 1877 perfecte
633 1807 1010 1872 humiliemnr,
1051 1817 1106 1863 et
1156 1824 1263 1863 non
1298 1809 1640 1866 conﬁdamus
1675 1810 1728 1864 in
1761 1811 1944 1880 operi-

365 1900 471 1954 bus
501 1903 724 1954 nostris.
759 1897 832 1952 Ili
864 1899 1076 1969 quidem
1115 1901 1206 1969 qui
1253 1917 1486 1970 superna
1528 1902 1766 1970 sapiunt.
1811 1899 1941 1957 Sine

359 1990 566 2044 virtute
589 1989 736 2044 enim
763 1998 818 2044 et
845 1989 967 2044 sine
994 1989 1282 2058 sapientia,
1316 2005 1476 2046 nemo
1510 1991 1713 2047 salvari
1742 1999 1940 2059 potest.

365 2078 525 2136 Unde
581 2082 758 2136 omnis
803 2081 897 2151 qui
947 2081 1139 2137 salutis
1183 2083 1242 2135 ﬁt
1282 2083 1581 2152 particeps,
1641 2097 1940 2152 supernam

363 2172 740 2226 haereditatem
786 2183 906 2227 actu
952 2187 1050 2228 seu
1077 2175 1534 2245 contemplatione
1562 2176 1795 2231 sortitur
1837 2193 1850 2229 :
1885 2186 1942 2230 et

359 2263 514 2318 aliud
563 2264 797 2318 mediunt
849 2273 1099 2321 nonest.
1147 2265 1251 2332 Qui
1299 2282 1430 2338 ergo
1478 2268 1720 2338 neglecta
1757 2269 1941 2323 divina

355 2355 698 2423 summitate,
719 2358 930 2427 seipsos
959 2359 1026 2413 ad
1048 2359 1298 2428 corporis
1324 2359 1639 2414 aﬁectiones
1656 2359 1939 2426 inclinant,

350 2456 450 2502 aut
475 2448 568 2518 qui
598 2449 828 2503 viriliter
849 2459 903 2504 et
929 2451 1199 2506 hostiliter
1219 2460 1408 2506 contra
1433 2451 1563 2504 vitia
1585 2463 1639 2505 et
1663 2450 1942 2508 ila-mones

347 2553 602 2609 pugnare
649 2550 909 2596 recusant
945 2559 958 2596 :
989 2543 1252 2598 abstracti
1293 2553 1350 2597 et
1395 2542 1561 2598 illecti
1588 2557 1619 2597 a
1665 2543 1940 2614 corporali

349 2633 558 2702 quiete,
599 2649 694 2700 per
735 2635 1200 2706 segregationcm,
1229 2651 1258 2691 a
1293 2635 1496 2690 virtute
1527 2637 1785 2692 deorsum
1817 2651 1940 2708 per-

347 2735 510 2796 gunt.
563 2727 745 2793 Quare
797 2729 983 2783 aeterni
1050 2730 1203 2798 regni
1266 2729 1588 2799 possessio,
1650 2728 1786 2786 solis
1839 2730 1939 2801 qui

348 2834 588 2888 superna
621 2823 843 2890 sapiunt
875 2821 1038 2876 datur
1073 2841 1084 2875 :
1115 2837 1214 2876 nec
1246 2830 1330 2878 est
1363 2831 1631 2877 statutum
1672 2824 1801 2879 ﬁliis
1842 2824 1937 2879 ho-

347 2909 560 2962 minum
609 2910 850 2964 medium
883 2911 1030 2965 aliud
1068 2911 1293 2976 salutis,
1332 2926 1498 2982 quam
1539 2927 1636 2982 per
1678 2912 1934 2970 virtutem

344 3007 406 3054 et
455 2999 742 3054 scientiam
803 3015 1039 3070 superna
1091 3015 1305 3070 sapere.
1360 3001 1542 3069 Quare
1597 3003 1740 3059 sicut
1795 3005 1937 3059 inter

347 3093 647 3148 morientes
706 3094 760 3146 in
815 3093 962 3150 vitiis
1015 3103 1070 3148 et
1101 3095 1372 3164 pecuniis,
1418 3103 1474 3150 et
1519 3095 1816 3166 migrantes
1867 3097 1937 3154 ad

345 3181 522 3239 Deum
577 3201 704 3240 cum
759 3186 1050 3242 virtutibus
1105 3195 1161 3242 et
1197 3187 1484 3254 cbaritate,
1532 3199 1617 3244 est
1667 3197 1926 3256 statuere,

341 3277 416 3332 ad
477 3279 877 3348 pomitentiam.
934 3278 1106 3334 Deum
1191 3281 1561 3349 placandum,
1649 3282 1940 3338 cohabita-

344 3370 516 3426 tionis
586 3371 852 3438 medium,
909 3371 1003 3428 sed
1083 3380 1286 3440 aaterua
1372 3373 1621 3445 utrisque
1697 3375 1941 3432 redditur

343 3463 569 3518 mansio
607 3465 908 3518 secundum
953 3465 1300 3534 operationes
1342 3475 1396 3522 et
1425 3467 1639 3523 merita.
1689 3467 1939 3538 Quapro-

338 3566 466 3622 pter
513 3565 740 3607 sanctus
767 3554 899 3608 dicit
931 3572 945 3608 :
977 3552 1083 3620 Qui
1114 3571 1352 3626 superna
1383 3557 1626 3627 sapiunt,
1669 3559 1938 3630 segregati

337 3662 370 3697 a
406 3645 557 3700 vitiis
590 3656 646 3700 et
687 3661 921 3715 corpore
970 3647 1397 3716 particulariter,
1445 3664 1474 3704 a
1524 3659 1708 3705 mente
1752 3659 1805 3706 et
1853 3650 1937 3706 af-

340 3739 492 3794 fectu
525 3741 592 3793 ad
627 3740 870 3796 coelestia
907 3741 1140 3796 redeunt
1173 3761 1186 3795 :
1220 3742 1314 3812 qui
1342 3757 1472 3797 vero
1495 3751 1625 3798 sunt
1654 3743 1934 3811 deorsum,

343 3832 402 3884 id
432 3841 535 3892 est,
579 3833 670 3902 qui
724 3834 780 3887 in
816 3835 1057 3902 peccatis
1105 3845 1160 3890 et
1206 3835 1350 3890 vitiis
1409 3846 1829 3900 conversantur,
1865 3837 1936 3893 ad

346 3921 583 3989 inferos,
623 3940 906 3994 pinnarum
951 3926 1094 3989 loca,
1136 3928 1495 3996 descendunt,
1531 3923 1631 3984 nec
1664 3929 1797 4000 ipsis
1821 3945 1936 3986 me-

345 4019 509 4071 dium
545 4019 612 4073 ad
664 4022 917 4076 meritum
961 4022 1198 4094 amplius
1253 4023 1543 4079 tribuetur.
1587 4024 1729 4080 Dicit
1765 4026 1932 4082 etiam

344 4112 500 4180 quod
539 4128 702 4167 unum
757 4125 1066 4172 creatorum
1108 4116 1164 4171 in
1224 4118 1438 4183 altero,
1489 4118 1542 4171 id
1591 4130 1714 4182 est,
1752 4119 1932 4174 anima

339 4205 634 4260 rationalis
659 4206 710 4260 in
731 4223 978 4278 corpore,
1007 4211 1216 4280 accepit
1244 4224 1388 4276 esse,
1417 4219 1471 4265 et
1495 4219 1613 4278 est;
1647 4212 1928 4276 nimirum,

335 4297 476 4366 quia
526 4313 556 4350 a
613 4313 843 4369 corpore
898 4309 1147 4371 separata
1202 4302 1418 4366 anima,
1466 4311 1720 4357 naturam
1767 4303 1933 4358 habet

333 4390 396 4443 in
429 4392 730 4460 semetipsa
770 4393 1006 4463 perfecte
1052 4395 1390 4458 consistere,
1423 4395 1739 4465 relinquens
1769 4396 1930 4452 nobis

334 4484 622 4552 inquirere
678 4501 850 4555 quare
906 4488 1088 4542 anima
1144 4487 1315 4558 pejori
1361 4487 1612 4557 colligata
1661 4497 1765 4554 est,
1799 4491 1928 4559 quia

333 4585 391 4629 et
429 4577 532 4632 hoc
564 4578 740 4646 ipsum
788 4593 911 4633 cum
956 4579 1212 4649 pradicta
1258 4579 1490 4646 ratione,
1531 4595 1702 4650 quare
1743 4583 1927 4637 anima

334 4684 466 4727 eum
506 4685 672 4724 carne
714 4671 878 4741 ligata
904 4682 1008 4736 est,
1040 4681 1170 4727 sunt
1198 4672 1313 4728 ista:
1349 4691 1362 4728 :

411 4759 599 4816 Primo
630 4772 687 4816 ut
710 4779 806 4831 per
834 4779 1061 4834 agonem
1093 4773 1145 4819 et
1167 4765 1368 4819 Iuctam
1405 4774 1594 4820 contra
1625 4767 1855 4821 visibilia
1878 4777 1932 4822 et

334 4853 816 4922 concupiscibilia,
869 4855 1096 4925 gloriam
1143 4855 1470 4923 promissam
1501 4854 1781 4910 haereditet
1822 4873 1837 4908 :
1877 4865 1932 4910 et

331 4945 705 5013 quasiaurum
723 4947 776 5002 in
797 4947 1037 5011 fornace,
1064 4949 1593 5010 tribttlationibus,et
1619 4947 1935 5003 tentationi-

331 5037 446 5089 hus
467 5045 519 5090 et
537 5036 816 5092 dt'loribus
837 5039 1101 5100 cruciata,
1123 5039 1368 5092 bravium
1387 5038 1650 5091 virtutum
1673 5037 1922 5108 accipiat.

334 5128 449 5182 Sed
480 5139 534 5182 et
568 5130 673 5184 hoc
699 5130 756 5184 lit
787 5146 852 5184 ex
881 5145 1096 5184 summa
1137 5129 1231 5184 Dei
1264 5131 1530 5193 bonitate.
1567 5131 1660 5201 qui
1683 5131 1927 5201 disponit

334 5227 398 5272 ut
465 5235 570 5274 non
633 5230 842 5275 tantum
905 5237 1009 5275 suo
1063 5223 1210 5276 dono
1255 5231 1311 5276 et
1363 5222 1536 5293 gratia
1590 5223 1924 5292 accipiamus

334 5321 581 5381 sperata,
615 5315 866 5384 quinimo
912 5323 966 5369 et
1002 5315 1270 5369 electione
1297 5315 1601 5369 voluntaria
1641 5323 1696 5369 et
1723 5330 1924 5384 coope-

333 5404 552 5460 ratione
579 5407 730 5460 liberi
765 5407 976 5461 arbitrii
1015 5407 1189 5462 nostri
1213 5449 1228 5473 ,
1261 5407 1496 5476 benigne
1525 5416 1773 5462 nostrum
1807 5410 1922 5463 ﬁeri

332 5493 516 5548 voluit
543 5495 690 5564 quod
721 5496 924 5551 bonum
955 5503 1010 5549 et
1031 5510 1194 5550 suum
1220 5505 1324 5550 est.
1355 5493 1630 5562 Secundo,
1671 5506 1750 5562 ut,
1777 5496 1923 5566 quod

333 5587 492 5656 pejus
533 5597 620 5643 est
667 5587 740 5658 (id
787 5596 875 5643 est
923 5589 1168 5656 carnem)
1219 5588 1399 5642 anima
1451 5597 1670 5658 cogeret
1718 5591 1922 5646 servire

334 5678 578 5747 spiritui,
617 5688 673 5734 et
699 5679 958 5736 omnibus
1001 5679 1360 5735 sensibilibus
1401 5680 1767 5749 superposita,
1803 5680 1920 5736 dis-

331 5771 573 5827 solveret
607 5781 658 5826 et
688 5772 1014 5837 destrueret,
1059 5789 1274 5828 omnem
1312 5775 1833 5844 concupiscentiam,
1862 5785 1916 5831 ct

2055 623 2202 676 Deus
2227 629 2312 674 est
2338 620 2559 684 animae,
2596 617 2698 673 hoc
2733 618 2916 672 anima
2948 626 3099 672 esset
3143 617 3383 685 corpori,
3419 632 3642 672 omnem

2053 731 2083 768 a
2117 729 2175 768 se
2202 713 2597 766 animalitatem
2627 720 2682 765 et
2710 710 3036 764 feralitatcm
3069 709 3339 779 repellens
3359 750 3373 772 ,
3411 718 3468 763 et
3495 703 3645 778 quod

2053 805 2167 861 Deo
2215 805 2454 859 amicum
2503 813 2586 859 est
2630 813 2683 858 et
2729 803 3124 871 beneplacitum
3177 817 3428 871 quaerens
3465 811 3519 855 et
3562 810 3644 855 te-

2055 912 2214 961 nens,
2248 896 2383 950 nihil
2417 894 2807 950 inconveniens
2823 903 2880 948 et
2909 893 3264 948 deformeaut
3285 893 3640 946 inhonesttmt

2053 997 2251 1044 contra
2281 1003 2340 1042 se
2372 987 2669 1057 praevalere
2699 986 3062 1055 permitteret,
3082 994 3136 1039 et
3162 985 3340 1039 odiret
3371 985 3642 1054 superbia:

2051 1081 2300 1145 malum,
2354 1089 2411 1134 et
2464 1079 2634 1132 altum
2686 1093 2876 1147 sapere
2931 1076 3171 1148 fugeret,
3227 1085 3283 1131 et
3341 1077 3641 1132 humilibus

2050 1173 2407 1229 consentiret.
2439 1171 2593 1225 Tenet
2611 1187 2690 1226 me
2724 1172 2989 1225 vehemens
3043 1167 3353 1225 admiratio.
3392 1170 3468 1224 Eo
3491 1172 3639 1239 quod

2049 1266 2225 1320 multo
2270 1264 2445 1319 levius
2495 1274 2579 1318 est
2622 1263 2688 1317 ad
2742 1262 3156 1332 exsequendum
3220 1263 3480 1318 contrarii
3515 1278 3641 1316 cor-
3727 1303 3742 1316 .

2051 1358 2234 1428 ruptio
2265 1371 2428 1426 quam
2465 1357 2662 1420 virtus,
2707 1355 2932 1409 zelabile
2979 1355 3197 1424 quidem
3231 1365 3286 1409 et
3324 1365 3637 1425 promptum

2049 1451 2328 1519 negotium
2382 1457 2467 1504 est
2511 1448 2638 1503 ﬁliis
2693 1447 3001 1510 hominum,
3039 1447 3387 1513 animalitas;
3437 1459 3491 1502 et
3519 1450 3641 1504 ideo

2049 1541 2256 1597 dictum
2311 1550 2397 1596 est
2442 1542 2522 1595 eis
2583 1558 2598 1596 :
2673 1539 2803 1594 Filii
2852 1541 3150 1607 hominum,
3181 1557 3446 1611 usquequo
3493 1543 3641 1611 gravi

2049 1630 2208 1685 corde
2226 1629 2306 1682 “‘2
2332 1641 2384 1685 et
2407 1631 2602 1684 iterum
2631 1648 2644 1684 :
2684 1628 2792 1701 Ego
2817 1629 3002 1682 dixiin
3027 1644 3241 1682 excessu
3276 1645 3427 1682 meo:
3459 1629 3638 1685 Omnis

2048 1720 2206 1775 homo
2236 1720 2464 1775 mendam
2485 1720 2554 1774 ‘°.
2595 1719 2762 1786 Sane,
2789 1718 2865 1772 nil
2903 1720 2978 1773 ita
3005 1719 3122 1774 leve
3143 1758 3157 1782 ,
3197 1727 3255 1772 ut
3294 1719 3409 1772 ﬁeri
3438 1719 3636 1772 malos.

2051 1813 2272 1869 etiamsi
2308 1827 2414 1867 non
2442 1813 2608 1868 fuerit
2629 1813 2696 1867 ad
2717 1813 2981 1866 malitiam
3012 1811 3423 1880 nosquisqnam
3447 1825 3636 1878 agens,

1975 1878 2020 1935 Β
2049 1905 2154 1960 hoc
2183 1905 2330 1959 enim
2353 1914 2437 1960 est
2457 1904 2605 1976 quod
2643 1904 2880 1957 maxime
2923 1878 3286 1958 circumvenit
3313 1902 3635 1964 bonitatem,

2046 1995 2380 2065 malignitas,
2428 2011 2615 2050 rarum
2648 1995 2928 2064 negotium
2964 1993 3247 2064 possessio
3291 1994 3444 2055 boni,
3482 2003 3535 2047 et
3566 1991 3636 2046 ad

2045 2087 2270 2141 bonum.
2326 2087 2688 2142 Attendentes
2739 2088 2923 2156 pauci,
2982 2087 3236 2156 quamvis
3282 2086 3512 2140 multum
3565 2085 3636 2139 sit

2043 2179 2189 2248 quod
2226 2179 2457 2234 advocat
2488 2187 2544 2235 et
2585 2178 2752 2232 trahit
2801 2177 2869 2232 ad
2911 2177 3076 2231 istud.
3123 2175 3190 2230 Et
3227 2176 3332 2230 hoc
3377 2184 3462 2229 est
3487 2174 3634 2244 quod

2042 2274 2273 2345 Agguats
2311 2274 2574 2344 propheta
2619 2274 2753 2328 dicit
2790 2291 2804 2327 :
2851 2271 3185 2342 lutet-ragale
3225 2271 3522 2324 sacerdotes
3569 2268 3635 2324 de

2042 2365 2172 2436 lege,
2208 2378 2386 2421 utrum
2415 2383 2542 2420 caro
2588 2367 2930 2435 sanctiﬁcata
2969 2364 3266 2432 sanctiﬁcat
3303 2363 3373 2414 δι.
3404 2362 3470 2416 Ει
3499 2378 3634 2416 con-

2041 2468 2336 2524 sequenter
2361 2457 2682 2522 ostendens,
2708 2456 2836 2525 quia
2871 2453 3162 2510 diﬁiculter
3199 2462 3290 2507 est
3328 2451 3634 2520 apprehen-

2042 2548 2202 2603 sibile
2235 2548 2435 2602 bonum
2486 2547 2739 2602 humana:
2784 2555 3016 2610 natura),
3068 2554 3328 2612 tanquam
3372 2541 3535 2610 ignis,
3576 2541 3630 2594 in

2041 2655 2252 2711 aquosa
2280 2652 2335 2696 et
2372 2640 2598 2696 humida
2645 2640 2872 2695 materia
2910 2652 2924 2690 :
2960 2635 3135 2707 parati
3182 2643 3364 2688 autem
3400 2634 3466 2688 ad
3502 2632 3631 2686 mali

2040 2730 2518 2801 participationem
2569 2738 2700 2785 sunt
2746 2726 2998 2797 plurimi,
3045 2724 3190 2780 sicut
3236 2721 3439 2791 stipula
3479 2733 3632 2789 quaa-

2040 2822 2186 2888 dam,
2220 2837 2252 2876 a
2291 2821 2526 2877 scintilla
2566 2820 2710 2891 ignis
2738 2829 2794 2874 et
2827 2827 2990 2874 vento
3020 2829 3254 2871 accensa
3294 2824 3348 2868 et
3371 2826 3633 2868 consum-

2038 2922 2151 2982 pta.
2173 2911 2342 2967 Solvit
2365 2922 2544 2966 tamen
2573 2911 2738 2965 Pater
2762 2908 3142 2979 quaestionem,
3161 2908 3228 2960 ad
3247 2903 3630 2977 mysteriorum

2039 3012 2250 3058 secreta
2301 3001 2632 3072 speculanda
2687 3015 2786 3054 nos
2842 2997 3129 3054 inducens.
3188 2995 3280 3050 Ait
3321 3009 3452 3064 ergo
3507 3011 3521 3047 :
3571 2991 3630 3045 Si

2039 3095 2222 3149 omnia
2279 3103 2464 3148 creata
2517 3100 2743 3149 servant
2791 3103 2846 3146 et
2887 3090 3090 3145 habent
3114 3087 3261 3158 quod
3307 3086 3633 3141 naturaliter

1964 3194 2007 3254 ο
2041 3193 2371 3254 acceperunt
2405 3184 2459 3238 in
2486 3181 2786 3247 creatione,
2811 3179 3090 3251 quomodo
3116 3180 3300 3244 homo,
3323 3177 3418 3248 qui
3450 3177 3632 3246 imago

2041 3275 2139 3332 Dei
2191 3278 2334 3330 inter
2403 3283 2686 3331 creaturas
2736 3283 2854 3341 est,
2911 3274 3066 3329 carni
3105 3270 3446 3338 corruptibili
3493 3285 3630 3324 con-

2035 3371 2259 3439 junctus
2284 3370 2413 3425 est?
2443 3367 2695 3433 subaudi,
2741 3366 2871 3437 quia
2915 3381 3010 3437 per
3057 3365 3292 3420 liberum
3336 3362 3631 3419 arbitrium

2043 3463 2368 3527 honoratus,
2428 3462 2598 3516 Deum
2653 3461 3038 3526 inhonoravit,
3093 3473 3193 3513 nec
3261 3464 3445 3512 servat
3481 3454 3634 3525 quod

2043 3554 2257 3624 accepit
2292 3556 2349 3609 in
2373 3553 2687 3610 conditione
2710 3563 2767 3608 et
2796 3551 3031 3617 iactura,
3069 3551 3163 3606 sed
3193 3548 3285 3603 Dei
3317 3545 3633 3603 adversario

2040 3661 2200 3702 suum
2233 3647 2455 3701 tradidit
2485 3646 2879 3716 principatum,
2915 3642 3026 3699 Deo
3061 3642 3384 3698 iuobcdiens
3405 3637 3584 3694 factus
3613 3654 3628 3692 :

2041 3739 2167 3794 ideo
2217 3739 2468 3794 lucratnr
2511 3747 2771 3800 mortem,
2817 3745 2880 3790 ut
2926 3735 3055 3790 odio
3089 3735 3288 3790 habeat
3319 3740 3626 3802 peccatum,

2038 3843 2094 3889 et
2118 3832 2284 3888 ﬁnem
2330 3831 2567 3902 accipiat
2589 3831 2819 3896 malum,
2859 3838 2914 3885 et
2943 3830 3002 3884 ﬁt
3031 3828 3363 3898 benignitas,
3393 3823 3626 3894 punitio,

2037 3925 2188 3995 quia,
2227 3925 2410 3980 taliter
2450 3923 2726 3978 adhaerere
2771 3923 2901 3988 Deo,
2950 3920 3220 3976 eruditur.
3267 3917 3407 3983 Quia
3471 3930 3624 3984 ergo,

2039 4031 2136 4086 per
2193 4025 2521 4086 peccatum,
2594 4029 2705 4068 non
2782 4029 2904 4068 sum
2975 4013 3104 4066 illud
3171 4010 3312 4079 quod
3373 4009 3626 4062 conditus

2035 4123 2160 4164 sum
2207 4124 2221 4160 :
2283 4109 2405 4161 ideo
2445 4106 2891 4176 concupiscentia
2934 4113 2989 4158 et
3024 4101 3328 4174 ignorantia
3377 4103 3625 4170 plagatus

2033 4217 2154 4258 sum
2186 4242 2200 4268 ,
2241 4213 2296 4256 et
2339 4201 2722 4256 insatiabiliter
2767 4209 2963 4269 appeto
3006 4207 3059 4250 et
3101 4195 3432 4263 concupisco
3478 4193 3625 4262 quod

2035 4294 2235 4348 malum
2271 4301 2374 4348 est.
2423 4291 2528 4347 Sed
2567 4293 2693 4362 quia
2736 4291 2905 4347 semel
2951 4290 3175 4360 punitus
3216 4303 3336 4344 sum
3363 4326 3378 4348 ,
3410 4297 3466 4340 et
3495 4301 3625 4338 eru-

2031 4389 2156 4442 dior
2188 4385 2432 4457 quotidie
2457 4385 2704 4457 ﬂagellis,
2739 4393 2794 4441 et
2823 4384 2948 4450 hoc,
2977 4398 3045 4437 ne
3069 4380 3441 4436 damnationis
3463 4387 3623 4432 acter-

2034 4497 2118 4537 nae
2142 4481 2408 4551 judicium
2436 4482 2740 4544 incurram,
2773 4488 2828 4534 et
2861 4477 2952 4532 Dei
2977 4477 3202 4532 verbum
3231 4475 3296 4529 ad
3330 4488 3417 4527 me
3443 4476 3621 4541 (suam

2032 4573 2350 4644 imaginem)
2379 4574 2528 4628 venit
2562 4582 2621 4626 ut
2655 4573 2892 4627 salvaret
2918 4571 3230 4642 :imagiuem
3253 4611 3268 4634 ,
3312 4577 3367 4621 et
3399 4581 3621 4620 carnem

2033 4671 2238 4726 faceret
2259 4668 2646 4731 immortalem,
2670 4675 2726 4721 et
2747 4666 2977 4736 gratiam
3005 4674 3060 4719 et
3091 4673 3411 4734 potestatem
3435 4659 3621 4724 dedit,

2033 4773 2093 4819 ut
2125 4764 2308 4818 ﬁerem
2339 4772 2390 4816 et
2419 4777 2596 4816 essem
2630 4761 2775 4814 ﬁlius
2815 4758 2907 4813 Dei
2953 4765 3008 4812 et
3050 4757 3266 4812 haeres:
3311 4753 3624 4808 excusatio-

2034 4872 2160 4911 nem
2191 4869 2298 4908 non
2338 4854 2511 4908 habeo
2541 4854 2584 4908 si
2617 4853 2795 4923 ipsum
2834 4867 2942 4905 non
2983 4864 3187 4919 sequor
3210 4889 3225 4913 ,
3264 4847 3310 4902 si
3341 4846 3406 4899 ad
3441 4846 3622 4914 ipsutn

2037 4964 2146 5003 non
2186 4947 2429 5016 aSpicio,
2475 4945 2518 4999 si
2560 4947 2625 4998 ad
2672 4945 2848 5014 ipsum
2891 4958 2957 4996 ex
2990 4950 3105 4996 toto
3137 4939 3303 4994 corde
3342 4945 3395 4991 et
3425 4936 3622 4990 aﬁectu

2033 5043 2292 5097 continue
2315 5057 2420 5095 non
2444 5039 2649 5109 aspiro,
2673 5039 2802 5107 quia
2828 5038 2944 5107 ipse
2966 5046 3051 5091 est
3081 5033 3224 5090 Deus
3249 5047 3407 5087 verus
3431 5039 3486 5084 et
3510 5031 3618 5082 vita

2033 5145 2260 5190 aeterna.

2036 5240 2046 5254 '
2103 5228 2275 5284 Sicuti
2293 5229 2440 5283 varia
2457 5238 2576 5281 sunt
2597 5227 2947 5281 humanorum
2968 5224 3243 5278 oculorum
3265 5219 3490 5274 lumina.
3521 5216 3617 5271 llic

2030 5339 2224 5380 novem
2251 5323 2586 5377 dim-arentias
2617 5329 2672 5374 et
2703 5319 2996 5373 varietates
3028 5311 3467 5370 obumbrationis
3499 5325 3618 5378 gra-

2031 5415 2120 5469 tize
2145 5412 2448 5482 spiritualis
2481 5409 2597 5465 ﬁeri
2637 5425 2664 5463 a
2696 5408 2918 5462 Christo
2948 5406 3001 5460 in
3048 5403 3231 5458 anima
3273 5415 3397 5470 quae
3443 5397 3614 5452 Deum

2022 5483 2222 5575 diligit,
2253 5513 2456 5559 narrat.
2488 5503 2728 5557 Primam
2753 5515 2884 5556 vero
2909 5499 3060 5562 dicit,
3082 5511 3204 5565 qua:
3229 5495 3287 5548 Iit
3314 5508 3409 5561 per
3438 5491 3614 5560 lacry-

2032 5611 2152 5650 ntas
2193 5594 2513 5664 corporales
2558 5594 2611 5647 in
2655 5591 2847 5662 spiritu
2900 5582 3366 5648 conturbationis;
3412 5597 3614 5636 secun-

2029 5683 2152 5735 dant
2173 5724 2186 5745 ,
2230 5699 2352 5752 qum
2379 5684 2436 5735 lit
2470 5698 2561 5751 per
2588 5682 2859 5750 lacrytnas
2889 5672 3194 5731 devotionis
3219 5681 3272 5725 et
3305 5670 3510 5724 amoris
3547 5671 3612 5722 ad

2033 5775 2198 5830 Deum
2232 5818 2244 5839 ,
2287 5792 2423 5845 quas
2471 5773 2782 5845 spit'itualcs
2812 5779 2995 5834 vocat,
3038 5777 3087 5823 ct
3122 5768 3222 5820 hoc
3255 5751 3393 5820 iit'in
3422 5764 3616 5836 spiritu

377 5891 674 5966 ettanta,
719 5907 896 5970 xx,(i.
977 5907 1019 5937 διδ
1086 5887 1226 5963 l‘szti.
1289 5909 1437 5974 ωδ.
1519 5910 1558 5938 κο
1622 5908 1917 5978 rsum,

2118 5913 2153 5942 Η
2199 5911 2332 5982 Agg.
2377 5926 2433 5977 tt,
2486 5909 2563 5963 ιδ.
