4030 6452
477 391 614 456 12B

1596 391 1658 449 S.
1700 388 2022 449 JOANNIS
2063 391 2600 454 llAlTHUENSIS'

3607 392 3750 458 1344

475 502 725 575 pietatis;
772 497 988 554 tertiam
1018 496 1151 552 dicit
1193 511 1314 565 qua:
1347 496 1406 548 lit
1453 509 1548 564 per
1587 503 1777 551 oculos
1809 499 2058 565 corporis
2087 508 2130 563 Α
2161 499 2334 554 sative
2368 500 2730 570 relinquimur
2760 509 2820 554 ut
2851 509 3168 556 tentemnr:
3201 501 3348 570 quod
3381 502 3460 558 sol
3491 506 3745 572 cognovit

475 595 698 668 quando
731 608 825 662 per
861 607 924 647 ea
975 607 1096 660 qua:
1138 589 1389 643 ridentur
1416 589 1484 644 ad
1531 592 1971 658 cognoscendum
2001 599 2058 646 et

479 690 807 746 laudandum
855 684 1113 740 factorem
1167 697 1387 737 sursum
1437 683 1654 753 agimur
1702 692 1757 738 et
1788 684 2054 750 levamur,

477 781 782 839 secundum
806 775 1122 846 Apostolum
1146 791 1160 840 ;
1194 783 1446 843 quartam
1473 791 1602 830 vero
1625 776 1760 831 dicit
1787 792 1908 831 eam
1936 792 2060 846 qua

473 879 562 924 est
591 886 684 939 per
714 865 1108 921 intellectuales
1129 864 1319 919 oculos
1343 907 1357 928 ,
1395 867 1653 934 quoniam
1684 875 1869 922 noster
1898 866 2059 921 intel-

481 967 650 1020 lectus
694 961 1050 1031 intelligentia
1101 959 1525 1030 intelligibilium
1579 959 1951 1029 illuminatur,
2005 970 2060 1018 et

476 1073 546 1111 ex
581 1055 728 1110 nullo
759 1053 1161 1118 exsistentium,
1196 1052 1290 1111 sed
1319 1054 1501 1123 ignote
1533 1053 1712 1108 solum
1739 1055 1886 1109 circa
1917 1053 2060 1108 divi-

478 1165 546 1204 na
573 1155 840 1202 movetur.
863 1147 1016 1200 lllam
1050 1159 1180 1200 vero
1210 1159 1336 1214 qua;
1362 1145 1422 1198 lit
1443 1159 1512 1198 ex
1546 1144 1734 1200 auditu
1759 1144 1908 1199 verbi
1933 1145 2061 1200 illu-

475 1239 867 1301 minationem,
913 1251 978 1290 ex
1025 1233 1167 1300 tlde,
1209 1233 1264 1288 iu
1311 1233 1437 1288 lidei
1478 1244 1639 1304 gustu
1686 1233 1882 1290 factam
1927 1235 2060 1290 dicit

472 1346 600 1387 cum
667 1327 1111 1386 manifestatione
1187 1325 1407 1396 aliquali
1463 1328 1846 1398 mysteriorum
1921 1328 2055 1385 Dei:

472 1439 598 1493 quae
625 1438 754 1477 vero
777 1431 860 1476 est
889 1435 918 1474 a
949 1435 1008 1478 se
1047 1429 1220 1483 mota,
1255 1419 1308 1472 in
1341 1419 1525 1473 anima
1546 1458 1561 1482 ,
1597 1421 1890 1477 exsultatio
1911 1461 1928 1486 ,
1967 1423 2058 1480 illa

472 1525 561 1573 est
581 1555 597 1580 ,
631 1516 698 1570 de
726 1530 834 1585 qua
864 1512 1102 1569 Joannes
1129 1511 1299 1567 dicit:
1337 1511 1480 1578 Quia
1507 1515 1686 1568 unctio
1715 1515 1829 1584 ejus
1853 1513 2061 1571 docebit

475 1625 571 1664 nos
609 1608 674 1661 de
713 1607 955 1662 omnibus
993 1607 1060 1660 δ’.
1113 1605 1244 1660 Eam
1280 1615 1460 1659 autent
1493 1621 1616 1675 qua:
1661 1620 1722 1660 es
1759 1608 2061 1664 remotione

473 1700 867 1771 cogitationum
921 1708 1042 1764 est,
1073 1697 1461 1752 discretionem
1509 1697 1740 1778 dicitet
1788 1701 2060 1756 servatio-

476 1812 602 1851 nem
637 1834 653 1859 ,
711 1809 835 1849 cum
882 1792 1228 1862 susceptione
1284 1791 1481 1846 divinm
1535 1791 1951 1848 illuminationis
2006 1802 2061 1846 et

2157 591 2416 656 diluculo,
2442 593 2493 646 id
2523 591 2626 657 est,
2651 593 2824 649 taliter
2863 609 2966 648 nos
2987 594 3282 663 intelligere
3305 594 3434 648 fecit
3475 594 3580 649 hoc
3613 596 3749 650 utile

2157 684 2316 739 nobis
2344 699 2486 747 esse,
2505 686 2634 755 quia
2655 695 2776 755 post
2801 687 3000 740 multas
3029 686 3510 744 obtenebratioaes
3538 688 3748 743 mentis

2155 780 2211 825 et
2240 772 2498 826 avaritias
2536 782 2592 826 et
2619 773 2870 828 crudeles
2900 773 3158 828 vitiorum
3199 782 3255 828 et
3298 775 3610 829 daemonum
3643 791 3749 844 pu-

2157 878 2315 932 gnas,
2338 863 2542 928 aﬂlicti,
2562 874 2856 921 maerentes
2875 874 2930 921 et
2953 866 3248 932 humiliati,
3271 867 3433 922 iidem
3453 869 3752 924 incitamur

2158 969 2191 1010 a
2220 956 2392 1026 gratia
2413 995 2428 1021 ,
2461 965 2517 1010 et
2547 957 2599 1010 in
2633 958 2794 1014 nobis
2822 957 3404 1014 roborati'lirmamur.
3446 959 3582 1014 Cum
3618 975 3750 1016 vero

2157 1047 2363 1104 caelesti
2392 1051 2828 1112 conversatione,
2850 1065 2948 1120 per
2983 1052 3248 1106 virtutum
3276 1052 3544 1116 habitum,
3573 1053 3749 1121 agiles

2157 1149 2213 1194 et
2239 1139 2407 1210 leves,
2439 1157 2470 1194 a
2501 1141 2733 1197 terrenis
2767 1141 2998 1212 elongati
3041 1143 3340 1212 fuerimus,
3372 1153 3502 1199 tunc
3533 1144 3748 1201 sedebit

2159 1227 2460 1294 Dominus,
2495 1240 2551 1286 et
2581 1233 2889 1301 requiescet
2919 1234 2972 1288 in
3003 1235 3329 1304 corporibus
3364 1244 3420 1291 et
3453 1236 3750 1290 animabus

2157 1321 2398 1387 nostris,
2438 1331 2494 1380 et
2536 1337 2566 1376 a
2605 1323 2848 1394 perlecta
2889 1325 2943 1380 in
2988 1327 3148 1383 nobis
3195 1327 3533 1383 habitatione
3567 1329 3750 1384 omnis

2161 1425 2346 1474 noster
2383 1429 2617 1475 conatus
2657 1429 2712 1474 et
2763 1435 2928 1475 omne
2982 1431 3231 1476 nostrum
3281 1421 3514 1475 mortale
3556 1435 3750 1490 sapere

2159 1509 2476 1579 absorptum
2519 1511 2588 1566 de
2629 1511 2810 1568 medio
2841 1513 3061 1568 tolletur
3084 1554 3099 1577 ,
3131 1523 3185 1568 et
3212 1523 3346 1568 tunc
3372 1526 3503 1567 vere
3535 1514 3747 1568 erimus

2163 1605 2260 1660 lilii
2283 1605 2411 1669 Dei,
2451 1621 2678 1678 regnum
2719 1616 2774 1663 et
2810 1609 3178 1664 sacerdotium
3210 1608 3351 1678 ejus.
3388 1607 3746 1674 Quaerendum

2160 1713 2279 1753 uero
2311 1697 2462 1753 nobis
2488 1709 2588 1760 est,
2620 1710 2768 1769 quot,
2801 1701 3054 1772 quibusce
3103 1702 3298 1756 modis.
3333 1699 3390 1755 In
3421 1700 3548 1771 luga
3579 1699 3748 1756 forni-

2160 1791 2398 1846 cationis
2435 1801 2492 1846 et
2529 1793 2776 1847 omnium
2823 1793 3259 1864 impugnantium
3302 1793 3646 1856 castitatem,
3693 1794 3744 1846 in

473 1887 734 1944 scientias.
783 1885 916 1940 Eam
947 1901 1076 1939 vero
1105 1899 1226 1954 quae
1269 1891 1353 1938 est
1381 1897 1449 1938 ex
1493 1883 1801 1938 obedientia
1836 1885 2052 1940 virtutis
2087 1875 2127 1933 B
2157 1880 2282 1953 luga
2310 1883 2732 1938 delectationum
2773 1884 2912 1955 gula:
2951 1896 3006 1938 et
3045 1885 3294 1939 omnium
3337 1884 3746 1938 adversantium

475 1994 530 2038 et
566 1980 918 2043 humilitatis,
961 1993 1183 2032 sensum
1226 1974 1477 2045 intelligit
1503 1988 1662 2041 esse,
1709 1990 1874 2045 quem
1908 1976 2058 2032 vitiis

472 2083 529 2128 et
559 2072 761 2128 mundo
783 2071 1055 2132 cruciﬁxi,
1086 2084 1116 2123 a
1147 2067 1258 2123 Deo
1281 2074 1472 2121 nostro
1501 2064 1632 2121 Jesu
1661 2067 1882 2122 Christo
1911 2070 2058 2125 acci-

472 2167 651 2235 piunt,
677 2179 981 2234 novamque
1007 2178 1102 2232 per
1123 2159 1381 2216 exstasim
1413 2160 1632 2216 Christo
1656 2161 1878 2216 exhibet
1907 2177 2058 2218 men-

475 2269 586 2312 tem
613 2256 1081 2328 supernaturalem
1129 2253 1550 2308 abstractionem
1611 2254 1669 2309 in
1723 2252 1892 2310 Deum
1923 2293 1940 2320 ,
1975 2255 2060 2311 di-

469 2351 567 2415 cit,
601 2364 696 2419 per
724 2345 1064 2402 fortitudinis
1091 2344 1292 2400 divina:
1315 2344 1637 2414 potentiam,
1670 2343 1869 2400 factam
1897 2363 1912 2400 :
1939 2361 2062 2416 quae

470 2439 775 2511 symbolice
820 2439 877 2492 in
926 2451 1131 2492 manna
1166 2436 1487 2492 abscondito
1513 2443 1569 2492 et
1605 2437 1762 2493 stella
1792 2439 2058 2494 matutina

369 2528 377 2537 ”
469 2531 766 2601 tiguratur,
803 2537 858 2584 et
887 2530 1029 2583 hanc
1053 2543 1216 2583 nemo
1244 2528 1396 2582 novit
1426 2528 1531 2584 nisi
1573 2529 1672 2599 qui
1701 2529 1924 2599 accipit.
1954 2528 2062 2585 Sa-

468 2625 618 2693 piens
645 2624 820 2693 itaque
850 2623 1015 2692 magis
1045 2630 1102 2674 ut
1133 2629 1333 2675 matres
1361 2623 1628 2690 acquirat.
1657 2620 1856 2678 Matres
1885 2622 2059 2677 Vil’llle

470 2731 590 2774 tum
621 2719 777 2786 dicit,
805 2717 1171 2786 prudentiam,
1197 2715 1596 2780 fortitudinem,
1625 2719 2060 2788 temperantiam,

466 2809 738 2879 justitiam
766 2848 781 2874 ,
823 2809 1003 2872 tidem,
1038 2823 1194 2878 spem
1221 2847 1235 2872 ,
1278 2797 1750 2875 misericordiam,
1797 2806 2060 2863 obedieuo

471 2903 604 2955 tiam
633 2941 647 2964 ,
683 2901 1076 2956 discretionem
1103 2938 1118 2964 ,
1161 2899 1525 2953 humilitatem
1552 2937 1568 2962 ,
1609 2909 1664 2953 et
1695 2898 2017 2953 charitatent
2044 2915 2060 2966 ;

472 2995 615 3049 tilias
646 3009 797 3058 vero,
825 3007 924 3048 eas
949 3007 1071 3062 quae
1097 2990 1350 3046 oriuntur
1378 3005 1442 3046 ex
1477 2990 1582 3046 his.
1612 2990 1718 3056 Qui
1749 3007 1854 3044 non
1878 2991 2062 3060 pulsa-

473 3098 561 3138 tur
585 3085 756 3140 bellis.
806 3083 910 3151 Qui
949 3085 1141 3139 vicerit
1171 3084 1447 3138 daemones
1476 3083 1755 3154 plagantcs
1784 3093 1836 3139 et
1866 3099 2061 3154 percu-

2159 1975 2496 2044 paupertati,
2550 1976 2605 2029 in
2651 1974 2777 2046 iuga
2819 1977 3044 2032 honoris
3077 1988 3134 2031 et
3157 1978 3418 2032 omnium
3452 1993 3580 2049 quae
3619 1989 3749 2033 sunt

2159 2067 2408 2136 opposita
2438 2068 2790 2122 et'contraria
2821 2069 3143 2134 humilitati,
3166 2081 3219 2124 et
3254 2071 3307 2124 in
3339 2069 3463 2141 luga
3498 2086 3750 2125 murmu.

2161 2157 2412 2223 rationis,
2431 2157 2785 2215 detractionis
2803 2159 3088 2228 etjudicii,
3121 2176 3316 2218 servus
3347 2161 3464 2228 Dei,
3499 2163 3749 2232 possidet

2161 2265 2442 2306 coronam.
2473 2251 2850 2308 Oblencbratio
2897 2253 2958 2322 ﬁt
3007 2269 3175 2310 causa
3217 2256 3552 2326 eﬂ'eusionis.
3594 2254 3748 2325 Igno-

2161 2344 2338 2399 rantia
2367 2345 2626 2399 obscurat
2643 2387 2658 2410 ,
2685 2347 3126 2418 concupiscentia
3153 2349 3379 2406 oﬂ‘endit
3405 2357 3462 2404 et
3484 2349 3747 2418 cespitat.

2159 2437 2447 2492 delectatio
2480 2437 2568 2493 cui
2613 2439 2997 2504 consentitur,
3044 2441 3192 2496 cadit
3228 2450 3284 2497 et
3330 2441 3600 2508 moritur,
3653 2456 3747 2510 per

2161 2542 2302 2600 opus
2329 2544 2459 2584 vero
2489 2539 2546 2585 et
2565 2545 2660 2600 per
2687 2547 2872 2597 usum,
2906 2531 3054 2587 fetet.
3089 2533 3249 2586 Aliud
3286 2543 3366 2588 est
3395 2535 3744 2601 perturbatio.

2165 2620 2378 2677 Turbat
2408 2625 2854 2693 concupiscentia
2876 2666 2889 2689 ,
2920 2624 3174 2681 dili'nndit
3203 2626 3430 2681 avaritia
3463 2634 3520 2681 et
3549 2625 3746 2680 sollici-

2165 2714 2296 2769 tudo
2331 2716 2629 2780 mundana,
2663 2727 2828 2772 crecat
2849 2718 3100 2773 voluntas
3129 2718 3370 2788 propria.
3407 2718 3550 2771 Nam
3578 2720 3745 2772 omnis

2161 2823 2367 2878 quoque
2389 2809 2476 2878 qui
2509 2809 2563 2862 in
2590 2809 2774 2862 eadem
2797 2819 3017 2877 peccata
3042 2825 3144 2862 non
3177 2811 3388 2876 incidit,
3418 2809 3571 2880 digne
3591 2811 3746 2863 etiam

2163 2901 2526 2968 pcenitentiam
2553 2901 2678 2971 egit.
2713 2899 2980 2956 Pmnituit
3013 2901 3107 2957 sed
3135 2918 3241 2955 non
3267 2903 3452 2972 digne.
3474 2904 3576 2968 Qui
3603 2901 3744 2955 enim

2165 2993 2325 3062 digne
2357 2992 2615 3062 pmnitet,
2653 3007 2762 3046 non
2795 2994 2956 3047 iterat
2984 2993 3198 3063 lapsum
3226 3033 3239 3056 ,
3284 2995 3380 3049 sed
3412 2994 3692 3062 aequaliter
3717 3008 3747 3048 a

2165 3101 2225 3141 se
2246 3100 2460 3140 omnem
2490 3086 2682 3141 mortis
2712 3085 2919 3154 repellit
2947 3101 3156 3142 casum.
3195 3085 3365 3140 Nobis
3426 3097 3596 3140 tamen
3635 3102 3746 3139 ont-

468 3179 670 3233 tientes
701 3192 851 3245 eum,
879 3177 1107 3232 viriliter
1137 3178 1216 3231 eis
1265 3176 1572 3231 resistendo
1601 3185 1658 3232 et
1694 3177 2064 3246 repercutien-
2087 3215 2130 3274 ϐ
2164 3195 2283 3232 nent
2311 3178 2637 3232 hilaritatem
2667 3178 3079 3233 ostendentibus.
3146 3179 3251 3246 Qui
3294 3179 3441 3235 enim
3477 3195 3546 3234 ex
3581 3180 3748 3250 pusil-

474 3272 547 3325 do
574 3286 668 3326 eos
703 3277 866 3340 atque
898 3268 1190 3339 plagando,
1223 3267 1350 3321 licet
1373 3267 1618 3338 plagetur
1637 3305 1652 3331 ,
1682 3267 2056 3323 coronabitur.

471 3363 668 3433 Plagas
699 3377 935 3430 namque
967 3360 1200 3429 suscipit
1230 3360 1324 3429 qui
1354 3367 1626 3424 tentatur,
1656 3367 1709 3414 et
1740 3360 1926 3430 plagas
1957 3360 2061 3413 tri-

473 3457 596 3511 buit
625 3455 719 3525 qui
751 3453 1080 3508 tentationes
1110 3461 1360 3521 potenter
1397 3453 1681 3523 impugnat
1723 3462 1779 3508 et
1809 3453 2017 3524 repellit
2045 3470 2058 3506 :

474 3549 570 3618 qui
605 3562 732 3602 vero
761 3545 1056 3610 consentit,
1089 3560 1195 3599 non
1225 3554 1433 3600 tantum
1459 3547 1732 3615 plagamr,
1761 3546 1856 3600 sed
1893 3545 2062 3600 mori-

477 3652 592 3704 tttr,
624 3649 675 3695 et
709 3656 815 3694 non
846 3647 1187 3694 coronatur:
1221 3639 1315 3708 qui
1354 3652 1484 3692 vero
1525 3654 1631 3692 non
1663 3639 1956 3703 consentit,
1995 3654 2062 3692 ex

478 3731 621 3784 \irili
673 3730 1014 3794 tesistentia,
1065 3729 1246 3798 plagat
1280 3730 1577 3784 daemones.
1626 3728 1807 3794 Quare
1843 3739 2064 3800 propter

479 3821 764 3891 angustias
815 3829 869 3873 et
916 3820 1129 3873 labores
1173 3833 1312 3888 quos
1365 3819 1637 3877 sustinet.
1686 3819 2061 3874 comitabitur.

481 3909 606 3964 Tres
638 3919 812 3962 noctes
837 3950 853 3976 ,
901 3910 953 3962 in
988 3919 1164 3975 terra,
1215 3926 1334 3962 cunt
1373 3911 1580 3978 fecisset
1620 3911 1860 3981 quidam.
1929 3912 2066 3967 Tres

477 4002 680 4072 quippe
702 4041 716 4068 ,
750 4001 868 4056 sine
901 4003 1007 4056 vita
1051 4003 1106 4056 in
1143 4011 1284 4057 terra
1325 4002 1452 4057 fecit
1483 4005 1535 4058 in
1582 4005 1838 4060 universo
1867 4007 1984 4061 dies
2012 4017 2068 4062 et

478 4106 590 4149 tres
635 4103 824 4149 noctes
869 4093 1123 4150 Christus
1191 4095 1334 4151 Deus
1383 4106 1612 4152 noster:
1654 4099 1760 4168 jqui
1807 4114 1937 4154 vero
1997 4099 2066 4153 ad

478 4186 840 4240 imitationem
867 4186 1071 4242 Christi
1111 4197 1391 4256 peccatum
1419 4189 1585 4244 trium
1620 4190 1883 4247 horarum
1921 4193 2066 4246 vice-

478 4278 574 4340 rit,
611 4294 724 4333 non
751 4279 1037 4334 morietur.
1077 4279 1237 4335 Hora:
1266 4289 1375 4336 tres
1405 4293 1576 4348 sunt,
1619 4284 1670 4337 in
1703 4284 1907 4339 insultu
1949 4294 2068 4338 ten-

481 4372 704 4427 tationis
736 4379 790 4424 et
811 4373 1176 4441 suggestionis
1206 4375 1464 4444 receptio,
1501 4375 1809 4442 delectatio,
1847 4387 1901 4432 et
1936 4394 2068 4432 con-

489 4479 709 4528 sensus,
741 4479 881 4534 quas
912 4467 1153 4523 \‘it-tuose
1181 4468 1406 4525 vincens
1430 4510 1447 4535 ,
1498 4485 1604 4524 non
1653 4471 1934 4524 morietur.
1965 4469 2062 4524 Vt-l

2163 3271 2464 3328 lauintitate
2493 3272 2752 3342 poenitet,
2793 3284 2846 3326 et
2878 3287 2908 3328 a
2941 3273 3082 3327 bono
3117 3274 3403 3344 proposito
3431 3272 3750 3328 obedientiae

2159 3365 2398 3430 recedit,
2435 3373 2494 3418 ut
2519 3365 2762 3420 solitario
2787 3365 2970 3430 vivat,
3006 3365 3095 3421 hic
3121 3366 3263 3422 bans
3289 3373 3650 3437 congregata,
3686 3380 3749 3418 ex

2162 3457 2476 3527 poenitentia
2509 3457 2602 3512 tali
2637 3458 2898 3522 resolvit,
2937 3472 3230 3528 quousque
3257 3459 3461 3513 sentiat
3489 3457 3748 3512 damnum

2161 3546 2249 3601 sui
2293 3561 2488 3602 sensus
2533 3561 2600 3600 ex
2636 3546 3013 3602 misericordia
3052 3547 3390 3603 revocatoris
3441 3546 3749 3602 cadentium

2160 3635 2293 3692 Jesu
2319 3635 2544 3690 Christi.
2579 3635 2723 3692 Sane
2745 3679 2758 3702 ,
2789 3639 2884 3708 qui
2914 3637 2981 3692 ad
3021 3637 3251 3692 meliora
3296 3651 3393 3707 per
3428 3637 3604 3707 magis
3632 3652 3750 3706 per-

2163 3728 2358 3784 lectam
2411 3729 2791 3799 paenitentiam
2847 3730 3124 3793 ascendit,
3171 3729 3314 3786 facta
3361 3731 3504 3784 mala
3549 3729 3749 3785 solvit:

2165 3821 2350 3891 itaque
2374 3830 2429 3875 et
2453 3821 2547 3891 qui
2581 3821 2650 3876 ad
2679 3821 2863 3891 pejora
2895 3821 3262 3892 progreditur,
3295 3823 3456 3878 malis
3479 3823 3622 3876 mala
3653 3837 3750 3892 ap-

2164 3927 2372 3984 ponens
2396 3954 2410 3980 ,
2451 3913 2739 3983 apostasia
2779 3922 2833 3968 et
2864 3913 3203 3969 inﬁdelitatis
3242 3913 3451 3969 crimen
3500 3914 3748 3969 incurrit.

2165 4008 2319 4064 Unde
2365 4009 2691 4064 servandum
2746 4010 2904 4062 nobis
2945 4018 3068 4074 est,
3118 4009 3342 4079 quando
3381 4019 3436 4064 et
3479 4008 3750 4078 quomodo

2164 4113 2263 4169 per
2296 4113 2538 4152 amaram
2581 4106 2637 4153 et
2674 4112 2923 4166 asperam
2969 4097 3208 4167 aliquam
3254 4097 3689 4161 institutionem,
3722 4111 3746 4150 a

2164 4190 2292 4248 felle
2318 4191 2529 4246 vitiosae
2567 4188 3004 4248 conversationis
3037 4189 3238 4259 (quasi
3267 4189 3469 4258 poculo
3495 4186 3746 4258 sumpto)

2163 4299 2450 4351 sanemttr,
2505 4300 2604 4340 nec
2659 4285 2763 4339 hoc
2805 4282 3024 4353 quidem
3069 4297 3324 4352 semper,
3366 4283 3464 4337 sed
3514 4291 3747 4351 tempore

2165 4393 2429 4448 congruo.
2465 4375 2521 4430 Μ
2527 4378 2730 4445 alisque
2757 4375 3088 4429 sensibilium
3114 4391 3291 4429 rerum
3320 4375 3481 4444 afﬁci.
3545 4375 3604 4428 Si
3632 4373 3748 4442 quis

2173 4487 2304 4543 ergo
2328 4485 2450 4524 vere
2489 4469 2811 4524 invariabile
2848 4469 3045 4522 mentis
3089 4467 3427 4537 propositum
3450 4509 3466 4532 ,
3508 4482 3608 4536 per
3634 4479 3748 4520 orso

479 4555 643 4609 horas
680 4563 794 4610 tres
831 4556 1004 4623 dicit,
1037 4557 1378 4627 juventutem
1400 4601 1419 4628 ,
1453 4561 1685 4616 mediam
1718 4569 1930 4617 atatem
1959 4601 1974 4625 ,
2013 4573 2069 4618 et
2103 4579 2145 4636 ι)
2173 4565 2377 4620 tionem
2410 4561 2521 4616 Deo
2546 4571 2825 4617 vacantem
2861 4571 2913 4616 et
2950 4561 3096 4615 circa
3122 4559 3213 4614 Dei
3255 4559 3614 4629 intelligibilia
3651 4558 3747 4612 ele-

480 4655 840 4713 st-nectutem,
871 4665 1010 4719 quas
1034 4662 1087 4705 et
1117 4653 1330 4722 vigilias
1357 4663 1468 4709 tres
1499 4652 1856 4722 Evangelinm
1889 4664 2066 4710 vocat.

483 4738 580 4792 Vel
609 4741 1110 4809 concupiscentiam
1142 4743 1328 4797 carnis
1353 4784 1366 4806 ,
1401 4745 1908 4814 concupiscentiam
1937 4759 2070 4798 ocu-

481 4833 658 4884 lorum
685 4871 700 4896 ,
729 4843 784 4888 et
813 4836 1124 4903 superbiam
1150 4837 1274 4890 vitae
1295 4876 1311 4902 ,
1355 4837 1407 4891 id
1428 4847 1516 4892 est
1538 4878 1551 4901 ,
1581 4853 1774 4892 vanam
1818 4839 2068 4908 gloriam,

480 4924 684 4994 gulam,
708 4934 760 4978 ct
789 4929 1100 4993 avaritiam,
1131 4946 1290 4998 quas,
1320 4933 1442 4998 quis
1472 4933 1720 4997 vincens,
1755 4933 2069 4986 summatim

480 5019 662 5072 omnia
715 5023 1008 5088 prostravit
1040 5023 1189 5078 vitia.
1242 5023 1461 5078 Dicebat
1508 5041 1636 5079 vero
1689 5025 1911 5080 Patrum
1951 5025 2074 5095 qui-

481 5112 644 5164 dam:
677 5111 944 5178 Quoniam
983 5116 1084 5168 ista
1118 5116 1219 5170 tria
1255 5117 1417 5170 timeo
1440 5159 1452 5181 ,
1504 5119 1992 5186 peregrinationem
2042 5134 2072 5170 a

479 5219 740 5274 corpore,
778 5208 1248 5276 praesentationcm
1282 5210 1348 5264 ad
1381 5210 1546 5264 Deum
1575 5251 1589 5274 ,
1629 5221 1684 5264 et
1709 5209 1900 5279 judicii
1946 5227 2073 5265 sen-

481 5299 727 5354 tentiam.
762 5299 822 5354 Si
846 5301 1059 5370 quando
1088 5318 1154 5355 ex
1182 5302 1474 5372 disciplina
1494 5343 1509 5366 ,
1541 5304 1720 5356 divina
1741 5345 1756 5369 ,
1791 5314 1896 5358 etc.
1929 5301 2074 5357 Prat-

480 5378 627 5445 venit
654 5392 706 5445 in
741 5391 1209 5448 benedictionibus
1243 5396 1449 5465 gratiae,
1471 5408 1656 5450 servos
1681 5411 1834 5459 suos,
1861 5405 2076 5449 amator

483 5485 764 5538 hominum
801 5487 962 5554 Deus,
985 5497 1045 5542 ut
1066 5503 1162 5542 eos
1197 5498 1388 5557 purget
1429 5505 1460 5543 a
1499 5489 1680 5554 vitiis,
1713 5498 1767 5544 et
1798 5491 2072 5559 perfectos

481 5579 777 5633 virtutibus
819 5580 999 5634 faciat.
1049 5582 1228 5646 Quare
1273 5582 1406 5637 dicit
1456 5581 1619 5638 Pater
1677 5584 1806 5652 quia
1852 5591 2071 5651 propter

485 5673 840 5740 pravitatem,
879 5674 1252 5729 inﬁrmitatem
1287 5684 1341 5731 ct
1373 5676 1817 5748 ingratitudincm
1841 5676 2069 5745 dispcm

559 5845 602 5874 δ’
639 5844 655 5897 l
711 5847 864 5900 Joan.
906 5865 964 5914 ll,
1006 5850 1094 5903 ‘27.

2173 4667 2356 4710 vatum
2371 4655 2603 4717 sortitus
2631 4662 2716 4708 est
2743 4653 2812 4707 ab
2838 4653 3092 4708 omnibus
3116 4651 3471 4708 sensibilibus
3502 4652 3591 4706 hic
3611 4665 3748 4704 mor-

2174 4756 2303 4803 tuus
2333 4755 2435 4808 est.
2468 4757 2522 4800 et
2546 4744 2947 4800 delectabilium
2977 4746 3102 4800 vitae
3131 4744 3464 4800 oblivionem
3494 4743 3750 4814 possidet.

2177 4842 2322 4897 Vivit
2367 4840 2571 4910 quippe
2614 4838 2874 4904 Christo,
2915 4839 3010 4909 qui
3071 4838 3427 4894 seusibilibus
3483 4838 3748 4892 moritur:

2176 4933 2487 4991 coruscatio
2513 4931 2870 5002 praeinsiuuat
2901 4931 3125 4986 tonitrui
3159 4946 3353 4984 sonum
3376 4971 3392 4994 ,
3426 4939 3482 4984 et
3503 4929 3750 4999 superbia

2177 5025 2464 5081 annuntiat
2487 5025 2778 5079 adventum
2809 5039 2964 5078 vanae,
2995 5023 3199 5093 gloriae.
3237 5021 3351 5076 Nisi
3385 5023 3551 5077 fuerit
3577 5022 3752 5075 animi

2177 5118 2462 5187 inquinata
2497 5116 2752 5186 superbia
2775 5155 2789 5180 ,
2823 5131 2932 5169 non
2960 5115 3217 5170 illudetur
3239 5115 3553 5169 daemonum
3589 5113 3754 5182 phan-

2175 5213 2349 5267 tasiis.
2382 5210 2780 5276 Possumus,-ex
2823 5207 3159 5263 naturalibus
3193 5209 3365 5262 rebus.
3415 5209 3469 5262 Id
3504 5208 3574 5263 de
3601 5221 3755 5262 cervo

2178 5308 2234 5355 et
2273 5298 2526 5368 exemplo
2549 5297 2903 5376 praprictatis
2940 5296 3112 5366 ipsius
3138 5296 3343 5351 dictum
3385 5295 3621 5365 intelligo
3645 5335 3660 5357 ,
3703 5302 3755 5346 ut

2177 5402 2233 5448 et
2262 5393 2330 5446 de
2365 5391 2633 5461 serpentis
2677 5389 2927 5459 exemplo
2955 5389 3096 5459 quod
3139 5389 3390 5458 sequitur
3432 5407 3445 5443 :
3495 5387 3618 5441 Nisi
3670 5401 3752 5454 per

2177 5496 2460 5556 angustam
2483 5492 2532 5538 et
2563 5494 2767 5537 arctam
2785 5482 3009 5552 jejunii.
3058 5479 3161 5547 Qui
3201 5497 3354 5535 vanae
3376 5481 3594 5551 gloriae,
3623 5479 3752 5551 gula:

2174 5590 2229 5636 et
2263 5578 2496 5634 luxuriae
2523 5577 2862 5636 deserviunt,
2883 5583 2936 5630 et
2963 5575 3054 5630 Dei
3089 5575 3249 5629 verba
3280 5574 3608 5644 przedicaut,
3633 5581 3749 5627 sunt

2175 5674 2316 5730 sicut
2340 5669 2652 5727 meretrices
2675 5671 3030 5724 admonentes
3055 5669 3192 5723 alios
3221 5669 3288 5723 dc
3311 5669 3582 5723 castitate.
3609 5664 3746 5720 Sicut
