4030 6398
351 399 486 467 1245

1525 406 1846 468 SCHOIJA
1879 405 1959 467 ῐΝ
1985 405 2102 466 CLI
2112 407 2398 468 MACUM.

3467 409 3600 472 1246

326 513 630 585 longinqua
655 519 739 568 est
762 511 832 570 ab
858 513 926 571 iis
954 514 1048 586 qui
1075 515 1320 588 quotidie
1349 516 1714 584 fornicamur,
1741 517 1908 574 casti-
1941 524 1986 580 Α
2015 515 2246 583 fuerint,
2285 517 2519 574 visibilis
2547 517 2871 573 obedientia:
2908 527 2960 572 et
2996 516 3182 571 utilem
3213 529 3265 572 et
3296 520 3598 577 nocituram

333 617 438 672 tas,
471 606 544 662 ita
574 613 629 662 et
664 606 734 662 ab
766 605 904 673 illis,
933 608 1298 679 spiritualium
1341 611 1604 666 virtutum
1632 626 1828 667 sensus
1857 619 1913 666 et

332 697 743 768 contemplatio.
768 697 875 767 Qui
899 700 1146 757 continet
1170 709 1443 767 ventrem,
1469 702 1724 758 diminuit
1749 702 1877 756 vitia
1894 743 1908 767 ,

333 801 391 847 et
413 793 506 861 qui
533 791 772 847 vincitur
799 793 869 847 ab
893 793 1072 859 escis,
1113 803 1275 864 auget
1318 794 1639 850 libidinosas
1673 793 1911 849 delecta-

332 885 547 952 tiones,
600 883 938 956 Principium
983 887 1207 956 quidem
1250 887 1494 958 gentium
1539 887 1799 942 Amalech
1822 886 1908 953 “,

334 978 665 1049 principium
712 989 895 1035 autem
932 979 1187 1035 vitiorum
1211 1020 1230 1046 ,
1270 979 1417 1051 gula.
1480 979 1650 1050 Ligna
1675 995 1912 1050 namque

333 1070 503 1126 multa
532 1071 774 1126 excitant
803 1069 1106 1139 ﬂammam,
1148 1072 1399 1127 ciborum
1433 1087 1563 1128 vero
1597 1072 1910 1140 multitudo,

332 1161 626 1218 luxuriam.
657 1162 1113 1234 Concupiscentia
1169 1179 1309 1220 escae
1355 1164 1564 1235 peperit
1593 1164 1913 1220 inobedien—

334 1250 463 1304 tiam
489 1267 506 1318 ;
535 1259 590 1306 et
615 1250 848 1308 dulcedo
897 1261 1092 1322 gustus
1145 1253 1306 1324 ejecit
1343 1253 1616 1308 hominem
1655 1253 1722 1308 de
1751 1267 1912 1324 para-

331 1341 503 1397 diso:
565 1341 638 1397 ita
687 1351 745 1398 et
794 1343 1099 1399 monachus
1150 1343 1378 1414 gulosus
1433 1344 1639 1415 frangit
1688 1343 1913 1400 castita-

331 1432 407 1489 tis
434 1431 634 1499 ftedus,
676 1441 732 1490 et
777 1449 807 1488 a
856 1435 1261 1506 pulchritudine
1308 1437 1785 1506 contemplationis
1814 1436 1911 1507 eji-

330 1526 526 1581 cietur.

686 1618 842 1674 CAP.
887 1617 978 1674 IX.
1001 1646 1074 1660 —
1099 1618 1182 1674 Ad
1211 1619 1436 1690 gradum
1465 1620 1556 1675 9.7.

407 1708 530 1764 Non
566 1710 871 1779 ignorantes
899 1750 914 1776 ,
955 1728 1138 1766 canem
1167 1713 1466 1782 quemdam.
1514 1714 1720 1770 Canem
1776 1713 1912 1770 dicit

2012 607 2368 663 directionem
2396 648 2410 674 ,
2443 609 2545 663 sub
2573 608 2890 664 senioribus
2911 651 2928 674 ,
2973 609 3180 679 absque
3219 611 3599 668 coenobiorum

2015 701 2279 763 tumultu,
2306 702 2361 754 in
2393 701 2574 770 quiete
2603 715 2727 756 cum
2759 701 3063 756 reverentia
3101 712 3156 756 et
3186 703 3426 772 perfecta
3452 720 3574 760 mer

2014 792 2313 847 tilicatione
2365 801 2610 849 tenentes
2661 809 2838 864 usque
2898 795 2950 848 in
3010 795 3198 849 linem.
3264 795 3415 852 Licet
3470 813 3603 869 ergo

2015 901 2271 957 magnum
2306 885 2406 950 sit,
2445 885 2640 956 quietis
2681 887 2939 942 solitaria:
2974 887 3284 957 angelicum
3320 904 3460 959 opus
3486 928 3499 951 ,
3545 899 3602 944 et

2014 979 2238 1049 majoris
2273 979 2551 1049 profectus
2592 994 2756 1050 quam
2790 981 3040 1035 coauohia
3065 1019 3080 1045 ,
3129 997 3258 1036 vere
3291 984 3538 1053 purgatis
3571 1001 3598 1036 δ

2015 1071 2160 1127 vitiis
2184 1113 2199 1138 ,
2230 1087 2340 1126 non
2369 1073 2485 1126 vult
2513 1071 2618 1126 hoc
2655 1072 2837 1126 dicere
2873 1081 3094 1141 propter
3123 1075 3296 1144 magis
3323 1075 3599 1138 inﬁrmos,

2013 1175 2154 1232 quos
2199 1161 2391 1218 eadem
2429 1162 2775 1216 conversatio
2818 1161 3094 1232 liquefacit
3134 1172 3394 1234 tanquam
3430 1167 3600 1220 cami-

2014 1265 2120 1307 nus
2150 1251 2437 1322 plumbum
2467 1271 2478 1305 :
2524 1249 2667 1304 inest
2703 1250 2904 1320 quippe
2937 1249 3170 1304 intlrmis
3210 1261 3270 1305 ut
3306 1249 3600 1322 plurimum

2012 1343 2331 1400 laedentium
2362 1342 2671 1412 appetitus,
2705 1355 2878 1412 quare
2906 1341 3108 1410 saapius
3138 1341 3441 1397 recidivaut
3468 1350 3603 1397 cori-

2013 1437 2178 1491 traria
2218 1443 2496 1490 sumentes
2517 1474 2533 1501 ,
2563 1432 2692 1504 quia
2737 1447 2845 1487 nou
2872 1441 2958 1488 est
3011 1432 3359 1502 parvulorum
3384 1474 3398 1498 ,
3446 1435 3602 1490 cibus

2013 1525 2405 1597 perfecturum.

2086 1617 2224 1682 Ima,
2253 1633 2334 1672 me
2372 1621 2482 1688 ipse
2504 1617 2734 1687 quidem.
2760 1616 2870 1682 Ait,
2915 1615 3032 1686 ipse
3053 1615 3296 1686 quidem,
3331 1615 3459 1685 quid
3500 1616 3600 1670 sibi

2012 1710 2306 1780 expediens
2337 1718 2440 1776 est,
2482 1718 2797 1780 cognoscet,
2857 1709 2962 1764 nisi
3017 1709 3257 1764 studium
3305 1709 3604 1778 perlectum

330 1818 485 1858 vanae
512 1802 699 1868 gloriae
725 1804 1024 1860 daauonem
1051 1847 1065 1871 ,
1105 1807 1198 1876 qui
1232 1821 1331 1861 sua
1374 1807 1708 1878 impudentia
1732 1808 1912 1863 omni-
1949 1875 1968 1878 Α
2015 1801 2269 1854 habuerit
2297 1799 2666 1855 observantiae
2696 1801 3079 1855 mandatorum
3105 1809 3158 1853 et
3180 1798 3439 1852 virtuosa:
3470 1811 3606 1852 cou-

333 1893 436 1948 bus
476 1891 766 1947 insidiatur
804 1893 996 1960 bonis,
1023 1904 1076 1950 et
1103 1875 1342 1952 corradit
1369 1875 1716 1964 curiositate,
1747 1906 1803 1952 et
1829 1897 1910 1952 lo-
1943 1875 1985 1936 Β
2015 1891 2360 1957 versationis,
2395 1892 2587 1946 Mortis
2613 1893 2936 1962 properatio.
2984 1891 3042 1946 td
3072 1899 3156 1946 est
3193 1907 3257 1945 ex
3281 1891 3606 1960 promptitu-

334 1979 607 2048 quacitate
627 2019 642 2046 ,
666 1987 721 2035 et
747 1979 1118 2048 superﬂuitate
1137 2025 1151 2048 ,
1179 1992 1233 2038 et
1261 1985 1660 2052 ostentatione,
1703 1997 1757 2040 et
1791 2000 1908 2040 ma-

339 2069 618 2141 lignitate,
657 2081 817 2142 atque
867 2075 1173 2142 corrumpit
1209 2075 1424 2132 animas
1460 2076 1908 2147 imprudentium.

339 2162 549 2228 Quietis
573 2166 769 2217 amicus
789 2205 803 2229 ,
831 2175 909 2219 est
941 2165 1096 2235 fortis
1122 2167 1360 2237 quidam.
1420 2167 1632 2234 Quietis
1653 2169 1912 2224 solitariae

333 2264 553 2309 amator
575 2255 856 2327 egrediens
903 2257 973 2312 de
1008 2259 1142 2312 cella
1190 2275 1315 2314 cum
1358 2260 1618 2326 silentio,
1658 2277 1914 2317 mansue-

332 2347 546 2414 tudine,
572 2347 819 2404 oratione
861 2351 1084 2408 mentali
1123 2361 1178 2406 et
1211 2351 1510 2418 charitate,
1549 2368 1656 2408 non
1686 2368 1912 2424 progre-

327 2436 479 2492 ditur
512 2457 526 2493 :
573 2439 850 2510 verboque
875 2480 892 2508 ,
935 2456 968 2495 a
1019 2442 1286 2511 spirituali
1323 2444 1519 2499 animae
1559 2444 1913 2500 consistentia

329 2546 440 2584 non
484 2531 722 2598 recedit,
758 2533 882 2588 licet
916 2534 1167 2588 videatur
1192 2545 1349 2590 extra
1387 2534 1626 2606 quietem
1659 2537 1914 2592 solitudiv

329 2621 450 2685 nis,
484 2637 714 2692 corpore
753 2626 921 2679 exire.
971 2624 1225 2680 Observat
1274 2628 1512 2696 quidem.
1553 2644 1914 2699 murem‘qutz

329 2711 467 2765 Imm:
521 2727 783 2778 venatur,
841 2725 945 2771 etc.
1010 2717 1218 2772 Murem
1286 2719 1718 2791 intelligibilcm,
1780 2722 1916 2776 dicit

330 2804 662 2860 homicidam
716 2809 989 2864 diabolum
1021 2849 1035 2874 ,
1087 2826 1248 2879 quem
1296 2812 1528 2867 intentio
1575 2815 1914 2883 quiescentis

329 2897 618 2966 vigilanter
645 2898 924 2966 observat,
951 2903 1094 2958 sicut
1121 2912 1240 2958 cata
1271 2919 1506 2959 murem.
1538 2903 1607 2958 Ut
1625 2905 1913 2961 monachus

328 2988 492 3044 alteri
539 2993 794 3046 monacho
868 2993 1152 3061 adiunctas
1193 3013 1212 3050 :
1261 2996 1406 3052 Duos
1462 2999 1764 3053 monachos
1826 2999 1915 3054 hic

328 3081 490 3136 Pater
541 3085 692 3152 ponit
754 3103 768 3138 :
819 3102 1028 3153 unum,
1077 3088 1146 3142 ab
1197 3088 1516 3145 hominibus
1565 3090 1912 3158 desolatum,

325 3169 423 3238 qui
456 3170 815 3239 corporaliter
847 3172 1045 3228 dicitur
1066 3184 1120 3230 et
1150 3183 1233 3231 est
1265 3177 1546 3233 solitarius
1575 3179 1910 3246 monachus;

323 3261 498 3315 alium
532 3278 663 3317 vero
700 3279 730 3318 a
777 3266 1016 3334 propriis
1046 3268 1417 3325 voluntatibus
1461 3279 1515 3325 et
1561 3271 1914 3341 cogitationi-

324 3351 434 3406 bus
470 3360 525 3406 et
554 3352 699 3409 vitiis
738 3365 1049 3424 separatum
1075 3399 1090 3424 ,
1127 3374 1287 3428 quem
1330 3360 1670 3429 spiritualem
1715 3378 1913 3418 mona-

322 3445 494 3498 chum
523 3453 574 3499 et
612 3446 920 3502 solitarium
955 3451 1232 3518 nominat;
1266 3453 1411 3508 sicut
1441 3454 1507 3509 de
1535 3455 1600 3511 iis
1631 3471 1754 3522 quae
1787 3465 1918 3512 sunt

321 3537 708 3592 tantummodo
731 3539 961 3606 animae',
990 3541 1309 3611 sollicitum,
1343 3554 1399 3600 et
1430 3547 1760 3603 monachum
1794 3565 1915 3605 mo-

321 3631 512 3686 nat-ho
535 3673 550 3697 ,
593 3631 646 3686 id
677 3641 759 3688 est
784 3674 800 3698 ,
845 3634 946 3689 soli
977 3633 1088 3690 Deo
1117 3637 1488 3693 assistentem.
1511 3638 1655 3696 Sane
1687 3657 1794 3697 non
1836 3644 1918 3698 sic

322 3723 597 3777 liberatur
629 3738 661 3777 a
708 3724 896 3794 lapsu,
932 3725 1024 3794 qui
1051 3727 1411 3795 corporaliter
1438 3737 1524 3785 est
1558 3731 1739 3800 solus,
1777 3733 1916 3789 sicut

328 3816 669 3882 monachus,
706 3817 966 3886 pracdicto
999 3818 1162 3875 modo
1193 3835 1318 3875 eum
1347 3824 1618 3878 monacho
1641 3825 1914 3894 habitans,

327 3909 596 3978 quoniam
623 3927 687 3968 ex
718 3925 842 3970 octo
877 3917 1098 3973 malitiae
1128 3919 1412 3988 spiritibus
1435 3959 1449 3977 .
1483 3921 1727 3991 quinque
1762 3922 1914 3992 prin-

331 4001 620 4068 cipaliter,
667 4005 945 4062 solitarios
987 4008 1344 4079 impugnant,
1374 4009 1656 4075 videlicet,
1692 4011 1912 4078 acedia,

331 4092 596 4159 tristitia,
639 4094 744 4160 ira,
785 4113 926 4152 vana
975 4099 1277 4169 gloria,:‘et
1308 4103 1585 4172 superbia.
1625 4103 1760 4158 Tres
1785 4118 1916 4159 vero

325 4184 652 4243 obedientes
673 4231 688 4254 ,
719 4190 875 4259 gula,
914 4191 1129 4248 luxuria
1153 4233 1168 4258 ,
1205 4204 1262 4248 et
1296 4195 1545 4250 avaritia.
1581 4193 1874 4251 Solitarius
1895 4239 1912 4264 ,

320 4287 410 4330 est
444 4276 616 4346 [arma
653 4283 916 4337 terrestris
946 4285 1142 4355 angeli.
1197 4284 1252 4341 id
1277 4298 1394 4352 est,
1434 4288 1737 4343 secundum
1769 4289 1916 4360 quod

318 4377 414 4422 cst
440 4371 727 4435 possibile,
760 4389 886 4429 eum
918 4392 1155 4446 sequens
1177 4418 1194 4443 ,
1226 4378 1295 4434 ab
1322 4380 1474 4433 omni
1503 4381 1827 4452 negligentia
1861 4390 1916 4438 et

322 4461 782 4530 pusillanimitate
812 4481 967 4521 suam
1001 4468 1241 4524 liberans
1266 4471 1591 4527 orationem.
1633 4473 1735 4540 Qui
1767 4475 1913 4530 enim

2012 1984 2140 2039 dine
2165 1995 2218 2040 et
2258 1985 2400 2039 bona
2425 1983 2730 2051 voluntate,
2756 1999 2853 2054 per
2875 1983 3234 2039 imitationem
3264 1983 3388 2037 novi
3428 1982 3604 2036 homi-

2013 2075 2628 2143 nis,-mortilicationem
2673 2075 2856 2130 carnis
2883 2084 2937 2131 et
2968 2075 3228 2130 vitiorum
3270 2082 3603 2138 monstrare,

2014 2169 2261 2240 nihilque
2287 2184 2584 2224 commune
2611 2169 2810 2223 habere
2835 2183 2960 2223 cum
3023 2168 3248 2233 mundo,
3281 2169 3374 2223 sed
3410 2167 3605 2238 singu-

2012 2257 2080 2314 lis
2113 2259 2262 2315 horis
2303 2259 2613 2315 desiderare
2647 2258 2809 2323 mori,
2846 2267 2897 2313 et
2935 2273 3048 2312 esse
3077 2273 3198 2310 cum
3223 2257 3454 2313 Christo.
3502 2257 3607 2311 lni-

2014 2351 2275 2422 possihile
2302 2358 2387 2406 est
2409 2351 2656 2406 habitum
2682 2365 2827 2406 vera:
2861 2351 3147 2406 charitatis
3181 2364 3304 2403 esse
3335 2349 3388 2403 in
3415 2363 3482 2402 eo
3512 2349 3606 2418 qui

2012 2444 2191 2515 diligit
2213 2443 2415 2514 aliquid
2454 2444 2669 2512 vitiose,
2695 2444 2786 2500 sed
2824 2459 2998 2514 neque
3027 2443 3226 2507 oratio,
3265 2441 3440 2511 magis
3478 2456 3608 2495 vero

2014 2536 2282 2592 orationis
2312 2537 2546 2601 macula,
2573 2547 2628 2590 et
2672 2536 2727 2590 in
2753 2536 2999 2591 oratione
3043 2535 3189 2604 ejus,
3250 2541 3604 2604 augmentum

2016 2629 2132 2696 im,
2164 2637 2217 2684 et
2267 2628 2490 2696 furoris,
2533 2637 2588 2684 et
2621 2629 2858 2696 timoris,
2902 2639 2955 2682 et
3013 2627 3267 2683 elationis
3304 2626 3610 2695 assumptio

2014 2720 2140 2776 erit.
2185 2719 2380 2776 Sciens
2413 2735 2478 2777 ac
2532 2721 2774 2791 prudens
2839 2720 3032 2775 tacebo
3064 2718 3272 2790 reliqua
3305 2737 3318 2772 :
3348 2716 3606 2783 subaudi,

2015 2813 2204 2884 lapsus
2225 2814 2431 2878 carnis,
2476 2827 2735 2869 excessus
2775 2814 2998 2876 mentis,
3053 2821 3108 2867 et
3139 2811 3450 2866 vexationes
3503 2810 3609 2866 Sa-

2015 2914 2178 2960 tanae.
2213 2903 2504 2959 Exinanito
2545 2907 2683 2958 enim
2744 2903 2887 2974 felle,
2961 2903 3014 2957 id
3070 2910 3176 2966 est,
3234 2903 3497 2972 abnegata
3554 2911 3610 2956 et

2017 2997 2345 3052 mortiﬁcata
2369 3006 2424 3051 et
2450 2997 2580 3052 odio
2611 2996 2794 3051 habita
2821 2995 3040 3067 propria
3083 2995 3384 3058 voluntate,
3436 2993 3496 3049 lit
3523 2993 3605 3049 di-

2016 3089 2252 3144 minutio
2289 3089 2568 3144 vitiorum.
2608 3087 2742 3144 Cum
2778 3089 3008 3142 medium
3059 3086 3198 3142 illud
3238 3087 3605 3157 arripuissem.

2018 3176 2136 3232 Non
2179 3177 2322 3232 clare
2365 3177 2610 3231 narravit
2655 3176 3176 3246 contemplationem
3225 3185 3479 3244 sanctus,
3541 3185 3611 3230 eo

2016 3269 2164 3341 quod
2194 3270 2374 3325 noluit
2429 3269 2690 3325 omnibus
2747 3269 2874 3324 talia
2899 3268 3180 3324 revelare:
3211 3267 3345 3324 dicit
3401 3275 3608 3336 autem,

2015 3378 2322 3434 exsequens
2353 3363 2656 3418 orationem
2677 3362 2962 3433 vigilanter
2981 3369 3040 3417 et
3068 3361 3186 3417 sine
3205 3360 3612 3418 intermissione

2016 3465 2073 3511 et
2098 3455 2335 3528 pigritia,
2370 3455 2516 3526 quod
2550 3465 2637 3510 est
2684 3454 2925 3510 medium
2981 3455 3150 3508 trium
3206 3453 3606 3524 operationum.

2021 3547 2373 3604 Intermedius
2403 3549 2622 3619 effectus
2647 3564 2785 3602 sunt.
2831 3547 2890 3602 lu
2914 3546 3108 3602 mediis
3130 3546 3352 3618 (inquit)
3380 3545 3610 3602 eﬂ‘ectus

2017 3656 2138 3697 sum
2170 3641 2419 3697 videlicet
2472 3641 2733 3712 angelicis
2779 3649 2834 3695 et
2883 3625 3348 3696 intellectualibus
3402 3639 3612 3694 ordini-

2017 3734 2142 3799 bus,
2171 3735 2314 3804 quod
2342 3743 2429 3789 est
2477 3733 2712 3788 medium
2750 3731 2843 3787 Dei
2885 3741 2939 3788 et
2963 3732 3268 3788 hominum.
3315 3731 3394 3787 Ac
3426 3733 3611 3786 sitien-

2019 3837 2122 3880 tem
2153 3842 2231 3880 me
2263 3825 2623 3879 illuminabat.
2679 3823 2746 3879 Et
2799 3823 3140 3879 illuminatus
3189 3823 3268 3878 fui
3300 3824 3372 3878 ab
3398 3838 3466 3880 eo
3496 3824 3608 3888 (inn

2016 3918 2159 3989 quit)
2196 3917 2708 3989 supernaturaliter.
2753 3915 2956 3970 Eteoce
2994 3932 3180 3971 rursus
3209 3924 3330 3970 erat
3382 3917 3436 3970 in
3472 3916 3606 3971 illis.

1983 4009 2086 4066 -Et
2141 4026 2271 4066 ecce
2313 4010 2536 4080 (inquit)
2599 4010 2797 4064 iterum
2839 4023 2994 4064 mens
3031 4007 3225 4064 eratin
3285 4008 3393 4063 illis
3439 4023 3609 4078 super

2017 4103 2395 4173 Spiritualihus
2423 4111 2479 4158 et
2508 4100 2942 4156 immissionibus
2965 4099 3188 4166 divinis,
3221 4108 3276 4155 et
3303 4099 3358 4154 in
3381 4114 3447 4155 ea
3483 4116 3608 4171 quin

2017 4205 2102 4252 est
2165 4196 2310 4251 circa
2361 4195 2541 4266 ipsum
2597 4192 3092 4263 contemplatione,
3122 4207 3232 4247 non
3280 4192 3489 4258 valens,
3539 4192 3606 4246 ad

2017 4289 2324 4361 principem
2349 4289 2405 4343 in
2439 4288 2620 4344 omnis
2653 4293 2922 4342 creaturae
2942 4283 3223 4340 Christum
3253 4285 3444 4350 Deum,
3475 4298 3603 4353 pro.

2016 4392 2138 4452 pter
2165 4380 2599 4436 inaccessibilem
2632 4379 2833 4445 lucem,
2861 4391 3078 4433 sursum
3126 4376 3211 4448 agi
3271 4385 3326 4432 et
3358 4375 3602 4438 extendi,

2017 4489 2084 4529 ex
2121 4475 2227 4529 hoc
2264 4472 2644 4529 desiderabam
2690 4469 3070 4540 contemplari.
3103 4468 3244 4534 Quid
3289 4469 3503 4540 quidem
3551 4469 3612 4522 in

323 4553 562 4620 gratiam
609 4554 872 4613 Paracleti
919 4575 1024 4613 non
1072 4562 1322 4632 accepit,
1372 4579 1483 4618 non
1528 4565 1749 4621 habebit
1789 4584 1916 4622 ora-
1947 4569 1994 4629 ι)
2019 4584 2081 4622 eo
2101 4578 2215 4622 erat
2254 4578 2377 4622 ante
2407 4566 2666 4621 visibilem
2713 4565 2964 4634 formam.
3034 4561 3394 4634 Interrogavit
3419 4576 3548 4616 vero
3576 4577 3613 4615 ει

325 4644 500 4699 tionis
551 4649 980 4715 permanentiam
1020 4661 1074 4706 et
1131 4655 1547 4723 perpetuitatem
1578 4677 1591 4711 :
1629 4673 1752 4712 cum
1782 4673 1915 4714 vero

324 4735 652 4794 Paracletus
727 4739 892 4796 fuerit
957 4742 1011 4795 in
1069 4743 1288 4799 homine
1367 4755 1534 4813 tunc,
1604 4750 1800 4805 sedens
1864 4760 1920 4806 et

324 4827 664 4896 ambulans,
745 4833 1024 4889 dormiens
1077 4842 1132 4888 ct
1213 4836 1444 4906 vigilans
1526 4839 1782 4896 laborans
1864 4849 1920 4896 et

323 4921 658 4990 quiescens,
691 4925 841 4980 solus
860 4967 876 4992 ,
903 4927 987 4980 vel
1013 4943 1136 4982 cum
1173 4931 1357 4996 soniis,
1390 4932 1620 5002 loquens
1645 4944 1700 4989 et
1729 4946 1918 4991 tacens

323 5022 455 5066 orat
493 5015 755 5084 angelus,
802 5027 888 5073 est
931 5019 1238 5076 substantia
1282 5023 1666 5082 intellectualis
1702 5043 1919 5098 semper

324 5105 587 5173 mobilis;
617 5108 845 5167 arbitrio
872 5111 1072 5178 libera,
1104 5113 1217 5169 Deo
1249 5115 1600 5184 ministrans,
1634 5120 1687 5173 in
1720 5131 1917 5176 natura

321 5200 642 5256 immortale
663 5203 808 5271 quod
830 5213 917 5258 est
943 5205 1219 5275 accipiens
1241 5218 1294 5263 et
1323 5209 1527 5266 habens
1554 5230 1568 5266 :
1597 5211 1757 5282 cujus
1784 5214 1918 5269 sub-

321 5290 548 5346 stantia
578 5291 950 5350 deﬁnitionem
987 5307 1041 5352 et
1072 5297 1302 5354 formam
1321 5341 1336 5363 ,
1381 5303 1534 5357 solus
1563 5303 1791 5360 Creator
1816 5321 1917 5360 no-

321 5381 434 5434 vit.
463 5381 593 5450 Cur,
654 5401 867 5454 quaeso,
901 5404 1004 5442 non
1036 5401 1136 5457 tot,
1167 5391 1308 5460 apud
1339 5392 1728 5450 tabennesiotas
1750 5437 1767 5462 ,
1810 5407 1915 5453 etc.

318 5473 477 5540 Quia
513 5477 739 5548 majoris
763 5480 1002 5551 quietis,
1045 5491 1101 5538 et
1142 5485 1426 5553 amplioris
1467 5488 1822 5557 retnotionis,
1864 5498 1920 5546 et

319 5566 602 5622 nuditatis
625 5611 639 5633 ,
682 5579 737 5626 et
768 5573 1036 5630 orationis
1058 5617 1072 5641 ,
1109 5584 1164 5630 et
1196 5575 1433 5644 silentii,
1467 5579 1825 5650 scythiothae,
1864 5591 1918 5636 et

317 5660 691 5731 intclligibilis
729 5667 1054 5724 obedientia:
1099 5677 1416 5740 operatorcs
1462 5680 1516 5725 et
1569 5659 1915 5741 possessores

407 5843 456 5875 ⁸³
483 5843 646 5898 Num.
683 5861 824 5912 xxiv,
865 5845 952 5901 ΞΟ.

1963 4723 1965 4726 ⁴
2023 4659 2263 4730 quodam
2311 4659 2630 4730 angelorum
2677 4658 2746 4713 de
2790 4656 2968 4712 Verbo
2997 4664 3126 4710 ante
3172 4654 3616 4724 assumptionem

2024 4752 2284 4806 humanae
2312 4760 2522 4806 natura:
2555 4769 2568 4805 :
2601 4766 2629 4802 a
2673 4765 2785 4819 quo
2813 4749 3094 4812 exclusus,
3133 4747 3329 4802 iterum
3356 4745 3618 4816 qumsivit

2023 4841 2304 4912 quomodo
2362 4855 2508 4896 nunc
2562 4839 2827 4895 exsistit?
2857 4837 2924 4893 Et
2956 4839 3169 4893 audivit
3202 4856 3215 4892 :
3253 4835 3320 4890 In
3379 4837 3610 4906 propriis

2023 4943 2072 4990 at
2101 4950 2204 4988 non
2239 4935 2294 4987 in
2323 4935 2463 4999 istis,
2495 4949 2524 4988 a
2557 4932 2802 5004 principe
2832 4931 3083 4994 visionis.
3139 4939 3331 4985 sancto
3388 4929 3609 4999 angelo,

2021 5027 2277 5084 subaudi.
2313 5026 2380 5080 Et
2411 5042 2503 5096 ego
2533 5043 2552 5079 :
2591 5025 2848 5094 Quaenam
2879 5022 3142 5094 (inquam)
3177 5032 3253 5077 est
3284 5022 3474 5076 dextra
3495 5031 3610 5075 sta-

2025 5116 2100 5168 tio
2129 5116 2153 5168 ?
2178 5125 2284 5169 etc.
2320 5113 2387 5168 Et.
2428 5115 2627 5170 iterum
2663 5115 3019 5183 interrogavit
3048 5132 3062 5168 :
3094 5114 3225 5181 Qus
3250 5123 3334 5168 est
3361 5115 3613 5177 dextera,

2021 5214 2078 5262 et
2108 5207 2376 5263 thronus?
2404 5215 2458 5262 et
2492 5207 2644 5262 audit
2684 5223 2880 5263 rursus
2927 5226 2941 5263 :
2974 5205 3310 5276 lmpossib'ale
3346 5216 3432 5263 est
3477 5223 3616 5262 aure

2024 5299 2129 5354 ista
2161 5300 2368 5355 doceri.
2402 5298 2600 5355 lterum
2625 5300 2896 5355 desiderio
2940 5309 3169 5363 tractus,
3203 5308 3358 5369 rogat
3405 5299 3607 5354 adduci

2024 5393 2090 5446 ad
2119 5393 2250 5447 illud
2282 5401 2496 5464 tempus
2521 5392 2892 5463 perfectionis,
2921 5393 2976 5448 in
3000 5408 3111 5462 quo
3137 5393 3316 5448 videat
3340 5391 3608 5458 Verbum,

2025 5487 2186 5544 sicuti
2215 5497 2300 5544 est
2333 5489 2468 5558 :qui
2494 5489 2674 5545 denuo
2701 5489 2853 5544 audit
2908 5504 3016 5544 non
3069 5504 3192 5544 esse
3257 5488 3458 5542 viantis
3504 5487 3621 5543 hoe

2025 5581 2281 5651 accipere
2313 5594 2367 5637 et
2400 5582 2724 5652 intelligere,
2761 5583 2866 5638 nisi
2892 5581 3045 5652 prius
3072 5581 3436 5636 absorbeatur
3463 5581 3617 5650 quod:

2026 5673 2255 5729 mortale
2295 5685 2374 5730 est
2407 5691 2435 5726 a
2463 5674 2588 5738 vita,
2619 5683 2670 5728 ct
2710 5671 3045 5742 impcrl‘ectio
3067 5679 3270 5728 nostra:
3293 5671 3607 5742 corruptio-
