4030 6414
533 348 668 416 1247

1295 365 1355 425 S.
1395 365 1706 428 JOANNIS
1753 371 2014 434 RAITH.
2055 376 2378 445 SCIIOLIA
2416 389 2492 448 IN
2519 394 2929 461 ELIMACUM.

3670 413 3810 480 12i8

527 463 620 520 "is
644 466 961 534 perﬁdam"
982 472 1052 529 ab
1079 472 1204 543 ἱειιθ
1244 472 1479 544 Spiritus
1516 480 1692 534 εθηοιί
1736 483 1921 538 οηιηίιὶ
1988 500 2121 539 con-
2148 491 2199 547 Λ
2228 491 2373 548 niam
2412 514 2520 555 non
2563 503 2723 559 habet
2749 507 3016 566 fervorem
3042 512 3165 568 boni
3189 516 3443 574 desiderii
3470 531 3524 576 et
3547 521 3807 581 festinati-

529 564 777 581 mh“-.-
834 558 922 581 υ-.
1163 562 1267 581 ικηκ
1523 566 1556 581 ..
1770 573 1782 581 .
1905 573 1957 581 .-

526 564 799 613 sumente.
828 558 926 619 Est
945 571 1127 619 autem
1163 562 1275 619 haec
1301 566 1439 621 visio
1463 566 1818 639 relinquenda
1848 573 1918 629 ad
1945 576 2116 632 inter-

524 650 851 716 pretandum
877 692 892 719 ,
923 655 1185 724 expertis.
1214 654 1485 714 Praeterea
1507 674 1818 733 exsequens
1850 669 2114 737 medium,

523 742 790 805 orationis
849 759 970 814 quae
1030 756 1156 816 post
1210 747 1478 805 virtutum
1555 753 1805 812 habitum
1854 761 2114 819 vitiorum

518 836 913 899 emundatione
960 841 1241 908 praemissa
1287 853 1471 899 mente
1498 847 1797 918 perficitur,
1852 852 1907 907 in
1934 856 2116 911 medio

521 922 786 980 virtutum
835 934 890 980 et
935 931 1419 1000 contemplationis
1458 934 1640 995 factus
1688 956 1853 1006 sum,
1912 942 2112 1017 inquit.

520 1013 662 1069 Sunt
688 1017 832 1071 enim
862 1018 1089 1077 virtutes
1109 1026 1373 1082 mortales
1385 1038 1439 1083 et
1461 1033 1675 1100 purgati
1691 1034 1967 1093 animiscu
1983 1054 2115 1095 con-

518 1110 845 1179 templativae
858 1117 1196 1187 exemplares
1212 1134 1307 1176 seu
1350 1124 1769 1197 intellectuales,
1796 1132 1942 1188 sicut
1984 1146 2115 1195 sunt

512 1205 617 1256 con
625 1213 729 1259 tem
736 1207 1005 1274 plationes
1018 1212 1623 1283 immediatae,mediataz
1631 1233 1686 1279 et
1696 1226 1956 1296 subjecta
1969 1248 1984 1294 ;
1997 1230 2115 1300 qui-

514 1291 618 1347 bus
635 1303 766 1350 sunt
780 1311 1036 1357 consona:
1051 1303 1435 1363 casistentium
1457 1311 1666 1378 activa,
1681 1291 2113 1387 contemplativa

511 1384 595 1438 vel
632 1385 1031 1448 intellectuales
1060 1405 1113 1450 et
1138 1399 1544 1459 transductivaz.
1578 1403 1674 1461 Est
1701 1421 1827 1463 vero
1849 1384 2108 1467 virtutum

510 1478 825 1535 mortalium
848 1483 988 1549 linis,
1011 1486 1184 1556 pietas
1201 1491 1283 1545 vel
1301 1496 1635 1563 compassio:
1654 1497 1910 1556 virtutem
1923 1512 2106 1560 autem

509 1569 681 1624 animi
705 1572 818 1642 jam
850 1580 1062 1646 purgati
1090 1596 1185 1637 seu
1234 1588 1810 1659 contemplativarum,
1839 1596 1966 1651 linis
2022 1607 2107 1652 est

511 1662 913 1723 irremissibilis
962 1669 1031 1724 ad
1084 1675 1369 1741 passiones
1411 1688 1464 1733 et
1511 1684 1759 1752 corporis
1812 1685 2102 1756 depositio.

507 1748 963 1813 lntellectualium
1017 1777 1146 1818 vero
1201 1780 1294 1821 seu
1346 1748 1760 1840 exemplarium,
1814 1748 2098 1835 deilormi-

458 1880 465 1886 .
506 1853 595 1898 tas
623 1858 677 1899 et
704 1850 899 1917 gratia.
932 1849 1209 1909 Virtutum
1244 1858 1410 1928 igitur
1437 1863 1640 1932 gradus
1661 1868 1875 1924 medius
1900 1880 2006 1935 est,
2032 1872 2094 1926 il-

503 1932 796 1992 luminatio
817 1949 872 1995 et
896 1942 1284 2004 intellectualis
1307 1952 1601 2020 explicatio
1642 1972 1657 2009 :
1688 1956 1784 2019 ita,
1816 1967 1871 2013 et
1903 1932 2094 2032 cog-ui-

504 2025 714 2103 tionum
745 2032 1045 2091 mediarum
1093 2040 1334 2095 medium
1368 2054 1498 2099 sunt
1552 2050 1983 2119 contemplativa
2036 2062 2093 2109 et

502 2116 916 2180 intellectualia.
967 2126 1157 2196 Igitur,
1194 2132 1425 2187 medium
1467 2116 1855 2209 exsequens,‘iu
1901 2145 2089 2200 mediis

495 2209 682 2278 factus
711 2231 844 2282 sum,
890 2219 1100 2289 inquit,
1127 2222 1179 2279 id
1208 2234 1313 2293 est,
1363 2231 1652 2299 perliciens
1697 2243 1754 2289 et
1805 2245 2090 2310 transgre-

499 2300 658 2357 diens
689 2306 894 2362 activas
914 2318 970 2364 et
996 2315 1233 2372 murales
1278 2318 1529 2387 virtutes,
1555 2334 1607 2378 et
1637 2339 1668 2377 a
1694 2308 1840 2385 vitiis
1888 2343 2089 2401 purga-

2223 585 2353 641 tiam
2375 598 2429 644 et
2461 596 2704 652 studium
2730 602 2924 658 salutis
2950 606 3166 662 animae.
3217 604 3393 664 Unum
3421 616 3674 683 spiritum
3718 621 3806 672 ob-

2220 694 2367 735 serva
2388 686 2714 755 vigilantius.
2774 693 2927 752 Urius
2948 700 3240 768 spirituum
3275 706 3367 774 qui
3392 722 3610 778 semper
3629 711 3806 780 impu-

2219 782 2475 841 gnat,est
2507 780 2886 843 fornicationis
2916 790 3151 859 daemon,
3177 799 3413 853 niaxime
3452 801 3506 854 in
3538 801 3799 873 incipien-

2219 862 2384 931 tibus,
2409 878 2465 924 et
2487 870 2937 944 iinpugaantibus
2961 897 3060 937 seu
3100 886 3532 954 proﬁcientibus,
3561 862 3668 946 est.
3687 908 3805 947 aee-

2216 954 2320 1011 diae
2343 957 2575 1018 daemon.
2604 964 2663 1019 In
2698 968 2763 1023 iis
2784 981 2965 1029 autem
2992 976 3089 1044 qui
3130 982 3575 1051 appropinquant
3626 984 3802 1055 perte.

2217 1049 2409 1118 ctioni,
2439 1062 2525 1109 est
2551 1058 2769 1115 deemon
2789 1079 2941 1120 vana:
2962 1068 3167 1137 gloriae.
3201 1049 3357 1126 Nulli
3385 1049 3474 1129 cui
3504 1049 3696 1131 turrim
3723 1081 3799 1133 vel

2215 1138 2401 1194 collem
2434 1145 2639 1212 quietis.
2686 1150 2977 1220 ludiﬁcare,
3017 1165 3123 1213 etc.
3155 1157 3349 1217 Turris
3374 1164 3647 1234 signiﬁcat
3672 1183 3796 1237 per-

2217 1230 2505 1292 fectionem
2530 1241 2791 1298 virtutum
2813 1260 2939 1301 cum
2957 1230 3544 1312 scientiamdiiicatam.
3562 1257 3797 1325 Quicun-

2214 1337 2321 1392 que
2344 1340 2474 1396 δι’εο
2491 1341 2753 1399 operatus
2776 1337 3010 1393 activam
3035 1340 3223 1406 vitam,
3252 1344 3492 1413 perfecte
3507 1348 3572 1403 ad
3591 1350 3793 1421 impas-

2212 1415 2531 1474 sibilitatem
2584 1423 2747 1481 habet
2766 1430 3233 1500 aptitudinem,et
3282 1436 3589 1507 dispositus
3610 1415 3696 1497 est
3725 1446 3791 1500 ad

2210 1510 2626 1578 acquisitionem
2650 1522 2979 1578 naturalium
3008 1530 3553 1599 contemplativarum
3594 1545 3651 1590 et
3705 1536 3789 1590 di-

2209 1601 2459 1658 vinarum
2489 1608 2777 1666 veritatem
2801 1624 2853 1668 ct
2887 1618 3159 1675 rationum
3183 1639 3200 1688 ;
3232 1637 3328 1692 per
3349 1641 3487 1695 quas
3512 1627 3790 1697 perficitur

2207 1695 2447 1762 perfecta
2474 1701 2723 1771 scientia,
2754 1715 2811 1761 et
2832 1711 3133 1779 completur
3159 1715 3450 1772 adiﬁcatio
3499 1695 3690 1786 turris.
3712 1734 3789 1778 .et

2206 1787 2429 1859 quietis,
2460 1801 2517 1849 et
2538 1796 2800 1854 virtutum
2826 1799 3318 1865 Christilormium.
3620 1826 3623 1829 ‘

2588 1929 2718 1986 CAP.
2751 1930 2818 1988 X.
2844 1935 3010 1989 --Ad
3056 1941 3281 2011 gradum
3311 1942 3399 1999 28.

2278 2059 2428 2129 Volo,
2461 2065 2557 2131 ait,
2588 2069 2759 2139 magis
2789 2071 2945 2126 verba
2965 2076 3128 2129 menti
3153 2093 3284 2131 mete
3302 2079 3495 2147 dicere,
3520 2093 3625 2138 etc.
3654 2086 3786 2141 Sen-

2193 2168 2286 2210 sus
2308 2157 2507 2214 anima:
2529 2170 2614 2217 est
2644 2162 2935 2221 ineli‘abilis
2959 2178 3153 2238 gustus
3174 2172 3394 2228 divina:
3443 2179 3783 2237 consolatio-

2191 2247 2278 2304 nis
2306 2265 2320 2313 ἰ
2348 2252 2439 2325 (illi
2480 2268 2604 2308 cum
2644 2256 2933 2315 charitatis
2962 2264 3375 2331 pulchritudine
3409 2269 3487 2324 ﬁt.
3528 2270 3780 2344 Quinque

2190 2342 2358 2413 igitur
2378 2347 2541 2403 verba
2572 2365 2736 2405 sensu
2764 2368 2866 2408 suo
2905 2355 3170 2425 loquitur,
3219 2360 3317 2429 qui
3347 2360 3488 2432 (per
3515 2342 3795 2434 Spiritum,

2023 3127 2064 3131 ν,
2179 3127 2340 3135 _____.
2405 3127 2554 3147 ,ιη-ν.
2624 3127 2742 3138 ...ιν
2799 3127 2884 3140 νυ.
2929 3127 3054 3143 ..συν
3082 3132 3094 3143 .
3133 3127 3376 3149 "uua-un
3423 3127 3613 3163 suum:
3647 3127 3759 3167 qua

476 3127 504 3197 (
533 3132 766 3189 subaudi
838 3140 1062 3211 mediis)
1131 3145 1315 3205 divina
1395 3150 1722 3213 illuminatio
1768 3164 2071 3221 secundum
2098 3177 2143 3234 α
2176 3181 2274 3237 per
2299 3172 2605 3228 orationem
2641 3175 3089 3235 misericordihus
3113 3184 3395 3240 monachis
3424 3186 3759 3244 distribuun-

480 3226 912 3292 propositionem
936 3237 1156 3292 mentis.
1187 3239 1251 3293 Et
1276 3240 1622 3305 “animantes
1642 3249 1892 3321 affectus,
1923 3272 2072 3313 com-

475 3314 691 3383 pellunt
728 3334 1003 3381 amantem
1037 3329 1376 3403 interrogare
1404 3353 1433 3389 a
1446 3340 1701 3411 principe
1721 3314 1974 3416 visionis,
2001 3350 2069 3406 de

474 3407 726 3466 veritatis
753 3415 968 3473 visione
1032 3421 1147 3477 sive
1166 3426 1452 3496 symbolis,
1485 3441 1539 3485 et
1583 3407 1652 3487 de
1701 3434 1883 3495 Verbo
1936 3407 2065 3500 ante

472 3504 908 3574 assumptionem
937 3509 1192 3571 humanae
1214 3526 1446 3586 natura,
1473 3533 1530 3580 et
1557 3541 1681 3596 quae
1706 3544 2060 3605 consequun-

471 3601 567 3647 tur
586 3595 732 3653 sicut
760 3603 1015 3668 superius
1035 3606 1310 3678 leguntur.

544 3684 680 3741 Cum
733 3694 975 3758 procedis
1034 3712 1350 3774 congregata
1404 3712 1632 3766 custodi.
1706 3714 1763 3769 Id
1819 3731 1923 3785 est,
1996 3738 2060 3778 os

466 3788 624 3836 tuum
654 3792 710 3836 et
739 3800 836 3840 cor
898 3796 1051 3845 tuum
1092 3793 1145 3849 in
1180 3794 1550 3860 locutionibns
1586 3809 1823 3875 custodi,
1857 3828 2058 3872 cavens

468 3878 758 3945 propalare
790 3880 1017 3942 virtutes
1068 3890 1221 3958 quia,
1278 3907 1374 3949 Ore
1425 3898 1711 3969 inutiliter,
1764 3904 2056 3966 indiscrete

464 3974 519 4019 ct
544 3981 685 4026 vane
707 3985 919 4045 aperto,
941 3979 1173 4039 virtutes
1196 4002 1323 4054 qua
1345 4003 1584 4048 mentem
1610 3997 1676 4050 ad
1709 3996 1881 4055 Deum
1909 4005 2055 4059 exah

460 4059 698 4128 tabam,
755 4070 1062 4135 perduutur
1125 4087 1181 4132 et
1232 4080 1417 4137 volant
1479 4094 1535 4140 et
1584 4088 1889 4160 disparem.
1954 4097 2054 4152 Ori

458 4154 602 4208 enim
647 4164 862 4225 procaci
916 4170 1308 4242 appropinquat
1358 4177 1517 4232 ruina
1557 4179 1602 4212 "
1664 4154 1690 4236 τ’
1757 4183 2047 4246 Silentium

457 4259 590 4303 vero
672 4261 759 4308 est
846 4256 1109 4317 virtutum
1199 4270 1469 4326 custodia.
1547 4274 1867 4347 Patientia,
1959 4295 2043 4339 est

459 4341 759 4397 unctionis
788 4352 1024 4415 quotidie
1063 4369 1375 4426 exspectata
1412 4364 1677 4434 deﬁnitio.
1732 4374 2048 4435 Secundum

457 4440 776 4491 mensuram
805 4434 1155 4509 humilitatis,
1188 4448 1349 4503 datur
1374 4454 1639 4520 patientia
1660 4457 1714 4511 in
1738 4461 2047 4521 tribulatio-

454 4517 621 4576 nibus
645 4530 701 4576 ct
726 4529 1143 4601 tentationihus,
1169 4546 1224 4592 et
1249 4517 1551 4601 secundum
1586 4550 1924 4622 patientiam,
1960 4560 2044 4613 al-
2077 4521 2122 4578 Β

381 4677 390 4686 ι
455 4611 668 4670 levatur
704 4632 848 4677 unus
875 4623 1313 4698 tribulationum.
1348 4646 1402 4693 et
1428 4645 1894 4713 consolationum,
1946 4670 2043 4724 per

450 4719 573 4761 eam
608 4724 862 4780 pergens,
897 4720 1203 4791 participat,
1245 4740 1300 4783 et
1356 4735 1659 4792 secundum
1705 4719 2040 4802 consolatio-

450 4812 577 4854 nem
602 4804 983 4873 ntagnilicatur
1006 4812 1248 4875 charitas
1275 4821 1395 4892 ejus
1439 4826 1506 4881 ad
1538 4827 1732 4900 Deum,
1760 4843 1817 4889 et
1837 4854 2040 4895 secun-

448 4890 579 4946 dum
604 4893 954 4967 charitatem,
981 4909 1223 4972 possidet
1243 4890 1521 4982 gaudium.
1548 4923 1693 4980 Sane
1716 4890 2035 4996 patientiam

446 4986 655 5054 peperit
683 5004 807 5059 spes
838 5003 891 5049 et
917 4995 1118 5065 luctus,
1145 5007 1239 5073 qui
1260 5022 1390 5063 vero
1418 5010 1538 5067 sine
1566 5016 1652 5070 his
1681 4986 1895 5079 duobus
1941 5042 2037 5081 cx-

445 5078 606 5146 stitit,
634 5084 1056 5145 acediaa-serrus
1086 5103 1173 5150 est
1198 5098 1262 5151 ad
1293 5104 1477 5157 omnia
1509 5107 1680 5176 piger.
1715 5110 1833 5167 Non
1883 5119 2033 5173 enim

442 5170 539 5238 qui
567 5172 691 5230 talis
710 5185 817 5241 est,
853 5181 1098 5249 possidet
1126 5170 1677 5257 festinantum-boote
1711 5170 2039 5280 voluntatis;

440 5262 537 5318 sed
568 5264 625 5320 in
647 5270 901 5329 omnibus
925 5277 1187 5344 operibus
1212 5284 1332 5338 suis
1355 5289 1612 5346 anxiatur
1665 5306 1719 5350 ct
1757 5303 2029 5370 impotens

442 5352 499 5410 lit
553 5366 610 5412 et
637 5369 794 5428 putat
854 5363 1263 5437 impotentiam,
1308 5378 1552 5448 aedium,
1601 5396 1656 5439 et
1697 5352 2025 5451 discrasium

439 5447 1058 5515 acediae,inlirmitatent
1086 5466 1334 5532 corporis
1364 5486 1527 5537 esse;
1580 5487 1634 5528 et
1658 5479 1729 5532 ita
1781 5485 2021 5553 scipsum

438 5539 578 5595 sicut
609 5542 887 5603 inlirmum
937 5568 1185 5622 excusat,
1218 5560 1358 5629 gulzc
1391 5568 1636 5623 serviens
1657 5583 1711 5625 ct
1740 5579 1853 5629 otio
1883 5596 2021 5647 quo-

506 5690 553 5725 “
573 5695 689 5752 Jac.
737 5718 771 5765 t,
812 5705 891 5757 l7.
972 5708 1013 5740 ’⁸⁸
1056 5713 1213 5769 Prov.
1250 5736 1390 5779 uti.
1433 5723 1518 5776 “:28.

507 5847 619 5918 (εἶθ)
648 5847 810 5912 Vetus
842 5860 1128 5936 interpres,
1160 5887 1267 5939 ore,
1305 5874 1482 5930 animo
1511 5888 1557 5932 cl
1587 5882 1801 5951 spiritu.

2175 3276 2267 3318 tur
2289 3264 2343 3319 in
2378 3281 2446 3321 eo
2472 3269 2616 3335 quod
2640 3280 2746 3335 est,
2779 3272 2831 3326 id
2882 3282 2986 3340 est,
3029 3275 3139 3331 vita
3182 3292 3385 3336 astet-na
3413 3291 3468 3337 et
3511 3284 3651 3339 bona
3678 3286 3755 3339 in-

2169 3361 2545 3428 corruptibilia
2579 3380 2703 3434 qua
2730 3368 2811 3423 eis
2866 3370 3259 3427 retribuentur.
3289 3372 3399 3445 Ego
3428 3379 3585 3432 unius
3640 3382 3755 3433 sub-

2167 3451 2386 3505 stantia:
2409 3452 2546 3507 duas
2595 3459 2872 3521 essentias,
2898 3471 3004 3516 etc.
3038 3461 3204 3528 Quasi
3227 3465 3411 3521 dicat:
3433 3466 3570 3539 Ego,
3604 3469 3754 3526 dilic—

2169 3550 2354 3596 rentes
2378 3542 2526 3612 ipsas
2548 3547 2896 3605 essistentes.
2926 3553 3091 3608 unius
3134 3542 3267 3610 dico
3297 3573 3423 3614 esse
3477 3564 3748 3631 Operatio-

2166 3635 2253 3688 nis
2277 3645 2331 3689 et
2354 3637 2692 3695 substantiae.
2720 3641 2876 3707 Quod
2897 3646 3073 3699 videns
3118 3650 3288 3719 ignem
3320 3660 3371 3705 et
3388 3670 3606 3723 aquam.
3671 3655 3749 3727 lg-

2165 3736 2290 3776 nem
2315 3725 2618 3793 ardentem,
2663 3744 2729 3782 ex
2758 3728 2872 3786 Deo
2900 3731 3246 3791 devotionem
3274 3756 3289 3791 :
3322 3747 3377 3794 et
3425 3756 3623 3812 aquam
3670 3725 3746 3800 la-

2162 3828 2379 3885 crymas
2410 3815 2561 3873 dicit.
2597 3816 2714 3873 Uno
2738 3836 2879 3892 sape
2911 3824 3062 3879 verba
3079 3827 3349 3884 incautius
3382 3836 3596 3895 emisso.
3616 3852 3740 3906 pro-

2161 3899 2293 3969 priae
2314 3906 2811 3965 commendationis
2839 3921 2894 3966 et
2918 3913 3290 3982 gloriationis.
3329 3919 3499 3978 Aliud
3523 3899 3737 3982 cst-cre-

2160 3994 2325 4060 brius,
2357 3998 2513 4053 corde
2564 4002 2849 4070 speculari.
2906 4005 3124 4062 Visitari
3151 4011 3392 4080 quidem,
3422 4025 3506 4071 est
3532 4017 3596 4071 ad
3620 4034 3739 4089 pro-

2158 4086 2332 4154 priam
2352 4091 2849 4150 considerationem
2881 4113 2949 4153 ex
2971 4102 3303 4160 contritione
3327 4114 3740 4179 superveniente

2154 4184 2396 4237 Converti
2412 4194 2462 4238 et
2480 4188 2916 4256 contemplari,et
2932 4206 3342 4267 congregare,et
3356 4215 3547 4258 curam
3559 4220 3738 4274 gerere

2152 4273 2221 4329 de
2240 4274 2308 4330 iis
2336 4293 2461 4347 quae
2474 4291 2604 4335 sunt
2616 4282 2688 4336 ad
2712 4281 2967 4349 Deum,in
2990 4287 3201 4358 seipso;
3231 4290 3458 4350 visitare
3481 4273 3610 4352 vero
3635 4310 3732 4365 est,

2153 4368 2384 4423 aliorum
2436 4372 2795 4445 principative
2855 4386 2908 4431 et
2977 4383 3394 4440 sacerdotaliter
3442 4391 3735 4447 emundare

2150 4460 2337 4525 corda,
2369 4470 2426 4516 et
2447 4463 2658 4520 hostias
2683 4468 3083 4537 accceptabiles
3128 4473 3331 4531 multas
3364 4476 3476 4534 Deo
3519 4479 3730 4549 oﬂ‘erre,

2152 4552 2335 4621 verbo,
2354 4556 2604 4612 oratione
2649 4567 2705 4613 et
2746 4562 3016 4632 exemplo.
3066 4564 3315 4634 Visitare,
3349 4581 3433 4625 est
3478 4576 3734 4632 continue

2147 4656 2198 4701 et
2221 4646 2327 4701 lixe
2352 4648 2586 4719 teipsum
2609 4652 2982 4722 considerare,
3006 4665 3063 4712 et
3118 4659 3239 4715 sine
3274 4664 3603 4722 remissione
3649 4669 3731 4723 in-

2144 4749 2427 4795 cessanter
2445 4744 2784 4813 conspicere,
2814 4755 2868 4801 et
2891 4762 3095 4805 census
3117 4761 3281 4823 atque
3312 4758 3585 4825 potentias
3614 4760 3729 4815 ani-

2144 4842 2247 4886 ma:
2272 4842 2329 4886 et
2353 4835 2598 4904 corporis
2623 4837 2979 4910 principative
2992 4857 3349 4917 congregare,
3379 4858 3434 4905 et
3454 4864 3552 4921 per
3578 4853 3727 4909 inde-

2141 4924 2407 4981 sinentem
2434 4930 2736 4987 orationem
2762 4933 2958 4989 devote
2992 4935 3104 4991 Deo
3128 4938 3345 4996 oﬂ‘erre.
3379 4940 3576 5009 Corde,
3612 4949 3724 5001 ani-

2142 5034 2224 5070 mo
2240 5030 2289 5071 et
2310 5021 2502 5087 spiritu
2520 5022 2634 5095 (29)
2660 5065 2672 5077 .
2693 5025 2942 5082 Animam
2958 5029 3116 5097 dicit,
3147 5034 3438 5092 sensitivas
3459 5047 3515 5094 et
3538 5039 3722 5095 vitales

2137 5113 2434 5179 potentias,
2480 5118 2732 5185 spiritum
2765 5133 2936 5186 vero,
2982 5123 3370 5183 deliberativas
3414 5131 3722 5187 voluntates

2137 5215 2191 5256 et
2215 5205 2612 5266 intcllectuales
2642 5212 2981 5282 aﬂ‘ectiones,
3017 5216 3257 5288 Spiritus
3286 5222 3477 5291 etiam,
3506 5234 3592 5281 est
3609 5225 3724 5281 ani-

2137 5313 2223 5350 ma
2262 5300 2542 5358 rationalis
2570 5313 2626 5359 et
2672 5306 3074 5378 intellectualis,
3113 5320 3165 5367 et
3189 5320 3364 5369 totum
3420 5316 3605 5384 simul,
3642 5317 3720 5375 di-

2134 5390 2276 5444 citur
2310 5392 2568 5461 Spiritus.

2136 5481 2441 5551 Iz‘a'pliciunt
2472 5488 2662 5558 glossaz
2692 5496 2868 5548 sancti
2893 5493 2960 5549 P.
2991 5495 3064 5550 N.
3099 5496 3329 5554 Joannis
3350 5500 3560 5558 abbatis
3574 5499 3714 5572 Roy-

2517 5589 2629 5655 tlm,
2658 5606 2813 5659 super
2847 5594 3071 5648 testibus
3097 5594 3340 5653 Climaci.
