4030 6464
466 295 608 365 1255
1806 277 1976 344 VITA
2020 280 2400 346 AGATHI/E.
3604 275 3742 340 1256

2858 429 3731 463 πει-...ΞΕ

482 432 3116 474 Wm

1188 588 1338 678 DE
1431 586 1718 680 VITA
1815 584 2384 676 AGATHIAE
2488 585 3058 677 MYBINIEI

1488 763 1824 836 EJUSQUE
1855 763 2107 824 LIBRIS
2140 761 2698 822 HISTORIABUM.

541 916 806 987 Agathias
836 921 999 969 natus
1031 920 1118 968 est
1150 909 1376 982 Myrina:
1399 909 1478 980 (a)
1510 908 1566 964 in
1600 907 1822 965 Eolide
1848 909 1994 967 Asia:
2022 908 2100 981 (ὑ)
2133 928 2147 965 :
2199 918 2353 982 patre
2387 909 2723 974 Memnonio,
2757 910 2980 966 rhetore
3004 909 3102 981 (ο),
3135 919 3312 966 matre
3333 910 3604 977 Periclea,
3639 928 3766 968 ma-

489 1020 650 1063 trona
674 1007 1022 1063 sanctissima
1047 1046 1063 1073 ,
1085 1019 1252 1074 quam
1276 1001 1508 1080 triennis
1533 1001 1718 1058 amisit
1749 1001 1851 1072 (d).
1901 1001 2027 1056 Haec
2053 1016 2180 1056 cum
2227 1010 2444 1057 mortua
2473 1017 2539 1058 ac
2579 1002 2792 1073 sepulta
2842 1002 2917 1057 sit
2942 1000 3458 1074 Constantinopoli,
3494 1003 3764 1060 credibile

464 1111 549 1153 est
581 1109 789 1169 patrem
839 1113 960 1154 sese
1013 1095 1145 1152 illuc
1177 1098 1232 1151 in
1255 1096 1449 1152 urbem
1479 1097 1688 1168 regiam
1721 1097 2041 1162 contulisse,
2085 1098 2151 1153 ad
2176 1113 2343 1169 quam
2378 1090 2625 1168 undique‘
2663 1114 2728 1153 ex
2763 1098 3062 1169 provinciis
3093 1097 3267 1154 Graeci
3319 1100 3592 1155 sermonis
3622 1115 3761 1156 con-

467 1191 710 1246 ﬂuebant
756 1191 848 1261 qui
880 1189 1148 1246 doctrinae
1199 1188 1529 1260 ingenioque
1563 1188 1923 1244 confiderent.
1987 1188 2236 1245 Fratrem
2268 1189 2465 1244 habuit
2497 1190 2674 1244 virum
2710 1190 3046 1245 honoratum
3073 1231 3088 1254 ,
3115 1189 3276 1260 cujus
3319 1200 3500 1245 tamen
3546 1206 3757 1248 nomen

467 1286 788 1354 ignoramus
819 1284 890 1354 (e)
920 1304 932 1340 :
989 1298 1237 1340 sororem
1279 1281 1574 1354 Eugeniam
1599 1325 1614 1350 ,
1648 1283 1863 1338 doctam
1899 1283 2136 1353 puellam
2159 1325 2174 1348 ,
2202 1283 2440 1339 discordi
2485 1283 2835 1338 matrimonio
2874 1298 2998 1338 cum
3028 1281 3316 1339 Theodoto
3340 1282 3582 1354 quodam
3613 1298 3754 1339 con-

460 1375 712 1444 junctam
752 1375 861 1448 (f).
902 1375 1217 1446 Agatliiam,
1249 1374 1549 1444 penultima
1582 1374 1792 1445 syllaba
1822 1384 2095 1445 correpta,
2125 1390 2230 1431 nos
2260 1389 2564 1440 vocamus;
2600 1373 2774 1429 Graeci
2811 1374 2952 1429 idem
2985 1389 3206 1439 nomen,
3239 1389 3340 1444 pro
3369 1383 3641 1430 accentus
3671 1391 3749 1428 ra-

468 1470 639 1533 tione,
667 1469 960 1537 Agathiam
1013 1469 1341 1538 proferunt:
1379 1466 1545 1536 idque
1575 1481 1702 1522 eum
1740 1467 1952 1536 ipsum,
1981 1478 2322 1538 caeterosque
2345 1468 2493 1524 illius
2523 1469 2623 1521 aevi
2678 1467 2952 1533 homines,
2993 1466 3210 1532 fecisse,
3246 1467 3322 1522 ita
3353 1477 3414 1523 ut
3451 1468 3760 1537 penultima

470 1561 627 1630 longa
658 1567 964 1625 uterentur,
998 1574 1060 1613 ex
1111 1559 1284 1628 ipsius
1309 1559 1721 1628 epigrammatis
1767 1568 1996 1629 apparet
2034 1561 2134 1632 (g).
2177 1561 2496 1632 Disciplinis
2538 1560 2883 1624 litterarum,
2937 1575 3099 1629 quas,
3149 1561 3244 1630 tlui
3303 1560 3515 1615 liberali
3572 1562 3760 1616 animo

466 1663 672 1720 essent,
702 1653 1077 1725 percipiebant
1105 1664 1399 1723 antequam
1430 1668 1490 1708 se
1516 1655 1583 1707 ad
1617 1655 1799 1724 legum
1825 1654 2203 1712 Romanarum
2235 1655 2481 1713 studium
2515 1662 2919 1718 converterent,
2946 1655 3292 1710 Alexandria:
3321 1655 3531 1710 studuit
3559 1672 3574 1710 :
3615 1655 3759 1710 unde

468 1766 615 1806 anno
645 1749 751 1804 554
777 1791 792 1816 ,
835 1747 1133 1804 Justiniani
1166 1748 1431 1804 vicesimo
1459 1757 1675 1815 octavo,
1726 1759 1850 1820 post
1887 1751 2208 1808 horribilem
2241 1761 2399 1807 terrae
2430 1759 2640 1804 motum
2661 1792 2675 1816 ,
2713 1764 2877 1820 quem
2911 1749 3240 1804 Alexandria
3287 1749 3435 1820 ipsa,
3471 1765 3758 1821 nunquam

468 1852 634 1898 antea
668 1841 874 1897 moveri
909 1841 1068 1896 solita
1089 1883 1104 1908 ,
1138 1849 1417 1907 senserat,
1447 1841 1981 1913 Constantinopolim
2023 1860 2310 1916 regressus
2339 1854 2423 1900 est
2449 1844 2548 1914 (Ιι).
2591 1841 2762 1910 Quem
2796 1842 3106 1898 studiorum
3156 1845 3486 1914 juvenilium
3523 1857 3760 1900 cursum

467 1937 562 2007 qui
595 1935 950 2006 reputaret-it,
987 1949 1093 1989 non
1135 1934 1408 1990 dubitabit
1435 1934 1726 2005 Agathiam
1759 1947 1890 1991 tunc
1914 1936 2188 1992 decimum
2212 1947 2466 1992 octavum
2488 1937 2667 1990 aetatis
2689 1951 2895 1990 annum
2927 1951 3210 2008 egressum
3237 1951 3353 1990 non
3382 1935 3574 2001 fuisse,
3605 1937 3760 2007 ejus-

467 2045 576 2099 que
607 2028 842 2083 natalem
890 2029 945 2082 in
983 2040 1189 2081 annum
1217 2025 1342 2090 536,
1376 2026 1460 2080 vel
1501 2035 1819 2096 sequentem
1845 2069 1860 2094 ,
1907 2028 2169 2085 incidere.
2228 2028 2367 2083 Cum
2416 2042 2549 2082 vero
2583 2027 2813 2097 Berytus
2856 2026 2950 2082 illa
2986 2027 3144 2082 clade
3166 2027 3408 2097 collapsa
3434 2037 3607 2090 esset,
3643 2045 3758 2088 non

465 2121 694 2176 dubium
726 2129 813 2175 est
837 2134 962 2174 eum
1010 2119 1065 2172 in
1097 2119 1233 2173 urbe
1266 2119 1415 2189 regia
1445 2129 1823 2174 antecessores
1856 2119 2152 2176 audivisse.
2194 2106 2328 2187 Quae
2369 2120 2548 2176 studia
2583 2135 2708 2175 cum
2738 2120 2982 2192 quinque
3009 2135 3186 2177 annos
3216 2121 3529 2192 implerent,
3569 2134 3767 2194 quarto

468 2216 524 2269 in
562 2215 797 2285 quodam
828 2213 1220 2283 epigrammate
1252 2211 1501 2266 meminit
1527 2212 1590 2283 (i)
1615 2230 1630 2280 ;
1659 2221 1713 2267 et
1737 2212 1865 2266 alibi
1895 2212 2042 2284 leges
2073 2212 2352 2268 Romanas
2387 2221 2560 2267 artem
2596 2229 2752 2268 suam
2774 2229 2895 2269 esse
2927 2214 3044 2284 ipse
3073 2214 3358 2284 proﬁtetur
3381 2214 3448 2285 (j)
3472 2231 3487 2281 ;
3515 2229 3755 2284 quarum

469 2308 833 2377 cognitionem
891 2322 1016 2362 cum
1070 2303 1286 2360 dicendi
1336 2305 1596 2361 facultate
1654 2307 1728 2360 ita
1781 2305 2069 2376 conjunxit
2128 2316 2188 2362 ut
2248 2322 2444 2362 causas
2496 2316 2623 2362 ante
2675 2306 2969 2362 tribunalia
3025 2317 3208 2362 oraret
3243 2325 3257 2362 :
3293 2307 3458 2378 idque
3483 2305 3762 2362 Constan-

469 2405 740 2475 tin0poli,
777 2403 869 2459 ubi
911 2404 966 2458 in
1015 2403 1242 2459 basilica
1290 2403 1584 2458 clientibus
1627 2418 1848 2473 operam
1883 2404 2049 2459 dabat
2091 2403 2187 2475 (It).
2260 2403 2538 2460 Causidici
2591 2412 2724 2459 tunc
2763 2403 3086 2460 scholastici
3109 2404 3450 2459 vocabantur
3475 2403 3576 2476 (Ι),
3613 2405 3762 2459 unde

466 2496 715 2566 Agathiae
750 2511 1055 2566 cognomen
1088 2495 1268 2551 haesit.
1310 2493 1510 2551 Tenuit
1540 2505 1723 2550 autem
1759 2495 1904 2550 istud
1935 2496 2063 2552 vitae
2101 2512 2278 2566 genus
2321 2496 2546 2560 invitus,
2580 2511 2644 2552 ac
2679 2497 3014 2552 necessitate
3045 2505 3295 2562 coactus,
3328 2505 3389 2551 ut
3413 2496 3622 2551 victum
3654 2495 3758 2550 sibi

463 2598 739 2658 quaereret
762 2588 904 2661 (m):
943 2604 1073 2643 nam
1115 2589 1184 2643 ad
1223 2588 1530 2643 amoeniora
1560 2589 1736 2644 studia
1786 2604 1844 2645 se
1872 2593 2104 2646 vocabat
2142 2589 2544 2646 adolescentem
2597 2591 2830 2645 honesta
2856 2590 3132 2646 voluntas.
3173 2588 3481 2646 Exarucrat
3511 2590 3756 2645 nondum

463 2682 671 2752 poesis,
705 2682 1072 2752 vivebantque
1104 2681 1282 2736 adhuc
1316 2681 1369 2734 in
1402 2697 1498 2736 ore
1528 2682 1815 2736 hominum
1865 2681 2067 2739 fabulae
2097 2684 2386 2740 vetustatis
2419 2701 2433 2738 ε
2488 2684 2622 2754 quin
2670 2683 2942 2740 florebant
2995 2685 3049 2740 in
3094 2685 3222 2741 aula
3266 2685 3386 2756 ipsa
3421 2692 3588 2754 atque
3617 2685 3757 2742 inter

463 2787 720 2841 proceres
749 2774 842 2843 qui
873 2774 1123 2830 versibus
1155 2775 1454 2845 pangendis
1483 2774 1710 2845 gloriam
1741 2775 1846 2831 sibi
1873 2783 2213 2847 quaererent:
2247 2791 2562 2847 quanquam
2589 2791 2698 2832 non
2719 2776 3042 2833 imminebat
3073 2776 3254 2834 solum
3279 2792 3492 2842 verum,
3524 2775 3750 2846 jamjam

462 2864 879 2935 ingravescebat
908 2865 1210 2930 barbaries,
1240 2880 1362 2936 qua:
1389 2879 1537 2931 mox,
1561 2866 1838 2922 exstincto
1861 2868 2081 2937 penitus
2107 2867 2454 2938 antiquitatis
2481 2867 2714 2933 lumine,
2740 2866 3094 2924 densissimis
3125 2868 3390 2934 tenebris,
3425 2882 3756 2939 morumque

467 2957 828 3023 immanitate,
857 2956 1076 3012 Graecas
1104 2955 1355 3026 regiones
1386 2954 1632 3022 fmdavit,
1661 2965 2055 3030 stuporemque
2081 2974 2181 3029 pro
2203 2958 2494 3030 prudentia
2529 2958 2763 3015 induxit.
2805 2961 2887 3016 Ad
2923 2961 3089 3016 hasce
3112 2960 3340 3016 delicias
3365 2961 3636 3030 Agathias
3656 2963 3751 3016 de-

466 3055 634 3119 latus,
671 3055 910 3125 primum
942 3051 1212 3108 amatoria
1233 3053 1478 3108 carmina
1512 3054 1696 3109 brevia
1725 3055 1963 3124 scripsit,
1997 3070 2117 3126 qua:
2147 3056 2203 3110 in
2231 3069 2428 3110 novem
2465 3055 2656 3122 libros,
2687 3055 3006 3126 Daphniaca
3033 3056 3354 3126 inscriptos,
3381 3057 3600 3126 collegit
3633 3055 3747 3128 (a):

464 3146 735 3217 pluraque
762 3155 1026 3216 praeterea
1049 3144 1296 3214 ejusdem
1325 3145 1542 3216 generis
1572 3147 1678 3200 alia
1703 3165 1715 3200 :
1750 3161 1780 3200 e
1798 3160 2036 3216 quorum
2063 3161 2296 3201 numero
2321 3146 2494 3201 multa
2517 3156 2816 3217 supersunt
2836 3149 3256 3219 epigrammata,
3291 3163 3404 3204 non
3433 3149 3748 3204 invenusta.

463 3237 661 3294 Postea
685 3279 700 3305 ,
742 3238 837 3294 sed
872 3248 1134 3309 regnante
1163 3238 1344 3293 adhuc
1372 3235 1684 3293 Iustiniano
1717 3238 1823 3309 (0),
1859 3238 2110 3309 collegit,
2146 3247 2314 3309 atque
2351 3239 2406 3294 in
2466 3247 2672 3310 septem
2698 3240 2870 3295 libros
2903 3240 3162 3312 digessit,
3195 3239 3595 3312 epigrammata
3618 3283 3632 3307 ,
3677 3243 3751 3296 si-

473 3334 693 3404 quidem
730 3331 848 3402 ejus
877 3331 1042 3387 verba
1072 3330 1140 3385 ad
1172 3331 1412 3385 litteram
1437 3329 1847 3401 interpretanda
1878 3338 2010 3387 sunt
2041 3331 2412 3386 recentiorum
2435 3374 2450 3399 ,
2479 3330 2726 3387 nondum
2759 3331 2904 3388 edita
2928 3333 3004 3404 (p)
3032 3351 3045 3388 :
3089 3334 3232 3403 quod
3263 3335 3308 3388 si
3353 3333 3427 3388 ita
3458 3344 3543 3390 est
3565 3377 3580 3400 ,
3607 3350 3755 3404 quae-

464 3443 688 3498 cunque
744 3428 802 3483 in
842 3428 949 3482 hoc
978 3441 1177 3497 genere
1205 3426 1518 3483 Iustiniano
1548 3427 1896 3497 antiquiora,
1945 3433 2070 3497 post
2122 3423 2438 3497 Philippum
2471 3425 3019 3483 Thessalonicensem
3073 3429 3276 3498 scripta
3300 3471 3314 3495 ,
3363 3429 3619 3499 legimus,
3651 3431 3753 3484 alia

463 3535 670 3576 corona
692 3561 707 3584 ,
733 3518 890 3588 cujus
916 3519 1125 3573 mentio
1160 3518 1342 3573 omnis
1372 3519 1615 3588 perierit,
1644 3519 2042 3588 comprehensa
2076 3518 2247 3575 fuisse
2282 3533 2510 3574 necesse
2533 3527 2634 3573 est.
2678 3517 2798 3585 Qua
2825 3534 2989 3590 opera
3010 3563 3027 3588 ,
3056 3536 3221 3590 quam
3258 3519 3554 3576 Theodoro
3584 3523 3754 3577 Decu-

463 3614 610 3670 rioni
641 3612 716 3684 (q)
760 3611 1081 3683 inscripsit,
1138 3613 1316 3683 palam
1355 3621 1440 3670 est
1471 3627 1599 3668 eum
1641 3614 2050 3684 potentiorum,
2086 3616 2279 3686 quales
2337 3613 2544 3670 Paulus
2575 3615 2926 3671 Silentiarius
2973 3615 3438 3686 Macedoniusque
3490 3621 3749 3674 exconsul

463 3717 644 3775 erant,
675 3719 914 3777 quorum
947 3705 1184 3777 plurima
1217 3705 1506 3776 colligebat
1535 3707 1865 3776 poematica,
1901 3706 2148 3762 favorem
2173 3715 2506 3777 aucupatum
2535 3721 2680 3762 esse.
2721 3706 2796 3761 Ex
2831 3707 2915 3763 bis
2947 3707 3180 3762 Paulum
3211 3707 3466 3762 laudibus
3500 3725 3607 3762 non
3651 3711 3748 3763 im-

465 3801 680 3857 meritis
711 3800 946 3867 extollit,
985 3807 1148 3868 atque
1177 3799 1397 3856 clientis
1426 3799 1618 3856 oﬂiciis
1651 3802 1884 3857 comiter
1914 3802 2098 3857 colere
2131 3801 2347 3857 videtur
2369 3800 2462 3873 (r).
2509 3799 2628 3856 Hoc
2668 3801 2788 3871 ipso
2818 3800 3014 3868 Paulo,
3057 3802 3160 3858 nisi
3193 3817 3281 3856 me
3307 3801 3624 3872 cotijectura
3659 3804 3746 3857 de—

537 3961 614 4034 (a)
668 3960 920 4034 Procem.
965 3957 1113 4034 Hist.
1177 3975 1242 4034 p._
1279 3961 1344 4034 _§,
1379 3959 1477 4034 >9,
1512 3959 1599 4015 ed.
1649 3959 1829 4034 Bonn.
1869 3961 2062 4033 Smyr-

462 4031 617 4089 nans
649 4031 846 4086 vitiose
873 4031 1076 4102 dicitur
1103 4031 1244 4100 apud
1277 4031 1598 4097 Eudociam,
1627 4041 1790 4102 atque
1820 4032 1872 4086 in
1915 4031 2057 4086 nen-

463 4104 632 4158 nullis
659 4103 843 4158 Suidae
874 4101 1182 4156 codicibus.

537 4174 610 4247 (ὁ)
648 4173 804 4247 pride
826 4173 1319 4247 Asi_anus_vo_catur
1347 4172 1400 4226 in
1427 4170 1755 4247 Antliologia
1777 4171 2053 4247 Palatina.

536 4239 608 4316 (ο)
646 4244 882 4316 Promm.
919 4243 955 4295 |.
990 4257 1041 4296 c.
1074 4239 1424 4313 Epigramma
1477 4239 1752 4297 Michaelii
1785 4245 1928 4298 inter
1972 4251 2056 4297 te-

463 4315 744 4372 stim'onia.

537 4386 615 4458 (ά)
650 4383 841 4458 Epist
876 4383 966 4458 4.3.

538 4451 608 4525 (e)
648 4451 718 4509 Ei
748 4451 912 4510 simul
939 4468 1063 4525 citri}
1089 4463 1247 4525 patre
1275 4463 1438 4525 atque
1465 4452 1698 4525 Agathia
1736 4451 1905 4525 fratre
1932 4461 2048 4508 sta-

465 4522 615 4585 tuam
651 4533 954 4594 posuerunt
1010 4523 1283 4594 Myrimei:
1351 4522 1534 4594 Epigr.
1580 4522 1876 4577 Micliaelii.

572 4596 623 4669 ι)
655 4595 845 4669 Episr-
1007 4594 1097 4646 5‘-

572 4599 623 4669 f)
661 4599 845 4665 Epigr.
879 4599 967 4648 55.

538 4599 613 4738 ξω
655 4665 838 4738 Epist}
873 4661 984 4738 59-5

535 4732 861 4806 Κάφνῐαδὶῶν
901 4733 1102 4804 βίόλων
1147 4733 1402 4802 Ἀγαθίου
1439 4732 1626 4796 ὲννεάς
1654 4735 1770 4803 εἰμι
1803 4764 1872 4774 -

465 4809 649 4863 Epigr.
682 4807 749 4860 72
781 4824 794 4859 :

513 4827 938 4947 βξιίξςιλέῖιέατήρ
979 4893 1046 4947 με
1089 4873 1660 4947 πόληοςὲνᾳλλάξςιιςΔ
1693 4874 2034 4947 ’ᾼγαθίαςᾎ-

462 4950 619 5007 Haud
665 4949 822 5002 aliter
877 4943 928 4999 in
981 4943 1146 5000 Latio
1173 4943 1504 5000 Prudentius
1537 4943 1922 5012 Asclepiadem,
1960 4945 2050 5001 Si-

462 5023 662 5076 donius
693 5018 1032 5088 Euripidem,
1067 5017 1360 5088 penultima
1399 5015 1660 5088 producta
1691 5028 1995 5088 posuerunt
2022 5034 2036 5070 :

463 5093 572 5153 hic,
607 5106 778 5146 carm.
816 5088 907 5151 IX,
939 5085 1080 5141 25-1.
1117 5085 1455 5141 Orchestra»:
1497 5086 1670 5155 quatit
1698 5085 1836 5140 alter
1884 5087 2046 5140 Euri-

459 5165 627 5233 pides,
678 5159 1099 5233 ille_Pe_ristepli.
1127 5157 1307 5233 ζμ.
1326 5156 1797 5233 “Asclepiadesjre
1822 5158 2044 5233 mattdat

461 5227 694 5286 milites:
725 5229 796 5286 cf.
839 5231 970 5284 ibid.
1005 5227 1128 5293 108,
1156 5229 1281 5291 599.,
1324 5228 1450 5289 548,
1481 5227 1605 5288 687,
1648 5227 1773 5281 921.
1826 5229 2046 5281 Scilicet

460 5305 643 5358 cuncti
675 5305 777 5357 ista
821 5302 893 5354 ita
937 5300 1307 5368 proferebant,
1331 5309 1386 5352 at
1414 5297 1772 5358 Antiochiam,
1808 5298 2045 5352 Alexan-

460 5375 658 5437 driam,
720 5371 1005 5434 Basiliam,
1075 5370 1264 5423 eadem
1302 5368 1512 5439 syllaba
1553 5378 1828 5437 correpta.
1866 5370 2045 5439 Atque

463 5445 517 5498 in
544 5445 863 5498 universum
926 5440 1223 5496 tenendum
1256 5438 1362 5502 est,
1407 5439 1596 5492 Graeca
1644 5438 2042 5505 pronuntiandi

461 5517 751 5577 rationem,
811 5526 976 5582 quam
1039 5511 1292 5579 permulti
1358 5508 1498 5561 inter
1537 5519 1810 5564 nostrates
1866 5511 2046 5582 medio

462 5584 608 5652 q'tod
651 5595 850 5637 vocant
883 5597 998 5636 aevo
1033 5582 1220 5652 adulto
1265 5590 1440 5652 ortam
1466 5649 1473 5652 _
1501 5593 1624 5632 esse
1684 5581 2044 5652 contendunt,

463 5649 585 5723 quae
647 5663 852 5714 tamen,
908 5661 968 5705 ut
994 5667 1058 5705 ex
1099 5650 1402 5723 voluminis
1429 5649 1816 5723 chartacciset
1847 5652 2043 5723 inscri-

464 5719 746 5792 ptionibus
781 5723 938 5790 pictis
974 5729 1210 5792 constat,
1244 5726 1295 5774 in
1339 5719 1575 5788 [Egypto
1607 5719 1709 5772 sub
1737 5719 2044 5792 Caesaribus

429 5842 431 5844 _
465 5791 678 5861 recepta
719 5803 855 5857 erat,
903 5801 1160 5860 regnante
1188 5791 1498 5845 Justiniano
1535 5806 1641 5843 non
1702 5791 1858 5844 aliter
1879 5805 2042 5861 quam

2162 3961 2268 4017 sub
2297 3959 3126 4037 Palaeologis_Consta_ntinopoli
3149 3961 3474 4037 obtinuisse.
3512 3959 3628 4037 Hoc
3655 3965 3742 4033 qui

2161 4033 2502 4104 perspexerit
2518 4033 2678 4087 facile
2695 4032 2954 4103 intelliget
2969 4031 3258 4102 Agathiam
3291 4042 3544 4087 nostrum
3560 4031 3742 4104 Χερὼ·

2159 4103 2285 4166 νεὺς
2337 4103 2515 4172 prima
2577 4112 2828 4172 correpta
2860 4103 3175 4174 protulisse,
3233 4103 3741 4174 repudiandamQue

2157 4186 2280 4227 esse
2310 4174 2700 4244 conjecturam
2744 4188 2866 4242 quae
2917 4173 3092 4244 epigr.
3157 4173 3290 4244 £00.,
3339 4177 3550 4244 στῆσαν
3609 4173 3738 4229 Χαι-

2161 4242 2336 4314 ρωνεῦ
2367 4259 2468 4311 pro
2500 4245 2770 4310 στήσαντο
2804 4242 3061 4313 Χερωνέὖ
3086 4245 3250 4299 scribi
3274 4242 3448 4314 jubet.

2233 4313 2309 4384 (ιι)
2349 4315 2488 4368 Hist.
2517 4314 2578 4378 ιι,
2613 4314 2700 4374 to.
2735 4330 2787 4383 p.
2816 4315 2904 4368 99.

2234 4383 2335 4455 (ἱ)
2365 4385 2545 4454 Epigr.
2571 4383 2642 4455 id.
2675 4386 2771 4440 lllo
2832 4399 2978 4439 anno
3024 4383 3180 4437 λύται
3216 4384 3565 4447 dicebantur,
3599 4386 3734 4440 unde

2155 4453 2251 4506 cdt
2277 4453 2485 4525 λύσιμά
2523 4454 2630 4506 τῶν
2663 4455 2842 4526 νόμων
2869 4485 2941 4494 --
2969 4456 3329 4524 inscr.‘epigr.
3355 4455 3446 4509 ‘25.
3467 4485 3539 4496 —-
3569 4457 3735 4526 expli-

2156 4527 2270 4578 cari
2306 4540 2470 4594 posse
2512 4526 2786 4579 videntur.
2833 4526 3095 4594 Agatltias
3133 4534 3285 4578 trans
3320 4537 3535 4594 portum
3564 4527 3619 4581 in
3656 4542 3734 4581 re-

2156 4593 2322 4664 gione
2369 4593 2552 4650 Peraea
2613 4593 2952 4658 morabatur,
3009 4605 3068 4650 ut
3113 4593 3522 4663 postremorum
3549 4599 3732 4651 decem

2156 4665 2422 4738 librorum
2455 4665 2812 4738 Singularium
2853 4666 3260 4738 difﬁcultatibus
3298 4668 3578 4724 solvendis
3609 4683 3732 4738 ope-

2157 4750 2272 4788 ram
2299 4737 2472 4798 daret,
2504 4737 2693 4804 procul
2725 4738 2792 4790 ab
2817 4739 2968 4793 urbis
2997 4737 3225 4806 strepitu
3257 4748 3521 4792 remotus.

2234 4805 2301 4875 (Ι)
2336 4807 2582 4875 Proem.
2608 4807 2642 4860 Ι.
2675 4823 2725 4860 c.

2227 4877 2302 4946 (Ir)
2345 4874 2607 4950 Ilist._ll|,
2644 4877 2692 4943 l,
2741 4892 2794 4946 p.
2839 4877 2962 4931 158.
3014 4877 3168 4944 Quod
3229 4878 3480 4950 Smyrna:
3533 4895 3726 4935 causas

2152 4947 2749 5021 orasseAcoujecei-unt,
2783 4959 3070 5016 prOpterea
3093 4950 3240 5018 quod
3271 4947 3580 5021 Σμυρναῖον
3613 4967 3729 5021 σχο-

2152 5016 2409 5070 λαστικὸν
2465 5019 2520 5069 in
2578 5017 2734 5071 libris
2795 5022 3070 5085 corruptis
3111 5016 3728 5084 vocari'vidissent,"id

2151 5103 2282 5141 vero
2340 5103 2512 5156 usque
2554 5090 2621 5141 ad
2668 5089 3020 5143 stoliditatem
3061 5099 3318 5162 argntum
3349 5102 3729 5146 estcommen-

2151 5166 2264 5211 tum
2275 5198 2288 5211 .

2225 5227 2285 5296 (ι)
2322 5225 2436 5282 Jac.
2464 5226 2715 5299 cgumrr.
2743 5227 2809 5282 ad
2827 5226 3636 5299 C.Tlieod.Vlll,10,2.Tom.
3663 5231 3725 5286 ll.

2151 5314 2204 5369 p.
2230 5299 2356 5362 627,
2377 5300 2476 5369 Aed.
2519 5296 2670 5363 Lips.

2226 5370 2322 5439 (ιιι)
2367 5367 2533 5431 Ηίδῑ..
2575 5369 2659 5422 ΙΙΙ.
2701 5373 2733 5422 l.
2763 5386 2812 5424 c.

2224 5442 2300 5510 (it)
2345 5439 2530 5508 Epigr.
2556 5439 2605 5492 7.

2223 5515 2299 5578 (ο)
2343 5513 2396 5582 id
2421 5525 2486 5562 ex
2517 5510 2838 5566 l’rml'ationc
2869 5524 3114 5582 apparet.

2229 5583 2305 5648 (ρ)
2347 5579 2590 5634 Prooem.
2617 5597 2671 5648 p.
2706 5581 2760 5633 6.

2226 5657 2299 5722 (ιι)
2341 5652 2398 5705 S.
2444 5651 2670 5722 Palatii,
2702 5653 2774 5722 de
2809 5668 2917 5720 quo
2955 5653 3131 5709 officio
3171 5655 3396 5709 consule
3430 5653 3480 5710 J.
3523 5653 3718 5711 Gotho-

2154 5719 2458 5796 frciliitn_atl
2585 5719 2687 5796 Tn.
2717 5719 2932 5796 γιρξδ,
2968 5742 3012 5789 ις
3053 5727 3113 5790 Il,
3151 5742 3203 5796 p.
3247 5726 3371 5780 126.

2225 5795 2294 5865 (ν)
2340 5790 2482 5846 Hist.
2514 5792 2574 5856 ν,
2605 5795 2658 5856 9,
2680 5808 2732 5862 [ι.
2763 5793 2888 5850 997.
