4030 6416
320 388 465 455 195;,
1668 385 1845 443 vrra
1883 374 2264 443 Aemus.
3475 386 3607 449 tene

315 495 500 576 cipit,
559 504 1014 576 Eutycljianoque
1045 505 1283 573 quodam
1338 499 1689 558 hortantibus
1731 501 1836 573 (ε),
1871 512 2086 556 mortuo
2111 499 2419 556 Justiniano
2454 502 2778 571 in’tperatoz'e
2818 504 2883 573 (ι)
2950 503 3016 556 ad
3052 501 3334 556 historiam
3377 505 3476 555 a-vi
3523 505 3606 555 sui

314 599 671 655 scribendam
702 600 946 652 animum
975 598 1215 668 adjecit:
1256 613 1381 651 cum
1420 597 1487 650 ad
1519 594 1860 650 tricesimum
1907 603 2054 648 certe
2097 595 2274 648 aetatis
2308 610 2508 646 amnnn
2543 594 2897 662 pervenisset.
2939 593 3114 649 Credo
3137 608 3317 647 tamen
3358 609 3484 648 eum
3514 595 3608 648 diu

314 694 644 764 colligendis
694 694 1077 747 tantummodo
1108 692 1522 747 narrationibus
1549 706 1773 760 operam
1807 690 2021 745 dedisse
2053 709 2064 742 :
2115 706 2352 758 namque
2379 706 2515 759 opus
2543 689 2688 759 quod
2724 691 2788 744 ad
2826 707 2926 744 nos
2952 692 3202 760 pervenit
3234 691 3373 744 adeo
3399 691 3610 760 exigua:

314 787 485 840 molis
511 794 595 838 est
620 826 635 849 ,
703 794 796 847 ut,
850 801 975 839 cum
1011 800 1073 838 ea
1103 801 1226 855 qua:
1255 785 1323 838 de
1350 784 1622 840 Chosrois
1656 786 1804 840 exitu
1839 794 2136 838 narrantur
2160 784 2460 838 acciderint
2501 800 2644 839 anno
2678 786 2802 850 577,
2844 799 3004 842 nemo
3037 788 3139 841 sibi
3175 787 3500 857 persuadeat
3530 786 3610 840 illi

314 883 724 939 conscribendo
758 883 1083 937 decennium
1116 882 1363 952 potuisse
1392 883 1630 951 impendi
1668 901 1680 935 :
1717 882 1828 935 imo
1857 897 1923 936 eo
1952 879 2208 949 amplius.
2253 880 2385 932 Nam
2409 896 2475 935 ne
2517 881 2619 934 ista
2653 882 2874 951 quidem
2903 883 2971 938 de
3003 883 3290 938 Persarum
3317 883 3459 953 regis
3483 882 3607 951 fuga

314 989 380 1033 et
431 985 602 1030 morte
649 991 774 1028 mox
813 985 938 1044 post
967 985 1224 1030 eventum
1277 975 1482 1044 scripta
1536 990 1694 1040 esse,
1746 974 2037 1043 perspicue
2079 971 2360 1042 apparebit
2415 973 2788 1026 consideranti
2821 975 2920 1046 (ιι).
2980 975 3136 1030 Haud
3189 985 3368 1030 tamen
3415 975 3609 1030 debilis

315 1070 637 1138 conjectura
667 1077 771 1131 est,
801 1070 1023 1139 quando
1055 1069 1326 1138 Agathias
1350 1069 1417 1123 de
1439 1068 1690 1123 Mauricii
1739 1067 1906 1139 gestis
1946 1066 2229 1128 narrabat,
2267 1066 2413 1120 hunc
2443 1067 2623 1120 adhuc
2655 1068 2924 1135 privatum
2953 1068 3155 1136 fuisse;
3187 1069 3388 1140 quippe
3421 1083 3607 1139 quem,

319 1165 538 1232 absque
573 1165 681 1217 ulla
715 1163 917 1216 summi
975 1161 1178 1232 fastigii
1227 1161 1786 1222 commemoratione,
1823 1159 1975 1214 Pauli
2025 1159 2194 1213 filium
2225 1201 2238 1224 ,
2271 1157 2594 1229 magistrum
2644 1159 2876 1212 milittun
2897 1194 2912 1225 ,
2945 1171 3118 1214 vocat.
3178 1159 3232 1216 Id
3261 1176 3392 1216 vero
3420 1160 3488 1214 ad
3521 1177 3607 1214 res

317 1259 619 1312 l’elleudam
651 1257 888 1312 Fabricii
933 1257 1245 1325 opinionem
1281 1256 1585 1322 subiceret;
1625 1257 1716 1325 qui
1752 1257 1854 1308 sibi
1891 1262 2242 1323 permanserat
2268 1253 2557 1324 Agathiam
2579 1288 2594 1317 ,
2623 1267 2733 1322 quo
2767 1262 3010 1324 tempore
3031 1253 3296 1325 Evagrius
3321 1255 3607 1309 historiam

318 1351 596 1415 absolvit,
634 1351 843 1406 scilicet
889 1363 1034 1403 anno
1064 1348 1188 1412 595,
1223 1349 1466 1401 nondum
1492 1347 1773 1402 edidisse:
1808 1355 1862 1398 at
1898 1346 2018 1409 illa,
2051 1347 2366 1401 accuratius
2398 1347 2662 1415 inspectis
2693 1347 2872 1401 verbis
2899 1362 3022 1416 qua:
3047 1347 3130 1401 vir
3165 1357 3446 1417 nunquam
3483 1349 3608 1402 sint:

322 1444 486 1498 laude
507 1443 1023 1498 commemorandus
1055 1441 1405 1494 festinantius
1428 1441 1574 1509 legit,
1597 1441 1714 1508 ipsa
1737 1453 1830 1508 per
1861 1455 1919 1492 se
1950 1439 2302 1507 concidit(v).
2324 1439 2510 1510 itaque
2538 1440 2845 1510 Agathiam,
2872 1437 3093 1493 Tiberio
3111 1439 3293 1492 adhuc
3323 1450 3610 1510 regnante,

319 1547 455 1590 ante
480 1552 685 1590 annum
729 1535 867 1600 582,
901 1550 1014 1604 quo
1044 1550 1191 1587 anno
1219 1533 1519 1588 Mauricius
1573 1533 1865 1602 imperium
1901 1533 2132 1601 adeptus
2169 1542 2283 1600 est,
2314 1549 2344 1588 e
2375 1535 2480 1587 vita
2506 1534 2810 1590 decessisse
2839 1534 3095 1588 arbitror.
3139 1533 3274 1587 Nam
3309 1533 3458 1587 obitu
3489 1531 3612 1602 ejus

321 1628 532 1682 factum
565 1644 686 1683 esse
716 1629 863 1697 quod
913 1627 1160 1681 historiae
1183 1643 1323 1697 opus
1351 1627 1416 1680 ad
1445 1630 1606 1680 tinent
1640 1641 1749 1679 non
1785 1625 1853 1678 sit
1898 1627 2253 1693 perductum,
2291 1625 2552 1682 Meander
2575 1627 2790 1692 innuit,
2820 1627 3070 1680 oratione
3102 1642 3236 1680 usus
3267 1640 3458 1690 parum
3488 1626 3614 1696 qui-

319 1725 450 1778 dem
479 1733 604 1794 apta
637 1723 712 1794 (υ)
740 1764 755 1787 ,
802 1723 896 1778 sed
936 1738 1118 1794 pravae
1160 1722 1599 1791 interpretationi
1630 1720 1856 1774 minime
1889 1721 2165 1776 obnoxia:
2223 1722 2385 1776 modo
2413 1721 2834 1777 meminerimus
2857 1717 3126 1776 Chosrois
3157 1730 3392 1775 mortem
3425 1721 3615 1791 viginti

321 1813 444 1868 fere
463 1815 627 1868 annis
663 1823 787 1883 post
822 1816 1144 1868 Ilnnnorum
1177 1813 1473 1867 adventum
1514 1814 1566 1865 in
1599 1809 1914 1872 Thraciam.
1945 1812 2036 1865 ubi
2066 1812 2245 1880 quinti
2292 1813 2415 1866 ltbri
2449 1813 2693 1867 narratio
2715 1813 3086 1883 abrumpitur,
3117 1813 3406 1868 accidisse.
3443 1816 3520 1867 Ac
3549 1830 3619 1869 ne

323 1913 458 1980 quis
501 1911 640 1966 forte
674 1911 986 1981 suspicetur
1035 1911 1102 1964 ad
1153 1909 1468 1963 molestiora
1512 1908 1728 1977 negotia
1761 1907 1999 1962 delatum
2024 1947 2039 1971 ,
2077 1918 2239 1977 atque
2271 1908 2342 1962 ita
2376 1909 2489 1962 otio
2522 1908 2666 1978 quod
2723 1909 2970 1963 historiae
3014 1908 3318 1962 scribenda:
3351 1909 3617 1962 tribueret

331 2006 602 2073 privatum
644 2021 784 2072 esse,
827 2007 880 2060 in
925 2005 1116 2060 eodem
1153 2005 1273 2060 vitae
1312 2019 1511 2077 genere
1554 2004 1920 2073 permansisse
1967 2004 2050 2058 vel
2077 2005 2406 2074 cognomine
2445 2013 2585 2060 teste
2617 2015 2960 2074 compertum
3003 2013 3107 2060 esti
3174 2004 3298 2069 Quo
3327 2019 3617 2069 concesso,

345 2102 464 2169 1piis
494 2105 676 2158 credat
707 2103 816 2159 ﬁeri
851 2105 1092 2173 potuisse
1122 2113 1182 2158 ut
1231 2111 1425 2172 sponte
1455 2101 1734 2156 omitteret
1794 2111 2010 2169 gratum
2048 2101 2290 2156 laborem
2334 2117 2365 2154 a
2397 2116 2507 2171 quo
2537 2101 2687 2155 omni
2734 2100 2784 2154 vi
2843 2109 3009 2171 atque
3037 2099 3196 2155 unice
3243 2099 3619 2169 persequendo

330 2198 571 2266 negotiis
597 2197 899 2252 forensibus
928 2215 988 2252 se
1020 2199 1270 2252 distineri
1303 2199 1556 2267 queritur
1579 2196 1695 2268 (s)?
1727 2212 1852 2266 qua:
1889 2204 2068 2250 tamen
2105 2197 2384 2252 cinnulate
2411 2196 2596 2251 offerri
2627 2197 2764 2252 alias
2793 2197 3084 2252 lactandum
3109 2197 3213 2252 sibi
3238 2211 3360 2251 esse
3391 2195 3616 2260 fatetur,

327 2304 400 2340 ne
433 2292 609 2359 inopia
644 2302 936 2359 prematur.
997 2289 1167 2344 Nemo
1199 2302 1376 2343 tamen
1416 2289 1541 2342 hinc
1572 2288 1867 2342 concludat
1897 2288 2185 2356 Agathiam
2218 2291 2692 2344 annumerandnm
2721 2307 2844 2346 esse
2882 2290 3194 2347 infelicibus
3224 2291 3333 2345 illis
3383 2294 3476 2361 qui
3500 2333 3515 2356 ,
3551 2305 3622 2344 ne

327 2381 478 2434 fame
509 2391 794 2446 vexentur,
826 2399 855 2435 a
903 2383 1097 2436 litteris
1137 2382 1390 2436 recedere
1416 2380 1593 2434 coacti
1637 2387 1786 2434 sunt.
1842 2375 1979 2431 Nam
2021 2379 2112 2432 illa
2144 2390 2261 2434 erat
2289 2382 2745 2436 scholasticorum
2774 2383 3016 2437 conditio
3062 2393 3122 2438 ut
3165 2398 3356 2437 eorum
3389 2382 3618 2436 avarilia

324 2473 544 2542 legibus
561 2484 703 2528 esset
730 2475 1122 2543 compescenda
1145 2495 1157 2528 :
1181 2490 1357 2544 neque
1382 2477 1674 2530 clientibus
1720 2474 1967 2531 caruisse
2003 2477 2292 2533 credemus
2319 2480 2495 2532 virum
2522 2480 2616 2550 qui
2649 2479 2851 2551 insigni
2883 2479 3154 2536 facundiae
3180 2479 3350 2551 gloria
3373 2488 3431 2534 et
3461 2479 3620 2534 vivus

323 2573 382 2616 et
420 2573 542 2632 post
578 2573 808 2617 mortem
839 2564 1040 2618 ﬂoruit.
1087 2567 1292 2634 Itaque,
1339 2567 1442 2621 nisi
1485 2568 1642 2622 lusus
1663 2576 1749 2621 est
1797 2567 1901 2621 ista
1935 2565 2005 2622 de
2031 2584 2135 2624 sua
2171 2581 2319 2624 sorte
2349 2571 2572 2640 querela
2599 2610 2614 2635 ,
2657 2570 2765 2626 illis
2803 2573 3179 2628 accensendus
3210 2573 3315 2626 erit
3345 2572 3611 2642 Agatbias

325 2662 450 2730 qui,
481 2660 582 2714 nisi
613 2661 907 2714 admodum
939 2662 1082 2714 laute
1121 2663 1299 2715 vivere
1328 2663 1558 2732 aliisque
1586 2661 1769 2734 largiri
1803 2673 2058 2734 possunt,
2091 2679 2252 2736 egere
2277 2663 2380 2718 sibi
2404 2665 2682 2719 Videntur.
2703 2663 2835 2730 Qua:
2861 2665 3081 2734 quidem
3115 2664 3304 2734 opinio
3331 2666 3610 2734 epigramd

328 2764 481 2808 male
525 2756 890 2809 confirmatur
919 2770 1030 2823 quo
1071 2756 1159 2809 ille
1185 2795 1198 2820 ,
1230 2765 1384 2826 pater
1407 2758 1591 2828 oppidi
1633 2761 1846 2826 dictus,
1896 2762 1951 2816 in
2004 2762 2306 2832 municipio
2348 2777 2452 2814 suo
2493 2762 2708 2826 locum,
2761 2771 2922 2817 antea
2966 2761 3222 2816 obscenis
3255 2761 3620 2816 immunditiis

327 2849 539 2904 ftedum
566 2859 726 2918 atque
750 2849 1153 2915 detestabilem,
1188 2866 1469 2922 purgasse,
1500 2863 1662 2923 atque
1685 2854 1921 2925 eleganti
1949 2854 2206 2920 aedilicio,
2236 2856 2426 2911 nescio
2447 2872 2582 2926 quo,
2619 2869 2846 2910 ornasse
2865 2855 3069 2924 dicitur
3095 2858 3196 2924 (α).
3226 2854 3344 2908 Alia
3374 2853 3610 2909 fortasse

327 2951 594 3014 praeterea
635 2943 854 3011 pietatis
883 2943 1055 2996 ofﬁcia
1101 2944 1154 2998 in
1193 2945 1423 3012 patriam
1469 2946 1701 2999 contulit
1751 2965 1764 3000 :
1820 2962 1944 3017 quae
1987 2961 2094 3001 non
2137 2949 2322 3003 minus
2353 2958 2574 3018 propter
2623 2949 2765 3003 hanc
2793 2947 3050 3002 virtutem
3091 2961 3256 3014 quam
3281 2946 3609 3016 eloquentiae

327 3053 500 3094 causa
522 3077 536 3101 ,
565 3051 689 3090 eum
718 3051 844 3090 cum
875 3046 1028 3104 patre
1058 3035 1374 3092 Memnonio
1402 3048 1456 3092 et
1485 3038 1650 3094 fratre
1680 3049 1860 3094 statua
1889 3041 2108 3095 ornavit
2141 3041 2215 3110 (ὁ)
2245 3059 2257 3096 :
2322 3041 2482 3110 cujus
2519 3041 2742 3096 honoris
2763 3078 2778 3103 ,
2819 3056 2943 3094 cum
2975 3040 3106 3095 olim
3139 3039 3333 3095 fuisset
3359 3038 3620 3110 vulgatis-

326 3128 507 3183 simus
527 3166 541 3189 ,
573 3127 667 3181 illo
704 3135 967 3196 tempore,
997 3127 1048 3179 in
1081 3127 1319 3196 privatos
1358 3129 1581 3194 collati,
1613 3130 1702 3184 vix
1727 3129 1870 3184 aliud
1897 3140 2148 3200 superest
2178 3132 2511 3202 exemplum.

403 3222 603 3278 Mansit
630 3230 814 3275 autem
845 3222 962 3274 viro
991 3222 1210 3276 laudato
1238 3224 1402 3276 etiam
1441 3232 1565 3293 post
1598 3223 1762 3279 funus
1787 3225 1978 3280 eadem
2021 3226 2253 3296 insignis
2279 3226 2424 3281 fama
2475 3225 2806 3296 eloquentiae
2853 3243 2866 3278 :
2915 3225 2983 3278 ad
3036 3239 3203 3295 quam
3259 3224 3610 3282 referendum

325 3331 456 3373 esse
486 3315 701 3369 videtur
723 3313 869 3383 quod
898 3312 1197 3368 Menander
1221 3357 1235 3379 ,
1273 3315 1368 3384 qui
1405 3317 1526 3386 ejus
1559 3316 1844 3372 historiam
1893 3317 2274 3383 continuavit,
2317 3319 2603 3373 infantiam
2636 3331 2791 3370 suam
2829 3326 2938 3370 tam
2981 3318 3330 3371 vehementer
3361 3327 3607 3373 excusat.

330 3413 525 3480 Itaque
557 3423 708 3471 cutn,
749 3407 953 3460 renatis
979 3407 1084 3462 sub
1108 3406 1474 3462 Basilidarum
1503 3411 1732 3480 imperio
1767 3409 1984 3473 litteris,
2018 3410 2268 3464 eamdem
2298 3413 2514 3467 laudem
2548 3420 2867 3480 appeterent
2893 3410 3076 3480 pusilli
3111 3411 3315 3481 ingenii
3340 3413 3616 3478 homines,

323 3505 621 3574 Agathiam
656 3501 981 3556 imitandum
1012 3502 1115 3557 sibi
1147 3502 1522 3573 sumpsit.Leo
1555 3504 1852 3567 Diaconos,
1885 3514 1946 3558 ut
1977 3503 2176 3560 Hasius
2212 3521 2262 3560 v.
2301 3506 2378 3559 ill.
2419 3507 2680 3561 indicavit
2712 3525 2725 3560 :
2759 3507 2848 3562 cui
2878 3508 3026 3578 quod
3059 3508 3328 3577 placuerit
3357 3508 3412 3564 in
3444 3509 3607 3579 hujus

322 3593 641 3664 scriptoris,
675 3607 788 3662 quo
813 3594 961 3647 edito
992 3608 1350 3663 permagnum
1380 3605 1526 3649 certe
1551 3596 1695 3663 cepit
1733 3595 1965 3650 historia
1993 3597 2416 3662 incrementum,
2449 3613 2706 3654 sermone
2739 3600 3080 3670 exquirendo
3117 3601 3464 3669 splendidum
3499 3602 3621 3672 pbie

325 3690 546 3760 lologia:
570 3688 961 3742 documentum
989 3689 1180 3753 edere,
1213 3689 1266 3743 id
1305 3689 1732 3745 facundissimos
1772 3707 2024 3762 quosque
2050 3692 2292 3759 Atticos,
2326 3695 2371 3749 si
2415 3695 2538 3762 quis
2573 3695 2640 3749 ad
2669 3709 2859 3749 manes
2886 3695 2956 3749 de
2988 3693 3387 3752 factis-nostris
3431 3711 3620 3751 rumor

329 3795 550 3848 manat,
584 3802 690 3838 non
723 3785 843 3839 sine
877 3786 1076 3840 invidia
1110 3785 1249 3840 ferre
1279 3787 1556 3840 existimo.
1605 3787 1776 3842 llodie
1806 3788 2068 3859 Agatbias
2100 3791 2186 3844 vix
2221 3791 2476 3860 cuiquam
2511 3792 2652 3844 ultra
2685 3790 3119 3846 mediocritatem
3147 3804 3437 3859 assurgere
3469 3792 3618 3846 vide-

329 3882 485 3935 bitur
515 3895 528 3930 :
565 3879 688 3934 licet
729 3878 792 3933 G.
823 3877 865 3933 l.
895 3877 1124 3933 Vossius
1148 3920 1162 3944 ,
1203 3881 1348 3934 haud
1380 3881 1513 3935 levis
1545 3883 1893 3938 auctoritatis
1928 3885 2039 3947 vir,
2075 3893 2280 3939 tersum
2315 3883 2435 3954 ejus
2468 3894 2636 3953 atque
2666 3881 2920 3937 floridum
2966 3883 3180 3937 dicendi
3213 3898 3385 3952 genus
3419 3883 3616 3950 praedio

353 3984 446 4028 iet.
477 3972 632 4026 Certe
667 3973 780 4040 ipse
805 3987 990 4027 sermo
1016 3972 1240 4028 ercus
1263 3988 1292 4026 a
1323 3973 1578 4042 puritate,
1613 3991 1736 4043 qua:
1769 3984 1949 4030 tamen
1985 3976 2209 4030 minima
2241 3978 2360 4031 laus
2385 3984 2570 4040 esset,
2603 3975 2765 4046 longe
2793 3978 2981 4040 abest;
3023 3989 3108 4038 ac,
3150 3990 3218 4028 ne
3252 3991 3280 4028 a
3314 3975 3458 4028 vitiis
3491 3976 3618 4043 qui«

331 4065 463 4117 dem
498 4066 868 4135 grammaticis
909 4063 1196 4125 immunis,
1232 4064 1374 4116 haud
1411 4079 1533 4115 raro
1564 4065 1855 4134 degeneris
1889 4066 2120 4134 loquela:
2155 4076 2282 4120 nota
2319 4065 2555 4120 fmdatur
2584 4083 2597 4119 :
2642 4075 2760 4119 tum
2792 4081 2920 4119 vero
2945 4064 3177 4117 admista
3209 4064 3568 4118 dialectorum
3598 4105 3614 4129 ,

331 4157 537 4212 Ionica:
580 4160 878 4228 przcsertim
900 4197 914 4219 ,
943 4158 1339 4226 epicorumque
1373 4159 1662 4212 verborum
1695 4161 1992 4225 varietate,
2030 4160 2144 4216 sive
2168 4161 2396 4225 quaesita
2427 4161 2544 4212 sive
2571 4159 2946 4229 imprudenter
2969 4169 3280 4226 assumpta,
3315 4158 3619 4226 saepissime

325 4249 582 4305 offendit.
613 4251 746 4317 Quae
776 4263 835 4306 ut
861 4253 1257 4307 condonaveris
1283 4253 1380 4306 aavi
1419 4254 1723 4306 infelicitati
1750 4291 1765 4316 ,
1804 4256 2199 4323 praecipuaeque
2229 4253 2531 4308 dillicullati
2579 4251 2852 4308 scribendi
2882 4252 3062 4323 lingua
3091 4249 3424 4314 emoriente,
3461 4260 3615 4306 ante-

323 4357 501 4411 quam
530 4343 711 4398 adnlta
745 4345 817 4397 sit
853 4353 1016 4413 atque
1041 4359 1073 4397 e
1104 4344 1296 4396 matris
1327 4345 1610 4398 consortio
1643 4344 1842 4397 exierit
1869 4345 2140 4415 vulgaris,
2173 4360 2280 4413 qua
2312 4344 2426 4413 jam
2463 4342 2706 4413 quotidie
2736 4351 3003 4407 utuntur;
3051 4352 3230 4394 tamen
3257 4380 3273 4406 ,
3315 4349 3372 4394 ut
3400 4339 3613 4394 laudem

323 4438 547 4492 tribuas
582 4437 880 4504 historico,
929 4439 1257 4508 sapientiam
1292 4442 1729 4508 gravitatemque
1763 4439 2047 4508 requires:
2099 4449 2154 4492 at
2197 4440 2246 4492 id
2293 4456 2398 4492 non
2433 4439 2615 4495 minus
2648 4438 2850 4490 frustra
2884 4436 2936 4488 in
2986 4433 3214 4503 Agatbia
3246 4442 3456 4515 nostro.
3500 4430 3616 4488 lmo

327 4537 519 4604 potius
543 4537 792 4606 jejunum
825 4537 1103 4606 ingenium
1136 4537 1187 4588 in
1217 4539 1504 4592 sententiis
1525 4537 1706 4606 prodit
1735 4552 1876 4605 quas
1905 4537 2210 4605 smpissime
2247 4535 2482 4605 profert,
2521 4535 2677 4588 tritas
2703 4532 2998 4586 admodum
3041 4539 3204 4595 atque
3234 4543 3267 4584 e
3296 4528 3433 4584 locis
3464 4529 3606 4598 peti-

328 4640 424 4682 tas
458 4629 846 4682 communibus
875 4644 886 4681 :
923 4629 1013 4682 ubi
1045 4644 1172 4680 vero
1203 4638 1395 4699 argute
1435 4630 1582 4699 loqui
1614 4630 1834 4698 satagit,
1866 4628 2268 4698 frigidissimas.
2291 4627 2401 4680 Viri
2435 4627 2560 4682 boni
2591 4629 2837 4681 animum
2861 4641 2986 4678 cum
3019 4622 3386 4677 ostentatione
3411 4637 3523 4689 pra:
3547 4636 3608 4675 se

331 4726 439 4776 fert
474 4741 486 4774 :
521 4738 696 4791 neque
727 4734 905 4775 tamen
928 4763 942 4780 .
976 4733 1243 4791 quantum
1281 4724 1612 4791 dignescere‘
1647 4724 1806 4787 licet,
1852 4724 2029 4777 falso:
2079 4722 2340 4777 immunis
2378 4726 2446 4776 ab
2511 4723 2871 4777 insectatione
2916 4721 3121 4791 pariter
3152 4731 3319 4791 atque
3356 4719 3426 4774 ab
3470 4718 3606 4773 adu-

335 4816 545 4873 latione
576 4833 671 4886 per
711 4819 1030 4871 universum
1067 4833 1206 4886 opus
1237 4835 1250 4871 :
1284 4819 1464 4887 cujus,
1507 4835 1849 4889 quaecunque
1883 4819 1934 4872 in
1987 4833 2053 4872 eo
2090 4819 2506 4888 reprehenderis
2531 4858 2546 4884 ,
2583 4819 2649 4872 ad
2685 4820 3094 4888 cognoscendas
3133 4833 3221 4873 res
3243 4825 3429 4889 gestas
3462 4831 3618 4870 sum-

333 4925 489 4963 mum
523 4910 756 4978 pretium
793 4922 956 4978 atque
992 4909 1149 4964 unica
1192 4911 1399 4965 utilitas
1427 4921 1533 4965 est.
1569 4911 1756 4966 Italica
1787 4922 1968 4966 tamen
2000 4914 2212 4982 negotia
2242 4928 2433 4980 parum
2467 4914 2682 4980 cognita
2723 4911 2982 4966 habuisse
3008 4911 3241 4974 videtur,
3274 4910 3329 4966 in
3370 4908 3616 4964 orienta-

329 5005 684 5074 liboslonge
714 5005 1000 5060 versutior.
1033 5004 1206 5070 Quem
1246 5006 1290 5059 si
1332 5007 1606 5076 Procopio
1642 5023 1767 5061 cum
1826 5007 2045 5076 ingenio
2079 5018 2191 5060 tum
2240 5007 2382 5059 civili
2426 5007 2760 5076 militarique
2789 5007 3074 5076 prudentia
3110 5007 3271 5076 longe
3300 5003 3616 5060 inferiorem

327 5113 462 5153 esse
492 5095 744 5152 Gibbono
779 5098 937 5153 facile
963 5100 1339 5166 concesseris;
1368 5092 1608 5156 fatebere
1638 5111 1818 5155 tamen
1849 5103 2037 5157 eadem
2079 5104 2288 5156 ratione
2327 5118 2492 5168 super
2525 5113 2752 5158 exteros
2779 5117 2994 5166 onmes,
3019 5103 3111 5172 qui
3144 5102 3424 5156 consecuti
3450 5109 3576 5153 sunt
3600 5155 3615 5178 ,

325 5191 618 5246 eminere:
657 5191 834 5245 virum
861 5202 1042 5246 autem
1075 5193 1246 5248 multo
1282 5196 1560 5251 meliorem
1596 5211 1718 5251 esse
1744 5195 2030 5266 Ριοι-ρυιιίυ.

407 5351 479 5420 (s)
522 5351 776 5406 Prooem.
824 5368 879 5423 p.
917 5351 968 5406 7.
1000 5353 1055 5408 8.
2033 5352 2096 5406 de
2130 5368 2183 5406 re
2215 5351 2626 5423 interpretanda
2657 5367 2782 5423 quae
2830 5350 3076 5423 Mauricii
3105 5349 3349 5423 animum
3403 5360 3619 5403 movere

413 5423 480 5488 (ι)
524 5423 660 5493 Ibid.
693 5439 745 5493 p.
780 5421 840 5478 tr.
1047 5491 1128 5493 ίᾼᾲ
2033 5425 2269 5493 potuerit
2300 5433 2357 5476 ut
2393 5422 2625 5490 supplici
2665 5421 2780 5493 regi
2815 5421 3078 5493 ausilium
3103 5422 3421 5493 denegaret.

411 5486 494 5561 (μ’)
537 5491 676 5564 om.
693 5486 799 5556 'Iv,
823 5494 911 5547 29.
954 5509 1008 5564 ι).
1033 5491 1158 5547 27a.
1543 5563 1548 5564 ί

2035 5486 2047 5493 ’
2102 5495 2175 5562 ty)
2225 5492 2283 5546 V.
2319 5486 2675 5564 testimonia:
2722 5486 2986 5563 ὧρμῄθην
3020 5486 3290 5563 Epicadi:
3345 5489 3486 5562 μιτά
3517 5486 3617 5560 τὴν

413 5564 484 5630 (v)
535 5562 738 5616 Locum
775 5565 935 5633 posui
958 5562 1125 5617 ’inter
1166 5564 1500 5618 testimonia.
1537 5563 1711 5621 Verba
1747 5568 1794 5619 si
1832 5565 1926 5620 καὶ

1082 5580 1125 5617 :r
1166 5564 1500 5618 testimonia.
1537 5563 1711 5621 Verba
1747 5568 1794 5619 si
1832 5565 1926 5620 καὶ
2031 5565 2340 5619 ἀπηόίωσιν
2399 5563 2673 5630 Ἀγαθὶου.

328 5636 512 5704 μήπω
553 5634 745 5704 ἔτυχον
771 5633 1156 5707 Δἐκδεδωκὸαετες
1214 5636 1279 5687 ad
1335 5637 1630 5704 scriptores
1653 5653 1792 5707 quos
1831 5654 1919 5691 no-

1214 5636 1279 5687 ad
1335 5637 1630 5704 scriptores
1653 5653 1792 5707 quos
1831 5654 1928 5691 no-
2109 5636 2177 5704 (ι)
2226 5635 2364 5707 (list.
2395 5633 2501 5707 Ill,
2521 5634 2572 5698 1,
2603 5650 2656 5704 ρ.
2682 5633 2803 5688 158.

328 5715 643 5757 tttltttlvm'al
703 5704 891 5759 referri
948 5718 1054 5776 non
1099 5715 1382 5776 possunt;
1447 5723 1568 5774 qum
1617 5704 1922 5776 si'l‘lvagrii
2108 5711 2185 5772 to)
2237 5705 2418 5776 Epigr.
2443 5705 2532 5776 72.

328 5791 497 5827 mens
544 5784 709 5848 esst-I,
756 5776 977 5848 ratione
1026 5773 1276 5848 jubente,
1305 5847 1313 5848 ί
1342 5773 1654 5844 seripsisset
1716 5773 1919 5847 τυγᾖά-

1136 5791 1276 5837 ente,
1305 5847 1313 5848 ί
1342 5773 1654 5844 sei-ipsisset
1716 5773 1920 5847 τυῂἀ-
2111 5778 2179 5846 φ)
2224 5773 2409 5848 Epigr.
2439 5775 2727 5831 Michaelii.

328 5861 542 5900 ιιι-επεν.
579 5846 712 5896 Sunt
753 5847 842 5897 illa
888 5845 1116 5898 omnino
1159 5847 1419 5900 mendosa
1444 5889 1456 5911 ,
1495 5858 1546 5902 et
1584 5851 1766 5903 nescio
1816 5845 1920 5919 qua

584 5963 849 6024 Parnm.
898 5962 1011 6021 GR.
1053 5961 1427 6025 LXXXVIII.
3147 5959 3223 6024 ιο
