4030 6458
528 418 661 490 1257
1857 418 2035 479 VITA
2074 419 2119 476 A

2131 415 2456 480 GATHI/E.
3622 430 3722 504 1258

498 526 535 540 Alﬁ

596 539 941 596 Christianus
979 556 1047 593 an
1085 537 1279 604 fuerit,
1335 538 1387 591 in
1430 546 1721 606 utramque
1755 545 1964 606 partem
2000 536 2343 605 disputatum
2385 543 2508 591 est:
2553 550 2749 592 verum
2791 534 2935 591 edlte
2984 534 3369 607 epigrammate
3403 556 3502 612 quo
3535 548 3721 612 tabula”

524 636 853 705 archangelo
890 634 1109 690 dedicat
1159 633 1230 705 (ε)
1256 674 1269 699 ,
1314 634 1459 687 illam
1492 633 1809 704 religionem
1840 629 2149 702 professum
2184 645 2307 687 esse
2340 640 2494 686 extra
2526 630 2756 686 dubium
2791 639 2906 686 est.
2930 635 2976 685 Α
3017 645 3135 700 quo
3167 631 3213 686 si
3260 631 3555 693 discesseris
3575 679 3588 703 ,
3620 644 3726 703 inter

526 736 719 783 caetera
748 741 869 794 quae
897 725 1128 794 proferri
1168 732 1393 793 possent
1431 723 1805 778 ﬁrmissimum
1838 722 2084 790 ejusdem
2123 722 2402 790 opinionis
2448 731 2834 793 argumentum
2881 734 3069 787 esset,
3121 723 3265 792 quod
3299 728 3652 801 apophthcgma
3678 754 3727 796 ex

527 837 664 877 novo
692 818 897 876 foedere
932 820 1037 875 sibi
1072 828 1261 874 notum
1293 833 1416 874 esse
1444 818 1624 889 prodit
1650 817 1751 890 (ά).
1787 815 1975 888 Neque
2002 816 2054 870 id
2079 824 2265 872 tamen
2295 828 2508 874 certum
2539 817 2679 874 foret
2707 817 2973 873 indicium
2999 834 3013 872 :
3051 817 3252 873 etenim
3274 858 3289 885 ,
3321 818 3609 876 dominante
3634 826 3732 879 reli-

458 976 465 981 I
523 914 683 984 gione
721 910 1036 969 Christiana
1059 951 1075 976 ,
1125 925 1332 981 paucos
1365 911 1488 967 illos
1522 911 1754 983 gentiles
1781 912 1874 982 qui
1900 911 2377 981 Constantinopoli
2418 911 2688 981 degebant
2729 910 2859 965 talia
2893 918 3023 966 nota
3072 909 3330 965 habuisse
3371 925 3472 965 non
3510 922 3587 967 est
3620 919 3733 984 quod

522 1004 875 1069 dubitemus;
917 1012 1079 1074 atque
1107 1002 1203 1057 ubi
1258 1002 1309 1058 id
1347 1002 1557 1073 profert
1581 1002 1954 1059 Christianum
1987 1004 2299 1074 loquentem
2328 1002 2557 1057 inducit.
2586 1000 2770 1057 Mitem
2800 1017 2931 1057 vero
2972 1001 3218 1055 animum
3249 1000 3302 1055 in
3338 1006 3738 1072 reprehendendis

523 1095 717 1151 alienis
741 1094 917 1150 sacris
939 1134 954 1160 ,
989 1095 1093 1150 nisi
1127 1096 1376 1167 improba
1403 1096 1514 1152 sint
1538 1105 1702 1166 atque
1729 1095 2027 1164 immania;
2061 1106 2117 1151 et
2144 1094 2539 1165 indulgentiam
2567 1109 2689 1163 quae
2716 1094 2891 1149 errori
2924 1095 2977 1148 in
3021 1094 3333 1163 huiusmodi
3368 1093 3552 1160 rebus,
3585 1106 3734 1168 utpote

525 1204 630 1242 non
655 1187 988 1255 voluntario,
1018 1189 1231 1243 veniam
1268 1189 1461 1245 tribuit
1483 1188 1589 1260 (e);
1622 1189 1763 1244 inter
1789 1203 1962 1244 saevos
1992 1190 2144 1245 illius
2170 1189 2273 1244 aevi
2310 1188 2524 1243 furores
2555 1188 2643 1242 vix
2670 1188 2799 1244 alibi
2828 1198 3179 1259 exspectares
3208 1203 3370 1259 quam
3399 1190 3534 1260 apud
3560 1208 3640 1247 eos
3669 1198 3741 1264 qui

520 1279 920 1335 dominantium
949 1281 1268 1337 crudelitate
1304 1287 1360 1337 et
1396 1282 1600 1337 saevitia
1634 1290 1961 1336 vexarentur
1991 1281 2116 1351 ipsi.
2148 1279 2337 1350 Itaque
2376 1280 2658 1350 probabile
2702 1290 2787 1336 est
2826 1279 3011 1349 gentili
3039 1288 3194 1349 patre
3235 1289 3561 1348 procreatum
3583 1321 3597 1344 ,
3623 1281 3740 1336 Gne-

521 1372 835 1443 canicisquc
865 1372 1063 1428 studiis
1086 1371 1414 1427 innutritum
1442 1379 1496 1427 et
1527 1371 1876 1436 delectatum,
1920 1385 1990 1426 ne
2021 1371 2199 1441 legum
2234 1372 2411 1440 poenis
2441 1371 2836 1441 hominumque
2868 1371 3143 1427 violentiae
3179 1370 3451 1427 obnoxius
3476 1381 3628 1440 esset,
3658 1388 3743 1428 non

512 1467 816 1538 'opinionis
848 1468 904 1522 vi
943 1467 1265 1531 adductum,
1301 1466 1631 1522 Christianis
1659 1481 1719 1521 se
1746 1465 2091 1536 adjunxisse.
2972 1464 2981 1483 '

595 1556 959 1612 ilistoriarum
1003 1542 1123 1612 libri
1166 1559 1329 1628 vulgo
1364 1574 1431 1612 ex
1472 1558 1663 1613 codice
1717 1556 2073 1625 Lugduneusi
2122 1556 2186 1613 in:

2148 1557 2501 1614 nscribuntur
2538 1557 2668 1630 περὶ
2731 1558 2835 1628 τῆς
2858 1554 3245 1611 Ἰουστινιανοῦ
3287 1554 3594 1626 βασιλείας·
3637 1562 3739 1617 vitio

512 1650 818 1707 manifesto
850 1670 864 1706 :
915 1666 1039 1706 cum
1082 1652 1316 1721 scriptor
1352 1665 1413 1706 se
1460 1652 1529 1706 de
1558 1660 1733 1706 morte
1756 1651 1959 1706 Justini
1988 1651 2249 1707 Germani
2281 1650 2318 1706 f.
2343 1683 2410 1694 -—
2430 1651 2522 1722 qui
2548 1652 2775 1723 jubente
2803 1648 3022 1707 Iustino
3043 1648 3172 1705 Jun.
3202 1649 3340 1720 imp.
3372 1662 3587 1708 necatus
3614 1662 3747 1709 est-

506 1744 627 1810 ‘lV,
656 1745 728 1798 22
753 1783 766 1807 .
801 1760 853 1815 p.
888 1744 995 1800 255
1026 1762 1042 1800 :
1094 1754 1257 1815 atque
1282 1746 1351 1799 de
1373 1744 1639 1799 Chosrois
1671 1744 1777 1799 line
1811 1744 1963 1816 (577)
1997 1742 2064 1799 IV
2087 1786 2104 1812 ,
2144 1744 2252 1811 29,
2284 1761 2340 1816 p.
2375 1745 2516 1809 272,
2549 1744 2823 1800 dicturum
2852 1758 2976 1799 esse
3008 1743 3318 1814 promittat.
3357 1743 3429 1797 At
3458 1744 3590 1799 idem
3616 1748 3749 1803 codex

526 1847 692 1903 recte,
724 1853 824 1908 pro
869 1838 1016 1894 illius
1079 1837 1255 1892 aetatis
1286 1851 1459 1904 more,
1486 1852 1648 1909 quem
1678 1837 1747 1894 ab
1776 1838 2036 1909 Evagrio,
2063 1837 2275 1894 Joanne
2300 1836 2688 1910 Epiphanituisi
2712 1878 2728 1904 ,
2762 1837 2996 1908 aliisque
3018 1845 3296 1909 servatum
3324 1836 3595 1906 videmus,
3617 1839 3748 1895 libros

523 1929 724 2000 τόμους
754 1938 935 1987 vocat.

499 2053 507 2062 ο
591 2018 824 2076 Codices
848 2020 1038 2091 scripti
1059 2020 1317 2091 perpauci
1348 2029 1664 2092 supersunt.
1695 2019 1769 2077 De
1798 2019 2182 2091 Rehdigerano
2213 2030 2271 2078 et
2297 2021 2650 2093 Lngdunensi
2672 2061 2687 2087 ,
2727 2022 2932 2094 quibus
2963 2037 3097 2080 usus
3124 2036 3283 2089 sum,
3311 2020 3445 2075 dixi.
3476 2018 3748 2077 Vaticanum

523 2117 1002 2172 membranaceum
1036 2131 1197 2182 esse,
1237 2118 1523 2187 antiquum
1544 2157 1561 2184 ,
1597 2117 1732 2171 mihi
1767 2117 2097 2187 signiticavit
2131 2117 2274 2189 Aug.
2304 2117 2482 2174 Maius
2519 2133 2573 2173 v.
2609 2117 2688 2173 ill.
2732 2119 2826 2187 qui
2861 2118 3140 2174 variantes
3184 2118 3490 2187 scripturas
3517 2131 3581 2171 ex
3609 2123 3752 2186 quarti

529 2211 651 2266 libri
689 2209 847 2264 initio
881 2209 1147 2265 delibatas
1179 2209 1495 2279 speciminis
1525 2209 1646 2264 loco
1679 2208 1832 2263 misit
1860 2247 1875 2263 .
1908 2206 2000 2262 Eae
2023 2223 2149 2263 cum
2177 2207 2561 2279 Rehdigerano
2588 2208 2731 2264 libro
2774 2209 2849 2264 ita
2877 2208 3217 2264 conveniunt
3248 2216 3309 2263 ut
3335 2207 3496 2264 valde
3525 2209 3759 2278 probabile

488 2310 495 2315 '
523 2306 598 2362 sit
631 2308 775 2362 hunc
810 2305 935 2360 inde
965 2304 1302 2374 exscriptum
1336 2318 1478 2359 esse.
1513 2304 1837 2373 Exscriptus
1873 2313 2056 2358 autem
2084 2312 2170 2360 est
2206 2319 2274 2359 ex
2303 2304 2492 2360 codice
2526 2304 2740 2376 integro
2774 2322 2790 2360 :
2833 2315 2894 2361 ut
2920 2303 3224 2362 Vaticanus
3251 2345 3267 2371 ,
3317 2318 3572 2365 mouente
3613 2311 3758 2379 Maio,

522 2415 671 2456 nmic
701 2399 920 2469 quidem
962 2406 1081 2463 est,
1133 2395 1399 2467 suppletis
1437 2410 1468 2449 a
1499 2395 1806 2450 recentiore
1841 2409 2004 2448 manu
2036 2394 2247 2465 aliquot
2278 2393 2423 2451 foliis
2447 2433 2463 2459 ,
2510 2396 2605 2451 sed
2639 2395 2901 2466 quoniam
2931 2411 2995 2452 ea
3024 2381 3334 2467 aliquando
3373 2398 3627 2469 deerant,
3663 2404 3759 2458 inde

518 2503 658 2549 ortae
684 2499 814 2547 sunt
842 2492 1051 2569 lacuna;
1082 2489 1136 2544 in
1173 2488 1425 2545 versione
1454 2486 1750 2552 Personae,
1802 2487 1929 2541 licet
1961 2486 2138 2541 codici
2170 2502 2282 2557 quo
2322 2487 2377 2543 is
2403 2503 2538 2544 usus
2565 2496 2649 2543 est
2681 2502 2807 2542 cum
2844 2486 3235 2560 Rehdigerano
3274 2492 3532 2560 proxima
3573 2493 3762 2553 interce-

521 2587 616 2640 dat
643 2583 903 2640 aflinitas.
928 2583 1135 2638 Tamen
1169 2583 1258 2638 hic
1281 2580 1581 2637 Vaticanus
1605 2580 1775 2636 codex
1808 2590 1868 2635 ut
1896 2580 2193 2651 aliquando
2218 2581 2542 2652 iuspiciatur
2560 2622 2577 2649 ,
2602 2582 2902 2652 optandum
2927 2592 3045 2650 est;
3079 2599 3189 2654 quo
3219 2586 3388 2655 plane
3421 2587 3489 2643 de
3516 2588 3615 2643 ﬁde
3637 2599 3763 2661 atque

521 2678 851 2733 auctoritate
888 2677 1254 2748 Rehdigerani
1291 2685 1549 2733 constare
1585 2676 1782 2745 possit.
1823 2674 2097 2732 Prmterea
2145 2692 2210 2731 ex
2243 2676 2664 2733 Montefalconio
2703 2678 2986 2735 Harlesius
3019 2677 3284 2738 Fabricio
3339 2683 3593 2754 ascripsit
3616 2725 3631 2751 ,
3658 2687 3764 2742 inte-

477 2796 486 2807 ι
522 2786 680 2841 grum
722 2786 861 2841 opus
906 2779 1126 2826 exstare
1157 2771 1345 2825 Graece
1374 2769 1518 2824 inter
1543 2769 1763 2824 codices
1792 2768 2031 2839 scriptos
2067 2768 2505 2837 Ottobouianus;
2551 2780 2718 2841 atque
2763 2772 2816 2826 in
2850 2772 2976 2828 cod.
3033 2771 3213 2827 MMIV
3260 2775 3612 2833 biblimhecte
3648 2778 3764 2833 Vati-

520 2882 675 2923 can:e
720 2871 965 2938 antiquae
1012 2865 1299 2936 Agathiam
1339 2865 1410 2920 de
1444 2863 1595 2920 Bello
1621 2850 1927 2933 Gothorum
1968 2880 1983 2917 :
2029 2880 2062 2921 θ
2121 2866 2400 2922 contrario
2454 2865 2508 2920 in
2550 2865 2826 2923 Marciana
2862 2867 3109 2923 Venetiis
3157 2871 3294 2926 cod.
3342 2869 3593 2943 DCCXll,
3635 2872 3767 2929 libros

521 2960 884 3029 posteriores,
917 2959 1300 3017 deficientibus
1325 2958 1504 3031 primo
1543 2965 1599 3013 et
1634 2957 1862 3014 secundi
1891 2967 2043 3029 parte
2076 2976 2091 3015 :
2133 2958 2376 3025 scilicet,
2417 2969 2476 3014 ut
2505 2960 2719 3016 videtur
2742 2999 2758 3027 ,
2792 2961 2883 3016 illa
2914 2961 3031 3032 ipsa
3059 2963 3129 3018 de
3162 2961 3424 3022 Narsetis
3458 2964 3597 3022 bello
3621 2965 3767 3021 italico

522 3050 862 3105 narratione.

593 3142 732 3199 Cum
780 3151 963 3199 autem
1005 3141 1271 3215 Agathias
1321 3141 1378 3198 in
1430 3156 1621 3198 eorum
1668 3158 1901 3201 numero
1945 3142 2107 3202 fuerit
2143 3146 2532 3203 historicorum
2579 3161 2720 3218 quos
2769 3143 3164 3204 Constantinus
3210 3150 3701 3223 Porphyrogenitus
3728 3151 3767 3207 in

512 3235 738 3307 eclogas
764 3234 938 3305 redigi
959 3233 1146 3305 jussit,
1170 3233 1430 3305 leguntur
1459 3248 1528 3291 ex
1558 3235 1652 3291 illo
1682 3237 1785 3292 tria
1810 3236 1879 3291 de
1909 3236 2271 3308 legationibus
2310 3247 2563 3309 excerpta
2594 3239 2650 3293 in
2684 3239 2875 3294 codice
2900 3237 3135 3304 Bavaro,
3162 3256 3424 3311 quorum
3453 3244 3660 3299 collatio
3677 3260 3771 3300 cum

519 3331 685 3387 editis
714 3331 944 3387 debetur
964 3330 1286 3387 doctissimo
1319 3329 1630 3401 Spengelio.
1667 3331 1836 3388 Multo
1873 3332 1999 3404 plus
2024 3332 2168 3389 idem
2199 3334 2439 3404 scriptor
2466 3333 2535 3389 ad
2565 3333 2784 3388 titulum
2814 3332 2884 3388 de
2914 3333 3212 3391 sententiis
3270 3335 3534 3393 conferre
3569 3338 3770 3405 dedebat,

478 3464 483 3471 ,
521 3437 688 3493 quem
728 3421 1049 3493 nuperrime
1096 3422 1154 3478 in
1184 3421 1409 3479 luminis
1437 3436 1566 3479 oras
1605 3423 1823 3480 reduxit
1862 3424 1943 3481 ill.
1987 3423 2167 3481 Maius
2200 3441 2220 3480 :
2257 3426 2342 3480 vir
2372 3424 2634 3495 iuvandis
2678 3425 2877 3483 litteris
2901 3422 3166 3483 divinitus
3217 3426 3430 3484 seculo
3467 3438 3649 3486 nostro
3674 3445 3775 3486 con-

518 3530 733 3584 cessus,
764 3527 820 3573 et
849 3533 872 3570 ί
907 3516 996 3574 cui
1020 3529 1186 3575 nemo
1203 3518 1406 3575 civium
1447 3534 1628 3591 neque
1654 3521 1833 3577 hostis
1853 3519 2032 3592 quibit
2051 3535 2154 3592 pro
2180 3520 2343 3577 factis
2374 3520 2598 3577 reddere
2622 3536 2804 3593 opera:
2850 3526 3107 3593 pretium.
3132 3544 3153 3579 ι
3190 3526 3307 3583 Sex
3339 3527 3477 3584 folia
3505 3529 3574 3585 de
3606 3528 3682 3584 bis
3704 3542 3776 3581 ex-

474 3634 477 3637 -
519 3610 730 3680 cerptis
759 3624 1052 3681 superesse
1084 3608 1133 3668 is
1158 3626 1263 3670 nos
1292 3614 1489 3672 edocet
1527 3614 1689 3686 (Coll.
1737 3612 2018 3671 Vaticana
2040 3615 2367 3686 scriptorum
2409 3614 2724 3672 Graecorum
2750 3616 2817 3685 ll,
2853 3634 2911 3690 p.
2952 3620 3103 3692 464.)
3134 3639 3149 3677 :
3193 3636 3445 3693 quorum
3478 3623 3777 3681 collatiom

487 3704 597 3762 καὶ»
620 3705 747 3778 ejus
776 3706 1016 3762 amicitia
1048 3707 1333 3780 petissem,
1372 3709 1907 3782 impetraturumque
1938 3708 2110 3768 fuisse
2134 3718 2285 3767 certe
2316 3710 2454 3777 scio,
2493 3726 2682 3769 verum
2706 3728 2872 3785 opere
2897 3716 3009 3787 jam
3036 3715 3349 3791 proﬂigato
3380 3721 3539 3777 nolui
3560 3720 3780 3775 molestus

520 3815 646 3859 esse
669 3802 789 3858 viro
820 3803 1043 3860 minime
1074 3803 1274 3861 otioso.
2560 3874 2567 3880 ,

599 3894 869 3951 Praeterea
899 3906 1148 3967 superest
1178 3898 1234 3952 in
1260 3895 1530 3954 Parisinaa
1556 3898 1722 3970 regite
1759 3897 1887 3954 cod.
1921 3896 2086 3953 MDC]
2118 3897 2558 3965 membranaceo,
2598 3898 3080 3970 Fonteblaudensi,
3116 3903 3329 3963 folium
3377 3908 3626 3973 unicum,
3658 3904 3779 3972 cujus

523 3988 786 4045 lectiones
816 4002 939 4059 Quae
965 3989 1200 4057 variant,
1240 3989 1387 4048 dedi.
1434 3988 1632 4046 iisdem
1670 3989 1903 4045 fortasse
1947 3989 2197 4045 terminis
2235 3988 2549 4045 continetur
2584 3989 2949 4061 fragmentum
2981 3992 3050 4049 de
3086 3993 3335 4052 Francis
3386 3994 3779 4054 Laurentianum

521 4077 656 4144 LIX,
702 4080 791 4148 17,
822 4081 876 4148 9,
908 4112 981 4125 -—
1011 4082 1102 4138 ubi
1127 4083 1182 4137 in
1210 4083 1347 4153 plut.
1381 4081 1616 4150 LXXIV,
1646 4083 1735 4151 15,
1760 4083 1852 4150 64,
1881 4084 2032 4139 varia
2057 4097 2123 4137 ex
2145 4083 2389 4153 quinque
2420 4082 2578 4139 libris
2608 4093 2863 4155 excerpta
2888 4086 3145 4156 inveniri,
3179 4087 3488 4147 Harlesins
3522 4087 3778 4146 adnotavit.

522 4171 852 4228 Bandininm
891 4184 1133 4243 secutus,
1179 4185 1287 4230 cat.
1319 4172 1482 4230 codd.
1511 4171 1606 4228 Gr.
1649 4173 1714 4241 ll,
1740 4191 1795 4246 p.
1835 4175 1977 4242 550;
2009 4173 2095 4239 Ill,
2127 4189 2181 4244 p.
2228 4174 2354 4240 115,
2387 4176 2535 4245 quod
2586 4191 2725 4248 opus
2762 4177 3057 4249 inspicient
3103 4179 3325 4250 quibus
3367 4180 3469 4238 illo
3508 4179 3618 4236 frui
3657 4189 3785 4250 posse

522 4266 816 4335 contingit.
1706 4292 1715 4295 -

596 4358 909 4414 liadriands
957 4358 1156 4414 Junius
1190 4358 1744 4414 Animadversionum
1772 4356 1889 4423 1,·1,
1925 4366 1986 4412 ut
2025 4356 2335 4427 interpretis
2375 4358 2723 4413 oscitantiam
2759 4369 2812 4415 et
2839 4360 3152 4417 vecordiam
3198 4363 3557 4432 confutaret,
3607 4362 3781 4432 aliqum

525 4452 772 4523 Agatbiaa
793 4451 943 4505 locos
969 4449 1155 4505 Graece
1183 4449 1549 4520 transcripsit,
1580 4448 1765 4504 multis
1793 4449 1954 4503 annis
1988 4456 2114 4503 ante
2146 4448 2447 4517 principem
2472 4450 2768 4506 editionem
2800 4450 3065 4507 Graecam.
3091 4452 3173 4510 Ac
3199 4454 3446 4525 planum
3475 4457 3691 4528 quidem
3711 4460 3774 4507 εει

525 4540 749 4595 Junium
795 4539 966 4595 videri
1003 4554 1063 4594 se
1099 4540 1179 4594 uti
1222 4539 1520 4609 exemplari
1553 4538 1746 4594 Graco
1776 4539 2019 4594 voluisse
2048 4554 2064 4592 :
2095 4554 2218 4609 quae
2247 4546 2431 4595 tamen
2463 4539 2638 4607 ail‘ert,
2662 4556 2723 4596 ea
2755 4552 2954 4599 cuncta
2991 4558 3058 4598 ex
3093 4543 3275 4604 Suida
3311 4551 3614 4619 desumpta
3640 4554 3777 4609 sunt;

526 4633 892 4688 terminantur
913 4630 1058 4687 enim
1092 4632 1251 4703 plane
1281 4632 1476 4689 iisdem
1509 4631 1709 4687 linihus
1738 4632 1940 4703 quibus
1972 4632 2118 4687 illius
2141 4643 2421 4703 excerpta,
2451 4633 2680 4704 ejusque
2721 4637 3046 4706 scripturam
3075 4640 3526 4701 dissentientem
3558 4660 3586 4697 a
3621 4640 3787 4699 codici-

527 4726 628 4783 bus
655 4733 1064 4795 repraesentant.

596 4818 882 4873 Editioncs
913 4828 1022 4872 tres
1048 4816 1289 4882 Graecas,
1323 4833 1429 4887 quc
1456 4817 1739 4886 hucuSque
1769 4817 2105 4888 prodierant,
2128 4833 2289 4887 supra
2320 4819 2371 4874 in
2394 4819 2722 4875 Prwfatione
2751 4820 2985 4877 iudicavi
3019 4841 3031 4877 :
3064 4823 3159 4879 ubi
3185 4826 3375 4898 etiam
3401 4830 3473 4885 de
3497 4829 3684 4884 Latina
3704 4841 3795 4879 vcr-

529 4914 684 4969 sione
709 4909 814 4981 egi,
854 4924 1017 4980 quam
1051 4908 1482 4978 Christophorus
1512 4909 1775 4969 Persona.
1819 4907 1969 4978 prior
1999 4906 2058 4963 S.
2096 4907 2353 4978 Balbinaa,
2383 4909 2621 4965 confecit
2649 4929 2661 4964 :
2692 4912 2787 4981 qui
2820 4913 3003 4969 itidem
3050 4926 3273 4986 partem
3316 4922 3595 4978 librorum
3627 4921 3795 4976 Proco-

529 5008 601 5077 pii
636 5005 937 5061 transtulit.
965 5003 1100 5059 Eam
1133 5002 1189 5058 in
1224 5003 1455 5058 Fabricii
1487 5003 1846 5068 Bibliotheca,
1875 5004 1944 5059 ab
1964 5003 2214 5060 Harlesio
2244 5005 2544 5079 recognita,
2579 5006 2797 5063 invenio
2826 5009 3149 5081 impressam
3198 5030 3341 5072 esse
3375 5017 3572 5073 Romze
3599 5035 3680 5089 ap.
3702 5015 3795 5070 Jac.

525 5100 868 5157 Mazocbium
906 5099 1066 5154 1516.
1100 5098 1195 5153 fol.
1240 5098 1523 5167 repetitam
1557 5098 1750 5154 deinde
1774 5098 2035 5170 Augusta:
2074 5099 2479 5157 Vindelicorum
2519 5117 2613 5172 per
2642 5101 2864 5175 Sigism.
2900 5106 3109 5163 Grimm
3145 5119 3209 5164 et
3241 5110 3321 5166 Μ.
3368 5112 3641 5185 Wirsung
3667 5112 3796 5169 l5l9.

527 5191 583 5256 4,
635 5200 691 5247 et
719 5203 904 5262 postea
955 5206 1080 5245 cum
1114 5187 1383 5260 Procopio
1429 5198 1589 5259 atque
1637 5187 1935 5255 Jornande,
1975 5192 2206 5262 aliisque
2235 5192 2411 5249 afﬁnis
2459 5197 2765 5266 argumenti
2811 5197 2985 5264 libris,
3027 5203 3333 5270 praemissa
3384 5206 3536 5262 beati
3586 5203 3796 5260 llhenaui

530 5282 870 5352 praefatione,
902 5280 1131 5338 Basileze
1156 5299 1245 5353 ap.
1272 5284 1601 5356 Hervagium
1636 5287 1797 5353 1531,
1829 5288 1925 5343 fui.
1953 5299 2007 5344 ct
2030 5288 2204 5359 Lugd.
2241 5290 2399 5355 1591,
2436 5291 2469 5346 8
2500 5309 2514 5346 :
2546 5322 2615 5332 —
2646 5293 3040 5350 dedicationem
3079 5294 3453 5358 Personaead
3498 5302 3705 5357 Sixtum
3728 5293 3797 5353 lli.

526 5375 690 5429 Pont.
717 5371 792 5429 Μ.
817 5374 1019 5429 editam
1053 5386 1176 5430 esse
1208 5376 1261 5429 iu
1303 5375 1783 5435 dissertationibus
1809 5379 1938 5434 chi
1987 5379 2291 5449 Vossiauis,
2328 5380 2390 5445 ll,
2432 5398 2486 5454 p.
2520 5383 2617 5439 141
2650 5417 2719 5428 —
2750 5387 2873 5442 144.

484 5546 489 5553 .
594 5465 710 5541 Ego
743 5482 878 5525 usus
904 5484 1024 5523 sum
1060 5468 1299 5525 editione
1335 5486 1456 5541 quae
1495 5487 1525 5524 a
1572 5469 1826 5534 Fabricio
1858 5472 2060 5527 dicitur
2090 5475 2362 5543 prmiiisse
2392 5491 2538 5531 anno
2578 5477 2737 5545 1576,
2771 5479 2992 5539 Basilese
3016 5497 3103 5552 ap.
3133 5482 3205 5538 P.
3242 5484 3494 5544 Pernam
3526 5505 3539 5545 :
3579 5485 3667 5543 sed
3695 5479 3799 5539 anni

529 5577 714 5621 notam
745 5566 797 5621 in
825 5566 1072 5636 exemplo
1106 5566 1251 5636 quod
1280 5567 1415 5621 mihi
1444 5569 1598 5622 adest
1624 5567 1823 5623 frustra
1851 5570 2101 5638 quaesivi.
2135 5568 2207 5626 lb.
2235 5570 2480 5643 Agathite
2509 5575 2913 5643 praemittuntur
2934 5575 3200 5637 Zosimus
3233 5597 3268 5637 a
3296 5581 3664 5647 Leunclavio,
3688 5578 3799 5634 Pro-

598 5744 667 5810 (c)
711 5743 893 5813 Epigr.
927 5745 978 5798 4.

600 5813 681 5885 (ά)
700 5811 839 5867 Hist.
868 5813 951 5876 Ill,
978 5814 1061 5879 l2,
1084 5830 1136 5884 p.
1162 5812 1281 5869 165.
1306 5814 1391 5869 Cf.
1413 5814 1648 5871 indicem
1666 5814 1839 5871 Graec.
1870 5832 1916 5873 ς.
1937 5833 1987 5871 v.
2016 5817 2189 5888 ζηλόω

1336 5814 1391 5869 1f.
1413 5814 1648 5871 indicem
1666 5814 1839 5871 Graec.
1870 5832 1916 5873 ς.
1937 5833 1987 5871 v.
2016 5817 2212 5888 Cnidio.
2294 5820 2364 5892 (ε)
2406 5816 2542 5875 liist.
2584 5819 2624 5885 l,
2671 5822 2720 5886 7,
2748 5838 2802 5893 p.
2839 5824 2927 5879 28.
