4030 6420
344 404 488 473 1259
1475 404 1948 465 TESTIMONIA
1977 404 2078 464 DE
2108 404 2465 464 AGA'I‘HIA.
2802 430 2809 435 ’
3418 419 3427 425 “
3468 409 3604 473 1260

337 520 538 590 copius
574 533 604 572 a
637 516 910 587 Raphaele
942 515 1319 581 Volaterrano,
1370 517 1727 588 Personaque
1784 518 1925 589 ipso,
1950 532 2146 572 versus
2178 535 2191 571 :
2224 516 2596 586 subjiciuntur
2624 516 2784 569 ambo
2823 514 3121 574 Jornandis
3152 517 3346 584 libelli,
3380 532 3436 574 et
3471 520 3602 575 Leo-

330 611 542 664 nartlus
571 609 833 664 Aretinus
857 609 925 664 de
954 610 1096 665 bello
1122 610 1333 665 Italico.
1362 609 1521 674 Quod
1551 607 1840 664 Fabricius
1868 608 1923 662 in
1964 608 2068 663 hac
2094 608 2333 664 editione
2381 608 2686 664 versionem
2734 609 2982 678 Agathite
3020 624 3090 664 ex
3146 613 3471 668 recensione
3496 615 3610 668 sive

334 706 759 775 interpolatione
787 703 838 759 .l.
869 704 1182 760 Leunclavii
1234 705 1420 761 haberi
1452 705 1607 771 dicit,
1667 705 1714 759 is
1757 720 1914 759 error
1939 714 2043 761 est.
2085 702 2231 757 Nihil
2274 706 2505 758 mutavit
2550 701 2950 772 Leunelavius;
3009 712 3301 760 contentus
3330 705 3469 762 locts
3501 723 3609 760 non

334 796 478 850 adeo
504 794 694 849 multis
728 795 783 849 in
818 796 1070 866 margine
1095 796 1496 852 correctionem
1525 794 1772 850 indicare
1802 812 1818 848 :
1844 795 1940 850 sed
1964 808 2109 857 cum,
2131 794 2284 849 ﬁnita
2308 794 2690 864 impressione,
2722 794 3163 867 Rehdigeranum
3182 796 3428 852 codicem
3450 808 3611 853 uten-

335 890 467 943 dum
485 887 807 958 accepisset,
831 904 894 943 ea
913 904 1037 959 quae
1059 893 1348 962 interpres,
1375 891 1493 945 sive
1524 899 1740 961 propter
1761 890 1967 945 codicis
1993 888 2260 945 defectum
2287 890 2404 945 sive
2427 890 2499 945 ob
2525 890 2662 946 alias
2681 892 2866 946 nescio
2882 907 3024 963 quas
3046 892 3288 951 rationes
3308 894 3609 961 ,otniserat,

335 986 505 1040 vertit
532 1004 546 1039 :
574 1000 683 1039 non
719 987 911 1057 paucis
944 987 1084 1041 locis
1110 986 1268 1055 plane
1300 987 1547 1041 insanam
1581 987 1888 1042 versionem
1916 986 2144 1042 meliore
2181 986 2450 1041 mutavit:
2479 1000 2545 1042 ea
2582 986 2765 1042 omnia
2800 989 2904 1044 sub
2931 987 3096 1045 linem
3129 988 3469 1059 pmfationis
3496 990 3613 1044 col-

334 1076 475 1131 lecta
506 1077 831 1146 proposuit:
864 1076 1151 1155 Agat/tiam
1176 1075 1551 1145 interpolatum
1582 1075 1882 1146 inscripsit.

417 1169 626 1225 Bellum
666 1169 914 1235 Butilini,
949 1170 1187 1240 primum
1221 1169 1421 1223 librum
1447 1170 1713 1240 Agathim,
1759 1168 2094 1240 secundique
2120 1169 2359 1234 initium,
2413 1183 2649 1240 magnus
2681 1167 2904 1226 Grotius
2934 1171 3095 1227 vertit
3132 1170 3187 1226 in
3220 1170 3464 1227 Historia
3493 1169 3603 1225 Go-

337 1265 586 1331 thorum,
613 1264 986 1320 Vandalorum
1013 1275 1066 1320 et
1093 1262 1603 1334 Langobardorum,
1636 1265 1935 1320 Amstelod.
1970 1264 2130 1328 1655,
2154 1266 2188 1318 8
2214 1279 2228 1315 :
2253 1278 2373 1318 eam
2401 1266 2710 1321 versionem
2741 1265 2864 1322 loco
2891 1263 3243 1323 Vulcanianaa
3263 1283 3370 1323 non
3392 1269 3613 1339 posuis-

334 1376 424 1424 se,
461 1369 737 1430 quatenus
760 1368 932 1430 patet,
967 1359 1094 1415 licet
1115 1359 1311 1415 deinde
1344 1357 1413 1413 ad
1441 1357 1681 1428 peiorem
1710 1357 2049 1414 redeundum
2080 1357 2293 1425 fuisset,
2338 1358 2481 1413 male
2508 1373 2595 1414 me
2625 1357 2871 1429 paenitet.

413 1456 540 1512 Haec
566 1456 853 1512 hactenus.
888 1456 1029 1511 Nam
1057 1455 1126 1511 de
1151 1453 1480 1525 Anthologia
1511 1452 1761 1525 Agathiae
1797 1454 2090 1520 disserere,
2135 1453 2206 1508 ab
2251 1453 2356 1509 hoc
2400 1455 2521 1510 loco
2557 1454 2804 1524 meisque
2846 1452 3152 1510 rationibus
3194 1454 3431 1510 maxime
3471 1455 3615 1509 foret

335 1552 604 1608 alienum.

1233 1898 1695 1963 TESTIMONIA
1751 1901 1848 1963 ET
1876 1900 2167 1964 JUDICIA
2224 1899 2324 1961 DE
2372 1900 2732 1961 AGATHIA.

650 2078 1041 2136 ΜΙΧΑΗΛΙΟΥ
1074 2078 1611 2134 ΓΡΔΜΜΑΤΙΚΟΥ.

355 2175 441 2235 Ἦ
460 2177 639 2242 πόλις
710 2173 987 2245 Ἀταθιάν
1012 2172 1120 2227 τὸν
1140 2170 1389 2240 ῥήτορα,
1421 2171 1530 2225 τόν
1557 2169 1913 2239 στιχαοιδύν

459 2266 699 2337 Δίζυγος
754 2266 1005 2335 εὐεπίης
1049 2264 1287 2333 ῥυθμὸν
1338 2264 1762 2334 ἀγασσαμένη,

403 2360 504 2425 Ὠς
524 2359 724 2428 μήτηρ
758 2359 1089 2412 ἐτέλεσσεν
1128 2357 1221 2425 ἐφ’
1241 2355 1378 2421 υἱέϊ,
1406 2356 1506 2409 καί
1544 2356 1692 2425 πόρε
1718 2354 1899 2423 τήνδε

425 2454 671 2518 Εἱκόνα,
703 2450 803 2505 καὶ
827 2449 1093 2519 στοργῆς
1110 2448 1386 2520 μάρτυρα
1414 2447 1512 2502 καὶ
1541 2449 1797 2517 σοφίηςο

378 2544 729 2613 Μεμνόνιον
756 2542 826 2595 δὲ
853 2542 1062 2610 τοκῆα,
1083 2541 1455 2611 κασίγνητόν
1482 2558 1546 2594 τε
1569 2540 1693 2594 σὺν
1716 2539 1880 2605 αὐτῷ

499 2638 791 2703 Ἔστησε,
813 2631 1026 2704 γενεῆς
1054 2634 1331 2702 σύμϐολα
1361 2630 1760 2701 σεμνοτάτης.

424 2729 715 2795 Ενλοιιιυε,
741 2726 883 2781 Hist.
918 2727 1046 2783 ecct.
1081 2723 1170 2791 IV,
1206 2724 1296 2787 24,
1336 2741 1399 2778 ex
1423 2725 1516 2778 ed.
1548 2722 1677 2778 Rob.
1708 2721 1890 2792 Steph.
1917 2739 1939 2777 :

339 2821 678 2893 Πέπρακται
722 2818 780 2871 δὲ
834 2817 929 2871 καὶ
981 2816 1145 2886 ἕτερα
1185 2814 1262 2885 τῷ
1290 2815 1483 2885 Ναρσῇ
1540 2814 1700 2882 λόγου
1738 2810 1938 2866 πολλοῦ

341 2910 505 2977 ἄξια,
544 2907 862 2962 Βουσελίνον
885 2906 978 2960 καὶ
1004 2903 1367 2959 Συνδούαλδον
1396 2903 1937 2974 καταπολεμήσαντι,

340 3002 454 3054 καὶ
491 2999 559 3052 τὰ
587 2997 757 3063 πολλᾲ
784 2994 1258 3068 προσκτησαμένῳ
1287 2995 1448 3065 μέχρι
1474 2994 1763 3069 Ὠκεανοῦς
1795 2996 1939 3066 ἅπερ

362 3091 603 3162 Ἀγαθία
632 3090 730 3160 μὲν
757 3089 1066 3161 γέγραπται
1092 3088 1172 3159 τῷ
1199 3088 1409 3160 ῥήτορι,
1433 3084 1589 3139 οὔπω
1614 3085 1671 3140 δὲ
1704 3088 1764 3150 ἐς
1787 3087 1939 3157 ἡμᾶς

346 3187 607 3254 ἀφῖκται.

434 3276 579 3339 lusu,
608 3271 737 3325 ibid.
765 3268 828 3335 ι’,
875 3267 948 3323 24
978 3286 991 3322 :
1023 3264 1105 3320 Τὰ
1127 3264 1361 3338 ἐχόμενα
1388 3264 1446 3319 δὲ
1468 3263 1645 3336 τούτῳ
1673 3263 1773 3336 (τῷ
1797 3264 1940 3335 Προ-

348 3363 559 3433 κοπίῳ)
606 3360 845 3431 ’Δγαθίφ
876 3356 998 3431 (sic)
1030 3355 1109 3427 τῷ
1142 3358 1335 3429 ῥήτορι
1359 3357 1454 3411 καὶ
1484 3356 1709 3428 Ἰωάννῃ
1736 3353 1857 3427 ἐμῷ
1882 3370 1942 3408 τε

349 3455 458 3508 καὶ
494 3451 688 3523 πολίτῃ
711 3451 807 3505 καὶ
852 3452 1110 3519 συγγενεῖ
1147 3447 1271 3502 καθ’
1298 3447 1492 3518 εἱρμὸν
1520 3447 1823 3518 ἱστόρηται,
1850 3446 1946 3516 μὲ-

345 3560 454 3614 χρι
486 3541 590 3612 τῆς
643 3540 886 3611 Χοσρόου
921 3539 1015 3592 τοῦ
1045 3538 1168 3591 νέου
1200 3536 1339 3609 πρὸς
1395 3536 1701 3607 Ῥωμαίους
1741 3534 1943 3606 φυγῆς,

352 3634 460 3687 καὶ
482 3633 581 3703 τῆς
601 3632 684 3695 είς
722 3629 822 3702 τὴν
867 3626 1036 3682 αὑτοῦ
1084 3626 1366 3698 βασιλείαν
1418 3623 1943 3690 ἀποκαταστάσεως,

352 3724 672 3796 Μαυρικίου
713 3751 784 3763 -
832 3719 1235 3789 ὑποδεξαμένου
1290 3747 1363 3761 —-
1410 3715 1726 3788 βασιλικῶς,
1760 3716 1946 3771 καὶ-

358 3817 791 3886 καταγαγόντος,
824 3816 872 3868 εί
901 3814 995 3867 καὶ
1026 3814 1192 3884 μήπω
1216 3809 1404 3882 ἔτυχον
1430 3809 1807 3873 ὲκδεδωκότες.

439 3908 673 3963 Joannes
699 3908 1100 3962 Senonas-nens
1144 3902 1552 3957 EPIPBANIENSIS
1604 3902 1753 3954 initio
1799 3900 1945 3969 frag-

364 4000 536 4053 menti
564 4015 582 4052 :
631 3996 711 4052 Τὰ
740 3997 842 4067 μὲν
891 3996 993 4049 ὅσα
1031 3992 1289 4065 Ῥωμαῖοί
1320 4008 1383 4046 τε
1434 3992 1527 4044 καὶ
1562 3991 1740 4062 Μῆδοι
1782 3989 1946 4043 πολε-

371 4090 605 4162 μοῠντες
637 4088 883 4160 ἀλλήλοις
921 4085 1120 4141 ἔπαθόν
1156 4102 1216 4138 τε
1249 4086 1343 4140 καὶ
1375 4084 1608 4155 ἔδρασαν
1664 4084 1807 4136 κατὰ
1844 4083 1946 4154 τὴν

379 4180 760 4236 Ἰουστινιανοῦ
777 4178 872 4233 τοῦ
898 4178 1190 4249 Ῥωμαίων
1220 4176 1623 4247 αὐτοκράτορος
1646 4173 1946 4246 βασιλείαν,

358 4272 687 4341 γέγραπται
756 4268 985 4339 ’Δγαθίᾳ
1044 4266 1123 4337 τῷ
1165 4266 1474 4337 Μυριναίῳ,
1525 4264 1681 4335 ἀνδρὶ
1730 4266 1841 4329 τοῖς
1887 4266 1947 4318 ἐν

359 4362 648 4432 Βυζαντίῳ
666 4362 890 4431 ῥήτορσι
909 4345 1267 4428 καταλεγέντι
1285 4355 1577 4425 διαφανῶς,
1601 4355 1696 4409 καὶ
1724 4357 1864 4426 μετά
1882 4373 1947 4425 γε

360 4454 675 4524 Προκόπιον
702 4452 796 4504 τὸν
838 4449 1124 4520 Καισαρέα
1164 4452 1232 4503 τὰ
1267 4449 1401 4520 πρὸς
1456 4448 1583 4510 τοὺς
1635 4446 1946 4517 βαρϐάρους

358 4544 688 4616 πραχθέντα
714 4542 1115 4611 ἀναγράψαντα

445 4638 745 4692 Μεκιιωειι
771 4635 1101 4690 Ριιοτεοτοιι
1132 4648 1221 4701 ap.
1268 4630 1495 4687 Suidam
1538 4644 1583 4684 ε.
1629 4644 1683 4684 v.
1732 4631 1945 4683 Μέναν-
1988 4636 1995 4642 ’

354 4734 527 4805 δρος·
585 4728 866 4800 Ὠρμήθην
929 4728 1023 4780 ἐπὶ
1076 4725 1233 4795 τήνδε
1288 4721 1631 4793 συγγραφὴν,
1677 4722 1945 4794 ἄρξασθαι

361 4826 515 4899 μετὰ
545 4822 645 4895 τὴν
670 4820 970 4876 ἁποὸίωσιν
992 4818 1088 4872 τοῦ
1123 4816 1402 4886 Ἀγαθίου,
1441 4816 1537 4870 καὶ
1564 4814 1665 4885 τῆς
1708 4814 1943 4887 ἱστορίας

358 4913 705 4987 ποιήσασθαι
732 4913 834 4984 τὴν
863 4912 1053 4984 ἀρχὴν.

2108 2077 2306 2134 δυιωε
2333 2088 2388 2134 et
2414 2077 2654 2133 Eunoen
2681 2091 2731 2133 ε.
2758 2094 2810 2132 v.
2861 2078 3155 2147 ’Δγαοίαςο
3196 2081 3455 2150 Ἀγαθίας
3494 2101 3618 2156 σχο-

2036 2167 2291 2231 λαστικὸς
2340 2168 2646 2239 Σμυρναῖος
2684 2168 2962 2239 (meliores
3022 2169 3182 2224 codd.
3242 2186 3333 2241 ap.
3393 2172 3615 2228 Sttidant

2036 2259 2361 2331 Μυριναῖος)
2385 2260 2416 2311 ὁ
2442 2258 2663 2329 γράψας
2694 2259 2794 2331 τὴν
2849 2259 2989 2330 μετὰ
3016 2261 3326 2331 Προκόπιον
3375 2264 3617 2333 ίστορίαν

2039 2352 2132 2407 τὸν
2178 2353 2487 2425 Καισαρέα,
2547 2353 2618 2407 τὰ
2679 2354 2820 2408 κατὰ
2863 2354 3203 2427 Βελισάριον,
3261 2356 3357 2410 καὶ
3407 2358 3506 2421 τὰς
3558 2360 3617 2412 ἐν

2051 2444 2254 2516 Ἰταλία
2308 2446 2405 2498 καὶ
2449 2447 2507 2499 ὲν
2540 2445 2717 2519 Λιϐύῃ
2774 2446 3038 2519 πράξεις’
3070 2447 3314 2501 τουτέστι
3350 2450 3419 2502 τὰ
3477 2453 3620 2503 κατὰ

2038 2537 2265 2608 Ναρσῆν
2292 2538 2353 2590 ὲν
2385 2537 2588 2609 Ἰταλίᾳ
2616 2538 2710 2591 καὶ
2750 2538 2819 2592 τὰ
2845 2540 2902 2593 ὲν
2937 2537 3149 2610 Λαζικῇ
3171 2539 3267 2593 καὶ
3314 2538 3616 2611 Βυζαντίῳ.

2041 2624 2209 2693 Οὗτος
2242 2628 2499 2693 συνέταξε
2527 2628 2623 2682 καὶ
2651 2629 2816 2701 ἔτερα
2841 2629 3021 2700 βιϐλία
3044 2629 3297 2702 ἔμμετρά
3322 2649 3383 2684 τε
3405 2631 3499 2685 καὶ
3522 2650 3616 2685 κα-

2038 2720 2367 2791 ταλογάδην,
2391 2722 2459 2775 τά
2486 2737 2547 2774 τε
2574 2721 2887 2792 καλούμενα
2944 2724 3249 2791 Δαφνιακὰ,
3286 2725 3381 2779 καὶ
3404 2724 3493 2778 τὸν
3524 2725 3620 2779 κύ·-

2040 2812 2167 2865 κλον
2189 2812 2298 2865 τῶν
2339 2812 2475 2866 νέων
2522 2812 2983 2884 ἐπιγραμμάτων,
3039 2808 3116 2869 ὧν
3176 2816 3341 2881 αὐτὸς
3392 2818 3621 2888 συνῆξεν

2040 2906 2106 2957 ἐκ
2133 2902 2241 2958 τῶν
2266 2906 2411 2959 κατὰ
2443 2904 2635 2975 καιρὸν
2662 2904 2905 2976 ποιητῶν
2935 2920 2949 2936 ·
2984 2907 3301 2979 συνήκμασε
3330 2909 3388 2963 δὲ
3424 2910 3624 2981 Παύλῳ

2038 2994 2117 3065 τῷ
2134 2994 2484 3067 Σιλεντιαρίῳ
2517 2997 2612 3049 καί
2642 2997 2964 3070 Μακεδονίῳ
2990 2998 3068 3070 τῷ
3110 3001 3324 3073 ὑπάτῳ,
3367 3004 3465 3057 καὶ
3495 3004 3623 3078 Τρι-

2040 3085 2327 3159 σουνιανῷ,
2360 3088 2453 3141 ἐπὶ
2489 3087 2597 3142 τῶν
2638 3088 3016 3145 Ἱουστινιανοῦ
3045 3093 3274 3165 χρόνων.

2114 3220 2389 3279 SCIIOLIUI
2419 3223 2714 3280 Panum
2758 3227 3151 3285 Aurnowcm.
3202 3230 3460 3299 ’Δγαθίου
3500 3248 3624 3303 σχο-

2044 3312 2304 3369 λαστικοῦ
2363 3314 2613 3370 Ἀσιανοῦ
2671 3318 2998 3390 Μυριναίου,
3052 3321 3116 3374 οὐ
3179 3322 3444 3390 στέφανος
3487 3323 3627 3377 ἀλλὰ

2048 3407 2341 3478 συναγωγὴ
2402 3409 2540 3463 νέων
2579 3410 3041 3482 ἐπιγραμμάτων.
3080 3414 3369 3484 Ἢκμασεν
3409 3407 3627 3477 δὀὖτος

2047 3497 2077 3550 ὁ
2115 3497 2373 3565 Ἀγαθίας
2403 3499 2496 3552 ἐπὶ
2532 3499 2915 3555 Ἰουστινιανοῦ
2952 3501 3048 3556 τοῦ
3082 3503 3349 3574 μεγάλου·
3390 3503 3627 3576 ἔγραψεν

2043 3586 2103 3642 δὲ
2128 3587 2223 3642 καὶ
2261 3589 2502 3661 ἱστορίαν
2529 3591 2627 3645 καὶ
2677 3592 2748 3646 τὰ
2792 3593 3244 3665 ἐπονομαζόμενα
3301 3598 3587 3667 Δαφνιακά
3610 3614 3625 3625 ·

2046 3680 2250 3751 ἔγραψε
2273 3679 2332 3734 δὲ
2362 3680 2536 3736 ταῦτα
2571 3683 2975 3756 ἐπιγράμματα
3023 3685 3163 3758 πρὸς
3212 3685 3488 3760 Θεόδωρον
3531 3691 3627 3742 Δε-

2045 3771 2340 3842 κουρίωναςΙ
2966 3798 2973 3805 ·

2116 3909 2252 3965 Gen.
2336 3908 2458 3965 Ion.
2532 3910 2752 3967 Vossius
2801 3912 2875 3967 De
2932 3914 3120 3967 histor.
3184 3913 3385 3971 (ἔνια-δε
3421 3915 3600 3980 η,2.·ὶ.

2046 4000 2275 4057 Multum
2308 4003 2396 4057 illa
2422 4013 2667 4075 tempora
2706 4006 2937 4060 ornabat
2984 4006 3267 4075 Agatltias.
3301 4036 3369 4046 —
3420 4007 3628 4063 Dictio-

2048 4111 2116 4150 ne
2146 4097 2318 4152 utitur
2347 4105 2488 4152 tersa
2512 4107 2565 4152 et
2611 4096 2823 4153 ﬂorida.
2877 4099 3143 4155 Gentilem
3206 4099 3377 4156 fuisse
3432 4111 3627 4172 praeter

2047 4187 2152 4241 alia
2188 4186 2424 4242 ostendit
2448 4185 2577 4242 illud
2613 4188 2799 4258 φασίν,
2838 4205 2948 4260 quo
2975 4190 3115 4245 libro
3142 4206 3202 4245 Ill
3269 4192 3442 4247 utitur
3497 4208 3624 4248 cum

2048 4295 2227 4334 sermo
2265 4280 2325 4334 ﬁt
2361 4281 2426 4339 de
2455 4281 2716 4352 martyrio
2767 4280 2826 4334 Β.
2881 4280 3164 4353 Stephani.

2047 4395 2267 4463 thnon,
2327 4398 2410 4451 tlte
2454 4397 2655 4465 history
2712 4396 2775 4465 of
2804 4396 2889 4451 the
2913 4397 3112 4451 dec.'t'ne
3143 4403 3248 4452 and
3282 4399 3383 4469 fall
3442 4402 3507 4470 of
3544 4402 3629 4456 the

2261 4513 2466 4568 Roman
2490 4515 2682 4583 empire
2712 4528 2732 4567 .°
2764 4528 2814 4567 c.
2848 4510 3032 4579 XLIII,
3068 4528 3197 4567 ann.
3233 4514 3304 4568 Π
3331 4532 3344 4568 :

2128 4649 2227 4705 We
2263 4659 2407 4704 must
2440 4665 2561 4703 now
2587 4647 2885 4718 relinquish
2921 4662 2951 4701 a
3002 4654 3299 4702 statesman
3365 4645 3470 4701 and
3516 4646 3629 4701 sol-

2053 4743 2171 4798 dier
2234 4741 2587 4811 (Procopius
2621 4748 2662 4809 ),
2733 4749 2787 4795 to
2845 4740 3029 4796 attend
3093 4741 3183 4794 the
3228 4736 3491 4810 footsteps
3514 4736 3576 4793 of
3597 4754 3629 4791 a

2050 4844 2180 4908 poet
2197 4835 2302 4891 and
2334 4833 2681 4890 rhetorician.
