4030 6468
1228 467 1513 564 ΒΟΝ.
1577 475 2156 565 VULCANII
2232 477 2865 571 EPISTOLA.

1519 858 1869 900 ILLUSTRIBUS
1897 861 2341 910 ,ωιιιιεεηιιερυε
2379 866 2427 902 Vl
2439 866 2541 912 MS,

1912 1017 2198 1057 ORDINIBUS

1286 1181 1606 1226 IOLLANDIE
1637 1182 1706 1221 ΕΤ
1737 1181 2108 1232 ΝΕΒἸἚΜΞΙᾹΕ,
2135 1183 2353 1223 DOﬂlNIS
2386 1181 2812 1223 Ροτεκτιεειιιε.

481 1491 617 1546 Cum
655 1490 821 1545 varia:
854 1489 967 1546 sint
1007 1500 1152 1545 artes
1189 1505 1254 1546 ac
1294 1490 1554 1556 scientiae,
1593 1493 1837 1546 societati
1877 1491 2091 1564 generis
2131 1491 2356 1546 humani
2390 1491 2769 1547 eonducibiles
2808 1506 2872 1546 ae
2895 1491 3237 1558 necessariae,
3291 1493 3530 1551 illustres
3579 1511 3695 1557 am-

405 1584 756 1654 plissimique
781 1583 902 1646 viri,
934 1583 1226 1637 maximam
1261 1584 1503 1654 profecto
1525 1585 1735 1639 laudem
1781 1594 2060 1640 merentur
2088 1586 2125 1640 ii
2153 1585 2247 1656 qui
2272 1585 2340 1640 ad
2363 1601 2458 1641 eas
2497 1585 2890 1655 pcrdisccndas
2919 1595 2974 1641 et
3002 1585 3069 1640 ad
3092 1585 3371 1654 publicam
3407 1589 3693 1644 utilitatem

405 1678 907 1734 accommodandas
941 1693 1105 1732 omne
1149 1693 1310 1732 suum
1352 1678 1594 1733 studium
1646 1688 1811 1748 atque
1845 1694 2069 1747 operam
2121 1677 2437 1733 conferunt.
2485 1677 2742 1732 Proxima
2789 1687 2873 1732 est
2899 1692 3090 1734 eorum
3115 1677 3237 1735 laus
3281 1695 3515 1749 quorum
3542 1681 3696 1736 labor

404 1770 590 1824 omnis
620 1777 787 1840 atque
840 1768 1111 1823 industria
1144 1777 1396 1823 versatur
1439 1768 1491 1822 in
1527 1769 1730 1838 linguis
1776 1769 2210 1839 auctoribusque
2249 1767 2452 1836 quibus
2486 1766 2593 1821 illae
2638 1767 2771 1836 ipsae
2798 1779 2942 1822 artes
2983 1777 3113 1823 sunt
3157 1775 3401 1824 tractata:
3428 1771 3697 1840 nobisque

407 1864 966 1945 traditmexcolendis
997 1874 1162 1934 atque
1185 1865 1547 1930 illustrandis,
1579 1866 1782 1936 quique
1810 1865 1894 1919 vel
1922 1874 2132 1920 veteres
2163 1864 2464 1934 scriptores
2493 1861 2715 1918 Grzecos
2745 1877 2777 1918 e
2805 1864 2912 1918 situ
2937 1870 2992 1916 et
3039 1862 3300 1933 squalore
3326 1872 3528 1918 eruunt
3554 1874 3609 1919 et
3639 1866 3699 1921 in

405 1956 586 2010 lucem
617 1953 924 2024 proferunt,
969 1953 1053 2007 vel
1078 1951 1193 2022 jam
1224 1961 1383 2006 antea
1423 1953 1621 2018 editos,
1667 1953 1760 2007 sed
1795 1951 1934 2007 male
1972 1952 2040 2007 ab
2075 1952 2309 2007 indoctis
2341 1950 2736 2020 interpretibus
2772 1950 3011 2014 habitos,
3039 1952 3334 2023 reiingunt,
3374 1963 3429 2006 et
3459 1954 3699 2023 pristino

408 2063 622 2118 suoque
660 2045 820 2100 nitori
852 2044 1257 2114 integritatique
1284 2045 1594 2100 restituunt.
1624 2044 1780 2110 Quod
1813 2044 2034 2113 quidem
2070 2043 2312 2098 studium
2352 2042 2568 2098 tametsi
2597 2042 2666 2096 ob
2694 2041 2946 2112 exiguam
2976 2059 3098 2113 quae
3126 2043 3260 2098 inde
3289 2042 3513 2114 all'ulget
3551 2045 3688 2101 lucri

410 2153 564 2205 spem
589 2150 885 2207 perpaucos
918 2135 1077 2190 hodie
1107 2135 1269 2190 habet
1296 2144 1595 2191 sectatores
1629 2135 1899 2205 (plerique
1931 2136 2079 2190 enim
2110 2149 2204 2190 eas
2234 2142 2380 2190 artes
2411 2141 2721 2204 sequuntur
2746 2149 2776 2187 e
2807 2133 3011 2202 quibus
3045 2133 3222 2190 facilis
3249 2143 3334 2190 est
3372 2135 3440 2190 ad
3477 2151 3609 2206 opes
3637 2143 3693 2191 et

411 2231 650 2285 honores
683 2229 918 2303 cursus),
958 2231 1090 2284 mihi
1127 2240 1330 2297 tamen,
1363 2232 1453 2301 qui
1485 2231 1794 2287 studiorum
1835 2232 2154 2302 dignitatem
2187 2247 2297 2286 non
2327 2231 2542 2300 privato
2575 2239 2811 2300 quaestu,
2850 2230 2945 2286 sed
2976 2231 3194 2300 publica
3235 2231 3471 2287 utilitate
3503 2233 3684 2287 metiri

404 2323 584 2385 soleo,
617 2322 843 2378 miriﬁce
865 2339 1082 2392 semper
1116 2324 1341 2393 placuit.
1375 2325 1670 2380 Utilitatem
1710 2341 1837 2379 vero
1852 2340 2024 2394 quam
2060 2326 2166 2381 hoc
2203 2325 2369 2382 studii
2409 2340 2583 2392 genus
2611 2339 2794 2379 secum
2826 2324 2992 2379 trahit
3021 2323 3180 2395 longe
3213 2325 3508 2379 maximam
3539 2325 3690 2395 quis,

399 2411 660 2477 obsecro,
693 2421 777 2467 est
804 2398 950 2467 adeo'
984 2414 1137 2470 rudis
1167 2423 1227 2468 ut
1254 2415 1306 2467 in
1347 2415 1575 2470 dubium
1609 2417 1805 2470 vocet?
1831 2416 1887 2469 Si
1916 2417 2064 2470 enim
2101 2418 2203 2471 hoc
2235 2417 2288 2470 in
2323 2415 2581 2471 confesso
2605 2426 2689 2470 est
2720 2431 2786 2470 ex
2825 2424 3070 2470 veterum
3102 2414 3419 2471 Grmcorum
3455 2415 3695 2470 fontibus

397 2509 710 2562 doctrinam
747 2524 966 2565 omnem
1015 2526 1137 2566 esse
1171 2511 1568 2581 hauriendam;
1604 2514 1728 2583 quis
1767 2529 1872 2567 non
1904 2514 2053 2568 videt
2097 2513 2290 2584 quanti
2341 2513 2555 2568 intersit
2595 2521 2655 2567 ut
2688 2513 2762 2566 illi
2800 2511 2903 2581 ipsi
2933 2511 3112 2568 fontes
3147 2511 3270 2583 puri
3299 2520 3463 2581 atque
3496 2510 3694 2565 illimes

396 2602 838 2656 conserventur?
867 2601 1213 2672 Quantopere
1254 2620 1383 2659 vero
1413 2621 1508 2661 eos
1530 2606 1919 2662 contaminarit
1940 2617 2105 2676 atque
2130 2605 2385 2676 polluerit
2412 2619 2601 2661 crassa
2631 2605 3021 2660 nonnullorum
3055 2603 3414 2674 interpretum
3451 2603 3696 2662 inscitia,

396 2705 568 2745 nemo
608 2702 693 2746 est
724 2693 887 2747 etiam
921 2693 1064 2748 inl’ra
1119 2694 1554 2750 mediocritatem
1606 2695 1801 2750 doctus
1829 2697 1922 2766 qui
1963 2697 2212 2762 nesciat;
2245 2697 2500 2767 sensique
2531 2697 2646 2766 ipse
2675 2712 2798 2752 cum
2839 2697 2895 2751 in
2943 2696 3064 2752 aliis
3106 2696 3294 2752 multis
3340 2695 3686 2766 auctoribus,

405 2788 530 2836 tum
563 2798 690 2838 vero
719 2785 992 2855 praecipue
1020 2787 1073 2839 in
1111 2785 1298 2858 Cyrilli
1330 2788 1685 2843 Alexandrini
1711 2787 2016 2853 Thesauro,
2039 2798 2093 2844 et
2123 2789 2322 2844 divinis
2346 2789 2454 2843 illis
2483 2789 2550 2842 de
2576 2787 2846 2844 Trinitate
2880 2788 3060 2856 libris,
3091 2788 3145 2842 in
3173 2788 3373 2858 quibus
3406 2786 3544 2840 nihil
3579 2785 3695 2839 fere

333 2919 337 2923 .
395 2887 645 2942 agnosco
679 2875 865 2949 Cyrilli
893 2889 1086 2948 praeter
1114 2881 1318 2935 nudum
1346 2882 1491 2936 illius
1522 2897 1744 2936 nomen.
1775 2882 1928 2938 Hanc
1950 2883 2134 2954 itaque
2160 2883 2438 2953 Spartam,
2465 2891 2526 2938 ut
2556 2883 2630 2938 ita
2658 2883 2862 2949 dicam,
2895 2882 3247 2954 linguarium,
3270 2882 3377 2936 hoc
3408 2887 3493 2937 est
3524 2877 3696 2934 inter-

396 2972 654 3039 pretandi
678 2973 898 3031 Grarcos
925 2986 1176 3033 auctores
1205 2987 1259 3032 et
1286 2978 1340 3032 in
1374 2976 1624 3034 Latinam
1648 2980 1890 3051 linguam
1917 2980 2268 3036 convertendi
2302 2981 2592 3046 rationem,
2618 2980 2785 3035 veluti
2808 2981 2970 3052 genio
2999 2989 3315 3050 naturaeque
3335 2993 3470 3033 meas
3493 2989 3696 3033 conve-

397 3063 736 3119 nientiorem
768 3068 938 3121 semel
971 3069 1279 3138 amplexus,
1315 3070 1441 3125 dedi
1461 3085 1683 3142 operam
1720 3072 1986 3129 hactenus
2021 3082 2080 3128 ut
2108 3088 2206 3144 pro
2240 3073 2382 3127 virili
2414 3087 2706 3142 ornarem;
2739 3081 2794 3128 et
2827 3071 3048 3141 quidem
3094 3089 3198 3127 non
3233 3087 3405 3142 pauca
3443 3080 3692 3125 veterum

399 3167 707 3213 auctorum
748 3160 1076 3232 theologica,
1116 3165 1520 3236 philosophica,
1555 3166 1813 3222 historica
1837 3169 2161 3238 poeticaque
2186 3169 2388 3239 scripta
2415 3170 2611 3239 partim
2642 3177 2801 3223 antea
2835 3184 2942 3222 non
2977 3169 3121 3222 edita
3155 3167 3347 3222 Latine
3379 3165 3538 3233 verti,
3563 3180 3696 3236 par—

403 3248 504 3302 tim
537 3249 682 3304 edita
731 3251 974 3320 quidem,
1011 3254 1106 3309 sed
1152 3255 1226 3309 ita
1260 3267 1320 3310 ut.
1354 3257 1664 3322 ἀνεκδότοις
1697 3257 1981 3326 ἐναλίγκια

2100 3260 2225 3314 :rito
2265 3259 2480 3314 censeri
2525 3269 2772 3330 possent,
2808 3274 2946 3314 nova
2992 3259 3440 3330 interpretatione
3470 3255 3691 3318 donavi.

399 3356 515 3395 non
542 3342 746 3411 exiguo
775 3343 854 3397 uti
882 3359 1043 3414 spero
1064 3346 1143 3402 rei
1175 3346 1453 3404 litterariae
1481 3350 1647 3406 bono.
1685 3349 1926 3406 Tametsi
1957 3367 2025 3405 ex
2061 3351 2129 3406 iis
2160 3352 2431 3422 quaedam,
2465 3352 2652 3407 nescio
2677 3366 2789 3422 quo
2820 3352 2964 3406 malo
2992 3350 3128 3416 lato,
3169 3365 3369 3418 magno
3398 3358 3546 3405 certe
3571 3363 3695 3404 meo

398 3449 529 3488 cum
559 3434 770 3503 dolore,
801 3455 979 3510 neque
1009 3442 1221 3497 minore
1253 3459 1380 3500 cum
1431 3445 1782 3501 incommodo
1821 3446 2061 3516 publico,
2097 3463 2422 3515 smnmoque
2451 3449 2750 3502 multorum
2781 3449 3232 3504 doctissimorum
3260 3448 3507 3502 virorum
3547 3444 3695 3500 desi-

399 3527 580 3594 derio,
631 3537 780 3585 totos
801 3530 914 3601 jam
960 3536 1272 3603 quindecim
1314 3551 1491 3593 annos
1533 3538 1678 3608 apud
1727 3540 2128 3610 typOgraphum
2188 3539 2278 3594 cui
2311 3553 2376 3594 ea
2421 3539 2742 3594 excudenda
2791 3539 3048 3594 dederam
3089 3540 3314 3593 haerent.
3361 3535 3518 3593 Nunc
3563 3551 3700 3591 vero

402 3621 694 3692 Agathiam
753 3625 1072 3682 historicum
1110 3630 1377 3700 optimum
1415 3633 1508 3702 qui
1554 3631 1850 3688 Justiniaui
1903 3633 2250 3704 imperatoris
2282 3648 2368 3688 res
2414 3640 2595 3703 gestas
2635 3615 3131 3702 post-Procopium
3163 3631 3557 3687 Caesariensem
3603 3637 3695 3683 est

402 3725 751 3784 persecutus,
777 3716 964 3774 Graece
995 3729 1124 3774 ante
1156 3723 1256 3776 hac
1287 3740 1567 3794 nunquam
1595 3725 1738 3796 typis
1767 3725 1996 3792 editum,
2028 3727 2082 3780 in
2114 3725 2290 3780 lucem
2323 3724 2554 3792 emitto;
2593 3723 2902 3795 Agathiam,
2933 3724 3182 3794 inquam,
3212 3724 3388 3778 virum
3421 3735 3534 3777 sua:
3563 3727 3694 3772 aeta“

405 3807 478 3861 tis
509 3809 916 3876 doctissimum,
951 3814 1156 3883 quique
1209 3832 1353 3871 unus
1379 3817 1527 3872 illam
1566 3818 1762 3888 δίζυγα
1795 3818 2042 3888 εὐεπίην,
2074 3819 2180 3872 hoc
2212 3829 2296 3873 est
2329 3818 2579 3886 poeticen
2632 3832 2758 3872 cum
2815 3817 3076 3883 oratoria,
3125 3818 3201 3871 ita
3263 3813 3571 3886 conjunxit,
3635 3822 3694 3864 ut

407 3900 634 3955 dubium
662 3903 734 3958 sit
767 3903 820 3958 in
858 3914 976 3960 utra
1009 3909 1183 3979 magis
1214 3909 1570 3978 excelluerit;
1604 3911 1659 3964 in
1700 3919 1932 3979 utraque
1969 3918 2117 3964 certe
2151 3924 2262 3963 non
2308 3910 2530 3965 dubiam
2559 3909 2627 3965 de
2669 3909 2927 3964 omnibus
2957 3908 3044 3964 sui
3079 3909 3179 3962 aevi
3209 3906 3572 3976 scriptoribus
3603 3904 3688 3957 vi-

408 3997 639 4051 ctoriam
673 4003 984 4070 reportavit.
1024 4004 1066 4058 E
1105 4005 1265 4074 cujus
1319 4005 1562 4060 editione
1592 4007 1888 4076 plurimum
1931 4015 1985 4060 et
2031 4004 2286 4060 Historiae
2328 4014 2384 4059 et
2431 4004 2634 4060 Graecae
2679 4006 2878 4075 linguae
2907 4003 3228 4059 incrementi
3272 4000 3693 4069 ornamentique

409 4097 496 4142 est
524 4103 890 4149 accessurum.
923 4094 1060 4148 Cum
1093 4095 1239 4149 enim
1281 4095 1431 4149 varia
1462 4096 1893 4166 gravissimaque
1919 4095 2056 4150 bella
2084 4095 2348 4150 adversus
2394 4094 2850 4164 populosissimas
2882 4093 3402 4164 potentissimasque
3424 4091 3691 4147 nationes.

407 4177 651 4238 Francos
697 4186 928 4251 scilicet,
957 4185 1210 4255 Gotthos,
1238 4186 1534 4255 Vandalos,
1563 4186 1790 4242 Hunnus
1816 4198 1871 4243 et
1894 4186 2094 4243 Persas
2120 4195 2272 4258 gesta
2301 4186 2608 4246 describat:
2641 4195 2756 4240 tum
2779 4201 2910 4241 vero
2938 4184 3005 4240 de
3030 4199 3226 4241 eorum
3249 4183 3496 4239 moribus
3527 4192 3692 4252 atque

405 4273 694 4344 institutis,
728 4294 794 4333 ac
829 4279 1104 4350 praecipue
1139 4280 1206 4334 de
1237 4279 1586 4336 Persicorum
1621 4295 1811 4350 regum
1851 4279 2163 4349 genealogia
2197 4294 2260 4333 ac
2304 4277 2513 4348 politia,
2552 4278 2722 4332 multa
2755 4285 3149 4334 commemorat
3187 4275 3326 4331 scitu
3369 4275 3690 4345 dignissima

403 4383 530 4436 qua:
569 4370 709 4438 apud
735 4370 872 4425 alios
897 4374 1193 4441 scriptores
1221 4388 1491 4441 nusquam
1518 4372 1884 4440 reperiantur.
1927 4368 2113 4441 Stylus
2138 4370 2254 4439 ipse
2288 4370 2450 4440 plane
2484 4382 2568 4426 est
2595 4369 2826 4426 ﬂoridus
2853 4381 3017 4442 atque
3051 4385 3328 4433 amoenus,
3353 4367 3540 4422 multis
3566 4381 3694 4421 sen-

407 4460 702 4515 tentiarum
745 4463 1044 4519 luminibus
1075 4465 1403 4520 illustratus.
1443 4463 1636 4519 Verbis
1675 4477 1805 4516 vero
1836 4463 2006 4516 utitur
2034 4463 2436 4527 selectissimis,
2460 4471 2516 4516 et
2548 4461 2864 4532 frequenter
2893 4477 2924 4516 a
2963 4463 3244 4516 communi
3288 4475 3389 4514 usu
3421 4473 3485 4514 ac
3515 4458 3692 4528 signi-

406 4550 666 4606 ﬁcatione
703 4555 969 4622 remotis;
1004 4556 1140 4611 adeo
1172 4563 1232 4609 ut
1267 4555 1466 4610 Suidas
1490 4556 1722 4626 diligens
1753 4553 2186 4626 glossographus
2217 4553 2560 4622 potissimam
2587 4550 2774 4607 Lexici
2802 4552 2886 4607 sui
2923 4561 3130 4621 partem
3170 4566 3236 4607 ex
3269 4551 3432 4620 hujus
3471 4549 3694 4619 scriptis

406 4644 771 4702 concinnarit.
798 4647 957 4703 Hunc
1001 4649 1187 4719 itaque
1209 4649 1494 4719 Agathiam
1529 4650 1853 4718 scriptorem
1891 4645 2411 4710 luculentissimum,
2445 4661 2606 4715 quem
2649 4645 2778 4699 olim
2809 4643 3054 4700 Persona
3095 4644 3169 4698 ita
3218 4645 3478 4698 lutularat
3509 4657 3573 4696 ac
3597 4641 3690 4696 de-

408 4736 692 4806 formarat,
733 4748 793 4794 ut
837 4740 1151 4811 quicunque
1196 4756 1320 4794 eum
1363 4742 1652 4811 attingeret
1692 4740 1889 4794 merito
1941 4737 2546 4807 exclamaretulquam
2586 4737 2870 4799 manibus;
2909 4737 3270 4809 εὐπρόσωπον
3323 4738 3693 4807 nitidioreque

410 4827 599 4884 habitu
633 4845 663 4884 a
696 4846 782 4886 me
815 4831 1075 4885 donatum
1108 4831 1301 4896 vobis,
1341 4832 1583 4886 illustres
1607 4830 2045 4901 amplissimique
2068 4828 2194 4893 viri,
2226 4829 2424 4883 merito
2458 4828 2868 4883 inscribendum
2900 4829 3307 4898 dicandumque
3336 4829 3647 4884 existimavi
3673 4847 3687 4859 ο

408 4919 668 4987 primum,
707 4920 852 4990 quod
882 4935 947 4974 ex
976 4928 1156 4974 vestra
1181 4920 1462 4974 academia
1493 4920 1546 4974 in
1584 4920 1763 4974 lucem
1801 4919 2069 4990 prodeat;
2101 4919 2156 4972 in
2186 4932 2294 4988 qua
2322 4933 2446 4974 cum
2475 4917 2587 4985 jam
2622 4919 2884 4973 tredecim
2917 4919 3137 4974 circiter
3168 4933 3345 4975 annos
3373 4929 3558 4974 vestro
3597 4920 3694 4975 be-

407 5010 606 5066 neﬁcio
647 5011 1040 5067 honestissimo
1077 5014 1180 5069 hoc
1224 5013 1340 5067 otio
1381 5013 1652 5068 litterario
1682 5013 1856 5077 fruar,
1891 5013 2239 5069 vehementer
2266 5028 2354 5067 me
2404 5012 2737 5068 ollicio'meo
2770 5011 3090 5068 defuturum
3123 5014 3328 5083 putavi,
3354 5014 3458 5067 nisi
3501 5013 3690 5068 darem

409 5119 632 5173 operam
662 5113 980 5161 utexstaret
1015 5105 1290 5175 publicum
1320 5105 1541 5177 aliquod
1577 5107 1874 5175 singularis
1901 5121 2040 5161 mete
2053 5121 2181 5177 erga
2207 5120 2307 5161 vos
2335 5106 2696 5161 observantiae
2724 5107 2977 5177 gratique
3005 5107 3174 5160 animi
3216 5116 3636 5161 munumentum
3667 5125 3685 5163 :

409 5198 628 5264 deinde,
667 5200 814 5266 quod
841 5213 948 5253 non
1002 5199 1284 5269 indignum
1319 5199 1474 5254 vobis
1505 5199 1607 5254 hoc
1655 5201 2043 5254 munusculum
2086 5199 2408 5253 litterarium
2442 5198 2766 5265 indicarem,
2798 5214 2922 5253 cum
2955 5198 3026 5252 ob
3049 5206 3332 5253 auctorem
3377 5199 3559 5268 ipsum
3591 5201 3679 5270 qui

414 5293 557 5362 apud
581 5293 774 5348 doctos
800 5308 992 5348 omnes
1018 5309 1236 5348 summo
1266 5308 1483 5362 semper
1525 5292 1628 5347 fuit
1657 5293 1710 5346 in
1743 5293 1915 5363 pretio
1938 5333 1951 5357 ,
1981 5303 2094 5347 tum
2120 5307 2254 5347 vero
2279 5293 2460 5362 magni
2489 5292 2632 5351 illius
2662 5291 3009 5362 imperatoris
3046 5291 3206 5361 cujus
3238 5291 3522 5346 historiam
3550 5293 3686 5348 serio

415 5387 493 5440 bit
524 5387 776 5454 nomine;
801 5387 853 5440 in
879 5401 984 5456 qua
1008 5387 1228 5456 quidem
1265 5387 1491 5440 historia
1514 5385 1689 5440 multa
1720 5389 2144 5440 conscrthuntur
2176 5386 2455 5453 sapienter
2490 5385 2559 5438 ab
2585 5384 2678 5442 illo
2708 5385 3114 5454 prudenterque
3143 5384 3468 5455 excogitata,
3492 5382 3728 5444 felicis-,

414 5483 660 5555 simeque
678 5484 954 5556 perfecta;
985 5498 1015 5539 e
1035 5484 1237 5554 quibus
1257 5483 1542 5548 nonnulla,
1567 5482 1643 5538 uti
1671 5497 1851 5552 spero,
1882 5483 1932 5536 in
1965 5498 2096 5536 usus
2123 5493 2335 5537 veSIros
2375 5489 2694 5536 convertere
2727 5479 2971 5550 poteritis
2997 5479 3062 5534 ad
3089 5477 3528 5534 ﬂorentissimam
3548 5495 3695 5535 rem-

415 5576 692 5643 publicam
718 5585 957 5632 vestram
990 5575 1370 5631 stahiliendam
1412 5584 1466 5630 et.
1499 5576 1738 5631 nominis
1763 5575 1932 5632 vestri
1963 5575 2356 5639 celebritatem,
2401 5587 2525 5643 quae
2548 5589 2732 5629 rerum
2782 5588 2881 5643 pro
2910 5574 3158 5628 libertate
3183 5573 3380 5628 tuenda
3419 5581 3695 5644 gestarum

414 5670 790 5738 magnitudine
825 5669 990 5738 longe
1020 5669 1235 5738 lateque
1268 5675 1353 5722 est
1393 5675 1710 5738 prOpagata,
1750 5667 1933 5738 magis
1964 5667 2249 5739 magisque
2282 5666 2610 5737 augendam.
2655 5665 2786 5720 Mihi
2819 5666 3020 5721 interea
3043 5665 3180 5720 nihil
3206 5665 3414 5736 gratius
3450 5666 3698 5722 accidere

416 5763 643 5838 poterit,
674 5779 838 5834 quam
873 5761 916 5819 si
952 5761 1249 5830 intelligam
1283 5760 1522 5817 studium
1551 5760 1653 5815 hoc
1693 5772 1875 5816 meum
1905 5759 2082 5829 vobis,
2133 5759 2374 5816 illustres
2409 5757 2843 5829 amplissimique
2872 5759 2996 5823 viri,
3029 5756 3286 5827 probari;
3323 5773 3695 5829 magnumque
