4030 6468
486 331 625 393 12Ἱῖ

1676 325 2035 388 ΑΘΑΤΗΙίΕ
2078 325 2566 388 SCHOLASTICI

3636 327 3790 389 1527!;

474 449 754 511 eruditus,
814 449 1067 515 idemque
1125 447 1303 517 gentis
1357 444 1668 500 Florioruin
1741 444 2064 515 praeclarum

2180 439 2269 510 λης
2296 441 2565 509 ὡφελείας
2594 444 2797 513 σφόδρα
2827 442 2878 494 οἱ
2908 441 3322 512 ἐπεφρόντιστο)
3344 441 3447 493 οὐκ
3477 442 3626 493 ἀνίει
3670 442 3789 491 ἐττ-

479 551 883 594 ornamentum.
942 540 1000 609 8
1082 536 1181 594 llic
1231 538 1416 608 itaque
1478 536 1562 597 vir
1606 534 1732 591 cum
1786 550 1876 591 res
1918 550 2068 589 meas

482 629 713 684 maximi
772 628 998 691 faceret,
1055 638 1106 683 et
1138 630 1205 683 de
1231 628 1402 700 gloria
1436 627 1779 697 utilitateque
1824 641 1943 680 mea
1976 641 2067 680 ve-

486 720 768 773 hementer
832 729 979 773 esset
1030 720 1321 785 sollicitus,
1391 734 1669 789 nunquam
1730 716 1939 774 destitit
1982 731 2070 772 me

484 827 696 882 urgere,
761 812 1045 881 bonasque
1105 826 1232 882 spes
1289 811 1424 865 mihi
1482 812 1553 865 ob
1614 811 1808 865 oculos
1842 824 2068 879 ponere,

482 917 755 967 asserens,
789 917 896 955 non
927 903 1000 955 ita
1032 901 1262 956 arduum
1308 900 1662 971 perfectoque
1689 899 1905 955 diilicile
1932 913 2071 969 opus

478 995 692 1048 censeri
732 993 950 1058 debere,
982 1009 1157 1063 neque
1190 994 1321 1063 quia
1354 994 1678 1048 intentatum
1712 992 2071 1061 iusoleusque

476 1097 586 1149 ρει,
634 1086 807 1141 instar
859 1086 1224 1157 navigationis
1301 1087 1601 1156 inexperto
1643 1086 1836 1151 maris,
1908 1087 2073 1155 perti-

485 1176 884 1241 mescendum;
941 1176 1051 1230 imo
1087 1192 1215 1230 vero
1269 1175 1341 1230 ita
1395 1176 1745 1231 statuendum
1793 1191 1937 1237 esse,
1991 1174 2074 1228 hi-

485 1267 710 1320 storiam
740 1282 771 1321 a
799 1268 1007 1335 poetica
1035 1282 1143 1321 non
1173 1267 1405 1322 multum
1433 1268 1656 1330 distare,
1697 1268 1790 1324 sed
1821 1267 1937 1321 haec
1964 1267 2073 1321 duo

484 1360 700 1429 gemina
792 1358 1083 1429 aliiniaque
1151 1375 1293 1426 esse,
1377 1360 1608 1429 soloque
1675 1359 2071 1429 propemodum

488 1451 745 1521 rhythmo
768 1452 909 1505 inter
939 1466 1062 1506 sese
1099 1451 1432 1522 discrepare.
1468 1451 1621 1507 Bono
1648 1453 1837 1522 itaque
1865 1451 2073 1514 animo,

490 1543 1010 1612 tanquamepatria
1037 1543 1090 1597 in
1115 1546 1346 1613 patriam
1416 1545 1763 1614 migrantem,
1826 1542 2076 1598 incedere

482 1631 857 1702 omnibusque
909 1632 1117 1688 viribus
1178 1634 1332 1703 operi
1382 1633 1591 1688 instare
1633 1631 1877 1703 jnbehat.
1922 1630 2075 1688 Talia

489 1722 671 1791 itaque
727 1722 860 1776 mihi
884 1724 1106 1779 assidue
1155 1724 1437 1791 occinens,
1499 1724 1757 1779 libentem
1798 1724 1963 1778 etiam
1990 1739 2076 1776 me.

429 1846 445 1857 -
489 1813 761 1883 facileque
814 1815 1100 1871 delinitum
1169 1815 1223 1871 in
1280 1831 1436 1872 suam
1461 1817 1784 1871 sententiam
1824 1816 2068 1872 adduxit.

488 1904 708 1960 Contuli
769 1906 952 1977 itaque
1010 1922 1099 1963 me
1127 1908 1193 1963 ad
1226 1907 1571 1965 scribendam
1610 1908 1917 1973 historiam,
1954 1922 2070 1978 spe,

487 1996 712 2065 dignum
772 1996 979 2067 aliquid
1028 1999 1134 2055 hoc
1187 1999 1451 2068 praeclaro
1505 1998 1688 2055 studio
1712 1999 1799 2054 ins
1827 1997 2075 2068 itutoque

490 2086 784 2155 praestandi
830 2097 885 2143 et
949 2088 1016 2144 ad
1076 2089 1508 2160 magnitudinem
1557 2105 1738 2145 rerum
1785 2098 2073 2167 gestarum

488 2196 653 2249 quam
702 2182 950 2250 proxime
997 2183 1311 2238 accedendi.
1360 2181 1642 2253 Superest,
1705 2192 1765 2238 ut
1824 2183 1952 2254 quis
2019 2190 2077 2237 ct

486 2269 643 2339 eujas
666 2271 791 2338 sim,
831 2287 897 2327 ex
922 2287 1071 2327 more
1099 2287 1294 2328 eorum
1323 2273 1421 2345 qui
1448 2273 1734 2329 historiam
1791 2275 2062 2341 scribunt,

486 2361 780 2416 declarcm.
835 2360 1046 2419 Nomen
1104 2364 1289 2435 itaque
1348 2364 1483 2420 mihi
1533 2364 1820 2436 Agathias,
1861 2363 2073 2436 Myrina

488 2453 705 2523 patria;
770 2454 1116 2514 Memnonios
1167 2466 1367 2527 pater;
1419 2472 1515 2513 ars
1534 2472 1663 2513 vero
1700 2459 2075 2512 ltomanorum

488 2546 734 2602 instituta
764 2563 829 2604 ac
871 2549 1019 2621 leges
1049 2558 1104 2605 et
1147 2549 1253 2605 t‘ori
1304 2550 1629 2606 certamina.
1672 2548 1937 2621 Myrinam
1976 2564 2079 2604 au-

488 2651 598 2696 tem
646 2641 790 2709 dico,
841 2657 949 2698 non
991 2643 1141 2698 illam
1174 2643 1470 2698 Thraciam
1495 2642 1707 2709 urbem,
1744 2656 1923 2711 neque
1950 2639 2008 2711 9
2031 2640 2077 2695 si

482 2751 595 2803 qua
645 2735 754 2790 alia
805 2751 901 2806 per
950 2736 1228 2808 Europam
1283 2746 1380 2792 aut
1420 2735 1660 2791 Africam
1714 2735 1821 2791 hoc
1855 2734 2080 2789 nomine

486 2835 755 2893 vocatur;
811 2828 906 2883 sed
959 2843 1082 2898 quae
1137 2836 1223 2884 est
1276 2828 1331 2883 in
1379 2827 1531 2893 Asia,
1568 2838 1813 2884 veterum
1850 2827 2078 2884 Αἰθιοπι-

484 2918 632 2973 sium
676 2919 912 2988 colonia,
970 2921 1036 2976 ad
1095 2921 1239 2975 ostia
1267 2919 1480 2993 Pythici
1527 2920 1771 2977 ﬂuminis
1803 2921 1946 2989 sita;
1985 2921 2076 2993 qui

482 3012 703 3082 quidem
747 3012 948 3068 ﬂuvius
981 3028 1047 3067 ex
1079 3012 1250 3085 Lydia
1285 3014 1510 3084 regione
1542 3014 1735 3079 ﬂuens,
1797 3015 1850 3068 in
1900 3028 2079 3069 enro-

2173 532 2340 598 είγων
2374 532 2468 586 καὶ
2515 533 2764 603 χρηστὰς
2818 532 3103 602 ἐμφαίνων
3134 531 3233 595 τὰς
3276 530 3500 593 ἐλπίδας
3524 531 3592 583 ³¹.
3649 531 3791 581 Δεῖν

2167 625 2278 694 γὰρ
2324 625 2427 676 οὐκ
2469 622 2712 692 ἔφασκεν
2764 624 2909 678 οὕτω
2951 622 3190 694 χαλεπὸν
3239 622 3497 693 ἡγεῖσθαί
3542 638 3639 688 μοι
3678 622 3791 675 καὶ

2169 715 2434 783 ἀνήνυτον
2456 715 2501 746 ⁸³
2541 713 2603 768 τὸ
2640 715 2973 786 ἐγχείρημα,
3003 715 3126 767 οὐδὲ
3163 714 3242 785 τῷ
3282 715 3451 785 μήπω
3476 715 3536 776 ἐς
3566 714 3792 781 πεῖραν

2171 807 2368 871 ἐλθεῖν,
2420 807 2612 878 ὥσπερ
2658 808 2938 861 ναυτιλίαν
2980 796 3032 860 οἱ
3075 807 3479 871 ἁθαλάττωτοι,
3519 821 3793 858 καταπε-

2174 895 2414 966 πλῆχθαι
2437 896 2484 931 ³³
2509 914 2523 928 ’
2557 897 2766 951 οἴεσθαι
2801 898 2857 952 δὲ
2884 899 2931 931 ³⁵
2978 897 3180 968 μᾶλλον
3205 898 3266 951 οὺ
3293 898 3482 970 πόρρω
3507 895 3795 966 τετάχθαι

2176 989 2416 1059 ἱστορίαν
2454 992 2779 1060 ποιητικῆς,
2813 990 2954 1043 ἀλλὰ
3003 990 3173 1061 ἄμφω
3210 988 3387 1043 ταῦτα
3430 987 3569 1043 εἶναι
3614 990 3790 1042 d621-

2174 1082 2248 1149 φά
2281 1083 2325 1114 ³⁵
2366 1083 2459 1136 καὶ
2490 1081 2759 1152 ὁμόφυλα,
2793 1083 2886 1135 καὶ
2923 1082 3069 1152 μόνῳ
3099 1083 3229 1145 ἴσως
3265 1082 3341 1152 τῷ
3375 1082 3561 1153 μέτρῳ
3582 1082 3635 1114 ⁸⁸
3672 1080 3783 1133 ἁλ-

2173 1172 2348 1243 λήλων
2392 1174 2825 1245 ἀποκεκριμένα.
2857 1173 2947 1236 Ὠς
2981 1173 3045 1244 δὴ
3089 1169 3184 1227 οὖν
3221 1172 3434 1227 οἴκοθεν
3465 1175 3657 1228 οἴκαδε
3691 1172 3794 1225 οὖ-

2176 1281 2277 1335 σης
2303 1268 2402 1335 τῆς
2449 1267 2837 1335 μεταστάσεως
2881 1265 3191 1338 θαρροῦντά
3231 1282 3290 1320 τε
3339 1267 3475 1320 ἱέναι
3516 1268 3789 1319 ἐκέλευεν

2175 1360 2271 1411 καὶ
2303 1356 2480 1411 σθένει
2523 1357 2685 1410 παντὶ
2716 1356 2937 1426 ἔχεσθαι
2967 1356 3154 1427 ἔργου.
3195 1356 3359 1410 Ἀλλά
3399 1356 3512 1428 γὰρ
3539 1356 3787 1409 τοιαῦτα

2175 1450 2390 1522 ἐπᾴδων
2412 1487 2427 1513 ,
2464 1448 2564 1519 ἤδη
2601 1464 2693 1516 μοι
2724 1449 2820 1500 καὶ
2850 1447 3000 1518 αὐτῷ
3036 1447 3347 1519 βουλομένῳ
3369 1491 3383 1514 ,
3420 1448 3785 1519 κατεκήλησέ

2174 1559 2239 1612 γε
2273 1541 2470 1613 ῥᾳδίως
2494 1542 2589 1594 καὶ
2618 1539 2826 1595 ἔπεισε.
2870 1543 2980 1595 Καὶ
3008 1542 3188 1595 τοίνυν
3240 1542 3299 1606 ἐς
3339 1542 3470 1595 τάδε
3500 1542 3781 1611 ἀφῖγμαι.

2189 1635 2353 1689 Ἀλλά
2387 1651 2476 1705 μοι
2500 1634 2586 1704 εἴη
2612 1634 2654 1666 ³⁷
2680 1632 2831 1700 ἄξιόν
2859 1650 2912 1686 τι
2943 1633 3141 1705 δρᾶσαι
3162 1633 3265 1702 τῆς
3301 1631 3645 1703 προθυμίας,
3679 1632 3785 1684 καὶ

2175 1728 2272 1782 τοῦ
2326 1727 2591 1798 μεγέθους
2640 1725 2749 1778 τῶν
2795 1724 2973 1797 ἔργων
3028 1725 3105 1788 ὡς
3158 1725 3446 1793 ἐγγυτάτω
3519 1722 3771 1776 ἱκέσθαι.

2176 1819 2453 1891 Δηλωτέον
2491 1819 2547 1872 δὲ
2594 1819 2858 1891 πρότερον
2893 1816 2938 1848 ³³
2981 1815 3133 1877 ὅστις
3170 1814 3231 1867 τέ
3278 1816 3395 1886 εἰμι
3454 1815 3550 1869 καὶ
3626 1813 3783 1875 ὅθεν,

2174 1911 2336 1967 τοῦτο
2430 1912 2496 1981 δὴ
2570 1913 2630 1964 ea
2715 1913 2830 1974 τοῖς
2926 1906 3336 1979 ξυγγραφεῦσιν
3438 1906 3778 1978 εἰθισμένον.

2188 2006 2344 2078 Ἐμοὶ
2410 2003 2667 2073 ’Δγαθίας
2725 2002 2825 2074 μὲν
2877 2002 3086 2072 ὄνομα,
3136 2000 3356 2071 Μύρινα
3409 2000 3471 2054 δὲ
3534 2001 3778 2070 πατρὶς,

2174 2098 2482 2169 Μεμνόνιος
2514 2097 2559 2130 ³⁸
2622 2095 2679 2149 δὲ
2724 2094 2928 2166 πατὴρ,
2989 2093 3153 2163 τέχνη
3243 2091 3302 2145 δὲ
3346 2090 3416 2145 τά
3486 2090 3783 2162 Ῥωμαίων

2177 2190 2384 2261 νόμιμα
2446 2188 2541 2241 καὶ
2620 2189 2669 2241 ot
2715 2187 2825 2240 τῶν
2899 2184 3267 2255 δικαστηρίων
3341 2182 3575 2252 ἀγῶνες.
3659 2182 3784 2236 Μῦς

2179 2298 2333 2355 ριναν
2350 2281 2396 2313 ’⁵⁸
2425 2280 2484 2334 δέ
2521 2297 2664 2352 φημι
2692 2279 2755 2333 ού
2786 2280 2847 2333 τὸ
2872 2279 3109 2350 Θρᾴκιον
3140 2277 3403 2347 πόλισμα,
3454 2276 3576 2329 οὐδὲ
3604 2274 3663 2327 ετ
3693 2293 3783 2339 τις

2178 2374 2342 2446 ἑτέρα
2385 2372 2531 2428 κατὰ
2556 2372 2656 2444 τὴν
2689 2370 2962 2442 Εὐρώπην
3004 2370 3167 2442 τυχὸν
3196 2370 3230 2441 ἦ
3264 2367 3477 2438 Λιδύην
3505 2365 3645 2437 τῷδε
3680 2366 3785 2419 xi-

2179 2467 2380 2539 κληται
2410 2466 2490 2537 τῷ
2518 2465 2767 2536 ὀνόματι,
2798 2463 2934 2518 ἀλλά
2964 2464 3062 2533 τὴν
3093 2464 3154 2517 ἐν
3180 2465 3249 2533 τῇ
3284 2460 3443 2532 Ἀσίᾳ
3472 2459 3638 2515 πάλαι
3671 2458 3783 2512 ὕπο

2179 2559 2418 2615 Δίολέων
2447 2556 2864 2630 ἀπῳκισμένην,
2912 2556 3054 2625 ἀμφὶ
3093 2554 3192 2618 τὰς
3221 2552 3452 2616 ὓκὸολάς
3484 2550 3579 2605 τοῦ
3608 2550 3779 2603 Πυθια

2177 2653 2279 2707 κοῦ
2321 2650 2593 2721 ποταμοῦ,
2636 2649 2694 2713 ὃς
2722 2648 2790 2720 δὴ
2824 2646 2963 2717 ῥέων
3012 2648 3078 2700 ἐκ
3112 2646 3314 2711 Λυδίας
3358 2645 3459 2714 τῆς
3500 2640 3693 2715 χώρας
3718 2644 3783 2706 ἐς

2177 2746 2272 2802 τδν
2306 2746 2529 2817 ἔσχατον
2561 2743 2646 2817 [Ρ.
2671 2742 2730 2815 6]
2769 2742 2987 2797 αὐλῶνα
3014 2741 3109 2795 τοῦ
3142 2742 3346 2795 κόλπου
3392 2738 3490 2793 τοῦ
3530 2737 3778 2791 Ἐλαῒτου

2180 2838 2462 2912 ἐμϐάλλει.
2497 2837 2714 2891 Γένοιτο
2746 2834 2845 2907 μὲν
2874 2828 2969 2888 οὖν
3004 2833 3129 2903 ἐμοί
3181 2849 3247 2901 γε
3297 2829 3608 2891 τελεώτατα
3650 2826 3778 2899 τῇδε

2178 2930 2408 2999 τροφεῖα
2433 2927 2509 2991 ὡς
2541 2920 2655 2979 οἶόν
2685 2942 2743 2978 τε
2770 2923 3030 2977 ἀποτίσαι
3050 2964 3065 2988 ,
3118 2920 3213 2975 καὶ
3244 2920 3461 2975 ἅπαντα
3491 2917 3563 2972 τὰ
3594 2918 3776 2972 κλεινὰ

2181 3000 2517 3088 καῖ’πάτρια
2562 3016 2703 3088 ἔργα
2755 3015 2812 3077 ἐς
2841 3014 2902 3068 τὸ
2933 3014 3160 3086 ἀκριϐὲς
3192 3012 3532 3084 ἀναγράψαι.
3570 3011 3686 3065 Νῦν
3719 3010 3777 3062 δὲ

483 3120 638 3160 mum
671 3105 921 3161 Elaitidis
944 3107 1098 3162 sinus
1131 3108 1344 3163 alveum
1369 3106 1566 3163 fertur.
1594 3107 1676 3163 Sit
1707 3107 1892 3178 itaque
1919 3107 2075 3172 mihi,

2182 3114 2216 3185 ή
2250 3112 2349 3183 μὲν
2377 3109 2613 3181 εὐμενὴς
2660 3108 2757 3163 καὶ
2805 3106 2954 3170 ἵλαος
2996 3108 3092 3161 καὶ
3135 3107 3235 3176 τῆς
3268 3104 3583 3176 προθυμίας
3630 3105 3777 3174 ἡμᾶς

482 3198 807 3268 plenissima
836 3199 987 3265 huic,
1021 3200 1205 3269 quoad
1248 3200 1370 3271 ejus
1411 3200 1528 3256 ﬁeri
1568 3208 1770 3270 potest,
1830 3201 2077 3256 nutrica—

484 3291 652 3347 tionis
715 3292 938 3360 praamia
983 3293 1317 3362 persolvere,
1383 3292 1683 3363 omniaque
1743 3292 1981 3347 illustria
2026 3299 2081 3346 et

485 3382 661 3452 patria
692 3381 837 3437 facta
868 3391 1125 3438 accurate
1153 3384 1542 3451 conscribere;
1599 3399 1745 3438 nunc
1783 3398 1914 3438 vero
1966 3382 2080 3437 haec

485 3475 721 3545 benigne
741 3489 794 3531 et
817 3474 1063 3530 faventer
1086 3491 1419 3546 propensum
1447 3477 1695 3531 animum
1724 3476 2080 3547 studiumque

484 3578 670 3617 meum
694 3564 949 3633 accipiat.
982 3563 1113 3619 Mihi
1163 3577 1345 3621 autem
1411 3566 1757 3638 publicarum
1808 3566 2079 3621 maxima-

488 3671 725 3726 rumque
750 3671 936 3712 rerum
967 3658 1191 3728 scriptio
1214 3668 1299 3715 est
1350 3642 1735 3730 aggredienda.
1790 3659 2078 3714 Instituam

485 3764 616 3806 vero
664 3749 974 3817 historiam,
1029 3767 1138 3807 non
1186 3760 1245 3807 ut
1310 3753 1380 3807 ab
1436 3753 1562 3807 aliis
1587 3752 1750 3808 hodie
1799 3751 2081 3808 faetitatur

488 3844 507 3914 (
536 3852 665 3899 sunt
702 3844 846 3899 enim
873 3845 1036 3900 etiam
1062 3846 1154 3901 alii
1189 3846 1292 3901 hac
1315 3853 1638 3916 tempestate
1665 3845 1760 3916 qui
1785 3846 1842 3901 in
1885 3846 2079 3902 eadem

484 3951 654 3993 arena
708 3938 1055 4008 versantur),
1111 3953 1243 4004 non,
1287 3938 1538 4008 inquam,
1571 3937 1715 4005 utii,
1742 3938 1947 4009 quibus
1975 3938 2080 3993 mi-

486 4028 635 4083 nima
689 4037 774 4084 est
820 4029 1067 4087 veritatis
1117 4045 1275 4093 cura.
1327 4040 1497 4101 utque
1539 4045 1628 4087 res
1676 4039 1861 4102 gestas
1912 4031 1986 4086 ita
2023 4039 2083 4087 ut

486 4119 808 4177 acciderunt
858 4125 1331 4178 commemorent:
1395 4122 1540 4178 adeo
1576 4138 1707 4179 vero
1745 4134 1934 4194 aperte
1965 4125 2081 4193 ple-

486 4209 677 4280 risque
703 4212 1026 4281 proceribus
1050 4212 1351 4269 adulantur
1379 4221 1435 4269 et
1486 4214 1705 4285 palpum
1758 4214 2080 4279 obtrudunt,

487 4309 568 4365 ut,
617 4303 665 4358 si
720 4304 942 4373 quando
999 4306 1164 4360 etiam
1227 4322 1355 4362 vera
1382 4306 1588 4371 dicant,
1626 4306 1760 4363 ﬁdes
1791 4314 1972 4363 tamen
2001 4309 2082 4362 eis

484 4395 801 4466 abrogetur.
834 4397 997 4467 Atqui
1027 4397 1185 4468 periti
1216 4399 1414 4455 harum
1439 4415 1624 4454 rerum
1671 4409 1929 4456 auctores
1979 4399 2080 4455 soli

483 4487 741 4543 encomio
801 4490 917 4545 sive
964 4490 1270 4547 laudationi
1326 4493 1622 4549 convenire
1680 4493 1857 4562 aiunt,
1911 4495 2078 4561 bona,
2113 4475 2159 4533 D

487 4578 692 4649 quibus
743 4581 977 4652 quisque
1026 4583 1289 4654 praeditus
1347 4593 1452 4652 est,
1504 4585 1691 4641 verbis
1755 4601 2085 4658 exaggerare

488 4679 654 4743 atque
706 4675 988 4731 extollere.
1053 4674 1352 4731 Historiam
1410 4692 1562 4742 vero,
1614 4677 1834 4734 tametsi
1874 4692 1943 4732 ne
1963 4676 2084 4747 ipsa

489 4764 713 4834 quidem
758 4781 792 4821 a
844 4766 1160 4824 laudatione
1218 4784 1431 4835 eorum,
1472 4769 1567 4839 qui
1598 4768 1849 4839 praeclari
1879 4768 2084 4838 aliquid

487 4867 797 4927 gesserunt,
820 4874 1048 4930 prorsus
1085 4861 1366 4928 abhorret,
1427 4864 1577 4918 hunc
1633 4874 1817 4918 tamen
1857 4877 2084 4932 scopum

487 4962 987 5024 argumentumque
1032 4955 1139 5011 sibi
1194 4955 1480 5025 praeﬁxum
1546 4956 1652 5026 ιθ
1698 4955 1903 5011 habere
1935 4954 2080 5010 nolle

486 5043 764 5101 existimo.
803 5044 911 5101 Sed
944 5045 1120 5103 sicubi
1157 5046 1430 5105 factorum
1462 5047 1689 5103 eﬁectus
1737 5048 1953 5103 laudem
1988 5057 2085 5103 aut

487 5139 729 5198 dedecus
791 5141 1076 5210 conciliat,
1122 5142 1233 5197 vim
1282 5142 1465 5199 facere
1498 5142 1744 5197 historiae
1782 5158 1891 5196 non
1932 5142 2081 5206 licet,

490 5246 668 5303 neque
701 5247 793 5288 res
824 5232 974 5305 ipsas
996 5233 1222 5304 palliare
1250 5233 1552 5304 fucarequc
1587 5241 1822 5304 oportet.
1848 5233 1915 5289 lli
1954 5248 2083 5289 vero

561 5410 605 5442 ’ί
637 5408 917 5479 ἐμφαίνων
965 5410 1063 5472 τὰς
1116 5410 1240 5462 ἐλπ.
1269 5409 1356 5473 IL,
1382 5407 1696 5476 ὑποφαίνων
1750 5412 1876 5467 ἐλπ.
1929 5410 2076 5479 vulg.

489 5478 873 5546 ταπεπλῆσθαι
904 5479 1031 5549 (sic)
1074 5479 1166 5544 1%.,
1198 5479 1428 5533 δεδιέναι
1468 5480 1613 5549 vulg.
1715 5482 1758 5514 "
1787 5483 1845 5536 δὲ
1879 5498 1992 5537 οιη.
2036 5478 2104 5533 Β.

492 5549 643 5630 ἐστὶν
817 5549 963 5673 vulg.
1001 5549 1220 5604 οἶκαθεν
1254 5550 1319 5602 ιι.

493 5634 768 5673 eaclsstmt
797 5634 898 5673 con
946 5621 1178 5673 rmatR.
1253 5620 1300 5651 ³⁸

493 5634 768 5688 gaclssum
797 5634 971 5675 conur

493 5689 719 5772 (tibique
738 5703 863 5772 eum
895 5689 1529 5772 ~R.,‘Mdp.tva'\'ulg.,
1604 5696 1648 5724 ’ί

493 5710 719 5772 rumque
738 5710 863 5744 cum
895 5710 1114 5772 pQ’JL,
1143 5710 1362 5762 Μύρινα
1382 5710 1529 5760 vmg,
1604 5710 1648 5724 "
1708 5710 1879 5797 τύχης

493 5761 630 5829 αυτῇ
687 5759 860 5829 vulg.,
897 5762 1067 5829 αὑτης
1095 5761 1157 5816 li.
1234 5760 1281 5793 ⁸³
1312 5762 1632 5829 ὑποφαίνειν
1665 5763 1729 5819 Β.
1762 5792 1767 5795 ·
1806 5765 1825 5798 ⁸

687 5759 860 5829 vulg.,
897 5759 1067 5832 αὐτῆς
1095 5761 1157 5816 li.
1234 5759 1281 5793 δ’
1312 5759 1632 5832 ὑποφαίνειν
1665 5763 1729 5819 Β.
1762 5759 1825 5798 -”⁸

2182 3200 2555 3272 ὰποδεχέσθω.
2602 3199 2757 3272 Ἐμοὶ
2794 3200 2853 3252 δὲ
2883 3200 2977 3252 ἐπὶ
3002 3200 3071 3253 τὰ
3100 3198 3258 3253 κοινά
3287 3198 3384 3253 καὶ
3411 3198 3647 3269 μέγιστα
3669 3194 3776 3250 τῶν

2184 3294 2529 3368 πραγμάτων
2564 3293 2722 3347 ἰτέον.
2756 3293 3063 3364 Ποιήσομαι
3091 3293 3150 3346 δὲ
3179 3291 3280 3364 τὴν
3314 3288 3659 3362 ξυγγραφήν,
3678 3287 3775 3357 οὒκ

2184 3384 2331 3465 ᾗπερ
2355 3389 2450 3443 καὶ
2481 3385 2693 3459 ἑτέροις
2717 3388 2775 3441 ὲν
2804 3385 2882 3456 τῷ
2911 3386 3139 3456 παρόντι
3171 3383 3470 3454 πεποίηται
3495 3398 3509 3411 ·
3541 3382 3645 3453 ἤδη
3668 3379 3776 3450 γάρ

2184 3501 2288 3538 που
2331 3484 2429 3537 καὶ
2460 3471 2613 3538 ἄλλοι
2642 3480 2712 3535 τὰ
2744 3480 2841 3534 νῦν
2875 3481 2931 3544 ἐς
2963 3479 3086 3533 τόδε
3119 3479 3284 3533 πόνου
3327 3477 3610 3548 ἀφίκοντο,
3643 3475 3770 3545 ἀλη-

2183 3577 2333 3641 θείας
2364 3576 2482 3647 μὲν,
2509 3574 2587 3639 ὡς
2610 3574 2679 3629 τά
2710 3574 2900 3639 πολλὰ,
2933 3575 3136 3637 ἥκιστα
3167 3571 3329 3643 μέλον
3355 3571 3540 3634 αὐτοῖς
3568 3571 3661 3623 καὶ
3684 3567 3775 3621 τοῦ

2181 3672 2252 3726 τὰ
2283 3668 2628 3741 γεγενημένα
2651 3667 2728 3732 ὡς
2760 3668 2944 3739 έχουσι
2969 3667 3140 3738 τύχης
3163 3667 3206 3699 δι
3237 3663 3519 3730 διεξιέναι,
3548 3662 3692 3716 οὕτω
3718 3660 3774 3713 δέ

2182 3763 2461 3830 διαφανῶς
2487 3760 2809 3815 κολακεύειν
2841 3760 3072 3821 πολλοὺς
3101 3758 3211 3811 τῶν
3245 3756 3491 3811 δυνατῶν
3523 3755 3619 3809 καὶ
3643 3754 3773 3807 ὑπο-

2183 3854 2452 3910 θωπεύειν
2474 3853 2742 3923 ἑλόμενοι,
2767 3852 2844 3916 ὡς
2864 3852 3048 3905 είποτε
3069 3851 3178 3922 ἄρα
3203 3849 3299 3904 καὶ
3320 3847 3497 3919 ἀληθῆ
3525 3848 3769 3919 φήσαιεν,

2183 3944 2559 4002 ἀπιστεῖσθαι.
2610 3944 2805 3999 Καίτοι
2855 3943 3120 4014 ἐγκωμίῳ
3179 3942 3326 4013 μόνῳ
3382 3942 3686 4014 προσήκειν
3725 3942 3771 3992 οἱ

2182 4039 2359 4095 ταῦτα
2389 4037 2557 4093 δεινοί
2589 4055 2744 4107 φασι,
2780 4038 2849 4092 τὰ
2880 4036 3153 4108 προσόντα
3185 4032 3390 4104 ὁτῳοῦν
3426 4032 3609 4102 ἁγαθά
3640 4031 3769 4087 κατά

2184 4135 2248 4190 τὸ
2280 4133 2484 4206 μᾶλλον
2514 4132 2751 4203 ἐξαίρειν
2778 4147 2792 4163 ε
2838 4128 3050 4200 ἱστορία
3077 4126 3136 4181 δὲ
3167 4128 3414 4180 ἐπαινεῖν
3447 4124 3550 4196 μὲν
3574 4126 3667 4178 καὶ
3682 4123 3766 4194 ἥδε

2185 4228 2312 4291 τοὺς
2343 4219 2402 4280 εὖ
2450 4243 2504 4279 τι
2539 4224 2847 4297 δράσαντας
2874 4222 2937 4275 οὒ
2973 4221 3209 4291 πάμπαν
3240 4218 3542 4282 ἀναίνεται,
3576 4217 3637 4270 ού
3673 4217 3766 4286 μὴν

2186 4317 2344 4371 τοῦτό
2387 4332 2452 4384 γε
2504 4314 2706 4369 σκοπὸν
2739 4310 2894 4384 οἶμαι
2927 4311 3022 4366 καὶ
3050 4309 3343 4381 γνώρισμα
3380 4307 3529 4379 ἔχειν
3568 4306 3763 4362 ἐθέλειο

2188 4406 2303 4461 ἀλλ’
2334 4406 2388 4459 εί
2413 4422 2516 4459 που
2544 4406 2577 4475 ἡ
2600 4403 2709 4456 τῶν
2736 4402 2988 4473 πράξεων
3022 4398 3341 4470 ἀπεργασία
3373 4396 3598 4451 ἔπαινον
3625 4395 3657 4466 ἢ
3684 4393 3763 4464 ψό-

2186 4514 2284 4568 γον
2311 4495 2592 4564 ἐπάγοι⁸²,
2631 4493 2693 4547 ού
2730 4492 3012 4564 βιάζεσθαι
3048 4491 3218 4560 αὐτὴν
3247 4489 3429 4559 θέμις,
3459 4487 3581 4541 οὐδὲ
3618 4500 3765 4557 μετα·

2188 4590 2488 4644 ποικίλλειν
2518 4588 2586 4641 τά
2612 4584 2979 4656 γεγενημένα.
3015 4586 3078 4638 Οἱ
3110 4584 3165 4637 δέ
3200 4582 3447 4654 ἱστορίαν
3481 4580 3582 4653 μὲν
3612 4580 3763 4633 ποιεῖ·

2189 4681 2316 4737 σθαι
2344 4678 2697 4751 ὁμολογοῦσι,
2745 4678 2841 4730 καὶ
2869 4677 2930 4730 τὸ
2957 4677 3057 4747 τῆς
3097 4674 3410 4748 ἐπιγραφῆς
3456 4671 3764 4742 ἐπάγγελμα

2186 4774 2348 4828 τοῦτο
2374 4772 2561 4835 αὐτοῖς
2613 4769 2900 4839 ὑποφαίνει
2919 4768 2990 4837 ⁸⁸,
3040 4767 3398 4839 πεφώρανται
3434 4766 3492 4821 δὲ
3524 4767 3674 4837 ὅμως
3710 4764 3764 4833 τῇ

2191 4866 2358 4938 πείρᾳ
2386 4863 2790 4935 κομψευόμενοι
2841 4861 2941 4933 τὴν
2974 4861 3315 4931 ἐπωνυμίαν.
3365 4861 3506 4924 Τοὺς
3544 4860 3645 4930 μὲν
3673 4856 3766 4926 γὰρ

2188 4959 2269 5013 ἐτι
2314 4959 2635 5028 παριόντας,
2688 4955 2803 5009 εἴτε
2854 4954 3097 5025 βασιλεῖς
3136 4949 3272 5018 εἷεν,
3318 4954 3428 5007 εἴτε
3479 4954 3574 5006 καὶ
3610 4950 3765 5011 ἄλλως

2191 5051 2477 5121 ἐπίσημοι,
2509 5049 2571 5102 ού
2601 5049 2760 5119 μόνον
2792 5050 2858 5119 τῇ
2894 5049 3176 5123 ἀφηγήσει
3205 5046 3312 5100 τῶν
3344 5043 3767 5117 ἐξειργασμένων

2192 5139 2633 5212 ἐγκωμιάζουσιν
2661 5134 2715 5211 (ἦ
2739 5140 2847 5211 γὰρ
2872 5139 2938 5193 ἂν
2955 5138 3109 5208 ίιλίγα
3141 5137 3495 5210 ἡμάρτανον),
3519 5135 3767 5208 ἐνδηλοι⁶⁸

2194 5234 2252 5289 δὲ
2278 5232 2454 5288 ἅπασι
2485 5232 2750 5301 γίνονται,
2778 5230 2862 5283 ὅτι
2892 5229 2974 5302 [Ρ.
3003 5229 3062 5302 7]
3083 5229 3150 5299 δὴ
3179 5230 3364 5295 αὐτοῖς
3394 5229 3550 5285 οὐδέν
3581 5247 3633 5284 τι
3657 5226 3767 5283 ἄλλο

2190 5411 2235 5442 ³⁸
2257 5410 2517 5479 ἀνόνητον
2578 5407 2643 5479 Β.
2691 5406 2827 5479 μήτε
2876 5405 3011 5479 πρὸς
3063 5404 3496 5479 τὴνᾲπεῖραν-Β.
3571 5404 3648 5479 _”
3680 5420 3766 5457 xa-

2208 5480 2254 5513 ⁸⁸
2281 5478 2545 5549 ἀδελφοὺς
2585 5478 2648 5532 li.

2691 5406 2827 5476 μήτε
2876 5405 3011 5476 πρὸς
3063 5406 3162 5476 τὴν
3201 5407 3399 5476 πεῖραν

2750 5477 2794 5508 se
2825 5474 3009 5546 μέτρῳ
3048 5477 3082 5548 ἦ
3121 5474 3248 5548 (εἰσ)
3291 5474 3536 5545 ἀλλήλων
3716 5491 3766 5543 μ’

1424 5550 1471 5627 ν
1494 5545 1586 5618 εἴη
1609 5549 1776 5629 inseri
1806 5554 1964 5629 jubet
1996 5550 2143 5629 (_)lar.
2182 5549 2382 5629 Hosius
2421 5545 2749 5629 ad‘Leonem
2782 5545 2845 5629 pi
2880 5545 3002 5611 185’,
3046 5545 3662 5629 eoiijeCturatnmte-viri
3694 5559 3768 5598 sa.

974 5630 1086 5675 mat
1109 5621 1178 5675 R.
1253 5620 1300 5651 ³⁸³
1320 5615 1608 5692 πρότερον,
1631 5624 1775 5691 quod
1802 5615 1961 5694 vulgo
1988 5623 2077 5678 dee

974 5689 1114 5762 ιιι..
1143 5689 1362 5762 Μύρινα
1382 5690 1529 5760 vulg,
1604 5696 1648 5724 ιι
1708 5694 1879 5762 τύχης
1938 5709 2077 5759 expu

2180 5623 2302 5677 add.
2333 5623 2398 5676 ιι.
2476 5621 2521 5654 ³*
2545 5620 2604 5673 δὲ
2632 5630 2753 5689 post
2791 5619 2972 5687 Μεμν.
2994 5617 3173 5671 addidi
3198 5615 3348 5671 exn.
3425 5615 3473 5648 ιο
3500 5616 3771 5688 mappam

2181 5704 2268 5747 tur
2295 5707 2326 5748 a
2349 5706 2495 5748 corr.
2530 5690 2597 5745 Β.
2674 5692 2720 5724 δ’
2748 5689 2941 5757 ἐπάγοι
2984 5687 3071 5755 8.,
3102 5688 3295 5759 ἐπάγει
3319 5687 3464 5758 vulg.
3503 5682 3768 5757 αὐτὴνΝ..

1890 5766 1969 5817 ἔτι
1994 5763 2140 5835 δῆλοι
2174 5762 2237 5817 li.
