4030 6454
304 405 451 471 1279

1509 411 1742 472 HISTO
1751 412 2053 472 RIARUM
2080 410 2313 501 LIBER
2350 410 2399 472 Ι.

3462 398 3600 476 1280

290 521 471 594 λέσθη
494 538 508 553 ·
546 520 658 592 ἐγὼ
691 521 751 576 δέ
785 523 845 587 ἐς
874 523 943 578 τὰ
978 523 1215 595 ἐχόμενα
1243 522 1475 588 τούτων,
1514 525 1598 592 ἐφ’
1633 524 1777 595 άπερ
1804 524 1899 577 καὶ

2006 537 2108 593 qtte
2164 532 2379 577 sextum
2427 534 2481 577 et
2530 522 2849 578 vicesimum
2902 524 3055 594 regni
3123 520 3422 580 Justiniani
3471 541 3605 582 sunt

290 614 405 686 τὴν
432 615 609 688 ἀρχὴν
660 614 928 689 ὡρμήθην
985 616 1140 682 ἱέναι,
1195 617 1293 672 καὶ
1320 616 1386 687 δὴ
1422 618 1516 671 ἐπὶ
1542 616 1714 671 ταῦτα
1764 613 1903 688 εἶμι,

294 710 403 762 καὶ
427 708 491 779 δὴ
521 706 716 779 ἔχομαι
746 708 858 762 τῶν
891 708 1257 781 πραγμάτων.

2014 624 2187 684 gesta.
2228 618 2303 671 Ac
2331 615 2634 685 Procopius
2674 616 2894 686 quidem
2934 617 2989 670 in
3047 615 3156 684 his,
3218 617 3297 672 uti
3341 618 3602 680 arbitror.

2016 707 2448 762 linemhistoriae
2493 723 2607 763 suae
2638 706 2787 763 facit.
2843 708 2958 778 Ego
3019 724 3146 765 vero
3201 711 3287 766 his
3354 711 3605 781 proxima

293 810 357 855 et
394 799 810 869 consequentia,
847 808 908 854 ut
963 801 1122 858 initio
1182 800 1318 855 mihi
1378 801 1719 872 propositum
1781 799 1905 865 fuit,
1942 815 2299 871 persequens,
2337 815 2424 854 res
2475 799 2622 870 ipsas
2663 800 2967 870 aggredior.

378 894 465 966 (A.
495 892 555 949 C.
587 893 715 959 552)
749 892 823 947 α’.
870 894 1090 966 Ἐπειδὴ
1115 894 1277 959 Τεῖας
1304 896 1332 948 ὁ
1359 895 1498 965 μετά
1528 895 1773 950 Τώτιλαν
1795 895 1906 947 τῶν

294 985 520 1041 Γὸτθων
555 984 784 1057 ἡγεμὼν
818 986 1116 1052 καταστὰς,
1157 987 1635 1057 ἀνακαλεσάμενος
1689 986 1773 1059 [Ρ.
1813 986 1904 1059 it]

293 1084 402 1147 τὰς
423 1083 468 1114 ⁷⁸
486 1081 751 1151 δυνάμεις
769 1080 861 1134 καὶ
878 1079 1135 1152 πόλεμον,
1159 1081 1424 1135 πανσυδεὶ
1441 1081 1579 1151 πρός
1598 1097 1656 1132 τε
1678 1080 1907 1151 Ναρσῆν

303 1173 408 1225 καὶ
436 1171 744 1242 Ῥωμαίους
762 1172 1228 1242 παραταξάμενος
1246 1172 1459 1243 ἡσσήθη
1475 1189 1533 1224 τε
1553 1171 1692 1225 κατὰ
1706 1171 1907 1242 κράτος

296 1261 404 1315 καὶ
427 1259 592 1313 αὐτοῦ
623 1259 876 1329 πολεμῶν
903 1260 1193 1333 διεφθάρη,
1221 1261 1274 1314 οἵ
1296 1278 1355 1314 τε
1376 1262 1774 1333 περισωθέντες
1796 1260 1904 1313 τῶν

298 1350 545 1414 Γότθων,
573 1349 915 1421 ἐγκειμένων
949 1350 1102 1419 σφίσι
1145 1351 1433 1420 Ῥωμαίων
1464 1349 1561 1402 καὶ
1585 1349 1685 1402 οὐκ
1720 1348 1902 1401 ἀνιέν-

296 1458 439 1506 των,
467 1438 785 1510 πιεζόμενοι
816 1442 938 1504 ταῖς
970 1456 1031 1492 τε
1056 1440 1382 1512 ἐπιδρομαῖς
1414 1440 1507 1495 καὶ
1537 1441 1620 1494 ὅτι
1650 1440 1709 1493 ἐν
1739 1438 1903 1510 χώρῳ

296 1532 524 1605 ἀνύδρῳ
568 1530 870 1601 ἐτύγχανον
916 1529 1342 1602 ξυνειλεγμένοι,
1391 1530 1623 1594 σπονδὰς
1663 1531 1903 1584 τίθενται

297 1623 449 1696 πρὸς
479 1622 734 1694 Ναρσῆν,
770 1621 855 1692 ἐφ’
887 1616 932 1689 ᾧ
960 1622 1061 1694 τὴν
1093 1624 1191 1694 μὲν
1219 1621 1427 1676 οἰκείαν
1454 1621 1626 1686 ἀδεῶς
1654 1621 1905 1693 νέμοιντο

298 1717 515 1789 χώραν,
564 1715 777 1787 βασιλεῖ
807 1714 866 1769 δὲ
882 1714 930 1747 ⁸⁸
968 1713 1078 1768 τῶν
1114 1713 1402 1784 Ῥωμαίων
1435 1714 1697 1786 κατήκοοι
1726 1712 1904 1766 τολοι-

2086 892 2139 948 1.
2180 890 2340 947 Teias
2374 890 2680 946 Gothorum
2709 903 2835 961 post
2857 891 3089 947 Tutilam
3114 892 3249 961 dux,
3283 893 3605 951 instauratis

2014 983 2187 1052 copiis
2212 998 2336 1037 cum
2364 983 2566 1037 bellum
2594 985 2722 1038 totis
2746 983 2956 1039 viribus
2984 984 3198 1039 Narseti
3229 983 3605 1057 Romanisque

2015 1074 2311 1139 intulisset,
2349 1076 2550 1145 insigni
2594 1075 2748 1130 clade
2794 1086 3038 1146 accepta.
3089 1078 3143 1130 in
3195 1078 3313 1133 acie
3350 1079 3605 1148 przelians

2014 1167 2194 1235 periit.
2232 1167 2391 1222 Gothi
2427 1168 2522 1238 qui
2561 1178 2871 1235 evaserant,
2924 1168 3189 1225 Romanis
3243 1172 3455 1241 absque
3493 1172 3601 1226 ulla

2014 1260 2425 1314 intermissione
2451 1261 2927 1330 persequentibus,
2959 1262 3130 1331 pressi
3157 1262 3394 1319 assiduis
3422 1264 3601 1319 insul-

2012 1349 2160 1407 tibus
2209 1360 2258 1406 et
2300 1351 2549 1407 siccitate
2593 1352 2858 1416 locorum,
2912 1354 3114 1423 inquae
3156 1369 3218 1409 se
3262 1364 3600 1425 receperant,

2009 1439 2162 1508 pacis
2195 1439 2536 1495 conditiones
2580 1455 2704 1495 cum
2748 1439 2977 1495 Narsete
3024 1440 3249 1508 ineunt;
3292 1448 3352 1495 ut
3392 1443 3606 1499 scilicet

2009 1545 2141 1586 suas
2164 1530 2241 1585 illi
2276 1540 2453 1588 terras
2482 1532 2752 1603 intrepide
2779 1532 3048 1596 habitent,
3079 1533 3305 1603 regique
3325 1532 3605 1590 Romano-

2010 1636 2134 1675 rum
2174 1624 2431 1693 deinceps
2471 1632 2720 1692 pareant.
2770 1624 2900 1679 Haec
2945 1639 3072 1678 cum
3119 1624 3195 1679 ita
3240 1625 3309 1680 iis
3358 1625 3415 1679 in
3467 1626 3606 1682 locis

2012 1712 2330 1779 cessissent,
2360 1714 2686 1768 videbantur
2711 1714 2969 1770 omnibus
2998 1715 3134 1770 bella
3166 1715 3221 1769 in
3253 1713 3407 1770 Italia
3437 1715 3604 1774 ﬁnem

426 1807 472 1839 ’ί
505 1782 659 1870 ὄντες
686 1804 988 1860 διατελοῖεν
1019 1821 1035 1835 ·
1085 1782 1273 1876 ἐπειδὴ
1305 1802 1481 1859 ταῦτα
1511 1782 1639 1876 τῇδε
1683 1803 1901 1875 ἐχώρει,

2010 1810 2214 1857 nacta:
2244 1818 2369 1858 eum
2402 1805 2586 1874 petius
2629 1805 2891 1875 praeludia
2923 1806 3155 1861 aliorum
3197 1805 3468 1863 bellorum
3515 1823 3606 1863 es-

298 1899 489 1952 ἐδόκει
518 1898 625 1967 μὲν
650 1898 828 1955 ἅπασι
863 1898 1037 1966 πέρας
1069 1895 1213 1966 ἐχειν
1244 1895 1316 1951 τὰ
1345 1895 1455 1951 τῶν
1485 1896 1542 1950 ἐν
1579 1896 1781 1969 Ἰταλίᾳ
1809 1913 1907 1950 πο-

301 1990 495 2061 λέμων
513 1991 559 2022 ⁸³
582 2005 598 2020 ·
657 1989 728 2043 τά
772 1988 831 2041 δέ
859 1983 929 2059 ἦν
974 1988 1083 2060 ἄρα
1114 1986 1396 2059 προοίμια.
1429 1982 1599 2057 Οἶμαι
1628 1987 1740 2058 γὰρ
1786 1987 1906 2041 οὐδὲ

306 2081 618 2151 ἐπιλείψειν
642 2080 772 2134 ποτέ
797 2079 890 2133 τὸν
918 2079 1092 2133 αἰῶνα
1119 2079 1277 2151 ἡμῶν
1303 2079 1373 2133 τὰ
1402 2079 1607 2143 τοιάδε,
1642 2079 1828 2151 μένειν
1849 2079 1906 2133 δὲ

309 2174 377 2236 ἐς
405 2174 494 2227 ἀεὶ
533 2174 628 2227 καὶ
654 2172 941 2244 ἀκμάζειν,
990 2171 1049 2237 ἐς
1080 2174 1128 2225 τ’
1157 2172 1225 2227 ἂν
1256 2174 1290 2244 ἡ
1318 2172 1456 2244 αὑτὴ
1501 2171 1664 2243 φύσις
1694 2171 1906 2244 ἀνθρώ-

306 2280 439 2317 πων
466 2259 522 2337 ᾖ,
557 2264 677 2316 ἐπεὶ
721 2265 817 2317 καί
845 2262 1054 2317 ἄνωθεν
1081 2264 1238 2333 ἡμῖν,
1289 2263 1364 2326 ὼς
1394 2261 1525 2324 ἔπος
1550 2263 1746 2325 εἰπεῖν,
1784 2277 1907 2315 συν-

299 2354 529 2426 εισῆλθε
548 2354 626 2425 τῷ
648 2353 766 2425 βίῳ.
790 2356 903 2408 Καὶ
923 2350 1018 2408 οὖν
1046 2354 1220 2425 μεστὴ
1242 2353 1343 2425 μὲν
1368 2354 1402 2424 ἡ
1427 2352 1667 2424 ποίησις,
1688 2350 1905 2422 πλήρης

295 2447 366 2500 δὲ
411 2446 673 2517 ξύμπασα
718 2446 932 2517 ἱστορία
977 2434 1251 2516 πολέμων
1281 2462 1342 2498 τε
1384 2450 1479 2501 καὶ
1518 2445 1903 2517 παρατάξεων,

296 2537 405 2591 καὶ
433 2538 532 2590 οὐκ
567 2536 633 2590 ἂν
664 2536 793 2590 ἄλλο
832 2554 885 2590 τι
919 2535 1104 2606 εὕροις
1134 2535 1218 2607 [Ρ.
1237 2534 1329 2607 12]
1367 2537 1427 2588 ἐν
1454 2536 1641 2607 τῇδε⁸³
1669 2537 1812 2591 κατά
1842 2535 1905 2588 τὸ

300 2627 514 2699 μᾶλλον
536 2627 1030 2699 ἀναγεγραμμένον
1050 2643 1065 2659 ⁸
1095 2628 1265 2680 αἰτιον
1289 2627 1346 2681 δὲ
1369 2623 1525 2698 οἶμαι
1553 2627 1760 2681 τούτων
1784 2628 1903 2699 οὐχ,

296 2722 446 2792 ὅπερ
495 2722 543 2774 οἱ
597 2719 784 2774 πολλοί
823 2736 1010 2789 φασιν,
1057 2718 1305 2790 ἀστέρων
1334 2736 1395 2772 τε
1442 2719 1674 2792 πορείας
1707 2721 1803 2775 καὶ
1845 2721 1906 2774 τὸ

302 2812 664 2885 μεμαρμένον
680 2811 729 2845 ⁸⁵
749 2812 844 2867 καί
872 2829 1027 2876 τινας
1051 2812 1399 2883 παραλόγους
1418 2813 1687 2882 ἀνάγκας.
1712 2814 1774 2866 Ei
1797 2813 1906 2885 γὰρ

296 2910 380 2963 τὰ
411 2910 509 2979 τῆς
540 2909 917 2979 πεπρωμένης
947 2909 1006 2961 ἐν
1036 2908 1174 2961 πᾶσι
1204 2906 1380 2978 νικῴη
1399 2906 1470 2975 ⁸⁸,
1498 2907 1822 2980 ἀφαιρεθείη
1848 2909 1907 2963 δὲ

297 2998 418 3053 τῶν
436 2997 740 3070 ἀνθρώπων
770 2997 831 3051 τὸ
861 2997 1190 3069 προαιρετὸν
1219 2997 1314 3050 καὶ
1343 2996 1613 3060 ἑκούσιον,
1640 2998 1904 3070 παραινέ-

299 3107 428 3155 σεις
468 3091 565 3162 μὲν
600 3090 821 3154 ἁπάσας
864 3090 962 3143 καὶ
994 3089 1190 3160 τέχνας
1228 3088 1324 3143 καὶ
1381 3089 1731 3154 διδασκαλίας
1768 3090 1905 3144 κενά

299 3185 406 3238 καὶ
438 3185 692 3257 ἀχρηστα
737 3182 1055 3255 νομιοῦμεν,
1100 3184 1408 3255 οἰχήσονται
1447 3183 1504 3237 δέ
1546 3183 1768 3254 φροῦδοι
1807 3183 1904 3237 καὶ⁹

298 3277 549 3349 ἄκαρποι
576 3279 633 3331 αί
664 3275 775 3330 τῶν
804 3276 1006 3348 ἄριστα
1021 3276 1069 3308 ⁸⁸
1099 3274 1361 3346 βιούντων
1390 3275 1626 3340 ἐλπίδες.
1662 3277 1739 3330 Οὐ
1772 3276 1903 3347 μέν-

296 3386 388 3424 τοι
418 3368 533 3423 ἀλλ’
560 3369 684 3423 οὐδὲ
709 3369 771 3421 τὸ
796 3369 937 3422 θεῖον
969 3367 1163 3432 αἴτιον,
1208 3367 1284 3433 ὥς
1322 3384 1387 3437 γε
1417 3368 1519 3439 ἐμὲ
1550 3368 1898 3438 γιγνώσκειν,

295 3461 485 3532 φόνων
509 3479 570 3515 τε
598 3462 693 3516 καὶ
723 3460 1059 3529 συμπλοκῶν
1093 3460 1346 3531 ἡγεῖσθαι
1377 3462 1667 3533 προσήκει.
1695 3462 1770 3514 Τὸ
1790 3463 1900 3534 γὰρ

295 3557 512 3627 ἀγαθὸν
551 3557 732 3610 ἐκεῖνο
763 3556 858 3608 καὶ
886 3554 1212 3620 ἀλεξίκακον
1244 3553 1425 3625 φόνιόν
1466 3573 1525 3609 τε
1556 3556 1652 3610 καὶ
1680 3555 1902 3626 φιλοπό-

294 3650 471 3721 λεμον
500 3646 614 3703 οὔτ’
643 3647 711 3702 ἂν
745 3648 924 3717 ἔγωγε
961 3649 1221 3719 φήσαιμι,
1262 3645 1389 3701 οὔτε
1429 3648 1637 3704 εἰπόντι
1672 3648 1898 3703 πιστεύ-

300 3758 490 3811 σαιμι.
530 3741 620 3806 Ἐς
650 3740 708 3794 δὲ
738 3740 1057 3805 πλεονεξίαν
1102 3757 1163 3793 τε
1204 3740 1301 3793 καὶ
1333 3740 1545 3795 ἀδικίαν
1577 3741 1634 3795 αί
1666 3740 1775 3794 τῶν
1804 3742 1901 3795 ἀν-

303 3833 545 3904 θρώπων
567 3832 735 3903 ψυχαὶ
762 3830 1062 3903 αὐθαίρετα
1089 3832 1614 3896 κατολισθαίνουσαι,
1647 3832 1900 3902 πολέμων

303 3926 435 3979 τε⁸⁷
473 3925 566 3978 καὶ
605 3921 858 3996 ταραχῶν
906 3924 1122 3978 ἅπαντα
1171 3922 1524 3995 ἐμφοροῦσιν,
1575 3923 1787 3977 ἐνθένδε
1837 3938 1898 3977 τε

306 4016 529 4088 ὄλεθροι
574 4015 928 4086 ξυμϐαίνουσι
985 4015 1206 4084 πολλοὶ,
1258 4016 1356 4069 καὶ
1423 4016 1542 4087 γένη
1593 4013 1898 4087 ἀνθρώπων

308 4109 638 4180 ἀνάρπαστα
686 4108 961 4178 γίγνεται,
1012 4107 1107 4162 καὶ
1164 4108 1358 4180 μυρίαι
1412 4107 1570 4162 ἄλλαι
1618 4107 1896 4162 ώδίνονται

303 4203 503 4275 κῆρες.
532 4200 687 4256 Οὕτω
700 4202 751 4235 ⁸⁸
783 4201 894 4274 γὰρ
918 4200 983 4271 δὴ
1015 4201 1111 4254 καὶ
1134 4200 1256 4253 τότε
1286 4201 1336 4253 oi
1367 4200 1407 4252 Γ
1409 4199 1556 4253 meo;
1584 4199 1772 4270 ἐπειδὴ
1796 4200 1897 4263 τὰς

298 4293 545 4358 σπονδὰς
574 4292 791 4365 θέμενοι
824 4293 919 4346 καὶ
949 4290 1321 4361 διακριθέντες
1348 4291 1398 4343 oi
1434 4289 1534 4363 μὲν
1568 4290 1747 4344 αὐτῶν
1767 4290 1897 4343 εἵσω

292 4385 398 4440 τοῦ
442 4384 622 4440 Πάδου
673 4385 939 4457 πρότερον
989 4383 1338 4453 διαιτώμενοι
1392 4381 1641 4453 ποταμοῦ
1665 4422 1680 4447 ,
1736 4381 1795 4445 ἐς
1835 4398 1896 4434 τε

2009 1904 2150 1948 sent.
2194 1893 2405 1951 Censeo
2426 1896 2573 1951 enim
2600 1910 2776 1950 aevum
2818 1896 2923 1952 hoc.
2966 1904 3220 1953 nostrum
3257 1913 3541 1970 nunquam
3572 1913 3604 1953 a

2007 1982 2164 2039 bellis
2189 1985 2421 2040 liberum
2456 1984 2724 2052 futurum,
2765 1986 2879 2041 imo
2913 1988 3097 2057 potius
3128 1998 3394 2059 perpetuo
3432 1991 3605 2045 dura-

2009 2085 2132 2132 tura
2176 2086 2342 2149 atque
2384 2079 2520 2135 adeo
2558 2079 2848 2135 inralitura
2880 2080 2983 2151 l5
3022 2082 3266 2151 quandiu
3316 2083 3433 2139 haec
3483 2083 3605 2153 ipsa

2009 2180 2208 2225 natura
2251 2172 2534 2226 hominum
2563 2172 2856 2228 exstiterit.
2888 2171 2946 2226 Si
2979 2174 3128 2232 enim
3163 2174 3330 2229 altius
3366 2189 3481 2231 rem
3513 2190 3604 2230 re-

2008 2272 2282 2332 petamus,
2321 2279 2428 2318 una
2471 2278 2598 2318 cum
2647 2264 2767 2334 ipsa
2798 2264 2908 2320 vita
2936 2266 3331 2336 propemodum
3364 2267 3601 2322 dixerim
3666 2252 3673 2279 ‘-

2010 2352 2222 2408 invccta
2273 2364 2403 2408 sunt
2462 2354 2640 2421 bella;
2696 2364 2861 2426 atque
2908 2357 2981 2411 ita
3031 2359 3195 2428 plena
3244 2368 3329 2416 est
3382 2361 3601 2429 poesis,

2010 2444 2168 2514 plena
2203 2447 2383 2502 omnis
2417 2446 2647 2502 historia
2673 2449 2943 2504 bellorum
2971 2460 3028 2505 et
3057 2452 3396 2521 praeliorum,
3426 2467 3599 2522 neque

2008 2537 2309 2607 quidquam
2351 2540 2404 2593 in
2444 2539 2528 2595 his
2577 2543 2888 2612 comperias
2932 2543 3162 2599 uberius
3200 2544 3598 2615 conscriptum.

2009 2630 2246 2685 Causam
2277 2648 2409 2686 vero
2441 2633 2640 2687 borum
2663 2635 2997 2699 censuerim,
3030 2652 3163 2703 non,
3206 2643 3265 2692 ut
3299 2639 3456 2693 multi
3487 2648 3602 2693 sta-

2012 2725 2193 2783 tuunt,
2239 2719 2524 2774 stellarum
2573 2734 2771 2776 cursus
2820 2730 2876 2776 et
2916 2721 3088 2792 fatum
3138 2733 3301 2794 atque
3330 2724 3604 2781 absurdas

2009 2810 2275 2879 quasdam
2304 2813 2681 2869 necessitates.
2714 2812 2770 2868 Si
2794 2815 2938 2870 enim
2960 2814 3057 2871 fati
3089 2818 3390 2875 necessitas
3415 2819 3602 2874 omnia

2008 2909 2338 2970 permearet,
2371 2903 2676 2973 eriperetur
2717 2904 3036 2961 hominibus
3080 2907 3371 2962 arbitraria
3410 2909 3604 2963 volun-

2012 2992 2142 3049 tatis
2168 2993 2383 3059 electio,
2419 3006 2475 3050 et
2506 2996 2727 3066 quidem
2758 3008 3028 3068 praecepta
3059 2999 3245 3054 omnia
3271 3008 3326 3054 et
3359 3009 3508 3057 artes
3536 3017 3602 3057 ac

2009 3084 2320 3155 disciplinae
2350 3102 2504 3141 rana:
2543 3087 2880 3158 inutilesque
2921 3101 3106 3145 essent
3128 3091 3444 3159 censenda;
3475 3076 3603 3147 eia-

2008 3178 2152 3233 nidae
2214 3181 2380 3234 etiam
2432 3179 2636 3235 fuerint
2702 3179 3148 3252 infrugiferaaque
3200 3197 3432 3247 eorum,
3505 3182 3599 3252 qui

2005 3271 2210 3342 optime
2234 3271 2399 3327 vitam
2436 3286 2594 3328 suam
2627 3272 2943 3339 instituunt,
2972 3289 3115 3343 spes.
3146 3271 3252 3329 Sed
3275 3289 3379 3329 nec
3398 3272 3596 3340 Deum,

2004 3372 2268 3434 quantum
2296 3380 2416 3421 mea
2445 3364 2550 3420 fert
2574 3366 2864 3431 sententia,
2904 3366 3137 3422 caedium
3163 3376 3219 3422 et
3242 3367 3596 3423 conﬂictuum

2003 3464 2285 3510 auctorem
2329 3471 2558 3512 censere
2620 3465 2854 3527 Oportet.
2916 3456 3201 3512 Summam
3252 3457 3397 3513 enim
3449 3459 3597 3513 illam

2002 3544 2306 3601 bonitatem
2362 3545 2653 3616 omnisque
2705 3546 2834 3600 mali
2873 3545 3299 3616 proﬂigatricem
3355 3548 3600 3605 caedibus

1970 3634 2263 3705 bellisque
2307 3641 2566 3705 gaudere,
2603 3650 2704 3691 nec
2752 3637 2869 3706 ipse
2917 3637 3175 3705 dixerim,
3217 3653 3318 3695 nec
3355 3639 3407 3694 id
3453 3639 3600 3693 amr—

2000 3732 2174 3783 manti
2216 3730 2609 3800 acquieverim.
2649 3728 2949 3786 Hominum
2993 3746 3125 3788 vero
3154 3732 3327 3788 animi
3377 3732 3431 3787 in
3476 3735 3599 3804 plus

2003 3822 2238 3877 habendi
2300 3822 2653 3892 cupiditatem
2705 3834 2761 3878 et
2820 3823 3145 3894 injustitiam
3206 3825 3596 3895 prolabentes,

2001 3914 2163 3968 bellis
2193 3909 2376 3969 omnia
2404 3923 2459 3969 et
2479 3913 2810 3970 tumultibus
2849 3915 3115 3982 miscent;
3145 3924 3310 3985 atque
3344 3916 3474 3971 hinc
3511 3917 3596 3971 in-

2000 4005 2196 4061 teritus
2239 4006 2535 4076 multaque
2572 4006 2819 4077 gentium
2869 4006 3273 4063 interneciones
3313 4009 3593 4074 eveniunt,

2001 4098 2415 4167 innumeraeque
2472 4097 2595 4152 alia:
2651 4097 2999 4152 calamitates
3058 4097 3331 4153 oriuntur.
3386 4097 3592 4153 Eodem

1998 4191 2164 4248 modo
2189 4193 2353 4246 etiam
2384 4202 2496 4246 tum
2529 4193 2793 4262 temporis
2827 4191 2990 4248 Gothi
3023 4192 3146 4247 ictis
3178 4190 3478 4247 foederibus
3508 4193 3593 4246 di—

1998 4283 2213 4353 rempti,
2263 4282 2510 4338 nonnulli
2561 4297 2749 4338 eorum
2789 4284 2880 4354 qui
2932 4283 3076 4338 intra
3118 4283 3325 4338 Padum
3362 4284 3590 4338 ﬂuvium

1997 4376 2289 4445 degebant,
2327 4375 2382 4429 in
2411 4375 2669 4430 Tusciam
2713 4385 2768 4430 et
2798 4375 3099 4446 Liguriam,
3143 4384 3197 4429 et
3242 4390 3351 4445 quo
3394 4377 3594 4446 cuique

293 4478 578 4536 Τουσκίαν
601 4479 699 4532 καὶ
728 4476 1049 4549 Λιγουρίαν,
1082 4476 1177 4530 καὶ
1205 4474 1287 4529 δθι
1314 4473 1532 4545 ἑκάστῳ
1565 4473 1810 4544 θυμῆρές
1836 4490 1896 4526 τε

2006 4471 2218 4525 libitum
2251 4471 2357 4542 16
2384 4480 2503 4526 erat
2552 4480 2976 4537 concesserunt;
3015 4471 3105 4524 alii
3139 4486 3267 4525 vero
3293 4480 3446 4525 trans
3482 4469 3589 4525 Pa-

293 4569 371 4643 ἦν
400 4572 500 4625 καὶ
532 4569 862 4642 εἰθισμένον,
891 4568 1132 4640 ἐχώρουν
1155 4584 1170 4598 ·
1207 4567 1259 4619 oi
1283 4565 1339 4619 δέ
1370 4564 1549 4630 ἐκτὸς,
1587 4564 1896 4630 διαϐάντες,

292 4660 451 4732 ἀμφὶ
490 4660 746 4714 Βενετίαν
786 4660 882 4713 καὶ
916 4657 986 4712 τά
1019 4657 1147 4729 τῇδε
1174 4654 1410 4728 φρούρια
1435 4655 1533 4707 καὶ
1567 4652 1896 4724 πολίσματα,

291 4749 450 4828 ᾗπερ
479 4753 575 4807 καὶ
605 4753 662 4806 ἐν
700 4751 781 4822 τῷ
810 4750 918 4822 πρὸ
942 4748 1059 4815 τοῦ,
1097 4748 1488 4802 ἐσκεδάννυντο
1514 4763 1531 4780 ο
1581 4745 1771 4818 ἐπειδὴ
1802 4743 1897 4800 οὖν

2000 4561 2131 4615 dum
2158 4562 2305 4615 circa
2339 4558 2592 4614 Venetias
2633 4559 2810 4628 sparsi
2844 4560 2896 4612 in
2941 4559 3180 4614 castellis
3207 4569 3260 4613 ct
3289 4559 3589 4629 Oppidulis,

1998 4653 2202 4725 quibus
2241 4660 2556 4718 assuerant,
2581 4650 2976 4706 consederunt.
3009 4649 3147 4704 Cum
3191 4650 3377 4719 itaque
3403 4650 3506 4705 hoc
3536 4649 3589 4704 in

1995 4756 2138 4802 statu
2173 4752 2358 4801 essent
2386 4759 2475 4800 res
2496 4743 2826 4809 Gothorum,
2863 4742 3088 4797 decebat
3128 4742 3278 4813 ipsos
3317 4751 3471 4810 pacta
3498 4742 3592 4811 ju-

296 4848 365 4897 ἐν
390 4843 567 4897 τοῖσδε
607 4842 907 4913 ἐτύγχανον
947 4842 1121 4903 ὄντες,
1158 4838 1436 4911 προσῆκον
1466 4838 1666 4901 αὐτοὺς
1692 4837 1762 4892 τά
1793 4838 1894 4909 μὲν

2006 4848 2109 4893 rata
2144 4855 2201 4893 re
2234 4838 2348 4908 ipsa
2375 4836 2648 4906 factisque
2678 4835 3007 4890 confirmare
3035 4843 3089 4889 et
3122 4833 3389 4897 stabilire,
3415 4844 3467 4889 et
3501 4848 3590 4888 res

289 4937 602 5007 ὠμοσμένα
624 4936 673 4970 ⁸⁸
719 4938 833 5000 τοῖς
882 4933 1067 5006 ἔργοις
1112 4932 1297 4995 αὐτοῖς
1344 4931 1682 5001 ἐμπεδῶσαι,
1717 4930 1788 4984 τά
1832 4930 1895 4984 δέ

295 5028 543 5100 σφέτερα
574 5027 633 5081 ἐν
654 5025 734 5098 τῷ
755 5025 993 5095 ἀσφαλεῖ
1012 5022 1397 5095 κατέχονταςθο
1427 5021 1690 5077 κινδύνων
1717 5021 1892 5095 ἀπηλ-

291 5121 501 5192 λάχθαι
544 5118 814 5193 χρονίων,
863 5119 957 5173 καὶ
1000 5117 1151 5188 μόλις
1199 5113 1333 5184 γοῦν
1376 5112 1485 5167 τῶν
1527 5114 1718 5167 δεινῶν
1758 5117 1892 5169 ἀνα-

293 5214 533 5268 πνεῦσαι
557 5230 575 5248 ο
612 5213 664 5267 oi
693 5211 772 5277 δέ,
802 5210 1082 5282 ἐλάχιστον
1118 5209 1452 5280 ἐπισχόντες,
1483 5207 1764 5278 νεωτέρων
1797 5202 1893 5262 αὖ-

295 5307 388 5372 θις
415 5305 630 5376 ἐφίεντο
652 5303 1013 5375 πραγμάτων,
1038 5300 1133 5354 καὶ
1155 5303 1213 5365 ἐς
1232 5300 1408 5370 ἀρχὴν
1442 5299 1630 5373 ἐτέρου
1654 5300 1894 5370 πολέμου

297 5399 647 5454 καθίσταντο.
692 5396 848 5450 Ἐπεί
880 5412 939 5451 τε
972 5396 1126 5449 αὐτοὶ
1170 5393 1310 5447 κατὰ
1357 5394 1499 5462 σφᾶς
1526 5391 1712 5445 οὐκέτι
1758 5391 1895 5464 πρὸς

1999 4931 2205 4986 suasin
2238 4939 2354 4983 tuto
2393 4928 2761 4993 continentes,
2794 4940 2917 4982 sese
2966 4940 2998 4980 a
3036 4925 3313 4980 diuturnis
3331 4922 3591 4994 periculis

1998 5023 2301 5086 vindicare,
2326 5030 2488 5091 atque
2512 5018 2809 5091 aliquando
2836 5017 3059 5073 tandem
3098 5016 3168 5072 ab
3205 5015 3468 5071 aerumnis
3497 5029 3587 5068 re-

2000 5119 2233 5187 Spirare.
2268 5120 2340 5170 At
2361 5129 2490 5169 vero
2524 5129 2648 5169 cum
2676 5127 2773 5182 per
2793 5110 3183 5167 brevissimum
3216 5118 3431 5178 tempus
3463 5120 3588 5161 sese

2000 5206 2428 5270 continuissent,
2452 5219 2645 5260 rursus
2676 5218 2764 5258 res
2790 5218 2964 5258 nevas
2985 5202 3184 5266 moliti,
3205 5199 3432 5255 alterius
3458 5196 3586 5253 belli

2000 5299 2213 5354 semina
2251 5297 2520 5368 iecerunt.
2553 5295 2805 5365 Cumque
2837 5294 2943 5365 ipsi
2978 5309 3076 5364 per
3104 5308 3164 5350 se
3198 5294 3436 5363 impares
3462 5303 3588 5345 sese

1997 5391 2329 5462 iudicarent,
2369 5391 2459 5461 qui
2497 5389 2759 5459 deinceps
2798 5404 2921 5442 cum
2966 5385 3231 5441 Romanis
3272 5385 3587 5455 praeliaren-

398 5626 444 5658 ⁷³
479 5622 962 5691 ἀνακαλεσάμενος
998 5620 1095 5683 τὰς
1126 5620 1305 5691 addidi
1350 5636 1412 5691 ex
1455 5619 1547 5681 R.,
1587 5618 1758 5690 lntpr.
1790 5620 1855 5691 in,
1878 5637 1901 5673 tl

2008 5635 2049 5691 u_
2075 5619 2195 5688 jam
2252 5619 2543 5691 contractis
2584 5616 2927 5691 gemitibus.
2961 5612 3166 5691 Verum
3189 5618 3313 5691 ante
3348 5607 3588 5691 πολεμέν

294 5677 594 5751 articulum
646 5677 1185 5747 aestatemfméuat
1217 5690 1282 5744 R.
1357 5689 1404 5723 κο
1433 5691 1489 5743 δὲ
1528 5677 1752 5745 ἐιόό.’Β.
1804 5690 1901 5756 (Cl.

2030 5677 2285 5743 δι’λοιπιν
2317 5688 2383 5741 n.
2461 5690 2506 5720 ει
2532 5686 2626 5740 τοῦ
2672 5718 2742 5728 -
2770 5687 3018 5755 πολέμων
3046 5683 3171 5756 Par.
3218 5679 3291 5756 ,ξ’
3319 5677 3581 5756 τῇδεςὲ-

728 5746 731 5747 i
752 5746 1307 5835 διέμεμαρμένονῐῖη
1378 5779 1616 5833 μεμορμ.
1652 5746 1895 5835 νῃιδί]

2006 5760 2119 5835 ἷκην
2167 5760 2230 5814 R.
2256 5830 2287 5835 ﬂ
2306 5759 2355 5792 “
2375 5761 2573 5829 ἄριστα
2607 5757 2694 5821 R.,
2756 5746 2973 5825 ἄριστον
2995 5753 3141 5824 vulg.
3216 5749 3264 5783 ⁸⁷
3284 5767 3342 5803 τε
3358 5746 3490 5807 add.
3515 5746 3590 5805 Β.

295 5837 343 5870 ιε
375 5836 523 5891 οὕτω
559 5832 652 5891 ιι.⁷
683 5832 880 5905 ιυεάι,
911 5832 1083 5898 οὕτως
1104 5832 1228 5888 edd.

1305 5835 1352 5865 ⁸³
1375 5830 1655 5903 ὀμοσμένα
1682 5830 1759 5884 Η.
1823 5830 1870 5863 ὀ
1893 5830 2213 5902 κατέχοντες
2256 5830 2315 5885 R.
