4030 6454
534 382 661 454 1281

1716 377 2074 440 At‘rATIILE
2119 371 2605 436 SCHOLASTICI

3702 370 3820 438 1382

535 518 647 573 tur;
683 507 866 561 statim
891 505 968 560 ad
998 505 1238 559 Francos
1267 518 1325 559 se
1353 508 1764 562 converterunt,
1817 498 2011 552 melius
2037 511 2126 549 res

2240 491 2546 562 Ῥωμαίους
2576 487 2864 560 ἀξιόμαχοι
2894 486 3062 559 ῷοντο
3082 482 3245 554 εἶναι,
3286 485 3510 540 αὐτίκα
3539 487 3694 557 παρὰ
3713 492 3824 555 τοὺς

537 612 670 652 suas
720 597 999 650 habituras
1057 598 1177 661 rati,
1231 595 1624 660 utilitati-mque
1671 607 1732 644 se
1792 590 1916 642 inde
1957 589 2115 655 longe

539 687 867 740 ulmrrimam
899 698 1269 756 percepturos,
1305 683 1350 737 si
1383 697 1506 734 rum
1532 679 1777 734 ﬁnitimis
1812 685 1864 733 et
1895 677 2112 746 propin-

538 777 663 848 quis
699 779 954 831 societale
998 776 1128 828 inita
1167 775 1363 828 bellum
1397 771 1610 826 facilius
1643 772 2037 823 instaurarent.

2219 583 2502 656 Φράγγους
2538 581 2860 651 ἐτράποντο,
2889 581 3110 650 ἄμεινον
3143 580 3338 648 σφίσιν
3376 579 3576 642 αὐτοῖς
3611 580 3678 633 τὰ
3704 599 3824 654 παρ.

2220 672 2350 725 όντα
2375 672 2592 725 ἔσεσθαι
2622 671 2922 741 κρίνοντες,
2954 670 3049 722 καὶ
3077 669 3173 740 τὴν
3198 669 3495 738 ὠφέλειαν
3533 670 3594 732 ἐς
3630 668 3711 723 ὅτι
3742 674 3828 738 μά-

2221 763 2379 818 λιστα
2435 763 2856 835 διαρκεστάτην,
2895 763 3011 831 εἴγε
3063 763 3120 830 ἐξ
3153 763 3388 833 ὁμόρων
3434 777 3500 813 τε
3550 760 3646 814 καὶ
3676 763 3826 816 ἀστυ·

537 869 794 938 γειτόνων
822 870 1135 940 ξυμμαχίαν
1167 866 1498 937 ἐπαγόμενοι
1540 861 1660 918 εἶτα
1677 865 1721 896 ⁹¹
1758 865 1951 916 Θᾶττον
1990 860 2442 931 ἀναμαχέσοιντο.

607 965 663 1017 ‘2.
707 964 844 1018 Sunt
874 965 1017 1017 cnim
1053 963 1249 1018 Franci
1283 963 1431 1018 Italis
1463 961 1663 1017 accolae
1688 971 1743 1015 et
1773 958 2116 1024 contermini,

538 1055 667 1108 olim
727 1055 855 1108 dicti
903 1053 1199 1119 Germani;
1245 1055 1390 1123 quod
1449 1052 1672 1123 quidem
1717 1051 1850 1105 satis
1887 1059 2117 1105 constat.

539 1144 673 1200 Nam
716 1146 861 1200 circa
900 1144 1149 1200 Rhenum
1183 1146 1406 1200 [luvium
1438 1146 1703 1211 habitant,
1737 1153 1792 1198 et
1831 1145 2122 1198 continen-

540 1247 646 1293 tem
676 1239 724 1292 ei
753 1238 1117 1308 adjacentcm,
1152 1241 1559 1309 maximamque
1591 1239 1891 1293 Galliarum
1916 1245 2123 1307 partem

538 1345 833 1403 occupant,
885 1351 993 1388 nm
1036 1335 1258 1404 quidem
1305 1335 1417 1406 jam
1469 1335 1598 1389 olim
1640 1333 1708 1388 ab
1747 1335 1880 1404 ipsis
1919 1347 2129 1402 posses-

540 1440 680 1489 sam,
729 1425 821 1478 sed
860 1426 1130 1492 posterius
1180 1426 1534 1494 acquisitam.
1573 1423 1872 1478 Massiliam
1899 1437 2124 1492 quoque

543 1515 733 1568 urbem
777 1524 983 1576 tenent,
1020 1517 1206 1569 lonum
1259 1517 1553 1569 coloniam.
1607 1513 1757 1568 llanc
1804 1513 1950 1567 enim
1995 1513 2125 1566 olim

545 1607 854 1661 Phocenses
887 1623 951 1661 ex
981 1608 1108 1662 Asia
1132 1623 1162 1662 a
1196 1607 1365 1662 Medis
1389 1608 1529 1677 pulsi
1571 1607 1935 1670 incoluerunt,
1967 1606 2127 1661 Dario

546 1699 828 1769 Hystaspis
873 1701 985 1755 lilio
1025 1702 1166 1770 apud
1202 1701 1398 1756 Persas
1443 1712 1740 1772 regnante;
1777 1709 1832 1756 et
1864 1717 2009 1755 nunc
2059 1715 2124 1754 ex

545 1790 856 1845 Grmcauica
903 1799 986 1845 est
1020 1793 1326 1846 barbarica.
1368 1791 1550 1846 l’atria
1589 1793 1734 1846 enim
1787 1793 1862 1845 rei
1897 1792 2126 1860 publica:

2301 957 2365 1027 β’.
2409 957 2696 1028 Πρόσοικοί
2718 975 2776 1010 τε
2793 958 2837 989 ⁹²
2862 957 2969 1028 γάρ
2993 959 3098 1011 είσι
3120 960 3186 1028 τῇ
3223 955 3446 1028 Ἰταλίᾳ
3473 955 3571 1010 καὶ
3592 957 3828 1028 ἀγχιτέρι

2231 1066 2392 1120 μονες
2436 1049 2498 1102 τὸ
2535 1050 2692 1117 γένος
2735 1049 2843 1102 τῶν
2872 1051 3160 1120 Φράγγων.
3212 1048 3352 1103 Εἶεν
3412 1050 3458 1101 δ’
3495 1049 3565 1101 ἂν
3617 1044 3755 1102 οὗτοι
3787 1055 3828 1104 oi

2229 1139 2396 1192 πάλαι
2423 1141 2814 1210 ὀνομαζόμενοι
2844 1140 3132 1210 Γερμανοί.
3165 1140 3349 1209 Δῆλον
3381 1139 3444 1192 δέ
3472 1156 3486 1169 °
3533 1139 3680 1209 ἀμφὶ
3715 1140 3826 1209 Ῥῆ-

2222 1249 2313 1284 νον
2346 1231 2455 1303 γὰρ
2499 1233 2741 1302 ποταμὸν
2787 1232 2994 1285 οἰκοῦσι
3038 1232 3136 1285 καὶ⁵
3183 1233 3289 1302 τὴν
3349 1231 3537 1302 ταύτῃ
3596 1233 3824 1302 ῆπειρον,

2227 1322 2410 1394 ἔχουσι
2464 1321 2583 1375 δὲ⁹³
2631 1323 2724 1376 καὶ
2759 1323 2797 1374 Γ
2801 1322 3000 1375 αλλιῶν
3044 1322 3113 1375 τά
3165 1321 3438 1386 πλεῖστα,
3475 1322 3540 1374 ού
3580 1322 3823 1394 πρότερον

2229 1415 2363 1484 πρὸς
2393 1415 2574 1468 αὐτῶν
2610 1415 2972 1485 κατεχόμενα,
3021 1415 3135 1468 ἀλλ’
3169 1414 3417 1486 ὕστερον
3451 1413 3822 1483 ὲπικτηθέντα,

2234 1509 2329 1561 καὶ
2359 1509 2460 1578 τὴν
2502 1508 2822 1561 Μασσαλίαν
2875 1509 3049 1571 πόλιν,
3103 1508 3229 1572 τοὺς
3296 1507 3511 1560 Ἰώνων
3559 1507 3819 1572 ἀποίκους.

2235 1598 2453 1666 Ταύτην
2481 1598 2588 1669 γὰρ
2614 1599 2676 1669 δὴ
2707 1599 2875 1652 πάλαι
2898 1602 3145 1662 Φωκαεῖς
3171 1599 3228 1666 ἐξ
3280 1600 3486 1664 Ἀσίας
3518 1600 3627 1652 ὑπὸ
3650 1603 3822 1670 Μήδων

2231 1688 2564 1752 ἀναστάντες
2614 1689 2926 1760 κατῴκισαν
2943 1690 3008 1754 ’⁵,
3061 1690 3296 1760 Δαρείου
3351 1689 3456 1742 τοῦ
3517 1690 3821 1745 ’Υστάσπεω

2235 1781 2458 1850 Περσῶν
2511 1780 2904 1850 βασιλεύοντος,
2953 1782 3046 1835 καὶ
3091 1781 3186 1835 νῦν
3245 1781 3313 1845 ἐξ
3370 1782 3688 1851 Ἑλληνίδος
3724 1787 3820 1837 ἐστὶ

547 1885 1020 1938 administratione
1065 1886 1301 1954 abjccla,
1351 1887 1734 1955 imperantium
1770 1887 1980 1955 legibus
2016 1888 2124 1940 uti-

2231 1870 2581 1943 βαρϐαρική·
2633 1873 2732 1942 τὴν
2781 1873 2890 1943 γὰρ
2941 1874 3168 1944 πάτριον
3204 1874 3642 1944 ἀποϐεϐληκυῖα
3692 1877 3819 1929 πολι-

548 1984 656 2030 tur.
709 1973 932 2028 Videtur
980 1992 1108 2029 vero
1148 1977 1310 2030 etiam
1347 1977 1528 2041 hodie,
1559 1977 1662 2046 17
1693 1993 1796 2030 non
1833 1977 2124 2032 admodum

547 2067 775 2133 pristina
821 2068 1120 2122 incolarum
1172 2070 1433 2138 dignitate
1488 2069 1736 2123 inferior.
1790 2069 1927 2123 Sunt
1980 2069 2126 2123 enim

548 2155 739 2212 Franci
789 2175 895 2212 non
939 2173 1294 2227 campestres,
1329 2175 1386 2216 ut
1429 2161 1541 2215 fere
1575 2161 1820 2230 plerique
1864 2161 2129 2215 barbaro-

548 2265 689 2313 rum,
728 2252 820 2305 sed
854 2261 907 2305 et
939 2253 1144 2320 politia,
1179 2263 1237 2306 ιιι
1264 2254 1582 2322 plurimum,
1618 2261 1846 2307 utuntur
1877 2251 2125 2308 Romana

544 2351 597 2394 et
638 2342 846 2408 legibus
898 2343 1125 2410 iisdem;
1161 2345 1405 2400 eaindcm
1450 2348 1611 2400 etiam
1653 2354 2034 2399 contractuum
2075 2354 2129 2399 et

544 2435 854 2503 nuptiarum
906 2436 1170 2489 rationem
1218 2445 1273 2490 et
1319 2437 1489 2490 divini
1531 2437 1771 2490 numinis
1809 2437 2012 2490 cultum
2052 2446 2129 2490 te-

543 2538 692 2582 nent.
719 2527 1016 2583 Chrisﬁani
1042 2530 1190 2584 enim
1229 2545 1422 2584 omnes
1449 2540 1597 2594 sunl,
1627 2531 2042 2598 rectissimeque
2063 2529 2130 2584 de

546 2619 655 2673 Deo
699 2621 963 2674 sentiunt.
1002 2619 1216 2675 Habent
1247 2634 1300 2676 et
1339 2623 1692 2690 magistratus
1736 2623 1790 2676 in
1823 2623 2049 2676 urbibus
2076 2630 2132 2676 et

543 2711 890 2776 sacerdotes;
945 2711 1082 2766 festa
1136 2714 1299 2766 etiam
1347 2713 1572 2782 perinde
1621 2723 1783 2783 atque
1836 2729 1936 2769 nos
1991 2714 2129 2768 cele-

546 2800 724 2861 brant,
745 2807 797 2850 et
837 2813 936 2866 pro
985 2798 1217 2852 barbara
1267 2800 1488 2853 natione
1523 2801 1678 2854 valde
1716 2800 1847 2853 mihi
1880 2791 2130 2855 videntur

542 2887 735 2940 civiles
767 2895 822 2940 et
847 2887 1076 2949 urbani;
1113 2890 1396 2958 nihiloque
1435 2905 1465 2944 a
1500 2891 1659 2945 nobis
1691 2891 1929 2959 differre,
1962 2908 2128 2962 quam

545 2978 892 3032 solummodo
913 2979 1199 3034 barbarico
1231 2982 1430 3035 vestitu
1465 2991 1519 3036 ct
1550 2983 1747 3052 lingua:
1775 2985 2126 3052 proprietate.

543 3066 658 3137 Ego
693 3077 840 3124 certe
896 3083 991 3124 eos
1039 3085 1163 3124 cum
1219 3071 1289 3124 ob
1337 3071 1445 3125 alia
1497 3072 1696 3138 quibus
1747 3074 1954 3142 praediti
2001 3083 2130 3128 sunt

548 3161 712 3225 bona,
761 3171 874 3214 tum
924 3177 1054 3216 vero
1097 3162 1167 3216 ob
1200 3171 1446 3216 mutuam
1485 3163 1627 3218 inter
1663 3179 1722 3218 se
1764 3164 2032 3233 justitiam
2077 3176 2131 3221 et

2228 1961 2401 2026 τείαν,
2430 1964 2540 2023 τοῖς
2573 1961 2680 2013 τῶν
2702 1961 3047 2029 κρατούντων
3075 1963 3276 2032 χρῆται
3316 1962 3585 2030 νομίμοις
3599 1963 3665 2014 ⁸⁵.
3711 1965 3818 2015 Φαί-

2230 2052 2477 2106 νεταιοδὲ
2508 2055 2601 2106 καὶ
2629 2053 2723 2106 νῦν
2755 2055 2814 2106 ού
2852 2055 2994 2124 μάλα
3028 2055 3126 2123 τῆς
3158 2055 3324 2118 ἀξίας
3355 2053 3451 2126 [Ρ.
3480 2053 3570 2126 15]
3604 2056 3707 2107 τῶν
3735 2073 3816 2108 πα-

2231 2144 2398 2198 λαιῶν
2427 2146 2726 2216 οἰκητόρων
2756 2146 3157 2218 καταδεεστέρα
3175 2146 3242 2199 ’⁸.
3286 2148 3418 2199 Εἰσὶ
3444 2148 3560 2218 γὰρ
3589 2149 3638 2201 οἱ
3663 2149 3815 2217 Φραγ-

2231 2252 2315 2304 γοι
2335 2237 2395 2288 οῦ
2419 2237 2668 2307 νομάδες,
2698 2236 2886 2308 ὥσπερ
2912 2237 3102 2307 ἀμέλει
3119 2237 3163 2268 ⁸⁷
3190 2238 3332 2290 ἔνιοι
3369 2238 3485 2291 τῶν
3519 2237 3809 2310 βαρϐάρων,

2230 2329 2368 2382 ἀλλὰ
2411 2332 2504 2382 καὶ
2530 2330 2776 2400 πολιτεία
2799 2330 2874 2393 ὡς
2904 2331 2973 2383 τὰ
3018 2329 3188 2384 πολλὰ
3220 2330 3482 2401 χρῶνται
3532 2331 3808 2400 Ῥωμαϊκῇ,

2233 2423 2330 2476 καὶ
2358 2423 2542 2493 νόμοις
2571 2427 2685 2488 τοῖς
2716 2425 2920 2489 αὐτοῖς,
2959 2425 3053 2477 καὶ
3082 2425 3149 2478 τὰ
3187 2425 3333 2477 ἀλλα
3365 2425 3580 2494 ὁμοίως
3610 2425 3741 2494 ἀμφί
3765 2440 3809 2476 τι

2229 2512 2298 2566 τὰ
2328 2513 2628 2582 συμϐόλαια
2673 2515 2766 2567 καὶ
2815 2516 3044 2584 γάμους,
3096 2516 3191 2568 καὶ
3221 2515 3324 2586 τὴν
3357 2514 3458 2567 τοῦ
3489 2515 3646 2568 Θείου
3673 2516 3807 2584 Θερα-

2231 2607 2394 2659 πείαν
2410 2607 2455 2638 ’⁸
2490 2605 2819 2676 νομίζουσιν.
2864 2608 3178 2678 Χριστιανοὶ
3208 2610 3326 2676 γὰρ
3359 2609 3609 2670 ἅπαντες
3633 2609 3799 2676 τυγχάο

2230 2712 2412 2747 νουσιν
2445 2694 2594 2758 ὅντες
2627 2697 2721 2749 καὶ
2747 2699 2810 2765 τῇ
2839 2697 3103 2768 ὀρθοτάτη
3131 2698 3419 2768 χρώμενοι
3446 2699 3577 2769 δόξῃ
3599 2715 3611 2726 ·
3650 2698 3801 2767 ἔχουσι

2229 2785 2286 2839 δὲ
2319 2785 2414 2839 καὶ
2441 2785 2705 2856 ἄρχοντας
2752 2788 2809 2840 ἐν
2840 2790 2959 2849 ταῖς
3001 2790 3188 2841 πόλεσι
3218 2793 3320 2843 καὶ
3376 2793 3568 2861 ἱερεῖς,
3613 2791 3701 2843 καὶ
3724 2791 3803 2851 τὰς

2231 2877 2425 2948 ἑορτὰς
2451 2877 2651 2948 ὁμοίως
2676 2881 2808 2948 ἡμῖν
2836 2879 3167 2946 ἐπιτελοῦσι,
3201 2881 3321 2943 καὶ,
3374 2881 3454 2945 ὡς
3481 2885 3541 2934 ἐν
3571 2880 3797 2951 βαρϐάρῳ

2231 2969 2398 3036 γένει,
2443 2969 2631 3040 ἔμοιγε
2671 2969 2886 3023 δοκοῦσι
2925 2971 3129 3041 σφόδρα
3161 2968 3310 3024 εἶναι
3357 2974 3583 3043 κόσμιοί
3629 2990 3682 3024 τε
3725 2973 3798 3024 καὶ

2231 3059 2566 3113 ἀστε.ότατοι
2617 3060 2712 3113 καὶ
2755 3061 2905 3114 οὐδέν
2952 3063 3062 3114 τι⁹⁹
3108 3061 3254 3131 ἔχειν
3300 3063 3366 3115 τὸ
3412 3062 3795 3129 διαλλάττον,ή

2236 3151 2394 3220 μόνον
2424 3149 2484 3202 τὸ
2515 3149 2848 3220 βαρϐαρικὸν
2886 3151 2985 3222 τῆς
3020 3153 3209 3222 στολῆς
3257 3155 3358 3208 καὶ
3395 3154 3456 3206 τὸ
3503 3153 3603 3223 τῆς
3643 3155 3798 3222 φωνῆς

542 3253 891 3307 concordiam
944 3255 1536 3322 summopere..miror.
1597 3254 1929 3325 Frequenter
1979 3258 2126 3312 enim

2233 3239 2455 3304 ἰδιάζον.
2493 3243 2738 3311 Ἀγαμαι
2770 3243 2878 3313 γὰρ
2923 3244 3120 3307 αὐτοὺς
3159 3247 3216 3308 ὲς
3258 3245 3332 3298 τὰ
3367 3246 3607 3316 μάλιστα
3646 3245 3794 3312 ἔγωγε

539 3343 652 3411 jam
678 3353 731 3397 et
756 3344 884 3398 olim
919 3353 974 3399 et
1001 3360 1122 3399 mea
1147 3355 1304 3400 relate
1331 3346 1491 3401 modo
1519 3347 1662 3400 inter
1695 3358 1825 3413 tres,
1859 3349 2024 3404 modo
2054 3349 2129 3404 in-

548 3445 628 3487 ter
665 3434 848 3504 p!nres
881 3436 1060 3490 diviso
1085 3437 1216 3504 ipsis
1251 3437 1499 3506 imperio,
1542 3454 1820 3508 nunquam
1863 3440 2128 3496 adversus

547 3540 669 3578 sese
700 3537 890 3579 mutuo
921 3525 1121 3579 bellum
1157 3527 1414 3592 movisse,
1451 3542 1628 3596 neque
1670 3529 1816 3582 civili
1859 3530 2127 3598 sanguine

549 3615 784 3683 patriam
835 3615 1155 3684 inquinasse
1188 3627 1424 3672 constat.
1458 3617 1623 3686 Atqui
1673 3617 1732 3672 Iit
1775 3617 1905 3681 fere,
1934 3628 1998 3672 ut
2035 3618 2125 3672 ubi

549 3707 729 3776 magni
763 3715 891 3760 sunt
927 3708 1200 3762 exercitus
1252 3709 1476 3778 aequalis
1515 3718 1610 3762 aut
1667 3708 1845 3763 dubiae
1879 3710 2021 3763 inter
2069 3724 2129 3764 se

549 3799 822 3865 potentiae,
866 3797 938 3852 ibi
976 3799 1140 3852 etiam
1183 3799 1350 3852 animi
1405 3799 1665 3853 elatiores
1720 3797 2128 3869 inﬂatioresque

547 3891 799 3956 evadant,
859 3899 914 3945 et
959 3891 1266 3945 ambitiosae
1324 3891 1704 3946 aunulationes
1747 3901 1802 3946 et
1847 3892 1916 3946 de
1953 3892 2128 3961 primo

549 3977 772 4030 honoris
816 3978 986 4046 gradu
1018 3978 1396 4032 contentiones
1436 3977 1638 4045 aliique
1683 3979 1954 4033 innumeri
1997 3979 2128 4034 affe-

547 4075 669 4120 ctus
702 4066 1024 4120 tumultibus
1057 4067 1164 4136 18
1185 4075 1240 4121 et
1263 4067 1623 4122 seditionibus
1652 4067 1936 4138 gignendis
1962 4070 2128 4137 aptis-

545 4158 668 4212 simi
723 4157 1301 4228 suborianturzapud
1355 4159 1479 4215 illos
1535 4168 1740 4225 tamen,
1804 4161 2021 4215 tametsi
2070 4162 2124 4215 in

545 4266 710 4318 quam
759 4252 1030 4318 plurimos
1077 4251 1419 4321 principatus
1450 4267 1545 4307 eos
1587 4267 1710 4308 esse
1743 4252 1948 4306 divisos
1991 4269 2126 4308 con-

551 4342 746 4410 tingat,
781 4342 915 4394 nihil
953 4341 1060 4395 tale
1095 4358 1197 4396 usu
1229 4343 1409 4409 venit;
1457 4345 1548 4398 sed
1578 4345 1622 4397 si
1654 4360 1776 4412 qua:
1815 4342 1951 4398 forte
1987 4343 2128 4398 inter

549 4431 820 4500 principes
845 4432 1058 4486 oriatur
1077 4433 1464 4497 controversia,
1496 4448 1688 4487 omnes
1713 4433 1931 4502 quidem
1954 4432 2126 4486 aciem

551 4526 831 4578 instruunt
883 4535 1140 4593 tanquam
1194 4525 1262 4578 ad
1313 4524 1623 4580 bellandum
1683 4540 1908 4594 remque
1957 4525 2125 4579 armis
2157 4562 2202 4615 ο

548 4614 946 4668 decernendam
969 4631 984 4680 ;
1011 4615 1206 4670 deinde
1230 4616 1393 4670 simul
1422 4618 1774 4684 conveniunt,
1799 4618 2127 4687 conspicata:

548 4718 677 4756 vero
701 4718 820 4757 sese
846 4703 1104 4773 utrinque
1132 4705 1323 4774 copim,
1353 4707 1538 4760 statim
1568 4707 1776 4776 abjecta
1803 4705 2121 4772 oﬂ'ensione,

549 4795 614 4847 ad
646 4794 996 4848 concordiam
1023 4795 1274 4857 redeunt,
1304 4795 1603 4866 iubentque
1633 4806 1688 4850 ut
1715 4798 1983 4866 principes
2003 4797 2126 4866 jure

549 4886 730 4954 potius
755 4888 1162 4944 controversias
1191 4889 1525 4956 decernant;
1556 4889 1639 4943 sin
1675 4889 1875 4955 minus,
1910 4897 1967 4942 ut
2007 4889 2124 4942 sin-

547 4976 720 5046 gulari
759 4977 899 5030 inter
930 4991 988 5030 se
1018 4978 1317 5032 certamine
1347 4987 1530 5046 agant,
1573 4989 1626 5032 et
1661 4992 1883 5032 suorum
1909 4977 2124 5046 ipsimet

549 5069 784 5138 capitmn
839 5070 1140 5139 periculum
1199 5071 1414 5124 adeant.
1464 5070 1647 5140 Neque
1695 5070 1838 5124 enim
1885 5069 2121 5139 aequitati

546 5175 640 5218 aut
672 5164 859 5233 patria:
887 5167 1272 5220 consuetudini
1313 5174 1739 5222 consentaneum
1777 5174 2020 5230 censent,
2067 5175 2124 5221 ut

550 5258 771 5326 privatae
813 5256 1060 5326 ipsorum
1111 5256 1407 5312 simultatis
1452 5273 1619 5314 c:msa
1655 5273 1744 5312 res
1781 5258 1994 5327 publica
2041 5257 2122 5311 la-

2229 3333 2338 3386 τῶν
2358 3349 2418 3388 τε
2447 3332 2622 3388 ἄλλων
2643 3329 2716 3387 ὧν
2741 3335 2951 3406 ἔχουσιν
2973 3336 3194 3403 ἀγαθῶν
3219 3338 3324 3390 καὶ
3351 3337 3456 3407 τῆς
3483 3339 3539 3400 ἐς
3567 3335 3795 3404 ἀλλήλους

2226 3427 2571 3498 δικαιοσύνης
2599 3445 2660 3481 τε
2698 3428 2794 3480 καὶ
2825 3430 3049 3498 ὁμονοία
3061 3447 3101 3492 ;.
3144 3430 3423 3494 Πολλάκις
3455 3431 3564 3502 γάρ
3597 3430 3688 3500 ήδη
3715 3427 3791 3479 καὶ

2229 3521 2513 3592 πρότερον,
2542 3521 2638 3574 καὶ
2661 3521 2760 3590 μὲν
2790 3520 2854 3592 δὴ
2881 3523 2976 3575 καὶ
2998 3521 3076 3592 τῷ
3096 3525 3110 3553 ¹
3149 3523 3274 3575 κατ’
3303 3523 3408 3594 ἐμὲ
3438 3524 3636 3594 χρόνῳ,
3660 3520 3792 3589 τυχὸν

2227 3611 2286 3664 δὲ
2320 3612 2412 3664 καὶ
2444 3613 2500 3675 ἐς
2529 3611 2746 3676 πλείους
2795 3614 3067 3683 ἡγεμόνας
3093 3615 3114 3645 ²
3157 3615 3259 3684 τῆς
3290 3615 3474 3686 ἀρχῆς
3506 3615 3679 3676 αὐτοῖς
3711 3627 3789 3680 με-

2230 3702 2584 3774 μερισμένης,
2609 3703 2895 3757 οὐπώποτε
2917 3705 3148 3775 πόλεμον
3172 3706 3382 3777 ἤραντο
3410 3706 3530 3759 κατ’
3554 3703 3788 3774 ἀλλήλων,

2226 3793 2350 3845 οὐδὲ
2375 3794 2569 3864 αἵματι
2596 3795 2846 3866 ἐμφυλίῳ
2874 3794 2973 3865 τὴν
3011 3796 3243 3868 πατρίδα
3277 3797 3530 3866 ἔγνωσαν
3559 3793 3783 3866 μιαίνειν.

2227 3884 2421 3939 Καίτοι
2470 3884 2596 3940 ἔνθα
2637 3886 2702 3939 ἂν
2735 3886 2966 3958 μεγάλαι
2999 3887 3256 3958 δυνάμεις
3308 3888 3589 3962 ίσόρροποί
3631 3903 3684 3939 τε
3711 3883 3786 3938 καὶ

2227 3977 2560 4049 ἀμφήριστοι
2580 3979 2922 4046 ἀναφανεῖεν,
2945 3977 3180 4033 ἐνταῦθα
3206 3981 3428 4050 ἀνάγκη
3449 3982 3469 4012 ³
3496 3979 3782 4050 φρονήματα

2228 4069 2495 4139 ςρύεσθαι⁴⁵
2527 4071 2739 4142 σκληρὰ
2767 4073 2860 4124 καὶ
2896 4072 3131 4142 ὀγκώδη,
3168 4073 3481 4144 φιλοτιμίαι
3511 4091 3591 4137 τε,
3619 4071 3782 4137 ὥσπερ

2228 4163 2394 4226 εἰκὸς,
2431 4163 2709 4218 ὠδίνονται
2739 4165 2834 4218 καὶ
2872 4165 3266 4234 φιλοπρωτεῖαι
3287 4167 3331 4233 ⁵,
3386 4166 3480 4218 καὶ
3509 4163 3638 4217 ἀλλα
3667 4161 3777 4213 ἄττα

2231 4254 2401 4333 μυρία
2428 4255 2683 4325 ταραχῶν
2716 4273 2774 4308 τε
2819 4256 2914 4309 καὶ
2967 4257 3206 4309 στάσεων
3251 4255 3604 4328 γονιμώτατα
3635 4248 3776 4316 πάθη.

2230 4346 2418 4414 Ὅμως
2449 4348 2576 4418 παρ’
2608 4347 2833 4410 ἐκείνοις
2879 4351 2925 4399 εἰ
2974 4349 3066 4400 καὶ
3093 4350 3151 4411 ἐς
3182 4348 3446 4411 πλείστας
3475 4349 3601 4408 ὅσας
3631 4341 3775 4412 ἀρχάς

2227 4435 2440 4506 τύχοιεν
2484 4435 2820 4508 διῃρημένοι,
2855 4439 3007 4490 οὐδὲν
3034 4441 3061 4491 ὅ
3089 4440 3179 4492 τι⁶
3209 4441 3413 4494 τοιόνδε
3452 4439 3771 4508 ξυμφέρεται.

2245 4527 2380 4580 Ἀλλ’
2409 4528 2566 4592 είπερ
2597 4527 2703 4597 ἄρα
2734 4529 2826 4581 καί
2872 4547 2990 4582 τινα
3015 4531 3034 4561 ⁷
3073 4530 3187 4602 ἔριν
3223 4535 3338 4596 τοῖς
3373 4529 3672 4602 βασιλεῦσιν
3693 4526 3769 4590 ἐγ-

2230 4617 2480 4686 γενέσθαι
2527 4617 2904 4688 ξυνενεχθείη,
2952 4621 3386 4691 παρατάττονται
3422 4621 3520 4692 μὲν
3564 4618 3767 4671 ἅπαντες

2224 4708 2297 4771 ὡς
2329 4709 2726 4779 πολεμήσοντες
2772 4711 2867 4762 καὶ
2915 4715 3028 4775 τοῖς
3073 4713 3258 4778 ὅπλοις
3305 4709 3763 4782 διακριθησόμενοιι

2225 4801 2318 4855 καὶ
2338 4795 2456 4854 εἶτα
2483 4801 2647 4870 ὁμόσε
2680 4801 2947 4872 χωροῦσιν
2970 4818 2984 4832 ⁰
3019 4805 3217 4869 ἰδόντες
3245 4806 3302 4860 δὲ
3334 4805 3585 4875 ἀλλήλους
3611 4793 3764 4851 ἑκατέ-

2225 4892 2394 4963 ρωθεν
2425 4893 2457 4962 ή
2493 4892 2717 4963 πληθὺς,
2745 4895 2942 4949 αὐτίκα
2971 4897 3030 4950 τὸ
3057 4897 3380 4967 χαλεπαῖνον
3405 4885 3762 4950 ἀποϐαλόντες⁶

2225 4986 2282 5048 ἐς
2322 4984 2700 5055 ὁμοφροσύνην
2747 4989 3158 5059 μεταχωροῦσι,
3211 4991 3305 5044 καὶ
3350 4990 3473 5050 τοὺς
3524 4981 3758 5055 ἡγεμόναῖ

2227 5076 2507 5130 κελεύουσι
2528 5077 2650 5151 δίκῃ
2675 5078 2873 5148 μᾶλλον
2893 5081 2962 5133 τὰ
2990 5081 3266 5152 ἀμφίϐολα
3290 5072 3754 5151 διευκρινήσασθαι·

2225 5169 2273 5220 εἰ
2303 5169 2360 5220 δὲ
2390 5168 2486 5238 μὴ,
2521 5169 2714 5239 μόνους
2743 5169 2982 5235 ἐκείνους
3004 5173 3385 5242 ἀγισινίξεσθαι,
3417 5171 3504 5224 καὶ
3533 5170 3586 5220 ὲν
3605 5161 3753 5232 σφίσιν

2228 5259 2408 5322 αὐτοῖς
2433 5258 2872 5330 διακινδυνεύειν,
2899 5262 2973 5326 ὡς
3006 5265 3103 5333 οὐχ
3138 5264 3281 5318 ὅσιον
3311 5265 3368 5318 ὃν
3395 5261 3511 5315 οὐδὲ
3540 5257 3748 5324 πάτριον,

616 5510 658 5585 ’_‘
703 5503 1454 5585 é;_eica_li__d\iapaxésozyco
1487 5509 1576 5585 Ῐξ..
1611 5506 2181 5585 ι⁴1ιναμαχεξοιν³ιτοξιιις.¹
2235 5509 2280 5539 θ’
2307 5525 2369 5585 τε
2391 5509 2514 5585 add.
2547 5510 2613 5564 fr.
2636 5521 2688 5566 cl
2803 5515 2868 5583 τῇ
2909 5514 3108 5585 Ἰταλίᾳ
3138 5513 3225 5582 3.,
3259 5498 3742 5585 1i;'l_ra).i9_€.'llf§:g

547 5579 749 5654 ταύτης
773 5577 881 5654 ll.“
912 5579 1045 5654 “et
1073 5577 1170 5654 R.,.
1193 5595 1255 5646 γε
1289 5579 1432 5654 vulg.
1477 5579 1551 5654 _"
1573 5577 1922 5654 κατῴκησαν.
1995 5577 2040 5608 9⁵
2060 5578 2182 5654 νομί

2189 5596 2306 5652 μοις
2337 5577 2423 5642 IL,
2452 5582 2636 5650 νόμοις
2665 5583 2807 5652 vulg.

2886 5585 2930 5615 ⁸⁸
2951 5567 3368 5656 καταδεέστερόν
3401 5581 3458 5632 ιι.
3521 5575 3567 5656 ’ί
3588 5567 3745 5656 ἀμέξξι

550 5664 659 5700 om.
694 5635 761 5701 fr.
826 5648 882 5723 _”
917 5649 1014 5719 τήν
1068 5635 1449 5723 τεῦέραπείαν
1467 5647 1538 5701 ﬂ.
1613 5635 2128 5723 ’ξ-καῖοὖδένΔτιίιῆ

2290 5635 2303 5640 -
2413 5635 2422 5642 ,
2518 5635 2529 5650 ,
2617 5635 2632 5645 .
2759 5635 2787 5652 υ
3546 5645 3567 5656 _
3625 5635 3633 5639 .

2257 5648 2344 5713 IL,
2379 5653 2523 5720 vulg.
2550 5652 2701 5705 οὐδέν
2723 5669 2781 5705 τε
2855 5653 2994 5706 ¹καὶ
3033 5655 3111 5723 τῷ
3149 5658 3235 5720 IL,
3297 5654 3388 5708 καὶ
3430 5653 3482 5701 ἐν
3505 5663 3576 5723 τῳ
3601 5635 3739 5723 dﬂigi-

551 5719 797 5792 καὶ-αηιο
824 5718 879 5775 ἐς
911 5703 1020 5792 oni.
1068 5719 1167 5792 fr._
1195 5703 1234 5792 ri
1273 5720 1544 5792 ἡγεμόνας
1585 5717 1710 5792 add.
1733 5787 1747 5792 _
1777 5732 1840 5771 cx
1873 5716 1936 5768 Β.
1974 5716 2040 5792 [ι’.
2076 5728 2128 5792 et

2230 5703 2634 5792 lperriuZipcs.
2656 5703 2688 5705 ﬂ
2711 5723 2730 5752 ³
2758 5703 2992 5792 ἀνάγκη
3503 5715 3521 5745 δ

554 5783 616 5863 ιι.
639 5787 844 5863 Lugd.,
884 5789 1076 5863 φύεται
1105 5789 1226 5863 edd.
1259 5783 1555 5863 τεξοὶιιητξ.
1626 5786 2128 5863 ξιριλοπρωτεῐαι]

2244 5783 2611 5863 ξριλοπρωτίαι
2665 5793 2810 5863 vulg.
2857 5783 2997 5849 éui.

3099 5797 3119 5827 θ
3163 5797 3223 5848 ού
3269 5797 3331 5848 τὸ
3388 5789 3445 5842 R.
3500 5787 3634 5855 [ποῦ
3681 5787 3738 5820 τι·

555 5859 570 5884 ⁷
604 5871 723 5908 τινα
760 5860 821 5907 ιι.
877 5867 929 5909 et
962 5857 1052 5924 fr.,
1080 5857 1181 5910 τιν⁸
1243 5861 1382 5930 γυις.
1461 5860 1481 5892 ⁸
1509 5854 1869 5920 ἀποϐαλόντες
1892 5855 1959 5911 fr.
1995 5865 2047 5911 et
2073 5854 2128 5909 Ri

2233 5854 2585 5924 ποϐάλλοντες
2612 5863 2754 5933 vulg.

3487 5932 3518 5953 δ
