4030 6468
382 391 530 461 1283

1585 398 2126 459 HISTORIARUM
2159 398 2392 460 LIBER
2426 401 2478 459 I.

3536 404 3669 476 15385

373 509 520 572 ἰδίας
548 507 728 563 αὐτῶν
762 508 925 562 ἕνεκα
954 508 1277 581 δυσμενείας
1311 509 1379 563 τά
1413 508 1569 562 κοινά
1600 505 1952 580 πημαίνεσθα

2084 506 2391 563 hel‘actetur
2417 517 2471 562 et
2492 509 2859 562 subvertatur.
2887 506 3185 564 Confestim
3218 510 3400 578 itaque
3431 520 3483 564 et
3512 528 3666 565 exer-

371 600 473 652 καὶ
502 600 932 670 ἀνατετράφθαι.
994 601 1171 665 Εὐθὺς
1209 602 1313 672 δὴθ
1344 596 1436 655 οὖν
1471 601 1570 664 τάς
1600 618 1659 654 τε
1691 600 1974 670 φάλαγγας

366 690 681 756 διαλύουσι,
735 693 832 745 καὶ
881 693 949 745 τὰ
979 693 1121 746 ὅπλα
1157 693 1420 757 τίθενται,
1474 693 1568 746 καὶ
1609 693 1858 745 τολοιπὸν
1894 694 1969 745 εί-

370 784 518 855 ρήνη
550 779 709 847 αὖθις
732 783 826 836 καὶ
853 785 1151 855 ἡμερότης,
1179 785 1455 854 φοιτήσεις
1476 801 1534 837 τε
1557 784 1688 856 παρ’
1713 784 1974 854 ἀλλήλους

367 876 679 944 ἀφύλακτοι
731 876 828 929 καὶ
874 875 1168 948 ἐπιμιξίαι,
1233 878 1330 930 καὶ
1385 876 1593 949 φροῦδα
1642 879 1850 947 οἴχεται
1904 875 1973 929 τὰ.

365 969 545 1023 δεινά.
578 967 766 1032 υῦτως
798 969 906 1040 ἄρα
939 971 1125 1033 αὐτοῖς
1150 970 1210 1024 τὸ
1239 970 1340 1041 μὲν
1367 971 1607 1041 ὑπήκοον
1639 970 1846 1024 δίκαιον
1875 969 1971 1023 καλ⁸

369 1059 695 1130 φιλόπατρι,
742 1059 804 1112 τὸ
856 1058 913 1112 δέ
964 1076 1028 1130 γε
1072 1061 1239 1133 ἄρχον
1288 1062 1516 1132 εὐμενὲς
1561 1064 1619 1115 ὲν
1661 1063 1836 1117 δέοντι
1876 1065 1971 1117 καὶ

368 1156 657 1227 ’πειθήνιον
680 1172 697 1188 ο
727 1155 904 1211 ταῦτά
930 1175 1014 1211 τοι
1040 1158 1137 1211 καὶ
1158 1158 1460 1212 διατελοῦσι
1486 1158 1716 1229 δύναμιν
1744 1158 1968 1228 βεϐαίαν

363 1248 612 1319 ἔχοντες,
650 1248 741 1301 καὶ
768 1248 955 1319 νόμοις
990 1252 1271 1322 χρώμενοί
1312 1253 1426 1314 τοῖς
1458 1252 1639 1314 αὐτοῖς
1666 1268 1680 1281 ·
1731 1251 1829 1304 καὶ
1856 1251 1967 1303 τῶν

370 1340 480 1410 μὲν
509 1340 728 1393 οἰκείων
755 1341 912 1394 οὐδὲν
942 1342 971 1394 ὃ
1003 1358 1056 1394 τι
1107 1342 1549 1415 ἀποϐεϐληκότες
1569 1383 1585 1409 ,
1634 1342 1864 1395 πλεῖστα
1907 1342 1965 1396 δὲ

361 1431 477 1484 εσα
511 1432 963 1502 ἐπικτησάμενοι.
1012 1433 1337 1504 Δικαιοσύνη
1388 1435 1500 1506 γὰρ
1539 1435 1633 1487 καὶ
1671 1432 1895 1504 φιλότης
1919 1433 1963 1464 ¹⁰

363 1515 455 1582 οἷς
496 1519 563 1574 ἂν
609 1521 940 1593 ἐντραφείη,
983 1521 1278 1593 εὐδαίμονα
1321 1523 1503 1595 τίθησι
1547 1522 1820 1577 πολιτείαν
1867 1522 1962 1578 καὶ

373 1611 631 1681 μόνιμον,
667 1612 762 1665 καὶ
791 1613 994 1683 ἥκιστα
1028 1612 1310 1684 πολεμίοις
1344 1616 1642 1686 ἁλώσιμον.

443 1700 516 1770 γ’.
574 1699 734 1755 Οῦτω
790 1702 891 1772 μὲν
940 1698 1038 1756 οὖν
1073 1706 1121 1757 oi
1151 1705 1393 1776 Φράγγοι
1435 1706 1636 1777 ἄριστοι
1684 1704 1954 1776 βιοῦντες,

369 1791 528 1860 σφῶν
561 1809 623 1844 τε
659 1790 842 1845 αὐτῶν
872 1793 1098 1849 καὶτῶν
1146 1795 1458 1865 προσοίκων
1497 1795 1783 1867 κρατοῦσι,
1824 1799 1951 1849 παῖ-

2079 600 2248 653 οἰιιιιη
2281 602 2523 665 soli-unt,
2555 608 2611 654 et
2642 616 2794 656 arma
2828 601 3125 671 deponunt,
3157 617 3396 671 paceque
3427 604 3666 658 redinte-

2077 702 2229 760 grata
2259 701 2377 745 tuto
2402 708 2593 747 rursus
2624 692 2766 747 inter
2804 708 2863 748 se
2889 705 3222 758 commeant,
3250 696 3482 750 sublatis
3507 714 3536 749 e
3559 711 3666 750 me-

2074 779 2167 831 dio
2188 778 2625 835 dimeultatibus.
2651 780 2801 834 Adeo
2827 782 2969 850 apud
2998 782 3121 836 illos
3143 782 3344 836 subditi
3369 783 3667 851 suntjusti-

2077 871 2163 925 tize
2209 879 2264 926 et
2308 874 2499 941 patria:
2544 873 2810 939 studiosi;
2852 874 3127 945 principes
3183 891 3336 939 vero,
3383 876 3472 929 ubi
3523 892 3665 945 opus

2073 970 2180 1028 est,
2215 963 2413 1032 placidi
2444 973 2500 1019 et
2536 964 2996 1021 obsecundantes.
3027 965 3234 1021 Idcirco
3264 967 3452 1036 utique
3475 977 3531 1021 et
3567 966 3664 1020 tir-

2074 1069 2218 1107 ntam
2268 1053 2472 1124 degunt
2516 1055 2778 1110 habentes
2820 1057 3157 1126 potentiam,
3213 1059 3407 1114 iisdem
3450 1058 3661 1126 legibus

2073 1155 2311 1210 utentes,
2364 1163 2460 1202 Sua
2518 1158 2767 1213 tuentes,
2811 1150 3057 1222 nihilque
3100 1152 3443 1219 amittentes,
3491 1167 3657 1223 quam

2069 1238 2306 1307 plurima
2335 1254 2465 1293 vero
2502 1240 2873 1309 acquirentes.
2899 1241 3116 1295 Justitia
3147 1243 3291 1296 enim
3329 1255 3384 1298 et
3416 1244 3655 1297 amicitia

2071 1330 2161 1383 tibi
2207 1330 2407 1401 vigent,
2444 1331 2659 1386 beatam
2707 1333 3033 1404 ﬁrmamque
3062 1334 3301 1415 efﬁciupt
3327 1351 3440 1390 rem
3476 1335 3657 1407 publi-

2066 1437 2186 1477 cam
2220 1432 2275 1478 et
2314 1439 2658 1494 nequaquam
2687 1425 2934 1481 hostibus
2959 1429 3399 1497 expugnabilem.

2132 1698 2185 1751 5.
2230 1695 2425 1752 Franci
2469 1696 2652 1767 itaque
2689 1699 2792 1753 hoc
2832 1700 2995 1754 modo
3046 1702 3250 1771 Optime
3283 1701 3449 1757 vitam
3492 1718 3647 1759 suam

2062 1788 2425 1853 instituentes,
2450 1799 2505 1844 et
2534 1791 2635 1843 sibi
2678 1790 2784 1861 19
2814 1792 2945 1855 ipsis
2971 1802 3022 1846 et
3062 1792 3309 1849 ﬁnitimis
3348 1793 3645 1864 imperant-

365 1857 464 1948 εές
494 1885 560 1936 ἐκ
584 1883 842 1955 πατέρων
867 1884 908 1916 ¹¹
927 1884 1026 1955 τὴν
1053 1857 1333 1956 βασιλείαν
1357 1857 1948 1958 διαδεχόμενοιίἋλλά

2064 1880 2184 1935 Filii
2228 1882 2472 1951 patribus
2519 1882 2571 1936 in
2628 1857 2851 1952 regnum
2897 1885 3216 1940 succedunt.
3266 1885 3370 1939 Sed
3426 1857 3496 1940 eo
3520 1895 3662 1940 tem-

367 1975 484 2047 γὰρ
513 1976 608 2029 καὶ
637 1978 695 2040 ἐς
734 1977 915 2030 ἐκεῖνο
952 1979 996 2009 ¹¹
1028 1978 1125 2032 τοῦ
1164 1981 1388 2051 καιροῦ,
1432 1981 1521 2034 ὅτε
1567 1980 1633 2052 δὴ
1667 1983 1717 2034 οἱ
1762 1981 1949 2034 Γότοοι

380 2067 462 2131 ὡς
529 2070 727 2131 αὐτοὺς
781 2070 1213 2140 ἐπρεσϐεύοντο,
1281 2075 1433 2143 τρεῖς
1491 2074 1676 2136 αὐτοῖς
1736 2074 1958 2145 ἡγεμό-

374 2173 471 2221 νες
504 2157 600 2230 [Ρ.
638 2157 743 2231 Η]
770 2159 1067 2231 ἐτύγχανον
1094 2161 1267 2226 ὄντες.
1293 2164 1408 2217 Οὐκ
1430 2164 1539 2217 ἀπὸ
1557 2164 1760 2236 τρόπου
1785 2164 1841 2217 δέ
1866 2182 1956 2235 μοι

373 2243 521 2301 εἶναι
547 2249 692 2301 δοκεί
723 2248 898 2321 βραχύ
954 2269 1008 2305 τι
1037 2251 1249 2306 ἀνωθεν
1289 2254 1584 2325 ἀρξαμένῳ
1626 2254 1723 2308 τοῦ
1762 2257 1952 2324 γένους

369 2337 471 2388 καὶ
497 2335 606 2388 τῶν
630 2337 1059 2408 ξυνενεχθέντων
1093 2341 1136 2372 ¹⁸
1187 2339 1265 2411 τῷ
1294 2341 1400 2412 πρὸ
1444 2342 1540 2395 τοῦ
1579 2342 1839 2413 ἐλάχιστα
1863 2343 1943 2396 δι-

369 2427 670 2496 εξελθόντι,
701 2429 894 2484 ἔπειτα
916 2433 976 2495 ἐς
1003 2432 1247 2496 ἐκείνους
1272 2433 1322 2486 οἳ
1344 2433 1410 2504 δὴ
1440 2435 1497 2487 ὲν
1527 2434 1606 2505 τῷ
1642 2437 1764 2488 τότε
1786 2436 1956 2507 (ἐκρά-

363 2535 523 2585 τουν,
563 2519 662 2591 τὴν
709 2521 988 2593 ἐκδρομὴν
1045 2524 1400 2579 καταπαῦσαι
1455 2525 1554 2580 τοῦ
1593 2527 1773 2595 λόγου.
1823 2528 1956 2580 Χιλ-

363 2610 619 2683 δίϐερτος
650 2613 697 2645 ⁸⁸
729 2614 830 2684 μὲν
869 2615 979 2687 γὰρ
1022 2618 1118 2671 καὶ
1155 2617 1497 2690 Χλωθάριος,
1540 2618 1623 2672 ἐτι
1666 2620 1722 2674 δὲ
1754 2620 1953 2674 Θευδέ-

369 2720 527 2776 ριχος
562 2705 659 2758 καὶ
704 2706 1073 2778 Χλωθομῆρος
1116 2709 1340 2777 ἀδελφοὶ
1394 2711 1739 2782 ἐγεγένηντο.
1790 2705 1953 2766 Οὗτοι

364 2792 428 2846 δὲ
457 2793 645 2865 ἐπειδὴ
672 2794 859 2859 αὐτοῖς
886 2797 1197 2862 Χλωθοαίος
1224 2799 1252 2851 ὁ
1288 2800 1474 2871 πατὴρ
1524 2801 1828 2872 ἐτεθνήκει,
1870 2803 1952 2856 δι-

367 2882 658 2954 ενείμαντο
671 2885 915 2956 τέτραχα
939 2885 1037 2959 τὴν
1073 2886 1371 2958 βασιλείαν,
1405 2892 1549 2946 κατά
1567 2909 1627 2945 τε
1650 2893 1831 2956 πόλεις
1859 2894 1952 2946 καὶ

368 2973 504 3044 ἔθνη
546 2976 606 3038 ἐς
655 2976 783 3029 ὅσον
810 2974 966 3049 οἶμαι
995 2978 1105 3032 τῶν
1154 2980 1283 3034 ἴσων
1325 2982 1539 3053 ἑκάστῳ
1574 2986 1840 3052 μετεῖναι.
1873 2984 1949 3038 Οὐ

371 3066 556 3138 πολλῷ
578 3067 637 3121 δὲ
676 3067 909 3141 ὕστερον
960 3071 1333 3144 Χλωθομῆρος
1381 3075 1526 3127 κατὰ
1573 3073 1952 3145 Βουργουζιώ-

2063 1989 2213 2042 pore,
2240 1990 2351 2043 quo
2385 1973 2548 2028 Gothi
2599 1975 2920 2044 legationem
2958 1976 3022 2030 ad
3065 1992 3160 2032 eos
3203 1978 3493 2044 miserunt,
3534 1985 3649 2033 tres

2060 2064 2194 2132 ipsis
2233 2073 2390 2118 erant
2427 2064 2732 2133 principes;
2781 2081 2956 2135 neque
3001 2082 3130 2121 vero
3159 2068 3256 2123 abs
3296 2084 3355 2122 re
3398 2068 3648 2124 facturus

2063 2156 2195 2209 mihi
2234 2155 2440 2218 videor,
2469 2156 2514 2210 si
2540 2156 2702 2225 paulo
2725 2157 2890 2211 altius
2924 2159 3153 2227 repetito
3181 2175 3402 2229 genere,
3433 2159 3646 2214 brevis-

2059 2246 2307 2315 simeque
2325 2247 2598 2299 enarratis
2629 2247 2697 2301 iis
2719 2248 2813 2317 qui
2839 2257 2999 2303 antea
3022 2263 3116 2304 eos
3147 2257 3427 2311 rexcrunt.
3458 2249 3513 2302 in
3548 2249 3641 2309 iis.

2059 2338 2153 2406 qui
2192 2352 2258 2391 eo
2284 2346 2527 2406 tempore
2569 2337 2933 2407 imperabant,
2977 2341 3335 2410 digressionis
3367 2343 3526 2395 linem
3563 2340 3643 2394 l'e-

2059 2444 2205 2482 eero.
2233 2427 2604 2483 Childibertus
2635 2429 2855 2496 quidem
2899 2439 2952 2483 et
2975 2429 3349 2496 Cblolharius,
3380 2440 3641 2499 praeterea

2060 2533 2187 2572 vero
2213 2517 2585 2572 Theodericus
2624 2530 2677 2572 et
2719 2518 3138 2573 Chlothomerus
3167 2519 3409 2589 germani
3447 2517 3642 2574 fratres

2060 2611 2405 2682 l'tiertttit.illi,
2428 2624 2644 2667 mortuo
2667 2621 2816 2681 patre
2837 2611 3176 2676 Clilothoaeo,
3198 2611 3251 2665 in
3269 2619 3504 2680 quatuor
3518 2626 3643 2681 par-

2058 2713 2139 2760 tes
2164 2721 2392 2775 regnum
2423 2705 2626 2774 partiti,
2658 2703 2961 2759 secundum
3000 2704 3163 2758 urbes
3189 2713 3241 2756 et
3269 2705 3523 2773 populos,
3565 2704 3641 2757 ita

2057 2806 2116 2849 ut
2151 2812 2337 2866 aaquns
2385 2796 2584 2866 singuli
2654 2797 2954 2863 portiones,
3011 2807 3069 2848 ut
3119 2795 3376 2859 arbitror,
3425 2795 3641 2864 accipe-

2056 2892 2196 2937 rent.
2223 2882 2339 2939 Non
2365 2885 2536 2939 multo
2567 2893 2691 2954 post
2725 2894 2967 2953 tempore
2990 2881 3419 2943 Chlothomerus
3441 2886 3641 2940 adver-

2054 2992 2149 3029 sus
2204 2974 2575 3049 Burgusiones
2624 2976 2930 3031 exercitum
2972 2976 3179 3029 ducens
3228 2974 3406 3045 (natio
3452 2985 3635 3030 autem

2053 3063 2169 3117 huic
2211 3064 2442 3119 Gothica
2482 3075 2567 3120 est
2595 3081 2690 3134 per
2730 3079 2788 3120 se
2834 3063 3106 3117 laboriosa
3148 3074 3201 3118 et
3240 3065 3432 3120 bellica
3478 3066 3643 3120 laude

368 3176 483 3211 νων
530 3160 974 3231 ἐπιστρατεύσας
1022 3161 1203 3234 (γένος
1243 3163 1299 3216 δὲ
1338 3163 1496 3217 τοῦτο
1539 3164 1818 3228 Γοτθικὸν,
1848 3165 1948 3217 αὕ-

2060 3156 2250 3225 claia),
2281 3156 2334 3208 in
2370 3156 2487 3223 ipso
2515 3154 2728 3224 praelio,
2763 3164 2950 3223 pectus
2986 3154 3170 3222 jaculo
3201 3154 3363 3221 ictus,
3408 3154 3637 3209 interiit.

364 3247 602 3316 τουργόν
656 3263 717 3300 τε
752 3249 1069 3318 περιφανῶς
1100 3249 1146 3281 ³³
1178 3250 1248 3304 τὰ
1282 3250 1568 3321 πολέμια),
1619 3254 1677 3306 ἐν
1709 3252 1858 3322 αὐτῷ
1886 3253 1952 3320 δὴ

2060 3245 2180 3312 Quo
2229 3245 2377 3298 humi
2423 3245 2638 3315 jacente
2684 3244 3060 3315 Burgusiones
3103 3247 3431 3313 promissam
3488 3246 3639 3301 illius

360 3335 450 3407 τῷ
504 3337 732 3409 πολέμῳ
782 3340 1020 3413 ἀκοντίῳ
1067 3340 1140 3395 τὰ
1189 3342 1390 3413 στέρνα
1434 3344 1649 3408 τυπεὶς,
1689 3344 1952 3417 ἀνῃρέθη.

360 3427 639 3493 Πεσόντος
671 3428 731 3482 δὲ
776 3431 967 3496 αὑτοῦ,
1022 3433 1212 3503 ιπειδὴ
1233 3431 1334 3505 τὴν
1371 3433 1552 3505 κόμην
1590 3437 1639 3488 oi
1687 3437 1956 3507 Βουργου-

358 3515 562 3583 ζὶωνες
591 3518 930 3593 καθειμένην
952 3523 1049 3577 καὶ
1092 3522 1294 3594 ἄφετον
1328 3524 1627 3579 ἐθεάσαντο
1656 3527 1750 3580 καὶ
1792 3528 1955 3599 μέχρι

351 3607 468 3662 τοῦ
531 3612 881 3683 μεταφρένου
944 3614 1395 3687 κεχαλασμὲνην,
1453 3616 1656 3670 αὐτίκα
1708 3617 1955 3686 ἔγνωσαν

354 3700 463 3753 τὸν
497 3702 746 3772 ἡγεμόνα
778 3702 890 3757 τῶν
938 3704 1219 3776 πολεμίων
1262 3707 1668 3771 ἀποκτανόντες
1695 3710 1757 3763 ⁸⁸.
1789 3710 1956 3780 Θεμι-

359 3789 465 3844 τὸν
494 3792 602 3864 γάρ
627 3795 743 3856 τοῖς
771 3792 1061 3864 βασιλεῦσι
1083 3796 1194 3850 τῶν
1221 3798 1492 3868 Φράγγων
1520 3798 1805 3853 οὐπώποτε
1836 3802 1952 3854 κεί-

371 3881 589 3952 ρεσθαι,
638 3883 757 3937 ἀλλ’
803 3886 1168 3958 ἀκειρεκόμαι
1210 3888 1269 3940 τέ
1317 3890 1458 3942 εἰσιν
1497 3890 1563 3942 ἐκ
1606 3891 1812 3944 παίδων
1842 3893 1949 3956 ἀεὶ,

374 3974 480 4027 καὶ
508 3974 897 4048 παρῃώρηνται
937 3979 1124 4042 αὐτοῖς
1182 3980 1424 4043 ἅπαντες
1463 3975 1522 4033 εὖ
1559 3980 1703 4050 μάλα
1731 3982 1823 4034 ἐπὶ
1845 3982 1951 4034 τῶν

372 4065 547 4137 ὤμων
573 4068 618 4120 οἱ
647 4067 916 4139 πλόκαμοι
944 4084 959 4100 ⁶
1004 4070 1128 4123 ἐπεὶ
1175 4070 1271 4124 καὶ
1305 4072 1356 4124 οξ
1398 4072 1724 4142 ὲμπρόσθιοι
1756 4074 1820 4126 ὲκ
1852 4073 1947 4127 τοῦ

371 4157 633 4229 μετώπου
661 4160 1001 4232 σχιζόμενοι,
1033 4162 1119 4232 ἐφ’
1150 4163 1389 4235 ἑκάτερα
1430 4165 1707 4236 φέρονται.
1737 4166 1812 4219 Οὐ
1844 4166 1950 4238 μὴν

379 4244 577 4320 ὥσπερ
607 4251 657 4303 οἱ
687 4250 796 4303 τῶν
823 4250 1083 4321 Τούρκων
1122 4269 1182 4306 τε
1227 4254 1323 4307 καὶ
1355 4254 1601 4326 Ἀϐάρων
1635 4257 1675 4286 ¹⁷
1705 4256 1947 4328 ἀπέκτη-

358 4357 455 4395 τοι
484 4342 580 4395 καὶ
607 4344 892 4415 αὐχμηροὶ
924 4347 1019 4399 καὶ
1064 4347 1366 4416 ρυπῶντες,
1401 4349 1498 4401 καὶ
1532 4350 1745 4420 ὲνέρσει
1775 4351 1948 4424 ἀπρε-

364 4430 496 4495 πῶς
554 4434 1058 4505 ἀναπεπλεγμένοι,
1114 4436 1253 4490 ἀλλὰ
1297 4436 1557 4509 ῥύμματα
1590 4440 1699 4512 γὰρ
1728 4442 1949 4495 ἐπιϐάλ-

355 4522 551 4577 λουσιν
578 4521 763 4589 αύτοίς
794 4525 836 4558 ³⁸
863 4525 1110 4593 ποικίλα,
1164 4526 1262 4580 καὶ
1311 4529 1368 4591 ἐς
1392 4526 1453 4581 τὸ
1479 4529 1706 4600 ἀκριϐὲς
1737 4531 1946 4598 ὃιαξαί-
1980 4518 2021 4571 D

354 4632 541 4669 νουσι.
596 4616 770 4669 Τοῦτο
814 4617 872 4670 δὲ
907 4618 1096 4690 ὥσπερ
1135 4636 1189 4671 τι
1242 4618 1531 4690 γνώρισμα
1566 4622 1607 4651 ¹⁹
1638 4623 1732 4675 καὶ
1781 4623 1947 4695 γέρας

352 4706 646 4779 ἐξαίρετον
684 4709 761 4779 τῷ
815 4709 1073 4781 βασιλείῳ
1116 4711 1263 4780 γένει
1312 4712 1560 4766 ἀνεῖσθαι
1588 4714 1942 4782 νενόμισταιο

351 4800 492 4850 ἐπεὶ
520 4798 582 4852 τό
610 4816 674 4867 γε
705 4802 948 4872 ὑπήκοον
976 4802 1278 4874 περίτροχα
1311 4805 1357 4835 ²⁰
1382 4805 1684 4875 κείρονται,
1729 4807 1824 4860 καὶ
1857 4825 1942 4860 κο-

355 4892 482 4959 μᾷν
540 4891 727 4955 αὐτοῖς
770 4893 1089 4963 περαιτέρω
1127 4893 1188 4945 οὐ
1259 4892 1404 4964 μάλα
1444 4896 1678 4964 ἐφεῖται.
1725 4895 1856 4950 Τότε
1879 4898 1941 4969 δὴ

350 4976 464 5033 οὖν
489 4980 584 5032 τοῦ
615 4981 993 5054 Χλωθομήρου
1013 4982 1115 5055 τὴν
1149 4985 1392 5056 κεφαλὴν
1429 4987 1477 5039 oi
1505 4987 1943 5056 Βουργουςίωνες

352 5073 760 5142 ἀποτεμόντες,
785 5075 1014 5140 καὶτοῖς
1036 5077 1178 5147 ἀμφ’
1199 5077 1363 5131 αὐτὸν
1383 5079 1794 5150 στρατεύμασιν
1811 5082 1945 5135 ἀνα-

348 5163 659 5230 δείξαντες,
711 5165 991 5236 ψοφοδεεῖς
1041 5169 1239 5222 αὐτίκα
1299 5171 1628 5242 πεποίηνται
1697 5173 1945 5237 ἅπαντας

439 5411 546 5484 (δὴ
583 5412 647 5465 ιι.
670 5422 725 5465 el.
740 5412 834 5484 fin,
863 5429 920 5464 τε
955 5414 1097 5484 vulg.

354 5492 425 5536 et
455 5482 548 5547 ὑπ,
604 5482 827 5552 πατρῶν
894 5488 1033 5551 Vulg.

2059 3338 2350 3404 laxumque
2390 3351 2603 3389 comam
2631 3347 2685 3388 et
2715 3337 2780 3388 ad
2829 3336 3082 3404 scapulas
3131 3350 3303 3405 usque
3334 3336 3639 3407 pertingen-

2056 3436 2163 3480 tem
2209 3425 2531 3495 conspicati,
2583 3424 2873 3480 confestim
2919 3426 3309 3480 intellexerunt.
3349 3444 3407 3482 se
3438 3428 3635 3482 duceni

2057 3520 2293 3575 hostium
2336 3518 2692 3574 interfecisse.
2733 3516 2989 3573 Solemne
3015 3519 3160 3573 enim
3191 3532 3277 3574 est
3299 3518 3635 3575 Francorum

2056 3612 2275 3681 regibus
2305 3627 2582 3681 numquam
2613 3609 2823 3664 tonderi
2850 3626 2865 3663 :
2894 3610 2987 3664 sed
3008 3626 3039 3664 a
3075 3610 3260 3680 pueris
3287 3610 3492 3666 intonsi
3517 3626 3636 3665 ma-

2055 3716 2215 3771 nent;
2254 3704 2507 3759 caesaries
2556 3712 2665 3758 tota
2705 3704 2962 3759 decenter
3000 3705 3081 3758 eis
3109 3704 3160 3757 in
3210 3704 3470 3760 humeros
3510 3720 3635 3775 pro-

2054 3797 2291 3867 pendet,
2340 3796 2585 3850 anterior
2633 3811 2790 3850 coma
2837 3811 2868 3850 e
2920 3795 3098 3850 fronte
3138 3795 3517 3850 discriminata
3579 3798 3633 3850 in

2054 3899 2348 3956 utrumque
2372 3890 2513 3942 latus
2539 3888 2763 3943 deﬂexa.
2790 3887 2978 3958 Neque
3010 3905 3138 3943 vero
3168 3890 3633 3957 quemadmodum

2051 3979 2245 4032 Turcis
2279 3979 2543 4033 etAvat-is
2579 3981 2790 4049 impexa
2820 3980 2899 4048 ;iis
2922 3990 2975 4033 et
3009 3980 3260 4049 squalida
3298 3981 3635 4051 sordidaque

2050 4080 2128 4126 est
2154 4072 2262 4140 2ο
2285 4086 2468 4134 coma,
2497 4071 2579 4125 vel
2614 4072 3031 4141 eomplieatione
3074 4073 3385 4126 indecenter
3407 4073 3632 4137 cirrata,

2051 4164 2143 4220 sed
2185 4173 2485 4233 smegmata
2513 4164 2662 4217 varia
2708 4163 2811 4232 ipsi
2856 4164 2959 4219 sibi
2993 4165 3275 4230 adhibent,
3313 4164 3634 4235 diligenter-

2049 4268 2156 4320 que
2177 4261 2400 4315 curant;
2431 4251 2593 4322 idque
2619 4253 2765 4306 velut
2790 4251 3001 4323 insigne
3023 4253 3294 4322 quoddam
3322 4254 3633 4323 eximiaque

2052 4347 2279 4401 honoris
2307 4345 2666 4417 praerogativa
2712 4346 2862 4413 regio
2886 4346 3068 4413 generi
3115 4346 3257 4413 apud
3299 4361 3394 4399 eos
3436 4346 3634 4400 tribui-

2053 4446 2160 4491 tur.
2188 4434 2402 4490 Subditi
2446 4437 2589 4489 enim
2619 4436 2963 4490 orbiculatim
3000 4436 3317 4502 tondentur,
3347 4454 3522 4507 neque
3552 4441 3633 4492 eis

2053 4528 2406 4599 prolixiorem
2443 4543 2653 4584 comam
2680 4528 2823 4583 alere
2854 4525 3012 4582 facile
3036 4529 3386 4598 permittitur.
3421 4528 3633 4600 Barguo

2053 4622 2237 4675 siones
2281 4620 2465 4690 itaque
2492 4620 2718 4689 praeciso
2767 4620 3141 4674 Cblotliomeri
3187 4621 3381 4689 capite,
3408 4636 3531 4675 cum
3566 4624 3632 4675 il-

2053 4713 2145 4767 lud
2176 4713 2350 4783 cepiis
2371 4729 2491 4782 qua:
2517 4713 2722 4767 circum
2750 4729 2874 4766 eum
2916 4721 3073 4767 erant
3092 4722 3482 4779 ostentas.~ent,
3512 4729 3631 4768 ma—

2051 4822 2211 4878 gnam
2244 4806 2425 4861 statim
2466 4805 2880 4874 trepidationem
2916 4805 3464 4877 desperationemque
3490 4809 3632 4878 inje-

2052 4908 2267 4965 rcrunt,
2308 4899 2556 4966 adeoque
2584 4898 2663 4951 eis
2699 4898 2871 4952 animi
2908 4906 3056 4953 metu
3090 4900 3423 4965 ceciderunt,
3467 4911 3528 4955 ut
3573 4904 3629 4954 in

2051 5001 2329 5063 posterum
2370 4992 2572 5045 bellum
2614 4990 2982 5045 detrectarent
3014 5009 3026 5045 :
3056 5001 3111 5046 et
3146 4992 3380 5046 victores
3405 4991 3627 5065 quidem

2049 5099 2113 5139 ex
2142 5082 2310 5136 animi
2340 5081 2422 5136 sui
2470 5082 2764 5145 sententia,
2794 5091 2849 5135 et
2876 5082 3079 5151 quibus
3119 5090 3369 5152 oportere
3402 5081 3629 5135 videba-

2050 5188 2140 5231 tur
2181 5173 2588 5230 conditionibus
2617 5182 2671 5229 et
2701 5175 2897 5245 pactis,
2929 5175 3071 5230 bello
3100 5190 3221 5231 sese
3260 5171 3621 5229 exsolverunt.

1188 5415 1231 5489 ξθ
1266 5414 1488 5489 φιλότης
1508 5413 1593 5489 Δῐῖ.
1630 5416 1697 5471 fr.
1720 5434 1849 5489 7mg.
1887 5418 1956 5472 Ltt

2078 5430 2131 5473 et
2159 5417 2330 5489 Intpr.
2364 5418 2618 5489 cherrima,
2659 5418 2937 5489 φιλοτιμία
2958 5418 3106 5488 vulg.
3135 5416 3252 5489 _“_
3279 5414 3527 5489 πατέρων
3556 5412 3625 5467 ιι.

1113 5485 1157 5558 ξ’
1187 5485 1245 5548 ἐς
1279 5487 1454 5558 ἐκεῖνο
1497 5486 1601 5558 CL,
1632 5489 1690 5548 ἐς
1713 5485 1922 5541 ἐκείνου
1954 5485 2123 5558 ιῖιιΙεη
2160 5492 2217 5550 ἐς
2248 5485 2427 5541 κείνου
2465 5487 2530 5543 R.

2609 5490 2653 5521 ³³
2672 5483 3106 5559 ’ξυνεεθὲχθέντῶν
3229 5483 3298 5559 [νο
3326 5495 3379 5539 ει
3397 5484 3570 5559 ,ίυίΡΓτ
3610 5506 3629 5541 ³

355 5554 895 5638 iqwnconliggsem,
916 5624 920 5631 Ι
942 5555 1277 5638 ξυνεχόντων
1336 5557 1481 5638 vulg.
1523 5557 1605 5638 A“
1631 5558 1956 5638 ‘xel‘xié’spt

2060 5553 2238 5638 Lugd.
2260 5567 2333 5638 ‘et
2376 5558 2465 5612 ed.
2506 5574 2591 5638 pr_.
2633 5553 2904 5638 μὲν-γὰρ’
2944 5558 3061 5638 ιίη⁴
3094 5557 3207 5638 γὰρ
3224 5554 3320 5619 fr.,
3355 5553 3452 5623 μὲν
3481 5553 3626 5638 vulg.

354 5621 690 5698 ξὶλωθάριος
710 5622 776 5676 R.
802 5633 859 5677 et
879 5624 987 5698 ἰὴ,
1041 5621 1324 5698 Λωθάριος
1345 5621 1495 5698 vulg.
1519 5626 1840 5698 Θευδέριχος
1864 5621 1929 5683 li.
1953 5653 1956 5674 ι

2060 5634 2128 5694 “ι.,
2152 5621 2467 5698 Θεοδέριχος
2491 5621 2635 5697 vulg;

358 5692 537 5765 Lugd.
571 5690 629 5747 et
658 5690 751 5765 τες,
807 5693 901 5746 καὶ
928 5690 1225 5765 περιφανὲς
1257 5695 1381 5765 edd.
1417 5690 1485 5748 τά
1515 5690 1715 5765 στέρνα
1746 5690 1859 5751 om.
1894 5698 1962 5754 fr.

365 5779 479 5837 ρων
506 5763 571 5837 Β.
611 5774 666 5815 et
711 5762 906 5837 Intprq
945 5762 1093 5837 vulg.
1141 5762 1453 5837 βαρϐάρων.
1534 5766 1576 5837 ῗ⁸
1615 5762 1797 5830 αὐτοῖς
1844 5768 1934 5834 11.,

2060 5771 2203 5831 υτοῖς
2262 5769 2405 5837 \ulg.

364 5834 414 5863 ¹⁰
440 5832 739 5902 περίτροχα
788 5832 850 5887 Β.
885 5845 937 5888 et
976 5832 1069 5900 fta,
1108 5832 1426 5904 περίτροχον
1461 5836 1607 5908 vulg.

2715 5623 3116 5697 η’περιφανῶς
3169 5623 3260 5689 IL,
3333 5623 3629 5724 περιφανὲς

2765 5696 3118 5724 3.--..--υλ-ρ-
3153 5697 3280 5724 ...ειη
3379 5693 3394 5724 ι
3469 5693 3628 5724 ’Δαιιᾼ

2040 5699 2086 5731 ⁸³
2117 5693 2120 5694 ν
2153 5693 2551 5762 ἀποκτανόντες
2586 5693 2711 5762 "Pu,
2761 5693 3118 5759 ἀπεκτονότες
3153 5697 3300 5765 vulg.
3334 5763 3342 5765 _
3379 5693 3422 5724 "
3469 5693 3630 5765 ’Λϐά-

2487 5770 2529 5802 ¹⁹
2560 5768 2727 5839 γέρας
2766 5766 3043 5837 ἐξαῳετον
3098 5766 3196 5819 καὶ
3245 5762 3531 5838 γνώρισμα
3558 5762 3631 5817 [Γ.
