4030 6434
499 372 638 440 1295
1692 375 2048 436 AGATHIE
2082 378 2570 443 SCHOLASTICI
3593 402 3708 472 129.

495 496 704 554 tenent,
743 497 1121 570 cujuscunque
1154 485 1369 556 generis
1401 484 1626 541 fuerint.
1672 487 1845 543 Porro
1869 490 2079 544 sacriﬁ-

509 581 708 599 _,-__-__
1094 589 1138 599 -.
1174 577 1394 599 -:_._.-_
1427 578 1600 599 -__..-_-
1666 595 1768 599 μμ
1812 582 1980 599 -
2027 583 2068 599 --

2182 494 2321 599 ἀλλά
2372 497 2465 599 eoi:
2515 497 2722 599 ἀγαθὶρῦ
2773 499 3068 599 ἐφιέμενοὲ
3118 501 3304 599 ἔπειτα
3357 513 3624 585 σφαλέντες
3649 533 3706 599 τῇ

495 581 714 632 ciorum
748 579 1060 633 immanitas
1087 589 1141 633 et
1171 577 1394 633 sinister
1421 578 1624 644 cultus,
1666 595 1776 634 non
1808 582 1941 636 satis
1964 583 2079 637 scio

2182 585 2361 656 κρίσει
2385 587 2633 642 τολοιπὺν
2661 585 2874 658 ἔχονται
2901 588 3010 642 τῶν
3032 589 3362 663 δοκηθέντων
3384 577 3557 672 ἀπρὶξ,
3574 577 3712 668 bimi:

497 686 566 723 an
591 669 771 724 verbis
809 669 988 724 curari
1021 670 1250 739 possint,
1293 669 1407 725 sive
1435 671 1666 726 saltibus
1693 680 1746 726 et
1775 673 1918 726 lucis
1938 688 2079 744 prm-

495 771 692 826 stetur,
727 771 784 816 ut
813 763 953 832 apud
991 762 1284 828 barbaros,
1325 763 1440 817 sive
1484 762 1573 827 iis,
1606 764 1698 833 qui
1730 765 1860 819 olim
1908 766 2081 820 habiti

494 865 624 910 sunt
655 855 754 922 dii,
787 856 977 925 quales
1004 853 1318 910 Graecorum
1350 856 1542 926 religio
1579 858 1775 912 tenuit.
1810 859 2076 929 Equidem

493 949 570 1002 ita
598 956 780 1002 statuo
806 947 916 1017 29
945 947 1083 1000 nihil
1104 946 1333 1014 iucundi
1379 949 1626 1005 accidere
1672 949 1785 1004 aris
1815 952 2081 1021 sanguine

490 1039 733 1110 pollutis,
785 1051 838 1093 et
881 1040 1211 1094 animalibus
1247 1040 1642 1096 violentissima
1675 1057 1807 1097 nece
1846 1043 2074 1099 all‘ectis.

493 1130 773 1200 Quidquid
801 1144 930 1186 vero
959 1130 1184 1185 omnino
1211 1130 1525 1201 huiusmodi
1554 1147 1642 1188 res
1667 1141 1920 1202 appetere
1943 1149 2079 1189 con-

491 1219 689 1283 suevit,
721 1218 925 1272 bonum
957 1218 1181 1288 quidem
1201 1234 1310 1272 non
1343 1217 1527 1286 fuerit,
1553 1234 1731 1290 neque
1760 1221 2076 1290 benignum,

489 1316 582 1370 sed
615 1315 854 1369 immane
891 1313 1074 1384 potius
1121 1324 1284 1384 atque
1308 1315 1535 1370 insaniae
1572 1315 1748 1380 aliine,
1782 1317 1944 1386 quale
1974 1315 2078 1369 Pa-

487 1419 674 1458 vorem
693 1419 830 1457 vane
848 1403 1060 1473 ﬁngunt
1080 1412 1251 1473 poeta:
1272 1412 1325 1458 et
1341 1402 1616 1460 Timorem
1638 1413 1693 1460 et
1714 1404 1864 1476 Enyo
1885 1421 2080 1475 quam-

487 1497 614 1552 dam
669 1505 724 1551 et
742 1497 878 1550 Atcn
902 1504 955 1551 et
984 1497 1168 1559 Erida,
1202 1505 1262 1550 ut
1283 1496 1384 1566 ipsi
1409 1497 1646 1552 dixerint
1672 1497 2074 1568 ἀμαιμάκετον.

487 1589 642 1645 Adde
671 1603 800 1644 vero
837 1589 943 1652 his,
985 1587 1032 1644 si
1073 1589 1268 1659 placet,
1307 1589 1472 1643 etiam
1515 1588 1666 1642 illum
1699 1604 1860 1658 quem
1897 1588 2076 1644 Persae

2177 1610 2332 1646 τουσι
2375 1596 2552 1665 μάτην
2578 1597 2628 1647 oi
2661 1597 2881 1666 ποιηταὶ
2911 1596 3006 1651 καὶ
3034 1597 3126 1650 τὸν
3153 1598 3341 1665 Φόϐον,
3385 1602 3546 1655 Ἐνυὼ
3573 1606 3627 1659 τέ
3651 1625 3722 1660 τιο

489 1682 775 1739 nominant
799 1683 1134 1746 Arimanem,
1165 1693 1218 1736 et
1249 1697 1279 1736 e
1308 1683 1542 1738 terrenis
1565 1683 1792 1753 spectris
1821 1698 2079 1753 quaecun-

2178 1702 2265 1749 να,
2300 1686 2396 1740 καὶ
2435 1687 2629 1759 Ἀτην,
2656 1689 2748 1742 καὶ
2779 1688 2956 1760 Ἔριν,
3007 1689 3082 1754 ὡς
3124 1691 3190 1744 ἂν
3231 1692 3384 1746 αὐτοὶ
3425 1697 3589 1763 φαῖεν,
3636 1699 3719 1768 τὴν

489 1791 599 1847 que
619 1775 864 1830 maleﬁca
890 1784 1018 1830 sunt
1045 1784 1098 1830 et
1125 1775 1498 1846 sanguinaria.
1526 1775 1689 1846 Atqui
1717 1777 1831 1831 haec
1857 1777 2075 1832 tametsi
2107 1847 2109 1854 ι

2179 1779 2586 1849 ἀμαιμάκετον·
2635 1781 2916 1850 προστίθει
2975 1782 3031 1836 δὲ
3065 1783 3296 1848 τούτοις,
3335 1787 3381 1837 εί
3415 1785 3604 1855 βούλει,
3639 1790 3721 1842 καὶ

488 1846 729 1937 cuipiam
763 1867 934 1922 videri
957 1867 1172 1937 possint
1199 1867 1550 1937 promissioni
1574 1883 1708 1923 mea:
1724 1883 2070 1938 nequaquam
2107 1847 2109 1900 ί

2177 1846 2270 1923 τδν
2296 1846 2446 1944 παρά
2485 1846 2719 1945 Πέρσαι-ς
2755 1873 3087 1944 καλούμενον
3124 1846 3472 1947 Ἀρειμάνη’ν,
3513 1846 3602 1932 καί
3628 1879 3725 1933 τῶν

487 1961 796 2027 convenire,
833 1961 925 2018 sed
958 1961 1142 2032 potius
1186 1976 1590 2032 supervacanea
1620 1971 1782 2032 atque
1814 1961 1882 2016 ab
1914 1962 2074 2016 insti-

2179 1962 2355 2018 ἄλλων
2414 1963 2638 2034 χθονίων
2685 1965 2987 2035 φασμάτων
3039 1967 3214 2021 ὁπόσα
3263 1968 3540 2040 κακοῦργα
3585 1970 3606 2002 ⁸
3644 1973 3723 2024 καὶ

488 2063 609 2109 tuto
639 2068 765 2109 meo
797 2053 975 2108 aliena
1011 2071 1024 2107 :
1070 2053 1226 2123 juvat
1273 2062 1455 2107 tamen
1498 2068 1585 2108 me
1625 2065 1680 2107 et
1709 2051 1926 2123 quidem
1958 2067 2074 2106 ma-

2183 2055 2462 2124 μιαιφόνα.
2492 2054 2679 2109 Ταῦτα
2699 2055 2798 2125 μὲν
2830 2052 2923 2111 οὖν
2945 2057 2993 2110 εί
3023 2057 3046 2089 ⁵
3073 2058 3167 2111 καὶ
3195 2059 3326 2121 ίσως
3360 2059 3426 2112 ἄν
3453 2077 3526 2130 τῳ
3543 2059 3722 2114 δοκοῖεν

489 2159 746 2217 gnopere,
777 2145 984 2208 omnia,
1013 2159 1136 2214 quae
1168 2144 1384 2213 cognita
1407 2143 1709 2210 mihisunt,
1744 2143 1800 2198 in
1827 2141 2070 2197 medium

2177 2153 2238 2204 οὐ
2268 2151 2413 2220 μάλα
2441 2155 2507 2224 τῇ
2544 2151 2847 2223 ἐπαγγελίᾳ
2881 2154 3200 2224 προσήκειν,
3232 2149 3374 2208 εἶναι
3415 2153 3471 2207 δὲ
3521 2155 3724 2226 περιττὰ

487 2236 755 2307 proferre,
797 2244 852 2291 et
885 2245 1032 2291 recta
1084 2235 1433 2298 collaudare,
1481 2250 1646 2307 prava
1689 2245 1873 2307 aperte
1915 2237 2071 2292 dam-

2179 2242 2275 2294 καὶ
2304 2242 2560 2316 ἀλλότρια
2596 2244 2703 2298 τῶν
2748 2245 2834 2313 ἐφ’
2871 2244 2908 2300 ἃ
2951 2245 3088 2300 ίὲναι
3139 2248 3274 2318 ἡμῖν
3315 2247 3720 2312 διεσπούδασται,

488 2345 645 2397 nare,
695 2329 906 2383 inutilia
949 2343 1266 2400 coarguere.
1316 2327 1430 2384 Nisi
1475 2329 1619 2384 enim
1661 2329 1766 2383 hoc
1807 2329 2072 2384 haberent

2177 2333 2292 2389 ἀλλ’
2315 2334 2504 2404 ἔμοιγε
2537 2335 2632 2389 καὶ
2660 2335 2782 2389 λίαν
2806 2337 3039 2408 ’ἀρέσκει
3066 2338 3284 2394 ἅπαντα
3317 2339 3374 2403 ες
3407 2339 3563 2410 μέσον
3590 2340 3724 2407 ἄγειν

2177 2426 2248 2478 τὰ
2275 2426 2614 2496 ἐγνωσμένα,
2648 2429 2742 2482 καὶ
2790 2427 2860 2482 τὰ
2893 2429 2992 2497 μὲν
3025 2430 3240 2501 χρηστὰ
3270 2430 3380 2485 τῶν
3411 2431 3723 2502 πραγμάτων

2177 2517 2236 2569 ὲν
2261 2517 2465 2586 ἐπαίνῳ
2497 2519 2784 2582 ποιεῖσθαι,
2818 2519 2927 2573 τῶν
2949 2520 3004 2574 δὲ
3025 2522 3145 2592 οὐχὶ
3178 2521 3398 2575 τοιῶνδε
3433 2523 3728 2592 κατηγορεῖν

2177 2607 2500 2676 ἀναφανδὸν,
2528 2610 2623 2661 καὶ
2649 2609 2709 2662 τὸ
2731 2610 3049 2680 ἀσύμφορον
3072 2611 3389 2681 διελέγχειν.
3419 2611 3479 2664 Εί
3508 2613 3608 2682 γὰρ
3629 2613 3727 2681 μὴ⁸

2177 2697 2336 2751 τοῦτο
2385 2699 2560 2770 ἔχοιεν
2601 2703 2656 2754 ai
2691 2702 2942 2772 ἱστορίαι,
2971 2703 3046 2766 ὡς
3067 2703 3240 2775 ταύτῃ
3278 2721 3340 2772 γε
3386 2704 3405 2734 ’³
3435 2703 3729 2772 καὶμᾶλλον

2177 2793 2438 2865 χρήσιμοί
2490 2811 2549 2846 τε
2585 2789 2724 2848 εἶναι
2755 2797 2848 2848 καὶ
2883 2796 3324 2866 βιωφελέστατοι,
3374 2797 3506 2867 μόνη
3555 2796 3606 2848 δὲ
3638 2798 3726 2864 ἀφ·

2178 2887 2379 2957 ήγησις
2409 2881 2519 2940 εἷεν
2567 2888 2677 2941 τῶν
2718 2891 3099 2960 γεγενημένων
3131 2891 3214 2962 μ).
3257 2888 3348 2961 l9]
3390 2887 3532 2958 ἁπλῆ
3560 2906 3616 2941 τε
3645 2887 3728 2941 καὶ

2179 674 2317 728 άττα
2349 678 2444 774 καλ
2471 678 2685 748 τιὶχοιεν
2708 679 2858 734 ὄντα.
2886 682 2998 752 Τήν
3021 700 3084 751 γε
3115 684 3220 756 μὴν
3252 688 3358 742 τῶν
3384 690 3567 750 θυσιῶν
3588 702 3710 774 ὠμό-

2179 783 2318 866 τητα
2347 769 2442 866 καὶ
2469 771 2912 866 κακοδαιμονίαν,
2951 774 3053 866 οὐκ
3079 771 3196 866 οίδα
3227 779 3247 810 ³
3289 782 3336 833 εί
3364 777 3471 838 οἷον
3501 805 3552 841 τε
3589 769 3718 866 λδγῳ

2179 858 2504 922 ἀκέσασθαι,
2545 860 2656 913 εἴτε
2699 861 2918 915 ἄλσεσιν
2960 863 3288 920 ὲπιτελοῖντο
3333 869 3512 944 ὥσπερ
3549 858 3715 948 ἀμέλει

2180 950 2333 1018 παρὰ
2397 949 2725 1021 βαρϐάροις,
2783 953 2894 1007 εἴτε
2951 958 3063 1019 τοῖς
3128 957 3295 1012 πάλαι
3353 971 3716 1038 νενομισμένοις

2181 1043 2347 1105 θεοῖς,
2395 1045 2555 1096 ὁποῖα
2594 1045 2653 1096 αί
2689 1045 2800 1100 τῶν
2841 1046 3106 1118 Ἐλλήνων
3138 1048 3412 1106 ἐθέλουσιν
3459 1058 3711 1124 ἀγιστεϊαι.

2193 1133 2334 1203 Ἐγὼ
2371 1135 2470 1205 μὲν
2511 1135 2620 1208 γὰρ
2668 1137 2908 1208 ἡγοῦμαι
2945 1140 3110 1209 μηδέν
3143 1157 3196 1192 τι
3229 1138 3364 1196 εἶναι
3404 1146 3464 1199 τὸ
3489 1150 3720 1220 ἡδόμενον

2183 1224 2387 1294 βωμοῖς
2417 1226 2611 1296 αἵματι
2637 1229 3022 1298 μιαινομένοις,
3057 1229 3154 1283 καὶ
3177 1228 3330 1294 ζώων
3357 1235 3550 1308 ὀλέθρῳ
3578 1239 3718 1310 βιαιο.

2179 1317 2346 1385 τάτῳ·
2385 1317 2435 1370 εί
2464 1317 2521 1370 δέ
2554 1335 2616 1385 γε
2645 1319 2752 1388 ἀρα
2785 1320 2880 1373 καὶ
2903 1321 3081 1374 ὁτιοῦν
3120 1321 3189 1374 τὰ
3221 1325 3394 1378 τοιάδε
3437 1332 3721 1398 προσίεσθαι

2181 1410 2444 1478 πέφυκεν,
2487 1410 2693 1478 ἀγαθὸν
2721 1412 2818 1481 μὲν
2843 1413 2942 1465 οὐκ
2963 1412 3028 1466 ἂν
3055 1414 3141 1482 εῐη
3167 1415 3288 1468 οὐδὲ
3316 1417 3533 1490 ἥμερον,
3556 1423 3722 1494 ἄγριον

2179 1501 2237 1555 δέ
2268 1519 2322 1554 τι
2358 1501 2486 1566 ἴσως
2516 1505 2608 1556 καὶ
2641 1503 2924 1573 μανιῶδες,
2949 1507 3131 1559 ὁποῖον
3155 1507 3244 1561 τὸν
3268 1511 3455 1579 Δεῖμον
3479 1513 3719 1570 ἀναπλάτ-

484 2421 748 2484 historiae.
773 2430 831 2477 ut
857 2421 962 2477 hac
989 2424 1150 2476 etiam
1185 2436 1251 2476 ex
1275 2428 1430 2491 parte
1470 2429 1522 2476 et
1552 2421 1771 2491 quidem
1799 2421 2071 2492 precipue

484 2518 648 2574 utiles
672 2518 1032 2588 humanaeque
1053 2518 1174 2572 vita:
1197 2515 1570 2572 conducibiles
1603 2523 1790 2569 essent
1810 2553 1825 2578 ,
1853 2513 1948 2569 sed
1979 2527 2071 2568 so-

485 2615 536 2669 la
559 2629 742 2670 rerum
776 2623 1053 2685 gestarum
1085 2612 1402 2667 narratione
1431 2626 1604 2682 eaque
1634 2611 1866 2681 simplici
1905 2610 2072 2665 mini-

486 2724 684 2778 meque
707 2719 961 2764 accurata
997 2705 1310 2764 constarent
1341 2725 1357 2763 :
1387 2707 1441 2762 in
1473 2709 1772 2778 periculum
1819 2707 2070 2762 venirent

485 2801 634 2871 apud
690 2801 1012 2866 nonnullos,
1066 2817 1134 2855 ne
1169 2799 1297 2872 (nisi
1334 2799 1438 2854 hoc
1489 2815 1742 2869 aSperum
1777 2799 1924 2854 dictu
1973 2799 2068 2869 sit)

487 2909 596 2947 non
652 2893 826 2947 multo
876 2893 1129 2947 meliores
1171 2900 1528 2946 censerentur
1574 2890 1794 2958 fabulis,
1843 2906 1966 2960 quae
2012 2891 2068 2944 in

485 2984 722 3040 maribus
746 2983 1105 3039 muliebribus
1133 2984 1186 3038 in
1209 2983 1453 3038 laniﬁcio
1471 2983 1851 3038 decantantur.
1882 2980 1956 3036 De
1983 2981 2069 3036 his

2177 2978 2552 3046 ἀνεξέταστος,
2593 2981 3006 3058 κινδυνεύσαιεν-
3025 2984 3047 3015 ⁸
3101 2984 3234 3045 ῐσως
3263 2983 3330 3036 ἂν
3369 2983 3496 3053 παρ’
3525 2981 3668 3042 ἐνίοις
3686 2980 3724 3040 ⁸,

485 3080 672 3146 itaque
704 3076 939 3147 quisque
979 3084 1039 3129 ut
1087 3075 1215 3129 velit
1266 3075 1499 3140 sentiat;
1534 3073 1663 3127 mihi
1702 3087 1830 3127 vero
1862 3071 1971 3142 3o
1999 3071 2068 3126 ad

2176 3071 2224 3124 εί
2277 3072 2350 3141 μὴ
2396 3071 2518 3124 λίαν
2563 3073 2735 3126 δεινὸν
2781 3075 2976 3140 εἰπεῖν,
3007 3074 3068 3126 οὐ
3109 3073 3293 3145 πολλῷ
3321 3073 3463 3128 εἶναι
3499 3070 3725 3142 ἀμείνους

486 3191 550 3228 ea
589 3191 710 3244 qua:
752 3188 1022 3244 coeperam
1056 3171 1536 3242 progrediendum.
1567 3170 1853 3225 Leutharis
1886 3170 2069 3238 itaque
2097 3197 2109 3246 ε

2175 3161 2284 3215 τῶν
2308 3164 2366 3214 ὲν
2397 3163 2797 3230 γυναικωνίτιδι
2825 3164 2868 3195 ⁸ο
2895 3163 3044 3235 παρά
3064 3165 3162 3235 τὴν
3189 3163 3456 3219 ταλασίαν
3483 3161 3724 3234 ᾀδομένων

485 3278 542 3318 et
566 3265 840 3320 Bntiliuus
875 3265 965 3319 ubi
993 3264 1228 3334 primum
1263 3263 1538 3318 exercitus
1571 3269 1758 3316 contra
1792 3259 2071 3314 Romanos

2177 3253 2662 3325 μυθολογημάτων.
2699 3256 2918 3309 Τούτων
2959 3256 3058 3326 μὲν
3089 3251 3182 3310 οὖν
3216 3257 3348 3326 πέρι
3370 3256 3527 3324 ὥσπη
3552 3254 3589 3285 ⁸⁸
3619 3251 3726 3306 tnd-

486 3360 688 3413 ducere
736 3365 1038 3425 eruperunt,
1089 3370 1282 3422 magna
1327 3354 1488 3408 ambo
1532 3367 1627 3421 spe
1683 3351 1848 3406 erecti
1891 3357 2068 3415 erant,

2175 3362 2286 3415 στῳ
2317 3346 2468 3415 φίλον
2493 3346 2615 3416 τῇδε
2649 3346 2865 3412 οίέσοω,
2891 3347 3016 3416 ἐμοὶ
3043 3347 3100 3399 δὲ
3121 3341 3268 3421 ᾗπερ
3295 3349 3322 3401 ὁ
3347 3346 3603 3418 πρότερος
3622 3340 3724 3411 ιφι.

489 3463 750 3518 tanquarn
783 3463 889 3501 non
921 3446 1155 3516 amplius
1173 3461 1239 3500 eo
1263 3446 1315 3498 in
1349 3453 1491 3500 statu
1523 3443 1770 3498 mansuri
1798 3460 1811 3496 :
1841 3439 2069 3496 Narsem

2176 3455 2298 3510 ρετο
2330 3439 2487 3508 λόγος
2521 3441 2585 3503 η,
2621 3439 2795 3510 ταύτῃ
2819 3439 2955 3496 ίτέα.
2986 3439 3261 3510 Λεύθαρις
3291 3441 3400 3511 γὰρ
3438 3440 3530 3492 καὶ
3557 3438 3724 3490 Borm-

487 3543 634 3595 enim
679 3555 742 3593 ne
775 3539 1008 3608 primum
1042 3537 1260 3608 quidem
1302 3536 1562 3605 impetum
1609 3534 1881 3589 sustinere
1909 3545 2071 3601 posse

2174 3530 2316 3592 λῖνος
2363 3529 2550 3602 ἐπειδὴ
2606 3531 2706 3600 τὴν
2750 3530 2923 3600 ἀρχὴν
2972 3531 3113 3584 κατὰ
3151 3531 3442 3602 Ῥωμαίων
3487 3530 3721 3596 ἐπιστρα·

487 3631 824 3694 credebant;
859 3644 1078 3683 omnem
1127 3644 1257 3682 vero
1286 3626 1517 3688 Italiam.
1561 3641 1670 3680 una
1700 3641 1825 3680 cum
1860 3623 2068 3688 Sicilia,

488 3719 544 3770 in
598 3716 838 3786 ipsorum
893 3725 1213 3786 potestatem
1260 3724 1567 3770 venturam.
1616 3711 1798 3768 Mirari
1834 3726 1964 3765 vero
2011 3724 2071 3765 se

487 3808 696 3864 Gothos
725 3809 1000 3873 dicebant,
1048 3809 1092 3863 si
1125 3817 1404 3878 tantopere
1436 3804 1859 3861 homuncionem
1898 3803 2071 3857 thala-

487 3915 580 3954 mo
605 3909 658 3955 et
699 3900 975 3954 umbratili
1013 3899 1393 3969 deliciosaaque
1420 3898 1544 3952 vitae
1572 3906 1876 3958 assuetum,
1906 3894 2071 3948 nihil-

487 4007 593 4062 que
628 3993 934 4048 masculum
965 4003 1019 4047 et
1047 3993 1204 4047 virile
1246 4007 1360 4062 pra:
1388 4005 1448 4045 se
1502 3989 1784 4053 ferentem,
1817 3984 2069 4041 reformi-

485 4084 698 4140 darent.
735 4083 798 4138 lii
825 4085 1009 4154 itaque
1043 4099 1141 4138 sua
1177 4083 1346 4153 gloria
1380 4082 1506 4135 elati
1545 4096 1609 4136 ac
1647 4079 1900 4142 fastuosi,
1937 4078 2071 4132 vali-

490 4175 581 4232 dis
593 4176 766 4246 copiis
791 4177 1017 4243 coactis,
1040 4177 1386 4244 exercituque
1408 4188 1474 4227 ex
1491 4171 1805 4227 Alemannis
1821 4180 1876 4225 et
1895 4170 2071 4224 Fran-

485 4267 567 4323 cis
595 4268 662 4322 ad
686 4268 796 4322 duo
821 4277 874 4320 et
903 4267 1246 4338 septuaginta
1273 4276 1621 4320 strenuorurn
1652 4265 1894 4318 virorum
1937 4265 2062 4319 mil-

487 4360 558 4412 lia
593 4360 838 4421 eollecto,
865 4375 987 4413 sese
1015 4359 1080 4413 ad
1115 4359 1311 4412 bellum
1340 4357 1702 4421 instruebant,
1743 4357 2073 4427 velutijam-

479 4449 597 4516 jam
637 4447 845 4502 Italiam
878 4449 1146 4504 invasuri.

2169 3623 2348 3675 τεύειν
2383 3623 2426 3653 ³³
2455 3621 2809 3693 ὡρμηθήτην.
2834 3622 3136 3692 ἐπηρμένω
3154 3640 3216 3691 γε
3248 3624 3422 3694 ἧστην
3448 3623 3606 3691 ἄμφω
3623 3619 3722 3680 ταῖς

2171 3712 2352 3765 ἐλπίσι
2396 3713 2490 3765 καὶ
2536 3713 2635 3764 οἴω
2670 3713 2770 3765 οὐκ
2803 3712 2883 3764 ἔτι
2913 3714 2970 3765 ἐν
3005 3712 3084 3783 τῷ
3125 3712 3434 3766 καθεστῶτι
3481 3711 3526 3743 ¹⁸
3561 3710 3723 3780 τρόπῳ

2172 3803 2456 3874 βιοτεύειν.
2496 3801 2723 3872 Ναρσῆν
2755 3803 2853 3873 μὲν
2893 3803 3000 3874 γὰρ
3034 3804 3127 3857 τὸν
3159 3803 3467 3876 στρατηγὸν
3497 3801 3610 3856 οὐδὲ
3639 3798 3723 3868 τὴν

2172 3893 2477 3965 προσϐολὴν
2515 3895 2918 3965 ὑποστήσεσθαι
2951 3895 3140 3966 ᾤοντο,
3164 3897 3388 3951 ἃπασαν
3411 3896 3467 3950 δὲ
3486 3895 3579 3967 τὴν
3602 3895 3722 3947 ἰταο

2169 3989 2290 4042 λίαν
2324 3989 2522 4041 οἰκεῖον
2563 3988 2748 4052 αὐτοῖς
2795 3987 3014 4042 ἔσεσθαι
3058 3989 3244 4059 κτῆμα
3273 3991 3339 4056 ⁸⁵,
3370 3989 3464 4043 καὶ
3506 3987 3631 4058 πρός
3666 3996 3720 4050 γε

2169 4081 2421 4135 Σικελίαν
2467 4080 2734 4145 καθέξειν.
2784 4079 3099 4151 Θαυμάζειν
3130 4081 3188 4135 δὲ
3233 4083 3447 4151 ἔφασαν
3481 4081 3582 4134 τῶν
3615 4077 3721 4130 [‘61-

2170 4173 2280 4227 θων
2315 4174 2377 4240 ⁸⁸,
2409 4174 2458 4226 εί
2484 4173 2630 4244 μάλα
2654 4172 2798 4227 οὕτω
2826 4174 3158 4244 πεφρίκασιν
3179 4174 3474 4247 ἀνδράριόν
3494 4191 3544 4227 τι
3575 4169 3718 4224 θαλα-

2172 4264 2436 4336 μηπόλον,
2465 4266 2799 4334 σκιατραφές
2827 4283 2887 4318 τε
2927 4266 3021 4318 καὶ
3053 4265 3418 4336 ἁϐροδίαιτον,
3451 4265 3541 4318 καὶ
3558 4262 3724 4333 πόρρω

2167 4355 2262 4408 τοῦ
2293 4357 2616 4428 ἀρῤενωποῦ
2646 4357 2995 4427 τεταγμένον.
3026 4361 3089 4411 Oi
3121 4358 3223 4429 μὲν
3258 4359 3322 4430 δὴ
3364 4355 3719 4429 βρενθυόμενοι

2167 4451 2234 4518 τῇ
2273 4449 2496 4519 τοιαύτῃ
2544 4451 2586 4480 ⁸⁷
2632 4449 2778 4521 δόξῃ,
2809 4451 2902 4504 καὶ
2951 4451 3234 4522 ἀγέρωχον
3295 4452 3599 4520 ποιούμενοι
3637 4444 3720 4511 τὴν

485 4539 812 4608 παράταξιν,
837 4539 900 4592 ἐκ
921 4557 981 4592 τε
1018 4538 1339 4608 ’Λλαμανῶν
1407 4537 1502 4590 καὶ
1570 4537 1841 4608 Φράγγων
1907 4539 2223 4610 στράτευμα
2270 4543 2328 4603 ὲς
2373 4542 2536 4595 πέντε
2575 4543 2617 4574 ¹³
2668 4544 2763 4596 καὶ
2807 4542 3181 4614 ἑϐδομήκοντα
3217 4543 3466 4614 χιλιάδας
3497 4540 3721 4608 ἀλκίμων

483 4631 693 4703 ἀνδρῶν
720 4632 1061 4702 ἀγείραντες,
1094 4631 1574 4700 παρεσκευάζοντο
1596 4630 1664 4683 τὰ
1687 4631 1941 4701 πολέμια,
2007 4633 2083 4695 ὡς
2123 4633 2322 4687 αὐτίκα
2378 4635 2524 4704 μάλα
2570 4636 2628 4697 ἐς
2683 4634 2782 4706 τὴν
2826 4635 3057 4690 Ἰταλίαν
3101 4636 3196 4690 καὶ
3237 4637 3302 4708 δὴ
3340 4639 3384 4670 ¹⁹
3448 4631 3718 4706 ἐμϐαλοῦν-

482 4741 592 4790 τες.

553 4815 606 4869 8.
637 4813 839 4869 Narses
867 4829 998 4870 vero
1052 4813 1420 4872 Romanorum
1453 4815 1562 4870 dux
1617 4818 1831 4872 tametsi
1865 4833 2058 4872 eorum
2092 4819 2109 4873 l

2233 4821 2304 4882 η’.
2339 4812 2561 4884 Ναρσῆς
2588 4813 2645 4866 δὲ
2664 4815 2692 4867 ὁ
2712 4813 2822 4868 τῶν
2847 4816 3132 4886 Ῥωμαίων
3155 4815 3485 4890 στρατηγὸς,
3509 4815 3556 4866 εἰ
3581 4811 3660 4864 καὶ
3679 4808 3716 4838 ιι

481 4909 711 4964 consilia
749 4923 856 4960 non
891 4908 1049 4977 plane
1085 4907 1322 4962 habebat
1351 4907 1649 4978 explorata,
1684 4907 1922 4961 maxima
1979 4916 2060 4961 ta-

2165 4905 2292 4959 τάδε
2337 4905 2397 4966 ἐς
2427 4903 2490 4956 τὸ
2521 4904 2748 4976 ἀκριϐὲς
2779 4905 2932 4959 οὔπω
2981 4908 3278 4970 ἐπέπυστο,
3329 4906 3467 4961 ἀλλά
3526 4916 3713 4973 προμη-

480 5015 606 5056 men
641 5008 800 5056 utens
839 4999 1153 5070 prudentia,
1201 4999 1553 5067 hostiumque
1581 5007 1809 5053 conatus
1843 5013 2059 5068 semper

2174 4995 2290 5067 θείᾳ
2312 5013 2376 5064 γε
2404 4997 2446 5027 ²¹
2479 4995 2702 5068 πλείστῃ
2729 4997 3007 5069 χρώμενος
3033 4999 3130 5053 καὶ
3156 4999 3381 5068 φθάνειν
3406 4999 3491 5054 ἀεὶ
3510 4997 3601 5056 τὰς
3625 4989 3715 5043 τῶν

481 5099 820 5148 :intevertere
851 5092 1102 5161 cupiens,
1147 5090 1331 5144 statim
1363 5090 1558 5158 oppida
1589 5089 1834 5159 quaedam
1860 5089 1916 5143 in
1946 5089 2058 5142 Tu-

479 5184 596 5240 scia
622 5199 744 5253 qua:
773 5183 954 5239 adhuc
980 5184 1035 5237 in
1064 5181 1366 5237 Gethorum
1395 5188 1663 5250 potestate
1700 5191 1876 5248 erant,
1905 5196 2059 5236 sum-

549 5365 570 5396 ³
587 5359 742 5434 οἶμαι
769 5360 836 5425 R.

479 5433 570 5505 ιι..
598 5433 805 5505 δοκεῖεν
834 5436 1007 5505 vulg,
1057 5435 1078 5466 °
1104 5435 1181 5505 et
1212 5434 1318 5505 γὰρ
1345 5436 1443 5505 μὲν

873 5378 974 5432 pro
1017 5359 1156 5418 οἶδα.
1228 5364 1251 5396 ⁸
1280 5364 1562 5488 κακοῠριγα
1607 5362 1695 5427 [ιη
1733 5362 1828 5417 καὶ
1858 5361 2142 5433 κακοῦργα
2175 5363 2322 5433 vulg.

873 5436 980 5488 ultr.
1057 5435 1078 5466 °
1104 5435 1154 5486 εί
1212 5434 1318 5488 γάο
1346 5436 1443 5488 μὲν
1536 5475 1548 5488 .
1625 5435 1644 5465 ⁷
1672 5434 1902 5488 ταύτητε
1940 5431 2030 5488 Β..
2073 5431 2242 5488 lntor.

1536 5475 1548 5488 .
1625 5435 1644 5465 ⁷
1672 5434 1902 5504 ταύτῃτε
1940 5431 2049 5504 Β),
2073 5431 2292 5504 Ιιιιρτεξ
2323 5433 2447 5486 add.

2167 5086 2444 5156 πολεμίων
2472 5087 2672 5141 ἐθέλων
2697 5090 2894 5161 ὁρμὰς,
2928 5091 3126 5145 αὐτίκα
3157 5092 3227 5146 τὰ
3257 5093 3315 5155 ἐς
3349 5088 3608 5142 Τουσκίαν
3637 5098 3714 5133 πο·

2165 5178 2426 5249 λίσματα,
2465 5177 2571 5232 ὑπὸ
2597 5179 2706 5232 τῶν
2737 5181 2782 5212 ²¹
2815 5180 3027 5234 Γότθων
3055 5181 3134 5234 ἔτι
3165 5181 3522 5251 κατεχόμενα,
3565 5174 3710 5242 ἔγνω·

2399 5361 2421 5393 ⁸
2454 5364 2500 5416 εἰ
2533 5379 2640 5419 om.
2676 5361 2742 5417 Β.
2769 5363 2900 5418 Post
2925 5363 3002 5432 τῷ
3039 5363 3197 5418 iterat
3225 5361 3320 5414 καὶ
3352 5359 3510 5432 vulg._
3531 5354 3709 5432 δοκοῖεν

2515 5471 2530 5488 .
2587 5436 2683 5486 hoc
2722 5433 2874 5486 modo
2909 5425 3190 5488 diuarialw
3251 5425 3685 5496 (πεποικιλμένα-ι)

477 5492 1468 5587 ξ.κινδυνεύσαιενᾮι.,κινδυνευσειεν
1485 5504 1630 5574 vulg.
1649 5513 1702 5558 et
1724 5492 1844 5587 R1"
1868 5503 1888 5534 °
1915 5501 2109 5586 ὲνίαιξΙ

2174 5492 2220 5587 .n
2242 5501 2287 5533 ιο
2314 5503 2461 5587 eam
2485 5519 2604 5587 Tum
2625 5504 2768 5573 vulg.
2847 5506 2886 5534 “
2917 5503 3104 5587 ςὺσπερ
3123 5504 3186 5557 R.
3202 5492 3325 5572 τῇδε
3353 5501 3436 5561 Β..

545 5575 770 5645 ἐφέρετο
786 5575 943 5641 λόγος
966 5575 1050 5645 RL
1056 5573 1212 5640 λόγος
1238 5575 1464 5645 ἐφέρετο
1514 5573 1657 5642 “’Ig'

479 5640 524 5713 ξ’
555 5640 772 5697 ἔσεσθαι
799 5640 983 5712 κτῆμα
1017 5642 1082 5697 R.
1116 5662 1202 5699 κτ.
1232 5640 1314 5698 Ed.
1341 5640 1492 5713 'vulg.

1764 5574 1807 5605 ”
1838 5571 2152 5640 στρατεύειν
2183 5571 2247 5626 ﬂ.
2352 5572 2397 5602 “

1571 5640 1758 5706 ’θεοὺς
1791 5643 2018 5704 Γότθους
2087 5640 2241 5713 Suid.
2283 5657 2330 5696 ε.
2360 5657 2412 5696 v.
2444 5643 2748 5713 ἀνδράριον.
2829 5643 2870 5674 ⁸⁷
2933 5643 3160 5713 τοιαύτῃ

2430 5557 2583 5627 Quid.
2644 5557 2782 5627 s.
2841 5557 3144 5626 καθεστῶτι
3194 5557 3291 5638 pro
3353 5557 3702 5638 ys'habet‘fvé.

3232 5589 3291 5625 ro
3353 5589 3414 5638 γε
3455 5589 3604 5621 unum.
3637 5589 3701 5612 ur.-

3194 5589 3254 5694 ᾖ.
3316 5652 3369 5694 et
3411 5639 3563 5703 Intpr.
3595 5631 3701 5703 dum

477 5711 558 5786 ita
595 5697 1303 5786 sentirent,Brpetéquulg.
1382 5713 1426 5745 ⁷⁸
1444 5697 1848 5786 υττι-ἐντει-Ιιιξρικ
1880 5697 2014 5786 duo;
2089 5715 2104 5742 ί

2174 5719 2296 5786 rost
2322 5713 2416 5766 καὶ
2444 5711 2507 5783 δὴ
2539 5697 2659 5769 edd.
2699 5713 2821 5771 add.
2857 5697 3310 5786 Eme).£av,"quod
3340 5725 3448 5766 om.
3471 5697 3533 5763 Β.
3553 5697 3701 5768 Lugd»

478 5778 646 5850 Intpr.
722 5783 767 5813 ¹⁰
795 5782 903 5836 Pro
933 5778 982 5834 εί
1006 5778 1198 5836 καίὶἸῖ.
1238 5778 1338 5847 είς.

1413 5787 1454 5816 ³³
1478 5800 1539 5852 γε
1577 5784 1700 5838 add.
1735 5780 1800 5839 Ιῖ.
1877 5783 1921 5813 "
1945 5784 2053 5837 τῶν
2083 5781 2207 5839 add.
2237 5780 2299 5838 Β,
