4030 6440
393 350 520 433 1317

1580 324 2119 411 IIISTORIARUM
2157 350 2463 411 LIBERI.

3523 361 3656 429 Ῑ3ῗ8
3694 398 3699 405 ο

387 478 523 528 καις
569 458 778 514 διόδον
811 457 930 524 τοῖς
982 457 1291 528 πολεμίοις
1321 458 1825 527 παρασχομένων,
1881 458 1973 511 xal

2084 461 2325 529 viamque
2363 460 2564 529 factum
2606 469 2835 516 vestrum
2871 463 3326 532 interpretabitur,
3361 477 3412 521 et
3453 486 3656 536 rerum,

386 551 661 620 ἐφέντων
708 549 938 615 αὐτοῖς,
1017 545 1081 602 οἵ
1124 549 1455 613 ,βούλοιντο
1506 550 1634 602 κατ’
1696 548 1973 611 ἐξουσίαν

2082 566 2199 619 qua:
2238 550 2307 604 ad
2348 550 2618 619 publicum
2660 549 2853 605 bonum
2888 562 3138 621 spectent,
3188 555 3499 624 neglectum.
3543 561 3665 616 Nisi

382 643 578 704 lerat;
610 642 719 696 Καὶ
753 640 866 711 ἐγὼ
904 640 1024 711 μὲν
1059 640 1250 695 οὐδέν
1311 658 1366 694 τι
1436 641 1717 710 φλαῦρον
1757 641 1973 709 εἴποιμι

2079 640 2217 694 enim
2249 655 2408 709 quam
2434 641 2666 708 primunt
2701 639 2960 696 Parmam
2986 658 3077 697 ros
3107 646 3426 713 receperitis,
3465 646 3664 704 Narses

382 735 449 799 ἐς
494 732 671 802 ὑμᾶς,
718 733 908 799 ἄλλος
953 732 1021 787 δέ
1061 751 1152 799 τις
1201 733 1345 799 ἴσως
1394 732 1522 801 ἐρεῖ
1542 733 1850 804 μαλακίαν
1896 729 1982 787 εἷ-

374 841 483 878 ναι
537 824 604 877 τὸ
636 822 861 894 χρῆμα,
902 824 1002 878 καὶ
1032 822 1151 877 τῶν
1194 822 1372 892 κοινῇ
1401 823 1825 877 συνοισόντων
1856 825 1979 877 ὀλι-

375 915 627 981 γωρίαν.
674 916 743 969 El
767 914 854 984 μὴ
899 915 1012 984 γὰρ
1058 914 1346 984 φθάσοιτε
1407 914 1627 970 θᾶττον
1685 915 1753 982 ἐς
1806 916 1967 982 Πάρ-

370 1020 504 1070 μαν
530 1006 991 1073 ἐπανελθόντες,
1029 1007 1279 1075 Ναρσῆς
1310 1006 1428 1075 μὲν
1461 1007 1684 1061 οὔποτε
1757 1006 1978 1073 ἀνήσει

2077 732 2290 800 quidem
2329 731 2745 799 indignationem
2769 775 2783 797 ,
2841 749 3001 802 quam
3040 733 3146 803 52
3180 738 3358 791 animo
3391 754 3486 792 suo
3536 757 3664 793 cou-

2076 808 2245 889 cipit,
2283 836 2385 873 non
2420 822 2659 889 deponet,
2682 837 2848 892 neque
2876 824 3077 878 desinet
3116 824 3259 879 vobis
3294 827 3580 894 imputare,
3616 830 3663 882 si

2073 912 2202 983 quid
2235 910 2443 965 adversi
2478 916 2526 965 ei
2561 914 2840 968 acciderit.
2872 913 3066 970 Cavete
3110 932 3253 983 vero,
3299 919 3401 973 uiri
3448 921 3661 990 optimi,

2087 1018 2150 1056 ne
2178 1010 2229 1056 et
2262 1002 2553 1069 imperator
2588 1003 2734 1056 vobis
2761 1013 3086 1059 succenseat.

372 1097 792 1165 χαλεπαίνων,
864 1098 964 1151 καὶ
1012 1097 1468 1167 καταιτιώμενος
1511 1098 1667 1168 ὑμᾶς
1728 1097 1850 1153 τῶν
1894 1095 2226 1165 ἐσομένων,
2263 1091 2322 1146 ετ
2345 1091 2415 1162 τέ
2459 1103 2524 1146 τι
2559 1093 2901 1149 ἀντίπαλον
2932 1094 3345 1166 ξυνενεχθείη.
3373 1098 3661 1156 Σκοπεῒτε

368 1188 475 1254 δὲ,
544 1184 594 1243 ὦ
635 1189 884 1255 λῷστοι,
930 1188 1090 1256 ὅπως
1140 1188 1227 1259 μὴ
1292 1190 1390 1244 καὶ
1417 1190 1720 1257 ,ϐασιλεὺς
1780 1187 2104 1259 νεμεσήσῃ
2132 1186 2177 1240 ⁸.
2876 1205 2881 1209 θ

458 1289 546 1354 ιη’.
577 1280 744 1335 Ταῦτ’
780 1282 802 1314 ³
830 1282 1167 1346 ἀκούσαντες
1199 1283 1250 1335 οἱ
1287 1283 1591 1354 στρατηγοὶ
1619 1283 1715 1337 καὶ
1741 1279 1964 1354 Ναρσοῢ

368 1370 525 1428 εἶναι
559 1375 881 1444 ἐγνωκότες,
921 1373 994 1438 ὡς
1025 1374 1124 1445 μὲν
1152 1375 1212 1427 οὐ
1236 1374 1419 1428 δίκαια
1448 1375 1633 1445 σφίσιν
1656 1374 1959 1445 ἐπικαλοίη,

367 1466 565 1536 λέγειν
606 1466 629 1499 δ
661 1467 763 1520 οὐκ
812 1462 993 1537 εἶχον,
1054 1465 1284 1537 σκήψεις
1329 1467 1388 1520 δέ
1443 1485 1600 1531 τινας
1639 1468 1964 1539 προΐσχοντο

2143 1277 2233 1334 18.
2276 1276 2375 1335 liis
2406 1278 2635 1345 auditis,
2663 1276 2927 1349 praefecti,
2953 1287 3009 1335 et
3044 1294 3075 1335 a
3120 1280 3347 1340 Narsete
3384 1283 3501 1339 base
3529 1298 3659 1353 pro.

2070 1370 2241 1426 ﬁcisci
2269 1385 2376 1425 non
2404 1370 2740 1441 ignorantes,
2784 1369 2985 1440 injuste
3012 1372 3230 1439 quidem
3267 1390 3388 1430 sese
3427 1375 3664 1430 insimu-

2068 1456 2168 1515 lari
2196 1461 2378 1516 dicere
2415 1476 2523 1516 non
2551 1468 2824 1529 poterant,
2859 1461 2956 1516 sed
2980 1463 3360 1517 excusationes
3393 1466 3656 1532 quasdam

369 1560 480 1612 καὶ
507 1557 708 1622 αἰτίας,
742 1557 820 1621 ὡς
872 1557 983 1628 ἄρα
1039 1559 1176 1628 πρὸς
1226 1559 1475 1629 ἀνάγκης
1540 1560 1959 1629 μετανασταῖεν,

2075 1552 2472 1623 praetendebant
2517 1564 2572 1609 et
2604 1568 2823 1619 causas,
2855 1552 3003 1621 quod
3045 1553 3297 1610 videlicet
3336 1555 3663 1610 necessitate

370 1646 481 1700 ἅτε
518 1647 621 1701 οὐκ
652 1647 774 1699 ἐνὸν
802 1648 861 1699 ὲν
891 1650 1002 1710 τοῖς
1047 1648 1179 1718 περὶ
1196 1649 1430 1719 Πάρμαν
1449 1649 1670 1719 χωρίοις
1702 1647 1812 1702 τῶν
1835 1649 1968 1702 tam:

370 1738 559 1809 δίμων
622 1740 736 1801 τοῖς
791 1738 1151 1809 στρατιώταις
1177 1741 1236 1803 ὲς
1276 1739 1336 1792 τὸ
1395 1740 1650 1811 ἀποχρῶν
1698 1739 1968 1811 μεταλαγ-

369 1832 602 1901 χάνειν·
648 1831 785 1901 μηδὲ
818 1831 927 1903 γάρ
993 1834 1251 1903 παρεῖναι
1302 1831 1572 1903 Ἀντίοχον
1599 1832 1832 1886 ἐνταῦθα
1875 1832 1967 1885 τὸν

378 1922 634 1993 ὕπαρχον
665 1922 708 1986 ⁸,
737 1915 781 1988 ᾧ
818 1920 889 1974 τὰ
933 1921 1117 1976 τοιάδε
1178 1924 1429 1976 ἀνεῖταιο
1492 1923 1552 1977 οὐ
1607 1924 1791 1994 μέντοι
1852 1924 1965 1977 ἀλλ’

380 2015 513 2069 οὐδὲ
555 2014 618 2067 τὸ
664 2012 889 2084 χρυσίον
926 2012 987 2066 τὸ
1019 2012 1212 2077 εἰωθὸς
1276 2014 1464 2078 αὐτοῖς
1520 2014 1963 2085 διανενεμῆσθαι.

386 2107 660 2176 Στέφανος
713 2104 777 2175 δὴ
807 2101 902 2159 οὖν
929 2105 1006 2169 ὡς
1032 2105 1265 2176 τάχιστα
1293 2106 1352 2160 ὲν
1394 2106 1654 2179 Ῥαϐέννῃ
1703 2107 1969 2176 ἀφικόμε-

388 2217 505 2264 νος,
538 2199 629 2252 τόν
651 2216 707 2252 τε
735 2197 974 2269 ὕπαρχον
992 2198 1201 2251 ἐνθένδε
1227 2197 1303 2261 ὡς
1318 2199 1444 2261 τοὺς
1466 2201 1805 2269 στρατηγοὺς
1831 2201 1967 2269 ἤγα-

382 2309 479 2359 γε,
505 2290 681 2345 καὶτὰ
698 2289 972 2360 ἀμφίϐολα
987 2287 1062 2350 ὡς
1092 2282 1203 2341 οἷόν
1232 2305 1291 2342 τε
1323 2284 1391 2359 ἦν
1423 2289 1782 2359 ἀκεσάμενος.
1821 2290 1967 2345 ἐπει-

381 2397 485 2434 σεν
525 2382 739 2435 ἅπαντα
769 2382 790 2411 ⁵
810 2379 1008 2434 αὐτίκα
1036 2380 1490 2452 παλινδρομῆσαι,
1526 2381 1621 2434 καὶ
1655 2377 1809 2443 αὖθις
1830 2382 1969 2452 προς

374 2474 490 2544 τὴν
540 2473 776 2545 Πάρμαν
818 2474 839 2505 ⁷
894 2472 1482 2544 στρατοπεδεύσασθαι.
1541 2473 1691 2526 Ἐπεὶ
1709 2472 1765 2525 δὲ
1795 2473 1967 2527 ταῦτα

372 2566 828 2638 διαπραξάμενος
871 2565 893 2599 ⁸
946 2566 1005 2628 ἐς
1050 2564 1267 2619 Λοῦκαν
1322 2567 1584 2635 ἐπανῆκε,
1631 2564 1851 2637 θαρσεῖν
1906 2583 1968 2618 τε

376 2657 597 2730 ἔφασκε
628 2659 707 2729 τῷ
742 2658 958 2730 Ναρσῇ.
995 2658 1090 2711 καὶ
1137 2659 1233 2712 σὺν
1259 2656 1572 2729 προμηθείᾳ
1612 2658 1829 2729 ἔχεσθαι
1857 2657 1966 2713 τῶν

378 2751 758 2822 πραγμάτων.
819 2750 971 2821 Μηδὲ
1023 2749 1134 2821 γὰρ
1184 2750 1617 2821 παρενοχλήσειν
1667 2750 1819 2821 αὑτῷ
1841 2751 1969 2814 τοὺς

379 2842 708 2912 πολεμίους,
743 2839 859 2893 ἀλλ’
893 2839 1175 2911 εἴργεσθαι
1227 2842 1328 2904 τὰς
1359 2841 1582 2894 ἐκείνων
1610 2842 1809 2911 ὁρμὰς,
1859 2841 1969 2894 τῶν

2069 1642 2244 1698 coacti
2280 1642 2515 1698 statione
2560 1658 2660 1698 sua
2689 1644 3022 1707 cessissent;
3070 1644 3268 1713 quippe
3298 1645 3387 1714 qui
3434 1661 3501 1699 ex
3546 1646 3657 1699 cir-

2069 1735 2359 1805 cumiectis
2384 1735 2597 1791 Parmae
2631 1737 2768 1793 locis
2799 1751 2907 1791 non
2943 1736 3082 1793 satis
3128 1747 3468 1794 commeatus
3511 1739 3659 1792 mili-

2070 1829 2217 1884 tibus
2249 1829 2491 1884 nancisci
2517 1829 2852 1899 potuissent;
2891 1843 3070 1898 neque
3110 1830 3442 1886 Antiochum
3471 1832 3658 1901 με·ωεί-

2068 1922 2213 1987 dem,
2258 1922 2346 1977 cui
2386 1937 2451 1977 ea
2502 1937 2635 1977 cura
2686 1922 2980 1978 commissa
3018 1930 3162 1987 erat,
3203 1923 3338 1991 ipsis
3377 1924 3659 1992 adfuisse;

2068 2015 2163 2070 sed
2197 2029 2372 2084 neque
2405 2014 2674 2085 stipendia
2715 2024 2975 2070 consueta
3019 2015 3154 2085 ipsis
3184 2016 3484 2086 persoluta.
3535 2016 3659 2073 Ste-

2067 2108 2281 2177 pbauus
2314 2108 2499 2178 itaque
2538 2122 2751 2162 summa
2800 2107 3079 2163 celeritate
3120 2106 3432 2162 Ravennam
3474 2125 3661 2164 rever-

2068 2215 2185 2261 sus.
2228 2208 2284 2255 et
2331 2200 2613 2270 praasidem
2657 2200 2809 2255 illine
2852 2199 2920 2255 ad
2963 2199 3249 2268 praefectos
3286 2201 3504 2264 militiae
3532 2217 3659 2271 per-

2067 2288 2244 2351 duxit,
2268 2301 2321 2342 et
2341 2288 2755 2345 diliicultatibus
2771 2288 3053 2354 omnibus,
3076 2289 3261 2358 quoad
3281 2290 3396 2344 ﬁeri
3423 2302 3659 2360 powrat,

2068 2378 2326 2445 sublatis,
2375 2380 2650 2449 persuasit
2695 2381 2982 2445 omnibus,
3034 2389 3097 2435 ut
3155 2389 3411 2436 revocato
3465 2382 3661 2437 itimwe

2068 2478 2289 2526 rursum
2313 2472 2378 2545 ad
2404 2470 2657 2527 Parmam
2683 2481 2864 2527 castra
2893 2471 3277 2528 transferrent.
3300 2472 3398 2526 llis
3424 2489 3554 2528 vero
3584 2475 3656 2529 ita

2068 2565 2340 2634 peractis,
2400 2563 2602 2619 Lucam
2651 2580 2928 2620 reversus.
2999 2564 3216 2621 Narseti
3270 2566 3448 2632 dixit,
3512 2567 3659 2622 bono

2031 2659 2254 2719 ,animo
2286 2666 2343 2712 ut
2388 2665 2553 2721 esset,
2586 2657 2951 2725 alacriterque
2997 2656 3309 2712 institutum
3353 2674 3513 2713 suum
3566 2675 3663 2713 ur-

2071 2756 2242 2817 geret.
2272 2748 2456 2818 Neque
2482 2750 2629 2804 enim
2659 2749 2761 2818 ipsi
2786 2747 3080 2803 obfuturos
3105 2748 3312 2812 hostes,
3342 2750 3433 2803 sed
3459 2747 3662 2803 Roma-

2069 2854 2266 2895 norum
2316 2841 2558 2911 legiones
2587 2850 2898 2911 opportuna
2928 2854 3151 2895 rursum
3182 2840 3299 2897 loca
3348 2839 3660 2895 insidentes

396 2932 732 3003 Ῥωμαίκῶν
764 2933 947 2997 αὐτοῖς
977 2934 999 2965 ⁹
1033 2933 1332 3003 ταγμάτων
1386 2934 1445 2986 ὲν
1492 2933 1664 2987 δέοντι
1697 2930 1853 2997 αὖθις
1879 2934 1972 3003 ἐφ-

2076 2931 2315 3002 ipsorum
2369 2933 2607 3002 impetus
2640 2947 3012 3002 repressuras.
3053 2930 3253 2988 Narses
3289 2933 3471 3001 itaque
3512 2932 3663 2985 dein-

380 3026 748 3096 εδρευόντων.
792 3026 1017 3098 Ναρσῆς
1063 3026 1127 3098 δὴ
1175 3025 1260 3099 [Ρ.
1297 3025 1390 3098 50]
1444 3022 1536 3080 οὖν
1592 3028 1842 3081 τολοιπὺν
1873 3030 1974 3081 οὐκ

380 3118 621 3172 ἀνεκτὸν
650 3114 793 3175 εῖναι
841 3118 1161 3189 ἡγούμενος,
1214 3120 1264 3172 εί
1321 3120 1564 3189 μέλλοιεν
1619 3122 1666 3174 oi
1710 3121 1974 3174 Λουκανοὶ

385 3208 750 3263 ἔπι-πλεῖστον
802 3210 1069 3281 άντέχειν,
1102 3208 1245 3263 οὕτω
1284 3227 1402 3274 πως
1435 3210 1696 3281 ἀνειμένα
1755 3212 1974 3283 πολιορ·

389 3298 678 3369 κούμενοι,
711 3296 948 3363 ἐπέλαζε
987 3299 1032 3330 ¹⁶
1069 3300 1183 3362 τοῖς
1230 3299 1467 3370 τείχεσιν
1535 3301 1770 3371 ἀφειδῶς
1797 3317 1814 3332 ο
1880 3304 1977 3356 καὶ

388 3391 599 3445 αὐτίκα
635 3390 697 3444 αἵ
725 3407 786 3443 τε
819 3390 1096 3455 ἑλεπόλεις
1152 3393 1392 3462 μηχαναὶ
1456 3393 1818 3462 προσήγοντο,
1846 3434 1851 3439 .
1881 3395 1977 3448 καὶ

392 3484 508 3538 ἀνὰ
559 3482 660 3546 τὰς
695 3482 914 3552 τύρσεις
948 3483 1204 3554 πυρφόρα
1237 3483 1562 3555 ὲρῤίπτοντο
1601 3484 1752 3554 βέλη.
1799 3483 1867 3539 Οἱ
1915 3501 1977 3537 τε

393 3577 459 3639 ις
487 3576 557 3629 τὰ
608 3573 963 3645 μεταπύργια
1017 3574 1355 3643 φαινόμενοι,
1397 3575 1682 3630 ὲδάλλοντο
1728 3576 1896 3640 λίθοις
1917 3593 1976 3630 τε

396 3668 497 3722 καὶ
541 3667 867 3737 τοξεύμασιν
891 3681 906 3696 °
954 3665 1046 3719 καὶ
1098 3665 1409 3736 διετὲμνετό
1478 3669 1626 3721 ἐστιν
1678 3661 1738 3722 οὗ
1793 3670 1827 3739 ὴ
1880 3668 1976 3721 τοῦ

399 3758 692 3827 περιϐόλου
751 3756 1056 3827 οἰκοδομία,
1107 3758 1203 3811 καὶ
1242 3757 1429 3811 ἅπασα
1488 3758 1603 3811 ἰδέα
1654 3758 1825 3831 κακοῦ
1877 3776 1978 3813 πε-

404 3848 680 3917 ριεστήκει
725 3845 824 3915 τὴν
854 3846 1026 3900 πόλιν.
1070 3847 1134 3899 Οί
1176 3845 1275 3916 μὲν
1307 3842 1402 3902 οὖν
1442 3847 1704 3918 πρότερον
1742 3849 1978 3921 ὁμηρεύ-

404 3953 599 3999 σαντες
635 3938 757 3993 τότε
805 3937 871 4007 δὴ
932 3937 1093 3992 πλέον
1144 3938 1186 3969 ⁸⁸
1226 3938 1498 4011 ἔπρασσον
1528 3940 1586 4003 ἐς
1614 3940 1655 3973 ³⁸
1684 3942 1810 4003 τοὺς
1847 3941 1978 3994 Ῥωο

408 4029 627 4099 μαίους.
659 4030 766 4083 Καὶ
792 4031 920 4098 τόγε
970 4031 1058 4083 ἐπ’
1091 4030 1339 4094 ἐκείνοις,
1378 4031 1605 4102 τάχιστα
1672 4033 1740 4088 ἄν
1795 4034 1980 4088 ἅπασα

402 4122 440 4189 ή
508 4118 654 4181 πόλις
687 4119 952 4191 ύπεκλίθη
980 4135 995 4152 ο
1039 4120 1135 4174 νῦν
1176 4121 1233 4174 δὲ
1265 4124 1315 4175 οἱ
1344 4121 1453 4175 τῶν
1483 4123 1751 4191 Φρὰγγων
1806 4124 1981 4193 ἁρμο-

2073 3037 2202 3091 ceps
2232 3039 2575 3094 nequaquam
2611 3022 2897 3078 ferendum
2940 3031 3115 3086 ratus,
3156 3022 3432 3078 Lucenses
3461 3021 3659 3077 diutis-

2076 3115 2216 3170 sime
2246 3116 2502 3170 resistere
2528 3115 2814 3169 remissius
2843 3114 2948 3184 53
2982 3114 3263 3178 obsessos,
3302 3129 3463 3168 muro
3489 3114 3661 3167 intre-

2076 3206 2198 3276 pide
2237 3206 2728 3276 apprOpinqua'vit,
2783 3207 3083 3276 statimque
3130 3205 3397 3261 machinae
3444 3205 3660 3278 oppidis

2076 3297 2355 3366 capiendis
2395 3297 2817 3352 accommodatae
2854 3297 3311 3360 admovebantur,
3352 3305 3407 3350 et
3455 3297 3509 3350 in
3540 3298 3664 3366 pin-

2077 3403 2179 3443 nas
2222 3388 2650 3459 interioremque
2692 3388 2958 3443 ambitum
3002 3403 3290 3443 murorum
3332 3388 3502 3456 ignita
3553 3388 3663 3444 tela

2076 3479 2495 3545 emittebantur;
2530 3480 2737 3549 quique
2781 3480 2835 3532 in
2887 3478 3120 3532 turrium
3157 3478 3458 3534 intervallis
3497 3494 3663 3534 com-

2077 3571 2374 3639 parebant,
2428 3570 2579 3625 saxis
2628 3579 2683 3624 et
2733 3570 2952 3638 sagittis
3001 3571 3377 3641 petebantur:
3426 3570 3662 3639 quadam

2077 3660 2243 3714 etiam
2273 3674 2337 3713 ex
2371 3667 2522 3729 parte
2548 3658 2748 3713 ritasnia
2777 3658 2889 3727 jam
2915 3666 3074 3712 erant
3102 3657 3304 3725 diruta,
3331 3667 3494 3727 atque
3524 3659 3666 3715 adeo

2078 3761 2241 3802 omne
2272 3745 2397 3799 mali
2426 3758 2597 3814 genus
2639 3745 2826 3799 urbem
2861 3744 3163 3814 premebat.
3195 3742 3334 3798 Tum
3362 3744 3545 3816 itaque
3568 3745 3664 3815 qui

2079 3843 2241 3912 antea
2281 3834 2499 3890 obsides
2528 3833 2764 3899 fuerant,
2798 3833 3054 3888 obnixius
3086 3848 3182 3902 pro
3214 3831 3478 3888 Romanis
3517 3836 3665 3904 apud

2076 3942 2210 4003 suos
2257 3926 2521 3997 agebant;
2559 3942 2733 3996 neque
2774 3940 2871 3996 per
2915 3926 3063 3994 ipsos
3109 3925 3279 3991 stetit,
3323 3940 3435 3995 quo
3479 3926 3665 3984 minus

2078 4021 2334 4076 universa
2382 4019 2576 4075 civitas
2633 4018 2699 4073 ad
2753 4016 3085 4072 deditionem
3135 4017 3427 4072 inclinaret
3468 4035 3482 4072 :
3517 4034 3664 4075 nunc

2078 4128 2209 4168 vero
2249 4112 2584 4167 Francorum
2640 4109 3013 4164 moderatores
3059 4108 3150 4179 qui
3199 4108 3347 4164 intus
3390 4119 3546 4164 erant
3591 4111 3661 4164 ad

399 4214 551 4273 σταὶ,
598 4212 648 4265 οἳ
673 4212 738 4284 δὴ
768 4212 1067 4283 ἐτύγχανον
1113 4213 1260 4266 ἔνδον
1286 4215 1379 4266 ἐπὶ
1414 4217 1628 4287 φρουρᾷ
1668 4215 1762 4269 τοῦ
1789 4216 1973 4280 ἄστεος

2081 4205 2393 4275 praesidium
2440 4203 2859 4271 custodiamque
2906 4201 3058 4255 urbis
3101 4199 3403 4263 constituti,
3446 4201 3661 4257 infestis

395 4303 863 4370 ἐγκαταστάντες,
909 4304 1182 4358 ἐνέκειντο
1208 4286 1640 4376 παροτρύνοντες
1695 4308 1973 4378 πολεμεῖν,

2084 4299 2286 4354 animis
2313 4314 2409 4353 eos
2453 4296 2520 4351 ad
2560 4296 2910 4368 pugnandum
2953 4292 3323 4356 concitabant,
3371 4303 3539 4363 utque
3574 4310 3665 4349 ar-

395 4392 502 4444 καὶ
548 4393 662 4454 τοῖς
735 4391 922 4455 ὅπλοις
976 4391 1285 4447 διωθεῖσθαι
1328 4394 1427 4466 τὴν
1480 4395 1817 4468 πολιορκίαν.
1869 4398 1973 4450 Αὑ-

2084 4391 2190 4445 mis
2220 4391 2559 4445 obsidionem
2586 4387 2991 4458 propulsarent.
3027 4385 3220 4440 Statim
3248 4385 3433 4455 itaque
3463 4384 3667 4454 apertis

394 4483 533 4535 τίκα
557 4480 622 4552 δὴ
671 4476 766 4535 οὖν
820 4482 963 4535 αἵτε
996 4482 1162 4537 πύλαι
1193 4482 1647 4549 ἀνεπετάννυντο,
1675 4484 1773 4538 καὶ
1806 4486 1973 4538 ἐπεκ-

2087 4477 2261 4549 portis
2310 4477 2649 4545 repentinam
2690 4474 2744 4528 in
2801 4473 3077 4530 liornanos
3128 4472 3472 4542 eruptionem
3521 4470 3667 4526 iece-

394 4565 630 4643 δρομὰς
652 4572 996 4639 ἐξαπιναίους
1026 4572 1071 4603 ⁸³
1094 4573 1153 4636 ὲς
1177 4572 1303 4635 τοὺς
1342 4573 1647 4641 Ῥωμαίους
1676 4572 1973 4640 ἐποιοῦντο,

2085 4578 2234 4636 runt,
2267 4567 2646 4623 existimantes
2689 4581 2748 4620 se
2781 4564 2883 4620 bac
2925 4566 3137 4619 ratione
3180 4563 3295 4618 fore
3332 4562 3665 4632 superiores.

392 4665 574 4736 ταύτῃ
624 4666 863 4735 οἰόμενοι
914 4664 1286 4738 περιέσεσθαι.
1328 4665 1469 4718 Ἀλλ’
1522 4664 1745 4735 ἔμελλον
1796 4665 1851 4720 οἵ
1918 4684 1973 4735 γε

2086 4663 2190 4719 Sed
2222 4678 2282 4717 re
2324 4663 2440 4732 ipsa
2472 4659 2576 4714 visi
2614 4667 2742 4715 sunt
2784 4660 2836 4713 bi
2866 4674 3030 4728 quam
3080 4657 3370 4712 minimum
3419 4657 3670 4712 hostibus

394 4758 536 4827 δρᾷν
581 4757 679 4826 μὲν
714 4756 972 4827 ἐλάχιστα
994 4758 1119 4820 τοὺς
1154 4756 1468 4825 πολεμίους,
1500 4756 1710 4827 μεγάλα
1741 4756 1797 4810 δὲ
1825 4757 1973 4828 ἡλίκα

2087 4754 2380 4823 profuisse,
2414 4754 2524 4807 imo
2554 4753 2737 4822 potius
2767 4753 3006 4806 maximo
3034 4751 3236 4806 danmo
3263 4764 3361 4804 eos
3398 4748 3667 4805 adeeisse.

395 4848 799 4918 πημαίνεσθαι.
850 4850 914 4903 οι
942 4848 1053 4920 γὰρ
1102 4849 1167 4914 δὴ
1224 4851 1465 4902 πλεῖστοι
1522 4850 1632 4902 τῶν
1692 4850 1973 4904 Λουκανῶι

2083 4847 2338 4918 Plerique
2388 4847 2532 4903 enim
2578 4845 2855 4901 Luccnses
2899 4843 3147 4914 persuasi
3183 4844 3298 4912 jam
3332 4842 3403 4897 ab
3450 4842 3539 4907 iis,
3577 4842 3671 4911 qui

393 4943 508 5008 ἥδη
559 4940 1025 5011 ἀναπεπεισμένοι
1066 4940 1172 4995 ὑπὸ
1226 4941 1340 4995 τῶν
1395 4942 1545 4995 ἔνδον
1605 4942 1982 5011 πρασσόντων,

393 5031 858 5095 ἐθε).οκακοῦντες
898 5032 1184 5103 ἐμάχοντο.
1265 5032 1418 5086 Ἐπεὶ
1481 5033 1539 5087 δὲ
1581 5033 1784 5097 αὐτοῖς,
1833 5032 1982 5103 θαμὰ

396 5126 792 5193 πειρωμένοις,
847 5124 998 5177 οὐδὲν
1075 5124 1185 5178 τῶν
1229 5125 1592 5180 ἐλπισθέντων
1648 5123 1980 5197 προύχώρει,

395 5214 565 5275 ἀλλὰ,
598 5217 828 5280 πολλοὺς
866 5216 975 5270 τῶν
1001 5218 1279 5288 σφετέρων
1296 5218 1716 5284 ἀποϐάλλοντες,
1750 5219 1980 5290 αἰσχράς

397 5319 466 5358 τε
498 5305 592 5359 καὶ
634 5306 882 5375 ἀγεννεῖς
937 5308 1314 5379 ἀναχωρήσεις
1360 5307 1659 5372 ἐποιοῦντο,
1726 5302 1883 5370 αὖθίς
1926 5323 1988 5360 τε

481 5525 505 5558 ²
536 5526 812 5597 νεμεσήσῃ
844 5526 909 5586 R,
937 5527 1230 5598 νεμεσήσοι
1259 5527 1409 5598 vulg.

403 5597 504 5653 hic
533 5607 612 5678 et.
644 5612 787 5678 utox_
831 5597 1332 5678 eparclt‘untgbabrt.‘

399 5677 658 5738 peractis.

1439 5598 1458 5627 ‘
1484 5597 1699 5652 ἅπαντα
1767 5613 1876 5651 om.
1916 5601 1979 5656 ιι,

766 5667 987 5730 ἀὐτοῖς
1014 5670 1076 5739 li.
1110 5671 1290 5739 intpr.
1316 5666 1567 5720 Romanis
1586 5670 1916 5739 exercitibus
1945 5671 1973 5722 It

2075 5700 2121 5711 —
2148 5666 2491 5736 instantibus,
2521 5666 2671 5739 αύτῷ
2710 5669 2854 5737 vnlg.

401 5736 574 5792 πλέον
609 5736 732 5791 add.
756 5737 923 5808 intpr.
955 5738 1153 5791 civibus
1184 5737 1377 5808 optime
1409 5738 1749 5794 consulendo.
1836 5741 1877 5770 ¹²
1906 5741 1965 5803 ἐς

2096 5742 2175 5804 εἰς
2206 5742 2352 5810 vulg.

2083 4941 2233 4997 intus
2265 4956 2361 4996 eos
2387 4940 2455 4995 ad
2486 4939 2816 4995 deditionem
2861 4937 3254 5002 sollicitabant,
3290 4935 3358 4989 de
3399 4934 3667 4988 industria

2091 5034 2276 5089 minus
2318 5041 2544 5088 strenue
2573 5030 2909 5101 pugnabant.
2952 5028 3250 5099 Postquam
3294 5040 3426 5082 vero
3466 5039 3527 5079 re
3558 5023 3669 5077 fre-

2090 5133 2323 5195 quenter
2353 5133 2555 5180 tentata
2582 5124 2720 5177 irriti
2744 5131 2930 5178 essent
2956 5130 3216 5189 conatus,
3247 5128 3301 5173 et
3332 5117 3517 5173 multis
3543 5130 3669 5170 suo-

2089 5234 2210 5273 rum
2244 5216 2565 5271 desideratis
2599 5215 2829 5284 turpiter
2860 5227 3163 5284 parumque
3192 5223 3457 5282 generose
3481 5208 3671 5278 pedem

2095 5319 2244 5366 retro
2266 5310 2410 5365 ferre
2452 5320 2800 5380 cegerentur,
2842 5306 3129 5376 denuoque
3175 5306 3318 5360 intra
3353 5316 3544 5358 muros
3586 5315 3669 5358 re-

1483 5527 1695 5600 ξταῦτα
1725 5527 1791 5581 Β.
1866 5529 1890 5561 ⁵
1916 5529 1973 5584 λέ

2075 5550 2095 5582 ν
2120 5529 2185 5583 R.
2226 5545 2340 5585 om.
2371 5529 2423 5584 in
2471 5530 2615 5595 ord.,
2659 5530 2713 5584 in
2749 5545 2860 5600 mg.
2883 5528 3087 5600 εἰπεῖν1
3109 5598 3117 5600 _
3156 5527 3178 5558 ⁸
3209 5526 3475 5600 ὕπαρχον.
3507 5524 3671 5600 Intpr.

2795 5594 2835 5632 ⁸⁷
2853 5597 3313 5667 διαπραξάμενος.
3328 5594 3509 5666 Ἰιιιρν.
3536 5594 3675 5649 [περὶ

2934 5669 2976 5698 ¹⁰
3008 5665 3276 5721 ἐπέλαϐεν
3310 5667 3375 5723 li.
3428 5665 3439 5666 ί
3476 5667 3516 5701 ⁸³
3549 5668 3672 5720 Post

2432 5743 2475 5773 "
2512 5737 2842 5804 ἐξαπιναίως
2872 5737 2935 5791 Β.

2079 5601 2098 5630 ⁷
2134 5601 2268 5670 πρὸς
2304 5604 2367 5669 τῇ
2388 5601 2601 5671 Πάρμᾳ
2625 5602 2689 5653 ιι.
