4030 6396
421 298 551 362 i319

1623 282 1989 345 AGATHhE
2013 279 2498 344 SCHOIASTICI

3574 291 3718 356 1320

417 413 584 485 pulsi,
617 408 800 465 acrius
847 408 1061 464 obsessi
1098 405 1382 474 clausique
1419 408 1754 464 tenerentur,
1787 394 2007 467 perinde

2115 397 2247 451 εἵσω
2291 399 2386 452 τοῦ
2420 418 2483 452 πε
2503 401 2713 468 ριϐὁλου
2761 404 3044 473 γενόμενοι
3079 403 3469 477 ἀκριϐέστερον
3513 407 3725 475 ἐγκατ-

417 522 483 559 ac
531 505 575 560 si
618 503 731 574 jam
764 502 898 572 ipsis
947 500 1127 554 omnis
1171 496 1409 553 exeundi
1441 493 1818 565 “potestas
1868 498 2014 543 esset

399 599 672 668 adempta
707 614 718 650 :
756 607 872 649 tum
903 609 1032 648 vero
1051 606 1243 646 omnes
1279 597 1543 658 tauquam
1589 585 1739 640 nulla
1769 581 1877 638 alia
1920 597 2012 637 sa-

417 691 551 745 lutis
591 705 686 758 spe
714 689 942 756 reliqua,
977 670 1043 738 ad
1077 681 1463 750 tranquilliora
1500 677 1731 733 consilia
1765 675 2014 729 animum

417 782 751 852 adjecerunt,
802 787 857 832 et
888 775 1145 846 praesenti
1196 787 1380 827 rerum
1415 769 1582 826 statui
1618 779 1766 823 recte
1808 764 2012 820 conslt-

417 877 640 932 lendum
671 879 1001 930 statuerunt.
1025 867 1330 924 Confestim
1374 866 1560 934 itaque
1592 863 1698 918 tlde
1722 877 1753 914 a
1783 858 2014 916 Narsete

418 980 659 1038 accepta,
687 966 832 1036 quod
858 977 1203 1033 nequaquam
1234 960 1369 1030 ipsis
1393 957 1795 1028 prasterilarum
1826 968 2010 1008 rerum

417 1075 580 1118 causa
608 1069 760 1114 esset
784 1055 1057 1120 infensus,
1080 1055 1274 1108 urbem
1303 1051 1651 1113 dediderunt,
1677 1046 2014 1104 exercitum-,-

415 1170 522 1224 que
555 1153 788 1206 libentes
816 1149 872 1203 in
903 1164 1023 1204 eam
1056 1147 1419 1208 admiserunt,
1452 1143 1627 1198 tribus
1653 1141 1766 1210 jam
1800 1139 2007 1193 mensi-

416 1247 520 1301 hus
563 1245 618 1299 in
662 1242 952 1298 obsidione
997 1239 1346 1310 consumptis
1377 1255 1393 1294 :
1427 1238 1618 1307 sicque
1667 1236 1864 1290 iterato
1899 1231 2010 1286 Lu—

415 1354 610 1396 ceuses
633 1337 1011 1392 Romanorum
1037 1335 1148 1404 regi
1175 1341 1494 1400 paruerunt.

490 1432 578 1486 t9.
623 1432 822 1485 Narses
856 1443 988 1484 vero
1012 1436 1324 1498 expugnata
1359 1424 1529 1491 Luca,
1572 1437 1696 1478 cum
1723 1421 1830 1491 iam
1875 1419 2012 1474 nihil

416 1522 616 1576 hostile
649 1521 922 1589 reliquum
965 1527 1135 1583 esset,
1175 1519 1478 1586 longiorem
1529 1514 1606 1568 ibi
1641 1527 1852 1567 moram
1899 1520 2014 1566 tra-

418 1615 655 1670 hendam
695 1614 922 1668 minime
969 1611 1247 1674 censebat,
1289 1621 1343 1663 et
1374 1623 1444 1662 ne
1485 1607 1757 1662 tantillum
1785 1604 2012 1674 quidem

416 1707 799 1778 respirandum
845 1723 873 1760 a
911 1704 1212 1760 laboribus.
1259 1701 1472 1756 Relicto
1516 1700 1705 1770 itaque
1747 1697 1822 1752 ibi
1857 1695 2012 1751 Bono

2114 495 2386 564 είργοντο,
2455 501 2532 565 ὡς
2585 497 2782 567 μηκέτι
2829 499 3016 558 αὐτοῖς
3065 492 3206 550 εἶναι
3251 498 3543 568 ἐξιτητέα*
3588 497 3722 552 τότε

2113 585 2178 658 δὴ
2241 575 2482 649 ἅπαντες
2515 588 2594 649 ὡς
2621 588 2720 658 οὐχ
2775 582 2888 641 οἶόν
2921 607 2978 641 τε
3007 589 3068 642 ὃν
3108 589 3292 653 αὐτοῖς
3325 589 3504 652 ἄλλως
3570 592 3724 659 σφᾶς

2114 678 2313 740 αὐτοὺς
2344 675 2740 732 διασώσασθαι.
2772 679 3166 749 μετεϐάλλοντο
3197 680 3242 711 ³⁸
3274 679 3410 750 πρὸς
3459 680 3722 749 ἀνάγκης

2113 767 2173 828 ἐς
2221 766 2282 818 τὸ
2314 769 2593 838 εἰρηναῖον
2645 767 2747 831 τὰς
2779 768 3026 839 γνώμας,
3066 771 3178 824 Καὶ
3203 770 3265 824 τὸ
3295 769 3470 842 παρὸν
3499 766 3560 823 εὖ
3593 771 3722 823 δια-

2115 857 2287 913 θεῖναι
2329 859 2646 928 ἠϐούλοντο.
2697 861 2806 914 Καὶ
2832 858 2926 915 οὖν
2978 863 3182 916 αὐτίκα
3217 863 3288 916 τά
3333 862 3505 916 πιστὰ
3553 878 3723 930 κομι-

2115 953 2343 1024 σάμενοι
2385 954 2526 1023 πρὸς
2558 953 2804 1024 Ναρσοῦ,
2839 955 2916 1018 ὡς
2948 956 3103 1010 οὐδὲν
3156 956 3342 1018 αὐτοῖς
3395 955 3506 1008 τῶν
3568 971 3717 1024 προ-

2113 1049 2505 1116 γεγενημένων
2559 1046 2725 1100 ἒνεκα
2771 1046 3064 1116 ὀργιείται,
3106 1049 3208 1118 τήν
3248 1064 3309 1100 τε
3351 1047 3510 1100 πόλιν
3568 1063 3719 1117 παρ-

2114 1138 2311 1192 έδοσαν
2329 1137 2392 1197 ¹⁵,
2424 1138 2518 1191 καὶ
2545 1138 2882 1208 εἰσεδέχοντο
2896 1139 3127 1209 ἄσμενοι
3153 1139 3245 1192 τὸν
3265 1139 3518 1211 στρατὸν,
3537 1138 3717 1209 τριῶν

2113 1229 2218 1300 ήδη
2267 1229 2454 1298 μηνῶν
2483 1231 2540 1283 ἐν
2568 1231 2634 1299 τῇ
2672 1230 2965 1302 πολιορκίᾳ
3031 1228 3355 1299 τριϐέντων,
3413 1230 3511 1282 καὶ
3565 1225 3717 1299 ἦσαν

2115 1317 2277 1379 αὖθις
2323 1319 2589 1390 βασιλέως
2640 1319 2736 1373 τοῦ
2776 1320 3066 1391 Ῥωμαίων
3099 1321 3145 1353 ³⁸
3177 1323 3458 1391 κατήκοοι.

2191 1411 2278 1464 ιθ’.
2318 1411 2546 1482 Ναρσῆς
2574 1411 2652 1474 δὲ,
2681 1413 2803 1466 ἐπεὶ
2831 1411 3260 1486 ἐξεπολιόρκητό
3308 1416 3357 1468 οἱ
3409 1416 3442 1485 ἠ
3488 1414 3715 1477 on-nea.

2117 1503 2214 1557 καὶ
2245 1504 2399 1557 οὐδὲν
2427 1504 2508 1558 ἔτι
2572 1505 2870 1558 ἀντίπαλον
2921 1503 3012 1578 ἦν,
3064 1507 3454 1578 ἀποδιατρίψαι
3500 1507 3602 1578 μὲν
3650 1510 3717 1562 ἐν

2117 1597 2257 1664 αὐτῇ
2286 1598 2328 1629 ¹⁷
2357 1596 2418 1652 οὗ
2471 1615 2523 1651 τι
2563 1597 2708 1667 μάλα
2741 1597 2881 1669 ᾤετο
2933 1599 3156 1670 χρῆναι,
3213 1600 3324 1654 οὐδ’
3388 1602 3514 1662 ὅσον
3568 1603 3714 1656 ανα-

2119 1687 2349 1742 πνεῦσαι
2395 1687 2506 1742 τῶν
2533 1689 2711 1743 πόνων
2730 1705 2745 1719 ο
2799 1689 3120 1744 καταλιπὼν
3146 1689 3205 1744 δέ
3235 1691 3401 1745 αὐτοῦ
3429 1694 3590 1746 Βόνον
3618 1694 3717 1748 τὸν

414 1760 674 1870 praefecto
730 1813 799 1853 ex
846 1795 1036 1852 Moesia
1087 1795 1154 1849 ad
1201 1793 1401 1848 Istrum
1451 1790 1678 1845 fluvium
1731 1795 2007 1860 porrecta,

2117 1780 2425 1852 στρατηγὸν
2462 1781 2502 1812 ⁸⁸
2538 1779 2630 1834 τὸν
2681 1782 2746 1834 ἐκ
2774 1782 2990 1846 Μυσίας
3023 1783 3123 1852 τῆς
3191 1783 3330 1852 πρὸς
3369 1784 3450 1855 τῷ
3504 1787 3717 1856 Ἴστρῳ

413 1894 536 1948 viro
564 1891 765 1948 eximie
795 1890 1089 1960 prudente,
1133 1894 1190 1941 et
1222 1895 1332 1940 tam
1379 1884 1624 1940 civilium
1666 1897 1834 1953 quam
1862 1880 2012 1936 belli-

413 1999 601 2040 carum
652 1998 836 2038 rerum
876 1979 1233 2052 peritissimo,
1279 1977 1552 2047 justisque
1597 1975 1776 2044 copiis
1817 1972 1868 2028 ei
1911 1972 2009 2027 ad-

406 2076 648 2147 junctis,
710 2074 912 2145 quibus
965 2071 1291 2135 videbatur,
1339 2070 1387 2124 si
1434 2067 1576 2122 forte
1626 2067 1786 2121 novis
1843 2065 2012 2120 rebus

411 2171 700 2225 studerent
727 2167 820 2236 qui
854 2166 927 2220 ibi
963 2173 1124 2219 erant
1158 2162 1398 2228 barbari,
1439 2159 1600 2216 facile
1631 2160 1887 2229 superior
1927 2159 2010 2214 eis

409 2276 681 2316 evasurus
706 2269 760 2315 et
806 2271 1229 2327 compressurus
1258 2269 1274 2309 :
1301 2255 1408 2320 his,
1450 2255 1699 2324 inquam,
1735 2252 1900 2307 rebus
1934 2252 2009 2306 ita

410 2354 757 2423 compositis,
803 2351 1119 2404 Ravennam
1157 2357 1305 2402 recta
1351 2347 1654 2411 contendit,
1706 2354 1764 2400 ut
1793 2344 2009 2400 exerci-

409 2457 528 2502 tum
559 2446 673 2500 illic
719 2452 1021 2498 morantem
1055 2441 1402 2496 hibernatum
1439 2439 1698 2493 mitteret.
1739 2436 2011 2508 Vergente

409 2541 556 2596 enim
587 2539 700 2611 jam
755 2546 1045 2602 autumno,
1093 2535 1336 2590 solstitio
1388 2534 1620 2588 hiberno
1663 2530 2006 2595 imminente,

409 2631 840 2703 belligerandum
882 2629 989 2684 sibi
1017 2643 1114 2698 per
1144 2627 1197 2682 id
1230 2636 1447 2696 tempus
1479 2638 1825 2694 nequaquam
1861 2621 2010 2677 vide-

409 2725 598 2780 batur.
625 2723 837 2778 Revera
868 2721 1016 2776 enim
1051 2721 1156 2776 hoc
1185 2733 1286 2789 pro
1317 2717 1544 2772 Francis
1576 2716 1821 2770 futurum
1854 2716 2006 2770 vide-

408 2817 594 2878 batur.
627 2815 831 2885 quibus
869 2822 1036 2867 aestus
1071 2811 1228 2866 valde
1261 2819 1346 2865 est
1381 2808 1641 2863 inimicus
1694 2817 1750 2862 et
1787 2807 2002 2878 gravis;

409 2909 518 2982 55
545 2924 722 2978 neque
765 2908 998 2962 libentes
1043 2913 1232 2960 astate
1274 2888 1475 2958 bellum
1518 2909 1750 2972 gerunt;
1799 2901 2007 2955 brumae

409 3018 543 3056 vero
597 3011 844 3069 tempore
891 3005 1214 3068 vegetamur
1260 2995 1668 3064 validioresque
1717 2994 1893 3057 fiunt,
1952 3000 2007 3046 et

410 3104 544 3150 tunc
561 3092 1008 3148 commodissime
1033 3091 1251 3146 labores
1271 3091 1475 3144 ferunt.
1502 3086 1833 3142 Naturaliter
1855 3087 2002 3140 enim
2031 3099 2074 3156 (ς

409 3190 482 3242 oh
511 3188 700 3258 patriar.
731 3184 1068 3255 algiditatem
1101 3183 1175 3236 ita
1207 3181 1385 3236 allecti
1422 3190 1572 3246 sunt,
1603 3190 1662 3234 ut
1687 3181 1768 3236 eis
1798 3195 2002 3249 cogna-

408 3290 525 3336 tum
559 3278 964 3349 quodammodo
1000 3277 1073 3331 sit
1113 3275 1334 3344 frigere.
1372 3273 1468 3330 llis
1497 3275 1680 3342 itaque
1705 3273 1773 3328 de
1814 3275 2002 3329 causis

407 3368 840 3441 protrahendum
873 3367 1078 3422 bellum
1110 3377 1167 3421 et
1194 3367 1247 3420 in
1275 3367 1587 3436 proximum
1620 3381 1714 3420 ver
1745 3366 2002 3421 differen-

407 3465 539 3516 dum
598 3463 879 3516 censebat.
927 3459 1204 3529 Dissipato
1260 3459 1447 3528 itaque
1498 3459 1743 3514 exercitu
1794 3469 1849 3513 et
1907 3474 2002 3528 per

407 3557 765 3610 centuriones
800 3562 855 3607 et
889 3552 1139 3606 tribunos
1164 3551 1386 3620 partito,
1423 3559 1484 3605 ut
1520 3553 1571 3604 in
1603 3552 1869 3621 proximis
1900 3567 2001 3621 0p-

409 3647 554 3718 pidis
598 3655 654 3699 et
705 3644 947 3699 castellis
994 3643 1366 3708 hibernarent,
1409 3643 1605 3712 jussit;
1648 3643 1832 3697 statim
1873 3658 2000 3698 vero

410 3740 636 3793 ineunte
669 3752 796 3790 vere
831 3733 1060 3790 Romam
1104 3751 1298 3790 omnes
1332 3735 1518 3788 venire
1554 3743 1610 3788 et
1655 3735 1995 3804 congregari,

411 3837 471 3882 ut
521 3828 594 3881 ibi
649 3827 910 3880 omnibus
959 3826 1133 3894 cepiis
1185 3824 1503 3894 conjunctis
1548 3825 1848 3878 exercitum
1911 3827 1998 3878 in-

409 3927 704 3973 struerent.
751 3921 930 3987 Atque
977 3917 1032 3970 hi
1074 3915 1295 3986 quidem
1341 3931 1453 3985 quo
1511 3916 1829 3969 mandatum
1883 3925 2001 3970 erat

407 4017 818 4066 concesserunt.
865 4006 1068 4061 Narscs
1113 4022 1242 4060 vero
1294 4005 1612 4060 Ravennam
1661 4023 1719 4060 se
1770 4007 1995 4077 recepit,

407 4103 680 4157 famulitio
712 4111 921 4156 tantum
968 4099 1333 4169 satellitioque
1366 4115 1466 4154 suo
1512 4113 1700 4154 secum
1753 4108 1994 4169 sumpto,

407 4202 462 4247 et
489 4193 579 4261 iis,
613 4193 705 4262 qui
733 4192 906 4262 ipsius
935 4191 1114 4245 aulam
1143 4190 1629 4255 administrabant,
1655 4191 1857 4260 quibus
1890 4192 1998 4246 uti-

407 4301 516 4354 que
559 4285 782 4338 archiva
821 4299 969 4337 cura’.
989 4291 1169 4348 erant,
1215 4283 1381 4352 idque
1412 4291 1530 4337 tum
1559 4293 1788 4337 ornatus
1823 4297 1985 4353 appa-

407 4387 673 4444 ratusque
719 4391 908 4440 causa,
945 4384 1060 4430 tum
1110 4391 1178 4432 ne
1218 4377 1536 4446 promiscue
1580 4379 1756 4432 cuivis
1791 4375 1992 4432 volenti

2115 1873 2348 1944 ποταμῷ
2391 1873 2867 1944 παρατεταμένης,
2911 1875 3080 1946 ἄνδρα
3128 1875 3169 1908 ¹⁹
3226 1875 3493 1939 συνέσεώς
3524 1894 3585 1930 τε
3650 1879 3717 1940 ἐς

2113 1966 2282 2038 ἄκρον
2308 1967 2532 2037 ἥκοντα,
2572 1967 2665 2020 καὶ
2715 1965 2834 2020 λίαν
2863 1967 3066 2036 ἀγαθὸν
3098 1969 3168 2022 τά
3211 1985 3272 2021 τε
3303 1968 3557 2022 πολιτικά
3612 1973 3716 2024 καί

2113 2055 2369 2124 πολέμια,
2411 2055 2646 2125 δύναμίν
2679 2073 2738 2109 τε
2777 2056 2928 2128 αὐτῷ
2964 2055 3241 2128 παραδοὺς
3265 2057 3588 2128 ἀξιόχρεων,
3611 2061 3715 2113 καὶ

2109 2146 2210 2216 ὅσῃ
2264 2147 2310 2178 ⁸ο
2353 2145 2552 2216 ῥᾳδίως
2591 2145 2845 2218 ἠμελλεν,
2888 2146 2939 2198 εί
2966 2146 3060 2199 καί
3123 2163 3178 2199 τι
3226 2149 3604 2217 νεωτερίσοιεν
3653 2151 3712 2201 οἱ

2112 2238 2235 2309 τῇδε
2273 2239 2560 2310 βάρϐαροι,
2596 2239 2952 2309 περιέσεσθαι
2999 2238 3091 2292 καὶ
3117 2238 3400 2306 καθέξειν·
3432 2240 3606 2294 ταῦτα
3639 2242 3711 2314 δὴ

2110 2326 2205 2383 οὖν
2242 2329 2387 2383 οὕτω
2440 2329 2955 2400 καταστησάμενος,
3005 2330 3268 2399 ἠπείγετο
3326 2329 3410 2385 ίθὺ
3435 2332 3532 2404 τῆς
3580 2333 3712 2386 Ῥα-

2110 2421 2307 2490 ϐἐννης
2348 2422 2508 2487 ἱέναι,
2558 2420 2644 2489 ἐφ’
2673 2413 2718 2489 ᾧ
2743 2421 2812 2474 τὰ
2839 2422 3075 2476 ἐνταῦθα
3114 2422 3470 2494 σρατεύματα
3525 2426 3584 2487 ἐς
3643 2427 3710 2479 τὸ

2109 2512 2488 2584 διαχειμάζειν
2541 2511 2809 2584 μεθήσει·
2862 2513 3050 2582 ἐπειδὴ
3093 2513 3204 2584 γὰρ
3258 2512 3321 2566 τὸ
3378 2515 3708 2584 μετόπωρον

2109 2605 2211 2676 ἤδη
2246 2603 2500 2658 ἐτελεύτα
2533 2606 2628 2658 καὶ
2650 2605 2796 2677 ἀμφὶ
2817 2605 2915 2670 τὰς
2944 2605 3261 2678 χειμερίους
3293 2607 3501 2676 τροπάς
3524 2612 3709 2661 ταῦτα

2108 2698 2438 2771 ἐπράσσετο,
2497 2699 2812 2770 πολεμητέα
2861 2699 2962 2770 μὲν
2987 2699 3048 2752 οὔ
3083 2700 3132 2752 oi
3156 2700 3200 2731 ²¹
3231 2700 3287 2762 ἐς
3315 2699 3399 2772 [Ρ.
3430 2699 3524 2773 51]
3564 2702 3710 2755 ἐκεῖ-

2107 2807 2167 2843 νο
2206 2791 2300 2844 τοῦ
2357 2789 2553 2863 καιροῦ
2589 2787 2730 2845 εἷναι
2776 2791 2970 2846 ἐδόκει.
3021 2787 3100 2846 Ἦ
3127 2792 3236 2864 γὰρ
3261 2793 3326 2847 ἂν
3373 2793 3530 2848 τοῦτο
3557 2795 3706 2863 ὑπὲρ

2107 2883 2218 2936 τῶν
2247 2883 2516 2955 Φράγγων
2562 2883 2788 2955 ἔμελλεν
2818 2885 3061 2952 ἔσεσθαι,
3097 2881 3178 2949 οἷς
3210 2903 3275 2956 γε
3302 2887 3562 2958 πολέμιον
3599 2889 3705 2959 μὲν

2107 2977 2169 3030 τὸ
2225 2979 2436 3045 πνῖγος,
2468 2979 2563 3031 καὶ
2604 2977 2864 3048 πλείστην
2908 2977 3153 3048 ἐντίθησι
3228 2978 3551 3049 δυσθυμίαν,
3605 2983 3707 3034 καὶ

2108 3070 2210 3124 οὐκ
2265 3071 2330 3125 ἄν
2364 3088 2495 3124 ποτε
2535 3071 2729 3143 θέρους
2758 3072 2804 3102 ⁸⁸
2836 3070 3056 3134 ἑκόντες
3079 3065 3219 3125 εἶναι
3250 3071 3704 3142 διαμαχέσαιντο.

2110 3164 2380 3236 σφριγῶσι
2421 3165 2478 3218 δὲ
2517 3164 2623 3219 ὑπὸ
2646 3164 2740 3218 τοῦ
2773 3163 2973 3236 κρύους
2995 3165 3102 3229 ἀεὶ,
3166 3166 3261 3219 καὶ
3317 3166 3702 3237 ῥωμαλείοταο

2103 3273 2186 3310 τοι
2215 3257 2511 3325 γίγνονται,
2545 3258 2642 3310 καὶ
2663 3256 2855 3327 ἥδιστα
2879 3257 3001 3310 τότε
3030 3257 3434 3312 διαπονούνται.
3473 3260 3702 3330 Ἔχουσι

2105 3349 2215 3420 γάρ
2265 3349 2402 3418 πρὸς
2434 3348 2594 3402 τοῦτο
2630 3349 2870 3414 οἰκείως,
2904 3349 2981 3418 τῷ
3004 3350 3051 3380 ³³
3071 3351 3431 3421 δυσχείμερον
3459 3351 3701 3422 πατρίδα

2104 3436 2428 3507 κεκτῆσθαι,
2467 3438 2562 3490 καὶ
2599 3433 2710 3490 οἷον
2760 3438 3020 3507 ξυγγενὲς
3051 3439 3235 3502 αὐτοῖς
3271 3435 3410 3494 εἶναι
3463 3440 3526 3494 τὸ
3590 3441 3702 3510 ψύ-

2103 3526 2312 3598 χεσθαι.
2349 3529 2569 3582 Τούτων
2615 3528 2680 3601 δὴ
2719 3525 2812 3583 οὖν
2841 3529 2998 3583 ἕκατι
3051 3529 3360 3601 διαμέλλειν
3412 3532 3700 3602 ἐπειρᾶτο,

2103 3625 2198 3676 καὶ
2254 3624 2312 3684 ἐς
2351 3622 2525 3676 νέωτα
2555 3622 2647 3675 τὸν
2697 3621 2744 3654 ³⁸
2779 3622 3014 3691 πόλεμον
3039 3621 3392 3692 μεταθέσθαι.
3434 3623 3546 3678 Καὶ
3603 3621 3702 3678 οὖν

2101 3713 2461 3777 διασκεδάσας
2491 3714 2537 3746 ³⁸
2567 3713 2628 3766 τὸ
2659 3713 2979 3785 στράτευμα
3009 3691 3151 3766 κατὰ
3179 3691 3448 3785 λοχαχοὺς
3479 3716 3572 3768 καὶ
3603 3733 3702 3769 τα-

2103 3805 2358 3877 ξιάρχους
2386 3807 2430 3838 ³⁸
2467 3807 2569 3860 ἀνὰ
2613 3807 2682 3860 τὰ
2713 3807 2948 3877 ἐχόμενα
2980 3805 3295 3876 πολίσματα
3321 3823 3381 3860 τε
3414 3807 3510 3860 καὶ
3535 3808 3703 3878 φρού-

2103 3917 2196 3970 ρια
2241 3899 2621 3968 διαχειμάζειν
2653 3899 2941 3952 ἐκέλευσεν
2993 3899 3060 3964 ³⁷,
3115 3899 3231 3969 ἅμα
3289 3898 3346 3952 δὲ
3376 3896 3472 3970 ἦρι
3532 3901 3700 3971 ἀρχο-

2103 3990 2252 4060 μένῳ
2307 3991 2465 4059 ἥκειν
2505 3992 2563 4052 ἐς
2615 3990 2838 4062 Ῥώμην
2893 3991 3142 4053 ἅπαντας
3207 3991 3303 4044 καὶ
3350 3990 3692 4060 ἀγείρεσθαι,

2097 4082 2173 4145 ὡς
2220 4081 2431 4135 ἐνθένδε
2475 4081 2712 4134 πανσυδὶ
2765 4081 3274 4152 παραταξαμένους.
3318 4085 3429 4136 Καὶ
3483 4085 3534 4136 οἱ
3596 4084 3695 4153 μὲν

2100 4175 2242 4228 κατὰ
2302 4174 2478 4228 ταῦτα
2537 4173 2778 4244 ἐχώρουν
2808 4189 2821 4203 ⁶
2875 4175 3104 4245 Ναρσῆς
3139 4175 3196 4227 δὲ
3242 4177 3335 4229 ἐπὶ
3400 4176 3696 4230 Ῥάϐενναν

2103 4265 2218 4329 ἰὼν,
2273 4268 2470 4338 μόνους
2502 4268 2742 4338 ἐπήγετο
2774 4265 2900 4329 τοὺς
2933 4265 3071 4336 ἀμφ’
3129 4265 3293 4320 αὑτὸν
3353 4265 3695 4335 θεραπευτάς

2097 4382 2158 4418 τε
2192 4367 2286 4421 καὶ
2319 4367 2671 4438 δορυφόρους,
2713 4365 2805 4419 καὶ
2833 4365 2948 4418 ὅσοι
2979 4367 3080 4436 τῆς
3111 4365 3286 4436 ἀρχῆς
3309 4366 3459 4436 αύτῷ
3487 4367 3695 4440 {ammte

409 4440 760 4534 ingrediundi
795 4473 1040 4532 potestas
1069 4440 1233 4518 esset:
1277 4461 1389 4518 llos
1419 4479 1548 4518 vero
1583 4464 1752 4518 moris
1777 4472 1862 4518 est
1888 4463 1998 4518 Ro-

2110 4478 2192 4515 ται
2235 4461 2532 4530 ἐτύγχανον
2573 4457 2757 4524 ὄντες,
2822 4452 2905 4521 οἷς
2953 4457 3018 4530 δὴ
3053 4457 3122 4510 τὰ
3168 4459 3364 4530 ἀρχεῖα
3422 4459 3694 4531 ἐπεφρόνο

411 4557 588 4612 manis
622 4572 653 4610 a
685 4556 946 4610 cancellis
998 4558 1272 4627 appellare
1317 4567 1372 4614 et
1420 4557 1491 4612 ab
1516 4572 1702 4626 opera,
1730 4573 1894 4628 quam
1944 4557 2001 4611 in

409 4651 478 4705 iis
511 4657 789 4718 praestant.
835 4647 1074 4702 Duxerat
1120 4650 1283 4702 etiam
1319 4665 1504 4704 secum
1540 4648 1859 4712 Zandalem,
1901 4651 2000 4706 do-

408 4743 624 4797 mestici
667 4741 960 4796 comitatus
1023 4741 1365 4811 praefectum,
1415 4759 1538 4797 cum
1588 4745 1798 4814 reliqua
1850 4744 2000 4800 omni

407 4849 696 4891 servorum
733 4844 788 4889 et
827 4834 1134 4904 spadonum
1168 4836 1636 4890 cubiculariorum
1668 4837 1846 4892 turba.
1889 4837 2001 4891 Du-

405 4941 538 4981 cens
579 4925 766 4994 itaque
796 4939 982 4978 secum
1013 4925 1068 4979 in
1096 4927 1417 4980 universum
1449 4924 1599 4981 viros
1624 4927 1994 4997 quadringen-

407 5027 508 5082 tos,
551 5015 866 5070 Ravennam
891 5016 1060 5072 venit.

2095 4571 2250 4608 τιστο
2299 4554 2399 4624 τῆς
2437 4570 2498 4606 τε
2533 4552 2581 4585 ³⁸
2635 4552 2803 4624 ἄλλης
2836 4551 3134 4622 εὐκοσμίας
3185 4553 3334 4624 πέρι,
3383 4556 3480 4608 καὶ
3544 4555 3692 4618 ὅπως

2101 4648 2178 4718 μὴ
2234 4646 2402 4718 χύδην
2435 4645 2608 4700 ἆπασι
2637 4647 2752 4708 τοῖς
2784 4644 3132 4716 βουλομένοις
3154 4645 3231 4709 ὡς
3279 4645 3442 4699 αὑτὸν
3483 4647 3694 4716 είσιτη-

2098 4742 2196 4796 τέα
2225 4742 2336 4810 εἴη.
2376 4737 2614 4802 Τούτους
2653 4739 2710 4792 δὲ
2766 4738 2885 4802 ἔθος
2949 4737 3241 4809 Ῥωμαίοις
3292 4740 3356 4790 ἐκ
3410 4737 3523 4790 τῶν
3576 4756 3695 4806 κιγ-

2099 4835 2295 4889 κλίδων
2331 4831 2714 4902 ἐπονομάζειν,
2760 4832 2856 4886 καὶ
2915 4833 3012 4902 τῆς
3062 4833 3120 4884 ἐν
3178 4831 3390 4894 τούτοις
3420 4833 3465 4865 ⁸⁸
3501 4833 3695 4902 ἐπιμε-

2103 4926 2271 4990 λείας,
2320 4926 2520 4978 Εἵπετο
2562 4923 2620 4976 δέ
2669 4924 2718 4975 οἱ
2769 4922 2865 4976 καὶ
2904 4921 3180 4986 Ζανδαλᾶς
3211 4923 3240 4974 ὁ
3287 4922 3397 4974 τῶν
3454 4924 3694 4992 οἰκοτρὶο

2107 5021 2214 5074 ϐων
2264 5018 2478 5072 ὀπαδῶν
2523 5018 2934 5088 πρωτοστάτης,
2981 5017 3077 5070 καὶ
3123 5017 3250 5070 ὅσον
3315 5016 3447 5069 ἄλλο
3500 5019 3695 5069 οἰκετι-

387 5111 499 5162 ονὺν
547 5108 643 5163 καλ⁸
670 5108 785 5162 ὅσοι
833 5108 1021 5181 τομίαι
1077 5108 1544 5181 κατευναστῆρες.
1584 5111 1770 5180 Ἀγων
1803 5111 1867 5184 δὴ
1894 5110 1987 5168 οὖν
2025 5117 2158 5178 τοὺς
2215 5113 2537 5183 ξύμπαντας
2570 5111 2771 5182 ἄνδρας
2801 5112 2858 5174 ἐς
2915 5109 3308 5181 τετρακοσίους
3333 5109 3402 5176 ³ο,
3427 5109 3524 5162 ἐπὶ
3567 5109 3692 5163 Ῥά-

440 5222 595 5260 ενναν
646 5205 754 5278 ᾔει.

480 5361 522 5393 ’⁸
548 5361 907 5437 μετεϐάλοντο
1033 5363 1306 5437 εἰρηναῖον
1338 5363 1404 5428 Β,
1433 5364 1602 5434 Intpr.
1641 5367 1710 5419 ad
1733 5384 1915 5437 pacem
1953 5387 2007 5423 ar;

2110 5386 2190 5423 um
2235 5369 2578 5431 induxerunt,
2621 5365 2907 5434 ἀνειμένον
2928 5363 3072 5437 vulg.

1122 5430 1360 5514 ξοὲδοσαν
1393 5430 1533 5514 vung
1560 5506 1572 5514 -
1618 5438 1661 5468 "
1687 5430 1784 5491 τοῦ
1827 5439 2007 5510 Ῥωμο

2110 5458 2117 5487 ν
2149 5441 2213 5514 ll,
2241 5439 2352 5514 τίὲν
2397 5430 2686 5514 Ῥωμαίων
2716 5430 2864 5504 vnlg.
2898 5435 2988 5514 _"’
3011 5430 3322 5514 ε’νΛα-ύτῇιμ,
3360 5434 3417 5484 ἐν
3447 5434 3514 5502 τῇ
3540 5430 3684 5514 vulg.

410 5500 452 5578 ξε
478 5502 654 5578 Βὸνονῌ
689 5520 878 5578 στρατ.
927 5502 1000 5578 Β-
1035 5500 1310 5578 etM—impia,
1343 5500 1616 5578 μόνοντὸν
1651 5500 1999 5577 στρατΑἰιῖς.

2110 5500 2254 5578 mir];
2290 5509 2358 5563 Β.

1133 5562 1295 5648 μελεν
1317 5562 1460 5648 v'ulg.
1498 5562 1875 5648 νεωτερίσειεν
1909 5562 1996 5633 li?

2128 5580 2186 5632 οὔ
2211 5562 2354 5632 ὸῖζιι
2378 5593 2404 5630 a
2435 5578 2469 5631 Ξ
2496 5562 2657 5631 manu
2687 5577 2849 5648 habet
2864 5574 3052 5648 oi'JLoi.
3099 5562 3392 5648 _“"0.épdys
3420 5571 3486 5629 ﬂ.
3523 5574 3686 5648 _9_-‘3F{5'-

408 5429 572 5505 iutpr.
601 5433 801 5486 tradita
841 5435 1012 5505 civiu,
1060 5429 1360 5502 προέδοσαν
1393 5429 1533 5505 vung

406 5570 597 5640 intpr.,

630 5574 886 5645 69'11_R_et
912 5575 1062 5645 vulg.
1091 5574 1124 5642 ἧ

404 5642 551 5711 Vulg.

809 5643 854 5715 Β
880 5643 1033 5715 (CL);
1051 5645 1112 5697 τδ
1132 5643 1274 5715 vulg.

628 5642 675 5673 ἰ
696 5641 764 5695 ea

1352 5646 1398 5677 “
1422 5645 1528 5699 Pro
1559 5647 1616 5710 ἐς
1642 5645 1816 5701 νέωτα
1845 5651 1938 5701 τὸν
1961 5651 2000 5702 lt
2033 5663 2090 5712 ες
2110 5649 2400 5702 νεώτατον.

405 5661 551 5711 vutg.
629 5661 675 5673 "
696 5661 725 5695 τ
809 5661 854 5696 ιι
880 5661 1033 5715 (ιρι),
1051 5661 1112 5697 το
1132 5661 1274 5715 Vulg.
1353 5661 1398 5677 "
1422 5661 1528 5699 t’ro
1559 5661 1616 5710 ες
1642 5661 1816 5701 νεωτα
1845 5661 1938 5701 τον
1961 5661 2000 5702 li
2033 5663 2068 5703 ε.

405 5711 530 5790 edd.
605 5711 651 5742 "
670 5661 1062 5790 talgtdpxaﬂi.
1110 5715 1184 5790 _’_"
1216 5715 1502 5790 ἐκέλευσεν
1533 5716 1622 5781 R.,
1644 5719 1897 5772 ἐκέλευεν
1921 5722 2068 5790 vnlg.

3153 5361 3197 5393 "
3232 5359 3541 5432 παρέδοσαν
3571 5359 3624 5432 Π,
3638 5374 3688 5414 et

2453 5487 2698 5577 ears}...
2731 5487 2863 5558 ius:
2898 5503 2965 5577 ιι.
3041 5505 3087 5534 ιο
3108 5487 3334 5577 δπηζιςις,
3393 5487 3686 5577 ganea;

2477 5649 2522 5679 ³⁸
2547 5645 2907 5708 διασκεδάσας
2931 5641 2997 5697 ’Β
3023 5654 3074 5698 et
3099 5645 3245 5714 Lugd
3257 5641 3294 5709 ,⁷,
3321 5641 3684 5710 διασκεδάσϐη

2146 5723 2190 5752 ³⁸
2206 5737 2264 5771 τε
2292 5728 2412 5786 pust
2433 5719 2534 5786 τῆς
2559 5717 2684 5771 add.
2703 5714 2768 5771 ιι.
2845 5718 2890 5748 ³³
2920 5714 3025 5769 Pro
3048 5715 3259 5774 τούτοις
3287 5729 3414 5786 scr.
3437 5714 3683 5774 ταύταις,

407 5779 511 5836 nisi
551 5791 742 5850 ιιι-ωιτν
778 5779 938 5841 usuin
969 5785 1230 5856 Agathias
1260 5787 1477 5856 κιγκλὶς
1513 5779 1618 5858 pro
1650 5803 1820 5844 masc.
1856 5779 2143 5861 usurpavit
2166 5790 2247 5846 Cl.
2280 5779 2538 5842 Zaudilus
2573 5788 2769 5874 intpr.‘
2843 5786 2887 5819 “
2911 5795 3254 5841 trecentorum
3283 5785 3452 5854 intpr.
