4030 6430
313 339 462 406 1325

1506 324 2052 389 HISTORIARUM
2081 323 2309 385 LIBER
2333 325 2386 385 Ι.

3441 327 3576 394 1326

310 458 441 520 τοὺς
469 455 670 517 ῐππους
702 449 1058 522 ἀναθορόντες
1081 441 1243 519 (ἦσαν
1267 445 1324 500 δὲ
1357 443 1549 514 ἄνδρες
1585 445 1645 508 ἐς
1673 455 1897 515 τριακο-

2017 455 2105 495 ιοη
2147 441 2260 512 jam
2300 441 2542 512 palantes
2569 443 2802 515 sparsim
2833 442 3189 514 vagabantur,
3220 459 3396 515 neque
3434 445 3581 500 arbi-

311 547 465 610 σίους
496 547 564 617 ⁸⁸)
599 543 962 614 ἐφωμάρτουν
987 557 1049 593 τε
1076 539 1172 593 καὶ
1198 537 1499 607 ἐπήλαυνον
1533 536 1618 589 ἰθὺ
1655 535 1762 588 τῶν
1797 550 1894 589 πο-

311 639 538 709 λεμίων.
574 637 636 689 Οἱ
661 634 717 687 δὲ
751 632 1017 696 ἐσιδόντες
1056 631 1253 692 αὐτοὺς
1299 628 1574 692 ἐπιόντας,
1623 626 1898 698 σποράδην

315 731 419 802 μὲν
438 728 623 782 οὑκ-ἐτι
658 726 886 796 ἠλῶντο,
916 723 1060 788 οὐδὲ,
1095 719 1268 792 οἶμαι,
1295 721 1396 790 τῆς
1430 719 1580 782 λείας
1621 717 1896 789 ἐμέμνην-
1937 749 1940 754 -

311 840 378 875 το
403 822 446 853 ⁸⁸
465 837 480 851 ο
508 818 824 891 ἠθροίζοντο
853 817 910 870 δὲ
936 816 1028 868 ἐπὶ
1057 815 1197 884 σφᾶς
1221 812 1478 877 ἅπαντες,
1510 809 1570 864 τό
1591 827 1650 862 τε
1677 808 1897 862 ἱππικὸν

313 913 412 968 καὶ
436 911 484 964 οἱ
519 906 696 973 πεζοὶ,
740 906 834 962 καὶ
872 907 926 970 ἐς
960 905 1215 974 φάλαγγα
1247 901 1644 967 ξυνετάττοντο·
1679 897 1899 970 βαθεῖαν

317 1004 421 1074 μὲν
451 1000 567 1055 οὔτι
592 999 736 1072 μάλα
760 999 900 1070 (πῶς
925 997 1031 1068 γάρ
1056 991 1168 1050 οἷόν
1195 1011 1256 1048 τε
1281 989 1348 1065 ἦν
1374 992 1435 1046 οὐ
1462 991 1665 1063 σφόδρα
1690 989 1899 1044 πολλῶν

314 1094 483 1151 αὑτοῦ
518 1092 865 1164 ἀφιγμένων;
884 1093 927 1158 ),
954 1087 1227 1162 καρτερὰν
1258 1087 1314 1140 δέ
1352 1087 1503 1157 ὅμως
1532 1083 1611 1156 τῷ
1643 1101 1899 1137 συνασπι-

317 1186 444 1258 σμῷ
476 1185 570 1240 κα)⁵
609 1184 687 1254 τῷ
717 1183 786 1237 τά
817 1181 957 1253 κέρα
979 1181 1039 1234 ἐν
1076 1179 1267 1250 κόσμῳ
1294 1175 1721 1232 συννενευκέναι.
1751 1177 1813 1228 υἱ
1843 1174 1900 1228 δὲ

328 1280 592 1349 Ῥωμαῖοι
636 1275 825 1346 ἐπειδὴ
863 1276 921 1338 ἐς
948 1271 1106 1338 τόξου
1135 1288 1198 1340 γε
1224 1271 1324 1342 ήδη
1358 1268 1519 1342 βολὴν
1555 1267 1898 1338 ἐγεγένηντο,

317 1371 550 1443 ἐμμίξαι
587 1368 690 1439 μὲν
723 1367 819 1421 καὶ
849 1363 1118 1438 συρῤάξαι
1147 1365 1261 1427 τοῖς
1297 1360 1578 1431 πολεμίοις
1619 1354 1678 1414 εὖ
1724 1377 1903 1431 παρα-

317 1461 676 1533 τεταγμένοις
714 1461 911 1533 ῆκιστα
940 1456 1106 1528 ᾡοντο
1137 1456 1357 1528 χρῆναι,
1389 1453 1687 1531 τοξεύμασι
1723 1453 1780 1506 δὲ
1809 1451 1902 1506 καὶ

317 1556 708 1626 ἀκοντίσμασιν
771 1547 1266 1622 ἀκροϐολιζόμενοι,
1335 1548 1634 1618 ἐπειρῶντο
1701 1545 1902 1616 σφῆλαι

317 1649 447 1710 τοὺς
475 1642 886 1716 πρωτοστάτας,
915 1641 1010 1694 καὶ
1041 1638 1329 1711 διαρρῆξαι
1359 1637 1459 1710 τὴν
1504 1637 1781 1692 πύκνωσιν
1808 1633 1902 1689 τοῦ

322 1736 599 1808 μετώπου.
645 1732 785 1788 Ἀλλ’
813 1733 1008 1786 ἐκεῖνοι
1043 1732 1162 1794 ταῖς
1199 1729 1421 1783 ἀσπίσιν
1448 1729 1645 1798 ἄριστα
1670 1743 1902 1798 περιπε-

320 1827 632 1900 φραγμένοι
663 1827 731 1888 “,
770 1824 987 1876 ἵσταντο
1007 1822 1305 1892 ἀστεμφεῖς
1334 1819 1429 1874 καὶ
1454 1819 1718 1890 ἀδόνητοι,
1749 1817 1904 1872 οὐδαρ

325 1916 428 1989 μού
475 1917 534 1970 τὸ
568 1915 794 1983 συνεχὲς
841 1913 942 1983 τῆς
985 1910 1193 1976 τάξεως
1240 1909 1596 1972 διασπῶντες,
1642 1909 1764 1961 ἐπεὶ
1811 1910 1905 1962 καὶ

325 2009 461 2081 ὓλης
491 2007 631 2070 me;
659 2004 853 2067 λασίας
897 2004 1252 2076 κυρήσαντες,
1284 2001 1471 2072 ὥσπερ
1512 1999 1746 2071 ἐρύματι
1794 2001 1906 2064 τοῖς

2000 541 2116 587 tror
2143 533 2341 603 praedae
2369 549 2641 591 memores
2672 545 2847 602 erant,
2881 535 2974 590 sed
3004 536 3253 604 protinus
3279 551 3398 591 sese
3425 537 3579 606 equi-

2001 631 2082 680 tes
2131 624 2452 696 peditesque
2496 637 2935 700 congregarunt,
2981 629 3132 683 etin
3172 644 3342 683 unum
3388 643 3583 699 agmen

1999 727 2461 787 composuerunt;
2492 735 2600 774 non
2629 721 2850 791 quidem
2882 721 3010 776 illud
3037 720 3264 782 densum
3297 719 3412 792 (qui
3438 721 3585 776 enim

2000 807 2112 862 fieri
2126 821 2359 880 poterat,
2376 827 2499 866 cum
2521 827 2628 867 non
2652 815 2944 870 admodum
2970 814 3126 870 multi
3141 829 3208 869 eo
3227 814 3585 885 venissent?),

1999 901 2237 956 validum
2261 911 2464 972 tamen,
2488 919 2612 961 cum
2634 916 2874 964 scutatos
2897 907 3037 964 inter
3060 922 3119 964 se
3137 916 3420 964 consertes
3434 907 3588 976 equi-

2001 1002 2118 1049 tum
2150 994 2248 1050 alae
2280 996 2576 1068 cingerent.
2613 999 2844 1055 Romani
2881 1016 3010 1057 vero
3044 1016 3168 1057 cum
3189 1000 3302 1072 jam
3327 1001 3470 1056 intra
3497 1001 3587 1056 teli

1998 1085 2202 1156 iactum
2251 1090 2666 1160 pervenissent,
2696 1107 2890 1149 manus
2933 1095 3152 1165 quidem
3203 1108 3493 1151 conserere
3535 1102 3590 1148 et

2002 1181 2294 1251 confligere
2317 1199 2440 1238 cum
2472 1184 2723 1240 hostibus
2753 1185 3017 1242 instructa
3045 1188 3162 1244 acie
3191 1188 3462 1243 stantibus
3489 1202 3587 1240 ne-
3655 1256 3660 1260 ι

2003 1287 2277 1343 quaquam
2320 1275 2577 1346 expedire
2609 1277 2948 1345 censebant;
2990 1280 3200 1350 sagittis
3237 1261 3366 1334 vero
3410 1289 3464 1333 et
3500 1279 3587 1348 ja-

2003 1365 2143 1421 culis
2173 1366 2466 1423 velitantes
2488 1368 2719 1438 primam
2749 1369 2920 1425 aciem
2938 1369 3268 1425 labefactare
3285 1369 3588 1440 frontisque

2003 1457 2326 1514 densitatem
2359 1460 2671 1532 diﬂ'ringere
2702 1449 3066 1517 conabantur.
3096 1461 3168 1518 At
3200 1461 3274 1516 illi
3300 1477 3424 1516 cum
3452 1462 3590 1516 inter

2002 1563 2063 1603 se
2090 1551 2264 1606 scutis
2290 1551 2494 1621 optime
2529 1561 2715 1610 essent
2742 1553 3057 1624 constipati,
3098 1552 3242 1608 firmi
3270 1553 3592 1623 immotique

2005 1640 2244 1707 stabant,
2277 1643 2538 1714 nullaque
2571 1659 2638 1700 ex
2669 1654 2823 1715 parte
2849 1644 2988 1702 aciei
3020 1646 3336 1701 continuum
3368 1644 3592 1700 convel-

2005 1728 2226 1799 lebant;
2263 1732 2535 1805 siquidem
2576 1747 2629 1791 et
2661 1737 2888 1793 densam
2928 1738 3220 1809 quamdam
3255 1737 3448 1792 silvam
3498 1753 3596 1791 ua-

2007 1821 2080 1876 eti
2103 1862 2119 1887 ,
2149 1826 2439 1883 arboribus
2469 1837 2529 1883 ut
2558 1829 2702 1884 vallo
2737 1829 3052 1886 utebantur.
3101 1828 3222 1884 Jam
3264 1843 3390 1884 vero
3428 1828 3596 1884 etiam

2008 1913 2243 1970 telorum
2271 1917 2421 1987 jaetu
2453 1934 2512 1974 se
2538 1920 2853 1986 tuebantur,
2877 1933 3000 1990 quae
3023 1918 3198 1992 patria
3225 1917 3466 1989 ipsorum
3491 1918 3597 1972 lin-

2014 2021 2117 2076 gua
2149 2023 2390 2080 angones
2421 2020 2712 2068 vocantur.

331 2103 568 2173 δένδροις
590 2099 674 2173 [Ρσ
696 2097 789 2170 ⁵4]
818 2098 1077 2171 ἐχρῶντο·
1106 2097 1245 2168 Ἤδη
1272 2097 1329 2150 δὲ
1353 2097 1448 2149 καὶ
1467 2097 1579 2159 τοῖς
1605 2095 1845 2164 ἀγγωσιν
1865 2095 1913 2128 ⁸⁸
1948 2099 2216 2171 ἠμύνοντο
2286 2105 2590 2176 βάλλοντες·
2627 2106 2771 2162 οὕτω
2812 2108 2921 2182 γὰρ
2966 2108 3151 2172 αὐτοῖς
3222 2106 3291 2160 τὰ
3328 2104 3600 2177 ἐπιχώρια

332 2198 538 2268 δόρατα
570 2194 970 2264 ἐπωνόμασται.

405 2293 509 2362 κβ¹.
566 2292 650 2354 Ὦς
701 2289 759 2343 δὲ
813 2289 964 2342 οὐδὲν
1012 2287 1400 2356 ἐπημαίνοντο,
1461 2287 1914 2358 διαλογισάμενος

325 2383 548 2436 ἅπαντα
574 2382 604 2434 ό
633 2382 881 2453 Ναρσῆς,
916 2379 1255 2452 βαρϐαρικήν
1281 2396 1404 2434 τινα
1441 2379 1777 2451 στρατηγίαν
1822 2381 1916 2433 καὶ

327 2473 536 2545 μᾶλλον
593 2475 705 2535 τοῖς
771 2471 992 2535 Οὖννοις
1065 2469 1512 2541 μεμελετημένην
1582 2469 1911 2540 ἐμηχανᾶτο.

339 2567 600 2622 Ἐκέλευε
641 2565 747 2638 γὰρ
785 2566 914 2628 τοὺς
943 2564 1079 2636 ἀμφ’
1102 2563 1264 2617 αὐτὸν
1293 2562 1631 2634 στρέψαντας
1655 2562 1724 2616 τὰ
1747 2562 1914 2628 νῶτα,

326 2661 393 2723 ἐς
416 2660 486 2714 τὰ
509 2659 684 2713 ὀπίσω
713 2659 1015 2728 ἀναχωρεῖν
1046 2655 1449 2728 προτροπάδην,
1485 2655 1561 2718 ὡς
1582 2655 1647 2725 δὴ
1679 2654 1915 2718 δεδιότας

327 2753 433 2806 καὶ
471 2750 792 2820 φεύγοντας,
828 2749 923 2802 καὶ
957 2747 1303 2801 ἐκκαλεῖσθαι
1337 2748 1462 2810 τοὺς
1495 2747 1812 2818 Βαρϐάρους
1840 2747 1917 2810 ώς

327 2839 611 2895 ἀπωτάτω
650 2837 750 2907 τῆς
779 2838 956 2908 νάπης
996 2836 1098 2889 ἀνὰ
1135 2836 1203 2890 τά
1240 2835 1371 2906 ψιλά
1401 2834 1495 2889 τοῦ
1534 2835 1736 2890 πεδίου·
1766 2833 1916 2906 αὐτῷ

327 2933 449 3004 γὰρ
487 2931 554 2984 τὰ
595 2929 760 2983 λοιπά
789 2928 893 2998 ἔφη
929 2929 1204 3000 μελήσειν.
1233 2928 1343 2981 Καὶ
1368 2929 1418 2980 οἱ
1450 2928 1546 2999 μέν
1576 2927 1717 2981 κατὰ
1745 2927 1917 2981 ταῦτα

331 3024 579 3085 ἐποίουν,
606 3023 700 3077 καὶ
724 3022 951 3090 ἔφευγον
977 3021 1023 3052 ⁸⁵
1045 3038 1061 3054 ’
1105 3021 1155 3072 οί
1189 3021 1245 3073 δὲ
1271 3022 1512 3091 Φράγγοι
1543 3022 1610 3092 τῇ
1643 3023 1788 3092 φυγῇ
1830 3019 1919 3085 ἐξ·

331 3113 703 3186 ηπατημένοι,
734 3113 830 3166 καὶ
858 3109 1054 3182 ἀληθὲς
1077 3111 1137 3164 τὸ
1156 3111 1272 3176 δέος
1296 3109 1434 3165 εἶναι
1457 3112 1916 3184 ὑποτοπήσαντες,

331 3207 543 3262 αὐτίκα
576 3204 866 3277 θαρραλέοι
890 3205 992 3275 τήν
1022 3220 1082 3256 τε
1117 3203 1374 3274 φάλαγγα
1394 3202 1667 3269 διέλυσαν,
1699 3202 1920 3274 καὶτῆς

333 3294 479 3368 ὕλης
512 3296 870 3360 ὑπεκϐἀντες,
896 3297 954 3360 ἐς
976 3295 1074 3366 τὴν
1096 3295 1277 3362 δίωξιν
1304 3294 1612 3366 ⁴ἠπείγοντο.
1637 3296 1746 3348 Καὶ
1772 3295 1922 3365 πρῶ-

324 3406 430 3443 τοι
468 3389 566 3460 μὲν
605 3388 817 3454 ἐξέθεον
847 3387 898 3440 οἱ
934 3387 1181 3441 ἱππόταιο
1211 3387 1428 3443 εἵποντο
1455 3389 1511 3442 δὲ
1555 3389 1650 3442 καὶ
1681 3387 1788 3441 τῶν
1823 3406 1923 3442 πε-

327 3479 457 3547 ζῶν
481 3479 666 3533 ὁπόσοι
707 3479 1074 3551 ἀλκιμώτατοι
1111 3480 1206 3532 καὶ
1247 3478 1533 3543 ποδώκεις
1567 3481 1656 3533 καὶ
1683 3478 1924 3543 ἅπαντες

2094 2288 2186 2345 22.
2237 2285 2376 2343 Cum
2415 2287 2600 2358 itaque
2642 2285 2776 2341 nihil
2808 2285 2994 2341 damni
3037 2285 3367 2355 acciperent,
3398 2283 3600 2341 Narses

2017 2385 2202 2441 omnia
2229 2397 2415 2438 secum
2448 2391 2730 2450 reputans,
2766 2379 3061 2434 barbarum
3091 2377 3368 2448 quoddam
3401 2385 3603 2432 strata-

2017 2490 2172 2548 gema
2204 2481 2259 2529 et
2287 2470 2500 2528 Hunnis
2529 2471 2706 2540 magis
2749 2470 3006 2526 usitatum
3043 2470 3394 2536 excogitavit.
3426 2466 3604 2524 Jussit

2017 2567 2163 2624 enim
2199 2579 2326 2620 suos
2354 2573 2502 2634 terga
2531 2569 2800 2617 vertentes
2824 2569 3125 2616 retrorsum
3145 2560 3470 2616 concitatius
3491 2559 3598 2632 61

2017 2657 2171 2722 ferri,
2197 2656 2366 2712 veluti
2394 2655 2588 2710 timore
2607 2653 2885 2726 perculsos
2898 2651 3207 2724 ‘fugamque
3227 2663 3601 2722 capessentes,

2021 2759 2082 2805 ut
2117 2749 2327 2806 scilicet
2354 2763 2417 2803 ea
2451 2747 2664 2802 ratione
2707 2744 2926 2800 barbari
2969 2759 3134 2815 quam
3182 2745 3546 2800 remotissime
3571 2760 3606 2800 e

2021 2841 2158 2896 silva
2190 2839 2243 2893 in
2263 2846 2511 2910 apertum
2530 2852 2784 2907 campum
2810 2845 3201 2892 evocarentur:
3228 2837 3437 2907 reliqua
3457 2837 3605 2892 enim

2022 2933 2127 2988 sibi
2158 2945 2305 2989 cura:
2333 2930 2450 2986 fore
2475 2929 2630 2985 dixit.
2669 2928 2836 3000 Atqui
2867 2929 2924 2983 hi
2952 2927 3170 2998 quidem
3196 2937 3255 2984 ut
3282 2928 3604 2984 mandatum

2020 3021 2102 3076 eis
2133 3026 2273 3087 erat,
2311 3017 2496 3090 fugam
2532 3019 2884 3089 arripuerunt
2911 3037 2926 3086 ;
2963 3017 3160 3075 Franci
3193 3033 3325 3075 vero
3356 3018 3481 3091 fuga
3511 3021 3608 3078 de-

2020 3113 2163 3185 cepti
2187 3121 2242 3168 et
2270 3127 2460 3168 verum
2501 3113 2752 3167 timorem
2775 3127 2898 3168 esse
2931 3113 3058 3180 rati,
3091 3111 3380 3169 confestim
3407 3114 3606 3168 animis

2022 3207 2165 3278 pleni
2188 3206 2359 3261 aciem
2383 3204 2623 3271 solvunt,
2653 3205 2900 3276 silvaque
2923 3205 3151 3277 egressi,
3173 3203 3444 3274 fugientes
3463 3205 3607 3261 acri-

2023 3308 2105 3353 ter
2126 3297 2512 3367 insequuntur;
2537 3309 2603 3351 ac
2627 3295 2790 3366 primi
2816 3295 3038 3366 quidem
3066 3295 3352 3351 evolarunt
3370 3295 3605 3364 equites,

2023 3390 2397 3461 sequebantur
2427 3404 2556 3444 vero
2584 3404 2651 3443 ex
2691 3387 2966 3458 peditibus
3009 3398 3284 3459 quotquot
3321 3389 3520 3444 robore
3555 3399 3612 3445 et

2027 3481 2225 3552 pedum
2255 3480 2536 3537 celeritate
2562 3481 2802 3536 maxime
2833 3481 3105 3547 valebant;
3133 3496 3433 3552 omnesque
3450 3495 3609 3537 acer-

328 3573 580 3643 ὰέρειδῶς
609 3573 655 3606 ⁸⁵
688 3573 980 3637 ἐνέκειντο,
1014 3572 1090 3636 ὡς
1134 3573 1297 3628 αὑτὸν
1334 3572 1398 3644 δή
1437 3589 1540 3626 που
1577 3573 1669 3626 τὸν
1699 3573 1916 3643 Ναρσῆν

2027 3575 2165 3630 rime
2194 3589 2310 3630 rem
2343 3574 2630 3644 urgebant,
2659 3580 2918 3643 tanquam
2947 3571 3227 3628 Narsetem
3260 3572 3441 3642 ipsum
3468 3573 3611 3642 jam-

329 3665 545 3720 αὐτίκα
579 3664 727 3736 μάλα
753 3664 1132 3735 ζωγρήσοντες
1167 3664 1234 3730 ⁸⁸,
1265 3665 1359 3717 καὶ
1397 3665 1544 3736 πόνῳ
1598 3664 1691 3730 ξὺν
1734 3664 1924 3736 βραχεῖ

337 3757 524 3826 πέρας
551 3756 741 3810 εὐκτὸν
770 3756 1119 3826 ἐπιθήσοντες
1143 3755 1344 3811 ἅπαντι
1370 3754 1446 3826 τῷ
1471 3757 1709 3826 πολέμῳ.
1739 3755 1847 3808 Καὶ
1873 3756 1924 3808 οἱ

346 3848 456 3919 μὲν
489 3847 783 3918 εὐκοσμίας
824 3848 1043 3920 ἀπάσης
1070 3847 1507 3919 ἐπιλελησμένοι,
1549 3847 1715 3920 χύδην
1740 3865 1800 3900 τε
1833 3849 1926 3901 καὶ

350 3938 639 4008 ἀφύλακτα
678 3939 938 4012 ἐχώρουν,
969 3938 1265 4010 γεγηθότες
1305 3939 1401 3992 καὶ
1431 3939 1794 4009 εὐωχούμενοι
1828 3937 1926 4001 τῆς

354 4029 594 4091 ἐλπίδος.
621 4030 682 4082 Ol
711 4030 767 4084 δὲ
790 4015 1056 4100 ’Ῥωμαῖοι
1094 4032 1197 4086 ἀνὰ
1246 4031 1314 4086 τὰ
1355 4031 1542 4100 πρόσω
1587 4032 1846 4104 ἐφέροντο
1882 4031 1924 4062 ⁵⁷

352 4121 673 4191 ἀφειμένοις
713 4123 823 4184 τοῖς
857 4121 1063 4188 ἵπποις,
1108 4123 1274 4195 φαίης
1318 4141 1378 4176 τε
1422 4123 1490 4178 ἂν
1539 4124 1736 4186 αὐτοὺς
1783 4122 1930 4194 ἔργῳ

347 4211 652 4284 τρέσαντας
677 4212 955 4278 ἀλεείνειν,
987 4212 1130 4267 οὕτω
1155 4213 1217 4284 δή
1245 4231 1298 4268 τι
1329 4213 1372 4246 ⁸⁸
1395 4213 1667 4283 ἐγγύτατα
1691 4213 1784 4265 τοῦ
1807 4213 1931 4283 άλη-

346 4306 485 4370 θοῦς
528 4307 586 4359 τὸ
615 4307 842 4360 δεδιέναι
883 4305 1260 4377 ὑπεκρίνοντο.
1297 4305 1453 4359 Ἐπεὶ
1477 4305 1535 4361 δὲ
1578 4306 1629 4359 οἱ
1662 4303 1932 4376 βάρϐαροι

343 4403 416 4455 ἐν
443 4399 633 4472 γυμνῷ
662 4399 763 4471 ήδη
789 4398 866 4470 τῷ
903 4398 1071 4469 πεδίῳ
1093 4398 1496 4463 ἐσκεδάννυντο,
1535 4397 1635 4468 τῆς
1683 4397 1814 4467 ὕλης
1857 4398 1933 4463 ὡς

343 4492 697 4565 πορρωτάτω
748 4489 1214 4556 ἀποσπασθέντες,
1263 4493 1384 4543 τότε
1435 4489 1499 4561 δὴ
1563 4489 1781 4560 ἀθρόον,
1837 4489 1933 4543 τοῦ

345 4587 668 4657 στρατηγοῦ
707 4588 1073 4658 σημήναντος,
1115 4584 1542 4656 ἐπιστρέψαντες
1585 4585 1633 4637 οἱ
1673 4583 1936 4654 Ῥωμαῖοι

342 4679 485 4743 τοὺς
518 4679 737 4744 ἵππους,
767 4679 863 4732 καὶ
885 4680 942 4742 ἐς
970 4677 1228 4732 τάναντία
1261 4678 1401 4746 σφᾶς
1437 4675 1632 4737 αὐτοὺς
1664 4674 1935 4742 ἐξελίξαν-

2021 3666 2136 3736 jam
2169 3665 2354 3722 vivum
2393 3666 2648 3737 capturi,
2689 3673 2745 3720 et
2781 3665 2932 3720 nullo
2963 3664 3075 3720 fere
3107 3667 3326 3735 negotio
3360 3673 3610 3735 optatum

2025 3757 2190 3815 ﬁnem
2218 3757 2316 3814 toti
2339 3757 2480 3814 bello
2507 3758 2838 3828 imposituri.
2863 3757 3042 3827 Atque
3070 3755 3125 3810 hi
3151 3756 3372 3826 quidem
3400 3755 3611 3811 ordinis

2027 3850 2209 3906 omnis
2239 3849 2391 3904 obliti
2423 3849 2658 3919 sparsim
2691 3848 2940 3919 nihilque
2969 3847 3075 3904 sibi
3103 3856 3360 3902 caventes
3381 3833 3610 3916 procur-

2028 3944 2214 3998 rebant
2245 3983 2259 4009 ,
2303 3940 2602 4012 gaudentes
2646 3941 2897 4011 bonaque
2939 3955 3038 4010 Spe
3084 3955 3205 3995 sese
3253 3939 3608 3995 ohlectantes.

2029 4031 2263 4088 Romani
2297 4046 2428 4087 vero
2459 4029 2648 4087 eﬂ‘usis
2684 4030 2914 4085 habenis
2951 4033 3018 4084 ad
3051 4030 3324 4084 anteriora
3361 4027 3612 4083 fereban-

2032 4134 2159 4179 tur:
2192 4124 2404 4180 diceres
2438 4131 2587 4179 certe
2619 4136 2716 4178 eos
2760 4137 2821 4177 re
2855 4121 2973 4192 ipsa
3013 4121 3381 4177 formidantes
3402 4121 3613 4192 fugere,

2031 4217 2168 4273 adeo
2188 4216 2435 4287 proxime
2452 4230 2579 4270 vero
2601 4229 2854 4285 pavorem
2878 4214 3228 4271 simulabant.
3250 4213 3612 4283 Posteaquam

2033 4323 2166 4365 vero
2192 4306 2408 4363 barbari
2430 4307 2543 4377 jam
2569 4321 2666 4378 per
2684 4307 2890 4362 nudum
2915 4321 3167 4377 campum
3191 4307 3421 4376 dispersi
3449 4321 3613 4376 quam

2034 4401 2356 4473 longissime
2385 4415 2416 4454 a
2446 4400 2582 4454 silva
2612 4409 2796 4456 essent
2815 4400 3013 4468 avulsi,
3037 4410 3151 4454 tum
3185 4411 3312 4454 vero
3331 4398 3617 4455 confestim

2036 4495 2194 4566 signo
2224 4509 2320 4564 per
2360 4492 2643 4549 Narsetem
2688 4493 2836 4558 dato,
2875 4492 3109 4547 Romani
3152 4492 3432 4547 conversis
3464 4491 3620 4562 equis

2036 4584 2092 4640 in
2115 4586 2378 4641 adversos
2405 4598 2527 4640 sese
2545 4583 2900 4654 explicantes,
2928 4584 3380 4653 persequentibus
3398 4583 3452 4637 in
3477 4582 3624 4636 frou.

2039 4687 2149 4735 tem
2179 4683 2557 4741 occurrerunt,
2585 4683 2639 4730 et
2671 4675 2723 4729 in
2752 4675 3040 4730 universos
3072 4674 3354 4743 in0pinato
3384 4674 3460 4727 rei
3495 4689 3624 4744 prr-

342 4789 470 4838 τες,
532 4771 862 4841 ὑπηντίαζον
912 4774 1026 4834 τοῖς
1073 4769 1363 4824 διώκουσιν
1405 4768 1795 4840 ἀντιμέτωποι,
1843 4769 1916 4821 κα

2041 4769 2226 4826 culsos
2256 4769 2439 4823 cassim
2469 4766 2824 4837 punctimque
2855 4764 3170 4830 saeviebant,
3203 4773 3368 4833 atque
3395 4763 3469 4818 ita
3499 4763 3625 4833 luga

345 4866 611 4925 ἅπαντας
635 4863 711 4935 τῷ
729 4863 1117 4936 ἀπροσδοκήτῳ
1153 4861 1717 4935 καταπεπληγμένους
1746 4859 1939 4915 ἐπαιον

343 4955 596 5024 ἀφειδῶς
630 4956 724 5010 καὶ
759 4954 1053 5021 ἀντώθουν,
1084 4954 1179 5009 καὶ
1209 4956 1265 5017 ἐς
1295 4952 1556 5018 παλίωξιν
1595 4955 1663 5006 τὰ
1696 4952 1795 5023 τῆς
1837 4969 1939 5020 φυ-

1969 4906 2017 4963 D

2044 4862 2179 4933 ipsis
2226 4863 2281 4915 in
2327 4860 2762 4931 persecutionem
2807 4859 2928 4914 vice
2970 4872 3126 4912 versa
3165 4857 3352 4913 cessit.
3403 4857 3627 4928 Equites

2045 4956 2230 5024 itaque
2259 4952 2622 5009 barbarorum
2654 4966 2765 5007 non
2797 4951 2994 5022 ignari,
3026 4966 3136 5023 quo
3165 4950 3220 5006 in
3253 4950 3495 5022 periculo
3521 4963 3630 5004 κοῖ-

342 5048 468 5119 γῆς
522 5046 842 5121 μετεχώρει.
878 5049 940 5100 Οί
979 5046 1078 5118 μὲν
1110 5042 1204 5100 οὖν
1237 5046 1460 5100 ἱππόται
1503 5044 1612 5099 τῶν
1647 5045 1916 5117 βαρϐάρωε

2045 5056 2266 5102 sarentu
2277 5061 2323 5109 r,
2353 5060 2518 5115 quam
2539 5044 2825 5100 celerrime
2841 5045 2950 5116 62
2973 5043 3040 5099 ad
3061 5044 3253 5099 silvam
3285 5043 3630 5112 reliquasque

345 5139 772 5210 ξυναισθόμενοι
797 5137 891 5192 τοῦ
922 5138 1275 5210 περιστάντος
1297 5137 1563 5202 κινδύνου,
1595 5139 1688 5190 καὶ
1711 5138 1916 5208 τάχιστ‹

2047 5138 2232 5209 copias
2259 5136 2616 5206 refugientes.
2646 5137 2877 5192 salutem
2921 5136 3026 5191 sibi
3066 5146 3288 5191 strenua
3321 5133 3447 5205 fuga
3480 5146 3631 5203 qua:-

345 5233 728 5304 ἐκδραμόντες
757 5233 860 5286 ἀνὰ
881 5231 978 5302 τὴν
1005 5231 1135 5301 ὓλην
1165 5228 1320 5295 αὖθις
1343 5233 1437 5285 καὶ
1473 5231 1534 5285 τὸ
1593 5232 1743 5301 σφῶν
1776 5249 1911 5302 στρα

2051 5231 2301 5296 sieruut;
2333 5228 2542 5299 pedites
2573 5241 2704 5284 vero
2730 5228 2960 5299 turpiter
2991 5227 3138 5293 caesi,
3167 5239 3291 5281 cum
3320 5239 3385 5278 ne
3410 5237 3629 5278 manum

345 5321 607 5387 τόπεδον,
634 5323 860 5392 ἄσμενοι
892 5319 1258 5385 ἀπεσώζοντο.
1292 5323 1356 5375 υἱ
1375 5323 1433 5377 δέ
1464 5322 1620 5388 πεζοὶ
1644 5323 1916 5378 ἐκτείνοντ

2053 5321 2272 5394 quidem
2306 5320 2493 5376 tuendi
2525 5320 2610 5376 sui
2643 5335 2808 5376 causa
2840 5329 3137 5384 moverent,
3162 5316 3440 5386 inepiuata
3467 5315 3633 5372 vicis—

350 5411 599 5478 ἀκλεῶς,
627 5415 764 5486 μηδέ
793 5417 951 5486 χεῖρα
983 5419 1151 5469 κινεῖν
1183 5416 1537 5479 ὑποστάντες,
1571 5415 1706 5470 ἀλλὰ
1725 5417 1805 5488 τῷ
1841 5435 1916 5471 πα

2055 5412 2296 5470 situdine
2339 5411 2672 5467 consternati
2712 5419 2768 5465 ct
2808 5409 3212 5481 quodammodo
3250 5415 3427 5463 mente
3467 5407 3637 5476 capti.

356 5502 584 5576 ραλόγῳ
612 5501 706 5580 τῆς
734 5503 1033 5574 μεταϐολῆς
1063 5503 1377 5574 τεθηπότες,
1408 5504 1499 5556 καὶ
1525 5500 1634 5558 οἷον
1664 5505 1916 5577 παράφρσ

2056 5505 2260 5562 Omnes
2303 5505 2486 5574 itaque
2529 5503 2763 5575 sparsim
2800 5504 3074 5574 iacebant,
3109 5502 3277 5558 veluti
3322 5513 3481 5556 suum
3524 5497 3639 5554 fere

1584 5609 1596 5621 Ι
1660 5620 1898 5680 ΥΑΒΙᾸΕ
1955 5621 2344 5682 LECTIONES

443 5711 488 5741 “
515 5711 540 5762 ἐ
604 5710 948 5783 τριακοσίους
992 5711 1060 5777 R,
1099 5711 1155 5775 ἐς
1178 5711 1302 5776 τοὺς
1353 5729 1442 5782 τρ.
1491 5713 1637 5784 vulg.
1717 5714 1758 5746 "
1804 5716 2133 5790 ἐμέμνηντο.
2183 5714 2275 5769 Sic
2325 5713 2559 5771 correxi.
2597 5713 2938 5797 ἐγίγνοντοιὶ
2967 5723 3019 5768 et
3042 5712 3186 5837 vulg.

477 5797 642 5837 πευο.
675 5784 821 5837 vulg.
899 5783 945 5814 ⁸⁸
961 5782 1199 5837 ἄγνωσιν
1217 5781 1283 5836 Β.
1361 5784 1406 5814 ⁸⁵
1436 5783 1665 5837 ἔφευγον
1699 5783 1762 5837 Β.
1808 5785 2010 5837 ἔφυγον
2044 5787 2192 5837 vuln.
2271 5787 2315 5818 ⁸⁸
2365 5785 2470 5837 Pro
2520 5785 2752 5837 ἀφειδῶς
2789 5784 2832 5837 R
2867 5801 2975 5837 mu.
3015 5785 3120 5837 ἀφό
3159 5805 3186 5837 u

362 5783 442 5841 Β,
477 5781 821 5852 πεφρζγυιε.
899 5783 945 5814 ⁸⁸
961 5782 1199 5850 ἄγνωσιν
1217 5781 1283 5836 Β.
1361 5781 1406 5814 ⁸⁵
1436 5781 1674 5866 ἐφευγον.
1699 5783 1762 5850 Β,
1808 5781 2019 5855 ἔφυγον
2044 5787 2192 5887 vulg.
2271 5787 2315 5818 ⁸⁸
2365 5785 2470 5839 Pro
2520 5781 2752 5853 ἀφειδῶς
2789 5784 2832 5838 ﬂ
2867 5801 2975 5854 mg.
3015 5781 3255 5854 ἀφόϐως.

364 5867 566 5887 ηηυοει·
598 5855 635 5887 η
739 5854 781 5884 ﬂ
818 5853 1075 5887 lno-thauros
1133 5850 1280 5887 Inlnn
1328 5853 1472 5887 συΙι-Ιιο
1513 5855 1800 5887 Aram-nonnon
1835 5873 2012 5887 mum...
2111 5857 2132 5887 I
2176 5854 2317 5887 Λεὼ-..ι
2344 5855 2405 5887 RJ.
2437 5873 2486 5887 ρ.
2518 5854 2557 5887 ιι
2618 5853 2766 5887 Λῆρηη
2791 5855 2854 5887 κει..
2880 5854 3011 5887 ενι-1η

364 5867 566 5916 σαντες
596 5850 663 5912 Β.
739 5850 794 5884 ’νὴ
818 5853 1094 5926 ἐφέροντο.
1133 5850 1298 5933 lnlpr.
1327 5850 1801 5911 additArimiuum
1835 5850 2034 5915 uersus.
2111 5850 2318 5912 ⁶⁶οὖτω
2344 5855 2406 5931 δή
2437 5873 2490 5912 τι
2518 5850 2585 5926 Β,
2618 5853 2766 5910 οὕτω
2791 5855 2856 5926 δὴ
2880 5850 3029 5926 vulg.

3265 5714 3309 5746 ⁶¹
3336 5727 3617 5784 περιπεφρ

3341 5785 3386 5817 se
3411 5786 3639 5859 ζωγρή,
