4030 6432
380 411 520 478 1329

1529 405 2072 468 HISTORIARUM
2103 407 2337 468 LIBER
2367 406 2448 468 Π.

3504 413 3639 479 1330

371 527 701 602 περιοικίδα,
769 523 936 596 ᾔεσαν
992 521 1099 578 ἀνά
1156 523 1223 578 τά
1283 521 1507 595 πρόσωο
1558 523 1616 575 ἐν
1651 521 1802 592 δεξιᾷ
1851 520 1949 590 μὲν

2053 521 2326 590 regionem
2362 520 2436 575 ita
2469 520 2697 590 dictam,
2731 523 3030 590 venissent,
3056 535 3170 581 tum
3200 529 3414 598 partitis
3443 530 3636 596 copiis.

369 614 588 685 ἔχοντες
611 612 678 665 τά
708 609 1025 678 Τυρσηνικά
1060 608 1294 677 πελάγη,
1327 608 1419 660 ἐπὶ
1445 604 1648 677 θάτερα
1675 605 1732 659 δέ
1769 605 1951 668 αὐτοῖς

368 704 747 778 παρετέταντο
765 701 932 756 αίτοῦ
954 702 1000 735 τ’
1036 699 1220 754 Ἰονίου
1243 699 1444 754 κόλπου
1470 701 1756 770 ῥηγμῖνες.
1801 697 1953 752 Ἐπεὶ

368 797 435 850 δὲ
493 796 552 859 ἐς
593 793 831 865 Σάμνιον
867 792 967 862 τὴν
1023 789 1208 863 χώραν
1244 789 1386 844 οὕτω
1439 788 1782 859 καλουμένην
1848 791 1953 856 άφ-

369 891 574 952 ίκοντο,
627 884 865 940 ἐνταῦθα
917 883 1266 955 διεκρίθησαν
1297 881 1382 951 ἐφ’
1410 879 1675 952 ἑκατέραν
1701 877 1950 950 πορείαν.

364 982 486 1036 Καὶ
538 977 846 1039 Βουτιλῖνος
909 975 1008 1046 μὲν
1060 974 1176 1044 διμα
1222 973 1300 1044 τῷ
1338 971 1546 1025 πλείονι
1579 971 1675 1024 καὶ
1707 969 1952 1040 ἀλκιμω-

370 1075 522 1143 τάτῳ
561 1067 801 1140 στρατῷ,
845 1065 950 1122 ἀνά
990 1065 1088 1130 τὰς
1111 1064 1456 1135 Τυρσηνικάς
1496 1062 1683 1134 ἡῖόνας
1713 1061 1949 1133 ἐχώρειδ

364 1167 472 1219 καὶ
501 1159 840 1231 Καμπανίας
873 1175 934 1212 τε
955 1157 1028 1211 τά
1063 1156 1288 1210 πλεῖστα
1326 1154 1599 1225 ἐληῖσατο,
1641 1153 1734 1206 καὶ
1763 1152 1862 1223 μὲν
1887 1151 1952 1223 δὴ

363 1257 471 1310 καὶ
498 1253 806 1316 Λευκανίας
861 1249 1055 1320 ἐπέϐη,
1111 1249 1206 1302 καὶ
1261 1243 1380 1301 εἶτα
1433 1245 1667 1316 Βρεττίᾳ
1703 1245 1750 1276 ⁸⁸
1782 1261 1953 1314 προσ-

362 1347 625 1410 έϐαλλεν,
659 1344 758 1399 καὶ
781 1343 943 1415 μέχρι
965 1340 1059 1394 τοῦ
1085 1338 1330 1410 πορθμοῦ
1358 1337 1650 1409 προῆλθεν,
1681 1337 1739 1400 ὃς
1764 1335 1828 1407 δὴ
1865 1336 1954 1389 Σι-

363 1437 562 1492 κελίαν
583 1453 645 1489 τε
669 1434 768 1505 τὴν
797 1433 962 1504 νῆσον
1003 1429 1101 1484 καὶ
1123 1429 1183 1482 τὺ
1213 1428 1391 1499 τέρμα
1410 1427 1512 1497 τῆς
1551 1425 1780 1490 Ἰταλίας
1810 1426 1950 1479 ἀπο-

365 1529 571 1600 κρίνει.
614 1525 886 1595 Δεύθαρις
937 1521 994 1576 δέ
1050 1521 1121 1575 τά
1182 1519 1346 1574 λοιπά
1405 1518 1794 1589 στρατεύματα
1854 1519 1952 1570 ἐπ-

365 1621 666 1690 αγόμενος,
685 1615 974 1669 Ἀπουλίαν
991 1614 1032 1646 ⁸¹
1060 1613 1218 1683 ἔλαχε
1242 1610 1484 1665 σίνεσθαι
1500 1610 1593 1664 καὶ
1607 1609 1948 1680 Καλαϐρίαν·

366 1714 470 1768 καὶ
495 1713 601 1774 ἕως
615 1711 663 1744 ⁸⁸
706 1706 1027 1779 Ὑδροῦντος
1057 1706 1155 1775 τῆς
1181 1705 1386 1767 πόλεως
1416 1703 1583 1768 ἵκετο,
1615 1703 1650 1773 ἢ
1673 1703 1737 1773 δὴ
1757 1703 1850 1754 ἐπὶ
1874 1702 1951 1774 τῷ

367 1804 604 1876 αἰγιαλῷ
623 1803 840 1873 ἵδρυται
853 1799 952 1870 τῆς
968 1797 1244 1868 Ἀδριάδος
1267 1794 1556 1866 θαλάττης,
1575 1794 1697 1848 ὅθεν
1713 1797 1742 1848 ὁ
1770 1793 1951 1857 Ἰόνιος

370 1867 601 1968 ἄργεται
630 1867 851 1956 κόλπος.
885 1867 1041 1944 ’Ὅσοι
1066 1867 1164 1960 μὲν
1193 1882 1287 1942 οῦν
1337 1887 1516 1941 αὐτῶν
1553 1886 1796 1957 Φράγγοι
1833 1885 1952 1940 ίθα-
1983 1867 2026 1922 Β

371 1989 551 2056 γενεῖς
574 1984 873 2054 ἐτύγχανον
909 1980 1082 2043 δντες,
1114 1972 1259 2032 οῦτοι
1296 1977 1354 2032 δὲ
1389 1976 1562 2046 φειδοῖ
1596 1976 1764 2046 πολλῇ
1811 1976 1953 2044 ἀμφὶ

375 2072 450 2128 τά
477 2071 601 2142 ἱερά
630 2070 724 2124 καὶ
751 2065 1010 2140 εὐλαϐείᾳ
1043 2065 1302 2138 ἐχρῶντο,
1329 2065 1425 2118 ἅτε
1460 2065 1524 2136 δὴ
1576 2063 1646 2117 τὰ
1687 2063 1826 2136 ὀρθά
1854 2063 1951 2116 καὶ

375 2165 430 2217 οῖ
457 2164 502 2197 ⁸³
527 2161 618 2217 τοῦ
643 2159 946 2231 κρείττονος
977 2158 1104 2229 πέρι
1158 2155 1367 2227 νόμιμα
1397 2157 1766 2227 προσιέμενοι,
1809 2149 1952 2228 ᾖπέρ

374 2272 472 2324 μοι
509 2254 607 2323 ἤδη
641 2250 869 2323 ἐρρήθη,
919 2249 1014 2302 καὶ
1077 2246 1436 2319 παραπλήσια
1493 2247 1606 2310 τοῖς
1657 2245 1953 2316 Ῥωμαίοις

365 2342 806 2418 Ξερουργοῦντες.
831 2343 902 2396 Τὸ
931 2342 989 2396 δὲ
1035 2341 1395 2412 Ἀλαμανικὸν
1441 2339 1588 2393 άπαν
1621 2339 1811 2408 (ἔτερα
1841 2338 1950 2410 γὰρ

361 2438 602 2500 ἐκείνοις
628 2437 686 2500 ἐς
713 2435 872 2488 τοῦτο
917 2433 1086 2503 δοκεῖ)
1126 2432 1316 2504 ἐδῄουν
1347 2433 1476 2495 τοὺς
1509 2428 1655 2495 ’νεὼς
1694 2430 1949 2500 ἀφειδῶς,

359 2530 469 2584 καὶ
517 2527 877 2599 ἀπηγλάῖζον.
929 2525 1138 2590 Πολλὰς
1196 2525 1295 2596 μὲν
1340 2526 1449 2596 γὰρ
1490 2523 1725 2588 κάλπεις
1777 2523 1950 2595 ἱεράς,

358 2620 547 2674 πολλά
599 2619 657 2672 δέ
712 2617 1156 2689 περιρραντήρια
1197 2615 1514 2685 πάγχρυσα,
1570 2612 1826 2684 συχνὰδέ
1853 2611 1950 2666 κύ-

357 2712 542 2765 πελλα
567 2710 616 2744 “
645 2711 742 2764 xui.
787 2711 947 2775 κανᾶ,
998 2709 1092 2762 καὶ
1152 2708 1254 2761 ὅσα
1303 2709 1426 2769 ταῖς
1487 2706 1780 2776 μυστικαῖς
1826 2705 1950 2773 ἀγι-

358 2803 580 2866 στείαις
610 2802 842 2867 ἀνεῖται,
873 2798 1050 2852 ταῦτα
1075 2798 1132 2851 δέ
1174 2795 1592 2867 ἀφαιρούμενοι,
1627 2794 1845 2848 ἅπαντα
1876 2797 1952 2848 ol-

355 2897 499 2950 κεῖα
521 2893 780 2964 κτήματα
828 2889 1131 2945 ἐποιοῦντο.
1164 2889 1291 2953 Τοῖς
1335 2888 1395 2942 δὲ
1439 2887 1560 2943 ούδέ
1604 2887 1734 2942 τάδε
1772 2887 1816 2920 ⁸⁸
1846 2889 1951 2941 ἀπ-

355 2989 534 3059 έχρη,
557 2984 695 3041 ἀλλά
713 2984 813 3048 τάς
837 3000 897 3037 τε
924 2980 1128 3053 ὀροφάς
1155 2981 1266 3034 τῶν
1295 2980 1454 3052 ἱερῶν
1473 2980 1788 3051 ἀνακτόρων
1818 2997 1952 3033 κατ-

355 3076 619 3142 έϐαλλον,
668 3077 767 3130 καὶ
808 3075 910 3138 τὰς
963 3073 1239 3145 κρηπῖδας
1279 3072 1562 3126 ἀνεκίνουν
1589 3089 1606 3104 ο
1671 3071 1855 3145 λύθρῳ
1888 3089 1949 3125 τε

2055 608 2325 667 Butilinus
2348 613 2564 682 quidem
2591 630 2715 670 cum
2739 617 2948 687 majore
2969 618 3339 689 validioreque
3362 621 3640 676 exercitus

2055 708 2208 769 parte
2235 699 2576 772 Tyrrhenum
2612 703 2763 761 littus
2789 706 3020 778 legebat,
3054 716 3108 762 et
3139 715 3307 763 totam
3336 708 3449 762 fere
3472 707 3638 763 Cam-

2054 791 2270 862 paniam
2297 791 2729 862 depraedabatur,
2761 798 2891 868 quin
2915 809 2970 853 et
2995 796 3292 856 Lucaniam
3322 808 3375 854 et
3396 798 3638 854 Bruttios

2055 882 2249 938 deinde
2279 884 2498 950 invasit,
2535 897 2587 942 et
2624 888 2691 942 ad
2728 887 2924 944 fretum
2972 907 3168 961 usque,
3205 891 3351 961 quod
3389 891 3634 945 Siciliam

2055 976 2288 1031 insulam
2319 987 2372 1032 et
2404 977 2539 1034 fines
2569 978 2735 1036 Italia:
2766 982 2990 1048 dirimit,
3033 984 3314 1054 pervenit:
3350 982 3638 1038 Leutharis

2055 1083 2182 1123 vero
2213 1069 2454 1138 reliquas
2491 1071 2678 1139 copias
2711 1073 2917 1129 ducens
2951 1075 3202 1144 Apuliam
3237 1084 3290 1131 et
3325 1075 3635 1131 Calabriam

2056 1159 2369 1225 infestabat,
2397 1161 2734 1233 Hydruntem
2765 1179 2940 1234 usque
2981 1181 3322 1237 progressus,
3348 1183 3471 1236 quae
3512 1168 3635 1238 qui-

2055 1251 2177 1305 dem
2217 1251 2349 1307 urb’s
2381 1251 2436 1306 in
2467 1253 2646 1308 littore
2675 1253 2937 1311 Adriatiei
2975 1257 3140 1313 maris
3173 1267 3258 1314 est
3296 1260 3396 1314 sila
3427 1277 3442 1326 ;
3493 1261 3636 1314 unde

2054 1343 2241 1399 Ionius
2282 1346 2437 1402 sinus
2487 1346 2702 1402 initium
2754 1347 2938 1402 habet.
2990 1347 3270 1419 Quotquot
3315 1351 3497 1420 itaque
3525 1351 3633 1422 65

2055 1452 2246 1492 eorum
2279 1436 2476 1492 Franci
2504 1449 2659 1494 erant
2687 1440 2975 1511 indigenae,
3013 1441 3238 1495 multam
3271 1443 3631 1498 reverentiam

2054 1531 2419 1602 pietatemque
2444 1531 2588 1587 circa
2619 1533 2818 1602 templa
2848 1532 3175 1588 exercebant
3196 1543 3404 1604 ,utpote
3429 1546 3632 1590 rectam

2055 1627 2122 1682 de
2155 1624 2267 1682 Deo
2291 1627 2617 1682 sententiam
2657 1628 2914 1699 amplexi,
2957 1638 3016 1683 ut
3057 1645 3220 1700 supra
3249 1629 3382 1696 dixi,
3413 1630 3634 1684 eadem-

2055 1735 2162 1790 que
2195 1733 2318 1774 cum
2347 1718 2615 1775 Romanis
2642 1734 2800 1775 sacra
2828 1721 3091 1776 colentes.
3119 1721 3472 1776 Alemannica
3506 1737 3636 1778 vero

2055 1827 2186 1880 gens
2212 1810 2466 1867 universa
2501 1811 2682 1877 (aliter
2713 1812 2859 1867 enim
2893 1813 2948 1867 bi
2981 1813 3124 1868 circa
3159 1813 3478 1886 religionem
3509 1824 3638 1870 sunt

2055 1903 2252 1974 affecti)
2287 1904 2485 1974 templa
2515 1903 2880 1961 irreverenter
2908 1905 3258 1976 diripiebant,
3292 1907 3519 1978 suisque
3543 1924 3635 1961 or-

2052 1999 2322 2054 namentis
2351 1997 2676 2068 spoliabant,
2707 1997 2907 2054 multas
2939 1999 3160 2070 quidem
3183 2000 3396 2056 amulas
3426 2016 3633 2069 sacras,

2052 2091 2168 2147 sive
2190 2105 2318 2148 vasa
2339 2089 2588 2147 lustralia
2612 2099 2666 2146 et
2688 2076 2976 2163 aspergilla
3004 2107 3070 2147 ex
3095 2107 3234 2164 puro
3255 2108 3415 2159 auro,
3437 2108 3633 2162 qnam-

2052 2185 2318 2255 plurimos
2349 2183 2516 2240 etiam
2556 2183 2757 2240 calices
2800 2193 2855 2240 et
2897 2200 3118 2242 acerras
3141 2225 3158 2252 ,
3200 2195 3254 2242 et
3291 2201 3634 2256 quaecunque

2051 2277 2297 2349 mysticis
2341 2275 2683 2332 caeremoniis
2725 2277 3051 2347 peragendis
3089 2271 3247 2334 erant
3284 2288 3629 2343 consecrata,

2052 2368 2374 2438 spoliantes,
2399 2367 2636 2438 propriis
2657 2366 2774 2423 suis
2795 2367 3234 2437 possessionibus
3260 2367 3631 2424 ascribebant.

2053 2459 2161 2516 Sed
2189 2474 2257 2514 ne
2284 2458 2372 2514 bis
2401 2458 2623 2529 quidem
2657 2457 2822 2514 rebus
2847 2458 3112 2524 contenti,
3138 2467 3280 2515 tecta
3309 2458 3424 2530 ipse
3450 2473 3634 2514 sacro-

2052 2563 2170 2603 rum
2213 2546 2542 2616 templorum
2581 2545 2894 2614 diruebant,
2925 2557 2980 2602 et
3014 2546 3364 2603 fundamenta
3400 2551 3634 2606 subver-

2050 2633 2268 2697 tebant;
2301 2645 2605 2702 cruoreque
2628 2640 2683 2686 et
2718 2632 2872 2688 sanie
2903 2631 3128 2688 delubra
3160 2633 3632 2702 circumﬂuebant,

2051 2735 2182 2774 arva
2214 2719 2379 2774 etiam
2426 2727 2746 2790 segetesque
2784 2719 3168 2789 polluebantur
3191 2761 3206 2786 ,
3244 2735 3369 2776 cum
3408 2735 3502 2791 per
3538 2736 3634 2778 eas

2051 2811 2258 2883 passim
2297 2810 2564 2867 cadavera
2591 2810 2862 2881 insepulta
2884 2825 3075 2884 sparsa
3099 2811 3366 2881 jacerent.
3392 2809 3499 2867 Sed
3523 2827 3633 2867 non

2051 2907 2222 2962 multo
2257 2913 2383 2977 post
2411 2905 2594 2961 divina
2627 2905 2865 2960 vindicta
2898 2913 2982 2960 est
3011 2904 3323 2961 subsecuta.
3355 2906 3461 2960 Alii
3488 2907 3633 2961 enim

2050 2999 2214 3065 bello,
2245 2999 2340 3054 alii
2372 2997 2562 3054 morbo
2589 2998 2889 3069 perierunt,
2919 3012 3094 3068 neque
3124 2998 3414 3067 quisquam
3443 3012 3632 3052 eorum

2050 3091 2218 3162 priori
2258 3107 2355 3163 spe
2399 3092 2610 3163 potitus“
2635 3102 2737 3148 est.
2789 3091 3062 3162 lnjustitia
3105 3090 3250 3146 enim
3291 3097 3345 3144 et
3375 3089 3469 3144 Dei
3501 3104 3634 3144 con-

354 3169 442 3222 τά
465 3167 667 3238 τεμένη
695 3168 1062 3238 περιερρεῖτο,
1105 3165 1199 3218 καὶ
1227 3165 1296 3219 τά
1327 3165 1454 3236 λήῖα
1481 3163 1783 3236 ἐμιαίνετο,
1815 3166 1946 3218 πολ-

2053 3194 2288 3255 temptus
2311 3184 2564 3256 fugienda
2588 3184 2805 3256 quidem
2828 3198 3043 3254 semper
3065 3192 3120 3238 et
3140 3181 3301 3238 noxia
3324 3190 3471 3248 sunt,
3493 3197 3634 3252 pra:-

356 3257 542 3330 λαχοῦ
586 3258 798 3330 νεκρῶν
843 3257 1068 3326 ἀτάφων
1107 3256 1612 3327 περιερριμμένων.
1668 3255 1811 3310 Ἀλλ’
1847 3258 1947 3310 οὐκ

357 3355 432 3416 ις
468 3350 685 3423 μακράν
717 3352 916 3412 αὐτοὺς
962 3350 1033 3403 τά
1076 3348 1290 3404 ἐνθένδε
1334 3348 1599 3420 μετῆλθεν
1643 3348 1944 3422 μηνίματα.

363 3446 439 3499 Οἱ
483 3444 581 3514 μὲν
609 3443 721 3514 γάρ
750 3443 992 3514 πολέμῳ,
1021 3442 1082 3496 τδ
1107 3443 1163 3496 δέ
1192 3459 1244 3496 τι
1275 3442 1454 3496 αὐτῶν
1484 3443 1625 3513 νόσῳ
1655 3441 1945 3514 διεφθάρη,

365 3537 469 3591 καὶ
487 3536 662 3598 οὐδεὶς
679 3536 829 3598 ὅστις
844 3533 1100 3588 ἀπώνατο
1120 3533 1220 3604 τῆς
1233 3534 1506 3606 προτέρας
1529 3533 1763 3598 ἐλπίδος.
1809 3534 1950 3588 Ἀδι-

365 3630 469 3683 κία
500 3628 608 3700 γάρ
635 3627 730 3682 καὶ
773 3625 909 3682 Θεοῦ
937 3626 1314 3699 ἀθεραπευσία
1357 3626 1567 3696 φευκτὰ
1599 3627 1699 3697 μὲν
1737 3625 1826 3681 ἀεὶ
1854 3626 1951 3680 καὶ

368 3719 692 3791 ἀσύμφορα,
725 3718 959 3790 μάλιστα
990 3716 1048 3770 δέ
1077 3718 1136 3770 ἐν
1163 3715 1242 3788 τῷ
1285 3715 1689 3788 προσπολεμεῖν
1724 3716 1820 3770 καὶ⁴
1840 3732 1950 3770 πα-

375 3809 760 3882 ρατάττεσθαι.
816 3807 1041 3879 Πατρίδι
1095 3807 1194 3878 μὲν
1239 3808 1348 3879 γάρ
1391 3807 1695 3879 ἐπαρήγειν
1739 3807 1835 3860 καὶ
1859 3806 1947 3860 νό-

380 3919 505 3973 μοις
531 3901 799 3972 πατρίοις,
838 3904 935 3955 καὶΙ
975 3903 1088 3965 τοῖς
1135 3899 1309 3954 ταῦτα
1365 3899 1784 3970 λυμαινομένοις
1825 3900 1952 3970 ἤκι-

380 4010 489 4046 στα
512 3993 736 4063 ἐφιέναι,
759 3992 898 4050 ἀλλά
943 3991 1105 4047 παντὶ
1144 3991 1323 4045 σθένει
1368 3990 1692 4062 ἀμύνεσθαι,
1725 3990 1869 4045 ὅσιόν
1897 4007 1951 4044 τι

378 4087 450 4140 ἂν
477 4086 561 4157 εἴη
610 4087 699 4140 καὶ
743 4085 891 4159 μάλα
931 4087 1198 4156 γενναῖον.
1240 4085 1395 4140 Ὅσοι
1441 4085 1499 4139 δὲ
1527 4085 1755 4156 κέρδους
1795 4085 1951 4140 ἕκατι

375 4179 476 4231 καὶ
527 4179 849 4251 δυσμενείας
903 4179 1123 4248 ἀλόγου,
1187 4179 1353 4250 μηδὲν
1401 4177 1686 4250 ἐπίκλημα
1738 4178 1950 4235 ἔνδικον

371 4270 611 4342 ἔχοντες,
643 4271 834 4327 ἔπειτα
859 4273 1118 4342 φοιτῶσιν
1144 4273 1248 4327 άνά
1284 4273 1382 4344 τὴν
1407 4273 1649 4338 ὀθνείαν,
1680 4271 1807 4336 τοὺς
1845 4289 1954 4344 μη-

2049 3277 2208 3346 cipue
2240 3292 2371 3332 vero
2402 3277 2456 3330 in
2488 3269 2691 3346 prreliis
2720 3284 2775 3330 et
2818 3273 3180 3330 conﬂictibus.
3216 3271 3453 3328 Patriam
3489 3270 3634 3326 enim

2047 3367 2332 3443 patriaque
2370 3367 2621 3422 instituta
2665 3380 3034 3437 propugnare,
3073 3378 3246 3434 eaque
3274 3361 3636 3434 pessumdare

2050 3459 2406 3516 molientibus
2437 3458 2725 3526 obsistere,
2753 3456 3116 3526 omnibusque
3152 3469 3248 3509 eos
3275 3452 3481 3508 viribus
3506 3467 3636 3522 pro-

2049 3551 2291 3624 pulsare,
2334 3566 2552 3622 asquum
2600 3565 2732 3606 sane
2773 3548 2940 3606 fuerit
2966 3547 3231 3620 valdeque
3263 3559 3632 3617 generosum:

2050 3645 2145 3716 qui
2177 3660 2306 3701 vero
2333 3644 2470 3700 lucri
2503 3659 2693 3710 causa,
2719 3652 2775 3698 et
2801 3639 3120 3707 hostilitate,
3157 3655 3276 3712 quae
3308 3639 3456 3694 nulla
3484 3637 3635 3709 justa

2051 3750 2222 3792 causa
2248 3736 2452 3793 nitatur
2475 3778 2490 3803 ,
2525 3735 2702 3790 aliena
2739 3733 2852 3806 66
2888 3732 3190 3797 invadunt,
3230 3746 3327 3788 eos
3365 3746 3396 3785 a
3435 3729 3636 3800 quibus

2051 3830 2204 3886 nulla
2250 3829 2451 3900 injuria
2497 3837 2627 3884 sunt
2668 3827 2949 3898 provocati
2997 3824 3317 3882 infestantes
3343 3865 3358 3890 ,
3398 3824 3453 3879 bi
3491 3833 3636 3879 certe

2052 3920 2241 3975 vesani
2272 3919 2540 3989 impiique
2566 3917 2808 3984 fuerint;
2841 3931 3016 3987 neque
3054 3914 3186 3986 quid
3216 3917 3308 3986 jus
3339 3930 3402 3970 ac
3444 3914 3526 3970 fas
3565 3916 3638 3970 sit

2054 4018 2278 4075 norunt,
2306 4024 2482 4079 neque
2513 4009 2580 4064 iis
2613 4022 2759 4063 cum
2783 4016 2865 4062 est
2890 4023 2957 4061 an
2990 4005 3130 4062 Deus
3153 4005 3433 4061 maleficiis
3462 4003 3633 4060 oﬂ‘en-

2054 4101 2234 4159 datur.
2270 4100 2479 4157 Idcirco
2514 4100 2792 4157 acerrimae
2824 4114 2918 4155 eos
2960 4113 3135 4169 prensa
3178 4107 3401 4154 manent
3440 4112 3635 4166 resque

2055 4194 2192 4265 ipsis
2231 4195 2286 4249 in
2323 4201 2600 4250 extremas
2634 4201 2796 4261 atque
2824 4189 3254 4247 irremediabiles
3297 4188 3637 4245 calamitates

2055 4286 2333 4350 desinunt,
2365 4285 2578 4341 tametsi
2612 4283 2680 4340 ad
2709 4283 2872 4339 breve
2892 4283 3115 4353 aliquod
3143 4290 3356 4353 tempus
3379 4294 3636 4352 prospero

367 4359 464 4413 δὲν
506 4359 840 4432 ἠδικηκότας
897 4361 1190 4432 σινόμενοι,
1251 4355 1395 4415 οῦτοι
1436 4359 1493 4413 δὲ
1539 4358 1798 4425 ἀλαζόνες
1843 4365 1952 4417 είσὶ

2057 4393 2171 4433 rem
2205 4392 2393 4449 gerere
2425 4376 2734 4433 videantur.
2769 4376 2849 4431 Ac
2887 4374 3017 4430 talia
3045 4373 3264 4444 quidem
3299 4373 3462 4428 etiam
3506 4383 3636 4426 tunc

370 4467 471 4518 καὶ
496 4465 815 4547 ἀτάσθαλοι,
853 4465 979 4521 οὔτε
1027 4467 1186 4539 θέμιν
1221 4466 1444 4534 εἰδότες,
1501 4465 1626 4521 οὔτε
1668 4466 1831 4538 μέλον
1855 4469 1957 4523 αύ-

2058 4469 2374 4527 Leutbarim
2400 4469 2809 4540 Bmilinttmque
2836 4467 3175 4526 sectantibus
3199 4464 3372 4537 copiis
3386 4479 3636 4520 evenere.

368 4563 488 4624 τοῖς
508 4563 557 4614 εί
579 4561 642 4614 τὸ
659 4560 813 4650 Θεῖον
827 4563 1034 4633 νεμεσᾷ
1059 4561 1106 4595 ⁸⁸
1127 4564 1241 4625 τοῖς
1261 4561 1626 4633 γιγνομένοις.
1686 4562 1980 4636 Τοιγάρτοι
2021 4566 2206 4621 ποιναί
2233 4585 2301 4637 γε
2334 4567 2534 4632 αὐτοὺς
2581 4565 2834 4638 μετίασιν
2875 4562 3144 4637 ἀκριϐεῖς,
3185 4561 3279 4616 καὶ
3329 4560 3514 4630 σφίσιν
3579 4561 3639 4624 ἐς

368 4655 712 4726 ἀνηκέστους
743 4657 1126 4730 συμφοράςτά
1173 4659 1478 4730 πράγματα
1517 4657 1866 4722 τελευτῶσιν,
1940 4663 1990 4715 εἰ
2026 4663 2120 4718 καὶ
2177 4664 2272 4719 ἐπὶ
2342 4665 2517 4736 βραχὺ
2574 4665 2871 4737 εὐημερεῖν
2929 4659 3259 4732 νομισθεῖεν.
3298 4657 3492 4714 Ὀποῖα
3543 4656 3638 4710 καὶ

366 4751 497 4804 τότε
529 4752 643 4818 τοῖς
683 4753 827 4823 ἀμφὶ
852 4753 1124 4826 Δεύθαρίν
1145 4771 1206 4808 τε
1230 4754 1322 4808 καὶ
1375 4753 1680 4808 Βουτιλῖνον
1729 4754 2038 4829 βαρϐάροις
2063 4757 2286 4830 ξυνέϐη.

447 4871 512 4943 β’,
578 4873 796 4944 Ἐπειδὴ
847 4879 958 4946 γὰρ
985 4877 1030 4908 ⁸⁷
1065 4873 1238 4929 ταῦτα
1288 4875 1536 4948 ἔδρασαν,
1584 4875 1678 4929 καὶ
1710 4875 1848 4931 πολύ
1891 4894 1944 4932 τι

2118 4879 2174 4934 2.
2205 4877 2342 4934 Nam
2381 4879 2436 4933 lii
2479 4879 2640 4934 rebus
2679 4878 2827 4933 hisce
2865 4871 3208 4946 perpetratis,
3244 4885 3370 4928 cum
3400 4869 3514 4941 jam
3545 4868 3634 4923 in-

368 4961 634 5032 λαφύρων
665 4965 1046 5036 περιεϐάλοντο
1071 4966 1278 5040 χρῆμα,
1299 4966 1400 5038 ἠδη
1433 4984 1492 5020 τε
1521 4967 1581 5021 τὺ
1611 4967 1709 5042 ἐαρ
1736 4967 1786 5002 ⁸⁸
1811 4985 1954 5042 παρ-

2064 4977 2278 5040 gentem
2315 4969 2613 5040 spoliorum
2654 4969 2764 5022 vim
2799 4973 3237 5040 coacervassent',
3272 4971 3326 5018 et
3349 4962 3460 5032 jam
3495 4974 3635 5030 pra-

371 5055 605 5124 ῳχήκει,
667 5057 764 5112 καὶ
795 5058 830 5127 ἡ
855 5057 948 5111 τοῦ
987 5057 1178 5129 θέρους
1211 5057 1460 5130 ἤκμαζεν
1493 5057 1633 5130 ὥρα,
1667 5060 1952 5133 Δευθαρίῳ

2060 5061 2302 5132 terlapso
2331 5076 2457 5118 vere
2485 5061 2692 5133 vigeret
2726 5069 2930 5125 aestas;
2967 5057 3125 5114 alteri
3155 5057 3376 5128 quidem
3409 5053 3632 5115 ducum,

375 5145 502 5214 μὲν,
537 5145 749 5221 θατέρῳ
775 5147 886 5202 τῶν
909 5149 1217 5221 ἡγεμόνων,
1263 5147 1574 5220 βουλομένῳ
1604 5151 1652 5184 ⁸⁸
1679 5147 1748 5222 ἦν
1770 5150 1952 5205 οῖκαδε

2061 5153 2324 5209 Leutbari
2351 5153 2623 5217 videlicet,
2657 5153 2712 5206 in
2753 5153 2938 5208 animo
2969 5160 3088 5208 erat
3129 5149 3350 5204 domum
3395 5147 3633 5210 reverti,

371 5237 772 5310 ἀπονοστῆσαι,
804 5241 898 5298 καὶ
942 5238 1039 5295 τοῦ
1086 5241 1248 5296 δλϐου
1290 5241 1692 5314 ὲμπιπλᾶσθαι.
1731 5244 1956 5298 Ἔστελο

2059 5253 2114 5301 et
2153 5246 2354 5318 opimis
2384 5245 2576 5318 spoliis
2612 5247 2728 5303 suis
2764 5245 2909 5315 frui,
2949 5243 3262 5313 nuntiisque
3301 5241 3369 5296 ad
3413 5239 3636 5294 fratrem

1684 5444 1919 5504 VARle
1956 5445 2358 5503 LECTIONES.

455 5613 498 5643 "
525 5615 582 5694 αι
609 5617 703 5694 τοῦ
729 5617 817 5694 με
848 5616 1414 5694 106_vulg.__'°_Vulc.
1447 5621 1592 5694 conj.
1631 5622 2045 5694 Βρεττίωίείο).
2121 5625 2162 5656 ⁸¹
2184 5625 2472 5694 Ἀποληῖαν
2515 5623 2582 5689 R,
2634 5623 2962 5694 Ἀπρυληζίαν
2990 5622 3137 5694 vulg.
3212 5622 3257 5653 ⁸³
3283 5620 3357 5694 ᾡς
3381 5620 3503 5694 edd:
3531 5620 3564 5690 ἦ
3581 5622 3639 5694 ἃ

371 5681 471 5765 Β..
525 5684 572 5716 ⁸³
593 5686 752 5765 sed?!
780 5685 840 5740 Β.
867 5689 968 5765 καὶ
987 5681 1079 5765 ἃς
1118 5690 1165 5722 ⁸⁸
1182 5681 1600 5765 Ξιύπελα-εάόῖΔ
1631 5681 1824 5748 ⁸⁵’τάδε
1870 5693 1935 5761 R,
1961 5681 2131 5748 ταῦτα
2155 5695 2304 5765 vulg.
2373 5681 2425 5727 '"
2455 5681 2687 5764 νεμεσᾷν
2714 5691 2786 5765 _B.
2843 5681 2907 5765 :87
2935 5681 3135 5765 ἐπειδῆ,
3153 5694 3261 5764 γὰρ
3290 5681 3353 5758 R;
3387 5692 3510 5765 ἐπεῖ
3533 5681 3641 5765 Ῠάρ

371 5752 529 5836 ἶρις.
560 5822 577 5836 ι
604 5754 651 5788 ⁸⁸
688 5752 790 5836 ἤδη
819 5758 902 5836 τό.
926 5775 987 5812 τε
1031 5759 1129 5834 ἔαρ
1182 5759 1246 5830 Β,
1282 5761 1426 5832 quod
1461 5761 1795 5835 [πείθει-ειη,
1833 5766 1878 5820 si
1923 5752 2053 5835 'post
2089 5752 2338 5836 Λευθρίῳ
2371 5752 2644 5822 insereret
2679 5759 2793 5818 οὖν.
2843 5761 3007 5834 lntpr.
3050 5752 3638 5833 vulgatam'exprimit'.

378 5828 430 5859 ⁸⁹
461 5822 832 5895 βουλευομένῳ
867 5827 928 5884 Β.
990 5911 993 5913 _
