4030 6474
369 400 518 468 1333
1551 408 2097 471 HISTORIARUM
2143 412 2380 472 LIBER
2407 413 2488 472 II.

3506 412 3642 480 1334

360 517 582 590 οἰμωγῇ
636 515 740 569 άνά
781 509 845 568 τὸ
899 514 1262 587 στρατόπεδον
1309 518 1674 582 εἰσπεσόντες,
1708 519 1938 589 θορύϐου

2050 534 2173 590 ergo
2195 529 2357 590 pacto
2379 519 2697 576 constitutis
2720 519 2876 591 ipsis,
2901 535 3076 591 neque
3106 522 3499 590 opportuniore
3518 541 3640 583 con'

358 609 465 663 καὶ
487 608 731 678 ταραχῆς
755 607 970 661 ἅπαντα
995 606 1258 680 ἔπλησαν,
1283 609 1356 674 ὡς
1389 609 1624 664 αύτίκαθ
1659 610 1804 678 μάλα
1832 609 1940 663 τῶν

2050 609 2173 663 silio
2209 608 2264 662 in
2295 617 2533 664 mentem
2572 609 2826 664 veniente
2849 648 2862 674 ,
2896 609 3118 680 plurimi
3158 609 3356 678 captivi
3393 611 3650 669 incusto-r

371 700 666 771 Ῥωμαίων
699 699 1164 772 ἐπελευσομένων.
1189 702 1362 766 Αὐτός
1387 718 1446 754 τε
1473 701 1536 772 δὴ
1555 696 1648 755 οὖν
1671 701 1941 772 Λεύθαρις

2050 699 2146 755 diti
2191 700 2409 767 relicti,
2461 702 2706 758 hostium
2750 703 3116 774 occupatione
3164 712 3472 772 opportune
3515 708 3595 762 usi
3621 749 3640 775 ,

355 793 676 847 διανίστατο
719 794 779 856 ἐς
827 791 1155 863 παράταξιν,
1191 792 1286 846 καὶ
1328 792 1474 846 ἀπαν
1512 792 1573 844 τὸ
1619 792 1940 863 στράτευμα

2050 808 2208 864 quam
2247 793 2535 850 celerrime
2572 795 2945 866 aufugerunt,
2976 805 3033 852 et
3069 794 3344 866 quidquid
3388 807 3642 867 poterant

355 885 601 938 ἐκινεῖτο
623 900 638 914 ·
672 883 766 939 καὶ
802 883 1004 950 τοίνυν,
1045 883 1407 946 ἀναλαϐόντες
1444 882 1510 935 τὰ
1539 881 1698 945 ὅπλα,
1740 882 1799 945 ἐς
1831 881 1938 951 φά-

2050 887 2344 955 spoliorum
2380 887 2434 941 in
2464 888 2716 958 proxima
2745 888 2966 944 castella
2996 891 3422 945 transtulerunt.

354 982 544 1052 λαγγα
582 981 925 1046 καθίσταντο,
979 979 1197 1051 βαθείάν
1241 996 1302 1032 τε
1354 979 1448 1032 καὶ
1522 979 1764 1049 ἐπιμὲγα
1827 981 2304 1052 παρατεταμένην.
2353 981 2444 1036 Ἐν
2499 981 2709 1046 τούτοις
2738 981 2796 1035 δὲ
2845 983 3026 1036 αὐτῶν
3059 981 3472 1048 καταστάντων,
3542 982 3638 1038 καὶ

353 1077 520 1133 οὐδὲν
543 1073 721 1128 ὁτιοῦν
749 1073 933 1136 αὐτοῖς
958 1072 1144 1140 ἕτερον
1189 1073 1250 1125 ἐν
1287 1069 1364 1141 νῷ
1404 1071 1649 1153 τίθεσθαι
1714 1070 2049 1142 παρέχοντος
2111 1073 2207 1126 τοῦ
2268 1073 2487 1147 καιροῦ,
2517 1075 2569 1128 oi
2620 1073 2865 1128 πλεῖστοι
2909 1073 3018 1128 τῶν
3062 1074 3434 1147 αἰχμαλώτων
3492 1075 3635 1146 ἀφύ-

353 1167 773 1238 λακτοιάθρόον
801 1165 1188 1236 γεγενημένοι,
1214 1164 1535 1234 ἀπεχρῶντο
1566 1165 1625 1216 ἐν
1671 1163 1842 1218 δέοντι
1911 1165 1978 1234 τῇ
2017 1163 2126 1218 τῶν
2184 1165 2461 1238 πολεμίων
2518 1166 2744 1237 ἀσχολίᾳ
2771 1183 2786 1196 ·
2812 1165 2968 1219 αύτοί
3017 1185 3076 1220 τε
3127 1169 3237 1240 γὰρ
3300 1167 3379 1232 ὡς
3407 1169 3638 1238 τάχιστα

351 1263 754 1332 διεδίδρασκον,
780 1260 878 1313 καὶ
903 1258 1013 1311 τῶν
1053 1256 1312 1327 λαφύρων
1351 1256 1524 1310 ὁπόσα
1557 1250 1670 1309 οἷόν
1702 1273 1763 1308 τε
1792 1252 1860 1326 ἦν
1888 1256 1945 1318 ἐς
1977 1254 2046 1309 τὰ
2077 1257 2310 1326 ἐχόμενα
2346 1256 2442 1330 [Ρ.
2469 1255 2575 1329 58]
2604 1256 2840 1328 φρούρια
2873 1257 3214 1328 διεκόμισαν.

433 1360 502 1423 γ’.
538 1352 693 1407 Ἐπεὶ
720 1351 778 1405 δέ
819 1349 1160 1420 Ἀρταϐάνης
1187 1365 1248 1402 τε
1300 1350 1395 1404 καὶ
1431 1346 1643 1419 Οΰλδαχ
1667 1349 1710 1382 ¹⁰
1749 1347 1940 1420 (ᾤοντο

352 1448 472 1518 γὰρ
500 1447 602 1500 οὐκ
623 1445 910 1516 ἀξιόμαχοι
938 1440 1102 1515 εἶναι)
1142 1443 1346 1515 ἥκιστα
1376 1439 1643 1510 ἐπεξῆγον
1676 1440 1738 1494 τὸ
1770 1439 1938 1510 στρά-

355 1557 558 1610 τευμα,
583 1539 706 1592 τότε
729 1537 791 1608 δὴ
813 1537 864 1590 oi
886 1537 1150 1608 Φράγγοι,
1168 1537 1404 1590 διελύετο
1439 1534 1538 1607 μὲν
1569 1533 1754 1595 αὐτοῖς
1776 1533 1809 1602 ή
1833 1547 1938 1584 πα-

361 1630 610 1704 ράταξις,
639 1629 784 1683 κατὰ
809 1630 950 1697 σφᾶς
974 1629 1030 1682 δὲ
1051 1628 1320 1699 γινόμενοι
1349 1629 1444 1683 καὶ
1471 1624 1936 1699 γνωματεύοντες,

2125 1347 2176 1402 3.
2211 1347 2350 1403 Cum
2381 1364 2509 1404 vero
2547 1349 2850 1405 Artabanes
2879 1349 3042 1404 simul
3073 1359 3125 1404 et
3157 1349 3362 1406 Uldaeh
3396 1351 3636 1424 impares

2047 1453 2168 1493 sese
2205 1439 2596 1495 committendo
2622 1440 2735 1511 69
2771 1440 2957 1510 praelio
3001 1450 3287 1497 censentes
3330 1443 3514 1512 copias
3549 1456 3638 1497 ne-

2045 1545 2318 1601 quaquam
2342 1533 2654 1601 educerent,
2681 1543 2792 1589 tum
2826 1533 3049 1604 Franci,
3083 1537 3260 1592 soluta
3288 1537 3425 1603 acie,
3451 1537 3510 1592 in
3537 1551 3633 1593 ca-

2045 1634 2156 1682 stra
2193 1628 2397 1686 reversi
2452 1639 2828 1702 cognoverunt
2870 1640 3129 1702 quantam
3177 1629 3449 1701 jacturam
3474 1630 3636 1688 fecis-

353 1720 715 1787 διεγίνωσκον
743 1716 956 1772 ὁπόσων
989 1718 1030 1750 ⁸⁸
1071 1716 1368 1788 ἐτύγχανον
1395 1719 1764 1792 ἀφῃρημένοι.
1799 1716 1937 1787 Πρίν

2050 1729 2191 1776 sent.
2224 1721 2492 1788 Quocirca
2513 1724 2832 1794 priusquam
2867 1724 3084 1794 gravius
3115 1723 3335 1794 aliquod
3371 1723 3632 1778 damnum

357 1829 426 1883 γε
460 1811 524 1883 δὴ
543 1808 637 1865 οὖν
666 1813 762 1866 καὶ
793 1811 980 1882 ἔτερόν
998 1828 1052 1865 τι
1075 1809 1290 1874 παθεῖν,
1312 1812 1488 1865 ἐδόκει
1517 1811 1702 1873 αὐτοῖς
1717 1811 1774 1862 ἐν
1792 1807 1941 1879 καλῷ

2050 1816 2382 1887 acciperent,
2414 1818 2592 1872 visum
2616 1826 2701 1874 est
2731 1817 2813 1872 eis
2843 1818 3175 1885 consultum,
3205 1817 3251 1871 si
3283 1831 3447 1887 quam
3479 1817 3634 1873 citis-

361 1903 604 1968 ἔσεσθαι,
637 1903 750 1970 είγε
770 1901 847 1966 ὡς
874 1903 1106 1973 τάχιστα
1131 1903 1196 1956 ἐκ
1223 1901 1396 1955 Φάνου
1433 1901 1534 1972 τῆς
1576 1901 1785 1964 πόλεως
1809 1902 1943 1955 ἀνα-

365 1996 611 2060 στάντες,
675 1994 806 2048 ἷοιεν
864 1993 969 2047 ἀνά
1016 1993 1085 2046 τά
1133 1993 1339 2064 πρόσω.
1394 1995 1503 2048 Καὶ
1530 1992 1712 2048 τοίνυν
1745 1994 1944 2047 αὐτίκα

366 2088 631 2158 ἐχώρουν,
660 2087 886 2156 ἀφέντες
911 2086 968 2140 δέ
995 2089 1054 2140 ἐν
1071 2085 1225 2157 δεξιᾷ
1247 2087 1338 2139 τὸν
1382 2086 1565 2139 Ἰόνιον
1599 2085 1800 2139 κόλπον
1843 2085 1939 2139 καὶ

368 2181 591 2236 ἃπασαν
627 2179 724 2251 τὴν
763 2177 1071 2251 παράκτιόν
1095 2196 1159 2232 τε
1205 2179 1299 2232 καὶ
1339 2178 1648 2250 ψαμαθώδη
1695 2179 1940 2250 πορείαν,

363 2271 474 2326 ἀνά
499 2272 625 2334 τοὺς
653 2271 928 2342 πρόποδας
955 2269 1052 2325 τοῦ
1100 2271 1414 2325 Ἀπινναίου
1450 2274 1494 2303 ¹³
1523 2271 1683 2343 ὅρους
1711 2271 1943 2342 ἐπορεύ-

359 2363 559 2434 θησαν.
599 2363 754 2418 Οὕτω
801 2381 860 2416 τε
893 2363 978 2416 ἰθὺ
1018 2363 1305 2433 Αίμιλείας
1341 2365 1435 2417 καὶ
1477 2363 1864 2428 Ἀλπισκοτίας
1899 2365 1943 2396 ’³

357 2454 629 2520 ἐλθόντες,
693 2455 846 2526 μόλις
890 2456 981 2509 τὸν
1031 2456 1206 2510 Πάδον
1264 2455 1642 2526 ἐπεραιοῦντο.
1692 2456 1944 2510 Καταλα-

356 2546 550 2611 6όντες
587 2547 644 2600 δέ
702 2545 957 2602 Βενετίαν
1016 2546 1114 2618 τὴν
1168 2545 1376 2618 χώραν,
1419 2547 1478 2609 ἐς
1528 2546 1740 2600 Κένετα
1771 2544 1814 2577 ³⁸
1841 2546 1942 2618 τὴν

357 2639 519 2693 πόλιν
547 2640 819 2711 κατήκοον
847 2633 1013 2692 οὖσαν
1057 2637 1206 2708 σφῶν
1255 2639 1312 2691 ὲν
1353 2636 1434 2708 τῷ
1480 2637 1603 2691 τότε
1638 2636 1943 2708 ηὐλίζοντο,

357 2733 530 2788 αὑτοῦ
549 2751 608 2786 τε
625 2732 876 2787 τολοιπὸν
900 2733 957 2785 ἐν
982 2730 1060 2803 τῷ
1083 2731 1317 2802 ἀσφαλεῖ
1334 2729 1707 2802 διαιτώμενοι,
1734 2728 1944 2802 ἤσχαλ-

357 2825 456 2880 λόν
479 2843 541 2895 γε
572 2826 617 2858 ¹¹⁵
651 2826 801 2896 ὅμως
826 2825 920 2878 καὶ
952 2823 1304 2896 ἐδυσφόρουν,
1337 2823 1430 2876 καὶ
1464 2820 1598 2876 πολύ
1642 2838 1695 2874 τι
1728 2821 1943 2891 ὑπῆρχε

357 2919 618 2988 διαφανὲς
672 2918 776 2990 τῆς
825 2918 1052 2990 γνώμης
1107 2917 1166 2971 τὸ
1197 2916 1518 2990 ἀνιώμενον.
1560 2915 1742 2969 Αἴτιον
1771 2914 1826 2968 δέ
1850 2911 1940 2987 ἦν,

356 3014 448 3068 ὅτι
468 3013 531 3084 δὴ
556 3012 740 3076 αὐτοῖς
763 3011 1023 3084 ἐλάχιστα
1055 3010 1120 3064 ἐκ
1147 3011 1248 3082 τῆς
1276 3011 1319 3042 ¹⁸
1349 3010 1501 3073 λείας
1547 3008 1816 3074 ἐλείπετο,
1848 3006 1945 3060 καὶ

2048 1905 2186 1962 sime
2216 1907 2376 1962 motis
2411 1922 2442 1961 a
2470 1905 2510 1960 F
2514 1923 2620 1962 ano
2664 1907 2799 1963 urbe
2831 1908 3031 1964 castris
3073 1907 3211 1961 ultra
3247 1907 3635 1978 progredereu-

2049 2005 2160 2052 tur.
2189 1995 2387 2053 Statim
2415 1997 2600 2068 itaque
2622 2007 3030 2070 processerunt,
3070 1999 3261 2055 relicto
3291 2000 3356 2055 ad
3385 2001 3632 2056 dextram

2051 2085 2207 2144 ionio
2247 2089 2371 2144 sinu
2400 2099 2454 2145 et
2493 2088 2720 2145 littorali
2761 2090 3014 2146 universa
3058 2106 3396 2162 arenosaque
3423 2093 3529 2159 via,
3566 2095 3635 2149 ad

2049 2180 2265 2235 radices
2284 2179 2552 2250 Apennini
2583 2183 2787 2238 montis
2825 2182 2926 2238 iter
2953 2181 3233 2250 fecerunt;
3266 2193 3431 2254 atque
3453 2185 3526 2240 ita
3547 2201 3635 2241 re-

2045 2279 2134 2326 cla
2170 2270 2450 2326 IEmiliam
2483 2281 2536 2328 et
2556 2268 2721 2344 Alpes
2745 2272 2956 2330 Cottias
3011 2289 3207 2330 versus
3256 2285 3471 2342 euntes,
3492 2292 3636 2349 aegre

2046 2361 2253 2419 Padum
2269 2365 2621 2431 traiecerunt.
2654 2365 2792 2420 Cum
2826 2381 2958 2420 vero
2988 2366 3042 2420 in
3073 2366 3336 2423 ditionem
3367 2367 3634 2425 Venetam

2046 2456 2347 2522 venissent,
2381 2457 2447 2511 ad
2478 2456 2734 2512 Cenetam
2779 2458 2972 2514 urbem
3001 2473 3100 2528 per
3132 2459 3181 2514 id
3233 2467 3450 2530 tempus
3499 2463 3634 2532 ipsis

2052 2546 2326 2602 subditam
2369 2548 2662 2603 stationem
2688 2549 3020 2615 habuerunt,
3051 2549 3124 2604 ibi
3141 2550 3399 2620 deinceps
3425 2552 3480 2606 in
3515 2562 3634 2608 tuto

2049 2639 2469 2694 commoraturi.
2498 2638 2766 2694 Dolebant
2799 2649 2976 2695 tamen
3007 2641 3343 2712 molesteque
3367 2641 3631 2709 ferebant,

2050 2737 2100 2786 et
2137 2745 2413 2786 summum
2448 2732 2740 2803 quemde
2788 2744 3082 2786 mmrorem
3115 2747 3227 2802 pra:
3265 2747 3326 2789 se
3367 2731 3631 2801 ferebant,

2045 2823 2191 2894 quod
2229 2823 2363 2893 ipsis
2414 2838 2674 2894 perquam
2712 2822 2968 2894 exiguum
3014 2837 3045 2878 e
3091 2822 3274 2892 praeda
3322 2833 3469 2880 esset
3507 2825 3635 2880 reli-

2046 2929 2235 2984 quum,
2265 2915 2690 2986 videbanturque
2723 2913 2828 2969 sibi
2848 2913 3034 2969 irritos
3075 2914 3401 2986 inutilesque
3418 2915 3634 2972 labores

2047 3006 2311 3076 perpessi.
2345 3005 2452 3062 Sed
2486 3021 2599 3062 non
2639 3005 2726 3062 his
2768 3005 3015 3062 terminis
3060 3005 3308 3076 ipsorum
3351 3007 3633 3063 calamitas

357 3105 540 3162 ἐδόκει
577 3103 805 3177 ἀκαρπα
851 3106 946 3158 καὶ
988 3104 1221 3174 ἀνόνητα
1262 3099 1745 3171 διαπεπονηκέναι.
1801 3098 1941 3154 Ἀλλ¹

2056 3101 2159 3156 fuit
2200 3100 2639 3172 circumscripta.
2668 3099 2841 3155 Paulo
2869 3099 3011 3154 enim
3051 3106 3196 3169 post,
3223 3100 3482 3170 pestilens
3509 3100 3629 3171 qui-

352 3202 426 3254 οὐ
464 3199 625 3272 μέχρι
649 3198 805 3252 τοῦδε
837 3197 996 3269 μόνον
1025 3196 1210 3260 αὐτοῖς
1254 3194 1324 3250 τά
1373 3193 1480 3248 τῶν
1509 3193 1941 3265 δυστυχημάτων

353 3292 581 3363 ἐχώρει.
630 3289 826 3361 Ὀλίγῳ
855 3288 967 3360 γὰρ
991 3288 1217 3361 ὕστερον
1248 3287 1346 3342 καὶ
1373 3286 1527 3350 νόσος
1551 3303 1636 3350 τις
1670 3285 1944 3357 λοιμώδης

346 3386 584 3455 ἔφθειρε
621 3383 691 3437 τὰ
740 3382 921 3453 πλήθη
963 3380 1294 3446 ἐξαπιναίως
1353 3374 1782 3433 ἐπεισπεσοῦσα.
1833 3377 1944 3431 Καὶ

346 3481 410 3533 οἱ
448 3477 545 3546 μὲν
575 3474 756 3531 αὐτῶν
796 3474 1067 3546 μοχθηρὸν
1106 3467 1512 3534 ἀποκαλοῦντες
1551 3469 1644 3524 τὸν
1691 3468 1942 3540 περικεί-

354 3584 528 3641 μενον
563 3567 607 3599 ¹⁷
643 3565 828 3636 σφίσιν
885 3565 1024 3636 ἀέρα
1062 3563 1239 3619 αἴτιον
1282 3561 1493 3615 ἐκείνου
1521 3558 1568 3593 ³⁸
1595 3559 1691 3614 τοῦ
1733 3558 1941 3623 πάθους

350 3657 691 3730 γεγενῆσθαι
727 3655 956 3728 ἡγοῦντο
979 3673 992 3685 ·
1026 3656 1074 3709 οἱ
1111 3655 1168 3709 δέ
1189 3655 1272 3708 ὅτι
1309 3652 1584 3724 πολέμους
1627 3650 1943 3722 τεσυχνοῦς

355 3750 463 3806 καὶ
509 3749 816 3820 ὁδοιπορίας
859 3746 1074 3820 μακράς
1123 3746 1494 3810 διανύσαντες,
1539 3744 1738 3815 ἀθρόον
1784 3745 1843 3808 ἐς
1881 3743 1945 3796 τὸ

360 3840 708 3913 ἁϐροδίαιτον
759 3839 1176 3912 μετεϐἐίῖληντο,
1223 3839 1325 3909 τὴν
1354 3838 1452 3908 τῆς
1492 3836 1706 3909 διαίτης
1729 3835 1942 3908 παραλ-

364 3933 542 4002 λαγὴν
564 3933 814 4005 ᾐτιῶντο,
851 3933 950 4006 τὴν
979 3933 1036 3987 δέ
1067 3950 1130 4002 γε
1161 3932 1236 3997 ὡς
1279 3931 1498 4003 ἀληθῶς
1548 3931 1724 4002 ἀρχήν
1757 3946 1825 3988 τε
1848 3930 1944 3983 καὶ

370 4026 620 4097 ἀνάγκην
645 4025 741 4096 τῆς
791 4027 1078 4098 συμφορᾶς
1110 4027 1152 4061 ¹⁹
1187 4026 1250 4079 ού
1294 4024 1442 4095 μάλα
1479 4023 1801 4078 διενοοῦντο.
1831 4017 1944 4076 ’Ἦν

369 4115 431 4169 δὲ
457 4115 582 4186 ἄρα,
632 4111 805 4186 οἶμαι,
841 4117 874 4186 ἡ
908 4115 1114 4180 ἀδικία,
1164 4114 1260 4168 καὶ
1293 4115 1354 4168 τὸ
1383 4112 1775 4187 περιύϐρίσθαι
1806 4111 1945 4184 πρὸς

364 4207 550 4262 αὐτῶν
577 4207 646 4262 τά
681 4224 742 4261 τε
781 4208 899 4261 θεῖα
919 4207 1153 4278 ἀφειδῶς
1183 4208 1229 4240 ¹⁰
1254 4206 1348 4261 καὶ
1376 4203 1690 4276 ἀνθρώπεια
1710 4204 1940 4274 νόμιμα.

355 4299 539 4366 Αὐτὸς
572 4299 637 4370 δὴ
667 4294 760 4354 οὖν
785 4300 814 4355 ὁ
850 4300 1156 4372 στρατηγὸς
1184 4299 1281 4353 καὶ
1312 4298 1455 4369 μάλα
1477 4296 1694 4368 ἔνδηλος
1729 4293 1817 4370 ἦν,
1851 4296 1937 4350 ὅτι

354 4393 432 4463 δὴ
464 4393 624 4446 αὐτὸν
669 4391 924 4464 θεήλατοι
975 4391 1242 4465 μετῆλθον
1287 4391 1502 4446 ποιναί·
1549 4386 1850 4461 παραπλήξ
1882 4405 1943 4444 τε

2053 3193 2177 3248 dam
2211 3192 2436 3248 morbus
2463 3199 2685 3263 repente
2710 3191 2960 3247 incidens
2986 3190 3390 3248 multitudinem
3417 3192 3635 3248 absum-

2049 3285 2197 3355 psit;
2241 3293 2294 3340 et
2333 3284 2582 3340 nonnulli
2629 3283 2848 3354 quidem
2899 3282 3116 3338 illorum
3162 3283 3449 3340 ambientis
3484 3284 3632 3339 aeris

2049 3377 2373 3448 pravitatem
2418 3375 2767 3441 incusabant,
2814 3389 3035 3431 causam
3070 3374 3250 3430 morbi
3277 3376 3326 3432 ei
3357 3376 3633 3431 ascriben-

2050 3476 2136 3524 tes
2163 3486 2179 3534 ;
2212 3468 2302 3523 alii
2341 3483 2493 3534 vero,
2524 3470 2669 3538 quod
2691 3466 2969 3523 continuis
2995 3467 3153 3523 bellis
3178 3475 3232 3523 et
3261 3467 3440 3537 longis
3471 3467 3632 3521 itine-

2055 3560 2213 3614 ribus
2239 3560 2475 3629 peractis
2507 3566 2728 3630 repente
2751 3561 2818 3614 ad
2839 3558 3069 3614 otiosam
3100 3558 3433 3630 mollemque
3465 3558 3632 3614 vitam

2050 3662 2237 3711 essent
2275 3651 2528 3718 traducti,
2573 3651 2682 3722 7o
2723 3651 2848 3708 vita
2890 3651 3328 3706 immutationem
3377 3651 3433 3706 in
3467 3666 3633 3707 causa

2049 3763 2171 3805 esse
2202 3745 2487 3818 putabant.
2523 3744 2593 3800 At
2637 3743 2810 3814 ipsam
2857 3757 3046 3798 revera
3075 3743 3337 3814 originem
3380 3757 3631 3798 necessa-

2049 3837 2300 3908 riamque
2332 3847 2558 3891 causam
2589 3831 2720 3886 mali
2748 3831 2908 3902 plane
2936 3845 3046 3885 non
3079 3830 3470 3902 intelligebant,
3511 3843 3634 3900 quae

2050 3931 2299 4006 profecto
2320 3938 2437 3986 erat
2466 3926 2753 3998 injustitia,
2801 3933 2856 3994 et
2887 3924 3069 3980 divina
3098 3923 3304 3994 pariter
3335 3928 3501 3991 atque
3529 3921 3633 3974 hu-

2049 4040 2211 4082 mana
2239 4023 2359 4095 jura
2387 4021 2456 4077 ab
2485 4019 2620 4090 ipsis
2651 4017 2984 4089 proculcata.
3019 4017 3199 4086 Ipsum
3233 4015 3416 4084 itaque
3435 4014 3630 4068 ducem

2050 4117 2237 4172 videre
2269 4123 2388 4169 erat
2418 4113 2700 4169 evidenter
2739 4109 2920 4180 poenis
2956 4107 3218 4163 divinitus
3247 4104 3506 4162 immissis
3530 4105 3632 4160 ob-

2049 4206 2319 4263 noxium:
2365 4201 2574 4259 insania
2622 4199 2766 4258 enim
2815 4197 3213 4268 manifestaque
3257 4197 3427 4262 rabie,
3457 4195 3632 4250 instar

2050 4314 2265 4366 eorum,
2297 4297 2386 4369 qui
2415 4303 2594 4351 mente
2613 4293 2755 4364 capti
2775 4293 2957 4348 furere
2987 4292 3184 4356 solent,
3207 4289 3628 4360 corripiebatur,

2051 4391 2340 4460 multaque
2389 4386 2658 4456 vertigine
2696 4385 3019 4456 agitabatur,
3066 4395 3368 4454 gravesque
3398 4378 3632 4450 eiulatus

353 4483 477 4552 γὰρ
521 4481 784 4551 ἐγεγόνει,
832 4483 927 4536 καὶ
982 4464 1180 4535 ἐλύττα
1225 4480 1563 4553 περιφανῶς,
1607 4477 1861 4550 καθάπερ
1889 4481 1940 4533 ol

2050 4480 2262 4545 edebat,
2294 4476 2461 4532 modo
2497 4488 2726 4545 pronus,
2755 4471 2922 4527 modo
2955 4472 3010 4526 in
3050 4469 3374 4526 alterutrum
3409 4466 3552 4520 latus
3575 4464 3630 4519 in

352 4573 632 4646 ἔκφρονες
669 4576 764 4628 καὶ
787 4574 1115 4646 μεμηνότες,
1143 4574 1330 4636 κλόνος
1346 4590 1401 4627 τε
1429 4573 1595 4627 αὑτὸν
1625 4575 1810 4643 ἐπεῖχε
1845 4590 1946 4644 μυ·

354 4666 507 4743 ρίος,
537 4668 633 4720 καὶ
658 4667 905 4738 οἰμωγὰς
933 4667 1085 4740 ἀφίει
1117 4665 1344 4738 βαρείας
1364 4682 1378 4696 ο
1413 4666 1508 4719 καὶ
1543 4663 1637 4718 νῦν
1674 4664 1773 4734 μὲν
1798 4680 1944 4734 πρη-

351 4757 487 4827 νὴς,
534 4757 632 4812 νῦν
681 4756 739 4812 δὲ
796 4757 891 4810 καὶ
916 4757 958 4788 ²¹
1001 4757 1096 4810 ἐπὶ
1124 4756 1330 4830 θάτερα
1368 4759 1428 4810 ἐν
1452 4756 1531 4827 τῷ
1561 4756 1747 4825 ἐδάφει
1800 4773 1936 4809 κατ-

352 4849 618 4902 έπιπτεν·
660 4848 820 4920 ἀφρῷ
848 4865 908 4901 τε
942 4847 1121 4919 πολλῷ
1151 4849 1212 4902 τὸ
1239 4848 1415 4919 στόμα
1438 4848 1783 4920 περιερρεῖτο
1802 4863 1816 4878 ο
1849 4845 1944 4899 καὶ

2047 4571 2226 4629 solum
2251 4565 2558 4640 procidens,
2590 4564 2930 4634 multamque
2953 4577 3018 4617 ex
3046 4575 3143 4617 ore
3171 4558 3421 4631 spumam
3444 4557 3628 4620 ciens;

2045 4661 2188 4718 oeuli
2217 4660 2384 4716 etiam
2419 4657 2520 4728 ipsi
2549 4665 2708 4712 erant
2753 4655 2912 4721 torvi,
2949 4651 3392 4720 horrendumque
3422 4649 3476 4704 in
3509 4661 3630 4702 mo-

2045 4754 2174 4810 dum
2205 4749 2408 4807 inversi
2435 4762 2540 4816 ;eo
2568 4745 2806 4816 denique
2838 4743 3066 4800 insaniae
3106 4748 3331 4796 venerat
3357 4739 3541 4802 miser,
3572 4744 3632 4790 ut

2045 4859 2114 4901 ne
2143 4860 2174 4899 a
2199 4843 2318 4900 suis
2358 4841 2577 4912 quidem
2608 4835 2871 4893 membris
2920 4831 3272 4906 degustandis
3311 4831 3629 4885 abstineret.

350 4936 446 4991 τὼ
474 4939 736 5010 ὀφθαλμὼ
764 4938 1010 5012 βλοσυρώ
1040 4943 1086 4972 ”
1123 4956 1189 5008 γε
1227 4940 1401 5010 ἤστην
1429 4939 1530 4991 καὶ
1557 4954 1941 5009 παρατετραμ·

2050 4937 2277 4994 Assidue
2316 4934 2463 4990 enim
2497 4931 2776 4988 mordicus
2802 4927 3048 4985 brachiis
3099 4926 3218 4983 suis
3256 4924 3548 4987 inhaerens,
3579 4928 3634 4972 et

357 5031 538 5102 μένω.
581 5033 670 5096 Ἐς
691 5035 848 5088 τοῦτο
875 5033 934 5087 δδ
982 5034 1090 5105 ἀρα
1135 5033 1165 5086 ὁ
1215 5031 1448 5095 δείλαιος
1478 5033 1676 5100 ἀφῖκτο
1723 5029 1921 5102 μανίας

2047 5041 2244 5084 carnes
2268 5023 2526 5081 dentibus
2548 5021 2882 5086 convellens,
2909 5034 3004 5076 eas
3029 5018 3207 5074 instar
3233 5015 3365 5072 ferae
3402 5012 3632 5083 alicujus

1690 5249 1924 5310 VARUE
1962 5246 2370 5305 LECTIONES.

435 5417 460 5490 ’7
485 5421 681 5475 αὐτίκα
715 5419 825 5474 τῶν
875 5413 1162 5490 Ῥωμαίων

366 5489 520 5557 vulg.
597 5490 640 5523 ¹⁸
691 5487 998 5544 Ἀπινναῑου
1039 5487 1103 5554 Β,
1139 5487 1415 5541 Ἀπιναιου
1453 5487 1600 5557 vulg.

1268 5419 1372 5474 ἀλα
1420 5415 1488 5470 R.
1515 5416 1674 5479 αύτὺς
1746 5415 1812 5479 δὴ
1842 5413 1912 5468 Β.
1989 5413 2031 5444 ⁸ο
2073 5408 2325 5479 Οὺάλδαχ
2368 5406 2574 5479 Βηγὰρ
2626 5406 2710 5479 ins
2727 5419 2794 5459 ex
2857 5403 2965 5479 Ii.__
3005 5403 3043 5479 ξι
3077 5401 3290 5479 ὁπόσων
3356 5399 3428 5479 ἢ..
3460 5399 3634 5479 ὁπόσα

1227 5432 1372 5488 tiam.
1426 5432 1674 5479 η.αυτος
1746 5432 1812 5484 οη
1845 5432 1912 5468 ιι.
1989 5432 2031 5444 ’ν
2073 5432 2325 5479 υυαΛοαχ
2369 5432 2438 5462 n.
2465 5432 2574 5478 γαρ
2627 5432 2794 5459 uisu;
2857 5432 2923 5458 ιι.
3077 5432 3289 5482 υιιςδυων
3358 5432 3428 5482 ut
3460 5432 3634 5480 υιιαυυι

1227 5505 1415 5560 ειναιου
1452 5487 1614 5560 vulg.
1679 5486 1722 5517 ¹³
1765 5484 1995 5560 ’ᾋλπεις
2045 5480 2303 5560 Ιςοττιαςη
2323 5477 2493 5560 Lugd.
2518 5492 2626 5546 mg.
2659 5473 2859 5560 verum
2900 5473 3193 5560 Αζριεοοιξξι
3237 5470 3634 5560 ἀξιεὲιιεεῗειμῖ

367 5535 580 5630 iam“
625 5535 1410 5630 ηυξῇξὶίιξςξιςἾιῖιξξνξτα
1452 5535 1816 5630 afﬂigens
1867 5535 2010 5621 vung
2068 5552 2232 5619 intpr.
2264 5535 2872 5630 ζιριιεᾶαηιζνκατήκοον
2920 5535 3107 5624 οὖσαν,
3137 5538 3214 5630 Β,
3269 5535 3636 5630 valgis-5‘09:

367 5616 498 5702 illest
543 5616 665 5702 τότε
703 5630 923 5702 legitur.
1001 5628 1434 5702 “saxum”
1466 5616 1532 5680 Ιῖ.
1610 5627 1654 5657 ⁸⁸
1693 5625 1862 5702 lntpr.
1905 5616 2053 5676 tanta
2080 5616 2382 5702 cf'prmdnai

375 5684 539 5771 ίιενον
557 5684 626 5768 Β,
655 5684 818 5771 ξηῑιῖἶν
854 5701 1048 5756 circum
1048 5684 1311 5771 je'ctorum
1339 5699 1601 5771 locorum,
1624 5684 2030 5771 παρακείμενον
2050 5684 2194 5771 vulg.
2268 5687 2311 5771 ξθ
2353 5685 2572 5771 tigillo:
2598 5684 2671 5771 R3
2697 5687 2902 5771 ἐκεῖνον
2921 5684 3067 5771 γυίεο

2540 5606 2750 5685 legebat
2791 5633 2804 5668 :
2839 5617 2902 5667 ὲκ
2947 5609 3234 5685 τοσαύτης.
3259 5678 3284 5685 _
3316 5606 3634 5685 ιτπερικεί-

3145 5677 3188 5714 ’⁵
3226 5678 3324 5748 τῆς
3351 5677 3634 5750 συμφορᾶς

372 5748 626 5826 adite?
825 5748 1751 5840 calamitatis.
1827 5748 1969 5840 ’θ’τά
2004 5779 2063 5840 τε
2094 5748 2216 5840 θεξά
2267 5756 2502 5840 ἀφειδῶς
2531 5757 2600 5840 β,
2636 5748 2869 5825 ἀφειδῶς
2890 5753 2959 5806 τά
2986 5748 3042 5805 τέ
3070 5752 3188 5805 θεῖα
3220 5751 3365 5820 vulg.
3426 5748 3485 5781 ’²¹
3541 5748 3634 5801 καὶ

378 5848 504 5908 post
560 5841 658 5896 νῦν
694 5841 751 5896 δέ
773 5841 881 5896 ins.
909 5827 975 5896 'ex
1010 5838 1075 5895 Β.
1153 5841 1198 5870 ³⁸
1230 5837 1477 5906 βλοσυρώ
1517 5836 1583 5894 Β.
1645 5845 1696 5891 et
1726 5851 1868 5892 corr.
1902 5832 2104 5904 Lugd.,
2142 5827 2423 5902 βλοσσυρώ
2455 5827 2600 5897 vulg.
