4030 6430
513 358 651 426 1335

1697 359 2056 420 AGATHLE
2085 359 2580 433 SCHOLASTIQI

3647 358 3796 425 1336

503 473 689 529 bestiae
721 469 1045 535 dilaniabat,
1092 479 1509 539 promanantem
1557 472 1765 527 saniem
1809 471 2074 536 lambens,

2185 470 2324 525 ὥστε
2353 472 2542 542 ἀμέλει
2571 473 2665 526 καὶ
2694 471 2801 525 τῶν
2844 469 3058 534 οἰκείων
3105 468 3280 540 μελῶν
3349 468 3792 538 ἀπογεύσασθαι.

501 574 664 630 atque
691 562 764 616 ita
801 561 884 616 sui
915 560 1086 631 ipsius
1115 569 1273 616 satur
1299 560 1668 630 paulatimque
1695 561 2088 616 contabescens

2207 563 2497 633 Ἐχόμενος
2519 564 2628 635 γὰρ
2652 564 2780 630 ὀδὰξ
2809 563 2916 618 τῶν
2947 562 3248 634 βραχιόνων
3270 561 3365 616 καὶ
3408 561 3658 616 διασπῶν
3683 562 3797 626 τὰς

506 655 818 710 miserrime
834 654 1014 723 periit.
1029 651 1295 708 Exstincti
1315 667 1442 708 vero
1455 661 1584 708 sunt
1602 653 1900 709 universim
1921 653 2074 709 etiam

2196 655 2423 727 σάρκας,
2457 655 2869 725 κατεϐίϐρωσκε
2899 673 2962 724 γε
3006 654 3396 726 αὐτὰς-ὥσπερ
3434 654 3629 726 θηρίον
3666 655 3798 709 δια-

505 745 710 806 caeteri,
735 743 870 802 nihil
909 744 1124 813 penitus
1156 758 1215 799 se
1237 743 1544 798 remittente
1573 743 1738 810 malo,
1769 743 1942 798 donec
1969 759 2086 798 om-

499 851 598 890 nes
635 836 984 900 interierunt;
1015 848 1079 888 ac
1106 833 1255 893 febre
1279 834 1498 904 quidem
1533 833 1754 904 plurimi
1775 833 1972 900 pressi,
1996 848 2088 888 sa-

497 944 566 983 na
593 938 771 988 tamen
797 937 978 985 mente
1009 926 1324 996 perierunt;
1345 926 1640 988 nonnullos
1666 937 1846 990 autem
1874 926 2086 998 gravis-

496 1021 634 1075 sima
683 1019 972 1090 apoplexia
1025 1018 1236 1085 alllixit,
1276 1019 1414 1074 alios
1453 1019 1650 1089 capitis
1684 1017 1943 1089 gravedo,
1979 1017 2081 1088 71

2191 746 2538 818 λιχμώμενος
2570 749 2615 781 ³³
2650 747 2742 800 τὸν
2787 748 2992 818 ἰχῶρα..
3043 745 3201 800 Οὕτω
3245 747 3301 800 δέ
3344 746 3556 802 ¹ἑαυτοῦ
3609 750 3798 818 ἐμπι-

2193 833 2492 904 πλάμενος,
2524 837 2621 889 καὶ
2650 836 3030 908 κατασμικρδν
3060 834 3442 905 ύποφθινύθων
3466 835 3536 900 ’⁸,
3565 837 3796 907 οίκτρὸο

2189 943 2330 980 τατα
2369 927 2601 982 amato.
2632 927 2933 999 Ἔθνησκον
2963 927 3022 980 δὲ
3069 927 3234 998 χύδην
3272 928 3369 981 καὶ
3389 929 3436 980 οἱ
3475 927 3655 994 ἀλλοι,
3682 929 3793 979 οὑ-

2182 1017 2358 1071 δενὸτι
2395 1018 2490 1072 καὶ
2512 1019 2752 1082 ἀνιέντος
2798 1018 2893 1072 τοῦ
2922 1018 3116 1084 κακοῦ,
3147 1018 3252 1083 ἕως
3279 1018 3518 1084 ἅπαντες
3554 1019 3793 1086 διεφθά-

499 1108 649 1183 alios.
679 1108 957 1169 delirium.
993 1106 1172 1170 Variis
1203 1109 1349 1163 enim
1383 1109 1591 1169 morbis
1621 1108 1966 1172 laborabant,
1987 1110 2074 1164 sed

2186 1125 2378 1178 ρησαν.
2416 1109 2526 1162 Καὶ
2571 1109 2793 1180 πυρετῷ
2844 1111 2944 1180 μὲν
2974 1111 3023 1163 οἱ
3080 1109 3323 1163 πλεῖστοι
3359 1109 3680 1180 πιεζόμενοι
3714 1111 3788 1173 ³⁵,

496 1199 759 1255 omnibus
797 1200 852 1254 in
899 1200 1197 1271 perniciem
1231 1200 1630 1267 desinentibus.
1664 1199 1950 1267 Leutharis
1978 1199 2083 1254 ita-

491 1303 600 1358 que
643 1290 850 1360 quique
885 1305 1011 1351 eum
1051 1290 1423 1360 sequebantur
1454 1291 1726 1360 expeditio
1765 1289 2080 1360 bujusmodi

497 1377 882 1433 calamitosum
917 1377 1109 1434 habuit
1133 1379 1362 1443 exitum.

2185 1201 2445 1272 νηφαλέοι
2498 1219 2561 1272 γε
2599 1203 2749 1274 ὅμως
2792 1201 3128 1256 ἀπώλλυντο.
3168 1203 3364 1266 Ἐνίοις
3404 1204 3463 1256 δὲ
3505 1203 3600 1264 καὶ
3635 1204 3788 1265 ἀπο-γ

2186 1289 2389 1359 πληξία
2405 1291 2739 1362 ἐνέσκηπτεν
2773 1291 2989 1366 ἰσχυρὰ,
3012 1293 3105 1345 καὶ
3135 1290 3343 1364 ἑτέροις
3359 1291 3683 1362 καρηϐαρία
3712 1291 3786 1354 ’⁸,

2188 1381 2286 1441 καὶ
2301 1379 2694 1453 παραφροσύνη
2715 1383 3174 1453 ἐτέροις.Ποικίλα
3199 1381 3298 1452 μὲν
3315 1381 3425 1452 γὰρ
3461 1381 3647 1445 αὐτοῖς
3677 1383 3788 1434 ἐπ-

489 1470 718 1541 εφόρετο
754 1471 798 1531 'f'
833 1470 1001 1541 πάθη,
1034 1471 1250 1526 ἅπαντα
1282 1472 1339 1526 δὲ
1393 1473 1474 1536 εἰς
1503 1471 1722 1544 ὄλεθρον
1741 1473 2086 1546 ἀπεκρίνετο,
2113 1475 2398 1548 Λευθαρίῳ
2465 1475 2562 1546 μὲν
2592 1471 2684 1538 οὖν
2715 1479 2809 1532 καὶ
2840 1476 2918 1548 τῷ
2959 1478 3008 1530 οἱ
3043 1476 3294 1548 ἑπομένῳ
3332 1476 3528 1546 ὁμίλῳ,
3571 1477 3632 1540 ἐς
3659 1474 3786 1528 τόδε

495 1562 676 1633 τύχης
730 1561 801 1627 τὰ
850 1562 949 1634 τῆς
999 1565 1356 1635 ἐκστρατείας
1412 1565 1691 1622 ἐτελεύτα.

567 1656 624 1710 4.
655 1654 794 1719 Dum
828 1671 958 1720 vero
988 1657 1105 1713 haec
1151 1659 1208 1713 in
1246 1657 1468 1713 Venetia
1497 1659 1844 1731 contingunt,
1889 1661 2083 1718 Butilio,
2113 1669 2156 1724 Β

491 1763 598 1807 nus
623 1747 760 1802 alter
789 1747 901 1816 dux
923 1747 1136 1820 oppidis
1159 1749 1507 1821 castellisque
1535 1753 1924 1822 propemodum
1957 1769 2076 1808 om-

491 1837 656 1907 nibus
699 1839 763 1893 ad
817 1837 1064 1904 Siculum
1102 1839 1302 1896 fretum
1362 1856 1532 1912 usque
1586 1843 1834 1910 vastatis,
1887 1845 2074 1898 statim

490 1945 659 2001 quam
692 1931 956 1987 citissime
983 1931 1338 2002 Campaniam
1356 1948 1546 1988 versus
1571 1942 1626 1989 et
1651 1935 1881 1990 Romam
1912 1952 1970 1992 se
1999 1952 2078 1992 re-

487 2019 651 2091 cepit.
685 2019 992 2076 Inaudierat
1018 2021 1164 2091 enim
1192 2021 1438 2094 Narsetis
1463 2031 1518 2098 et
1547 2023 1891 2098 imperatoris
1919 2040 2078 2080 exer-

499 2112 644 2173 citus
664 2126 729 2166 eo
758 2097 1103 2180 convenisse,
1135 2121 1188 2167 et
1227 2097 1492 2169 statutum
1531 2123 1650 2170 erat
1677 2130 1787 2171 non
1831 2114 2076 2182 cunctari

488 2206 719 2276 diutius,
754 2223 934 2278 neque
967 2207 1136 2262 animi
1168 2207 1425 2278 pendere,
1461 2205 1556 2266 sed
1583 2208 1648 2266 in
1671 2209 1844 2265 aciem
1871 2210 2078 2265 instru-

486 2297 591 2376 ctis
628 2299 884 2366 omnibus
927 2300 1100 2370 copiis
1149 2300 1217 2356 de
1259 2316 1443 2355 rerum
1489 2317 1708 2357 summa
1760 2302 2074 2367 decertare,

485 2391 929 2461 quandoquidem
955 2406 1065 2454 non
1098 2391 1325 2466 minima
1363 2393 1670 2449 excerci.us
1702 2393 1795 2462 qui
1817 2393 1866 2448 ei
1889 2392 2078 2448 aderat

481 2498 613 2554 pars
641 2483 835 2539 morbo
861 2495 1118 2556 correpta
1143 2466 1456 2549 interierat.
1487 2483 1761 2556 Ver-gente
1793 2485 1937 2553 enim
1963 2484 2077 2555 jam

490 2582 684 2631 :estate
717 2584 773 2631 et
792 2583 1058 2632 autumno
1082 2577 1324 2641 ineunte,
1348 2578 1520 2633 vineae
1550 2577 1767 2648 quidem
1799 2577 1919 2644 uvis
1939 2590 2079 2630 onu-

488 2675 591 2721 stm
615 2676 776 2724 erant
797 2684 814 2734 ;
839 2666 892 2722 bi
910 2681 1038 2722 vero
1067 2668 1250 2739 inopia
1277 2669 1504 2724 aliarum
1530 2683 1710 2724 rerum
1743 2671 2076 2738 necessaria-

483 2774 607 2814 rum
639 2756 842 2829 (omnis
871 2760 1022 2814 enim
1049 2769 1390 2816 commeatus
1415 2775 1512 2830 per
1538 2756 1818 2816 Narsetem
1840 2759 2079 2830 pruden-

485 2850 703 2912 tissime
725 2861 1029 2921 praereptus
1051 2852 1212 2922 erat),
1237 2852 1445 2908 avulsis
1475 2852 1620 2919 uvis,
1648 2846 1924 2922 succoque
1956 2866 2076 2906 ma-

483 2941 651 3004 nibus
685 2956 968 3012 expresso,
999 2951 1183 2998 musto
1222 2957 1341 2998 sese
1371 2943 1802 3014 ingurgitabant,
1833 2941 2072 2998 odorife-

2259 1659 2342 1734 [P.
2371 1659 2464 1731 59]
2500 1659 2562 1714 δ’.
2611 1657 2701 1713 Ἐν
2726 1652 2771 1726 ᾧ
2797 1659 2856 1716 δὲ
2889 1658 3061 1714 ταῦτα
3104 1661 3160 1714 ἐν
3204 1657 3424 1728 Βενετίᾳ
3465 1656 3784 1721 ξυνέϐαινε,

2178 1753 2481 1816 Βουτιλῖνος
2497 1753 2688 1823 ἅτερος
2709 1752 2754 1784 ’⁸
2778 1751 3102 1823 στρατηγὸς,
3119 1751 3187 1804 τὰ
3218 1751 3379 1822 μέχρι
3401 1749 3495 1803 τοῦ
3523 1750 3786 1818 πορθμοῦ

2178 1847 2279 1916 τῆς
2308 1843 2555 1908 Σικελίας
2597 1844 2906 1914 πολίσματά
2950 1861 3009 1898 τε
3059 1843 3155 1896 καὶ
3197 1842 3434 1915 φρούρια
3486 1842 3676 1912 σχεδόν
3718 1860 3775 1896 τι

2179 1935 2393 1990 ἅπαντα
2423 1935 2825 2006 λυμηνάμενος,
2869 1935 3093 2006 ἐπανῄει
3119 1929 3276 2000 αὖθις
3313 1933 3389 1998 ὡς
3412 1933 3647 2005 τάχιστα
3686 1934 3775 1988 ἰθὺ

2180 2026 2512 2103 Καμπανίας
2534 2044 2593 2080 τε
2619 2027 2713 2085 καὶ
2745 2026 2982 2099 Ῥώμης.
3021 2025 3279 2098 Ἠκηκόει
3300 2025 3410 2098 γὰρ
3430 2024 3522 2079 τὸν
3543 2025 3782 2096 Ναρσῆν

2180 2122 2275 2176 καὶ
2297 2121 2394 2184 τὰς
2423 2119 2690 2190 βασιλέως
2711 2120 2970 2196 δυνάμεις
2997 2119 3164 2173 αὑτοῦ
3195 2135 3298 2180 που
3325 2118 3635 2190 ῂθροῖσθαι.
3666 2119 3782 2171 Καὶ

2180 2211 2444 2282 ἠϐούλετο
2477 2212 2552 2284 μὴ
2589 2212 2806 2283 μέλλειν
2839 2211 2918 2264 ἔτι
2964 2211 3098 2283 μηδέ
3140 2211 3396 2276 ἀλᾶσθαι,
3432 2211 3571 2275 ἀλλά
3603 2211 3779 2265 παντὶ

2177 2304 2258 2376 τῷ
2292 2304 2508 2376 στρατῷ
2537 2302 3016 2375 παραταξάμενος,
3046 2303 3138 2357 τὸν
3167 2304 3308 2375 ὑπὲρ
3345 2302 3456 2356 τῶν
3485 2304 3627 2358 ὅλων
3658 2304 3781 2356 κίνδ-

2179 2396 2334 2451 δυνον
2372 2397 2704 2470 ἀναρρίψαι·
2751 2396 2874 2448 ἐπεὶ
2908 2395 3003 2448 καὶ
3049 2394 3215 2466 μέρος
3253 2412 3308 2448 τι
3345 2397 3446 2449 οὐκ
3484 2395 3779 2464 ἐλάχιστον

2180 2489 2275 2542 καὶΙ
2301 2488 2400 2559 τῆς
2445 2489 2582 2558 ἀμφ’
2622 2487 2785 2542 αὐτὸν
2837 2487 3096 2555 στρατιᾶς
3143 2485 3283 2556 νόσῳ
3334 2484 3629 2540 ἐαλώκει²⁹
3677 2484 3777 2540 καὶ

2179 2577 2534 2649 διεφθείρετο.
2576 2577 2715 2649 Ἤδη
2746 2576 2855 2649 γὰρ
2887 2575 2982 2629 τοῦ
3014 2574 3208 2645 θέρους
3236 2575 3516 2646 λήγοντος,
3552 2577 3650 2629 καὶ
3675 2574 3774 2641 τοῦ

2179 2669 2523 2742 φθινοπώρου
2565 2668 2894 2742 ἀρχομένου,
2944 2668 3001 2722 αί
3046 2666 3146 2737 μὲν
3189 2665 3425 2737 ἄμπελοι
3456 2665 3533 2738 τῷ
3569 2667 3775 2740 καρπῷ

2180 2761 2486 2830 ἐδρίθοντρ,
2541 2761 2591 2814 οἱ
2643 2759 2702 2812 δὲ
2734 2759 2777 2790 ³⁰
2835 2759 2991 2829 χήτει
3041 2756 3150 2810 τῶν
3212 2756 3387 2811 ἄλλων
3443 2758 3774 2827 ἐπιτηδείων

2182 2853 2426 2924 (ἅπαντα
2479 2852 2587 2922 γὰρ
2651 2850 2728 2921 τῷ
2777 2851 2969 2922 Ναρσῇ
3033 2849 3445 2920 ἐμφρονέστατα
3503 2850 3774 2922 προδιήρ-

2180 2946 2400 3016 παστο),
2435 2945 2486 2998 οἱ
2527 2943 2586 2996 δέ
2613 2943 2740 3006 τοὺς
2773 2925 2969 3014 βότρυς
2984 2941 3026 2973 ³³
3063 2939 3480 3022 ἀφαιρούμενοι,
3523 2942 3619 2994 καὶ⁵
3647 2945 3774 3008 ταῖς

478 3045 604 3091 rum
629 3006 836 3096 vinum,
872 3006 1020 3101 quod
1052 3030 1229 3105 Graeci
1258 3006 1562 3102 ἀνθοσμίαν
1586 3006 1806 3100 vocant,
1834 3048 1900 3088 ex
1933 3042 2069 3087 tem-

2178 3038 2332 3111 χερσὶ
2358 3006 2784 3100 ’δια-θλίϐοντες(
2806 3006 3163 3106 ἐνεφοροῦντο*
3201 3006 3625 3102 τοῦτγλεύκους,
3667 3006 3773 3088 ab;

478 3137 614 3195 pore
646 3123 1000 3182 conﬁcientes
1033 3140 1048 3192 ;
1080 3123 1228 3187 unde
1265 3124 1746 3181 vehementissimo
1794 3126 1897 3180 alvi
1942 3141 2070 3196 pru-

469 3209 648 3283 rﬂuvio
671 3209 996 3290 laborarunt
1023 3227 1037 3277 ;
1064 3219 1119 3265 et
1148 3211 1394 3285 npnuulli
1428 3211 1648 3282 quidem
1674 3226 1863 3267 eorum
1895 3228 1962 3267 eo
1985 3214 2072 3268 in-

477 3301 770 3378 terierunt,
803 3302 1049 3379 nonnelli
1066 3302 1228 3366 etiam
1253 3302 1694 3376 supervixerunt.
1738 3301 2070 3370 Priusquam

477 3394 667 3464 itaque
692 3393 783 3450 bie
804 3392 1030 3472 morbus
1057 3407 1251 3466 omnes
1275 3394 2069 3472 pervaderet,cornmittendum

478 3489 585 3548 sibi
616 3505 945 3562 quocunque
980 3498 1176 3564 eventu
1212 3491 1456 3567 praelium
1489 3492 1765 3550 censebat.
1803 3490 2069 3559 Quocirca

477 3599 604 3647 cum
619 3586 672 3639 in
685 3585 1040 3656 Campaniam
1053 3587 1309 3656 venisset,
1325 3596 1504 3654 castra
1518 3602 1626 3642 non
1640 3588 1870 3657 procula
1884 3588 2070 3659 Capua

476 3676 613 3733 urbe
641 3677 779 3743 ﬁxit,
797 3678 862 3732 ad
886 3678 1034 3754 ripas
1054 3677 1294 3734 Casulini
1313 3678 1571 3755 ﬂuminis,
1595 3679 1740 3748 quod
1757 3680 1974 3750 quidem
2003 3697 2071 3750 ex

475 3769 765 3840 Apennino
802 3779 985 3837 monte
1013 3769 1207 3838 tinens,
1253 3779 1308 3826 et
1337 3785 1436 3840 per
1469 3771 1576 3842 72
1618 3772 2072 3843 circumiacentes

472 3879 700 3936 campos
729 3864 974 3931 ﬂexuose
1002 3864 1214 3928 labens,
1243 3863 1298 3918 in
1326 3861 1668 3935 Tyrrhenum
1696 3880 1846 3919 mare
1870 3863 2067 3922 fertur.

477 3953 580 4014 Hic
597 3955 781 4026 itaque
810 3955 990 4023 locato
1014 3955 1276 4026 exercitu,
1303 3956 1481 4030 valido
1506 3971 1631 4011 eum
1650 3957 1793 4011 vallo
1811 3957 2065 4022 munivit,

473 4058 671 4108 natura
688 4047 792 4103 loci
806 4046 1224 4114 l‘r.etus,Fluviu_s
1237 4047 1382 4115 enim
1399 4047 1577 4122 ips‘iad
1593 4047 1840 4102 dextram
1858 4047 2067 4116 labens,

479 4139 881 4210 propugnaculi
904 4140 1026 4208 loco
1041 4155 1161 4206 esse
1183 4139 1489 4210 videbatur,
1511 4155 1580 4212 ne
1604 4139 1728 4210 quis
1747 4155 1808 4196 ea
1837 4156 1902 4196 ex
1919 4149 2072 4211 parte

477 4232 804 4302 adoriretur,
839 4241 893 4298 et,
936 4248 1224 4300 curruum,
1245 4248 1482 4303 quorum
1508 4232 1799 4292 maximam
1832 4232 2069 4296 habebat

2173 3128 2608 3202 τοσχεδιάζοντες
2637 3125 2726 3180 τὸν
2758 3123 3080 3195 ἀνθοσμίαν.
3133 3124 3374 3177 Ἐνθένδε
3416 3141 3474 3176 τε
3511 3125 3700 3187 αὐτοῖς
3723 3117 3769 3155 ³⁸

2174 3226 2207 3295 ἠ
2233 3222 2447 3293 γαστὴρ
2469 3219 2710 3290 ἐπιμέγα
2741 3218 2970 3287 ἐφέρετο
2997 3217 3091 3270 καὶ
3111 3216 3336 3287 διέρρει,
3368 3215 3461 3269 καὶ
3494 3215 3555 3268 τὸ
3587 3217 3690 3287 μέν
3715 3233 3770 3270 τι

2176 3312 2357 3369 αὐτῶν
2383 3310 2646 3382 ἐθνησκεν
2677 3309 2896 3374 αὐτίκα,
2933 3303 3074 3380 ἦσαν
3102 3307 3160 3362 δέ
3195 3307 3245 3360 οἳ
3279 3307 3374 3360 καὶ
3405 3305 3764 3376 διεγίγνοντο.

2175 3405 2314 3477 Πρίν
2364 3419 2428 3472 γε
2467 3401 2533 3473 δὴ
2576 3397 2670 3456 οὖν
2719 3400 2814 3454 καὶ
2867 3400 3074 3454 ἅπασιν
3121 3399 3410 3469 ἐκνικῆσαι
3452 3399 3513 3451 τὸ
3567 3398 3765 3463 πάθος,

2175 3493 2347 3547 ἐδόκει
2375 3494 2426 3546 οἱ
2461 3489 2601 3548 εἶναι
2629 3493 2942 3562 πολεμητέα
2967 3493 3024 3554 ἐς
3052 3491 3080 3545 ὅ
3106 3507 3159 3544 τι
3187 3489 3403 3560 ἐκϐαίη.
3447 3491 3556 3542 Καὶ
3582 3488 3767 3544 τοίνυν

2176 3585 2506 3665 ἀφικόμενος
2539 3586 2598 3648 ἐς
2629 3582 2984 3655 Καμπανίαν,
3018 3580 3502 3654 στρατοπεδεύεται
3531 3581 3592 3634 ού
3625 3581 3765 3652 πόῤ-

2179 3680 2258 3748 ῥω
2288 3676 2520 3748 Καπύης
2538 3676 2584 3709 ³³
2625 3679 2725 3748 τῆς
2753 3676 2981 3741 πόλεως,
3014 3676 3158 3748 ἀμφὶ
3184 3675 3284 3738 τὰς
3311 3674 3479 3749 ὄχθας
3506 3674 3603 3728 τοῦ
3643 3677 3766 3728 Κα-

2177 3769 2420 3824 σουλίνου
2464 3769 2714 3840 ποταμοῦ
2739 3785 2753 3800 '
2805 3769 2866 3831 ὃς
2915 3769 2980 3840 δὴ
3029 3768 3167 3838 ῥέων
3211 3768 3277 3821 ἐκ
3319 3766 3414 3820 τοῦ
3457 3767 3622 3838 ὅρους
3667 3767 3764 3821 τοῦ

2186 3861 2522 3928 Ἀπινναίου,
2573 3862 2668 3914 καὶ
2715 3862 2820 3915 ἀνὰ
2864 3859 2932 3914 τά
2975 3859 3160 3931 ἐκείνῃ
3212 3859 3371 3913 πεδία
3419 3858 3766 3928 περιελιττὸφ

2175 3973 2357 4026 μενος,
2387 3958 2446 4020 ἐς
2471 3955 2570 4026 τὴν
2595 3954 2944 4026 Τυρσηνικὴν
2961 3953 3008 3986 ³⁸
3038 3953 3262 4025 φέρεται
3299 3951 3592 4006 θάλατταν.
3639 3950 3763 4005 Ἐν·-

2168 4049 2344 4104 ταῦθα
2400 4047 2465 4118 δὴ
2509 4042 2603 4101 οὖν
2640 4047 2863 4119 ἱδρύσας
2903 4045 2993 4099 τὸν
3044 4044 3292 4114 στρατὸν,
3337 4041 3654 4114 χαράκωμά
3699 4059 3760 4095 τε

2169 4140 2526 4212 περιεϐάλετο
2552 4139 2843 4210 καρτερὸν,
2874 4138 2971 4190 καὶ
3006 4135 3286 4189 ἐπεποίθει
3311 4135 3390 4206 τῷ
3419 4132 3584 4206 χώρῳ
3596 4135 3639 4166 ³⁵
3667 4151 3684 4166 ο
3731 4136 3762 4188 ὁ

2167 4231 2276 4302 γὰρ
2304 4230 2548 4302 ποταμὸς
2578 4229 2726 4300 αὐτῷ
2753 4229 2811 4282 ἐν
2837 4227 2987 4297 δεξιᾷ
3015 4226 3300 4298 ὑπορρέων
3333 4227 3448 4279 ἀντ’
3482 4224 3761 4296 ἐρύματος

474 4323 613 4388 vim,
629 4334 781 4379 rotas
801 4325 994 4386 ordine
1017 4326 1158 4392 inter
1185 4341 1246 4380 se
1266 4333 1548 4390 consertas
1571 4324 1689 4396 solo
1705 4325 1900 4393 inﬁxit,
1922 4335 2063 4394 terra

2178 4304 2308 4376 εἶναι
2350 4322 2524 4376 ἐδόκει
2547 4321 2642 4374 τοῦ
2684 4321 2758 4390 μή
2786 4337 2906 4387 τινα
2931 4318 3163 4382 ἐπιέναι,
3201 4318 3298 4371 καὶ
3328 4317 3456 4381 τοὺς
3489 4317 3598 4370 τῶν
3621 4317 3764 4387 ἀμα-

477 4417 544 4472 ad
573 4417 844 4474 modiolos
873 4426 1115 4474 rotarum
1141 4433 1315 4489 usque
1337 4427 1574 4490 aggesta,
1600 4419 1674 4474 ita
1702 4427 1763 4478 ut
1783 4419 2073 4478 circumfe-

477 4508 678 4563 rentia:
704 4508 929 4569 dimidia
963 4518 1170 4570 tantum
1203 4525 1330 4580 pars
1374 4519 1615 4578 exstaret
1635 4519 1690 4566 et
1715 4513 2066 4581 promineret.

477 4593 596 4660 llis,
613 4594 859 4664 inquam,
875 4595 1103 4668 aliisque
1118 4584 1307 4662 multis
1323 4596 1595 4666 stipitibus
1609 4613 1731 4668 cum
1749 4599 2068 4664 universum

475 4683 776 4737 exercitum
808 4685 1221 4749 communisset,
1250 4685 1454 4740 exitum
1489 4687 1778 4762 quemdam
1815 4703 1924 4744 non
1949 4688 2060 4744 val-

477 4771 549 4826 de
579 4773 822 4842 amplum
874 4789 1052 4844 neque
1077 4775 1187 4847 ullo
1237 4783 1390 4846 septo
1426 4775 1774 4848 obstructum
1823 4779 2061 4851 reliquit,

483 4869 546 4916 ut
590 4876 687 4934 per
721 4879 849 4918 eum
886 4864 1044 4930 facile
1082 4866 1296 4933 liceret,
1342 4866 1386 4922 si
1434 4867 1650 4946 liberet,
1687 4884 1955 4927 excursus
2007 4857 2062 4926 in

475 4955 663 5020 hostes
698 4965 755 5011 et
793 4970 1050 5027 recursus
1081 4957 1282 5029 facere.
1309 4956 1386 5013 Ne
1402 4974 1533 5014 vero
1566 4974 1701 5029 pons
1731 4977 1840 5030 quo
1867 4961 2065 5023 ﬂuvius

477 5050 598 5097 erat
652 5050 860 5101 stratus
902 5045 1266 5103 incustoditus
1313 5057 1494 5115 esset,
1530 5065 1665 5104 neve
1696 5065 1759 5105 ea
1801 5067 1868 5107 ex
1911 5035 2064 5123 parte

477 5131 744 5189 damnum
772 5136 1061 5206 acciperet,
1099 5137 1246 5198 hunc
1271 5139 1434 5213 etiam
1462 5149 1824 5211 praeoccupat,
1865 5153 1919 5198 et
1939 5155 2057 5196 tur-

478 5239 540 5278 re
588 5227 822 5295 quadam
873 5229 1050 5301 lignea
1100 5229 1154 5284 in
1191 5244 1258 5298 eo
1293 5241 1568 5305 exstructa
1609 5216 1865 5289 strenuos
1909 5235 1963 5288 in
1993 5249 2057 5289 ea

2171 4413 2276 4487 ξῶν
2305 4412 2555 4484 τροχοὺς,
2592 4411 2660 4475 ἃς
2683 4410 2747 4482 δὴ
2775 4411 2851 4476 ὡς
2879 4411 3138 4476 πλείστας
3172 4411 3432 4480 ἐπήγετο,
3474 4410 3758 4480 στοιχηδὸν

2168 4507 2226 4570 ἐς
2255 4505 2516 4578 ἀλλήλους
2536 4505 2805 4577 ἁρμόσας,
2831 4502 3060 4572 ἐνέπηξε
3091 4502 3160 4557 τὰ
3178 4503 3355 4557 ὀπίσω
3374 4503 3418 4535 ³⁸
3442 4501 3520 4574 τῷ
3543 4503 3756 4574 ἐδάφει,

2165 4597 2294 4668 ἄχρι
2338 4598 2436 4665 καὶ
2479 4599 2538 4661 ἐς
2584 4597 2682 4663 τὰς
2727 4596 2983 4666 πλήμνας
3018 4593 3358 4667 περιχώσας,
3395 4595 3470 4659 ὡς
3509 4595 3646 4666 μόνα
3684 4595 3758 4650 τὰ

2164 4686 2470 4757 ἡμικύκλια
2503 4685 2860 4756 ὑπερανέχειν
2905 4683 3004 4740 καὶ
3049 4683 3478 4755 προϐεϐλῆσθαι.
3528 4683 3758 4748 Τούτοις

2165 4774 2230 4846 δὴ
2265 4771 2360 4830 οὖν
2390 4774 2488 4829 καὶ
2515 4774 2725 4847 ἑτέροις
2751 4773 2930 4839 ξύλοις
2957 4773 3179 4836 πολλοῖς
3219 4775 3366 4830 ἆπαν
3393 4773 3455 4827 τὸ
3489 4775 3756 4847 στράτευ-

2169 4884 2247 4938 μα
2281 4866 2621 4939 ἐρυμνώσας,
2672 4865 2848 4940 ἔξοδόν
2884 4883 3006 4920 τινα
3042 4867 3103 4920 ού
3140 4866 3284 4937 μάλα
3319 4867 3536 4937 εὐρεῖαν
3575 4885 3754 4922 κατα-

2165 4956 2414 5011 λέλοιπεν
2460 4957 2624 5029 κενὴν
2669 4958 2780 5028 τῶν
2809 4959 3304 5034 περιφραγμάτων,
3361 4957 3435 5020 ὡς
3465 4958 3532 5010 ἐκ
3582 4959 3754 5028 τῆσδε

2164 5045 2352 5108 αὐτοῖς
2377 5044 2523 5117 ἐξείη
2556 5046 2755 5119 ῥαδίως
2847 5047 3122 5117 βούλοιντο
3148 5050 3291 5105 κατὰ
3323 5049 3432 5102 τῶν
3473 5050 3754 5121 πολεμίων

2165 5138 2390 5207 ἐφόδους
2431 5156 2493 5192 τε
2540 5141 2634 5194 καὶ
2677 5140 2968 5204 ἐπανόδους
3015 5141 3308 5197 ποιεῖσθαι.
3359 5143 3549 5207 Ὅπως
3588 5144 3647 5197 δὲ
3684 5144 3753 5198 ἃν

2166 5228 2315 5300 αὐτῷ
2345 5231 2481 5301 μηδὲ
2521 5231 2592 5285 τὰ
2620 5232 2719 5302 τῆς
2745 5230 2992 5303 γεφύρας
3039 5231 3137 5286 τοῦ
3169 5231 3416 5304 ποταμοῦ
3463 5233 3752 5304 ἀφύλακτα

1793 5387 2030 5470 ἚῘΑΒΙᾸΕ
2079 5387 2483 5470 LECTIONES.

551 5519 1059 5599 ²⁸διαλικμωμένος
1089 5524 1168 5599 ΑΒ.
1241 5522 1292 5555 ³⁸
1312 5523 1718 5599 ς›.·ιζιο‹ρθινύθιιι›νΔ
1766 5527 1833 5597 Β,
1877 5526 2290 5599 ὑποφθιννύθων
2343 5526 2490 5599 vulg.
2566 5526 2615 5599 ’ξ
2655 5527 2978 5599 πιεζόμενοι
3030 5526 3107 5599 Β,
3155 5527 3330 5599 Lugd.
3381 5528 3532 5599 (CL),
3578 5529 3747 5598 impr.

479 5589 788 5668 degravant,
809 5589 934 5646 Par.
967 5592 1284 5664 πεσόμενοι,
1312 5593 1410 5648 Ed.
1442 5589 1528 5664 pr.
1553 5589 1897 5666 'mecépev'et.
1973 5589 2020 5631 ⁸⁸
2042 5599 2153 5666 καρ

483 5659 788 5700 επετηέηητη
844 5663 944 5700 add
1056 5664 1101 5696 η
1150 5664 1336 5700 Sectam-
1391 5664 1431 5700 Ω
1530 5665 1574 5696 19
1610 5665 1863 5700 ἓιηὶιῖινε.
1940 5667 1978 5700 Ω
2105 5668 2152 5700 εο

1301 5734 1368 5798 R,
1393 5735 1670 5810 βαπούης
1725 5737 1896 5810 νιιιε.-
1949 5737 1994 5770 ³⁸
2023 5738 2310 5810 Τυρσηνὴν
2466 5734 2751 5810 θάλασσαν
2919 5734 2979 5770 ’³⁵
3005 5734 3082 5809 τῷ
3104 5739 3289 5809 χωρίῳ

1324 5812 1367 5843 ³⁸
1391 5806 1496 5861 Pro
1534 5805 1602 5860 τὰ
1623 5806 1717 5862 ὀπ.
1752 5806 1798 5861 R
1829 5805 1912 5860 τὰ
1946 5805 2301 5881 ἐπισώτεραε
2333 5807 2629 5874 aberravit,
2655 5817 2712 5874 ut
2747 5807 2977 5875 videtur,
3008 5805 3136 5866 δ’τᾶ
3166 5805 3498 5883 ὁπίσώτερα,

483 5657 788 5754 Eripiente
844 5663 968 5717 edd.
1056 5657 1336 5735 ’δ’ἐτερος
1390 5657 1464 5718 ΒῙ
1530 5665 1574 5696 ³⁸
1610 5657 1869 5720 διαλώκει
1939 5667 2004 5721 Β.

559 5730 736 5764 mnu...“
776 5730 815 5764 η
917 5732 1220 5764 μνη-,τηρ
1301 5734 1339 5764 ιὶ
1404 5735 1670 5764 ν---.ι...-
1725 5737 1852 5764 ....r...
1949 5737 1994 5764 at

489 5730 534 5754 "
559 5730 736 5785 αὐτῶν
775 5730 842 5785 R.
917 5732 962 5764 ³³
985 5733 1147 5788 Καπύ
1193 5752 1220 5797 ς

480 5810 542 5866 ῃ
566 5799 670 5880 γὰρ
704 5803 847 5879 vulg.
884 5753 1243 5875 διαρρέωνηιὶ.

2156 5598 2382 5721 ⁴νὶξαρεῖν
2419 5595 2486 5651 Β.
2539 5595 2689 5666 αὐτῷ
2725 5595 2790 5650 R.
2829 5595 2837 5597 ⁷
2868 5598 2910 5628 ³⁷
2941 5595 3266 5668 ἐπεφέρετᾶ
3286 5598 3350 5659 R.
3386 5595 3560 5669 Lugd.
3597 5595 3746 5671 (CL).

2283 5669 2338 5721 in
2405 5683 2512 5721 mtz.
2564 5662 2633 5721 ἦν
2679 5667 2756 5721 δὲ.
2832 5667 2874 5698 ³³
2919 5667 3115 5721 Βότὸυς
3183 5667 3249 5721 Ib.
3307 5669 3542 5721 Βότουας
3597 5673 3742 5721 vuln.

2283 5669 2338 5721 in
2405 5683 2512 5737 mg.
2547 5662 2756 5746 'ﬁv'Gé.
2832 5667 2874 5698 ³³
2919 5662 3128 5750 βότρυς
3183 5667 3249 5732 ἰὴ
3305 5662 3542 5754 βότρυας
3597 5662 3742 5753 vulg:

2283 5756 2310 5790 ν
2350 5737 2415 5791 Β.
2475 5737 2751 5790 θάλασσαν
2791 5735 2855 5790 Β.
2935 5739 2979 5770 ³⁵
3005 5756 3082 5795 τω
3104 5739 3289 5795 γωρίω
3322 5739 3388 5794 [ἰ.
3412 5743 3442 5794 ὁ
3471 5755 3580 5795 γαρ
3621 5739 3685 5795 ﬂ.
3713 5756 3740 5794 ο

3375 5755 3580 5812 ,ογαρ
3621 5755 3740 5808 [ἥρ
