4030 6420
323 409 463 472 133Ἶ

1512 412 2053 475 HISTORIARUM
2077 418 2308 479 LIBER
2329 419 2410 479 ΙΙ.

3463 428 3594 490 1338

319 520 438 587 εἴη,
477 517 611 588 μηδέ
643 534 708 586 γε
742 518 952 574 ἐνθένδε
995 521 1344 591 πημαίνοιτο,
1387 526 1914 597 προκαταλαμϐάνει

2024 539 2280 596 quantum
2319 530 2438 585 ﬁeri
2469 539 2680 601 poterat
2704 531 3018 602 optimeque
3041 543 3279 590 armatos
3313 537 3458 592 viros
3484 538 3600 590 enl-

317 627 385 664 τι
408 610 595 681 αὐτὴν,
629 609 726 664 καὶ
758 610 965 683 πύργον
996 614 1118 667 τινὰ
1149 612 1358 678 ξύλινον
1382 615 1617 674 ἐνταῦθα
1645 622 1912 689 τεκτηνά-

326 718 509 771 μενος,
561 701 843 772 ἐφίστησιν
893 703 952 757 ἐν
997 704 1146 774 αὐτῷ
1188 705 1388 776 ἄνδρας
1432 708 1666 771 ὁπόσους
1692 703 1804 762 οἷόν
1846 709 1912 762 ’τε

316 790 393 864 ἦν
423 794 692 864 μαχίμους
717 812 779 848 τε
824 797 918 849 καὶ
962 797 1158 872 ἄριστα
1191 798 1568 868 ὡπλισμένους
1595 816 1611 832 ο
1661 801 1745 869 ἐφ’
1770 793 1815 868 ᾧ
1847 803 1912 855 ἐκ

318 887 423 941 τοῦ
453 887 726 958 ἀσφαλοῦς
761 889 1084 958 ἀμύνεσθαι,
1129 893 1224 944 καὶ
1269 892 1569 963 ἀπερύκειν
1613 895 1740 958 τοὺς
1777 894 1912 948 Ῥω-

329 981 528 1051 μαίους
560 980 985 1051 διαϐησιίοντας.
1017 981 1174 1036 Οὕτω
1200 983 1259 1036 δὲ
1289 985 1495 1038 ἕκαστα
1524 983 1748 1049 διαθεὶς,
1774 985 1913 1056 ᾤετό

321 1071 378 1121 ot
408 1069 476 1123 τὰ
509 1070 754 1140 παρόντα
775 1070 834 1124 ἐν
862 1071 1034 1124 δέοντι
1064 1073 1594 1140 παρεσκευάσθαιδτ,
1629 1073 1703 1137 ὡς
1730 1076 1823 1129 καὶ
1855 1077 1914 1128 ἐν

325 1159 478 1230 αὐτῷ
499 1159 565 1231 δή
601 1177 705 1213 που
755 1161 1072 1232 κεισόμενον
1115 1162 1353 1234 πολέμου
1388 1164 1780 1235 κατάρχεσθαι,
1814 1165 1913 1219 καὶ

319 1254 388 1304 οὐ
427 1252 693 1323 πρότερον
725 1251 904 1323 μάχης
937 1254 1224 1323 ἐσομένης,
1268 1255 1399 1324 πρὶν
1433 1254 1499 1308 ἂν
1532 1257 1723 1327 ἐκείνῳ
1757 1255 1841 1327 εἴη
1861 1253 1912 1288 ³⁸

328 1343 669 1415 βουλομένῳ.
703 1344 812 1397 Καὶ
842 1345 912 1398 τὰ
947 1345 1047 1415 μὲν
1071 1345 1215 1416 ἀμφὶ
1241 1346 1321 1417 τῷ
1351 1345 1567 1416 ἁδελφῷ
1609 1349 1666 1400 ἐν
1695 1347 1917 1418 Βενετίᾳ

326 1435 696 1506 ξυμϐαίνοντα
728 1435 812 1508 [Ρ.
839 1435 931 1508 40]
960 1435 1113 1490 οὔπω
1144 1437 1419 1491 ἐπέπυστο
1435 1438 1500 1505 ³⁸,
1523 1435 1833 1508 ἐθαύμαζεν
1859 1439 1917 1492 δὲ

325 1529 416 1581 ὅτι
437 1527 500 1598 δὴ
526 1526 675 1598 αὐτῷ
701 1527 843 1581 κατὰ
871 1527 932 1580 τὸ
975 1527 1330 1598 ξυγκείμενον
1379 1529 1436 1582 τὸ
1466 1529 1780 1600 στράτευμα
1816 1529 1918 1582 οὐκ

327 1620 643 1691 ἐπεπόμφει
670 1637 683 1650 ·
722 1621 819 1674 καὶ
851 1620 1209 1687 ὐπετόπαζεν,
1241 1621 1316 1686 ὡς
1351 1622 1453 1674 οὐκ
1480 1621 1546 1675 ἂν
1574 1623 1632 1685 ἐς
1662 1621 1916 1676 τοσοῦτον

325 1709 652 1780 ἐμέλλησεν,
711 1710 760 1762 εί
813 1709 886 1780 μή
921 1727 976 1762 τι
1022 1710 1202 1772 αὐτοῖς
1257 1710 1558 1782 ξυνηνέχθη
1607 1711 1779 1765 δεινὸν
1823 1710 1919 1764 καὶ

326 1801 579 1867 ἀντίξουν
604 1817 620 1832 ο
652 1800 792 1871 πλὴν
819 1801 958 1855 ἀλλὰ
986 1803 1081 1855 καὶ
1101 1801 1325 1856 ἐκείνων
1341 1803 1387 1834 ⁸⁰
1420 1801 1550 1856 ἄνευ
1573 1802 1918 1873 περιέσεσθαι

2013 621 2179 684 locat,
2207 622 2302 691 qui
2336 631 2553 692 pontem
2604 637 2636 677 e
2669 631 2788 677 tuto
2843 634 3270 694 propugnarent,
3303 636 3357 682 et
3398 628 3596 683 Roma-

2013 726 2114 765 nos
2163 712 2457 767 transitum
2497 712 2783 770 molientes
2833 715 3233 784 propulsarent.
3275 716 3372 771 His
3412 719 3596 788 itaque

2013 803 2240 874 singulis
2267 804 2338 858 ita
2370 803 2670 874 dispositis,
2706 806 2889 860 omnia
2924 821 3088 876 quam
3129 807 3333 876 optime
3365 821 3592 878 compa-

2013 905 2130 950 rata
2182 897 2472 962 censebat;
2522 904 2783 967 tanquam
2833 899 2888 952 in
2925 899 3097 969 ipsius
3128 908 3393 968 potestate
3441 899 3594 955 futu-

2017 997 2140 1036 rum
2174 995 2341 1048 esset,
2390 983 2589 1038 bellum
2622 984 2900 1051 inchoare,
2930 1003 3111 1058 neque
3149 989 3300 1057 prius
3347 989 3592 1059 praelium

2015 1072 2284 1128 committi
2317 1083 2521 1144 posset,
2547 1091 2712 1145 quam
2744 1077 2848 1147 ipsi
2885 1078 3096 1134 liberet.
3138 1079 3308 1135 Porro
3335 1097 3458 1153 quae
3489 1081 3598 1136 fra-

2018 1166 2089 1219 tri
2129 1180 2230 1220 suo
2263 1165 2318 1220 in
2347 1165 2568 1222 Venetis
2591 1168 2921 1237 acciderant,
2952 1173 3183 1227 necdum
3219 1173 3324 1244 73
3348 1175 3595 1230 inaudie—

2017 1266 2139 1325 rat;
2182 1257 2484 1313 mirabatur
2513 1274 2643 1315 vero
2681 1261 2828 1330 quod
2854 1261 2905 1316 ei
2932 1264 3117 1332 copias
3153 1280 3302 1331 suas,
3345 1267 3423 1320 uti
3456 1266 3596 1321 inter

2018 1349 2166 1420 ipsos
2195 1359 2543 1418 convenerat,
2587 1366 2698 1406 non
2724 1353 2980 1420 misisset,
3010 1355 3358 1426 suspicioque
3379 1357 3481 1427 ipsi
3509 1359 3595 1412 in-

2018 1438 2256 1504 cidebat,
2289 1454 2398 1494 non
2430 1449 2538 1494 tam
2561 1440 2655 1495 diu
2680 1440 2988 1499 tardaturas
3019 1441 3210 1510 fuisse,
3242 1445 3347 1500 nisi
3392 1447 3474 1501 eis
3495 1449 3596 1502 ali-

2018 1531 2148 1601 quid
2209 1531 2415 1586 sinistri
2475 1532 2801 1601 adversique
2864 1533 3154 1589 accidisset
3194 1553 3208 1591 :
3245 1535 3597 1594 nihilominus

2017 1630 2200 1678 tamen
2223 1622 2389 1676 etiam
2431 1623 2550 1677 sine
2582 1624 2691 1678 illis
2717 1623 3002 1680 victoriam
3041 1641 3101 1680 se
3135 1627 3205 1681 ab
3231 1625 3479 1682 hostibus
3513 1642 3599 1682 re-

2020 1721 2372 1785 portaturum
2403 1715 2702 1782 censebat,
2737 1716 2938 1787 quippe
2957 1717 3053 1787 qui
3085 1717 3169 1772 vel
3201 1719 3282 1774 sic
3316 1719 3598 1789 copiarum

2023 1805 2378 1861 multitudine
2407 1814 2550 1861 esset
2572 1808 2840 1875 superior.
2880 1806 2984 1874 Qui
3015 1808 3160 1862 enim
3210 1809 3314 1879 ipsi
3353 1809 3599 1878 reliquus

329 1894 442 1946 τῶν
461 1891 737 1963 πολεμίων
760 1894 969 1962 ἡγεῖτο,
992 1891 1088 1959 ἅτε
1112 1892 1176 1964 δὴ
1205 1892 1282 1963 τῷ
1313 1894 1506 1964 πλήθει
1533 1895 1626 1948 καὶ
1648 1871 1726 1958 ὥς
1755 1896 1918 1966 ὑπερ-

2024 1909 2140 1953 erat
2166 1899 2435 1954 exercitus
2465 1897 2532 1953 ad
2579 1871 2797 1970 tri—ginta
2827 1871 3147 1954 bellatorum
3182 1871 3350 1956 millia
3373 1871 3599 1956 accede-

333 1983 569 2039 ϐάλλων.
604 1983 694 2047 Ἐς
713 1987 863 2056 τρεῖς
888 1985 996 2057 γὰρ
1023 1985 1172 2054 αὑτῴ
1198 1985 1436 2056 μάλιστα
1465 1986 1732 2056 μυριάδας
1756 1986 1919 2058 μαχί-

342 2091 463 2144 μων
491 2074 695 2144 ἀνδρῶν
727 2076 761 2146 ἡ
794 2075 1090 2148 λειπομένη
1120 2077 1348 2148 στρατιὰ
1382 2077 1730 2143 ξυνετάττετο
1755 2095 1767 2108 ’
1808 2080 1842 2150 ἡ
1860 2077 1920 2133 δὲ

337 2165 455 2218 τῶν
500 2165 781 2236 Ῥωμαίων
808 2165 1037 2238 δύναμις
1065 2168 1218 2238 μόλις
1260 2170 1316 2223 ἐν
1342 2169 1712 2231 ὀκτωκαίδεκα
1740 2169 1920 2243 χιλιά-

217 2322 220 2323 ν
337 2273 431 2309 σιν
458 2255 750 2326 ἐτύγχανεν
776 2253 934 2313 οὖσα.

411 2345 473 2400 ε’.
514 2348 685 2411 Αὐτός
715 2366 775 2402 τε
805 2349 871 2421 δὴ
901 2345 997 2405 οὖν
1026 2343 1128 2405 ὧδέ
1179 2369 1295 2416 πως
1341 2352 1537 2423 ἄριστα
1569 2347 1684 2423 εἶχε
1714 2351 1921 2423 προθυ-

331 2439 494 2509 μίας,
540 2441 635 2494 καὶ
667 2441 868 2496 ἅπαντι
896 2442 974 2513 τῷ
1022 2443 1238 2514 στρατῷ
1282 2444 1686 2515 παρεκελεύετο
1715 2442 1919 2514 γιγνώ-

328 2549 514 2595 σκειν,
535 2533 611 2596 ὡς
631 2536 660 2587 ό
681 2532 870 2604 παρὼν
892 2533 1040 2604 ἀγὼν
1058 2537 1158 2590 οὐκ
1177 2536 1269 2589 ἐπὶ
1295 2535 1513 2608 σμικρῷ
1533 2553 1638 2590 τινι
1658 2539 1918 2607 χωρήσει,

343 2624 517 2679 Ἀλλ’
543 2625 580 2690 ἣ
602 2625 954 2696 καθέξομεν,
985 2626 1110 2696 ἔφη,
1151 2628 1266 2694 τὴν
1298 2629 1578 2692 Ἰταλίαν,
1603 2624 1675 2684 οὗ
1712 2627 1790 2696 δὴ
1821 2628 1922 2681 καὶ

326 2714 508 2770 ἕκατι
529 2709 574 2748 ⁸¹
624 2716 976 2787 ἀφικόμεθα,
1026 2719 1066 2786 ἢ
1107 2721 1453 2788 λελείψεται
1501 2720 1648 2791 ἡμῖν
1691 2721 1922 2776 ἅπασιν

327 2808 571 2875 ἀκλεῶς
599 2809 812 2865 ἐνθάδε
845 2812 1142 2868 τεθνάναι.
1202 2814 1440 2868 Οὐκοῦν
1486 2813 1622 2868 τόδε
1658 2811 1837 2883 ἡμᾶς,
1875 2809 1924 2870 ὧ

329 2907 630 2973 γενναῖοι,
672 2904 800 2959 ἀντ’
838 2905 1072 2960 ἐκείνου
1115 2907 1358 2960 ἑλέσθαι
1405 2905 1698 2976 προσήκει
1715 2948 1730 2972 ,
1778 2906 1924 2971 ἐξὸν

264 3056 276 3062 υ
328 2995 566 3064 ἄνδρας
614 2997 875 3066 ἀγαθοὺς
936 2998 1008 3052 ἐν
1061 2995 1140 3063 τῷ
1193 3000 1432 3068 πολέμῳ
1493 2998 1884 3068 γιγνομένους
1903 3039 1918 3063 ν

327 3091 683 3148 ἀπόνασθαι
723 3089 811 3146 ὧν
832 3089 1130 3163 ἐφιέμεθα.
1165 3091 1470 3156 Βουτιλῖνος
1502 3093 1601 3164 μὲν
1630 3089 1722 3147 οὖν
1747 3093 1923 3148 ταῦτά

326 3200 400 3236 τε
434 3183 530 3238 καὶ
556 3185 626 3238 τὰ
649 3185 828 3239 τοιάδε
864 3185 1147 3258 παραινῶν
1181 3187 1294 3248 τοῖς
1331 3185 1593 3255 πλήθεσιν
1624 3185 1724 3238 οὐκ
1759 3186 1918 3240 ἀνίει.
1949 3221 1992 3278 C

328 3277 405 3330 Οί
435 3275 490 3330 δὲ
519 3275 926 3348 ἐπερῤὡννυντο
953 3280 1072 3343 ταῖς
1099 3276 1299 3344 ἐλπίσι,
1333 3278 1428 3332 καὶ
1455 3277 1524 3332 τὰ
1551 3278 1710 3347 ὅπλα,
1745 3277 1820 3342 ὥς
1845 3296 1924 3351 πη

327 3372 558 3444 ἑκάστῳ
587 3373 762 3442 φίλον,
793 3374 1271 3445 παρεσκευάζοντο
1284 3372 1354 3428 ⁸².
1399 3373 1508 3427 Ὠδὶ
1555 3375 1654 3445 μὲν
1685 3376 1794 3446 γὰρ
1823 3391 1923 3427 πε-

325 3464 522 3527 λέκεις
543 3463 805 3534 ἐθήγοντο
833 3464 1040 3530 πολλοὶ,
1071 3463 1170 3517 ὡδὶ
1199 3463 1255 3516 δὲ
1299 3462 1369 3517 τὰ
1400 3461 1670 3535 ἐπιχώρια
1699 3463 1922 3536 δόρατα,

321 3559 384 3612 οξ
413 3557 682 3627 άγγωνες,
707 3556 934 3630 ἑτέρωθι
955 3557 1013 3611 δέ
1033 3557 1144 3610 τῶν
1167 3557 1408 3610 ἀσπίδων
1428 3557 1485 3610 αἱ
1509 3557 1862 3628 διεῤῥωγυῖαι
1877 3556 1927 3590 ⁸³

323 3651 479 3722 πρὸς
521 3649 585 3704 τὸ
631 3650 853 3720 ἐνεργὸν
906 3649 1312 3721 μετεποιοῦντο,
1362 3649 1457 3704 καὶ
1503 3649 1706 3722 ῥᾳδίως
1742 3651 1928 3716 αὐτοῖς

329 3746 559 3799 ἅπαντα
591 3741 1023 3815 παρεσκεύαστο.
1068 3744 1204 3816 Λιτὴ
1229 3743 1339 3815 γὰρ
1365 3742 1518 3797 τοῦδε
1551 3742 1646 3797 τοῦ
1679 3741 1865 3808 ἔθνους
1891 3744 1927 3814 ἡ

331 3837 573 3902 ὅπλισις,
619 3835 719 3892 καὶ
769 3835 857 3889 οἵα
899 3835 959 3890 οὐ
1007 3836 1267 3907 τεχνιτῶν
1314 3835 1522 3890 δεῖσθαι
1567 3835 1848 3900 ποικίλων,
1891 3835 1926 3906 ἢ

343 3929 508 4000 μόνον
521 3928 566 3960 ⁸⁸
605 3929 698 3982 ὑπ’
727 3927 928 3993 αὐτῶν,
961 3923 1138 3998 οἶμαι,
1166 3927 1277 3980 τῶν
1293 3927 1594 3998 χρωμένων
1609 3927 1927 3999 διακοσμεῖ-

346 4017 500 4086 σθαι,
544 4018 592 4070 εἰ
619 4017 711 4070 καί
747 4033 802 4070 τι
832 4016 1181 4088 διαφθαρείη.
1229 4016 1505 4088 Θωράκων
1547 4017 1648 4087 μὲν
1687 4016 1798 4088 γὰρ
1833 4017 1928 4072 καὶ

341 4111 626 4183 κνημίδων
652 4111 894 4180 ἀγνῶτες
925 4111 1288 4182 τυγχάνουσιν
1318 4111 1493 4176 ὄντες,
1525 4111 1626 4176 τὰς
1660 4112 1719 4166 δὲ
1754 4129 1928 4181 κεφα-

335 4204 446 4268 λὰς
472 4206 520 4257 oi
563 4205 661 4274 μὲν
688 4205 931 4258 πλεῖστοι
959 4206 1220 4268 ἀσκεπεῖς
1250 4204 1484 4276 ἔχουσιν,
1518 4205 1691 4274 ὀλίγοι
1725 4204 1784 4260 δὲ
1828 4205 1926 4262 καὶ

327 4297 515 4368 κράνη
547 4297 904 4368 ἀναδούμενοι
949 4297 1215 4368 μάχονται
1235 4313 1250 4328 ο
1299 4296 1496 4367 γυμνοὶ
1531 4297 1589 4351 δὲ
1622 4297 1693 4352 τά
1727 4296 1924 4368 στέρνα

325 4389 450 4444 εἰσὶ
495 4389 589 4443 καὶ
633 4389 706 4443 τὰ
749 4389 895 4444 νῶτα
945 4389 1108 4461 μέχρι
1153 4389 1253 4460 τῆς
1299 4389 1531 4460 ὀσφύος,
1586 4388 1820 4445 ἐνταῦθα
1867 4389 1924 4444 δι

322 4481 689 4552 ἀναξυρίδας,
714 4482 762 4534 ot
799 4482 898 4552 μὲν
919 4483 1095 4548 λινᾶς,
1123 4483 1172 4535 oi
1203 4481 1261 4536 δέ
1287 4482 1381 4535 καὶ⁸
1409 4482 1666 4546 σκυτίνας
1697 4480 1924 4546 διαζων-

2022 1988 2138 2054 bat,
2181 1986 2556 2044 Romanorum
2591 2004 2719 2044 vero
2769 1990 3046 2047 exercitus
3072 1989 3298 2046 vixdum
3324 2000 3442 2048 erat
3474 1992 3600 2046 mil.

2023 2079 2159 2138 lium
2185 2081 2510 2145 octodecim,

2097 2366 2148 2421 5.
2191 2364 2459 2432 Quocirca
2490 2372 2545 2421 et
2589 2363 2706 2435 ipse
2737 2380 2899 2435 quam
2928 2362 3131 2433 optime
3183 2362 3460 2417 animatus
3485 2367 3604 2416 erat

2029 2467 2086 2511 et
2120 2458 2435 2511 universum
2462 2455 2761 2510 exercitum
2797 2454 3136 2516 hortabatur,
3163 2467 3272 2508 non
3301 2455 3366 2507 de
3406 2452 3603 2521 exigua

2027 2547 2210 2617 aliqua
2241 2562 2300 2601 re
2325 2561 2391 2601 eo
2422 2546 2612 2616 praelio
2639 2544 3041 2600 decernendum
3068 2558 3209 2609 esse,
3244 2546 3334 2596 sed
3362 2551 3455 2596 aut
3485 2539 3606 2595 Ita-

2027 2639 2178 2702 liam,
2219 2638 2418 2708 inquit,
2461 2637 2612 2706 cujus
2648 2652 2812 2690 causa
2841 2637 3096 2698 venimus,
3126 2635 3486 2698 obtinebimus,
3510 2641 3606 2690 aut

2027 2732 2124 2786 hoc
2161 2748 2323 2786 unum
2347 2729 2577 2800 jamjam
2606 2729 2752 2784 nobis
2791 2729 3053 2799 reliquum
3086 2729 3208 2793 erit,
3237 2737 3294 2781 ut
3323 2743 3496 2781 omnes
3524 2727 3606 2780 iu-

2026 2823 2183 2894 glorii
2211 2823 2522 2875 moriamur.
2549 2819 2696 2875 Illud
2726 2821 2906 2892 itaque
2936 2836 3030 2875 nos
3051 2822 3253 2890 potius,
3290 2820 3389 2874 viri
3420 2819 3604 2889 fortes,

2027 2930 2188 2984 quam
2235 2913 2354 2978 hoc,
2399 2911 2528 2967 uelle
2573 2911 2850 2979 debemus,
2890 2928 3009 2966 cum
3052 2911 3107 2966 in
3142 2921 3323 2965 nostra
3352 2927 3513 2966 manu
3535 2912 3605 2966 sit

2027 3007 2280 3076 positum,
2313 3005 2362 3059 si
2391 3005 2592 3058 strenui
2635 3019 2747 3059 esse
2777 3003 3020 3070 velimus,
3051 3019 3168 3073 qua
3197 3011 3443 3072 optamus
3474 3019 3604 3057 con-

2028 3098 2195 3168 sequi.
2232 3095 2502 3152 Butilinus
2532 3096 2717 3167 itaque
2745 3095 2896 3152 hisce
2929 3096 3164 3166 aliisque
3200 3095 3384 3152 verbis
3416 3095 3605 3152 multi-

2029 3188 2273 3243 tudinem
2302 3187 2511 3244 hortari
2555 3202 2667 3243 non
2707 3188 3023 3244 desistebat.
3058 3187 3125 3242 Hi
3172 3202 3302 3242 vero
3326 3187 3468 3242 bona
3510 3199 3608 3256 spe

2028 3281 2148 3337 fulti
2167 3296 2340 3347 arma,
2369 3290 2431 3340 ut
2460 3280 2658 3351 cuique
2692 3279 2872 3336 visum
2901 3289 3037 3348 erat,
3073 3279 3430 3350 apparabant.
3463 3277 3606 3332 Alibi

2025 3373 2170 3430 enim
2197 3387 2418 3430 secures
2433 3373 2618 3430 multa:
2646 3372 3002 3441 acuebantur,
3025 3371 3150 3426 alibi
3170 3371 3342 3443 patria
3367 3370 3606 3436 hastilia,

2026 3479 2150 3534 quae
2182 3463 2285 3534 ipsi
2329 3477 2571 3536 angones
2609 3470 2828 3527 vocant,
2861 3462 2991 3518 alibi
3020 3469 3174 3519 scuta
3209 3461 3509 3526 confracta,
3549 3469 3611 3515 ut

2029 3557 2155 3614 usui
2207 3565 2415 3623 essent,
2465 3556 2871 3624 reﬁciebantur,
2921 3555 3190 3627 facileque
3235 3555 3370 3625 ipsis
3423 3553 3608 3610 omnia

2027 3649 2460 3706 instruebantur.
2503 3645 2640 3705 Vilis
2662 3649 2807 3704 enim
2830 3657 2914 3706 est
2959 3659 3015 3704 et
3040 3649 3284 3719 neglecta
3325 3647 3486 3716 hujus
3507 3660 3607 3700 na-

2027 3742 2193 3798 tionis
2215 3738 2517 3816 armatura,
2553 3756 2784 3812 quaeque
2804 3740 2973 3796 variis
3011 3741 3300 3810 opificibus
3322 3754 3430 3794 non
3459 3737 3602 3792 indi-

2026 3843 2180 3904 geat;
2226 3835 2320 3890 sed
2351 3833 2515 3888 facile
2556 3833 2626 3889 ab
2659 3833 2814 3902 ipsis,
2864 3833 2960 3902 qui
3003 3847 3067 3888 ea
3101 3837 3349 3896 utuntur,
3396 3830 3444 3884 si
3477 3827 3610 3897 quid

2027 3924 2166 3981 forte
2189 3923 2298 3997 74.
2340 3924 2570 3980 fractum
2595 3923 2781 3991 fuerit,
2806 3923 2955 3978 refici
2987 3931 3180 3993 potest.
3214 3921 3437 3976 Loricas
3461 3919 3605 3973 enim

2029 4028 2087 4075 et
2121 4033 2312 4074 ocreas
2359 4031 2468 4072 non
2511 4026 2735 4072 norunt.
2776 4015 2966 4086 Capita
2993 4015 3238 4085 plerique
3264 4026 3450 4067 eorum
3495 4025 3607 4064 non

2026 4111 2302 4178 muniunt,
2349 4109 2509 4181 pauci
2547 4124 2677 4167 vero
2709 4109 2879 4180 galeis
2912 4108 3037 4162 tecti
3068 4115 3328 4177 pugnant.
3360 4103 3607 4159 Pectori-

2027 4206 2132 4262 bus
2163 4213 2219 4260 et
2244 4203 2552 4276 tergoribus
2575 4205 2640 4259 ad
2665 4203 2878 4258 lumbos
2908 4216 3082 4271 usque
3111 4187 3235 4255 sunt
3261 4198 3443 4264 nudis,
3480 4195 3608 4252 inde

2025 4298 2240 4355 braccis
2287 4297 2404 4354 sive
2448 4295 2806 4351 femoralibus
2840 4293 2934 4348 alii
2985 4293 3167 4357 lineis,
3215 4291 3309 4346 alii
3344 4289 3609 4346 coriaceis

2025 4391 2214 4455 cincti,
2258 4390 2421 4446 tibias
2447 4389 2791 4459 cooperiunt.
2823 4386 2992 4457 Equis
3026 4399 3159 4440 vero
3201 4399 3310 4440 non
3360 4392 3608 4448 utuntur,

2024 4481 2132 4536 nisi
2157 4478 2449 4535 admodum
2482 4477 2692 4547 paucis,
2719 4474 2919 4544 quippe
2940 4473 3034 4545 qui
3067 4471 3132 4527 ad
3162 4471 3468 4542 pedestrem
3507 4484 3608 4538 pu-

322 4570 564 4639 νύμενοι
613 4573 728 4634 τοῖς
772 4570 988 4625 σκέλεσι
1033 4570 1554 4643 περιαμπίοχονται.
1599 4572 1817 4634 Ἵπποις
1859 4571 1920 4624 δὲ

2030 4587 2215 4645 gnam,
2259 4586 2382 4640 quae
2425 4569 2562 4640 ipsis
2603 4567 2892 4624 familiaris
2938 4566 3221 4637 patriaque
3261 4571 3364 4627 est,
3406 4560 3608 4631 optime

322 4661 542 4731 ἥκιστα
566 4659 828 4732 χρῶνται,
861 4661 1002 4730 πλὴν
1031 4661 1238 4734 σφόδρα
1263 4662 1483 4732 ὀλίγων,
1520 4661 1616 4717 ἆτε
1641 4661 1705 4734 δὴ
1743 4662 1922 4726 αὐτοῖς

2032 4667 2146 4722 sint
2174 4663 2477 4720 exercitati.
2504 4661 2668 4718 Ensis
2700 4660 2916 4726 femori,
2944 4667 2999 4714 et
3033 4667 3248 4714 scutum
3280 4654 3506 4710 sinistro
3531 4654 3606 4707 la-

324 4751 404 4806 τδ
421 4751 750 4824 πεζομαχεῖν
773 4752 1070 4834 σύντροφόν
1091 4770 1152 4808 τε
1171 4753 1230 4808 ὃν
1250 4755 1344 4809 καὶ
1366 4755 1593 4825 πάτριον
1616 4755 1708 4809 καὶ
1729 4755 1922 4826 ἄριστα

2033 4759 2135 4813 teri
2181 4756 2492 4827 appendet:
2533 4754 2776 4810 arcubus
2818 4761 2911 4808 aut
2939 4751 3150 4817 fundis,
3186 4749 3267 4804 vel
3300 4747 3425 4802 aliis
3465 4746 3606 4812 telis,

332 4843 806 4917 μεμελετημένον.
851 4844 1019 4914 Ξίφος
1063 4845 1122 4899 δὲ
1162 4845 1240 4917 τῷ
1275 4845 1456 4917 μηρῷ,
1507 4847 1604 4900 καὶ
1650 4847 1818 4912 ἀσπὶς
1857 4849 1924 4920 τῇ

329 4936 471 5006 λαιᾷ
510 4936 722 5008 πλευρᾷ
755 4936 1142 5008 παρῃώρηται.
1176 4938 1286 4991 Καὶ
1319 4937 1498 4993 τοίνυν
1523 4938 1673 5004 τόξα,
1704 4939 1738 5010 ἢ
1769 4956 1929 5010 σφεν-

325 5028 518 5094 δόνας,
545 5028 579 5099 ἢ
609 5027 746 5084 ἄλλα
782 5029 919 5084 ἄττα
961 5028 1196 5100 ἑκηϐόλα
1226 5029 1366 5084 ὅπλα
1412 5031 1512 5084 οὐκ
1541 5030 1914 5102 ἐπιφέρονται,

327 5121 478 5175 ἀλλὰ
507 5120 759 5184 πλέκεις
786 5122 898 5191 γάρ
926 5123 1306 5194 ἀμφιστόμους
1351 5122 1446 5178 καὶ
1474 5124 1600 5188 τοὺς
1639 5123 1916 5193 ἄγγωνας,

327 5205 425 5276 οἷς
441 5212 519 5283 δὴ
547 5213 643 5266 καὶ
669 5213 739 5266 τὰ
771 5215 998 5268 πλεῖστα
1022 5213 1482 5286 κατεργάζονται·
1533 5215 1640 5268 stat
1665 5213 1722 5268 δὲ
1749 5215 1799 5268 oi
1827 5215 1929 5283 άγ-

330 5322 518 5374 γωνες
561 5306 762 5379 δόρατα
805 5307 868 5360 οὐ
912 5307 1033 5362 λίαν
1079 5309 1310 5380 σμικρὰ,
1349 5307 1615 5380 οὐμενοῦν
1658 5307 1775 5362 ἀλλ’
1808 5309 1930 5363 οὐδὲ

331 5398 482 5468 ἄγαν
523 5398 757 5470 μεγάλα,
789 5398 904 5461 ἀλλ’
930 5399 1052 5454 ὅσον
1082 5399 1459 5466 ἀκοντίζεσθαι
1501 5417 1583 5466 τε,
1619 5401 1773 5453 εἵπου
1805 5401 1930 5474 δεή-

2031 4866 2156 4922 αιιεθ
2180 4851 2398 4905 eminus
2421 4848 2724 4919 iaciuntur,
2756 4861 2866 4902 non
2909 4855 3174 4912 utuntur;
3220 4841 3315 4899 sed
3356 4840 3604 4910 ancipiti—

2033 4945 2137 5000 bus
2174 4942 2462 5000 securibus
2487 4951 2542 4997 et
2581 4939 2912 5012 angonibus,
2955 4938 3156 5010 quibus
3189 4935 3462 5007 praecipue
3492 4947 3605 4987 rem

2020 5045 2235 5108 gerunt.
2278 5035 2418 5091 Sunt
2453 5048 2583 5090 vero
2626 5048 2871 5105 angones
2913 5033 3084 5088 hastae
3115 5028 3392 5101 quaedam,
3427 5039 3604 5094 neque

2031 5129 2326 5186 admodum
2365 5141 2564 5198 parvae,
2601 5141 2785 5197 neque
2819 5124 3114 5181 admodum
3165 5136 3394 5192 magnae,
3426 5119 3518 5174 sed
3551 5129 3610 5174 et

2034 5223 2102 5279 ad
2133 5221 2282 5291 iactu
2325 5219 2652 5284 feriendum,
2687 5218 2864 5275 sicubi
2903 5232 3044 5288 opus
3083 5215 3264 5280 fuerit,
3299 5223 3354 5269 et
3389 5213 3480 5267 ubi
3513 5227 3605 5268 eos

2037 5314 2221 5369 minus
2245 5311 2445 5367 collato
2472 5309 2606 5381 pede
2627 5309 3026 5378 conﬂigendum
3059 5315 3144 5362 est
3169 5306 3512 5375 impetusque
3535 5301 3618 5356 fa-

2039 5404 2286 5470 ciendus,
2310 5400 2754 5463 accommodatae.
2776 5398 2871 5455 liae
2896 5399 3152 5470 pleraque
3175 5396 3260 5455 sui
3283 5403 3437 5467 parte
3464 5393 3609 5449 ferro

1650 5556 1887 5619 VARUE
1927 5555 2327 5617 LECTIONES.

417 5693 461 5726 ³⁷
492 5696 954 5775 παρασκευᾴσθαι
975 5693 1040 5775 ll:
1119 5695 1167 5775 3:
1187 5693 1280 5775 sip.
1307 5693 1376 5775 Ιξ,
1398 5693 1473 5747 ἔοι
1496 5695 1638 5775 vulg.
1662 5766 1674 5775 _
1719 5696 2061 5775 ξθιέπέπυστο
2100 5697 2182 5775 β,
2206 5694 2482 5775 πέπυστο
2528 5695 2687 5775 νιιιε.⁸
2752 5693 2796 5724 ⁸ο
2828 5690 3166 5775 ἐκείνωνλῐὶ,
3206 5688 3606 5775 ἐκείνουρλυιε.

331 5773 397 5819 et
439 5760 608 5835 mtpr.
684 5765 726 5798 δι
755 5765 818 5834 δὴ
869 5766 966 5820 καὶ
1015 5765 1098 5818 ἐκ.
1129 5763 1196 5827 ιι,
1233 5760 1296 5834 δὴ
1331 5764 1414 5835 ii}.
1458 5760 1616 5831 vulg."
1658 5765 1848 5818 ἐνθάδε
1899 5767 2044 5821 nev.
2100 5765 2168 5830 Β,
2205 5765 2372 5835 intpr.
2423 5765 2506 5820 hic
2551 5760 2858 5828 moriemur,
2901 5761 2960 5817 τὸ
2995 5761 3142 5816 τεθν.
3175 5760 3323 5833 vulg.

334 5833 707 5899 ισκευάζοντο
736 5833 816 5892 Β.
881 5836 924 5868 ⁸³
957 5833 1304 5905 διερῤωγυῖαι
1340 5833 1406 5902 Β,
1429 5835 1768 5908 διερῤαγυῖαι
1791 5837 1938 5906 vulg.

3401 5758 3444 5791 ιι
3479 5758 3606 5825 ξω,

2015 5835 2060 5870 ⁸⁸
2088 5835 2126 5892 f.
2169 5834 2260 5890 καὶ
2292 5834 2350 5906 μ.
