4030 6426
579 390 719 456 1339

1763 387 2124 450 AGATHL'E
2151 384 2640 452 SCHOLASTICI

3644 406 3749 474 13M

573 510 707 558 sunt
735 496 1004 564 obductae,
1036 499 1108 554 ita
1138 507 1198 554 ut
1243 513 1529 568 perparum
1561 497 1690 569 ligni
1729 512 1759 552 a
1795 497 2016 552 laminis
2043 495 2146 550 fer-

2255 515 2338 552 σοι
2355 497 2424 566 ⁸⁸,
2461 501 2554 554 καὶ
2597 502 2656 565 ἐς
2692 500 2790 564 τὰς
2819 502 3166 573 ἀγχεμάχους
3195 505 3509 574 παρατάξεις
3536 515 3655 583 πρὸς
3675 524 3753 590 τὰς

578 590 692 645 reis
721 587 923 642 nudum
964 587 1355 658 conspiciatur,
1387 595 1551 657 atque
1583 587 1718 642 adeo
1758 588 1846 642 vix
1881 595 1992 642 tota
2027 587 2152 641 imae

575 679 747 737 hastae
776 682 996 750 cuspis;
1032 695 1196 749 supra
1240 694 1370 733 vero
1408 679 1476 734 ad
1503 681 1903 735 extremitatem
1933 679 2149 750 spiculi,

575 775 773 828 adunci
812 773 1030 843 quidam
1079 786 1369 828 mucrones
1407 772 1662 843 utrinque
1712 773 2044 844 prominent,
2081 788 2149 827 ex

574 866 696 935 ipso
723 865 931 932 spiculo
966 865 1138 919 instar
1177 863 1524 919 hamulorum
1567 863 1773 929 reﬂexi,
1812 873 1867 920 et
1895 865 2148 921 deorsum

575 968 880 1028 vergentes.
921 956 978 1010 ln
1017 954 1270 1011 conﬂictu
1306 955 1488 1025 itaque
1531 953 1777 1012 Francus
1807 955 1962 1010 miles
2003 956 2151 1010 hunc

573 1064 839 1120 angonem
883 1049 1052 1117 jacit;
1115 1049 1262 1119 quod
1309 1049 1478 1104 telum
1525 1048 1572 1105 si
1619 1047 1837 1117 corpori
1884 1047 2148 1104 indictum

572 1141 756 1206 fuerit,
779 1142 1015 1212 adigitur
1043 1143 1262 1212 quidem
1296 1143 1402 1213 75
1430 1143 1596 1208 intro,
1622 1143 1708 1200 uti,
1724 1141 2020 1197 verisimile
2043 1151 2146 1210 est,

498 1279 501 1281 .
571 1235 780 1303 cuSpis,
799 1249 976 1304 neque
1005 1233 1052 1290 is
1073 1235 1167 1304 qui
1198 1235 1336 1290 ictus
1363 1242 1468 1301 est,
1501 1249 1676 1304 neque
1694 1233 1837 1290 alius
1858 1234 2147 1304 quisquam

571 1325 733 1381 facile
763 1325 932 1379 telum
971 1325 1205 1380 evellere
1243 1333 1462 1394 potest;
1495 1325 1722 1380 obstant
1762 1325 1909 1382 enim
1941 1327 2149 1380 acumi-

571 1419 686 1474 nati
719 1418 796 1472 illi
841 1418 1046 1472 hamuli
1076 1418 1246 1474 altius
1274 1416 1428 1475 carni
1457 1416 1802 1483 inhaerentes,
1839 1427 1893 1471 et
1923 1417 2150 1472 acerbos

573 1508 852 1564 cruciatus
887 1508 1145 1573 excitant,
1183 1507 1318 1563 adeo
1345 1515 1408 1565 ut
1436 1507 1598 1562 etiam
1622 1507 1668 1563 si
1704 1507 1912 1562 hostem
1941 1522 2149 1576 nequa-

572 1618 739 1674 quam
772 1601 930 1656 letale
969 1602 1168 1655 vulnus
1199 1599 1478 1668 accepisse
1510 1598 1809 1668 contingat,
1848 1613 1911 1654 ex
1955 1613 2022 1654 eo
2066 1609 2148 1652 ta-

574 1710 701 1749 men
738 1694 990 1748 intereat.
1025 1693 1082 1747 Si
1117 1708 1246 1748 vero
1282 1700 1440 1748 scuto
1491 1693 1787 1761 impactum
1817 1690 1999 1757 fuerit,
2034 1701 2148 1746 sta-

575 1782 675 1837 tim
705 1797 773 1837 ex
818 1798 882 1838 eo
915 1783 1232 1853 propendet,
1271 1793 1325 1838 et
1371 1781 1778 1850 circumagitur,
1831 1782 2015 1837 intima
2061 1783 2146 1837 sui

573 1885 727 1946 parte
766 1876 944 1930 solum
976 1890 1196 1932 verrens
1228 1882 1284 1930 et
1330 1890 1579 1930 veraus.
1609 1873 1662 1929 ls
1701 1889 1830 1930 vero
1863 1875 1958 1945 qui
2004 1876 2148 1932 ictus

573 1975 678 2032 est,
710 1982 886 2037 neque
917 1966 1082 2022 telum
1109 1976 1267 2023 scuto
1287 1967 1516 2022 evellere
1537 1968 1698 2032 valet,
1731 1967 1968 2023 hamulis
1999 1980 2149 2024 mar-

571 2061 728 2115 dicus
756 2059 1169 2125 inhaerentibus,
1202 2075 1378 2131 neque
1398 2075 1529 2115 ense
1556 2068 1859 2130 amputare,
1888 2063 2034 2131 quod
2062 2063 2149 2116 ni-

574 2153 772 2206 mirum
820 2152 886 2207 ad
915 2153 1122 2222 lignum
1150 2153 1458 2223 pertingere
1495 2167 1602 2206 non
1631 2153 1823 2221 possit,
1857 2152 2048 2210 ferreis
2071 2155 2150 2210 la-

573 2244 758 2309 minis,
787 2245 984 2314 quibus
1007 2245 1060 2300 id
1090 2245 1386 2300 obductum
1414 2253 1518 2312 est,
1548 2244 1973 2313 obsistentibus;
2001 2249 2149 2316 quod

571 2337 736 2391 simul
771 2351 836 2392 ac
863 2336 1060 2392 viderit
1096 2335 1364 2403 Francus,
1398 2337 1687 2393 confestim
1722 2339 1860 2409 pede
1898 2340 2144 2407 insultat,

567 2437 625 2482 et
671 2429 994 2497 proculcans
1037 2430 1204 2484 imam
1250 2430 1486 2498 hastam,
1530 2440 1744 2487 scutum
1775 2431 2016 2502 pondere
2062 2435 2149 2490 sui

566 2522 818 2591 corporis
845 2521 1122 2593 deprimit,
1155 2523 1229 2578 ita
1257 2532 1336 2587 ut,
1369 2527 1629 2595 gestantis
1663 2541 1828 2581 manu
1857 2540 1978 2581 sese
2007 2541 2149 2582 non-

566 2612 702 2668 nihil
740 2615 957 2671 laxante
988 2631 1055 2671 ac
1077 2618 1411 2683 remittente,
1443 2625 1606 2689 caput
1637 2627 1690 2675 et
1719 2628 1910 2690 pectus
1933 2619 2145 2676 nuden-

565 2716 672 2762 tur.
710 2709 848 2763 Tum
891 2709 1001 2775 ille,
1035 2710 1245 2766 nudum
1273 2711 1486 2767 hostem
1532 2728 1709 2782 neque
1739 2714 2009 2768 munitum
2049 2729 2148 2769 na-

563 2806 713 2865 ctus,
743 2798 902 2857 facile
935 2802 1192 2869 trucidat,
1217 2805 1334 2860 sive
1364 2805 1541 2860 securi
1575 2805 1806 2860 frontem
1833 2805 2053 2874 feriens,
2074 2808 2146 2863 si-

563 2908 632 2949 ve
658 2894 764 2950 alia
804 2896 962 2952 hasta
1003 2897 1257 2968 jugulum
1290 2900 1591 2969 trajiciens.
1643 2902 1723 2955 Ac
1762 2901 1888 2955 talis
1926 2901 2145 2972 quidem

563 2994 651 3041 est
679 2985 1016 3044 Francorum
1051 2999 1352 3060 armatura,
1379 3001 1544 3062 atque
1579 2993 1652 3047 ita
1682 2991 1748 3048 ad
1772 2993 2017 3063 praelium
2049 3009 2148 3065 ap-

563 3080 922 3150 parabantur.

635 3346 689 3401 6.
722 3345 920 3405 Narses
951 3365 1080 3407 vero
1107 3351 1342 3409 Romani
1371 3358 1642 3413 exercitus
1671 3368 1874 3429 prator
1898 3361 1988 3414 ubi
2028 3361 2143 3418 haec

565 3438 846 3505 cognovit,
880 3439 1068 3494 statim
1113 3450 1170 3495 et
1219 3443 1335 3511 ipse
1381 3443 1636 3501 universo
1678 3449 1922 3502 exercitu
1967 3447 2141 3504 Roma

562 3526 765 3583 educto
789 3571 803 3596 ,
852 3545 961 3585 non
1004 3533 1192 3601 procul
1229 3535 1299 3589 ab
1337 3535 1590 3592 hostibus
1626 3547 1809 3595 castra
1849 3541 2014 3609 locat,
2046 3543 2142 3598 sed

564 3619 712 3675 unde
740 3630 795 3676 et
815 3624 1076 3693 strepitus
1109 3627 1361 3683 exaudiri
1394 3637 1448 3684 et
1481 3630 1682 3686 vallum
1721 3633 1963 3704 conspici
2009 3650 2142 3705 pos-

563 3723 663 3766 set.
688 3711 802 3770 lloc
835 3716 1015 3786 itaque
1041 3718 1203 3774 modo
1231 3736 1356 3775 cum
1379 3723 1490 3778 duo
1511 3725 1784 3782 exercitus
1812 3725 1866 3781 in
1888 3739 2139 3785 mutuum

563 3816 918 3874 conspectum
948 3811 1244 3878 venissent,
1295 3825 1550 3872 accurate
1599 3819 1855 3891 utrinque
1881 3823 2030 3878 acies
2056 3824 2142 3878 in-

562 3897 932 3983 struebantur,
967 3904 1329 3976 praasidiaque
1355 3918 1410 3964 et
1435 3911 1680 3966 excubiae
1732 3913 2070 3983 locabantur,
2089 3926 2142 3972 et

561 3982 730 4038 duces
754 3987 973 4042 ordines
1002 3990 1271 4049 militares
1301 3995 1546 4052 obibant.
1596 3996 1732 4068 Spes
1778 4015 1905 4055 vero
1950 4011 2005 4057 et
2029 3982 2142 4057 me-

565 4085 676 4142 tus,
708 4077 816 4149 76
838 4081 1106 4152 variaeque
1139 4087 1448 4143 animorum
1487 4089 1892 4159 ﬂuctuationes,
1932 4105 1986 4150 et
2022 4096 2144 4164 qui-

562 4183 780 4242 cunque
802 4171 1025 4230 aﬂ‘ectus
1060 4177 1326 4248 inopinati
1355 4181 1421 4236 de
1448 4183 1614 4239 rebus
1655 4187 1867 4255 magnis
1894 4186 2141 4244 decerta-

561 4264 701 4320 turis
741 4265 982 4322 suboriri
1005 4270 1204 4336 solent,
1232 4287 1379 4328 nunc
1408 4276 1512 4330 hos
1569 4293 1720 4332 nunc
1752 4279 1873 4335 illos
1897 4281 2140 4338 incesse-

2249 593 2487 662 ἐμϐολὰς
2513 594 2928 662 ἐφικνεῖσθαιδε.
2959 595 3174 649 τούτων
3201 595 3258 650 δὲ
3279 599 3338 650 τὸ
3368 600 3594 660 πλεῖστον
3622 614 3760 682 μέρος

2251 685 2457 756 σι’δήρῳ
2501 686 2768 740 πάντοθεν
2811 688 3145 757 περιέχεται,
3193 687 3267 750 ὡς
3309 688 3570 760 ἐλάχιστόν
3591 717 3639 754 τι
3661 703 3756 760 δια..

2251 777 2539 844 φαίνεσθαι
2563 778 2656 832 τοῦ
2689 777 2869 844 ξύλου,
2901 780 2997 834 καὶ
3029 779 3180 849 μόλις
3200 780 3318 834 ὅλον
3339 783 3426 836 τὸν
3451 794 3756 865 σαυρωτῆραο

2249 871 2364 925 ἀνω
2395 871 2452 924 δὲ
2481 871 2625 941 ἀμφὶ
2656 874 2716 926 τὸ
2745 873 2912 944 ἄκρον
2943 873 3041 944 τῆς
3086 874 3287 944 αἰχμῆς
3339 879 3604 946 καμπύλαι
3644 889 3760 953 τινὲς

2251 962 2433 1026 ἀκίδες
2484 963 2758 1034 ἐξέχουσιν
2801 966 3139 1036 ἑκατέρωθεν
3180 965 3240 1032 ἐξ
3286 967 3450 1039 αὐτῆς
3492 972 3648 1042 δήπου
3683 980 3762 1048 τῆς

2250 1049 2636 1119 ἐπιδορατίδος,
2665 1051 2852 1123 ὥσπερ
2873 1055 3143 1126 ἄγκιστρα
3157 1056 3202 1087 ⁸⁷
3231 1055 3672 1132 ὑπογναπτόμενα,
3691 1072 3764 1122 καὶ

2251 1140 2309 1203 ἐς
2335 1139 2402 1192 τά
2427 1140 2578 1194 κάτω
2605 1140 2688 1213 [Ρ.
2721 1141 2816 1214 All]
2845 1145 3151 1197 νενεύκασι.
3187 1144 3292 1198 Καὶ
3324 1141 3414 1198 οὖν
3440 1146 3618 1218 ἀφίησι
3636 1153 3766 1221 τυχὸν

2250 1233 2309 1284 ἐν
2337 1231 2622 1304 συμπλοκῇ
2653 1233 2840 1288 τοῦτον
2879 1235 2946 1305 δὴ
2980 1235 3074 1291 τὸν
3106 1236 3329 1304 ἄγγωνα
3357 1238 3592 1308 Φράγγος
3619 1243 3763 1316 ἀνήρ·

2249 1325 2347 1378 καὶ
2387 1325 2438 1378 εί
2485 1326 2584 1396 μὲν
2617 1327 2832 1396 σώματί
2879 1345 2982 1382 που
3029 1329 3353 1399 ἐγχρίψειεν,
3397 1333 3644 1389 εἰσδύεται
3691 1339 3767 1407 μὲν

2249 1417 2400 1480 είσω,
2429 1416 2618 1489 ὥσπερ
2645 1419 2811 1486 είκὺς,
2839 1421 2872 1489 ἠ
2905 1422 3106 1507 αίχμή,
3129 1418 3251 1472 οὔτε
3283 1421 3339 1474 δὲ
3367 1423 3523 1477 αὑτὸν
3551 1426 3634 1480 τὸν
3664 1427 3766 1500 βλη-

2250 1508 2411 1563 θέντα
2457 1509 2581 1565 οὔτε
2623 1512 2780 1567 ἄλλον
2823 1515 2948 1568 τινὰ
2970 1514 3016 1546 ⁸⁸
3063 1518 3256 1583 ἐρύσαι
3307 1515 3496 1586 ῥᾳδίως
3540 1517 3693 1574 ἔνεστι
3722 1525 3768 1576 τὸ

2247 1601 2398 1672 δόρυ.
2445 1602 2704 1674 Εῐργουστ
2741 1604 2850 1675 γὰρ
2887 1607 2944 1659 αἱ
2987 1605 3170 1670 ἀκίδες
3216 1605 3365 1659 ἔνδον
3404 1609 3692 1679 ἐνεχόμεναι
3717 1617 3766 1684 τῇ

2252 1696 2499 1764 caput“,
2548 1699 2641 1751 καὶ¹
2679 1699 3008 1771 πικροτέρας
3053 1700 3355 1767 ἐπάγουσαι
3384 1701 3430 1734 ³⁰
3461 1701 3556 1764 τὰς
3596 1703 3767 1768 ὀδύνας.

2250 1785 2390 1838 ὥστε
2417 1788 2464 1840 εί
2493 1788 2589 1840 καὶ
2621 1789 2696 1859 μὴ
2723 1788 2944 1859 καιρίαν
2971 1789 3063 1842 τὸν
3095 1789 3352 1860 πολέμιον
3387 1792 3644 1862 τρωθῆναι
3678 1792 3770 1858 ξυν·

2253 1879 2520 1952 ενεχθείη,
2553 1880 2689 1934 ἀλλά
2717 1881 2890 1953 ταύτῃ
2922 1898 2988 1950 γε
3011 1881 3392 1953 διαφθαρῆναι.
3429 1883 3491 1936 Et
3515 1883 3569 1936 δέ
3597 1901 3654 1952 γε
3679 1887 3770 1949 lg“

2248 1971 2454 2026 ἀσπίδα
2483 1974 2707 2044 παγείη,
2735 1973 3116 2045 ἀποκρέμαται
3163 1974 3262 2042 μὲν
3295 1975 3491 2030 αὐτίκα
3527 1976 3580 2042 ἐξ
3617 1977 3771 2047 αὐτῆς,

2249 2063 2345 2116 καὶ
2389 2063 2846 2134 ξυμπεριάγεται,
2884 2064 3184 2135 συρομένου
3205 2065 3252 2098 ⁵³
3294 2065 3353 2117 ἐν
3398 2064 3475 2136 τῷ
3500 2066 3671 2135 ἐδάφει
3699 2067 3771 2121 τοῦ

2249 2151 2646 2222 ἀπολήγοντος·
2679 2153 2708 2205 ὁ
2733 2153 2790 2206 δὲ
2818 2153 3032 2224 βληθεὶς
3061 2153 3184 2207 οὔτε
3213 2153 3553 2220 ἐξελκύσαι⁸³
3574 2157 3772 2228 τούτοδὴ

2247 2243 2470 2298 δύναται
2503 2245 2565 2298 τὸ
2604 2246 2732 2318 δόρυ
2777 2245 2864 2301 διά
2897 2247 2996 2319 τὴν
3033 2247 3272 2301 εἴσδυσιν
3297 2249 3406 2302 τῶν
3440 2249 3645 2318 ἀκίδων,
3678 2251 3771 2304 οὔτε

2248 2333 2392 2404 ξίφει
2417 2337 2714 2408 διατεμεῖν,
2747 2338 2824 2408 τῷ
2853 2341 2926 2411 μὴ
2955 2341 3298 2409 ἐφικνεῖσθαι
3333 2342 3428 2396 τοῦ
3470 2341 3640 2407 ξύλου,
3668 2343 3774 2396 ἀλλὰ

2246 2430 2343 2484 τὸν
2361 2431 2576 2502 σίδηρον
2599 2433 3028 2502 παρατετάσθαι.
3066 2434 3321 2490 Ἐπειδὰν
3343 2435 3400 2488 δὲ
3415 2435 3570 2489 τοῦτο
3592 2435 3729 2500 ἐσίδοι
3744 2432 3778 2464 ⁵⁸

2245 2523 2274 2575 6
2295 2523 2568 2593 ⁴Ιιρᾶιγγος,
2598 2526 2626 2577 ὁ
2657 2524 2715 2578 δὲ
2746 2524 2942 2595 ἀθρόον
2970 2525 3164 2589 mea;
3189 2525 3274 2597 τῷ
3306 2527 3428 2580 ποδὶ
3453 2528 3544 2580 καὶ
3571 2529 3774 2596 ἐμπατή·

2248 2631 2345 2678 σας
2397 2615 2487 2668 τὸν
2549 2616 2912 2687 σαυρωτῆρα,
2964 2618 3290 2689 καταϐρίθει
3338 2619 3438 2691 τὴν
3485 2619 3669 2674 ἀσπίδα
3706 2621 3775 2674 καὶ

2245 2705 2499 2774 κατάγει,
2551 2705 2626 2770 ὡς
2671 2708 3010 2778 ύποχαλάσαι
3056 2710 3154 2778 τὴν
3201 2709 3300 2764 τοῦ
3350 2711 3597 2782 φέροντος
3637 2713 3772 2781 χεῖρα,

2245 2799 2341 2854 καὶ
2366 2798 2717 2870 γυμνωθῆναι
2750 2798 2848 2870 τὴν
2880 2799 3119 2870 κεφαλὴν
3165 2803 3265 2855 καὶ
3295 2802 3359 2855 τὸ
3405 2801 3632 2871 στέρνον.
3673 2800 3775 2852 Τότε

2243 2891 2309 2960 δὴ
2340 2889 2432 2948 οὖν
2460 2893 2624 2948 αὑτὸν
2641 2896 2688 2928 ⁵⁸
2717 2895 2996 2967 ἄφρακτον
3027 2897 3235 2960 ἐκεῖνος
3269 2894 3404 2948 ἐλὼν
3433 2895 3619 2966 ῥᾳδίως
3646 2894 3775 2947 ἀπόλι

2244 2986 2421 3048 λυσιν,
2465 2987 2498 3056 ἢ
2555 2986 2616 3040 τὸ
2671 2989 2922 3056 μέτωπον
2971 2989 3192 3043 πελέκει
3245 2988 3511 3055 πατάξας,
3557 2988 3588 3060 ἢ
3631 2987 3774 3057 δόρατι

2245 3077 2417 3148 ἑτέρῳ
2480 3079 2580 3148 τὴν
2629 3080 2887 3150 φάρυγγα
2943 3080 3215 3144 διελάσας.
3276 3081 3511 3150 Τοιαύτη
3561 3080 3650 3150 μὲν
3691 3081 3776 3141 τοῖς

2242 3171 2516 3240 Φράγγοις
2550 3172 2584 3242 ἠ
2614 3172 2848 3238 ὅπλισις,
2879 3175 2976 3226 καὶ
3006 3175 3064 3226 ἐν
3084 3172 3276 3246 τοῖσδε]
3293 3172 3363 3227 τά
3391 3173 3448 3236 ἐς
3470 3171 3560 3225 τὸν
3588 3169 3776 3238 πόλεμον

2244 3264 2740 3333 παρεσκευάζοντο.

2315 3356 2388 3422 ς’.
2414 3359 2466 3411 Ν
2469 3359 2642 3428 αρσῆς
2665 3358 2720 3412 δὲ
2738 3359 2767 3411 ὁ
2785 3359 2831 3391 ⁸⁸
2850 3357 2959 3412 τῶν
2981 3357 3273 3428 Ῥωμαίων
3291 3357 3610 3429 στρατηγὸς,
3630 3352 3776 3423 ἐπειδὴ

2240 3449 2420 3505 ταῦτα
2453 3451 2704 3519 ἐγνώκει,
2748 3451 2946 3505 αὐτίκα
2977 3452 3072 3514 ὅγε
3102 3451 3307 3506 ἅπαντι
3333 3451 3412 3521 τῷ
3444 3447 3648 3519 στρατῷ
3672 3447 3778 3517 ἄρας

2241 3543 2307 3596 ἐκ
2334 3542 2438 3612 τῆς
2468 3535 2720 3613 Ῥώμης,
2758 3541 3252 3613 στρατοπεδεύεται
3282 3543 3344 3595 ού
3379 3541 3562 3613 πόρῤω
3587 3539 3681 3592 τῶν
3707 3553 3778 3589 πο-

2241 3635 2468 3706 λεμίων,
2498 3637 2614 3690 ἀλλ’
2641 3638 2766 3690 ὅσον
2795 3636 3042 3704 πατάγου
3074 3653 3132 3689 τε
3163 3636 3408 3700 ἀκούειν,
3440 3635 3531 3688 καὶ
3557 3631 3716 3702 διορᾷν
3733 3629 3779 3681 τὸ

2242 3728 2555 3798 χαράκωμα
2579 3743 2592 3757 ⁸
2641 3727 2785 3786 οὕτω
2834 3727 2892 3780 δέ
2941 3727 3051 3780 τῶν
3097 3725 3535 3798 στρατευμάτων
3575 3720 3780 3790 ἀλλήλοις

2243 3821 2646 3891 ἀναφανέντων,
2676 3821 2846 3890 πολλὴ
2879 3821 2978 3891 μὲν
3009 3819 3360 3893 ἑκατέρωθεν
3381 3819 3618 3889 ὑπῆρχεν
3639 3811 3779 3882 παρά-

2241 3914 2413 3980 ταξις,
2463 3913 2656 3968 πολλαὶ
2697 3914 2754 3967 δὲ
2785 3913 3043 3984 φρουραὶ,
3096 3915 3191 3966 καὶ
3240 3911 3560 3984 ἀγρυπνίαι,
3595 3903 3779 3961 καὶτῶν

2246 4006 2570 4077 στρατηγῶν
2598 4006 2703 4059 ἀνὰ
2747 4007 2816 4059 τὰ
2859 4004 3038 4075 πλήθη
3083 4005 3541 4076 περινοστήσειςο
3585 3999 3717 4060 ἐλπὶς
3740 3994 3780 4046 δὲ

2243 4099 2340 4153 καὶ
2367 4098 2484 4160 δέος
2518 4097 2615 4151 καὶ
2646 4096 2977 4166 παλιμϐολία
2993 4096 3062 4159 ⁵⁷,
3097 4097 3191 4148 καὶ
3223 4097 3326 4149 ὅσα
3355 4096 3469 4158 τοῖς
3497 4090 3618 4161 περὶ
3642 4085 3778 4158 μεγά·

2243 4191 2351 4244 λων
2397 4190 2820 4258 ἀγωνιουμένοις
2853 4189 2896 4221 ”
2941 4188 3234 4258 παράλογα
3292 4189 3601 4256 ἐγγίγνεται
3647 4177 3778 4243 πάθη.

2243 4284 2432 4338 ἄλλοτε
2495 4283 2675 4345 ἄλλοις
2725 4280 2988 4348 ἐπεφοίτα
3016 4297 3030 4313 ’
3081 4279 3150 4334 τά
3177 4279 3238 4333 δὲ
3270 4281 3371 4349 τῆς
3404 4275 3624 4336 Ἰταλίας
3662 4269 3778 4323 πολὶ-

560 4353 717 4410 baut.
754 4358 947 4414 Omnia
977 4377 1108 4417 vero
1139 4363 1306 4420 Italia:
1336 4368 1532 4438 oppida
1561 4369 1726 4426 dubia
1761 4389 2141 4446 suspensaque

2246 4395 2428 4450 σματα
2444 4377 2698 4448 μετέωρα
2725 4371 2793 4445 ἦν
2826 4375 3042 4428 ἅπαντα
3061 4374 3154 4428 καὶ
3186 4371 3544 4442 δεδονημένα,
3566 4367 3643 4437 ἐφ’
3661 4361 3777 4425 0'56"

559 4449 861 4518 haerebant,
882 4455 970 4508 cui
990 4456 1204 4512 tandem
1224 4461 1364 4528 parti
1379 4461 1651 4518 cederent.
1676 4465 1887 4522 Interea
1909 4467 2129 4538 Franci,

2246 4469 2308 4523 ἂν
2339 4469 2435 4522 καὶ
2478 4467 2780 4537 χωρήσοιεν
2831 4463 3262 4534 ἀμφιγνοοῦντα.
3313 4463 3404 4515 Ἐν
3453 4460 3618 4529 τούτῳ
3660 4453 3708 4508 δέ
3743 4452 3777 4504 οἱ

559 4542 841 4612 proximos
903 4546 1052 4604 vicos
1110 4560 1429 4620 vastantes,
1502 4568 1873 4614 commeatum
1952 4571 2134 4620 trans-

2246 4560 2486 4634 Φράγγοι
2511 4559 2610 4623 τὰς
2631 4555 2897 4630 ἐχομένας
2928 4555 3120 4628 κώμας
3151 4556 3433 4628 δῃοῦντες,
3461 4553 3527 4607 τὰ
3548 4547 3778 4618 ἐπιτήδεια

558 4633 852 4692 vehebant.
884 4639 1038 4706 Quod
1075 4643 1164 4696 uhi
1191 4644 1577 4702 animadvertit
1609 4647 1835 4714 Narses,
1869 4658 1938 4707 ad
1972 4671 2135 4712 suum

2246 4633 2428 4723 σφίσιν
2452 4648 2754 4719 ἀναφανδὸν
2783 4645 3110 4717 διεκόμιζον.
3150 4646 3381 4718 Ναρσῆς
3413 4645 3470 4698 δὲ
3495 4640 3641 4697 τοῦτο
3666 4634 3775 4696 ἰδὼν.

561 4726 795 4784 dedecus
827 4731 929 4788 hoc
956 4735 1227 4803 pertinere
1251 4739 1508 4794 censebat
1544 4741 1882 4815 molesteque
1907 4746 2135 4817 ferebat,

2246 4744 2434 4818 αἶσχος
2477 4744 2676 4798 οἰκεῖον
2724 4743 2909 4814 ἡγεῖτο
2954 4740 3049 4795 καὶ¹
3095 4739 3476 4811 ἐχαλέπαινεν,
3517 4735 3624 4802 είγε
3663 4724 3776 4792 ὲξιίη

559 4822 607 4878 si
630 4822 864 4880 hostium
895 4828 1116 4884 calones
1137 4830 1212 4886 ita
1247 4831 1418 4890 libere
1445 4835 1560 4892 loca
1591 4853 1756 4908 quam
1784 4843 2024 4900 maxime
2053 4847 2135 4902 vi-

2246 4843 2356 4903 τοῖς
2393 4837 2504 4891 τῶν
2543 4835 2828 4906 δυσμενῶν
2866 4833 3195 4904 ἀχθοφόροις
3228 4830 3376 4886 οὕτω
3407 4831 3471 4900 δή
3505 4845 3583 4880 τοι
3601 4825 3641 4856 ⁸ο
3666 4823 3778 4874 ἀνεισ

559 4913 682 4968 cina
740 4918 1166 4986 pertransirent,
1213 4924 1439 4992 perinde
1476 4941 1542 4982 ac
1574 4928 1623 4982 si
1661 4929 1869 4986 nullum
1923 4935 2132 4991 hostem

2246 4934 2441 5006 μένους
2494 4930 2769 5000 ἐγγύτατα
2813 4912 3275 4996 διαπορεύεσθαι,
3341 4923 3527 4995 ὥσπερ
3582 4913 3776 4974 οὐδενότι

559 5003 843 5062 vidissent.
886 5008 1070 5066 Visum
1103 5013 1288 5083 itaque
1329 5016 1378 5070 ei
1416 5032 1524 5073 non
1555 5029 1642 5074 est
1691 5025 1928 5092 amplius
1958 5027 2008 5082 id
2059 5027 2135 5082 fe-

2246 5003 2532 5082 ἀντίπαλον
2563 5023 2876 5095 θεωμένοις.
2931 5019 3135 5074 Ἐδόκει
3165 5014 3261 5073 οὖν
3288 5017 3440 5087 αὐτῷ
3478 5017 3576 5068 οὐκ
3599 5013 3775 5074 ἐπιτρε·

558 5096 810 5165 reudum,
847 5101 942 5156 sed
973 5104 1229 5163 omnibus
1267 5108 1476 5166 viribus
1515 5115 1942 5182 prohibendum.
1987 5119 2132 5176 Cha-

2246 5119 2381 5173 πτέα
2413 5117 2682 5183 τολοιπὸν,
2718 5115 2856 5171 ἀλλά
2887 5115 3051 5169 παντὶ
3083 5112 3263 5168 σθένει
3291 5107 3658 5166 διακωλυτέον.
3688 5097 3774 5153 Χα-

1860 5273 2096 5332 VARUE
2129 5272 2534 5333 LECTIONES.

632 5426 679 5515 δέ
709 5428 872 5515 δεήσῃ
902 5431 968 5490 R.
1043 5433 1450 5515 ⁸⁸ῥφικνεῖσθαι
1477 5439 1547 5515 ll,
1579 5439 1928 5515 ἀφικνεῖσθαι
1988 5444 2137 5515 vulg.
2230 5441 2277 5474 "
2303 5441 2579 5515 ἀγγιστρα
2617 5439 2763 5515 vulg.
2823 5438 3288 5515 ὐπογναπτὸμιξνφ
3316 5436 3382 5504 Ην
3431 5437 3583 5502 imp“
3619 5437 3768 5515 F0555:

563 5508 742 5582 multa,
782 5493 1252 5584 ύπόγαμπτόρξενα
1291 5508 1458 5584 vulg”
2187 5528 2206 5567 ι
2231 5493 2363 5584 ιιι-ξ’
2388 5493 2459 5543 ’δε
2509 5493 2638 5584 οὔτε
2659 5493 2818 5584 ἄλλον
2851 5493 2974 5563 τινά
3001 5493 3238 5584 add._'R,
3275 5493 3442 5584 impr.
3482 5493 3629 5572 11.84"?
3659 5493 3768 5584 ﬁl?

559 5570 859 5652 T‘i‘quam
893 5564 980 5652 ξ.δό
1009 5564 1330 5652 έΥέὶξόμεναι
1370 5564 2517 5652 ζῇᾄσαρκί.Ἰηιρῖῖίεξνᾶξὲ-ίαξὶιιῖΙιωνειιε
2545 5564 2676 5652 (ης
2713 5579 2958 5652 ’ξίιηίριξ
3015 5564 3237 5652 legebat.
3277 5564 3580 5652 ἐπάτουν-δ
3609 5564 3764 5652 ’ἩΤἿΫ

561 5633 724 5726 ille;
747 5656 874 5726 01η...
893 5642 961 5726 R.
1007 5645 1080 5726 ιδ’
1102 5633 1514 5726 ’σύρομέννούίιῇ
1542 5633 2007 5726 συρομένῆ-νιιίέξ
2310 5633 2852 5726 ἐξέλξύίσᾷιίιηιςι.),
2875 5633 3014 5726 labre
3043 5633 3411 5726 *ξυνελκύσας
3430 5644 3566 5726 vulg.
3591 5724 3600 5726 Δ
3631 5633 3675 5726 ξ
3702 5635 3769 5726 ὲΪς

567 5706 666 5792 ξρθι
825 5711 874 5743 ⁸⁸
904 5712 1064 5792 αὑτὸν
1086 5706 1211 5771 είίᾱξ
1244 5706 1410 5792 éx‘l‘l,
1430 5706 1593 5792 intpr.
1613 5706 1833 5792 hostem:
1864 5706 2004 5776 73°06
2024 5706 2241 5779 add.ex_
2266 5706 2368 5792 Β]
2411 5722 2456 5792 δῖ
2486 5706 2825 5792 παλιμόὸλίέ
2842 5706 2851 5713 ’
2875 5720 2942 5784 R,
2984 5706 3340 5792 παὶξιμόολίαι
3379 5706 3546 5792 Lugd:
3585 5724 3601 5763 1
3632 5708 3767 5792 [lli]?

567 5778 719 5863 inid.
760 5793 948 5863 ιρι..⁵
999 5784 1158 5863 idque
1210 5774 1564 5863 e_x_p_lic_at-:'_ﬂ
1607 5774 2480 5863 εὐμετάϐλητος*γνῦμῆξῖιυςῶ
2537 5774 2678 5863 θοίιζ.
2731 5774 3139 5861 παλιμέουλίαιξ
3175 5791 3320 5863 quod
3371 5774 3508 5856 vulg.
3570 5774 3762 5836 exhibe"

566 5845 1156 5921 ⁸⁸ἀγωνιξομένοιςίιι
1234 5845 1582 5927 "warm.
1663 5845 2456 5937 sowzw'sa’zagitaaeasn
2498 5860 2716 5930 stvulg.
2785 5845 2792 5848 ·
2866 5845 2878 5861 “
