4030 6428
275 401 406 469 1341

1455 410 2002 474 HISTORIARUM
2053 413 2285 476 LIBER
2305 415 2392 478 II.

3388 419 3528 489 1342

278 521 486 592 ράγγης
500 520 542 553 ⁶¹
567 519 624 574 δέ
641 537 726 584 τις
750 520 893 594 ἀνὴρ
927 523 1230 596 Ἀρμένιος,
1258 524 1591 598 ἐνηρίθμητο
1620 528 1719 598 μὲν
1739 533 1853 594 τοῖς

1956 545 2150 600 ranges
2173 549 2318 596 vero.
2360 536 2444 590 vir
2477 536 2700 603 quidam
2729 533 3042 604 Armenius,
3074 536 3336 596 Romanis
3353 541 3526 597 tribu-

285 612 610 681 Ῥωμαϊκοῖς
659 612 1008 684 ταξιάρχοις,
1064 617 1441 688 ἀνδρειότατος
1488 620 1546 674 δὲ
1594 617 1662 691 ἦν
1697 624 1754 685 ἐς
1784 623 1854 677 τὰ

280 703 510 774 μάλιστα
541 704 634 757 καὶ
669 707 965 777 φρενήρης,
995 708 1091 762 καὶ
1135 710 1194 761 ἐν
1237 709 1412 762 δέοντι
1463 711 1850 780 φιλοκίνδυνος.

277 795 458 866 Τούτῳ
503 797 568 868 δὴ
617 793 710 852 οὖν
755 800 834 870 τῷ
878 801 1146 872 Χαράγγῃ
1206 803 1429 872 (ἵδρυτο
1465 804 1575 876 γὰρ
1611 806 1754 876 ἀμφὶ
1792 807 1851 860 τὸ

276 889 449 959 τέρμα
483 891 578 943 τοῦ
613 892 978 961 στρατοπέδου
1020 893 1389 964 πλησιαίτατα
1425 898 1535 950 τῶν
1577 899 1852 970 πολεμίων

277 983 764 1053 ἐσκηνωμένος⁰²),
820 986 1254 1056 παρακελεύεται
1288 989 1317 1041 δ
1365 989 1591 1061 Ναρσῆς
1640 992 1852 1046 ἐπιέναι

275 1076 387 1136 τοῖς
408 1073 799 1144 ἀμαξελάταις,
828 1079 924 1132 καὶ
968 1078 1052 1150 [Ρ.
1079 1079 1170 1153 42]
1207 1081 1451 1136 σίνεσθαι
1486 1083 1684 1147 αὐτοὺς
1728 1085 1852 1139 καθ’

275 1165 306 1220 ὃ
347 1185 398 1220 τι
445 1167 512 1221 ἂν
557 1168 810 1235 δύναιτο,
863 1170 940 1234 ὡς
976 1169 1043 1225 ἂν
1075 1173 1270 1240 μηκέτι
1317 1172 1468 1241 χιλὸν
1517 1173 1854 1244 διακομίζειν

276 1257 533 1328 τολμῷεν.
585 1260 695 1312 Καὶ
739 1260 798 1324 ὃς
828 1260 1022 1332 ἁθρόον
1054 1261 1494 1333 ἐξιππασάμενος
1518 1264 1562 1296 ⁵³
1592 1265 1711 1335 ἅμα
1745 1265 1855 1318 ὀλί-

276 1363 390 1414 γοις
415 1347 510 1400 τοῦ
537 1349 675 1420 ἀμφ’
705 1350 867 1405 αὐτὸν
887 1352 1183 1422 τάγματος,
1203 1353 1301 1417 τὰς
1328 1354 1426 1424 μὲν
1445 1353 1612 1418 ἄλλας
1633 1355 1850 1426 ἁμάξας

274 1440 607 1511 ἀφαιρεῖται,
640 1442 737 1497 καὶ
767 1446 895 1509 τοὺς
924 1447 1158 1515 ἄγοντας
1183 1448 1382 1502 κτείνει
1409 1464 1424 1480 ο
1483 1449 1613 1518 μίαν
1641 1448 1698 1502 δέ
1729 1465 1852 1501 τινα

276 1533 451 1587 αὐτῶν
479 1534 658 1607 χόρτῳ
691 1539 1040 1609 σεσαγμένην
1066 1541 1242 1611 ἀγρίῳ
1273 1558 1334 1595 τε
1367 1542 1462 1595 καὶ
1491 1543 1850 1612 γεγηρακότι,

275 1625 603 1701 προσάγει⁶⁶
655 1627 736 1698 τῷ
781 1629 995 1700 πύργῳ,
1038 1630 1099 1686 δν
1145 1631 1208 1702 δὴ
1257 1633 1346 1685 ἐπὶ
1374 1632 1476 1702 τῆς
1519 1633 1763 1704 γεφύρας
1803 1637 1854 1688 ot

274 1715 514 1787 Φράγγοι
542 1716 840 1786 ἐτύγχανον
881 1720 1316 1792 ἐξειργασμένοι,
1348 1716 1492 1796 ᾖπέρ
1522 1742 1611 1796 μοι
1637 1726 1852 1796 εἴρηται

273 1807 554 1877 πρότερον.
583 1809 694 1861 Καὶ
716 1805 810 1862 οὖν
832 1809 1065 1865 ἐνταῦθα
1092 1813 1473 1883 προσπελάσας
1491 1815 1591 1885 τὴν
1612 1815 1849 1886 ἄμαξαν,

1952 619 2039 673 nis
2071 635 2337 677 accensus
2363 635 2499 687 erat,
2527 636 2786 680 strenuus
2803 625 3094 694 imprimis,
3116 634 3170 680 et
3193 627 3451 694 prudens,
3474 638 3531 684 et

1953 711 2009 765 in
2049 712 2316 769 adeundis
2343 715 2599 782 periculis
2630 716 2910 771 moderate
2941 717 3140 771 audax.
3177 717 3316 772 Huic
3346 720 3532 789 itaque

1951 802 2226 874 Charangi
2257 809 2436 870 (erant
2471 809 2616 862 enim
2650 808 2770 876 ejus
2807 793 3041 863 tentoria
3075 809 3126 863 in
3154 811 3413 866 extremis
3439 825 3534 866 ca-

1951 893 2094 963 stris.
2122 910 2288 965 quam
2323 897 2572 965 proxime
2619 897 2858 953 hostium
2895 898 3025 970 ﬁxa)
3069 900 3292 956 mandat
3330 899 3531 958 Narses

1953 995 2014 1041 ut
2040 986 2096 1041 in
2141 1002 2405 1043 curruum
2448 998 2698 1046 vectores
2741 990 3003 1060 impetum
3056 990 3303 1057 faceret,
3343 993 3533 1063 eisque

1951 1087 2214 1150 quantum
2243 1089 2430 1151 posset
2452 1090 2691 1146 noceret,
2726 1097 2794 1138 ne
2825 1083 3060 1152 amplius
3102 1083 3300 1152 pabula
3344 1095 3530 1139 trans-

1954 1171 2150 1227 vehere
2186 1172 2470 1230 auderent.
2509 1173 2631 1242 Ipse
2659 1187 2787 1228 vero
2827 1173 3113 1229 confestim
3153 1174 3342 1244 paucis
3375 1190 3406 1229 e
3431 1190 3530 1230 sua

1951 1263 2164 1333 legione
2215 1263 2490 1332 equitibus
2547 1279 2734 1320 secum
2780 1265 2990 1330 ductis,
3051 1265 3257 1335 reliqua
3308 1265 3531 1336 quidem

1953 1355 2193 1423 plaustra
2237 1355 2513 1424 intercipit
2552 1365 2607 1411 et
2645 1365 2894 1412 vectores
2937 1355 3192 1426 trucidat.
3243 1357 3284 1410 E
3328 1357 3530 1427 quibus

1954 1447 2060 1516 ’17
2105 1446 2368 1517 plaustris
2410 1463 2580 1503 unum
2645 1448 2818 1503 multo
2870 1449 3040 1502 rurali
3089 1448 3352 1517 aridoque
3402 1447 3530 1504 feno

1952 1548 2215 1594 onustum
2258 1537 2398 1594 turri
2431 1538 2704 1606 admovet,
2732 1553 2898 1608 quam
2943 1536 3138 1592 Franci
3171 1537 3225 1591 in
3250 1545 3412 1606 ponte
3431 1552 3532 1593 ett-

1953 1640 2284 1696 struxerant,
2313 1632 2470 1700 cujus
2501 1647 2668 1703 supra
2701 1631 3034 1686 mentionem
3060 1629 3185 1686 feci.
3213 1628 3325 1686 Hoc
3349 1631 3532 1701 itaque

1953 1725 2200 1795 plaustro
2228 1725 2304 1779 ita
2340 1723 2408 1778 ad
2462 1725 2656 1779 turrim
2691 1723 2931 1789 admoto,
2966 1721 3147 1793 ignem
3181 1721 3307 1776 feno
3330 1721 3530 1778 immit-

1956 1815 2040 1870 tit.
2082 1813 2290 1884 Ingenti
2337 1827 2466 1868 vero
2523 1811 2746 1866 flamma
2792 1820 3016 1881 repente
3077 1811 3321 1876 sublata,
3372 1809 3533 1864 facile

275 1895 388 1968 πῦρ
418 1875 677 1968 ἐμϐάλλει
706 1898 783 1969 τῷ
811 1901 1010 1972 χόρτῳ,
1049 1875 1313 1974 μεγίστης
1346 1904 1403 1958 δὲ
1436 1875 1634 1974 φλογὸς
1653 1875 1854 1973 ’ἐξαπίέ

1955 1907 2209 1962 universa
2253 1905 2423 1961 turris
2480 1911 2669 1974 utpote
2726 1903 2904 1974 lignea
2961 1901 3338 1972 conflagravit.
3387 1901 3532 1957 Tum

275 2003 372 2054 νης
393 1986 436 2018 ⁸⁸
491 1986 771 2058 ἀρθείσης,
834 1990 1032 2060 ῥᾳδίως
1081 1991 1268 2046 ἅπασα
1316 1995 1351 2063 ή
1398 1993 1590 2066 τύρσις
1633 1997 1855 2068 ἐνεπίμ-

280 2092 476 2145 πρατο,
508 2077 600 2132 ᾰτε
623 2079 686 2148 δὴ
717 2078 896 2144 ξύλοις
923 2083 1324 2154 ἐσκευασμένη.
1357 2086 1419 2139 Oi
1447 2085 1504 2139 δὲ
1532 2086 1722 2158 ἄνδρες
1743 2089 1853 2143 τῶν

279 2167 570 2240 βαρϐάρων
615 2171 801 2225 ὁπόσοι
862 2175 957 2227 ἐπὶ
1013 2177 1230 2256 φρουρᾷ
1285 2178 1616 2249 ἐτετάχατο,
1667 2182 1853 2256 ἐπειδὴ

272 2260 572 2330 ἀμύνεσθαι
594 2264 692 2338 οὐκ
710 2265 996 2336 ὴδύναντο,
1025 2252 1140 2322 ἀλλ’
1164 2270 1266 2341 ἤδη
1297 2288 1399 2326 που
1427 2273 1522 2326 καὶ
1541 2275 1692 2330 αὐτοὶ⁵
1719 2252 1854 2346 πυρί

269 2351 554 2406 πολεῖσθαι
587 2353 842 2424 ἤμελλον,
875 2356 1122 2425 ἔγνωσαν
1157 2359 1398 2431 μεθεῖναι
1425 2361 1486 2416 τὸ
1513 2365 1733 2436 χωρίον,
1758 2365 1854 2420 καὶ

264 2445 321 2496 οἱ
351 2443 452 2514 μὲν
475 2445 630 2516 μόλις
657 2446 870 2502 ἐνθένδε
894 2449 1272 2516 διεκπεσόντες
1300 2452 1393 2506 ἐπὶ
1414 2453 1473 2508 τὸ
1507 2456 1658 2523 σφῶν
1684 2473 1852 2528 στραο

266 2536 492 2592 τόπεδον
524 2539 964 2609 καταφεύγουσιν
989 2558 1003 2572 ·
1038 2545 1086 2596 οί
1110 2539 1167 2596 δὲ
1201 2543 1463 2616 Ῥωμαῖοι
1483 2548 1580 2618 τῆς
1609 2548 1854 2621 γεφύρας

263 2633 561 2703 ἐγκρατεῖς
577 2633 622 2664 ⁸⁸
644 2633 984 2705 ἐγεγένηντο.
1011 2634 1231 2690 Τούτων
1254 2636 1310 2690 δὲ
1344 2636 1488 2692 οὕτω
1519 2637 1855 2713 ξυνενεχθέν-

259 2739 397 2788 των,
428 2724 626 2778 αὐτίκα
660 2726 709 2778 οῖ
753 2726 997 2796 Φράγγοι
1044 2728 1310 2800 ταραχῆς,
1361 2729 1438 2794 ὡς
1465 2730 1526 2784 τὸ
1552 2733 1720 2800 εἰκὸς,
1769 2735 1855 2787 ἐν·

259 2817 630 2888 επὶμπλαντο,
655 2819 750 2873 καὶ
774 2820 914 2891 πρὸς
930 2820 998 2874 τὰ
1026 2820 1164 2874 ὅπλα
1193 2822 1454 2894 ἐχώρουν.
1482 2824 1854 2894 Σφαδάζοντες

258 2909 345 2981 τῷ
375 2910 532 2982 θυμῷ
558 2912 654 2965 καὶ
681 2910 1002 2978 λυττῶντες,
1038 2915 1289 2985 κατέχειν
1331 2933 1390 2969 τε
1439 2918 1498 2970 ἐν
1527 2918 1741 2983 ἑαυτοῖς
1784 2921 1854 2976 τὰ

259 3004 597 3075 φρονήματα
623 3005 723 3059 οὐκ
755 3005 1018 3076 ἠδύναντο
1032 3006 1100 3073 ⁸⁷,
1136 3007 1276 3062 ἀλλὰ
1305 3008 1594 3081 τολμητίαι
1622 3028 1688 3079 γε
1712 3007 1854 3083 ἦσαν

259 3094 415 3165 πέρα
441 3093 537 3148 τοῦ
565 3095 790 3167 μετρίου
822 3095 917 3149 καὶ
949 3096 1258 3170 θαρραλέοι,
1297 3099 1375 3163 ὼς
1402 3100 1600 3172 μηκέτι
1625 3102 1854 3173 ἠρεμεῖν

1953 1999 2170 2056 barbari
2197 2004 2464 2070 quotquot
2485 1999 2541 2052 in
2583 1996 2703 2066 ejus
2743 1994 2998 2066 prmsidio
3049 2003 3202 2050 erant
3241 1994 3519 2060 collocati,

1952 2109 2078 2150 cum
2112 2109 2240 2149 eam
2285 2092 2423 2148 tueri
2448 2107 2554 2146 non
2597 2097 2841 2160 possent,
2887 2087 3100 2157 ipsique
3151 2087 3404 2143 incendio
3430 2086 3528 2142 illo

1951 2186 2179 2257 perituri
2222 2184 2576 2249 viderentur,
2637 2181 2928 2236 stationem
2981 2178 3337 2235 deserendam
3391 2192 3525 2234 cen-

1954 2285 2214 2344 suerunt;
2238 2290 2303 2331 ac
2329 2274 2616 2331 dilIiculter
2643 2272 2863 2344 quidem
2885 2270 3253 2338 indqdelapsi,
3285 2270 3355 2326 ad
3375 2285 3534 2326 exer—

1954 2370 2123 2425 citum
2165 2370 2414 2438 ipsorum
2477 2365 2876 2436 confugerunt;
2925 2362 3158 2418 Romani
3199 2378 3328 2417 vero
3365 2371 3535 2433 ponte

1953 2461 2260 2532 potiuntur.
2295 2458 2392 2515 IIis
2415 2460 2493 2514 ita
2526 2457 2790 2527 peractis,
2825 2455 3024 2510 Franci
3070 2454 3254 2515 statim
3273 2454 3531 2520 tumultu,

1955 2553 2039 2610 uti
2074 2569 2172 2624 par
2200 2561 2340 2621 erat,
2394 2551 2539 2622 pleni
2578 2551 2645 2605 ad
2677 2564 2830 2604 arma
2873 2548 3186 2613 convolant,
3237 2547 3535 2603 frementes

1954 2649 2038 2704 ira
2061 2659 2116 2705 et
2143 2647 2340 2713 rabidi,
2368 2655 2423 2703 et
2460 2659 2676 2702 summa
2709 2644 2878 2700 animi
2921 2643 3240 2712 impotentia
3276 2641 3534 2713 correpti,

1954 2741 2210 2811 ultraque
2243 2740 2464 2794 modum
2505 2739 2740 2794 audaces
2771 2745 2828 2793 et
2869 2735 3212 2805 praeﬁdentes
3254 2748 3364 2788 non
3393 2734 3536 2788 ultra

1956 2832 2352 2904 quiescendum
2399 2830 2504 2887 sibi
2562 2828 2878 2891 censebant,
2921 2842 3100 2896 neque
3144 2825 3533 2891 cunctandum,

1943 2925 2054 2982 sed
2086 2940 2152 2980 eo
2175 2925 2294 2995 ipso
2323 2923 2412 2979 die
2442 2923 2690 2993 praelium
2731 2918 3218 2984 committendum;
3243 2923 3538 2987 quantum-

1954 3017 2039 3072 vis
2083 3015 2421 3071 Alemannici
2461 3022 2614 3069 vates
2658 3011 3041 3083 praedixissent
3089 3009 3185 3066 illo
3230 3008 3319 3066 die
3345 3008 3538 3065 confli-

1956 3107 2192 3180 gendum
2237 3122 2350 3162 non
2387 3120 2544 3172 esse,
2567 3113 2662 3160 aut
2707 3106 2913 3163 scirent
2955 3121 3015 3163 se
3048 3107 3114 3162 ad
3148 3121 3316 3160 unum
3344 3119 3537 3160 omnes

256 3185 476 3240 ἐθέλειν
505 3188 642 3258 μηδὲ
665 3187 972 3258 διαμέλλειν
989 3190 1056 3254 ⁸⁸,
1091 3190 1206 3243 ἀλλ’
1237 3191 1549 3264 αὐθημερὸν
1573 3195 1854 3265 παρατάτ-

1957 3201 2254 3272 perituros.
2279 3197 2393 3270 Ego
2431 3212 2566 3254 vero
2595 3199 2668 3254 ita
2699 3198 2958 3254 existimo
2979 3239 2995 3262 ,
3021 3197 3236 3254 etiamsi
3272 3196 3539 3267 postridie

255 3276 457 3330 τεσθαι
486 3295 502 3308 ι
549 3278 646 3332 καὶ
687 3277 864 3344 ταῦτα
916 3282 1316 3354 προειρημένον
1351 3283 1538 3348 αὐτοῖς
1588 3276 1704 3340 ὑπὸ
1745 3286 1854 3342 τῶν

269 3367 665 3439 Ἀλαμανικῶν
699 3369 968 3445 μάντεων,
1023 3373 1098 3446 μὴ
1127 3374 1236 3430 δεῖν
1265 3374 1484 3446 ἐκείνης
1512 3374 1616 3448 τῆς
1637 3377 1855 3450 ἡμέρας

244 3460 657 3535 διαμάχεσθαι,
690 3464 724 3535 ἢ
760 3463 1092 3533 γιγνώσκειν
1120 3465 1197 3531 ὡς
1228 3465 1396 3537 ἄρδην
1429 3465 1670 3531 ἅπαντες
1713 3471 1855 3525 ἀποι-

243 3553 504 3609 λοῦνται.
555 3549 726 3625 Οῐμαι
770 3555 871 3626 μὲν
917 3550 1014 3612 οὖν
1063 3558 1112 3610 ει
1162 3558 1262 3612 καὶ
1293 3560 1358 3629 τῇ
1389 3557 1711 3630 ὑστεραίᾳῆ
1761 3560 1856 3614 καὶ

246 3647 389 3704 καθ’
421 3647 615 3718 ἑτέραν
654 3649 688 3720 ἡ
721 3648 961 3722 ξυμϐολὴ
987 3650 1254 3718 ἐγεγόνει,
1290 3651 1508 3714 πάντως
1526 3651 1571 3684 ⁸9
1601 3651 1668 3706 ἂν
1695 3651 1854 3706 τοῦτο

242 3742 442 3795 ἐκεῖνο
465 3741 860 3809 ἐπεπόνθεσαν,
891 3743 1029 3814 ὅπερ
1057 3744 1151 3798 καὶ
1179 3745 1237 3799 ἐν
1264 3743 1345 3814 τῷ
1372 3743 1493 3798 τότε
1542 3743 1744 3816 ἀπέϐη.
1777 3745 1851 3798 Οὐ

248 3832 380 3903 γὰρ
405 3831 471 3904 δή
502 3849 606 3887 που
644 3833 677 3905 ἡ
729 3835 829 3905 τῆς
863 3835 1076 3906 ἡμέρας
1107 3834 1378 3906 ἐναλλαγὴ
1424 3836 1739 3907 ἀπέχρησεν
1787 3837 1854 3892 ἂν

252 3925 457 3989 αὐτοῖς
481 3926 538 3988 ἐς
561 3925 622 3979 τὸ
652 3925 727 3996 μὴ
752 3927 874 3998 οὐχὶ
888 3928 930 3958 τ⁰
961 3928 1152 3992 ποινὰς
1175 3928 1434 3984 ἀποτίσαι
1461 3921 1536 3983 ὧν
1564 3929 1857 4000 ἐτύγχανον

255 4014 632 4086 ἠσεϐηκότες.
660 4017 808 4088 Πλὴν
837 4018 951 4074 ἀλλ’
981 4019 1132 4090 ὅμως
1165 4019 1275 4072 εἴτε
1306 4017 1450 4072 οὕτω
1475 4018 1710 4089 ξυμὸὰν,
1746 4017 1855 4072 εἴτε

254 4106 375 4160 καὶ
404 4105 535 4170 τσως
565 4105 667 4161 τῶν
700 4108 1084 4179 ’Δλαμανικῶν
1112 4108 1505 4180 χρησμολόγων
1531 4109 1638 4180 ὅτῳ
1659 4109 1725 4180 δὴ
1766 4103 1860 4164 οὗν

1953 3305 2049 3350 aut
2093 3292 2200 3347 alio
2241 3292 2312 3346 ab
2353 3291 2454 3345 hoc
2500 3289 2589 3344 die
2629 3289 2879 3360 praelium
2917 3289 3273 3345 commissum
3322 3286 3536 3352 fuisset,

1952 3385 2205 3442 eumdem
2262 3384 2444 3454 plane,
2492 3382 2590 3451 qui
2639 3392 2770 3438 tunc
2806 3381 2929 3448 fuit,
2986 3391 3243 3437 eventum
3290 3379 3540 3434 futurum

1953 3478 2146 3533 fuisse.
2178 3477 2365 3546 Neque
2412 3477 2558 3530 enim
2595 3475 2760 3530 unius
2787 3475 2894 3530 diei
2936 3475 3247 3530 immutatio
3283 3473 3384 3527 hoc
3409 3471 3541 3527 effe-

1952 3569 2161 3627 cisset.
2203 3566 2495 3636 quominus
2558 3565 2851 3634 impietatis
2904 3579 3018 3620 suae
3064 3578 3256 3634 pmnas
3304 3562 3536 3617 luerent.

1957 3654 2231 3709 Caeterum
2268 3653 2384 3707 sive
2418 3653 2520 3708 hoc
2554 3653 2629 3706 ita
2657 3653 2924 3720 evenerit,
2968 3653 3084 3707 sive
3106 3651 3271 3706 etiam
3308 3649 3542 3706 fortasse

1958 3745 2071 3815 78
2094 3743 2468 3798 Alemannicis
2500 3744 2720 3798 vatibus
2747 3758 3082 3813 quocunque
3118 3743 3339 3797 tandem
3379 3741 3542 3795 modo

1960 3834 2146 3889 futura
2179 3833 2626 3904 praedicentibus,
2662 3842 2811 3888 certe
2843 3847 2954 3886 non
2981 3846 3182 3886 vanum
3220 3845 3398 3899 neque
3418 3830 3544 3884 irri-

1959 3936 2075 3981 tum
2123 3925 2176 3980 id
2215 3924 2534 3980 vaticinium
2589 3925 2780 3980 multis
2823 3933 2904 3979 est
2947 3923 3148 3977 visum.
3207 3920 3327 3987 Quo
3381 3930 3543 3990 pacto

1958 4027 2136 4087 autem
2168 4019 2425 4088 deinceps
2457 4017 2666 4086 reliqua
2695 4024 2846 4092 gesta
2885 4015 3016 4080 sint,
3051 4021 3307 4068 accurate
3334 4011 3539 4079 statim,

1967 4111 2149 4180 quoad
2176 4112 2296 4180 ejus
2328 4111 2442 4164 fieri
2481 4110 2702 4178 poterit,
2731 4109 2998 4163 dicentur.

245 4197 462 4269 τρόπῳ
505 4199 572 4254 τὰ
622 4201 860 4271 ἐσόμενα
903 4201 1392 4273 ἐπιφρασαμένων,
1437 4201 1500 4255 οὐ
1545 4203 1701 4256 κενὸν
1739 4205 1856 4266 τοῖς
1895 4204 2112 4268 πολλοῖς
2141 4203 2263 4258 οὑδέ
2290 4201 2645 4273 ἀτελεύτητον
2714 4199 2891 4264 ἔδοξεν
2955 4193 3095 4252 εἶναι
3133 4195 3196 4250 τὸ
3231 4194 3538 4266 μάντευμα.

246 4293 460 4356 Ὅπως
489 4292 546 4347 δὲ
573 4293 683 4348 τῶν
709 4294 908 4365 ἐφεξῆς
934 4296 1142 4350 ἕκαστα
1177 4294 1451 4367 ἐπράχθη,
1487 4293 1686 4348 αὐτίκα
1717 4296 1776 4358 ἐς
1797 4295 1860 4349 τὺ
1896 4297 2122 4368 ἀκριϐὲς
2153 4296 2228 4361 ὡς
2254 4290 2368 4351 οἷόν
2390 4296 2448 4348 τέ
2480 4311 2571 4365 μοι
2600 4292 2892 4357 λελέξεται.

329 4383 408 4448 ζ’.
459 4383 518 4438 ⁸0
548 4387 648 4455 μὲν
675 4385 786 4457 γὰρ
817 4386 926 4441 τῶν
953 4387 1222 4458 Φράγγων
1266 4387 1402 4451 λεὼς
1435 4381 1539 4441 ὧδέ
1572 4405 1689 4451 πως
1715 4385 1855 4458 εἶχεν

2039 4392 2090 4446 7.
2130 4389 2327 4446 Franci
2381 4389 2565 4459 itaque
2599 4388 2672 4442 ita
2727 4386 2927 4440 animis
2971 4383 3314 4445 aestuabant,
3347 4389 3402 4436 et
3428 4381 3542 4452 jam

231 4475 466 4547 ὁρμῆς,
514 4477 610 4530 καὶ
664 4477 766 4548 ἤδη
817 4478 1003 4542 αὐτοῖς
1025 4479 1069 4511 τί
1115 4479 1185 4534 τὰ
1212 4479 1354 4534 ὅπλα
1397 4481 1858 4552 μετεκεχείριστο.

260 4566 576 4633 Ἐξὼπλισε
625 4568 684 4622 δὲ
736 4570 829 4624 καὶ
879 4573 908 4625 ὁ
957 4572 1182 4643 Ναρσῆς
1227 4573 1354 4636 τοὺς
1393 4572 1718 4642 Ῥωμαίους,
1766 4574 1862 4627 καὶ

241 4659 514 4730 ὑπεξῆγε
545 4659 640 4714 τοῦ
671 4663 1061 4734 στρατοπέδου,
1090 4667 1174 4735 ἐφ’
1202 4657 1248 4734 ᾧ
1275 4666 1334 4718 ἐν
1368 4665 1682 4737 μεταιχμίῳ
1703 4666 1851 4734 γενέ-

243 4753 420 4817 σθαι,
457 4744 632 4825 οὗπερ
680 4752 790 4808 ἔδει
836 4756 1035 4821 αὐτοὺς
1084 4758 1144 4822 ἐς
1192 4757 1451 4828 φάλαγγα
1497 4757 1858 4827 καταστῆναι.

265 4845 372 4899 Ἐν
405 4839 451 4916 ᾧ
473 4847 531 4901 δὲ
573 4848 637 4901 τὸ
676 4848 997 4921 στράτευμα
1026 4849 1331 4922 ἐκεκίνητο,
1359 4851 1456 4903 καὶ
1487 4851 1588 4922 ἥδη
1633 4852 1661 4904 ὁ
1697 4867 1862 4922 στρα-

239 4936 442 5006 τηγδς
487 4937 575 5009 τῷ
614 4938 766 5010 ἵππῳ
813 4939 1240 5011 ἐπεϐεϐήκειτί,

1296 4939 1622 5009 ἀγγέλλεται
1666 4941 1738 5004 οἱ,
1789 4939 1866 5002 ὡς

1965 4498 2116 4538 arma
2155 4483 2555 4553 corripuerant.
2600 4477 2798 4533 Nat-ses
2837 4477 3000 4532 etiam
3043 4490 3173 4531 suos
3209 4474 3438 4528 armavit
3461 4488 3542 4528 ca-

1965 4574 2208 4643 strisque
2241 4571 2452 4636 eduxit,
2481 4569 2660 4624 donec
2687 4567 2755 4621 ad
2787 4565 3025 4620 medium
3049 4563 3193 4618 inter
3215 4562 3355 4616 duos
3384 4576 3543 4615 exer-

1964 4667 2105 4722 citus
2134 4665 2374 4734 spatium
2402 4663 2663 4726 venisset,
2711 4658 2802 4714 ubi
2849 4656 3134 4727 Oportebat
3159 4668 3255 4708 eos
3284 4653 3338 4706 in
3369 4653 3543 4708 aciem

1964 4757 2200 4826 disponi.
2234 4754 2442 4810 Interea
2471 4767 2603 4808 vero
2640 4752 2776 4805 dum
2811 4747 3089 4804 exercitus
3119 4752 3323 4809 movet,
3353 4752 3410 4798 et
3430 4743 3544 4813 jam

1967 4857 2173 4920 praetor
2202 4861 2402 4917 equum
2437 4843 2851 4906 conscenderat,
2889 4838 3173 4894 nuntiatur
3205 4836 3308 4907 ipsi
3367 4835 3545 4891 Heru-

1965 4941 2077 4996 lum
2109 4939 2403 5009 quemdam
2452 4951 2560 4991 non
2591 4951 2622 4991 e
2651 4934 2839 4990 multis
2862 4934 3004 4987 inter
3035 4931 3206 5001 ipsos,
3237 4941 3415 4998 neque
3444 4927 3546 4982 ob-

1965 5047 2207 5097 scurum,
2235 5030 2328 5086 sed
2356 5029 2594 5084 nobilem
2633 5024 2908 5096 imprimis
2942 5023 3321 5092 illustremque
3342 5018 3546 5084 virum,

1965 5123 2260 5196 quemdam
2291 5139 2324 5180 e
2350 5121 2664 5179 domesticis
2706 5121 2822 5176 suis
2863 5118 3069 5189 servis,
3103 5115 3249 5186 quod
3278 5112 3461 5182 aliqua
3488 5110 3545 5164 in

1965 5232 2024 5271 re
2053 5215 2393 5286 deliquisset,
2418 5213 2728 5270 miserrime
2746 5207 3112 5267 interfecisse.
3142 5203 3338 5260 Statim
3360 5203 3548 5271 itaque

249 5024 538 5098 Ἔρουλός
567 5046 651 5092 τις
682 5029 846 5102 ἀνὴρ,
895 5031 957 5084 οὐ
993 5030 1103 5085 τῶν
1145 5030 1359 5086 πολλῶν
1388 5031 1519 5102 παρ’
1547 5032 1732 5094 αὐτοῖς
1775 5029 1868 5084 καὶ

241 5118 755 5188 διαλανθανόντων,
780 5123 900 5178 ἀλλ’
928 5124 1264 5196 εὐπατρίδης
1284 5126 1345 5178 ἐν
1371 5125 1486 5186 τοῖς
1517 5125 1752 5193 μάλιστα
1773 5123 1868 5176 καὶ

245 5211 548 5285 ἀρίδηλος,
598 5214 696 5270 ἐνα
742 5216 852 5270 τῶν
895 5217 1115 5272 οἰκείων
1163 5217 1513 5289 θεραπόντων
1549 5215 1869 5280 ἀπεκτονὼς

1555 5369 1788 5426 VARhE
1827 5367 2120 5425 LECTION
2128 5367 2234 5422 ES.

339 5483 396 5563 ‘_‘_
419 5487 787 5563 Χαράγγηςιὶ
813 5498 869 5563 et
905 5491 1070 5562 intpr.
1095 5491 1186 5548 hic
1219 5501 1461 5563 etmox.
1484 5489 1642 5563 Vulg.
1662 5486 2055 5560 Χαναράγγης,
2078 5484 2253 5563 quod,
2288 5492 2446 5563 puto,
2476 5481 2740 5563 memoria
2769 5495 2837 5536 ex
2875 5476 3128 5563 Procopii
3151 5472 3546 5563 ξἐνεῖεξεὲιρο

249 5539 868 5632 νῳίιῖθξῖἑέτῖὖᾷὖιῖ,
890 5539 1194 5619 iiiiiﬁéin'iir'i
1219 5539 2122 5632 {6iIiiﬁ'nsﬁﬁibiijeh‘ééégiid
2158 5539 2542 5632 ἐσκηνωμέγος
2581 5539 3240 5632 Βηὲσκηνῃμένιξέγιιιεο
3395 5539 3545 5632 {ei}?

251 5611 2751 5703 ςτάεάξ-’ῇςν-οῖέιξε.’ξπΓξέάειέξέηῑὴτ-ξηςξξρξῑάιθέρςῇλξιίιεαπιγηίιι.;,εξαῖιεινάίῳς
2779 5611 2922 5703 ειμι.
3001 5611 3046 5652 σε
3077 5611 3542 5703 ξχμραξεῖίεςιές

247 5714 331 5774 εκ
364 5682 454 5774 s,’
473 5682 638 5774 intpr.
676 5682 958 5759 usitati};
982 5682 1406 5774 tetigt-$551.1;
1425 5682 1928 5774 passast-adiit
1959 5682 2125 5774 igiﬁjr
2148 5682 2332 5774 ειθῐςς.
2367 5682 3018 5774 ’Υιιὶοο,,εοῐι]ο’,κξ⁵ρῖοιι,
3076 5682 3553 5774 ’ἴὲθεμξίμηξὶαξῖξα

249 5751 349 5845 n;_
364 5751 2011 5845 δέεξξέῑέτλοῑιξδῖοωέ.⁷πῑῖςξειεῖέᾶλέῖντιξἐτεάελέπείπιίιέ.σ
2139 5751 2338 5832 πάντες
2385 5765 2452 5820 n.
2604 5751 2922 5834 {th-0011“,
2955 5760 3029 5833 μὴ
3067 5759 3127 5814 οὐ
3151 5751 3317 5826 vuig:
3373 5751 3421 5785 τε

246 5841 384 5905 τοῖς
409 5841 480 5912 R,
513 5841 664 5915 αὐτῷ
697 5845 842 5917 vulg.
917 5841 1307 5920 ⁷²ἐπι6ε6ή⁷κει
1337 5844 1402 5900 Β.
