4030 6424
633 401 769 468 1343
1816 397 2174 460 AGATHIIE
2205 400 2694 467 SCHOLASTICI
3101 479 3108 484 κ
3695 428 3798 499 13“

628 515 877 574 adductis
911 515 1138 572 habenis
1161 530 1362 585 equum
1389 513 1617 578 sistens,
1646 513 1975 570 homicidam
2008 517 2062 570 in
2087 532 2204 572 me-

2233 522 2281 579 Α
2306 521 2391 622 εἰη
2423 521 2765 622 οἰκτρότατα.⁸
2780 525 2862 622 ἐφ’
2901 525 3105 622 ὀτῳούν
3136 530 3227 622 καὶ
3259 532 3534 601 σφαλέντα.
3563 541 3734 600 Λύτίκα
3752 550 3798 622 δὴ

627 611 780 666 dium
829 608 1122 679 producit,
1168 616 1425 676 tanquam
1468 605 1552 660 fas
1591 620 1701 660 non
1745 616 1894 661 esset
1953 607 2200 677 praelium

2302 603 2396 662 οὖν
2428 611 2664 702 ἐπισχὼν
2696 611 2774 682 τῷ
2803 614 2998 685 ῥυτῆρι
3024 617 3115 670 τὸν
3147 618 3330 686 τππον,
3366 625 3582 695 παράγει
3602 632 3652 692 ἐς
3675 603 3798 702 μέσος

639 706 806 764 adtre.
840 705 944 759 nisi
981 705 1126 760 caede
1167 703 1405 772 expiata.
1455 701 1826 774 Interrogatus
1860 713 1990 772 ergo
2028 699 2098 754 ab
2133 713 2202 754 eo

2304 700 2396 795 τον
2431 701 2777 795 ἀνδροφόνον,
2829 705 2905 769 ὡς
2946 707 3045 778 οὐχ
3079 709 3224 762 ὅσιον
3270 711 3330 766 ὃν
3378 715 3466 768 ἐπὶ
3505 717 3587 771 τὸν
3617 699 3801 795 πόλεμον

625 795 916 860 barbarus,
945 811 1067 850 cum
1099 794 1301 848 factum
1332 793 1598 849 fateretur
1628 806 1808 864 neque
1833 791 2050 846 inﬁcias
2077 789 2198 856 iret,

2307 791 2442 846 ίέναι
2467 793 2596 863 πρὶν
2622 795 3073 867 ἀπολυμήνασθαι
3113 799 3206 853 καὶ
3231 801 3513 870 ἀφαγνίσαι
3537 805 3590 858 τὸ
3615 789 3799 881 μίασμα.

625 891 737 944 imo
773 904 803 944 e
845 889 1123 943 contrario
1169 896 1472 952 assereret,
1516 887 1746 942 liberam
1798 885 2037 941 dominis
2082 897 2203 938 esse

2317 881 2470 935 Ἐπεὶ
2492 882 2550 936 δέ
2573 883 2722 954 αὐτῷ
2752 886 3142 960 πυνθανομένῳ
3167 888 3243 944 ’τὸ
3268 893 3499 963 πραχθὲν
3529 897 3803 972 άνωμολόγιι

623 987 950 1049 potestatem
999 978 1066 1032 de
1106 977 1279 1032 servis
1324 978 1437 1032 suis
1463 991 1564 1048 pro
1595 991 1697 1032 suo
1737 975 1965 1031 arbitrio
2015 974 2203 1030 decer-

2303 973 2334 1024 6
2363 972 2637 1045 βάρϐαρος
2665 977 2758 1029 καὶ
2783 977 2882 1030 οὐκ
2911 979 3155 1050 ἀνῄνετο,
3195 983 3494 1038 τούναντίον
3526 987 3614 1057 μὲν
3639 988 3716 1044 οὖν
3738 999 3805 1050 καὶ

624 1070 812 1136 nendi,
844 1076 904 1122 ut
933 1077 989 1123 et
1019 1068 1108 1122 alii
1136 1069 1362 1133 scirent,
1392 1069 1497 1124 nisi
1535 1068 1772 1126 ofﬁcium
1815 1067 2095 1132 facerent,
2129 1067 2204 1120 si-

2304 1063 2494 1154 ἐφετὸν
2511 1065 2559 1097 ’³
2591 1061 2731 1119 εἶναι
2762 1067 2966 1138 ἔφασκε
2989 1073 3103 1136 τοῖς
3131 1075 3481 1146 κεκτημένοις
3517 1077 3595 1151 [Ρ.
3616 1081 3805 1154 451τοὺς

622 1158 826 1212 utiliter
848 1171 1031 1212 secum
1057 1167 1242 1212 actum
1280 1159 1345 1212 iri
1376 1174 1389 1210 :
1445 1173 1570 1213 cum
1630 1158 1815 1228 itaque
1855 1155 2020 1211 veluti
2055 1156 2202 1211 nulla

2307 1153 2612 1226 σφετέρους
2650 1154 2936 1232 δούλουςῇ
2970 1160 3250 1230 βούλονται
3286 1165 3538 1236 μετιέναι,
3573 1170 3645 1223 ὅτι
3667 1153 3714 1226 τε
3740 1180 3806 1232 καὶ

619 1250 785 1306 caedis
812 1257 1134 1320 perpetrata:
1181 1251 1517 1321 paenitudine
1561 1251 1782 1318 ductus,
1811 1249 2066 1320 pervicax
2095 1247 2206 1319 '79

2303 1243 2352 1296 οί
2379 1243 2576 1314 ἐτεροι,
2605 1247 2653 1297 εί
2683 1247 2760 1317 μὴ
2783 1251 3128 1320 σωφρονοῖεν,
3158 1251 3295 1307 ἀλλά
3317 1254 3422 1324 γὰρ
3446 1257 3536 1310 καὶ
3557 1259 3653 1312 οἵδε
3674 1278 3806 1333 παρα-

621 1351 676 1396 et
700 1341 1085 1412 iactabundus,
1105 1353 1165 1418 aet
1186 1343 1390 1397 eaedem
1433 1342 1664 1412 spiranti
1693 1341 1893 1397 similis
1916 1355 2204 1411 permane-

2306 1333 2510 1405 πλήσια
2525 1335 2572 1366 ’⁸
2599 1337 2876 1391 πείσονται
2898 1357 2911 1369 ·
2948 1341 3133 1414 ἐπειδὴ
3163 1339 3254 1397 οὖν
3279 1343 3464 1416 ὥσπερ
3482 1349 3538 1401 ού
3568 1355 3807 1423 μεταμέλον

622 1445 728 1502 ret,
753 1435 954 1490 Narses
986 1435 1299 1499 lictoribus,
1324 1444 1386 1490 ut
1411 1450 1536 1489 eum
1572 1433 1920 1498 interﬁciant,
1958 1431 2201 1497 mandat;

2304 1425 2578 1518 αὐτῷτῆς
2611 1430 2917 1498 παροινίας,
2945 1431 3151 1501 θρασύς
3181 1453 3245 1504 γε
3277 1431 3344 1508 ἦν
3370 1437 3446 1491 ἔτι
3475 1442 3560 1493 καὶ
3590 1442 3806 1518 ὑψαγόρας

621 1537 788 1596 atque
816 1526 862 1583 is
893 1526 1137 1596 quidem,
1159 1540 1290 1581 ense
1319 1526 1407 1582 ilia
1443 1524 1746 1596 perfossus,
1770 1523 1996 1580 interiit.
2027 1523 2202 1578 Heru-

2305 1520 2399 1570 καὶ
2419 1517 2540 1572 λίαν
2565 1520 2849 1590 φρονοῦντι
2869 1522 2913 1554 ⁷⁵
2939 1523 3124 1594 ἐῴκει,
3155 1529 3576 1598 παρακελεύεται
3594 1536 3619 1587 6
3638 1517 3807 1608 Ναρσῆς

623 1621 803 1675 lorum
835 1635 966 1674 vero
995 1619 1153 1674 turba
1180 1660 1196 1682 ,
1247 1626 1434 1688 utpote
1465 1617 1705 1683 barbari,
1744 1617 2002 1672 dolebant
2029 1615 2202 1670 mole-

2306 1610 2416 1698 τοῖς
2469 1609 2785 1681 δορυφόροις
2834 1613 3154 1670 ἀποκτεῖναι
3195 1617 3289 1671 τὸν
3340 1619 3543 1692 ἄνδρα.’
3571 1623 3710 1679 Καὶό
3741 1630 3808 1698 μὲν

623 1721 818 1781 steque
850 1711 902 1764 id
937 1709 1204 1775 ferebant,
1243 1723 1300 1764 et
1355 1724 1386 1764 a
1430 1708 1618 1779 praelio
1650 1723 1708 1764 se
1756 1709 2061 1763 subducere
2091 1717 2204 1764 sta-

2307 1696 2448 1765 ξίφει
2475 1699 2575 1769 τὴν
2602 1699 2855 1771 λαπάραν
2887 1703 3224 1775 διατορηθεὶς
3251 1708 3522 1780 ἐτεθνήκει
3549 1727 3561 1740 ·
3604 1713 3630 1765 ὀ
3662 1712 3707 1766 δέ
3732 1696 3808 1768 τῶν

620 1803 870 1858 tuebant.
898 1801 1104 1857 Narses
1140 1817 1292 1866 vero,
1351 1801 1457 1856 hoc
1501 1809 1664 1872 pacto
1704 1801 1852 1856 caede
1879 1801 2118 1869 expiata,
2149 1809 2204 1856 et

2237 1869 2269 1876 _
2320 1787 2585 1860 Ἐρούλων
2611 1790 2819 1858 ὅμιλος,
2846 1787 2934 1845 οἷα
2961 1793 3026 1864 δὴ
3059 1793 3344 1867 βάρϐαροι,
3373 1800 3590 1869 ἠνιῶντο
3614 1803 3694 1856 καὶ
3717 1806 3807 1876 ἐχα·

622 1897 692 1950 de
721 1893 938 1949 Herulis
987 1908 1178 1964 parum
1209 1869 1518 1959 sollicitus,
1540 1895 1596 1948 in
1649 1894 1822 1948 aciem
1853 1908 2198 1963 progressus,

2234 1869 2275 1924 Β
2303 1877 2580 1945 λέπαινον,
2630 1883 2724 1936 καὶ
2766 1884 3043 1956 ἀπόμαχοι
3093 1887 3315 1944 ἔσεσθαι
3354 1890 3652 1948 διενοοῦντο.
3697 1869 3808 1953 Ὀηδὲ

621 1986 794 2042 edixit
825 1986 1092 2042 universae
1110 1985 1444 2040 multitudini
1476 1994 1532 2040 et
1571 1984 1944 2056 proclamavit,
1991 1991 2050 2038 ut
2077 1985 2202 2053 qui—

2304 1973 2528 2046 Ναρσῆς
2554 1975 2698 2030 οὕτω
2729 1994 2846 2040 πως
2863 1978 2908 2010 ’⁸
2940 1979 3002 2032 τὺ
3026 1978 3125 2050 τῆς
3159 1983 3470 2051 μιαιφονίας
3494 1984 3616 2054 ἄγος
3647 1989 3806 2041 ἀποδιο-

620 2094 843 2149 cunque
891 2079 1135 2133 victoria
1181 2077 1451 2148 particeps
1499 2091 1621 2134 esse
1652 2077 1832 2141 vellet,
1873 2093 1980 2132 una
2013 2093 2202 2132 secum

2303 2067 2757 2137 πομπησάμενος,
2789 2069 2884 2123 καὶ
2910 2069 3020 2125 τῶν
3073 2072 3344 2142 Ἐρούλων
3382 2074 3533 2144 ὀλίγα
3560 2080 3805 2147 φροντίσας,

623 2180 981 2239 sequeretur;
1015 2185 1188 2240 usque
1226 2171 1364 2224 adeo
1405 2169 1496 2224 ille
1538 2179 1725 2240 aperte
1756 2170 1926 2224 divini
1959 2170 2202 2227 numinis

2303 2158 2502 2229 ἐχώρει
2547 2160 2652 2215 ἀνά
2696 2161 2795 2232 τὴν
2826 2163 3151 2234 παράταξιν,
3197 2165 3436 2220 ἀνειπὼν
3484 2171 3539 2222 ἐν
3585 2170 3724 2241 κοινῷ
3749 2173 3811 2225 tul

627 2259 837 2314 auxilio
875 2269 992 2312 erat
1018 2256 1212 2322 fretus,
1238 2265 1294 2312 et
1323 2257 1488 2312 veluti
1517 2257 1584 2312 ad
1630 2271 1744 2311 rem
1801 2267 1960 2312 antea
2002 2257 2203 2329 dijudi-

2301 2251 2613 2324 ἀναϐοήσας
2631 2255 2697 2322 τ’,
2731 2253 2809 2319 ὡς
2844 2255 2912 2308 'U
2934 2272 2998 2324 γε
3027 2255 3350 2329 βουλόμενος
3395 2259 3493 2330 τῆς
3523 2260 3664 2333 νίκης
3690 2278 3805 2333 μετι-

624 2363 808 2408 catam
861 2352 1172 2407 accedebat.
1219 2351 1445 2406 Sindual
1489 2361 1670 2407 autem
1713 2349 2041 2407 Herulorum
2091 2353 2202 2408 dux

2302 2343 2508 2415 λαχεῖν,
2539 2345 2871 2412 ξυνεπέσθω.
2925 2348 3082 2402 Οὕτω
3115 2349 3180 2420 δή
3211 2366 3265 2402 τι
3293 2351 3401 2422 ἄρα
3432 2351 3684 2420 διαφανῶς
3714 2355 3804 2408 ἐπι-

622 2453 785 2514 turpe
809 2442 1068 2513 quiddam
1096 2452 1150 2497 et
1178 2458 1443 2514 generoso
1483 2444 1666 2498 animo
1699 2443 1978 2514 indignum
2015 2457 2204 2499 cense-

2304 2436 2480 2490 ποίθει
2508 2441 2574 2510 τῇ
2600 2437 2694 2492 τοῦ
2725 2441 3035 2510 κρείττονος
3059 2441 3370 2513 ἐπικουρίᾳ,
3389 2444 3480 2496 καὶ
3506 2443 3577 2508 ὡς
3607 2444 3686 2497 ἐπὶ
3713 2461 3805 2516 προ-

622 2535 739 2600 bat,
775 2535 821 2589 si
865 2543 1016 2589 tanto
1048 2535 1237 2604 pratlio
1265 2536 1523 2605 utrinque
1552 2537 1841 2600 instructo,
1865 2536 1982 2607 ipse
1999 2537 2203 2605 pariter

2303 2528 2723 2601 διεγνωσμένοις
2750 2533 2960 2602 ἐφοίτα.
3010 2533 3267 2588 Σίνδουαλ
3295 2535 3372 2599 δέ,
3403 2537 3430 2588 6
3469 2536 3572 2589 τῶν
3602 2537 3805 2608 Ἐρούλων

619 2637 676 2681 et
711 2627 796 2681 sui
823 2625 1148 2682 defectionis
1177 2626 1630 2682 insimularentur
1665 2645 1680 2693 ;
1719 2638 1774 2683 et
1803 2627 2116 2683 viderentur
2144 2645 2204 2685 re

2300 2619 2550 2693 ἡγεμὼν,
2599 2624 2824 2695 αἰσχρόν
2856 2641 2910 2678 τι
2944 2619 3082 2681 εἶναι
3110 2628 3299 2697 ἠγεῖτο
3330 2627 3422 2680 καὶ
3458 2627 3678 2696 ἀγεννὲς,
3704 2629 3745 2681 tl
3765 2646 3805 2696 γε

621 2715 841 2785 quidem
875 2713 990 2782 ipsa
1017 2715 1205 2770 hostes
1239 2716 1655 2784 refortnidasse;
1705 2717 2049 2774 formidinem
2073 2734 2202 2776 vero

2303 2713 2545 2785 πολέμου
2575 2717 2832 2768 τοσούτου
2863 2714 3274 2787 ξυνεστηκότος,
3305 2717 3465 2780 αὑτός
3484 2734 3542 2786 γε
3565 2719 3689 2770 καὶό
3712 2719 3805 2787 ἀμφ’

621 2822 778 2864 suam
831 2814 1096 2876 praetextu
1143 2808 1536 2863 benevolentiae
1583 2824 1712 2880 erga
1764 2819 2041 2866 mortuum
2085 2812 2201 2880 pal-

2303 2807 2464 2860 αύτὺν
2501 2807 2731 2878 στρατὸς
2761 2807 3101 2874 λειποταξίου
3119 2810 3168 2842 ⁷⁸
3193 2810 3394 2875 ἀλοῖεν,
3433 2809 3672 2876 δόξοιένπ
3693 2826 3737 2863 τε
3755 2809 3808 2880 τῷ

621 2900 806 2956 liasse.
845 2897 1200 2970 Nequaquam
1245 2899 1432 2970 itaque
1476 2885 1864 2972 conquiescere
1901 2905 2199 2969 sustinens,

2306 2899 2404 2970 μὲν
2453 2899 2598 2974 ἐργῳ
2645 2899 2875 2954 δεδιέναι
2923 2903 3048 2965 τοὺς
3092 2900 3408 2973 πολεμίους,
3449 2902 3634 2973 σκῆψιν
3657 2903 3703 2955 δέ
3725 2918 3806 2957 τινα

623 2991 837 3048 Narseti
866 2991 1157 3062 signiﬁcat,
1181 2993 1493 3062 opperiatur
1519 3008 1597 3061 se,
1619 3003 1806 3064 utpote
1826 2995 2052 3066 jamjam
2071 3011 2196 3051 cum

2303 2992 2398 3045 καὶ
2426 2992 2797 3063 προκάλυμμα
2834 2993 2936 3065 τῆς
2971 2991 3174 3060 δειλίας
3206 2995 3309 3068 τὴν
3334 2995 3461 3067 περὶ
3492 2997 3577 3049 τὸν
3603 2993 3806 3049 τεθνεῶτα

622 3083 742 3140 suis
767 3082 1149 3138 adventurum.
1179 3081 1380 3141 Narses
1404 3100 1537 3140 vero
1565 3100 1626 3143 se
1662 3087 1880 3156 quidem
1923 3103 2030 3143 non
2061 3103 2204 3158 prae-

2302 3081 2520 3138 εύνοιαν
2573 3084 2924 3155 πεποιῆσθαι.
2986 3085 3198 3140 Οὔκουν
3242 3088 3469 3159 ἠρεμεῖν
3517 3086 3805 3157 ἀνασχόμενος

623 3175 950 3232 stolaturttm
983 3175 1290 3246 respondit,
1318 3184 1636 3233 curaturum
1667 3188 1876 3243 tamen,
1916 3187 1976 3234 ut
2003 3195 2055 3234 et
2097 3180 2199 3250 ipsi

2228 3199 2271 3260 C
2303 3176 2568 3246 ισήμαινε
2609 3175 2690 3248 τῷ
2717 3177 2909 3250 Ναρσῇ
2955 3178 3271 3249 ἀναμένειν,
3313 3180 3388 3244 ὡς
3427 3181 3517 3236 καὶ
3551 3181 3705 3235 αὐτῶν
3726 3180 3807 3231 ὅσον

624 3282 728 3324 suo
765 3267 819 3321 in
849 3268 967 3322 acie
1005 3268 1128 3323 loco
1157 3268 1511 3336 ordinentur,
1562 3270 1777 3326 etiamsi
1823 3271 1987 3340 paulo
2019 3271 2200 3328 serius

2309 3267 2463 3323 οὔπω
2509 3271 2900 3342 παρεσομένων
2924 3286 2940 3302 ⁶
2991 3273 3020 3325 ὀ
3062 3272 3142 3338 δέ,
3198 3274 3429 3343 με-νετέα
3474 3273 3566 3341 μὲν
3609 3271 3693 3324 οὐκ
3722 3269 3804 3340 ἔφη.

625 3357 970 3414 advenerint.
1001 3358 1190 3413 Heruli
1221 3359 1407 3429 itaque
1446 3361 1652 3432 optime
1693 3363 1912 3429 armati,
1951 3363 2206 3434 bonoque

2311 3361 2568 3433 μελήσειν
2613 3361 2671 3416 δὲ
2699 3362 2845 3433 ὅμως
2876 3363 3028 3434 αὐτῷ
3071 3365 3223 3427 ὅπως
3265 3363 3333 3418 ἂν
3370 3365 3428 3417 ἐν
3454 3364 3614 3417 δέοντι
3641 3361 3714 3416 καὶ
3737 3361 3806 3413 οἵδε

625 3447 818 3504 ordine
845 3450 1000 3504 ocius
1024 3448 1414 3518 procedebant.

2307 3453 2562 3520 τάξαιντο
2576 3453 2646 3518 ⁸⁸,
2675 3454 2725 3507 εί
2747 3453 2844 3509 καὶ
2865 3453 3032 3524 ὀλίγῳ
3061 3454 3291 3525 ὕστερον
3318 3455 3526 3527 τύχοιεν
3551 3452 3804 3523 ἀφιγμένοι·

2308 3547 2358 3601 oi
2391 3545 2491 3616 μὶν
2522 3541 2616 3600 οὖν
2648 3545 2898 3617 Ἐρουλοι
2932 3542 2991 3601 εὖ
3031 3547 3178 3618 μάλα
3215 3547 3620 3618 ἐξωπλισμένοι,
3643 3539 3808 3614 ἐπορεύ-

2307 3653 2431 3691 οντο
2460 3636 2626 3709 βάδην
2657 3639 2716 3691 ἐν
2741 3637 2954 3709 κόσμῳ.

697 3707 754 3767 8.
782 3708 984 3766 Narses
1011 3719 1194 3766 autem
1225 3727 1350 3769 cum
1378 3715 1444 3770 ad
1478 3715 1657 3770 locum
1698 3717 2068 3785 pervenisset,
2114 3718 2208 3774 ubi

2378 3707 2706 3802 η’.ίΝαρσῆς
2733 3728 2792 3782 δὲ
3005 3731 3066 3785 ἐν
3101 3730 3182 3802 τῷ
3224 3730 3389 3804 χώρῳ
3427 3728 3666 3801 ἐγεγόνει,
3693 3718 3740 3781 οὗ
3769 3724 3807 3790 δὴ

625 3803 1076 3860 committendum
1105 3807 1218 3877 80
1244 3818 1360 3862 erat
1397 3809 1668 3878 pmlium,
1689 3809 1874 3864 statim
1904 3811 2206 3868 exercitum

2311 3823 2720 3896 συμπλέκεσθαι
2753 3823 2998 3894 ἔμελλεν,
3027 3825 3225 3880 αὐτίκα
3277 3803 3334 3890 ἐς
3368 3826 3610 3894 φάλαγγα
3641 3820 3807 3887 καθίστη

625 3897 686 3950 in
707 3895 1032 3966 phalangem
1065 3898 1328 3953 instruxit
1354 3908 1519 3969 atque
1541 3899 1809 3969 disposuit
1832 3918 1847 3968 ;
1870 3909 2034 3972 atque
2054 3903 2212 3974 equi-

2307 3895 2401 3969 τὸν
2435 3913 2667 3986 στρατὸν
2696 3914 2789 3968 καὶ
2812 3914 3108 3969 διέταττεν.
3142 3918 3204 3970 Οἱ
3231 3916 3332 3986 μὲν
3356 3913 3448 3970 οὖν
3477 3916 3645 3978 ἱππεῖς
3673 3908 3807 3965 ἑκατέ-

624 3994 710 4042 tes
737 3986 958 4056 quidem
993 3988 1250 4058 utrinque
1284 3988 1352 4043 ad
1392 3990 1504 4045 alas
1529 4000 1684 4045 erant
1707 3991 1980 4057 collocati,
2023 3994 2209 4050 hastas

2313 4007 2486 4080 ρωθεν
2515 4007 2610 4060 ἐπὶ
2636 4005 2745 4060 τῶν
2774 4007 2959 4078 ἄκρων
2989 4009 3275 4080 ἐτετάχετο
3298 4009 3364 4075 ⁸⁸,
3390 4008 3600 4080 δοράτια
3621 4005 3807 4076 φέροντες

622 4090 680 4136 et
712 4080 882 4152 peltas
917 4090 1209 4152 gestantes,
1243 4097 1406 4138 arcus
1441 4083 1604 4138 etiam
1633 4092 1688 4140 et
1715 4099 1877 4142 enses
1915 4100 2206 4158 appensos,

2308 4099 2406 4152 καὶ
2432 4097 2654 4163 πέλτας,
2675 4097 2809 4164 τόξα
2837 4115 2895 4152 τε
2925 4099 3018 4152 καὶ
3043 4099 3170 4170 ξίφη
3196 4115 3467 4174 παρῃωρη
3477 4099 3621 4170 μένα·
3643 4091 3754 4167 ἦσαν
3772 4089 3806 4142 δδ

622 4173 874 4228 nonnulli
901 4173 1069 4228 etiam
1110 4173 1377 4229 sarrissas
1417 4175 1704 4232 habentes.
1739 4175 1941 4234 Narses
1990 4194 2119 4234 vero
2149 4179 2207 4234 in

2307 4191 2359 4244 οἳ
2387 4191 2480 4244 καὶ
2512 4191 2780 4262 σαρίσσας
2813 4191 3102 4263 ἐκράτουν.
3146 4173 3330 4258 Αὐτὸς
3353 4193 3410 4246 δέ
3457 4191 3543 4245 ἐπὶ
3576 4189 3658 4243 τοῦ
3685 4179 3804 4248 δεξιοῦ

621 4265 820 4320 dextro
854 4280 1026 4322 cornu
1060 4266 1324 4322 constitit.
1359 4266 1628 4324 Zandalas
1662 4269 1830 4324 etiam
1850 4268 2071 4326 familiae
2094 4287 2208 4326 ma-

2307 4280 2486 4353 κέρως
2518 4282 2780 4352 εἱστήκει.
2812 4281 3088 4346 Ζανδαλᾶς
3108 4299 3189 4347 τε,
3227 4285 3256 4338 6
3283 4282 3394 4336 τῶν
3415 4279 3619 4334 ὀπαδῶν
3641 4269 3804 4328 ἐπιστά·

624 4353 798 4426 gister
829 4363 885 4410 et
905 4363 1175 4426 quotquot
1197 4371 1264 4411 ex
1292 4357 1462 4412 servis
1489 4366 1544 4412 et
1572 4358 1893 4415 domesticis
1921 4360 2066 4416 bello
2095 4376 2206 4415 non

2303 4390 2425 4444 της,
2460 4370 2556 4426 τοῦ
2585 4389 2646 4426 τε
2676 4372 2900 4443 θητικοῦ
2934 4374 3028 4427 καὶ
3069 4374 3344 4428 οίκετικοῦ
3383 4374 3572 4429 ὁπόσον
3609 4370 3694 4422 οὐκ
3711 4361 3803 4419 ἀπό-

625 4445 794 4516 inepti
825 4454 1002 4511 erant,
1038 4447 1308 4503 astabant.
1341 4446 1424 4504 Ab
1467 4457 1699 4520 utroque
1730 4465 1861 4506 vero
1905 4452 2076 4508 latere
2098 4451 2204 4508 Va-

2304 4463 2469 4534 λεμον
2511 4459 2602 4534 ἦν,
2654 4462 2794 4517 ἀλλά
2829 4463 2923 4518 καὶ
2962 4464 3071 4519 οἵδε
3101 4464 3379 4536 παρῆσαν.
3423 4461 3540 4517 Ἐπὶ
3579 4460 3744 4528 θάτερα
3767 4448 3803 4502 ἃ

623 4535 864 4592 lerianus
901 4547 954 4594 et
991 4539 1296 4595 Artabanes
1319 4556 1443 4595 cum
1468 4541 1581 4596 suis
1611 4543 1805 4613 copiis,
1827 4544 2028 4613 quibus
2043 4561 2199 4599 man—

2232 4557 2276 4613 D
2300 4557 2350 4610 οἱ
2385 4556 2431 4588 θ’
2463 4556 2610 4628 ἀμφὶ
2657 4557 2984 4628 Βαλεριανόν
3014 4577 3074 4613 τε
3107 4535 3202 4615 καί
3255 4559 3604 4632 Ἀρταϐάνην,
3633 4563 3802 4624 προστε-

623 4627 810 4683 datum
854 4638 991 4697 erat,
1025 4640 1086 4684 ut
1129 4631 1381 4686 nonnihil
1439 4633 1585 4688 circa
1632 4632 1942 4689 densiorem
2002 4635 2198 4690 silvam

2297 4647 2572 4717 ταγμένον
2633 4627 2816 4712 «more
2855 4627 3333 4722 ὑποκρύπτεσθαί
3360 4650 3491 4722 πρὸς
3545 4627 3695 4718 βραχὺ
3736 4635 3802 4692 bi

622 4719 890 4789 laterent;
925 4737 1162 4792 cumque
1195 4723 1381 4780 hostes
1425 4725 1686 4794 impetum
1715 4723 1978 4793 facerent,
2007 4728 2198 4784 confeo

2297 4737 2367 4792 τὰ
2402 4737 2565 4793 λάσια
2605 4738 2709 4809 τῆς
2737 4739 2937 4811 νάπης,
2982 4719 3077 4796 καὶ
3124 4743 3349 4797 ἐπειδάν
3376 4719 3682 4796 ε’ίσϐάλλοιεν
3712 4733 3748 4765 ⁸³
3771 4727 3801 4780 οἱ

623 4811 750 4868 stim
775 4814 827 4868 in
848 4829 944 4870 eos
977 4830 1043 4870 ex
1071 4817 1290 4872 occulto
1331 4817 1607 4871 irruerent
1658 4817 1919 4888 omnique
1958 4835 2024 4875 ex
2049 4831 2202 4891 parte

2299 4827 2567 4899 πολέμιοι,
2603 4828 2726 4883 τότε
2765 4830 2832 4902 δὴ
2860 4831 3056 4904 ἀθρόον
3087 4833 3273 4898 αὐτοῖς
3303 4835 3368 4888 ἐκ
3390 4832 3480 4887 τοῦ
3507 4827 3713 4900 ἀφανοῦς
3738 4824 3800 4874 ἐπ·

625 4913 955 4974 premerent.
986 4905 1218 4963 Omnem
1247 4923 1381 4964 vero
1430 4908 1610 4963 locum
1639 4906 2023 4965 intermedium
2050 4912 2201 4983 pedi-

2301 4920 2459 4986 ιέναι,
2521 4921 2615 4974 καὶ
2662 4921 3000 4992 ἀμφιϐόλους
3044 4924 3335 4980 ποιεῖσθαι.
3370 4926 3607 4980 ’Ἃπασαν
3645 4918 3693 4973 δὲ
3735 4910 3799 4979 τὴν

624 5002 709 5051 tes
729 4995 1069 5052 obtinebant.
1097 4998 1154 5053 ln
1200 4999 1317 5069 ipsa
1347 4998 1494 5055 enim
1523 4998 1799 5055 exercitus
1831 5001 2009 5057 fronte
2041 5011 2199 5058 ante-

2309 5009 2512 5081 μεταξὺ
2541 5010 2724 5084 χώραν
2752 5015 2782 5066 ὀ
2812 5013 2975 5080 πεζὸς
2996 5013 3160 5088 εῖχεν.
3189 5015 3530 5089 Ἐμπροσθεν
3559 5011 3646 5084 μὲν
3666 5006 3705 5040 ⁸⁸
3725 5001 3798 5070 γάρ

624 5085 837 5158 signani
860 5087 1060 5146 loricas
1083 5089 1152 5145 ad
1183 5089 1346 5160 pedes
1386 5103 1561 5161 usque
1586 5089 1852 5148 demissas
1887 5093 2083 5161 induti,
2106 5110 2196 5151 va-

2301 5101 2395 5153 ἐπὶ
2427 5101 2520 5156 τοῦ
2555 5101 2811 5173 μετώπου
2840 5106 2890 5159 oi
2916 5085 3296 5172 πρωτοστάται
3329 5085 3574 5178 θώρακας
3605 5097 3798 5166 ἰτοδήρείς

1927 5300 2161 5359 VARUS
2208 5303 2610 5363 LECTIONES.

697 5441 1266 5537 i’iéftfbv‘emendanvi
1297 5469 1322 5537 τ’
1361 5465 1490 5537 nam
1514 5453 1726 5537 ἐφιέναι
1757 5454 1898 5537 inter
1943 5456 2048 5513 alia
2075 5459 2143 5537 ab
2162 5459 2393 5537 _optimis
2430 5461 2790 5537 scriptoribus
2817 5479 2914 5534 pro
2937 5465 3239 5534 permittere
3258 5464 3498 5537 ponituri
3517 5453 3790 5537 Intpr.lli§€t'f

622 5517 1529 5610 εσξςόαιὶέφιιξδνμιξ,,ἐφικτὸν
1556 5517 1569 5523 ⁷
1597 5524 1745 5610 vulg.
1819 5524 1868 5559 ⁷⁸
1921 5517 2282 5610 ⁴ιιταραττλήιᾷια
2339 5517 2839 5610 Βιπαραπλήσιοντ
2863 5517 3010 5610 vuig.
3550 5517 3790 5610 ζιίιὲξίοιῑζτῗ

667 5592 858 5640 υνῶντι
879 5603 1025 5642 corr.
1050 5592 1105 5642 in
1136 5604 1243 5654 mg.
1311 5593 1574 5660 ρονοῦντι.
1609 5592 1760 5650 Vulc.
1814 5592 2030 5666 praefert
2073 5592 2325 5667 φονῶντι.
2399 5600 2445 5633 ⁷⁸
2473 5592 2579 5653 ἀπό
2627 5592 2748 5672 aiat.
2782 5592 3011 5659 -ι-ούτῖι)
3059 5592 3302 5672 πωξὸιη.
3346 5606 3410 5660 Β.
3482 5592 3521 5634 π
3550 5592 3788 5658 ἀνάδοήσας

625 5600 694 5706 ἦ.
735 5655 934 5706 Boiam:
972 5658 1116 5706 vuln-
1194 5659 1241 5692 ⁷⁸
1265 5608 1418 5706 gulf]-
1442 5681 1484 5706 e_
1524 5677 1554 5706 α
1599 5664 1938 5706 lemma-ann“
1964 5669 2151 5706 om‘mAp
2181 5687 2243 5706 νε
2267 5669 2361 5706 νηί
2479 5671 2520 5702 ἰο
2539 5619 2674 5706 λιὲἓηι
2709 5671 2748 5706 n
2851 5675 2896 5706 se
2924 5677 3234 5706 musam“-..
3274 5676 3313 5706 n
3410 5675 3448 5706 st
3473 5667 3716 5706 ὶηεφᾶνητο
3739 5655 3784 5706 Β.

680 5695 694 5718 ν
721 5655 934 5777 fama;
972 5658 1116 5729 vulg.
1194 5659 1241 5692 ⁷⁸
1265 5655 1419 5716 Sttid.
1442 5681 1486 5718 s.
1524 5677 1574 5719 v.
1599 5655 1938 5732 λειποταξίου
1964 5655 2153 5731 ταύτός
2181 5687 2245 5738 γε
2267 5669 2380 5724 καί.
2479 5671 2520 5702 ⁷⁸
2539 5655 2696 5735 δόξοῗ
2709 5655 2774 5726 R.
2851 5655 3448 5744 εδ
3472 5655 3716 5777 tite-rigare
3739 5655 3784 5715 Β.

680 5740 716 5774 ;τ
758 5743 882 5777 γοτο
911 5728 1055 5777 vuln.
1131 5728 1177 5761 ⁸⁸
1207 5729 1313 5777 Pm
1345 5735 1394 5777 at
1435 5734 1496 5777 Β,
1533 5734 1644 5777 νηί-
1720 5737 1767 5769 ⁸³
1799 5737 2130 5777 gina/.11...”
2164 5739 2204 5777 Ω
2279 5740 2577 5777 summa.“
2603 5743 2728 5777 uuln
2823 5743 2868 5775 st
2906 5746 3126 5777 ut..-“
3189 5748 3225 5777 η
3305 5748 3391 5777 ιρι
3445 5759 3535 5777 ..ε-
3635 5773 3645 5777 -
3693 5727 3784 5777 Post

628 5683 694 5718 ιι,
721 5683 933 5777 iuuant;
975 5683 1116 5729 vutg.
1199 5683 1239 5692 ’ν
1266 5683 1419 5716 antu.
1442 5683 1486 5718 s.
1524 5683 1574 5719 ν.
1601 5683 1938 5732 Αειποταςιου
1964 5683 2153 5731 more;
2181 5687 2245 5738 γε
2267 5683 2380 5724 και.
2480 5683 2520 5702 τ’
2539 5683 2680 5735 δοςοι
2709 5683 2774 5726 lt.
2851 5683 2896 5706 ⁵⁵
2924 5683 3236 5744 τετάξαιντο
3273 5683 3338 5732 ιι.
3410 5683 3448 5706 ⁵³
3472 5683 3716 5791 Magaw
3740 5683 3784 5715 "'

625 5738 722 5816 1‘3
739 5728 1055 5816 -Z‘?f?,,'i‘?'3:
1083 5728 1177 5816 ..ῗῗ
1206 5729 1313 5816 Ῑῗνίέ
1345 5735 1394 5785 οἱ
1435 5734 1646 5816 “·..καίο
1702 5737 1767 5816 .'.'
1797 5737 2130 5816 Ξίσσάλλοιεν
2164 5739 2577 5816 Πιείσδάλοιεγ
2603 5743 2748 5816 vulg,
2823 5743 2868 5775 ”
2904 5746 3002 5816 μὲν
3025 5749 3147 5804 add.
3187 5748 3253 5804 tt.
3305 5748 3395 5801 ιπι
3443 5759 3552 5815 μετ.
3635 5773 3646 5788 .
3693 5727 3784 5782 Post

627 5797 1005 5856 πρωτοστάται
1031 5797 1198 5856 addit.
1231 5802 1391 5870 intpr.
1426 5805 1610 5867 quibus
1646 5806 1712 5863 ad
1730 5807 1917 5864 bellum
1936 5818 2183 5866 eratcum
2210 5797 2462 5868 Romanis
2488 5811 2622 5867 inita
2642 5797 2882 5870 societas.
