4030 6468
307 310 458 376 1345
1526 312 2067 376 HISTORIAR—UM
2097 311 2329 375 LIBER
2358 315 2441 376 II.
3449 316 3585 388 1346

304 424 584 494 ὲνειμένοι
620 422 666 456 ⁸⁸
717 427 813 480 καὶ
867 427 1044 499 κράνη
1096 426 1490 500 καρτερώτατα
1522 428 1614 483 τὸν
1638 444 1894 484 συνασπι·

2012 423 2421 496 lidissimasque
2437 423 2619 497 galeas
2636 431 2933 496 gestantes,
2965 425 3290 482 testudinem
3321 427 3582 498 feceram;

309 516 454 584 σμὸν
492 515 836 587 ὲπεποίηντου
873 516 999 590 ἑξῆς
1019 518 1078 572 δὲ
1105 519 1154 571 oi
1180 519 1328 573 ἄλλοι
1360 520 1419 584 ἐς
1451 521 1614 591 βάθος
1651 520 1894 592 ἀλλήλοις

2005 525 2130 586 post
2161 515 2264 571 hos
2290 530 2418 571 vero
2468 515 2561 570 alii
2589 515 2759 570 densa
2805 515 2947 571 inter
2985 530 3044 570 se
3066 515 3209 571 serie
3246 516 3489 583 stabant,
3529 519 3584 574 in

307 605 585 658 ἐνέκειντο
616 606 686 669 ⁸⁸,
720 606 826 672 ἕως
852 609 932 672 είς
953 609 1081 674 τοὺς
1103 611 1374 680 οὐραγοὺς
1410 613 1456 645 ⁸⁷
1489 615 1517 666 ὁ
1546 611 1894 684 ξυλλοχισμὸς

2003 620 2162 678 agros
2187 620 2365 677 usque
2391 605 2732 661 desinentes.
2756 603 3025 661 Universa
3063 619 3194 661 vero
3235 605 3374 662 levis
3400 622 3583 662 arma-

307 697 591 750 ὲτελεύτα·
629 696 692 750 τὸ
727 697 783 750 δὲ
823 698 976 768 ψιλὸν
1029 701 1174 756 ἅπαν
1210 703 1304 756 καὶ
1347 703 1630 774 ἑκηϐόλον,
1677 703 1901 759 ὄπισθεν

306 787 562 859 περιέθει
582 787 676 841 καὶ
702 787 964 860 ἀνέμενεν
987 791 1078 845 τὸν
1106 793 1318 863 καιρὸν,
1348 795 1510 864 ἡνίκα
1536 795 1645 849 δέοι
1670 795 1901 866 ἀκροϐο-

303 879 581 945 λίζεσθαι.
627 880 987 953 Ἀπεκέκριτο
1038 884 1095 937 δὲ
1147 885 1309 949 τόπος
1353 884 1401 918 ⁸⁸
1449 889 1562 950 τοῖς
1603 886 1898 959 Ἐρούλοις,

303 970 414 1041 τῆς
447 969 532 1043 [Ρ.
567 970 661 1043 44]
696 971 978 1041 φάλαγγος
1004 974 1066 1027 τὸ
1107 975 1453 1045 μεσαίτατον,
1476 978 1570 1030 καὶ
1596 972 1665 1049 ἦν
1697 977 1778 1030 ἐτι
1803 993 1897 1031 κε-

302 1061 422 1126 νὸς,
443 1061 505 1115 οὐ
531 1061 642 1133 γάρ
664 1080 752 1115 πω
781 1065 980 1117 ἐκεῖνοι
1007 1066 1282 1137 παρῆσαν.
1317 1067 1409 1121 Ἐν
1426 1067 1600 1138 τούτῳ
1627 1069 1685 1122 δὲ
1704 1067 1896 1139 ἄνδρες

313 1151 407 1207 δύο
435 1154 484 1192 ⁸⁹
518 1152 627 1207 τῶν
668 1153 938 1228 Ἐρούλων
971 1155 1286 1227 (ἐτύγχανον
1312 1157 1421 1229 γάρ
1452 1158 1562 1229 ,ἠδη
1592 1158 1896 1229 ηὐτομολη-

305 1244 470 1308 κότες
495 1243 646 1316 παρά
673 1233 801 1309 τοὺς
836 1246 1128 1317 πολεμίους
1151 1249 1316 1318 ὀλίγῳ
1349 1249 1670 1322 ἔμπροσθεν,
1701 1251 1778 1313 ὡς
1801 1252 1896 1305 καὶ

303 1337 526 1404 ἀγνοεῖν
561 1337 625 1408 δή
658 1354 760 1391 που
795 1337 864 1392 τὰ
905 1337 1133 1411 ὕστερον
1160 1341 1205 1373 ⁹⁰
1232 1339 1310 1411 τῷ
1336 1340 1587 1395 Σίνδουαλ
1612 1342 1895 1413 βεϐουλευ-

307 1426 478 1499 μένα)
504 1427 878 1499 ὲξώτρυνὲτην
914 1430 1162 1493 ἅπαντας
1189 1433 1320 1496 τοὺς
1356 1431 1662 1504 βαρϐάρους
1693 1434 1770 1496 ὡς
1799 1434 1895 1488 τά-

302 1536 470 1590 χιστα
499 1520 786 1590 ὲπιφοιτᾷν
815 1521 928 1584 τοῖς
970 1521 1282 1591 Ῥωμαίοις·
1305 1523 1612 1589 Εὐρήσετε
1640 1525 1750 1594 γὰρ
1782 1527 1889 1583 af)-

302 1611 478 1675 τοὺς,
507 1611 644 1682 ἔφη,
684 1610 952 1681 ταραχῆς
983 1628 1050 1666 τε
1093 1612 1192 1666 καὶ
1217 1613 1515 1684 ἀκοσμίας
1541 1616 1892 1688 ἀναπεπλη-

299 1701 593 1770 σμένους,
626 1701 734 1756 τοῦ
762 1702 883 1771 μὲν
919 1703 1262 1772 Ἐρουλικοῦ
1304 1706 1568 1776 στρατοῦ
1608 1712 1893 1778 χαλεπαι-

1999 705 2146 763 tura,
2170 695 2549 768 sagittariique
2571 708 2628 752 et
2655 695 2964 754 funditores
2983 713 3014 752 a
3049 705 3203 768 tergo
3227 709 3384 754 erant
3412 700 3583 754 collo-

2009 785 2142 854 cati,
2174 785 2430 841 velitandi
2459 795 2674 858 tempus
2699 789 3061 859 opperientes.
3094 788 3311 845 Herulis
3355 805 3488 846 vero
3525 791 3582 846 in

1999 875 2180 930 medio
2207 875 2380 930 totius
2403 876 2640 946 agminis
2666 877 2824 933 locus
2857 885 2979 933 erat
3026 878 3373 949 designatus;
3405 894 3583 950 neque

1999 967 2145 1022 enim
2173 967 2356 1022 adhuc
2387 966 2465 1022 illi
2493 968 2852 1024 advenerant.
2883 968 3093 1026 Interea
3122 971 3232 1026 duo
3259 968 3468 1036 Heruli,
3486 971 3581 1041 qui

1997 1060 2164 1128 paulo
2193 1068 2319 1114 ante
2347 1059 2417 1114 ad
2443 1059 2631 1116 hostes
2659 1059 2996 1126 defecerant,
3022 1061 3160 1117 adeo
3185 1070 3249 1118 ut
3265 1062 3396 1132 quid
3425 1071 3579 1132 post-

1996 1166 2062 1207 ea
2103 1151 2319 1207 consilii
2361 1151 2595 1221 cepisset
2632 1151 2739 1222 81
2785 1151 3033 1216 Sindual,
3075 1152 3410 1224 ignorarent,
3463 1153 3586 1208 bar-

1999 1240 2164 1296 baros
2198 1253 2392 1296 omnes
2431 1239 2755 1305 incitabant,
2785 1248 2846 1295 ut
2874 1255 3038 1310 quam
3074 1241 3338 1297 citissime
3372 1241 3581 1296 Roma-

1997 1348 2097 1390 nos
2123 1334 2490 1400 adorirentur,
2525 1333 2859 1390 afﬁrmantes
2892 1334 3007 1390 fore
3033 1342 3093 1389 ut
3125 1337 3264 1406 apud
3285 1351 3380 1391 eos
3395 1336 3579 1391 omnia

1997 1426 2268 1483 tumultus
2309 1436 2365 1482 et
2395 1426 2823 1496 perturbationis
2867 1426 3025 1496 plena
3059 1412 3242 1483 essent
3276 1429 3578 1499 deprehen-

1994 1519 2150 1584 suri,
2206 1519 2352 1590 quod
2412 1519 2674 1574 nimirum
2721 1517 3049 1574 Herulorum
3118 1518 3290 1589 copiae
3330 1519 3581 1590 indigna-

1993 1612 2190 1667 bunda:
2217 1611 2578 1667 secessionem
2607 1610 2863 1667 fecissent
2883 1611 3244 1682 praeliumquc
3287 1626 3396 1665 una
3425 1611 3580 1666 adire

1995 1703 2360 1759 detrectarent
2381 1721 2396 1770 ;
2419 1714 2474 1758 et
2495 1703 2720 1774 reliqua:
2758 1701 3125 1758 multitudinis
3162 1701 3332 1756 animi
3357 1701 3580 1756 illorum

297 1795 542 1850 καιόντων
569 1793 666 1848 καί
695 1792 1198 1864 ξυγκινδυνεύειν
1219 1801 1648 1871 ἀναινομένων,
1687 1802 1795 1858 τοῦ
1825 1802 1894 1856 δὲ

1997 1795 2300 1852 defectione
2319 1805 2506 1851 essent
2529 1796 2885 1852 consternati.
2907 1793 3068 1851 Hisce
3101 1793 3176 1849 ita
3215 1794 3375 1850 dictis
3430 1793 3580 1848 Buti-

303 1887 506 1942 ἄλλον
550 1885 830 1957 πλήθους
859 1886 937 1958 τῇ
966 1889 1218 1945 ἐκείνων
1258 1892 1600 1948 ἀποστάσει
1637 1908 1895 1948 καταπε-

306 1977 682 2048 πληγμένον.
743 1980 968 2045 Τούτοις
1014 1980 1073 2035 δὲ
1125 1983 1154 2034 ὁ
1192 1983 1494 2048 Βουτιλῖνος
1536 1986 1896 2041 ἀνεπέπειστο

314 2069 633 2140 ρᾳδίως,τῷ
655 2069 956 2140 βούλεσθαι,
974 2066 1148 2143 οἶμαι,
1168 2066 1349 2146 ἀληθῆ
1377 2091 1440 2144 γε
1468 2075 1606 2129 αὐτὰ
1630 2075 1893 2129 καθεστά-

311 2176 431 2213 ναι.
461 2160 667 2215 Αὐτίκα
700 2160 762 2232 δὴ
797 2157 891 2215 οὖν
912 2163 1087 2233 ἐπῆγε
1117 2163 1207 2218 τὸν
1241 2167 1489 2237 στρατὸν,
1526 2167 1620 2220 καὶ
1656 2167 1894 2229 ἅπαντες

307 2249 415 2316 ξὺν
463 2252 738 2324 προθυμίᾳ
787 2251 1027 2326 ἐχώρουν
1071 2255 1155 2310 ἰθὺ
1189 2255 1300 2310 τῶν
1337 2256 1642 2327 Ῥωμαίων,
1688 2258 1750 2310 οὐ
1787 2257 1894 2329 μὴν

301 2346 590 2414 ἠρεμαῖοι,
622 2343 743 2398 οὐδὲ
789 2345 931 2399 κατά
961 2346 1184 2418 κόσμον,
1227 2347 1366 2402 ἀλλά
1405 2350 1520 2412 τοῖς
1551 2347 1895 2420 ἀγγέλμασιν

296 2435 747 2506 ἀνεπτερωμὲνοι
776 2435 844 2502 ⁸⁸,
868 2436 1082 2510 θορύϐῳ
1115 2437 1324 2508 είχοντο
1353 2439 1448 2492 καὶ
1474 2441 1791 2512 προπετείᾳ,
1818 2440 1895 2505 ὡς

296 2524 559 2580 αὐτοϐοεὶ
587 2527 736 2581 ἅπαν
758 2527 820 2580 τὺ
845 2527 1200 2584 ἀντιστατοῦν
1229 2532 1274 2564 ⁹³
1299 2531 1762 2602 ἀναρπασόμενοι.
1783 2527 1895 2587 Ἦν

296 2617 365 2672 δὲ
392 2618 577 2683 αὐτοῖς
616 2621 650 2690 ἠ
685 2619 802 2674 ίδέα
829 2621 930 2692 τῆς
955 2623 1331 2692 παρατάξεως,
1363 2624 1526 2678 οἱονεὶ
1550 2624 1781 2696 ἔμϐολον
1811 2623 1858 2659 ⁸³
1876 2642 1890 2658 ·

296 2709 555 2782 δελτωτῷ
583 2712 693 2782 γάρ
720 2711 904 2784 ὲῲκει,
938 2713 1036 2768 καὶ
1060 2709 1133 2768 τὸ
1161 2715 1260 2785 μὲν
1302 2716 1658 2788 ὲμπρόσθιον,
1697 2702 1894 2771 ὁπόσον

300 2801 368 2864 ἐς
391 2801 486 2867 ὀξὺ
514 2802 728 2874 ἔληγεν,
754 2807 1012 2872 στεγανόν
1038 2822 1099 2858 τε
1130 2801 1200 2877 ἦν
1229 2808 1327 2861 καὶ
1361 2810 1788 2880 πεπυκνωμένον
1814 2809 1893 2880 τῷ

300 2890 576 2945 πάντοθεν
605 2895 728 2957 ταῖς
761 2895 954 2948 ἀσπίσι
995 2898 1464 2969 περιπεφράχθαι,
1504 2899 1670 2970 φαίης
1718 2917 1778 2953 τε
1824 2900 1892 2955 ἂν

297 2983 504 3048 αὐτοὺς
530 2983 656 3050 συὸς
679 2985 922 3058 κεφαλὴν
943 2989 1013 3058 τῇ
1041 2988 1288 3042 συνθέσει
1314 2988 1801 3044 ἀποτυπώσασθαι*
1824 2990 1894 3044 τὰ

1995 1889 2143 1945 linus
2175 1889 2332 1945 facile
2383 1905 2703 1961 persuasus,
2749 1889 2951 1961 quippe
2983 1889 3076 1960 qui
3109 1903 3233 1944 vera
3272 1899 3335 1944 ut
3393 1895 3580 1944 essent

1996 1981 2236 2054 optabat,
2272 1980 2558 2036 confestim
2621 1982 2806 2052 copias
2835 1981 2892 2036 in
2943 1981 3156 2036 hostem
3187 1980 3399 2043 eduxit,
3457 1994 3579 2034 om-

1995 2089 2205 2145 nesque
2234 2088 2430 2144 magna
2453 2074 2763 2128 animorum
2786 2073 3068 2128 alacritate
3090 2082 3236 2128 recta
3267 2071 3322 2126 in
3370 2070 3577 2126 Roma-

1997 2181 2100 2222 nos
2129 2165 2467 2232 ferebantur,
2496 2179 2609 2220 non
2641 2165 2861 2236 quidem
2889 2165 3093 2222 sensim
3115 2174 3168 2221 et
3199 2162 3408 2235 placide
3431 2164 3580 2220 ordia

1997 2267 2253 2330 nateque,
2284 2256 2379 2313 sed
2403 2256 2609 2312 nuntiis
2638 2255 2881 2311 animum
2904 2253 3040 2325 ipsis
3098 2254 3325 2324 alasque
3373 2253 3580 2309 adden-

1996 2349 2165 2414 tibus,
2190 2347 2503 2404 turbulente
2531 2362 2597 2403 ac
2626 2346 3050 2417 praecipitanter,
3080 2356 3338 2415 tanquam
3395 2345 3578 2415 primo

1994 2441 2203 2511 impetu
2262 2438 2528 2508 quidquid
2583 2439 2827 2494 hostium
2866 2443 3014 2491 esset
3062 2433 3412 2505 discerpturi.
3445 2432 3578 2488 Erat

1995 2541 2178 2588 autem
2201 2531 2336 2602 ipsis
2361 2529 2538 2586 forma
2569 2529 2708 2585 aciei
2737 2529 2911 2584 instar
2941 2526 3122 2592 cunei,
3150 2527 3190 2579 Δ
3222 2526 3418 2581 litterae
3437 2525 3578 2596 figu-

1993 2639 2112 2681 ram
2146 2639 2260 2695 prz
2288 2637 2348 2680 se
2372 2621 2575 2688 ferens,
2621 2620 2893 2676 antcrlOre
2936 2619 3154 2690 quidem
3187 2618 3274 2674 sui
3315 2626 3470 2688 parte
3517 2617 3576 2672 in

1993 2724 2215 2772 acutum
2244 2714 2525 2771 desinens.
2565 2713 2763 2770 Pressa
2801 2713 2947 2768 enim
2971 2719 3165 2767 eratet
3187 2711 3380 2777 densa,
3444 2724 3574 2766 scu-

1993 2808 2066 2864 tis
2091 2806 2456 2877 undequaque
2504 2807 2646 2861 inter
2697 2820 2756 2860 se
2806 2803 3077 2860 consertis
3107 2802 3357 2868 munita;
3397 2800 3573 2856 dixis—

1993 2914 2082 2956 ses
2105 2899 2222 2956 suis
2250 2907 2417 2970 caput
2445 2913 2545 2954 sua
2595 2907 2868 2954 structura
2925 2896 3231 2952 eﬂ‘ormare.
3280 2893 3394 2949 Ala:
3443 2906 3576 2949 vero

1995 2991 2253 3060 utrinque
2286 3005 2356 3045 ex
2395 2989 2661 3044 centuriis
2689 2998 2744 3044 et
2765 2987 3006 3044 decuriis
3040 2987 3096 3040 in
3143 2987 3366 3058 longum
3419 2999 3573 3039 com-

297 3075 366 3129 δὲ
395 3075 558 3147 σκέλη
588 3077 930 3149 ἑκατέρωθεν
958 3079 1102 3133 κατὰ
1131 3080 1348 3150 στίχους
1391 3096 1449 3132 τε
1492 3080 1588 3134 καὶ
1610 3079 1808 3154 λόγους
1833 3081 1891 3144 ἐς

1996 3083 2202 3153 positae,
2225 3089 2278 3137 et
2303 3089 2361 3136 ut
2384 3081 2678 3151 plurimum
2709 3080 2766 3134 in
2791 3079 3074 3149 obliquum
3105 3086 3399 3148 protensae,
3440 3090 3577 3146 pau-

302 3167 472 3240 βάθος
499 3167 850 3239 ξυγκείμενα,
897 3170 992 3224 καὶ
1020 3169 1367 3224 ἑπιπλείστον
1399 3173 1458 3234 ἐς
1489 3170 1554 3225 τὸ
1594 3171 1890 3243 ὲγκάρσιον

1996 3173 2142 3229 latim
2170 3172 2240 3228 ab
2267 3187 2390 3228 sese
2421 3171 2791 3226 dilatabantur
2826 3179 2882 3226 et
2911 3169 3334 3233 dirimebantur,
3362 3167 3422 3223 in
3453 3181 3574 3220 ma-

298 3262 758 3332 ιπαρατεταμένα,
785 3261 1025 3316 διίστατο
1056 3261 1302 3334 ἀλλήλων
1330 3263 1513 3334 ἡρέμα
1561 3263 1658 3318 καὶ
1684 3264 1890 3318 ἀπεκέ-

1996 3267 2194 3323 ximam
2222 3265 2567 3321 latitudinem
2625 3263 2977 3330 desinentes;
3033 3262 3168 3318 adeo
3212 3270 3274 3316 ut
3297 3260 3454 3316 locus
3487 3258 3574 3313 in-

295 3370 464 3425 κριτο
488 3353 554 3419 ⁸⁵,
582 3355 676 3408 καὶ
695 3354 956 3427 προϊόντα
984 3355 1040 3418 ὲς
1074 3354 1332 3426 μέγιστον
1355 3352 1513 3427 εὖρος
1531 3355 1888 3422 ἀπετελεύτα,

1996 3359 2284 3416 termedius
2313 3373 2523 3414 vacuus
2552 3357 2977 3427 relinqueretur,
3003 3362 3059 3411 et
3091 3354 3296 3409 nudata
3328 3352 3567 3407 militum

294 3443 378 3506 ὡς
416 3444 507 3497 καί
540 3444 602 3497 τὸ
639 3443 847 3516 μεταξὺ
873 3444 1076 3516 χωρίον
1106 3444 1262 3498 κενὸν
1303 3445 1652 3510 καθεστάναι,
1697 3447 1888 3501 καὶτὰ

1996 3462 2137 3522 terga
2173 3451 2411 3507 seriatim
2442 3449 2914 3519 conspicerentur.
2941 3446 3131 3502 Aversi
3160 3446 3306 3501 enim
3338 3444 3478 3500 inter
3512 3457 3572 3498 se

293 3535 454 3590 νῶτα
502 3536 691 3606 γυμνὰ
736 3535 848 3590 τῶν
887 3535 1096 3607 ἀνδρῶν
1156 3536 1436 3608 στοιχηδὸν
1485 3536 1882 3607 διαφαίνεσθαι.

1996 3542 2232 3606 stabant,
2263 3549 2324 3596 ut
2354 3539 2642 3595 Ιιοειίὒιιερ
2655 3538 2868 3594 adversi
2899 3546 3101 3602 essent,
3135 3537 3246 3608 82
3278 3545 3334 3591 et
3361 3550 3429 3590 ex
3458 3542 3579 3589 tuto

311 3625 796 3696 Ἀπεστραμμένοι
833 3625 944 3698 γάρ
979 3627 1118 3696 σφᾶς
1149 3625 1347 3690 αὐτοὺς
1388 3625 1704 3697 ἐτύγχανον,
1735 3628 1884 3693 ὅπως

1996 3635 2372 3706 confligerent,
2405 3632 2578 3689 scutis
2601 3631 2864 3703 protecti:
2896 3639 3046 3702 terga
3097 3645 3226 3685 vero
3262 3636 3452 3684 mutua
3480 3627 3571 3681 illa

299 3717 370 3770 ἂν
402 3717 448 3748 ’⁸
478 3719 590 3781 τοῖς
631 3718 732 3790 μὲν
770 3719 1050 3790 πολεμίοις
1075 3718 1480 3790 ἀντιπρόσωποι
1518 3715 1650 3785 εἷεν,
1699 3721 1794 3774 καὶ
1822 3723 1885 3775 ἐκ

1996 3725 2137 3780 inter
2167 3740 2226 3780 se
2254 3722 2717 3793 contrapositione
2739 3729 3042 3776 tuerentur.

297 3807 401 3861 τοῦ
427 3808 702 3879 ἀσφαλοῦς
727 3810 1080 3879 ἀγωνίζοιντο
1121 3810 1221 3877 τὰς
1245 3811 1479 3876 ἀσπίδας
1508 3811 1965 3883 προϐεϐλημένοι,
1994 3815 2064 3869 τὰ
2091 3815 2149 3870 δὲ
2209 3814 2482 3869 ὀπισθίδια
2535 3811 2616 3883 τῷ
2646 3812 2694 3845 ⁹⁶
2721 3811 2969 3884 ἀλλήλοις
3029 3808 3404 3879 ἀντιτετάχθαι
3460 3805 3574 3859 δια-

301 3901 679 3970 φυλάττοι-πο.
3152 3884 3168 3899 ’

386 3993 453 4048 θ’.
495 3996 654 4051 Ἀλλά
694 3999 802 4072 γὰρ
842 3998 920 4070 τῷ
947 3999 1164 4072 Ναρσῇ,
1192 3999 1361 4073 τύχης
1396 4019 1456 4056 τε
1483 4003 1668 4067 αίσίας
1714 4002 1886 4073 κυρή-

2072 3999 2126 4055 9.
2159 3996 2374 4053 Narseti
2408 4005 2612 4061 autem,
2643 4004 2697 4051 et
2724 4008 3040 4066 prosperam
3071 3991 3347 4048 fortunam
3383 4001 3569 4056 nacte.

305 4104 493 4153 σαντι,
552 4091 642 4143 καὶ
697 4091 757 4145 τὸ
817 4094 1090 4162 πρακτέον
1149 4093 1350 4165 ἄριστα
1417 4096 1885 4168 μηχανησαμένῳ,

1996 4087 2192 4157 quique
2237 4085 2384 4155 quod
2427 4083 2573 4139 facto
2622 4094 2741 4138 erat
2783 4097 2922 4152 opus
2951 4082 3154 4152 optime
3191 4083 3564 4152 excogitarat,

299 4180 529 4235 ἅπαντα
557 4182 613 4242 ἐς
635 4181 750 4236 δέον
771 4183 973 4255 ἀπέϐη.
1020 4184 1235 4256 Ἐπειδὴ
1265 4185 1374 4256 γάρ
1402 4187 1451 4239 οί
1485 4187 1750 4258 βάρϐαροι
1791 4187 1886 4252 ξὺν

1996 4187 2184 4235 cuncta
2237 4193 2305 4232 ex
2346 4175 2517 4230 animi
2567 4174 2840 4230 sententia
2886 4187 3224 4228 successere.
3265 4169 3565 4242 Postquam

296 4269 407 4341 βοῇ
449 4269 616 4344 πολλῇ
648 4271 691 4304 ⁸⁷
724 4275 818 4326 καὶ
842 4273 1142 4344 ἀλαλαγμῷ
1175 4274 1424 4344 δρομαῖοι
1475 4277 1885 4342 ἐπανελθόντες,

1996 4270 2132 4325 enim
2170 4269 2388 4323 barbari
2440 4266 2645 4336 ingenti
2679 4266 2920 4320 clamore
2965 4264 3284 4332 ululatuque
3329 4265 3566 4320 excitato

295 4362 644 4432 συνέρραξαν
667 4367 779 4427 τοῖς
817 4365 1126 4435 Ῥωμαίοις,
1167 4365 1366 4419 αὐτίκα
1397 4368 1442 4399 ⁸⁸
1465 4367 1734 4421 διέσεισαν
1760 4370 1886 4432 τοὺς

1996 4363 2322 4419 concitatius
2351 4369 2682 4431 proruentes
2711 4360 2969 4428 impetum
3017 4357 3073 4410 in
3120 4356 3395 4412 Romanos
3422 4357 3566 4412 fece-

291 4452 400 4506 ἐπὶ
425 4453 502 4524 τῷ
532 4454 764 4526 ὀμφαλῷ
795 4456 1182 4527 πρωτοστάτας
1217 4457 1361 4528 ἀμφὶ
1386 4457 1446 4511 τὸ
1469 4459 1692 4529 κένωμα
1719 4462 1881 4513 ἐσπε-

1996 4466 2137 4522 runt,
2170 4453 2458 4509 confestim
2509 4451 2900 4520 antesignanos
2928 4448 3110 4503 medio
3134 4448 3276 4502 inter
3302 4449 3412 4504 duo
3439 4465 3563 4506 cor-

296 4542 512 4606 σόντες·
539 4543 692 4600 οὔπω
733 4547 840 4618 γὰρ
879 4548 1136 4620 παρῆσαν
1169 4549 1219 4601 οί
1257 4549 1531 4620 Ἐρουλοι,
1565 4551 1599 4622 ἦ
1631 4568 1690 4604 τε
1719 4553 1886 4624 ἀρχὴν

1996 4560 2096 4600 nua
2147 4544 2267 4598 loco
2314 4551 2522 4596 stantes
2565 4547 2984 4610 perrumpentes
3024 4539 3079 4592 in
3128 4553 3362 4592 vacuum
3412 4540 3565 4594 illum

293 4632 633 4704 διατεμοῦσα
657 4635 720 4689 τὸ
742 4636 906 4707 βάθος
938 4638 1047 4692 τῶν
1072 4638 1267 4707 λόγων,
1303 4641 1398 4693 καὶ
1435 4640 1594 4709 φόνον
1626 4641 1688 4694 οὐ
1721 4642 1888 4696 πολὺν

1996 4640 2260 4694 exercitus
2288 4637 2466 4692 locum
2497 4637 2810 4700 irruerunt;
2863 4648 3040 4704 neque
3071 4633 3216 4688 enim
3247 4634 3425 4689 adhuc
3455 4634 3566 4690 He-

294 4725 682 4798 ἐργασαμένη,
710 4726 848 4798 ὑπὲρ
873 4729 998 4792 τοὺς
1019 4726 1286 4798 οὐραγοὺς
1309 4728 1597 4800 ἐξηνέχθη.
1629 4732 1799 4784 Ἔνιοι
1828 4732 1886 4786 δὲ

1996 4732 2091 4786 ruli
2120 4731 2508 4804 advenerant:
2544 4738 2598 4782 et
2629 4727 2805 4798 prima
2847 4725 3068 4796 quidem
3100 4725 3376 4782 barbarici
3411 4741 3565 4782 exer-

295 4817 486 4873 αὖτῶν
538 4819 631 4885 καὶ
663 4819 973 4892 περαιτέρω
1025 4819 1384 4891 ὲχώρουνώς
1428 4821 1489 4874 τὸ
1523 4821 1882 4888 στρατόπεδον

1996 4824 2132 4880 citus
2181 4838 2328 4894 pars,
2376 4819 2650 4891 perfracta
2681 4819 2934 4874 ordinum
2970 4819 3142 4886 serie,
3176 4829 3232 4874 et
3273 4819 3420 4875 caede
3456 4836 3566 4874 non

294 4909 412 4962 τῶν
440 4910 726 4981 Ῥωμαίων
755 4913 1072 4984 αἱρήσοντες
1100 4911 1168 4966 ³³.
1201 4911 1334 4965 Τότε
1361 4912 1424 4984 δὴ
1447 4915 1475 4966 ό
1513 4914 1739 4985 Ναρσῆς
1765 4915 1885 4968 ἐπι-

1996 4931 2185 4987 magna
2215 4915 2380 4978 edita,
2411 4913 2467 4969 in
2495 4921 2837 4984 postremum
2867 4910 3004 4965 aciei
3038 4925 3232 4982 agmen
3258 4909 3436 4965 delata
3463 4921 3566 4974 est,

293 5002 530 5072 κάμψας
568 5003 750 5074 ἡρέμα
787 5003 883 5057 καὶ
914 5001 1272 5073 ὕπομηκύνας
1299 5003 1371 5057 τὰ
1401 5004 1539 5075 κέρα
1572 5006 1612 5069 ²,
1641 5005 1734 5059 καὶ
1762 5008 1883 5059 ὲπι-

1996 5008 2244 5063 nonnulli
2296 5021 2430 5064 vero
2483 5005 2646 5062 etiam
2694 5002 2922 5060 ulterius
2953 5003 3253 5074 progressi,
3306 5011 3566 5070 tanquam

295 5097 544 5160 κάμπιον
577 5097 922 5169 ὲμπροσθίαν
959 5096 1054 5168 (ὡς
1081 5096 1148 5151 ἂν
1177 5097 1227 5150 οἱ
1261 5096 1509 5150 τακτικοὶ
1534 5095 1883 5167 όνομάσαιεν)

1998 5097 2374 5154 Romanorum
2414 5103 2598 5152 castra
2647 5093 2882 5165 capturi.
2929 5094 3070 5150 Tum
3117 5091 3319 5148 Narses
3356 5091 3568 5146 inﬂexis

1614 5232 1848 5289 VARUE
1889 5232 2182 5290 LECTJON
2191 5233 2296 5289 ES.

373 5327 419 5414 ξδ
441 5326 898 5414 ἐνειμένοιιιυεέξ.
963 5343 1072 5414 mg.
1134 5326 1300 5414 (CL);
1337 5325 1869 5414 νιξιῇηὲνημμένοι,

2005 5343 2151 5383 corr.
2225 5329 2280 5381 in
2350 5342 2460 5414 mg.
2516 5325 2768 5414 ἑξημένοι
2839 5324 2887 5414 ς’
2909 5321 3323 5414 ἐνέκειντοὶῐῖς
3360 5319 3565 5414 I111131.,

291 5397 333 5451 ἁ
373 5342 419 5358 ὐ
441 5342 898 5398 ενειμενοιιυειι.
963 5343 1072 5414 mg.
1134 5342 1282 5414 μέμ),
1337 5342 1484 5408 vulg.
1550 5342 1869 5398 ενημμενοι,

298 5397 575 5468 ,νέκειντο
620 5398 745 5455 cdd.
831 5399 1204 5468 "pupayou:
1261 5397 1328 5468 Β,
1389 5406 1559 5468 intpr.
1627 5400 1696 5468 ad
1747 5408 1894 5467 postr

2005 5343 2151 5383 corr.
2225 5343 2280 5381 In
2350 5342 2460 5449 mf.
2516 5342 2768 5396 ενημενοι
2839 5342 2887 5357 συ
2909 5342 3180 5378 ενεκειντο
3245 5342 3323 5389 n;
3365 5342 3565 5392 puga"

1996 5414 2036 5453 is
2099 5413 2282 5468 usque,
2335 5413 2404 5468 ru
2431 5413 2482 5468 ε.
2540 5395 2779 5468 *ἀγρούςτ
2833 5395 2869 5468 ό
2894 5393 3292 5468 Δξυλλοχισμζις³
3309 5393 3428 5445 add.

291 5467 470 5536 impr.
500 5484 684 5538 agmen
705 5460 1096 5522 claudebatdr.’
1146 5468 1195 5500 ⁸⁸
1229 5460 1392 5529 τόπος
1427 5460 1488 5521 1.’
1516 5467 1632 5590 Ἑρ
1665 5460 1869 5532 Β,”τοῖς

291 5539 338 5570 ⁹¹
380 5541 836 5590 ἀναπτεοωιιένοι
866 5538 933 5590 R.
963 5537 1069 5590 Pro
1102 5539 1313 5590 εἴνοντο
1363 5535 1500 5590 Βοη.
1611 5537 1717 5590 ulc.
1766 5537 1888 5590 coni

1996 5495 2018 5520 ι.
2044 5485 2096 5520 τ.
2122 5460 2275 5536 vnlg.
2344 5466 2390 5499 ”
2421 5460 2515 5519 δύο
2540 5460 2828 5534 Β,-Ιλιις‹1.,
2849 5463 2960 5516 δύω
2983 5460 3106 5518 edd.
3169 5460 3227 5497 '9'
3269 5461 3471 5530 ὕστερα
3495 5460 3563 5513 R.

1997 5537 2202 5590 ἴποντο.
2280 5538 2326 5570 ⁹¹
2352 5536 2703 5589 ἀντιταττοῦν
2741 5535 2805 5588 R.
2879 5535 2926 5565 ”
2951 5533 3104 5586 Suid.
3138 5549 3184 5586 s.
3216 5548 3267 5585 ν.
3299 5531 3526 5590 ἔμϐολον
3548 5543 3562 5557 °

289 5539 352 5609 ’ζ
380 5532 836 5609 ἀναπτερωμένοι
866 5538 933 5592 R.
963 5537 1069 5609 Pro
1102 5539 1313 5608 εἴχοντο
1363 5535 1500 5609 Bon.
1530 5532 1717 5609 _Vulc.
1766 5537 1888 5609 conj

1997 5532 2243 5591 ἴποντοῘ
2280 5538 2326 5570 ⁹¹
2352 5532 2805 5609 ἀντιταττοιξνίὶ.
2951 5533 3115 5609 ξυίιίἱ
3138 5549 3184 5586 s.
3208 5548 3277 5609 3'.
3299 5532 3562 5609 ἔμϐολον-ο

286 5601 410 5662 οἷον
445 5611 545 5679 είς.
594 5599 606 5608 ’
638 5599 693 5643 ’⁸
715 5609 870 5663 Suid.
915 5599 1242 5679 διεκέκριτο.
1335 5607 1392 5679 Α⁹⁸
1427 5607 1493 5660 ἂν
1512 5605 1665 5679 deest
1704 5605 1809 5677 ap.

1996 5621 2080 5679 im.
2113 5609 2336 5679 ούκᾉβτο
2359 5608 2422 5679 ὲκ
2472 5606 2599 5679 Spli.
2651 5603 2812 5679 Par;
2875 5605 2936 5679 ⁸⁸,
2959 5601 3184 5679 ὀπίσθια
3204 5602 3292 5679 διά
3313 5599 3374 5679 τί)
3407 5599 3561 5679 διιίἀ.

286 5679 340 5713 ⁸⁷
361 5669 530 5751 πολλῇ
555 5679 678 5737 add.
699 5695 767 5735 ex
793 5679 840 5734 R
864 5685 918 5734 et
947 5669 1268 5748 intpr.',cum
1297 5675 1526 5732 clamore
1545 5669 1764 5749 ingenti.
1841 5678 1888 5711 ⁸⁸

1996 5678 2114 5732 τίκα
2135 5678 2190 5732 δὲ
2212 5669 2277 5733 ii.
2353 5677 2398 5708 ”
2423 5669 2752 5747 αίρῆσαντες
2777 5672 2841 5726 ῐὶ.
2922 5673 2937 5704 ¹
2958 5672 3024 5726 τὰ
3055 5672 3190 5740 κέρα
3211 5671 3276 5737 li,
3308 5669 3376 5724 τὰ
3398 5669 3564 5743 κέρα-

285 5767 362 5804 τα
390 5751 535 5816 vulg.
