4030 6480
559 260 701 329 1347

1732 271 2088 332 AGATHUE
2124 273 2613 336 SCHOLASTICI

3658 276 3778 343 13l8

548 390 750 450 sensim
781 387 1155 461 porrectisque
1186 386 1310 451 alis,
1344 384 1561 439 inversa
1593 381 1726 436 ariei
1751 382 1929 437 fronte
1950 381 2120 452 (quod

2231 385 2320 457 τὴν
2345 386 2623 454 φάλαγγα,
2651 386 3017 458 καταστήσεις,
3045 381 3483 454 παρακελεύεται
3504 385 3612 448 τοῖς
3641 385 3780 444 itm-0.

549 484 685 539 artis
702 483 848 538 illius
862 481 1023 552 periti
1046 479 1378 548 ἐπικάμπιον
1400 476 1426 526 ἐ
1433 472 1742 546 μπροσθιαν
1762 474 2122 541 vocaverint),

2226 479 2471 546 τοξόταις
2515 479 2722 548 ἐφιέναι
2750 477 2820 530 τά
2858 477 2985 546 βέλη
3015 476 3358 547 ἑκατέρωθεν
3388 475 3706 548 ἐναλλάγδην
3731 485 3781 545 ἐς

550 575 829 646 equilibus
855 571 1149 644 sagittariis
1175 568 1418 631 mandat,
1447 575 1509 620 ut
1537 565 1794 635 utrinque
1823 564 2048 633 sagittas
2070 563 2126 618 in

2231 571 2297 624 τά
2329 571 2642 642 μετάφρενα
2681 570 2788 623 τῶν
2821 569 3113 638 πολεμίων.
3139 570 3200 622 Ol
3236 568 3296 621 δέ
3328 568 3471 620 κατά
3495 569 3661 624 ταῦτα
3701 575 3782 645 ρφ.

553 662 795 718 hostium
831 669 979 730 terga
1011 665 1204 713 mutuo
1230 655 1512 720 emittant;
1550 654 1696 716 quod
1738 661 1793 708 et
1834 653 1935 722 ipsi
1971 653 2129 708 facile

2231 663 2353 726 δίως
2389 664 2626 718 ἐποίουν.
2665 664 2796 715 "Ars
2827 662 2936 732 γὰρ
2973 660 3169 726 πεζοὺς
3211 659 3300 732 [Ρ.
3325 659 3421 730 45]
3477 659 3632 723 ὄντας
3673 667 3783 728 τοὺς

552 753 910 824 praestabant.
943 751 1082 811 Cum
1115 747 1261 802 enim
1303 747 1520 801 barbari
1554 744 1765 816 pedites
1790 754 1993 810 essent,
2025 745 2146 812 ipsi.

552 860 620 899 ex
670 845 828 914 equis
878 843 1136 899 editiores
1189 840 1518 896 exsistentes
1571 837 1830 893 facillime
1880 845 2132 907 poterant

553 935 718 989 ferire
764 936 1029 990 distantes
1067 946 1486 1003 expansosque,
1541 945 1722 1000 neque
1764 929 1845 985 eis
1887 929 2131 984 anterius

557 1026 767 1081 allicere
795 1028 1057 1082 valentes.
1093 1023 1279 1095 Neque
1307 1035 1426 1078 erat
1453 1023 1677 1077 difﬁcile
1707 1022 1946 1076 arbitror
1974 1020 2131 1091 equi-

556 1118 702 1174 tibus
745 1118 810 1172 ad
848 1117 1225 1174 extremitates
1257 1116 1573 1171 consututis
1613 1115 1892 1184 proximos
1935 1113 2040 1169 sibi
2078 1120 2133 1169 et

555 1225 720 1283 quam
754 1211 992 1266 maxime
1019 1211 1229 1264 vicinos
1256 1209 1446 1263 hostes
1481 1207 1698 1278 sagittis
1728 1207 2128 1272 transmittere;

556 1320 653 1360 eos
678 1319 810 1359 vero
839 1304 934 1374 qui
963 1318 1026 1357 ex
1059 1303 1291 1356 adverso
1317 1300 1798 1370 conspiciebantur
1823 1299 2130 1353 vulnerare.

559 1392 1001 1463 Trajiciebantur
1033 1391 1220 1459 itaque
1244 1388 1472 1463 Francis
1504 1388 1655 1443 omni
1685 1402 1748 1441 ex
1783 1396 1935 1456 parte
1959 1395 2131 1455 terga,

559 1461 825 1543 Romanis
854 1483 1073 1550 quidem
1101 1482 1195 1550 qui
1237 1481 1305 1536 ad
1334 1461 1584 1534 dextrum
1612 1479 1722 1550 83
1762 1493 1932 1533 cornu
1971 1478 2135 1547 positi

559 1578 736 1633 erant,
767 1570 982 1622 hostem
1029 1581 1094 1621 ea
1140 1570 1196 1620 In
1237 1575 1392 1635 parte
1418 1565 1806 1618 infestantibus
1836 1581 1850 1616 :
1879 1565 1972 1632 qui
2007 1578 2134 1619 vero

560 1663 616 1717 in
647 1663 876 1717 sinistro
901 1675 1072 1714 cornu
1101 1669 1281 1722 erant,
1311 1673 1406 1713 eos
1435 1657 1530 1728 qui
1563 1657 1616 1711 in
1647 1657 1817 1711 altera
1848 1675 1861 1708 :
1898 1671 2136 1726 cumque

561 1755 637 1810 ita
671 1755 776 1808 tela
817 1753 1123 1808 alternatim
1153 1759 1386 1820 utraque
1411 1765 1479 1805 ex
1508 1760 1665 1820 parte
1694 1750 1751 1804 in
1795 1749 2134 1804 contrarium

561 1848 858 1911 ferrentur,
905 1853 962 1901 et
991 1844 1256 1914 quidquid
1289 1843 1514 1899 obvium
1561 1851 1680 1897 erat
1719 1843 2132 1912 disperderent,

560 1940 778 1996 barbari
807 1937 1236 2008 nequetelorum
1261 1937 1402 1992 ictus
1429 1936 1634 1991 evitare
1664 1942 1932 2004 poterant,
1956 1949 2136 2005 neque

558 2037 702 2092 unde
732 2033 1026 2089 ferirentur
1057 2033 1191 2088 satis
1239 2031 1762 2086 animadvertebant.
1805 2031 1942 2084 Cum
1985 2031 2132 2086 enim

559 2128 823 2184 Romanis
873 2128 1104 2182 adversa
1153 2123 1335 2178 fronte
1372 2124 1609 2193 Oppositi
1641 2131 1871 2190 starent,
1904 2123 2134 2193 singuli-

557 2238 666 2294 que
695 2223 750 2276 in
778 2221 832 2276 id
861 2228 1096 2284 tantum,
1128 2217 1272 2287 quod
1315 2232 1425 2287 prae
1465 2217 1722 2270 manibus
1752 2225 1891 2281 erat,
1938 2217 2133 2273 intenti

557 2316 917 2386 respicerent,
944 2322 996 2368 et
1028 2312 1293 2366 adversus
1321 2310 1504 2378 gravis
1536 2319 1830 2365 armatum
1852 2310 2052 2366 milites
2078 2312 2132 2366 in

556 2407 843 2479 principiis
891 2412 1102 2460 stantes
1151 2403 1562 2470 praeliarentur;
1617 2412 1901 2471 equestres
1949 2412 2132 2460 autem

557 2500 873 2571 sagittarios
908 2505 1094 2566 utpote
1123 2505 1273 2550 retro
1301 2494 1509 2564 positos
1535 2509 1645 2548 non
1677 2494 2056 2564 conspicerent
2081 2503 2136 2550 et

558 2594 791 2649 telorum
821 2591 962 2645 ictus
987 2603 1094 2643 non
1122 2587 1436 2658 pectoribus
1468 2586 1564 2642 sed
1597 2585 1763 2656 tergis
1785 2587 2131 2657 exciperent;

555 2700 667 2755 quo
696 2683 822 2738 mali
855 2683 1135 2737 venissent
1163 2678 1467 2748 intelligere
1493 2692 1602 2733 non
1635 2687 1906 2748 poterant.
1931 2677 2136 2735 Pleris-

554 2792 664 2848 que
684 2789 815 2830 vero
833 2788 1026 2829 eorum
1052 2786 1120 2826 ne
1147 2770 1434 2826 dubitandi
1464 2769 1682 2838 quidem
1714 2771 2136 2842 ambigendique

553 2869 624 2925 de
650 2869 719 2923 iis
747 2881 868 2934 quae
903 2865 1208 2936 agebantur
1255 2862 1410 2918 locus
1457 2862 1895 2932 relinquebatur;
1946 2865 2134 2919 statim

553 2976 682 3017 cum
733 2960 854 3031 ipso
894 2959 1007 3014 ictu
1049 2964 1230 3013 morte
1268 2969 1366 3012 eos
1416 2953 1764 3026 corripiente.
1800 2955 2133 3015 Cadeutibus

2233 752 2544 824 βαρϐάρους
2567 755 2632 806 ἐκ
2650 753 2757 806 τῶν
2779 753 2960 806 ἵππων
2988 753 3441 823 ὑπερανέχοντες,
3466 752 3785 811 εὐκολώτατα

2229 844 2493 913 ὴδύναντο
2521 843 2734 912 βάλλειν
2773 844 2834 898 τὸ
2872 843 3177 914 ἀφεστηκὸς
3212 843 3312 896 καὶ
3353 843 3668 913 ἠπλωμένον
3705 850 3786 900 καὶ

2230 935 2514 1005 ἐλεύθερον
2560 935 2654 989 τοῦ
2702 935 3180 1006 ἐπιπροσθοῦντος,
3241 935 3358 988 Καὶ
3415 931 3486 1006 ἦν
3535 937 3593 987 οὺ
3645 937 3786 1007 χαλε-

2231 1029 2354 1090 πὸν,
2378 1024 2552 1096 οἶμαι,
2579 1028 2692 1089 τοῖς
2720 1028 2811 1079 ἐπὶ
2832 1027 2939 1079 τῶν
2963 1027 3146 1098 ἄκρων
3171 1025 3435 1088 ἱππόταις
3464 1023 3524 1076 τὸ
3547 1026 3640 1094 μὲν
3666 1029 3789 1079 κατὰ

2233 1122 2373 1188 σφᾶς
2403 1120 2565 1190 μέρος
2589 1119 2696 1172 τῶν
2715 1117 2991 1188 δυσμενῶν
3016 1117 3109 1172 καὶ
3134 1115 3530 1187 πλησιαίτατον
3557 1117 3789 1186 ὑπερϐαί-

2233 1226 2343 1262 νειν
2371 1211 2482 1271 τοῖς
2518 1207 2718 1278 βέλεσι,
2749 1208 2875 1271 τοὺς
2895 1207 2952 1260 δέ
2971 1207 3196 1274 ἀντικρὺ
3231 1205 3599 1276 φαινομένους
3621 1207 3790 1276 τιτρώ-

2234 1317 2402 1354 σκειν.
2435 1299 2834 1371 Διεπερονῶντο
2865 1299 3152 1370 τοιγαροῦν
3182 1298 3457 1352 πάντοθεν
3489 1298 3560 1350 τὰ
3588 1299 3721 1353 νῶτα
3748 1303 3787 1353 oi

2231 1393 2472 1462 Φράγγοι
2497 1435 2512 1459 ,
2544 1393 2652 1445 τῶν
2684 1391 2783 1462 μὲν
2815 1393 2907 1443 ἐπὶ
2931 1391 3024 1444 τοῦ
3049 1389 3224 1456 δεξιοῦ
3251 1391 3436 1460 κέρως
3469 1391 3788 1459 τεταγμένων

2244 1484 2531 1553 Ῥωμαίων
2581 1484 2713 1546 τοὺς
2756 1483 2966 1536 ἐκεῖθεν
3012 1482 3455 1553 λυμαινομένων,
3483 1464 3602 1533 ’τῶν
3640 1481 3789 1534 δέἐπὶ

2235 1577 2438 1646 θάτερα
2461 1579 2587 1640 τοὺς
2611 1577 2852 1648 ἐτέρους.
2887 1576 3044 1630 Οὕτω
3071 1593 3129 1628 τε
3155 1577 3206 1628 οἱ
3235 1577 3506 1646 ἄτρακτοι
3537 1575 3788 1643 παραλλὰξ

2236 1673 2293 1735 ἐς
2326 1670 2584 1727 τάναντία
2623 1671 2932 1742 φερόμενοι,
2979 1669 3073 1723 καὶ⁵
3123 1668 3274 1722 ἂπαν
3321 1667 3387 1720 τὸ
3431 1666 3789 1738 παρεμπῖπτον

2168 1736 2210 1790 Β
2235 1736 2645 1834 διαφθείροντες.
2669 1736 2978 1828 ἐλάνθανον,
3016 1759 3139 1814 οὔτε
3169 1758 3518 1829 φυλάξασθαι
3543 1736 3645 1812 τῶν
3680 1760 3789 1829 βαρ·

2236 1854 2419 1925 ὀάρων
2457 1857 2584 1914 οἴων
2615 1872 2674 1907 τε
2705 1855 3061 1924 γιγνομένων,
3083 1851 3209 1906 οὔτε
3241 1853 3370 1905 ὅθεν
3407 1851 3683 1922 βάλλονται
3711 1869 3788 1906 σα-

2236 1949 2352 2018 φῶς
2405 1949 2846 2002 ἐπισκοπούντων
2872 1962 2887 1978 ο
2915 1945 3287 2016 ἀντιμέτωποι
3323 1948 3342 1976 ¹
3387 1944 3501 2014 γὰρ
3534 1947 3640 2007 τοῖς
3677 1945 3786 1997 Ῥω-

2238 2043 2418 2114 μαίοις
2446 2044 2698 2108 ἑστῶτες,
2725 2044 2817 2095 καὶ
2843 2043 2901 2105 ἐς
2933 2042 3090 2112 μόνον
3120 2041 3180 2094 τὺ
3209 2039 3335 2095 καθ’
3371 2040 3567 2102 αὐτοὺς
3596 2039 3666 2101 ώς
3684 2039 3787 2091 ’ἐκαο

2237 2155 2351 2191 στοι
2401 2137 2820 2201 ἀποϐλέποντες,
2879 2134 2974 2188 καὶ
3021 2135 3158 2205 πρὸς
3213 2133 3318 2203 μὲν
3352 2132 3482 2194 τοὺς
3515 2131 3786 2202 ἔμπροσθεν

2234 2229 2455 2292 ὁπλίτας
2489 2231 2552 2283 ἐκ
2580 2228 2759 2301 χειρὸς
2790 2227 3200 2298 διαμαχόμενοι,
3226 2227 3359 2288 τοὺς
3385 2224 3444 2276 δέ
3469 2223 3787 2288 ίπποτοξότᾶς

2233 2321 2309 2386 ὡς
2343 2321 2409 2391 δὴ
2437 2321 2630 2374 ὄπισθε
2668 2321 2689 2351 ³
2719 2319 3084 2390 τεταγμένους
3111 2319 3171 2371 οὺ
3206 2317 3359 2388 μάλα
3383 2317 3630 2388 ὁρῶντες,
3659 2317 3718 2367 τά
3739 2333 3783 2367 τε

2237 2415 2432 2486 στέρνα
2464 2415 2525 2467 οὐ
2560 2412 2896 2484 βαλλόμενοι,
2927 2412 3064 2466 ἀλλά
3095 2409 3166 2463 τά
3197 2411 3373 2477 νῶτα,
3405 2410 3506 2462 οὐκ
3533 2405 3668 2479 εἶχον
3692 2408 3783 2461 δια·

2233 2507 2557 2576 γιγνώσκειν
2591 2507 2613 2538 ⁸
2641 2499 2809 2575 οὗπερ
2857 2504 3150 2574 ἐτύγχανον
3186 2503 3348 2565 ὄντες
3382 2501 3573 2556 κακοῦ.
3607 2501 3716 2564 Τοῖς
3740 2499 3782 2552 δέ

2236 2598 2507 2662 πλείστοις
2551 2596 2672 2651 οὐδὲ
2715 2595 2806 2650 τοῦ
2837 2596 2858 2628 ³
2896 2595 3176 2664 διαπορεῖν
3210 2594 3309 2646 καὶ
3338 2594 3703 2663 ἀμφιγνοῆσαι
3731 2589 3782 2642 τὰ

2235 2691 2538 2760 ποιούμενα
2569 2689 2722 2760 χώρα
2745 2688 3012 2757 ἐγίγνετο,
3045 2689 3161 2757 ἅμα
3199 2688 3270 2757 τῇ
3304 2685 3489 2755 πληγῇ
3514 2685 3607 2754 τῆς
3629 2683 3779 2735 τελευ-

2235 2781 2332 2851 τῆς
2362 2779 2751 2850 ἐπιφοιτώσης.
2786 2777 3102 2831 Πιπτόντων
3132 2773 3246 2844 γὰρ
3279 2771 3371 2825 ἀεὶ
3400 2771 3508 2822 τῶν
3532 2769 3692 2830 ἐκτὸς,
3713 2767 3778 2820 εὐ·

2235 2875 2331 2938 θὺς
2361 2875 2411 2927 οί
2437 2873 2646 2926 ἔνδοθεν
2681 2869 3052 2939 ἀνεφαίνοντο,
3084 2871 3178 2922 καὶ
3212 2866 3413 2920 τούτου
3450 2862 3596 2934 θαμά
3626 2877 3777 2929 γιγνο-

2239 2967 2423 3039 μένου,
2452 2965 2656 3038 διέρρει
2681 2965 2866 3028 αὐτοῖς
2892 2962 2962 3018 τὰ
2987 2959 3166 3034 πλήθη
3197 2959 3279 3025 ὡς
3308 2959 3536 3029 τάχιστ-α
3565 2956 3650 3010 καὶ
3668 2956 3779 3024 ἡφα-

555 3055 704 3109 enim
735 3067 950 3122 semper
977 3050 1368 3115 exterioribus,
1414 3049 1598 3105 Statim
1631 3049 1952 3105 interiorum
1983 3059 2129 3121 terga

2237 3058 2430 3124 νίζετο,
2481 3059 2576 3112 καὶ
2623 3061 2681 3121 ἐς
2728 3056 3018 3126 ὀλιγότητα
3054 3053 3359 3124 ὑπεχώρει.
3415 3053 3503 3105 Ἐν
3543 3049 3700 3118 τούτῳ
3734 3048 3776 3099 δὲ

552 3147 940 3210 nudabantur,
1004 3157 1238 3213 cumque
1292 3141 1345 3197 id
1415 3141 1636 3197 assidue
1679 3143 2129 3213 continentcrque

554 3239 729 3305 fleret,
765 3237 938 3308 copiae
963 3251 1130 3306 quam
1171 3235 1433 3290 citissime
1472 3231 1939 3290 labefactabantur
1965 3246 2132 3306 atque

553 3331 872 3396 interibant,
915 3337 971 3384 et
1014 3328 1080 3382 ad
1113 3327 1438 3397 paucitatem
1477 3327 1882 3398 redigebantur.
1918 3328 2130 3384 Interea

556 3422 788 3478 Sindual
817 3429 875 3476 et
902 3419 1091 3475 Heruli
1121 3435 1245 3474 cum
1281 3419 1468 3489 pradio
1499 3419 2046 3490 appropinquassent,
2073 3421 2128 3476 in

553 3517 744 3570 hostes
775 3515 1088 3574 incurrunt,
1127 3511 1222 3581 qui
1267 3511 1538 3580 perfracta
1587 3519 1980 3582 penetrataque
2013 3513 2128 3568 Ro-

553 3622 844 3663 manorum
869 3607 1004 3669 acie,
1031 3605 1270 3674 reliquos
1289 3614 1693 3672 praeverterant.
1721 3604 1918 3660 Statim
1944 3606 2130 3677 itaque

552 3710 719 3769 atque
748 3700 812 3754 ad
844 3712 1039 3752 manus
1068 3706 1291 3751 ventum
1318 3705 1423 3763 est,
1453 3711 1690 3768 pugnam
1719 3712 1843 3752 cum
1878 3698 1960 3753 eis
1994 3714 2129 3754 con-

555 3801 748 3848 serunt
780 3811 793 3846 :
825 3799 880 3846 at
928 3789 1004 3844 illi
1055 3789 1335 3860 inopinato
1379 3789 1456 3844 rei
1498 3798 1693 3845 eventu
1727 3791 1985 3860 perculsi,
2018 3791 2130 3846 imo

553 3882 739 3953 potius
783 3880 1013 3936 insidias
1041 3894 1164 3935 esse
1193 3879 1494 3949 suspicati,
1539 3878 1828 3934 confestim
1859 3881 1914 3934 in
1942 3879 2137 3951 fugam.

553 3982 686 4030 sunt
731 3974 909 4039 versi;
963 3971 1275 4040 transfugas
1313 3971 1725 4037 insimulantes,
1771 3972 1916 4042 quod
1945 3974 2015 4028 ab
2047 3974 2129 4029 eis

551 4074 738 4122 essent
769 4063 999 4134 decepti.
1035 4063 1264 4118 Sindual
1295 4077 1427 4118 vero
1457 4063 1657 4120 acriter
1681 4062 1794 4135 84
1819 4064 1901 4120 eis
1921 4065 2128 4136 absque

551 4162 663 4222 ulla
721 4157 1132 4214 intermissione
1184 4156 1447 4222 instabat,
1494 4155 1670 4212 donec
1722 4157 1860 4212 alios
1906 4158 2126 4228 quidem

549 4253 866 4326 prostravit,
895 4251 1036 4306 alios
1058 4264 1190 4306 vero
1236 4252 1289 4305 in
1331 4251 1663 4307 verticosum
1690 4250 1892 4306 flumen
1923 4253 2122 4324 adegit.

551 4351 731 4418 Atque
759 4347 833 4401 ita
863 4345 1077 4402 Herulis
1105 4347 1158 4400 in
1185 4361 1346 4401 suum
1379 4345 1562 4400 locum
1597 4347 1851 4416 receptis,
1880 4349 2126 4402 vacuitas

549 4441 641 4495 illa
701 4440 758 4493 in
802 4439 983 4493 medio
1023 4440 1298 4493 exercitus
1341 4438 1590 4507 suppleta
1642 4446 1745 4505 est,
1795 4447 1850 4493 et
1890 4440 2126 4510 phalanx
2162 4421 2204 4475 Ῑ)

547 4533 734 4602 clausa
778 4549 795 4588 :
840 4530 1145 4601 Francique
1189 4530 1445 4597 deinceps
1494 4529 1664 4584 veluti
1709 4531 1921 4586 retibus
1970 4531 2128 4588 invo-

550 4625 676 4689 luti,
711 4625 857 4680 omni
886 4639 952 4679 ex
990 4632 1145 4693 parte
1167 4622 1537 4678 caedebantur.
1566 4620 1701 4676 Nam
1737 4630 1792 4678 et
1813 4623 1949 4678 ordo
1983 4624 2129 4695 ipso-

549 4733 672 4796 rum
719 4717 938 4788 penitus
981 4725 1100 4771 erat
1141 4715 1472 4779 dissolutus,
1515 4723 1570 4768 et
1610 4713 1841 4770 confuse
1885 4716 2028 4771 inter
2072 4733 2130 4773 se

547 4797 1014 4880 glomerabantur,
1041 4808 1171 4878 quid
1197 4805 1441 4863 facerent
1463 4807 1659 4879 ignari.
1685 4805 1920 4862 Romani
1945 4819 2126 4865 autem

547 4919 658 4958 non
705 4903 883 4959 solum
927 4902 1141 4973 sagittis
1175 4911 1271 4956 eos
1311 4900 1735 4962 interﬁciebant,
1778 4903 1870 4955 sed
1903 4911 1957 4956 et
1996 4918 2120 4973 gra-

546 4997 720 5051 vioris
758 5005 814 5051 et
846 4995 1068 5050 levioris
1115 5001 1409 5050 armaturae
1452 4993 1652 5047 milites
1698 4993 1894 5048 invecti
1937 4994 2122 5049 hastas

548 5092 606 5148 in
643 5106 740 5148 eos
767 5089 1110 5160 torquebant,
1153 5100 1206 5145 et
1237 5089 1416 5145 contis
1455 5087 2118 5160 profligabantLensibuso

543 5200 654 5255 que
680 5181 1113 5250 obtruncabant;
1163 5182 1376 5252 equites
1407 5182 1570 5236 etiam
1609 5181 1846 5238 diductis
1888 5181 1989 5236 alis
2020 5197 2117 5237 eos

2236 3150 2490 3206 Σίνδουάλ
2515 3167 2574 3203 τε
2603 3149 2698 3202 καὶ
2719 3151 2769 3203 οἱ
2796 3147 3048 3218 Ἔρουλοι
3071 3146 3414 3207 πελάσαντες
3431 3146 3499 3215 τῇ
3525 3143 3680 3213 μάχῃ,
3700 3141 3778 3192 ὑπ-

2237 3247 2556 3312 αντιάζουσι
2592 3245 2702 3298 τῶν
2739 3242 3014 3314 πολεμίων
3064 3243 3176 3305 τοῖς
3215 3237 3652 3311 διαπεραιωθεῐσι
3698 3234 3775 3303 τὴν

2235 3339 2542 3410 παράταξιν
2570 3337 2665 3392 καὶ
2697 3334 3086 3408 προελαμένοις
3116 3335 3157 3388 ⁵.
3184 3334 3402 3387 Αὐτίκα
3428 3333 3491 3400 δὴ
3517 3327 3606 3384 οὖν
3629 3329 3775 3390 αὐτοῖς

2235 3438 2293 3500 ἐς
2326 3437 2513 3507 χεῖρας
2543 3432 2790 3496 ἐλθόντες
2817 3430 2978 3502 ἔργου
3014 3433 3242 3501 εἴχοντο·
3275 3430 3326 3482 οἱ
3357 3428 3414 3482 δέ
3441 3426 3517 3497 τῷ
3550 3422 3774 3494 ἀπροσδοο

2236 3533 2386 3602 κήτῳ
2418 3528 2883 3599 καταπληγέντες,
2935 3527 3026 3579 καὶ
3065 3523 3270 3594 μᾶλλον
3309 3523 3530 3592 ἐνέδραν
3579 3514 3774 3572 εἶναιτὸ

2235 3624 2427 3696 χρῆμα
2465 3623 2929 3693 ὑποτοπήσαντες,
2976 3619 3136 3682 εὐθὺς
3173 3620 3234 3681 ἐς
3277 3617 3456 3688 φυγὴν
3494 3614 3770 3685 ἐτράποντο.

2234 3713 2653 3784 καταιτιώμενοι
2676 3713 2801 3775 τοὺς
2828 3711 3332 3782 αὐτομολήσαντας,
3363 3711 3440 3772 ὡς
3465 3707 3526 3778 δὴ
3557 3706 3640 3760 ὑπ’
3658 3703 3772 3756 ἐκεί-

2233 3826 2342 3862 νων
2394 3806 2817 3877 ἐξηπατημένοι.
2851 3805 2916 3857 Οἱ
2954 3803 3010 3856 δὲ
3059 3802 3203 3873 ἀμφὶ
3233 3799 3492 3855 Σίνδουαλ
3527 3800 3621 3852 οὐκ
3655 3794 3770 3849 ἀνίε-

2236 3917 2336 3954 σαν
2360 3900 2402 3963 ⁷,
2435 3899 2548 3952 ἀλλ’
2569 3899 2859 3960 ἐνέκειντο,
2893 3895 2997 3958 ἐως
3029 3896 3152 3957 τοὺς
3179 3893 3282 3964 μέν
3311 3892 3708 3963 κατεστόρεσαν,
3733 3885 3770 3936 oi

2231 3993 2291 4046 δέ
2310 3995 2369 4057 ἐς
2392 3991 2492 4055 τὰς
2520 3990 2614 4064 τοῦ
2649 3988 2896 4060 ποταμοῦ
2930 3986 3189 4052 ἐξέπεσον
3231 3986 3404 4050 δίνας.
3433 3982 3584 4038 Οὕτω
3610 3997 3660 4034 τε
3686 3976 3768 4030 τῶν

2245 4083 2513 4154 Ἐρούλων
2549 4063 2628 4151 τῷ
2675 4079 2918 4150 σφετέρῳ
2951 4077 3113 4149 χώρῳ
3151 4075 3620 4145 ἐγκαταστάντων,
3649 4070 3700 4124 τό
3724 4083 3768 4120 τε

2232 4175 2455 4244 κένωμα
2479 4170 2803 4242 ἐπληροῦτο,
2838 4171 2984 4238 καὶὴ
3017 4167 3231 4238 φάλαγξ
3265 4167 3676 4227 συνεκέκλειστο,
3698 4161 3768 4213 καὶ

2231 4265 2484 4320 τολοιπὸν
2529 4265 2578 4318 οἱ
2623 4264 2884 4335 Φράγγοι,
2923 4261 3173 4332 καθάπερ
3201 4263 3286 4325 εἰς
3310 4261 3484 4332 ἄρκυς
3520 4257 3768 4325 ξυνειλημ-

2236 4356 2407 4428 μένοι,
2435 4356 2737 4410 ἐκτείνοντο
2777 4353 3062 4408 πάντοθεν.
3097 4355 3169 4406 Ἢ
3209 4371 3271 4407 τε
3303 4353 3414 4424 γὰρ
3438 4352 3585 4416 τάξις
3617 4345 3766 4402 αὐτὰ

2228 4447 2532 4502 τελεώτατα
2559 4446 2846 4513 διελέλυτο,
2879 4445 2974 4500 καὶ
3004 4445 3172 4516 χύδην
3202 4447 3298 4499 ἐπὶ
3321 4446 3462 4514 σφᾶς
3495 4439 3764 4496 ὑπελίπον-

2226 4557 2308 4604 το,
2332 4542 2432 4594 οὑκ
2460 4539 2674 4610 ἔχοντες
2699 4539 2728 4591 ὅ
2757 4556 2810 4592 τι
2850 4539 2945 4592 καὶ
2973 4538 3234 4606 γένοιντο.
3267 4539 3330 4592 υἱ
3361 4537 3417 4589 δὲ
3453 4530 3691 4601 Ῥωμαῖοι
3715 4522 3762 4575 οὐ

2230 4631 2392 4700 μόνον
2411 4631 2522 4692 τοῖς
2551 4629 2724 4695 τόξοις
2754 4628 2953 4691 αὐτοὺς
2978 4627 3291 4697 διεχρῶντο,
3320 4623 3453 4680 ἀλλὰ
3479 4621 3536 4676 τό
3563 4636 3617 4672 τε
3638 4613 3762 4670 όπλι·

2227 4722 2378 4775 τικὸν
2411 4720 2504 4775 καὶ
2537 4721 2588 4773 οί
2617 4718 2762 4788 ψιλοὶ
2791 4719 3056 4792 ἐπῄεσαν,
3085 4719 3314 4792 δοράτιά
3341 4735 3400 4770 τε
3433 4709 3760 4772 ἀκοντίζοντες

2229 4814 2322 4867 καὶ
2371 4815 2484 4876 τοῖς
2533 4811 2742 4875 κόντοις
2784 4811 3155 4882 διωθούμενοι,
3199 4811 3293 4866 καὶ
3331 4811 3452 4870 ταῖς
3505 4798 3757 4876 μαχαίραις

2231 4903 2680 4972 κατατέμνοντες,
2712 4902 2766 4954 οἳ
2792 4919 2852 4954 τε
2885 4903 3071 4964 ἱππεῖς
3107 4899 3508 4972 ὑπερκερώσεις
3538 4886 3755 4972 ποιούμεξ

2227 5013 2306 5050 νοι
2336 4971 2658 5065 ὑπεδέχοντο
2683 4994 2879 5059 αὐτοὺς
2918 4994 3049 5048 εἴσω
3079 4993 3173 5048 καὶ
3204 4971 3596 5061 ἀπελάμϐανον.
3626 4979 3676 5032 El
3708 4971 3752 5065 δέ

2224 5105 2277 5142 τι
2309 5063 2600 5159 αὐτῶν
2633 5085 2724 5158 46]
2759 5087 2852 5140 καὶ
2873 5086 3096 5156 διέφυγε
3126 5086 3194 5140 τὰ
3230 5085 3375 5154 ξίφη,
3409 5082 3456 5134 οἱ
3487 5079 3538 5132 δὲ
3567 5075 3624 5143 τῇ
3651 5063 3751 5159 διώ-⁸

2225 5181 2303 5250 Est
2341 5155 2723 5250 ἐκϐιαξόμενοι
2782 5180 2841 5242 ἐς
2882 5155 2978 5232 τὸν
3012 5177 3254 5249 ποταμὸν
3293 5171 3647 5244 κατεφέροντο,
3676 5155 3748 5210 καὶ

1782 5389 2019 5447 VARLE
2045 5386 2448 5445 LECTIONES.

607 5534 628 5608 .1
666 5569 1011 5642 ἁντιμέτωπα
1181 5568 1630 5642 Ἷὸπισθενλνιιιε.
1698 5570 2050 5640 ιδιαγινώσκ.
2092 5571 2247 5642 τοις.
2325 5565 2460 5624 ΙΙτοῦ
2495 5569 2692 5642 Lugd.,
2741 5574 2801 5626 τὸ
2853 5571 2921 5635 R,
2969 5571 3080 5624 τῶν
3132 5571 3252 5625 Par.
3289 5542 3736 5642 ἀμφαγδζοῇσξίξωίξ

542 5638 996 5720 ξπροαλαμέγοις
1050 5638 1248 5720 μιιερτ,
1317 5638 1748 5720 προαλλαμένοις
1823 5638 1886 5707 lt,
1945 5638 2352 5720 προαλωμένοις
2406 5642 2530 5720 edd.

2635 5627 2998 5696 'dvisawf—
3035 5643 3300 5696 ἐνέκειντο
3331 5627 3394 5708 ξιξ
3436 5627 3572 5703 (τι).
3601 5627 3734 5685 Mli"-

541 5709 933 5763 intermittendo
959 5709 1297 5775 —institil.,
1321 5709 1630 5781 ἀνῄεσαν-
1651 5710 1863 5766 εκειντο
1900 5712 2068 5781 vulg.,
2108 5709 2279 5782 Lugd.
2316 5728 2426 5784 mg.
2452 5712 2535 5766 ἵσ.
2561 5713 2848 5768 ἐνέκειντο.
2921 5749 2926 5753 -
