4030 6404
343 288 489 358 ὶ349

1487 276 2032 339 HISTORIARUM
2067 275 2302 336 LIBER
2334 275 2419 336 II.

3501 271 3639 341 1350

339 396 672 472 ὑποϐρύχιοι
697 393 1013 466 γιγνόμενοι
1037 390 1322 463 ἔθνησκον·
1355 391 1568 461 οἰμωγή
1592 407 1650 444 τε
1679 389 1908 460 ἠκούετο
1927 389 1948 420 ⁸

2054 384 2555 440 circumveniebant
2574 391 2628 440 et
2645 379 3076 450 concludebant;
3108 379 3153 436 si
3176 381 3269 452 qui
3294 397 3423 439 vero
3443 399 3634 442 eorum

342 487 668 560 ἅπανταχοῦ
717 487 826 540 τῶν
869 484 1164 556 βαρϐάρων
1201 482 1530 554 οἰκτρότατα
1557 481 1941 552 διολλυμένων’

339 583 512 644 αὑτός
544 597 605 633 τε
635 576 699 649 δὴ
733 573 826 632 οὖν
861 577 1166 640 Βουτιλῖνος
1195 577 1224 628 ὁ
1256 573 1561 646 στρατηγὸς
1605 573 1700 626 καὶ
1736 573 1855 626 ὅλον
1884 571 1947 626 τὸ

344 674 674 744 στράτευμα
705 667 1058 739 πανωλεθρίᾳ
1079 667 1365 738 ἠφάνιστο,
1408 666 1466 720 ὲν
1493 668 1606 730 τοῖς
1635 665 1730 718 καὶ
1759 665 1807 717 οἱ
1835 663 1947 716 τῶν

357 760 634 832 Ἕρούλων
669 758 776 829 πρὸ
818 757 982 828 τῆσδε
1023 760 1124 828 τῆς
1163 754 1487 827 συμπλοκῆς
1517 757 1538 788 ⁹
1588 754 1942 826 μεταϐάντες,

341 854 446 907 καὶ
474 852 648 912 οὐδεὶς
673 851 820 912 ὅστις
841 848 952 901 τῶν
980 847 1278 918 Γερμανῶν
1303 850 1361 910 ἐς
1387 845 1456 900 τά
1491 847 1694 916 πάτρια
1725 846 1946 915 ἐνόστη-

342 961 442 998 σεν
471 942 600 1014 ἤθη,
635 941 716 994 ὅτι
753 939 830 1010 μὴ
857 939 1019 992 πέντε
1045 938 1237 1009 ἄνδρες
1260 937 1530 1008 ὁτιρδηοῦν
1553 940 1744 1008 τρόπῳ
1770 937 1949 990 διαδε-

339 1035 630 1108 δρακότες.
663 1032 788 1094 Πῶς
825 1031 882 1084 δέ
917 1032 1016 1084 οὐκ
1056 1030 1122 1084 ἂν
1159 1029 1245 1100 εἴη
1272 1030 1315 1062 ¹⁰
1345 1029 1619 1101 ἀρίδηλον,
1648 1029 1724 1092 ὼς
1753 1027 1946 1091 ποινὰς

345 1126 588 1195 ὑπέσχον
623 1122 733 1174 τῶν
755 1121 1136 1190 ἀδικημάτων,
1169 1121 1266 1174 καὶ
1311 1119 1590 1190 ὑπερτέρα
1625 1137 1708 1182 τις
1749 1119 1948 1182 αὐτοὺς

351 1215 620 1288 μετῆλθεν
647 1214 896 1283 ἀνάγκης
942 1212 1000 1265 '0
1034 1209 1134 1279 μὲν
1163 1210 1270 1282 γὰρ
1302 1211 1493 1282 μυρίος
1528 1212 1731 1274 ἐκεῖνος
1762 1210 1948 1280 ὅμιλος

342 1308 461 1361 τῶν
491 1306 758 1378 Φράγγων
785 1321 844 1358 τε
875 1305 970 1356 καὶ
1003 1302 1343 1374 Ἀλαμανῶν,
1374 1303 1467 1356 καὶ
1490 1303 1599 1356 τῶν
1621 1304 1734 1354 ὅσοι
1763 1301 1827 1372 δὴ
1853 1301 1950 1354 αύ-

342 1390 466 1461 τοίς
494 1396 870 1478 τυχδνιέτεροι
914 1395 1007 1448 τὸν
1049 1394 1284 1464 πόλεμον
1328 1394 1737 1466 ξυνδιήνεγκαν,
1778 1395 1948 1465 ἄρδην

350 1491 701 1561 ἀνήρπαστο,
739 1487 892 1557 μόνοι
935 1486 993 1538 δέ
1021 1486 1352 1558 ὁγδοήκοντα
1384 1487 1492 1538 τῶν
1535 1486 1824 1556 Ῥωμαίων
1853 1486 1949 1539 άν-

351 1580 482 1652 δρες
535 1579 828 1642 ἀπέθανον,
863 1577 912 1630 οἳ
957 1576 1023 1649 δὴ
1075 1577 1369 1648 ἐτύγχανον
1405 1576 1797 1647 ὑποδεξάμενοι
1849 1577 1948 1648 τὴν

2047 493 2213 535 enses
2248 478 2577 548 etingerant,
2615 477 2671 532 hi
2706 476 2808 547 ipsi
2848 475 3234 531 insectantium
3277 477 3327 530 vi
3369 480 3638 550 compulsi

2046 571 2354 642 praecipites
2389 571 2443 626 in
2489 569 2692 625 ﬂumen
2737 568 3075 633 ferebantur,
3127 566 3378 622 barbaris
3429 569 3636 638 passim

2047 663 2358 718 miserrime
2393 662 2773 732 pereuntibus.
2821 661 2942 731 Ipse
2992 661 3180 730 itaque
3217 660 3327 714 dux
3363 659 3635 717 Butilinus

2049 771 2175 809 cum
2225 756 2481 809 universo
2534 755 2778 808 exercitu
2830 753 2898 807 ad
2955 752 3387 807 internecionem
3434 754 3632 822 periit:

2047 847 2192 902 inter
2223 863 2361 917 quos
2387 849 2553 900 etiam
2583 847 2657 900 illi
2682 845 2866 900 Heruli
2899 846 2990 915 qui
3019 854 3145 898 ante
3173 845 3418 913 puellum
3452 853 3634 900 trans-

2047 938 2336 1011 fugerant;
2382 953 2558 1008 neque
2591 938 2879 1006 quisquam
2917 952 2947 990 e
2972 936 3263 991 GermauTs
3294 937 3358 990 ad
3390 951 3523 992 suos
3550 945 3636 992 est

2051 1047 2326 1096 reversus,
2359 1041 2553 1103 prater
2579 1031 2821 1099 quinque
2853 1029 3020 1093 viros,
3051 1043 3380 1099 quocunque
3410 1028 3629 1084 tandem

2047 1125 2212 1178 modo
2261 1123 2338 1178 illi
2375 1122 2678 1178 evaserint.
2715 1120 2964 1187 Quonam
3009 1137 3138 1177 vero
3192 1131 3513 1191 pactO'non
3561 1122 3632 1176 sit

2046 1217 2403 1288 perspicuum
2440 1229 2536 1269 eos
2565 1213 2861 1282 impietatis
2907 1228 3022 1268 sua:
3055 1228 3244 1282 pcenas
3293 1212 3482 1280 luisse,
3534 1230 3630 1267 su-

2052 1310 2267 1378 periore
2300 1307 2536 1376 quadam
2569 1305 2900 1362 necessitate
2933 1305 3066 1374 ipsis
3104 1304 3496 1359 incumbente?
3540 1305 3631 1358 ln-

2049 1399 2200 1453 ﬁnita
2233 1399 2343 1469 85
2378 1399 2522 1454 enim
2559 1399 2646 1452 illa
2678 1396 3014 1451 Francorum
3049 1397 3251 1467 pariter
3289 1405 3343 1450 et
3372 1395 3632 1452 Alcman-

2049 1508 2246 1547 norum
2301 1492 2481 1556 turba,
2535 1500 2588 1544 et
2633 1498 2903 1560 quotquot
2952 1487 3044 1542 alii
3100 1487 3302 1542 sociale
3339 1503 3462 1542 cum
3499 1487 3632 1556 ipsis

2049 1583 2250 1638 bellum
2285 1593 2589 1653 gesserant,
2628 1582 2848 1652 penitus
2881 1581 3044 1636 deleti
3075 1593 3235 1645 sunt;
3278 1578 3380 1634 soli
3409 1593 3536 1633 vero
3563 1594 3630 1633 ex

354 1671 583 1744 πρώτην
612 1669 849 1740 ἐμϐολὴν
877 1668 986 1722 τῶν
1008 1669 1303 1739 πολεμίων.
1345 1670 1702 1740 Ἦρίστευσαν
1730 1669 1786 1722 δέ
1810 1671 1867 1722 ἐν
1903 1671 1945 1701 ’ί

2054 1673 2320 1730 Romanis
2351 1675 2628 1744 octoginta
2672 1673 2768 1727 viri
2799 1671 3112 1735 desiderati,
3149 1672 3240 1741 qui
3276 1671 3492 1740 quidem
3522 1667 3636 1740 pri-

342 1743 486 1831 τῷδε
515 1761 593 1830 τῷ
620 1759 768 1830 ἔργῳ
798 1760 908 1812 τῶν
941 1759 1040 1829 μὲν
1071 1761 1394 1830 Ῥωμαϊκῶν
1422 1760 1719 1830 ταγμάτων
1755 1761 1943 1830 σχεδόν

2054 1783 2202 1822 mum
2237 1767 2471 1822 hostium
2523 1766 2789 1835 impetum
2827 1774 3175 1834 exceperant.
3214 1762 3268 1817 In
3307 1763 3410 1817 hoc
3448 1770 3634 1818 autem

345 1869 403 1905 τι
456 1852 718 1914 ἅπαντες,
785 1850 1080 1922 βαρϐάρων
1141 1851 1198 1902 δέ
1256 1851 1366 1904 τῶν
1428 1851 1944 1923 ξυστρατευομένων

361 1941 674 2012 ’Δλίγερνος
711 1942 740 1994 ό
773 1940 970 2002 Γότθος
995 1941 1201 2012 (παρῆν
1219 1943 1328 2011 γὰρ
1362 1940 1454 1993 καὶ
1479 1940 1536 2004 ὃς
1569 1943 1624 1992 ἐν
1647 1943 1712 2011 τῇ
1751 1941 1942 2012 μάχῃ),

354 2034 614 2089 Σίνδουάλ
639 2050 699 2086 τε
733 2036 762 2087 ὁ
793 2034 904 2086 τῶν
937 2033 1203 2104 Ἐρούλων
1231 2033 1562 2104 στρατηγὸς,
1589 2036 1682 2086 καὶ
1714 2033 1866 2086 οὐδέν
1895 2050 1945 2086 τι

358 2126 583 2178 ἔλαττον
608 2124 729 2194 ἔσχε
757 2123 868 2177 τῶν
905 2123 1099 2177 ἄλλων.
1132 2124 1409 2187 ’Ἅπαντες
1432 2123 1487 2176 δὲ
1519 2123 1612 2176 τὸν
1638 2123 1862 2193 Ναρσῆν
1889 2123 1946 2174 ἐν

354 2219 570 2288 ἐπαίνῳ
615 2217 895 2270 ἐποιοῦντο
941 2217 1035 2269 καὶ
1073 2215 1486 2286 ἀπεθαύμαζον,
1529 2215 1604 2279 ὼς
1633 2217 1700 2286 τῇ
1736 2215 1946 2268 ἐκείνου

353 2311 674 2382 προμηθείᾳ
703 2312 797 2365 ἐπὶ
833 2311 976 2382 μέγα
999 2311 1158 2382 δόξης
1188 2311 1554 2381 χωρήσαντες.

432 2516 489 2564 ι’.
525 2510 672 2582 Νίκη
717 2510 828 2582 γὰρ
855 2509 998 2563 οὕτω
1035 2509 1266 2581 λαμπρά
1299 2509 1394 2563 καὶ
1427 2509 1716 2582 διαφανὴς,
1759 2511 1854 2566 καὶ
1892 2512 1951 2577 ἐς

349 2604 476 2658 τόδε
499 2603 804 2675 ὑπερϐολῆς
829 2603 1167 2674 προελθοῦσα
1189 2605 1249 2658 οὺ
1281 2604 1498 2676 ῥᾳδίως,
1521 2600 1696 2676 οῐμαι,
1725 2607 1831 2660 άνά
1859 2606 1950 2661 τὸν

352 2696 668 2770 ἔμπροσθεν
721 2699 912 2769 χρόνον
953 2697 1126 2770 ἑτέρῳ
1171 2715 1250 2770 τῳ
1290 2697 1607 2771 ξυνηνέχθη.
1644 2698 1705 2753 Εἰ
1749 2698 1805 2754 δέ
1847 2716 1950 2755 που

354 2793 470 2865 ἄρα
518 2793 613 2844 καί¹
649 2791 827 2862 ἕτεροι
876 2791 1139 2862 πρότερον
1194 2790 1554 2861 παραπλήσια
1609 2793 1721 2854 τοῖς
1765 2793 1949 2862 Φράγ-

354 2904 482 2956 γοις
515 2887 558 2917 ⁸³
587 2884 942 2950 πεπόνθασιν,
973 2884 1091 2938 ἀλλ’
1114 2884 1298 2956 εὕροις
1330 2900 1393 2952 γε
1429 2884 1495 2937 ἂν
1527 2884 1622 2939 καὶ
1645 2885 1689 2918 ¹³
1709 2886 1950 2951 ἐκείνους

355 2979 578 3042 ἀδικίας
609 2977 768 3031 ἕκατι
800 2977 1220 3047 διαφθαρέντας.
1251 2977 1414 3039 Δάτις
1450 2976 1548 3047 μὲν
1579 2977 1688 3049 γὰρ
1718 2978 1884 3033 πάλαι
1921 2981 1951 3032 ὁ

2046 1861 2236 1930 praelia
2263 1870 2484 1916 strenue
2512 1874 2624 1913 rem
2667 1867 2953 1929 gesserunt
2988 1872 3018 1912 e
3042 1855 3301 1911 Romanis
3327 1855 3636 1926 legionibus

2049 1950 2161 2006 fere
2189 1966 2408 2017 omnes;
2443 1965 2507 2006 ex
2530 1950 2892 2004 auxiliaribus
2914 1963 3042 2002 vero
3067 1947 3315 2002 barbaris
3336 1947 3632 2017 Aligernus

2048 2043 2138 2098 ille
2168 2044 2380 2098 Gothus
2403 2042 2562 2114 (nam
2588 2051 2642 2096 et
2663 2042 2778 2111 ipse
2806 2040 3082 2097 conflictui
3109 2038 3390 2109 interfuit)
3422 2047 3476 2094 et
3503 2037 3628 2093 Sin-

2049 2137 2182 2192 dual
2218 2135 2545 2190 Herulorum
2583 2134 2692 2188 dux
2746 2134 2918 2188 nihilo
2965 2134 3090 2189 aliis
3131 2132 3378 2188 inferior.
3429 2131 3634 2187 Omnes

2049 2241 2183 2283 vero
2213 2225 2495 2282 Narsetem
2528 2225 2785 2280 laudibus
2819 2224 3155 2280 extollebant
3183 2233 3347 2294 atque
3391 2224 3634 2279 admira-

2051 2321 2285 2388 bantur,
2332 2329 2594 2390 tanquam
2636 2317 2808 2390 ipsius
2849 2317 3140 2390 prudentia
3173 2318 3239 2373 ad
3273 2325 3478 2372 tantam
3516 2315 3634 2386 glow

2051 2414 2190 2469 riam
2227 2413 2425 2468 evecti.

2126 2502 2216 2558 10.
2247 2504 2400 2560 Adeo
2429 2506 2577 2561 enim
2608 2503 2880 2558 illustrem
2911 2517 2974 2556 ac
3002 2499 3362 2572 splendidam,
3389 2501 3636 2572 adeoque

2051 2599 2411 2654 excellentem
2442 2599 2728 2656 victoriam
2754 2612 2862 2652 non
2894 2595 3054 2651 facile
3085 2595 3410 2651 crediderim
3436 2595 3638 2665 priori-

2052 2692 2156 2749 bus
2190 2693 2409 2750 saaculis
2451 2694 2710 2765 cuiquam
2753 2689 3035 2763 obtigisse.
3089 2686 3144 2742 Si
3186 2689 3278 2762 qui
3314 2703 3444 2747 vero
3469 2689 3635 2747 etiam

2053 2787 2148 2842 alii
2179 2788 2416 2843 antehac
2443 2803 2556 2844 non
2587 2785 2895 2842 absimilem
2927 2785 3138 2840 cladem
3166 2795 3514 2855 acceperunt,
3552 2800 3637 2840 re-

2053 2881 2238 2952 peries
2267 2890 2323 2936 et
2355 2881 2479 2936 illos
2529 2880 2601 2935 ob
2636 2879 2840 2950 injusta
2890 2877 3168 2948 impiaque
3213 2877 3458 2948 ipsorum
3491 2877 3637 2934 facta

2052 2974 2301 3044 periisse.
2333 2973 2486 3029 Datis
2526 2973 2675 3028 enim
2724 2971 2855 3026 olim
2902 2968 3049 3025 Darii
3099 2978 3317 3040 satrapa
3369 2971 3462 3025 ubi
3509 2987 3638 3027 cum

354 3072 590 3142 Δαρείου
618 3070 902 3141 σατράπης
925 3071 1042 3138 ἅμα
1065 3069 1434 3140 στρατεύματι
1461 3069 1735 3142 Περσικῷ,
1757 3073 1950 3142 Μαρα-

2056 3067 2350 3123 Persarum
2398 3067 2641 3122 exercitu
2685 3063 3060 3119 Marathonem
3098 3065 3355 3128 venisset,
3400 3062 3635 3120 Atticam

355 3163 568 3218 θωνάδε
612 3163 658 3194 ¹δ
689 3162 992 3234 ἀφιγμένος
1025 3161 1514 3233 καταστρέψασθαι
1557 3163 1654 3235 τὴν
1699 3164 1950 3238 Ἀττικὴν

354 3257 500 3328 ᾤετο
556 3255 778 3326 χρῆναι,
815 3255 910 3307 καὶ
941 3254 1042 3324 μὲν
1075 3253 1138 3325 δὴ
1178 3254 1273 3308 καὶ
1306 3254 1522 3309 ἀπασαν
1561 3256 1658 3325 τὴν
1702 3254 1948 3313 Ἐλλάδα.

354 3347 526 3402 Αἰτία
572 3346 631 3398 δέ
675 3341 744 3409 ἦν
791 3346 891 3415 τῆς
925 3345 1115 3414 ἐφόδου
1143 3347 1290 3400 ὅσιον
1326 3347 1424 3417 μὲν
1456 3347 1607 3400 οὐδὲν
1642 3348 1684 3381 ⁸⁵
1721 3349 1844 3402 οὑδέ
1874 3348 1954 3401 δί·

354 3456 545 3495 καιονο
604 3440 690 3492 ὅτι
745 3439 800 3492 δὲ
849 3438 1073 3508 βασιλέα
1123 3441 1368 3510 Δαρεῖον,
1415 3440 1493 3504 ὡς
1532 3439 1698 3508 ἔοικε,
1746 3441 1807 3495 τὸ
1851 3441 1956 3512 τῆς

370 3531 560 3596 Ἀσίας
599 3529 830 3601 μέγεθος
873 3530 972 3583 οὐκ
1011 3528 1230 3601 ἐχώρει,
1264 3530 1400 3585 ἀλλά
1447 3531 1597 3585 δεινά
1629 3534 1865 3586 ἐποιεῖτο
1902 3535 1955 3587 εί

357 3623 448 3696 μὴ
475 3623 795 3694 χειρώσοιτο
825 3621 920 3675 καὶ
950 3620 1048 3694 τὴν
1073 3623 1368 3694 Εὐρώπην.
1400 3623 1587 3679 Ταῦτά
1621 3642 1704 3678 τοι
1730 3626 1825 3678 καὶ
1853 3627 1955 3697 ησ-

358 3714 542 3769 σῶντο
570 3711 880 3784 ἀνακράτος
911 3713 1016 3766 ὑπὸ
1041 3714 1336 3768 Μιλτιάδου
1367 3717 1410 3748 ¹⁶
1441 3717 1492 3769 οἱ
1530 3716 1726 3789 Μῆδοι.
1757 3717 1956 3770 Τοσοῦ-

355 3821 456 3858 τοι
502 3805 610 3876 γάρ
657 3803 838 3858 αὐτῶν
886 3804 944 3858 ἐν
993 3803 1128 3876 τῷδε
1177 3804 1255 3876 τῷ
1283 3805 1431 3877 ἔργῳ
1460 3807 1784 3878 ἀνῄρηνται,
1815 3808 1958 3862 ὥστε

365 3895 570 3964 ἀμέλει
598 3897 703 3966 πρὸ
725 3896 828 3966 τῆς
863 3895 1042 3968 μάχης
1076 3898 1200 3961 τοὺς
1232 3899 1552 3969 Ἀθηναίους
1586 3901 1823 3970 (λέγεται
1849 3901 1956 3970 γὰρ

371 3983 545 4056 οὕτω)
573 3987 835 4058 χιμάρους
861 3987 903 4019 ⁸⁸
939 3988 1256 4059 ἰσαρίθμους
1283 3989 1392 4042 τῶν
1415 3990 1802 4061 ἀπολουμένων
1834 3991 1959 4044 δυσ-

372 4078 563 4149 μενῶν
597 4081 660 4150 τῇ
690 4079 962 4150 ’Δρτέμιδι
1010 4080 1053 4112 ’⁸
1093 4080 1278 4133 θύσειν
1309 4081 1732 4150 άπειλήσαντας,
1767 4082 1824 4144 ἐς
1870 4097 1960 4134 το-

368 4170 569 4224 σοῦτον
599 4172 721 4242 ἵλεῳ
747 4173 991 4242 ἐντυχεῖν
1018 4174 1082 4242 τῇ
1115 4173 1435 4244 Ἀγροτέρᾳ,
1464 4175 1557 4228 καὶ
1585 4173 1889 4228 ἀπόνασθαι
1916 4174 1960 4206 ¹⁹

358 4263 475 4334 τῆς
502 4263 783 4336 εὐθηρίας,
806 4265 865 4328 ἐς
898 4264 1021 4316 ὅσον
1054 4261 1128 4334 μὴ
1165 4264 1312 4328 οἴους
1339 4282 1398 4318 τε
1426 4265 1680 4333 γενέσθαι
1712 4267 1774 4319 τὸ
1806 4282 1962 4338 χαρι-

362 4356 596 4424 στήριον
626 4354 909 4420 ἀποτῖσαι,
941 4355 1059 4408 ἀλλ’
1089 4356 1134 4386 ²⁰
1158 4355 1433 4411 ἐπιλιπεῖν
1457 4355 1726 4428 θυομένας
1753 4357 1833 4411 ἔτι
1861 4357 1962 4422 τὰς

2055 3175 2136 3226 se,
2170 3161 2279 3214 imo
2311 3174 2441 3214 vero
2470 3157 2786 3214 universam
2821 3155 3109 3222 Graeciam,
3155 3171 3477 3213 eversurum
3510 3171 3638 3227 spe-

2055 3253 2234 3307 rabat.
2264 3252 2444 3308 Causa
2476 3266 2606 3306 vero
2634 3249 2996 3320 expeditionis
3041 3264 3219 3320 neque
3260 3265 3416 3319 aequa
3461 3265 3640 3320 neque
3669 3287 3690 3300 κ

2053 3344 2203 3415 justa
2239 3352 2392 3412 erat;
2435 3342 2532 3399 sed
2575 3357 2701 3398 cum
2739 3341 2963 3397 Darium
3015 3357 3224 3413 regem,
3278 3343 3356 3396 uti
3402 3343 3638 3408 videtur,

2055 3435 2204 3491 Asia:
2241 3435 2562 3506 magnitudo
2587 3449 2697 3489 non
2721 3442 2964 3504 caperet,
2990 3446 3155 3502 grave
3184 3432 3288 3501 ipsi
3318 3431 3642 3487 molestum-

2057 3544 2164 3598 que
2191 3537 2310 3584 erat
2358 3528 2461 3584 nisi
2511 3527 2677 3583 etiam
2716 3525 2986 3596 Europam
3033 3524 3351 3594 subjugaret
3385 3544 3398 3580 :
3434 3525 3643 3580 idcirco

2055 3622 2222 3676 etiam
2258 3635 2474 3676 summa
2511 3620 2564 3673 vi
2597 3619 2799 3674 devicti
2835 3627 2964 3674 sunt
3002 3633 3031 3672 a
3068 3617 3308 3673 Miltiade
3337 3616 3498 3673 Medi.
3537 3617 3641 3673 Tot

2057 3716 2208 3770 enim
2238 3716 2307 3770 ab
2337 3715 2456 3785 ipso
2486 3719 2540 3768 in
2566 3712 2659 3768 illo
2694 3713 2884 3782 praelio
2913 3712 3037 3767 caesi
3071 3710 3321 3779 fuerunt,
3370 3721 3429 3765 ut
3467 3712 3638 3768 Athe-

2058 3809 2296 3872 nienses,
2328 3821 2453 3862 cum
2483 3814 2612 3860 ante
2641 3819 2880 3874 pugnam
2911 3803 3025 3872 (ita
3056 3801 3202 3858 enim
3241 3801 3446 3873 fertur)
3487 3818 3640 3857 com-

2057 3899 2249 3954 minati
2299 3906 2525 3962 essent,
2576 3911 2636 3952 se
2673 3897 2898 3951 totidem
2949 3910 3180 3951 numero
3222 3894 3404 3949 hircos
3456 3894 3640 3950 Dianae

2060 3992 2473 4049 sacrillcaturos
2503 3991 2616 4062 86
2646 3998 2780 4058 quot
2810 3988 2997 4044 hostes
3034 3987 3456 4055 interfecissent,
3499 3990 3637 4043 adeo

2063 4085 2352 4157 propitiam
2385 4083 2677 4139 habuerint
2705 4081 3036 4136 venatricem
3058 4081 3216 4136 deam
3245 4080 3490 4150 adeoque
3510 4096 3639 4150 pro-

2061 4189 2219 4246 spere
2242 4181 2598 4239 venarentur,
2638 4184 2696 4227 ut
2733 4179 2984 4242 suscepta
3024 4180 3148 4226 vota
3193 4169 3504 4240 persolvere
3543 4186 3640 4227 ne-

2061 4267 2298 4337 quirent,
2349 4267 2444 4322 sed
2491 4263 2815 4322 sacrilicatis
2861 4264 3024 4318 etiam
3079 4263 3302 4334 capellis
3352 4277 3636 4318 numerum

2062 4373 2328 4416 caesorum
2378 4373 2666 4428 exaequare
2705 4371 2810 4412 non
2861 4363 3106 4426 possent.
3143 4353 3351 4411 Xerxes
3381 4369 3512 4410 vero
3550 4355 3646 4411 ille

359 4441 561 4516 αἶγας,
594 4449 690 4501 καὶ
731 4449 868 4520 πρὸς
899 4451 1167 4504 ἀντίδοσιν
1213 4452 1286 4522 μὴ
1318 4453 1619 4524 διαρκέσαι.
1662 4454 1867 4527 Ξέρξης
1903 4455 1952 4508 δὲ

2066 4464 2299 4520 magnus
2319 4457 2375 4504 et
2393 4447 2592 4505 Xerxis
2609 4447 2894 4514 miracula,
2917 4461 3180 4516 quonam,
3201 4445 3449 4510 obsecro,
3478 4445 3647 4500 modo

361 4539 583 4601 ἐκεῖνος
614 4541 642 4592 ό
669 4539 833 4603 πάνυ,
861 4541 955 4595 καὶ
987 4542 1055 4595 τὰ
1081 4540 1176 4595 τοῦ
1203 4540 1404 4614 Ξέρξου
1438 4543 1710 4616 θαύματα,
1743 4546 1822 4616 τῷ
1851 4546 1961 4616 ἄρα

365 4643 446 4696 τε
479 4628 665 4700 τρόπῳ
695 4629 800 4682 ὑπὸ
829 4630 938 4684 τῶν
985 4632 1251 4704 Ἑλλήνων
1275 4636 1572 4706 νενίκηται,
1607 4636 1640 4707 ἢ
1679 4637 1760 4690 ὅτι
1781 4637 1832 4698 ,ὀ
1863 4637 1963 4707 μὲν

365 4719 595 4786 ἀλαζών
623 4738 684 4774 τε
712 4719 781 4793 ἦν
809 4725 902 4776 καὶ
933 4725 1258 4790 ἀτάσθαλος,
1292 4728 1389 4781 καὶ
1421 4727 1964 4798 καταδουλωσάμενος

366 4810 469 4882 ᾔει
494 4811 536 4841 ²¹
563 4812 688 4876 τοὺς
720 4811 871 4866 οὐδὲν
897 4813 1248 4884 ἠδικηκότας,
1281 4817 1428 4888 μόνῳ
1457 4834 1516 4869 τε
1545 4816 1621 4888 τῷ
1647 4817 1843 4889 πλήθει
1874 4819 1965 4872 πί-

371 4918 541 4966 συνος
572 4903 666 4956 καὶ
689 4905 757 4976 τῇ
787 4904 894 4958 τῶν
923 4907 1103 4962 ὃπλων
1128 4912 1471 4980 παρασκευῇ,
1497 4910 1748 4980 εὐϐουλίᾳ
1770 4911 1832 4963 οὐ
1863 4912 1966 4980 μά-

367 4996 454 5050 λα
473 4996 690 5069 ἐχρῆτο·
718 5001 767 5052 οἰ
795 4997 853 5051 δὲ
882 4999 1006 5084 ξσιά
1026 5015 1092 5067 γε
1119 4999 1375 5068 δρῶντες,
1404 5001 1544 5072 ὑπὲρ
1567 5001 1663 5073 τῆς
1698 5003 1965 5074 σφετέρας

2061 4557 2094 4598 a
2119 4542 2322 4597 Graecis
2349 4542 2489 4597 vieta
2511 4550 2660 4607 sunt,
2687 4555 2851 4611 quam
2881 4539 3026 4610 quod
3051 4539 3142 4594 ille
3167 4538 3388 4609 quidem
3410 4549 3463 4593 et
3489 4553 3644 4592 arro-

2071 4650 2207 4705 gans
2237 4641 2293 4690 et
2328 4635 2552 4703 iniquus
2581 4642 2720 4699 erat,
2747 4641 2802 4686 et
2833 4647 2929 4688 eos
2967 4629 3362 4701 subjugaturus
3395 4639 3641 4694 venerat,

2063 4742 2094 4781 a
2125 4726 2329 4796 quibus
2362 4727 2569 4782 nullam
2604 4725 2862 4796 iniuriam
2900 4723 3217 4793 acceperat?
3249 4721 3315 4776 Et
3355 4721 3471 4776 sola
3505 4723 3644 4774 mul-

2062 4819 2300 4874 titudine
2324 4832 2717 4887 armorumque
2733 4827 3000 4887 apparatu
3024 4815 3218 4879 frctus,
3244 4822 3395 4869 recto
3415 4813 3651 4868 consilio

2071 4927 2181 4965 non
2215 4910 2509 4965 admodum
2537 4909 2808 4965 utebatur.
2835 4908 3007 4964 Graeci
3035 4923 3167 4964 vero
3195 4923 3349 4978 aequa
3381 4905 3648 4959 facientes
3706 4977 3713 4984 ⁴

2070 5018 2170 5072 pro
2200 5017 2300 5058 sua
2332 5002 2580 5058 libertate
2612 4999 2948 5073 pugnabant,
2988 5000 3123 5054 nihil
3145 4998 3324 5070 quoad
3361 4997 3483 5069 ejus
3529 4996 3644 5049 fieri

1679 5198 1913 5253 VARIIE
1940 5197 2368 5257 .LECTIONES.

461 5363 591 5418 ⁸καὶ
619 5360 944 5432 ὑποϐρύχιοι
977 5387 1034 5403 -ο
1070 5359 1301 5430 ἠκούετο
1339 5337 1465 5416 add.
1494 5375 1580 5432 ex
1627 5360 1672 5413 Β
1694 5429 1704 5432 _
1729 5369 1785 5415 et
1787 5361 1948 5432 _intpr

2094 5360 2642 5432 gurgitibuaﬂlgqusti
2671 5356 3156 5432 interibant._unde
3203 5365 3253 5408 et
3303 5352 3647 5432 barbarorum

375 5435 658 5490 continens
713 5429 947 5502 ejialdtus
970 5459 1041 5470 —-
1067 5429 1406 5502 audiebatur.
1490 5429 1511 5462 '
1537 5429 1763 5502 super);
1785 5430 1851 5485 Β.

1929 5430 1976 5461 ³⁸
1993 5429 2216 5500 sin—om.
2243 5431 2308 5485 Β.
2353 5431 2427 5500 ﬁ“
2455 5430 2498 5480 δ’
2519 5429 2676 5500 ινιι.

2753 5431 2798 5461 ¹³
2823 5432 2935 5490 τοῖς
2972 5427 3242 5496 Φράγγοις
3267 5426 3390 5496 add.
3415 5439 3478 5496 ea
3505 5425 3572 5496 Ri
3594 5432 3648 5476 et

378 5505 552 5580 intpr.
581 5519 697 5580 Anon
728 5495 1026 5580 bgsimitem
1042 5530 1120 5580 -1
1133 5501 1337 5554 cladem
1367 5526 1438 5540 --
1467 5495 1626 5580 (luctui
1646 5498 1916 5580 etFranci

2060 5495 2294 5580 istan
2347 5499 2415 5580 “.-
2466 5495 3226 5580 .¹ἱνυ¹ε-.ει“ςΜαρςι⁰ὦια
3265 5495 3346 5576 βέο
3424 5495 3648 5580 ἶ⁸9ιὶδέν

377 5563 594 5632 ins-erui
636 5590 702 5629 ex
753 5571 819 5637 R,
851 5573 998 5642 vulg.
1017 5580 1072 5625 et
1108 5571 1447 5642 intpr._om._i
1480 5563 1529 5602 ³⁸
1558 5569 1725 5642 ιηίιρτ.
1758 5572 2031 5642 ,αηίάεῌρετ
2049 5571 2344 5642 Miltiadem
2363 5563 2692 5642 άευίειὶοιιηῖ
2721 5569 2978 5642 υαιεὶριο
3003 5563 3069 5642 ,ἐι
3110 5566 3362 5642 principe.
3377 5563 3648 5642 ﬁndet!!!-

377 5643 487 5698 Ιαιὶ
516 5656 637 5722 sunt
675 5643 841 5722 Medi.
921 5639 1240 5722 ξτχιμαίρας
1266 5639 1361 5722 Β.¹
1411 5639 1455 5722 ξ’
1477 5643 1542 5711 τῇ
1613 5640 1896 5722 Ἀρτέμιδι.
1918 5639 1952 5692 Η

2054 5641 2494 5722 vnlg.-art_icu'lu§
2557 5641 2727 5696 deest.

1709 5710 1754 5743 ³⁰
1779 5708 1896 5766 ἀλλ’
1919 5725 2032 5766 om.
2065 5708 2144 5763 Β(
2204 5711 2250 5744 ﬂ
2278 5711 2366 5782 εἰη
2392 5708 2434 5762 Β
2463 5710 2583 5766 2m.

377 5713 628 5769 ωνασθαι
669 5715 812 5785 vulg.
886 5709 1182 5783 εὐκτηρίας
1212 5709 1386 5782 Lugd.
1419 5710 1475 5768 in
1513 5709 1624 5782 ing.

2834 5633 3212 5692 ιι“ἀπόνασθαι
3250 5635 3316 5690 R.
3347 5633 3500 5706 (GL):
3545 5633 3650 5687 a7“
