4030 6412
310 358 446 426 1357

1497 362 2043 425 HISTORIARUM
2081 364 2310 425 LIBER
2342 363 2427 425 II.

3446 370 3584 435 1358

300 470 545 541 μάλιστα
590 464 728 524 εἶναι
763 473 857 527 καὶ
901 478 1364 550 πανουργότατος,
1410 476 1499 550 [Ρ.
1532 476 1625 548 50]
1657 479 1751 531 καὶ
1780 473 1890 540 οἷος

1994 487 2048 534 et
2076 480 2397 550 imperabat,
2428 488 2484 533 et
2503 478 2703 534 bellum
2728 477 3145 535 instaurandum
3169 480 3273 537 sibi
3300 484 3583 540 censebat.

294 559 410 632 ὅτῳ
430 559 495 630 δὴ
524 561 711 633 τρόπῳ
734 561 962 633 δύναμιν
998 568 1180 638 ἑαυτῷ
1206 568 1647 638 περιϐάλλεσθαι,
1672 568 1893 637 ἐκράτει

290 673 359 710 τε
415 657 508 711 τοῦ
542 658 732 729 ὁμίλου
783 662 876 714 καὶ
913 665 1314 736 ἀναμαχεῖσθαι
1363 663 1656 729 διενοεῖτο,
1702 664 1779 726 ὡς
1826 663 1893 716 ἂν

290 746 512 801 ἐνθένδε
544 750 638 801 καὶ
683 748 883 818 μᾶλλον
911 754 1163 824 ἀρίδηλος
1205 755 1436 823 γένοιτο.
1472 754 1647 818 Εὐθὺς
1686 754 1751 825 δὴ
1797 750 1891 807 οὖν

290 839 324 890 ὁ
383 838 611 909 Ναρσῆς
668 840 871 895 ἅπαντι
919 843 997 914 τῷ
1043 844 1259 916 στρατῴ
1304 847 1391 898 ἐπ’
1421 845 1615 909 αὐτοὺς
1672 846 1891 916 ἐχώρει,

294 935 400 986 καὶ
431 929 549 986 εἶτα
597 935 786 1008 ἐπειδὴ
831 938 980 1009 αὐτῷ
1008 938 1106 1009 οὐχ
1150 933 1263 993 οἷόν
1294 955 1354 992 τε
1385 934 1453 1011 ἦν
1502 938 1560 1007 ἐξ
1592 939 1893 1010 ἐπιδρομῆς

290 1024 380 1095 τῷ
424 1026 671 1098 φρουρίῳ
727 1027 982 1092 πελάζειν
1034 1030 1129 1084 καὶ
1183 1033 1242 1084 ἐν
1290 1029 1568 1101 δυσχωρίᾳ
1616 1029 1890 1083 διακινδυ-

292 1115 481 1171 νεύειν
514 1117 583 1183 ⁷⁰,
615 1120 644 1171 ό
674 1119 731 1173 δὲ
775 1122 832 1183 ἐς
866 1121 1181 1193 πολιορκίαν
1207 1121 1522 1186 καθίστατο,
1553 1122 1649 1174 καὶ
1693 1122 1890 1176 παντο.

292 1205 396 1262 θεν
437 1209 697 1279 ἐφρούρει
735 1209 813 1274 ὡς
861 1211 1028 1282 μηδὲν
1068 1212 1246 1265 ὁτιοῦν
1293 1215 1405 1275 τοῖς
1451 1212 1597 1265 ἐνδον
1647 1211 1894 1281 εἰσκομίο

292 1296 472 1367 ζοιτο,
532 1301 668 1371 μηδὲ
730 1318 794 1370 γε
850 1305 1047 1357 ἐκεῖνοι
1098 1303 1268 1368 ἀδεῶς
1414 1305 1686 1375 βούλοιντο
1737 1304 1889 1359 ἴοιεν.

240 1390 243 1393 ’
310 1389 479 1445 Ἀλλὰ
504 1391 614 1462 γὰρ
643 1394 701 1445 ὲν
743 1394 919 1446 τοῖσδε
963 1395 1023 1447 οὐ
1070 1394 1215 1465 μάλα
1248 1390 1620 1468 οίΒέιρόαροι
1651 1396 1892 1466 ἐπημαί-

298 1499 474 1540 νοντο.
537 1485 794 1556 ’Δφθονία
849 1486 959 1558 γὰρ
1019 1487 1245 1558 πλείστῃ
1297 1488 1396 1560 ὅπῃ
1431 1488 1540 1541 τῶν
1579 1489 1892 1557 ἀναγκαίων

295 1575 543 1646 ἐχρῶντο
595 1576 665 1639 ",
717 1577 949 1648 ἐπείπερ
980 1577 1160 1641 αὐτοῖς
1211 1578 1312 1650 ἤδη
1363 1582 1409 1611 ⁷³
1458 1578 1674 1633 ἅπαντα
1724 1597 1783 1633 τε
1822 1580 1890 1634 τὰ

295 1668 586 1738 ἐπιτήδεια
635 1667 733 1721 καὶ
763 1667 872 1721 τῶν
921 1669 1217 1740 κτημάτων
1256 1671 1323 1724 τὰ
1372 1670 1783 1740 τιμαλφὲστατα
1830 1674 1887 1723 ἐν

295 1757 437 1827 τῷδε
469 1756 546 1828 τῷ
578 1758 819 1830 φρουρίῳ
847 1758 923 1822 ὡς
979 1760 1184 1813 ἁλῶναί
1216 1778 1280 1830 γε
1311 1762 1444 1815 αὐτὸ
1477 1762 1577 1814 οὐκ
1626 1761 1764 1826 ἐνὸν,
1792 1762 1881 1814 ἐσ-

1995 573 2057 619 υι
2084 580 2150 619 ex
2177 580 2243 620 eo
2274 565 2539 620 celebrior
2582 566 2754 620 fieret.
2808 567 3108 624 Confestim
3162 570 3342 640 itaque
3386 570 3588 627 Narses

1994 673 2119 712 cum
2149 659 2406 713 universo
2434 659 2677 714 exercitu
2707 659 2762 714 in
2798 674 2892 716 eos
2919 662 3106 727 movit,
3138 671 3193 715 et
3217 662 3431 729 deinde,
3459 680 3584 719 cum

1995 764 2104 803 non
2136 757 2320 819 posset
2362 740 2541 820 primo
2590 751 2817 807 incursu
2852 753 3074 807 castello
3124 755 3585 826 appropinquare,

1994 853 2049 897 et
2076 842 2285 899 difficili
2320 842 2501 897 eloco
2525 842 2849 908 conflictari,
2896 844 3183 900 obsidione
3206 845 3338 901 illud
3385 848 3577 914 cinxit,

1996 930 2255 999 onmique
2282 945 2346 984 ex
2375 939 2527 999 parte
2553 931 2955 1000 circumscpsit,
2987 947 3055 987 ne
3086 933 3217 1003 quid
3250 933 3395 989 intro
3428 935 3583 991 inve-

1995 1023 2241 1085 heretur,
2276 1036 2412 1076 neve
2446 1022 2523 1075 illi
2575 1022 2839 1089 intrepide
2869 1038 2980 1093 quo
3004 1024 3217 1081 luberet
3263 1025 3422 1082 irent.
3478 1026 3585 1084 Sed

1994 1113 2147 1169 bisve
2170 1113 2334 1169 rebus
2356 1128 2460 1167 non
2485 1113 2773 1168 admodum
2803 1115 2950 1185 gravi
2980 1116 3179 1172 damno
3215 1117 3590 1176 aﬂiciebantur

1994 1203 2235 1271 barbari.
2278 1202 2503 1259 Summa
2549 1203 2658 1274 93
2713 1205 2856 1258 enim
2910 1220 3093 1260 rerum
3149 1210 3583 1266 necessariarum

1993 1295 2151 1364 copia
2202 1295 2579 1359 abundabant,
2637 1309 2763 1348 cum
2819 1301 2875 1348 ct
2926 1306 3287 1352 commeatum
3342 1314 3582 1368 onmem,

1993 1395 2202 1460 quanto
2246 1402 2385 1456 opus
2425 1396 2564 1452 erat,
2617 1394 2672 1440 et
2717 1401 2782 1440 ex
2834 1384 3188 1443 facultatibus
3238 1388 3354 1444 suis
3382 1391 3585 1459 pretio-

1994 1478 2214 1534 sissima
2247 1494 2479 1549 quaeque
2522 1478 2577 1532 in
2624 1477 2753 1532 illud
2793 1478 3074 1532 castellum
3125 1487 3381 1548 tanquam
3425 1481 3580 1535 inex-

1991 1570 2282 1642 pugnabile
2325 1571 2733 1625 convexissenti
2775 1570 3006 1625 Moleste
3045 1584 3172 1625 vero
3225 1571 3585 1627 nihilominus

1991 1662 2238 1717 ferebant
2264 1660 2639 1716 Romanorum
2672 1662 3038 1723 obsidionem,
3085 1670 3141 1716 et
3181 1670 3339 1732 turpe
3384 1665 3488 1717 rati
3536 1666 3585 1720 si

1998 1754 2091 1808 diu
2120 1754 2254 1808 adeo
2273 1752 2473 1822 exiguo
2498 1753 2705 1807 ambitu
2732 1753 3082 1827 circumsepti
3105 1754 3583 1822 concluderenlar,

295 1850 586 1920 ενὴνεκτο.
650 1850 1035 1920 Ἀσχάλλοντες
1083 1851 1138 1904 δὲ
1163 1853 1311 1922 ὅμως
1341 1853 1434 1905 ἐπὶ
1472 1856 1539 1922 τῇ
1592 1852 1702 1935 τῷν
1758 1852 1890 1906 Ῥω-

2002 1848 2315 1917 frequentes
2344 1846 2397 1900 in
2425 1845 2636 1900 hostem
2661 1846 3017 1900 excursiones
3043 1844 3361 1910 faciebant,‘
3380 1847 3427 1902 si
3474 1864 3585 1918 quo

298 1941 485 2011 μαίων
536 1942 978 2015 προσκαθεδρίᾳ,
1036 1944 1130 1997 καὶ
1179 1943 1403 2014 αἰσχρὸν
1447 1946 1784 2014 ἡγούμενοι,
1844 1947 1893 1999 εί

300 2031 552 2101 μέλλοιεν
622 2032 766 2086 οὕτω
840 2035 905 2105 δὴ
980 2034 1212 2088 ἐπιπολὺ
1256 2037 1315 2088 ὲν
1354 2035 1627 2107 περιϐόλῳ
1689 2037 1896 2107 μετρίῳ

2002 1941 2167 1996 modo
2195 1954 2291 1994 eos
2320 1937 2444 1993 inde
2472 1936 2761 2009 profligare
2791 1946 3052 2008 possent;
3085 1937 3220 1992 nillil
3249 1953 3379 1995 vero
3409 1941 3583 1998 relatu

2002 2033 2228 2104 dignum
2257 2029 2508 2091 cﬂ‘ecrre.

303 2124 776 2195 ξυνειλῆφθλικαὶ
804 2128 1284 2198 ἐγκατείργεσθαι,
1318 2130 1593 2201 ἐκδρομὰς
1651 2130 1751 2201 μὲν
1818 2130 1960 2184 κατὰ
1993 2128 2102 2183 τῶν
2141 2125 2452 2180 ἀντιπάλων
2482 2122 2631 2194 θαμὰ
2680 2122 2992 2190 ἐποιοῦντο,
3039 2124 3093 2177 εἴ
3135 2143 3251 2191 πως
3291 2124 3358 2180 ἂν
3386 2126 3585 2188 αὐτοὺς

298 2218 523 2273 ἐνθένδε
571 2219 892 2273 ἀπώσασθαι
946 2221 1260 2292 δυνηθεῖεν,
1311 2223 1464 2277 οὐδὲν
1500 2224 1558 2277 δὲ
1594 2224 1623 2278 ὅ
1670 2241 1725 2278 τι
1771 2225 1873 2279 καὶ
1904 2225 2124 2297 μνήμης
2153 2219 2301 2285 ἄξιον
2335 2218 2630 2291 ἐπρασσδν.

379 2308 465 2377 (Α.
508 2309 567 2362 C.
617 2309 769 2380 554.)
805 2310 889 2364 ιδ’.
938 2310 1026 2365 Ἐν
1065 2313 1277 2373 τούτοις
1322 2312 1367 2343 ⁷³
1395 2311 1452 2364 δὲ
1482 2313 1576 2366 τοῦ
1626 2313 1894 2385 χειμῶνος

288 2396 600 2467 τριϐέντος,
638 2398 757 2470 ἅμα
784 2395 880 2471 ἦρι
925 2400 1235 2473 ἀρχομένῳ,
1270 2403 1328 2465 ἐς
1359 2402 1552 2472 λόγους
1594 2405 1770 2458 ἐλθεῖν
1812 2405 1892 2476 τῷ

288 2487 493 2559 Nape?)
526 2490 555 2541 ό
581 2489 874 2562 Ῥάγναρις
896 2490 1005 2543 τῶν
1024 2491 1311 2562 παρόντων
1338 2494 1463 2564 πέρι
1487 2492 1688 2564 χρῆναι
1711 2492 1887 2565 ᾠήθη,

289 2583 397 2633 καὶ
446 2576 540 2634 οὖν
586 2582 1057 2654 ἐπιτετραμμένον
1107 2582 1258 2653 αὐτῷ
1290 2583 1474 2655 παρῆν
1522 2585 1639 2654 ἅμα
1688 2585 1890 2654 ὀλίγοις

288 2674 355 2725 ἐν
412 2673 742 2744 μεταιχμίῳ,
800 2673 1130 2745 ξυνηλθέτην
1182 2692 1243 2728 τε
1296 2675 1342 2734 7?
1389 2675 1557 2746 ἄμφω
1601 2678 1659 2740 ἐς
1703 2676 1886 2744 ταυτὸ,

291 2764 400 2817 καὶ
431 2763 603 2818 πολλὰ
648 2765 786 2819 ἄττα
811 2765 1179 2836 διελεγέσθην.
1225 2765 1369 2820 Ἰδὼν
1408 2767 1464 2820 δὲ
1491 2769 1519 2822 ό
1547 2768 1774 2840 Ναρσῆς
1798 2768 1891 2822 τὸν

302 2855 605 2928 Ῥάγναριν
647 2860 705 2921 ἐς
736 2857 1074 2922 ,ἀλαζονείαν
1119 2860 1166 2892 ⁷⁸
1206 2859 1466 2931 ἠρμένον,
1516 2859 1613 2913 καὶ
1662 2860 1891 2935 πλείστῃ

288 2945 582 3020 χρώμενον
618 2949 1016 3021 μεγαληγορίᾳ,
1047 2952 1122 3013 ὡς
1154 2952 1417 3020 μειζόνων
1458 2952 1579 3024 τεῆ
1618 2956 1739 3006 κατ’
1787 2956 1890 3008 αὐ-

287 3040 394 3093 τὸν
422 3039 692 3110 ἐφίεσθαι,
727 3042 837 3094 κάκ
866 3042 960 3094 τοῦ
1004 3043 1307 3115 ὑπερτέρου
1351 3045 1768 3116 ἐπικομπάζειν,
1810 3047 1889 3100 δι-

2072 2311 2156 2366 14.
2199 2308 2386 2364 Hieme
2412 2323 2591 2363 autem
2623 2307 2675 2361 in
2702 2308 2807 2363 hoc
2836 2317 3130 2375 transacta,
3156 2308 3338 2364 statim
3360 2309 3584 2365 ineunte

1997 2420 2124 2460 vere
2159 2400 2419 2473 Ragnalis
2456 2401 2843 2471 paciscendum
2885 2401 2987 2456 sibi
3029 2402 3081 2455 in
3110 2417 3223 2456 rem
3259 2410 3580 2473 praesentem

1994 2514 2117 2553 cum
2153 2495 2376 2550 Narsete
2410 2494 2637 2564 putarit.
2673 2493 2872 2548 Libero
2916 2495 3099 2564 itaque
3132 2503 3441 2548 commeatu
3488 2508 3583 2547 ac-

1996 2597 2174 2658 cepto,
2200 2586 2267 2641 ad
2293 2584 2573 2641 Narsetem
2606 2585 2798 2654 paucis
2824 2585 3120 2640 comitatus
3149 2584 3203 2638 in
3232 2584 3409 2638 locum
3441 2584 3583 2638 inter

1993 2683 2293 2736 exercitum
2340 2689 2394 2735 et
2442 2680 2726 2734 castellum
2780 2679 3161 2734 intermedium
3218 2679 3397 2746 venit;
3446 2693 3580 2732 con-

1993 2772 2277 2843 gressique
2312 2771 2454 2825 inter
2501 2784 2560 2824 se
2607 2770 2786 2841 \arios
2831 2783 3111 2824 sermones
3160 2767 3498 2822 miscuerunt
3528 2774 3584 2819 ct

1992 2863 2388 2932 disceptaruut.
2432 2859 2636 2915 Videns
2670 2870 2851 2915 autem
2898 2859 3099 2917 Nat-ses
3144 2859 3435 2930 Ragnarim
3485 2877 3581 2914 su-

1992 2955 2180 3024 perbia
2216 2953 2440 3017 elatum,
2482 2951 2764 3021 multaque
2797 2952 3090 3006 verborum
3116 2951 3380 3023 jactantia
3420 2960 3580 3006 uten-

1994 3052 2123 3108 tem,
2150 3054 2204 3098 et
2246 3043 2453 3112 majora
2496 3057 2660 3112 quam
2706 3045 2883 3111 ipsum
2933 3041 3148 3097 deceret
3189 3043 3579 3112 postulantem,

297 3130 498 3185 ἔλυσεν
526 3131 727 3185 αὐτίκα
752 3130 849 3203 τὴν
890 3131 1190 3200 ξυνουσίαν,
1229 3134 1324 3187 καὶ
1350 3135 1728 3206 ἀπηγόρευσεν
1750 3137 1797 3168 ⁷⁸
1821 3140 1887 3209 τῇ

1994 3138 2304 3205 mirumque
2335 3136 2386 3188 in
2418 3136 2638 3189 modum
2674 3148 2736 3188 ea
2765 3149 3112 3203 exaggerare,
3145 3134 3580 3190 confestim-col-

291 3222 590 3294 ξυμϐάσει,
629 3225 723 3277 καὶ
752 3225 1045 3296 ἀπέπεμπε
1075 3243 1139 3295 γε
1173 3226 1332 3281 αὐτὸν
1362 3222 1523 3290 αὖθις
1556 3230 1615 3290 ἐς
1644 3229 1889 3284 τούπίσω

290 3315 585 3387 ἄπρακτον
610 3317 704 3369 ἐπὶ
726 3319 838 3380 τοῖς
877 3317 1163 3388 προτέροις
1194 3318 1491 3388 μενοῦντα.
1536 3317 1595 3371 Ὀ
1623 3319 1679 3373 δὲ
1704 3322 1889 3393 ἐπειδὴ

288 3410 359 3465 ὲν
404 3408 483 3480 τῷ
507 3409 659 3480 λόφῳ
686 3410 949 3479 ἐγεγόνει,
983 3412 1078 3464 καὶ
1109 3411 1209 3482 ἤδη
1243 3410 1304 3464 οὐ
1340 3410 1530 3483 πόρρω
1560 3413 1654 3466 τοῦ
1680 3414 1889 3485 τείχους

287 3504 519 3573 ἀφῖκτο,
573 3503 918 3574 χαλεπαίνων
950 3506 1033 3558 ὅτι
1084 3505 1149 3576 δὴ
1183 3507 1331 3579 αὐτῷ
1376 3508 1530 3561 οὐδὲν
1560 3508 1738 3563 ὁτιοῦν
1780 3507 1890 3561 τῶν

285 3595 670 3650 ἐλπισθέντων
724 3594 937 3666 ἀπέϐη,
993 3597 1216 3650 ἐντείνει
1269 3600 1453 3671 ἡρέμα
1507 3600 1781 3673 λαθραίως
1829 3602 1890 3656 τὸ

284 3687 477 3753 τόξον,
530 3688 626 3742 καὶ
654 3681 775 3742 εἶτα
805 3688 1002 3760 ἀθρόον
1047 3692 1472 3762 μεταστραφεὶς,
1512 3695 1707 3765 ἀφίησι
1738 3693 1890 3764 βέλος

294 3781 393 3835 ἰθὺ
420 3778 513 3832 τοῦ
554 3778 802 3850 Ναρσοῦ,
828 3781 1096 3852 διήμαρτε
1123 3783 1180 3836 δὲ
1211 3784 1311 3837 τοῦ
1341 3784 1565 3841 σκοποῦ.
1630 3786 1887 3857 Ἐτέρωθι

295 3868 416 3939 γάρ
456 3887 557 3923 που
605 3870 827 3943 ἀπέπτη
857 3873 900 3903 ⁷⁷
933 3875 960 3926 ὁ
992 3874 1279 3944 ἄτρακτος,
1331 3875 1422 3928 καὶ
1468 3878 1767 3930 κατέπεσεν
1795 3879 1887 3930 οὐ-

301 3960 439 4014 δένα
473 3962 772 4032 σινάμενος.
826 3964 1074 4036 Μετῆλθε
1125 3968 1183 4021 δὲ
1215 3968 1364 4038 ὅμως
1403 3968 1437 4037 ἡ
1485 3968 1607 4041 δίκη
1655 3970 1814 4033 εὐθὺς
1841 3970 1885 4002 ⁷⁸

304 4051 416 4121 τὴν
462 4052 555 4105 τοῦ
598 4055 878 4127 Βαρΰὰρου
916 4058 1282 4129 παρανομίαν.
1339 4059 1404 4115 Ol
1456 4061 1564 4133 γὰρ
1611 4062 1755 4134 ἀμφὶ
1797 4062 1889 4115 τὸν

298 4142 539 4218 Ναρσῆν
565 4145 847 4218 δορυφόροι
894 4149 953 4202 ἐν
1001 4150 1139 4221 ὀργῇ
1163 4150 1223 4204 τὸ
1273 4151 1486 4205 ἐκείνου
1532 4153 1889 4225 ποιησάμενοι

298 4236 530 4307 θράσος,
558 4239 967 4304 ἐπιτοξάζονται
996 4244 1075 4305 εἰς
1111 4242 1294 4307 αὑτὸν,
1328 4242 1423 4295 καὶ
1456 4243 1749 4315 πλήττεται
1774 4261 1891 4299 και-

295 4329 435 4401 ρίαν
466 4331 495 4382 ὁ
519 4330 773 4396 δείλαιος.
807 4332 931 4397 Πῶς
952 4332 1060 4405 γὰρ
1086 4334 1187 4387 οὐκ
1218 4334 1472 4404 ἧμελλεν,
1504 4335 1688 4390 ἄδικόν
1715 4354 1767 4391 τι
1794 4338 1890 4390 καὶ

291 4420 534 4490 ἀγεννὲς
568 4424 875 4495 ἐγχείρημα
906 4426 1147 4496 δράσαςς
1180 4427 1286 4480 Καὶ
1325 4427 1478 4496 μόλις
1507 4427 1607 4497 μὲν
1646 4427 1807 4482 αίτὸν
1837 4429 1888 4480 οἱ

1979 3229 2236 3333 ἐοιμιίυω
2263 3228 2529 3292 solvit,et,
2553 3226 2951 3296 compositione
2977 3227 3334 3297 pactioneque
3350 3234 3569 3296 negata,

1989 3318 2194 3376 infecta
2228 3336 2286 3375 re
2315 3322 2381 3375 ad
2411 3335 2545 3375 suos
2572 3320 2804 3375 remisit.
2835 3318 2941 3386 Qui
2973 3335 3093 3374 cum
3129 3321 3184 3374 in
3213 3320 3405 3376 collem
3447 3334 3579 3372 era.

1988 3416 2173 3481 sisset,
2202 3414 2568 3492 jamque‘uon
2605 3412 2796 3483 procul
2826 3429 2857 3467 a
2889 3429 3049 3468 muro
3079 3412 3313 3478 abesset,
3356 3413 3581 3483 indigne

1993 3508 2172 3563 ferens
2215 3508 2351 3561 nibil
2383 3508 2543 3577 plane
2579 3521 2637 3562 se
2689 3522 2881 3561 eorum
2927 3522 3053 3578 quae
3096 3516 3345 3577 sperarat
3384 3521 3581 3570 conse-

1989 3610 2200 3665 ('tlltllll,
2231 3601 2431 3655 sensim
2462 3610 2518 3654 et
2544 3601 2685 3654 clam
2723 3608 2879 3656 tenso
2911 3614 3064 3662 arcu,
3113 3600 3405 3668 subitoque
3447 3614 3581 3654 con-

1989 3708 2204 3759 versus,
2242 3692 2495 3763 sagittam
2546 3701 2694 3748 recta
2742 3693 2796 3747 in
2838 3690 3121 3747 Narsclem
3159 3701 3414 3761 torquet;
3458 3708 3582 3761 qua:

1993 3798 2023 3837 a
2061 3799 2228 3853 scepo
2267 3785 2530 3839 aberrans
2566 3785 2831 3840 aliorsum
2878 3783 3055 3839 delata
3090 3783 3307 3848 cecidit,
3362 3785 3582 3838 nemine

1990 3880 2136 3931 la‘so.
2171 3875 2473 3931 Consecuta
2521 3892 2649 3930 vero
2690 3877 2872 3930 statim
2902 3884 2985 3930 est
3013 3888 3173 3944 poma
3220 3874 3433 3929 barbari
3483 3877 3579 3929 bo-

1990 3966 2154 4037 minis
2185 3966 2502 4035 nequitiam.
2548 3966 2801 4021 Narsetis
2832 3964 2977 4034 enim
3019 3964 3421 4020 satellitesfacti
3443 3981 3582 4035 prae-

1989 4057 2209 4113 fidentia
2259 4057 2671 4126 temeritateque
2709 4058 2909 4112 irritati
2955 4055 3166 4128 sagittis
3197 4070 3321 4111 eum
3365 4064 3576 4126 petunt,

1986 4145 2099 4219 94.
2133 4155 2188 4201 et
2221 4146 2365 4201 letali
2415 4146 2522 4201 ictu
2581 4146 2838 4201 miserum
2873 4144 3076 4199 feriunt
3127 4144 3339 4215 (quidni
3390 4144 3608 4199 cnim?-

1988 4254 2113 4293 cum
2140 4238 2276 4294 adeo
2301 4238 2546 4309 iniquum
2575 4247 2629 4293 ct
2666 4237 2772 4292 vile
2813 4235 3026 4292 facinus
3063 4236 3473 4308 perpetrasset),
3521 4248 3577 4292 et

1987 4345 2131 4403 aegre
2158 4331 2378 4402 quidem
2410 4332 2587 4402 ipsum
2617 4330 2847 4386 comites
2879 4337 3153 4399 gestantes
3188 4330 3330 4385 intra
3366 4331 3576 4386 castelli

1991 4438 2180 4479 muros
2240 4423 2607 4489 detulerunt;
2693 4438 2929 4495 cmnque
2982 4423 3049 4476 ad
3108 4423 3329 4476 biduum
3387 4438 3577 4493 super-

290 4511 499 4565 ὀπαδοὶ
545 4514 786 4585 φοράδην
817 4515 949 4569 εἴσω
996 4516 1089 4570 τοῦ
1132 4516 1417 4587 περιϐόλου
1460 4516 1884 4588 διακομίζουσιν.

1994 4516 2472 4585 vixisset,turpiter
2504 4515 2763 4578 decessit,
2795 4523 2850 4570 et
2880 4513 3118 4585 perfidiae
3147 4515 3579 4585 temeritatisque

305 4603 563 4674 Ἦμέρας
607 4606 665 4658 δὲ
713 4604 809 4659 δύο
859 4606 1120 4679 ἁρκέσας,
1173 4608 1382 4672 ἀκλεῶς
1419 4608 1652 4673 ἀπεϐζω,
1696 4609 1792 4663 καὶ
1822 4609 1892 4662 τὰ

293 4697 409 4765 τῆς
436 4695 693 4760 ἀπιστίας
722 4697 870 4768 αὐτῷ
900 4698 992 4752 καὶ
1031 4698 1315 4768 παροινίας
1345 4702 1399 4763 ἐς
1433 4700 1550 4755 τόδε
1584 4700 1757 4754 κακοῦ
1783 4702 1894 4755 ἐτε-

294 4785 495 4841 λεύτα.
539 4787 781 4841 Ἐκείνου
823 4788 879 4842 δὲ
907 4790 1333 4862 διαφθαρέντος,
1368 4792 1569 4846 αὐτίκα
1604 4793 1655 4845 οἱ
1702 4793 1742 4846 Γ
1745 4792 1892 4847 ότθοι

300 4877 398 4950 (οὐ
426 4878 542 4948 γὰρ’
576 4880 822 4950 ἀντέχειν
854 4880 935 4935 ἔτι
976 4882 1022 4915 ⁷⁹
1069 4885 1135 4953 τῇ
1188 4882 1471 4955 πολιορκίᾳ
1511 4880 1616 4937 οἷοί
1666 4901 1727 4937 τε
1752 4879 1911 4941 εῖναι,

296 4967 565 5041 ἡγοῦντο)
604 4971 813 5025 ἐδέοντο
854 4970 949 5025 τοῦ
984 4972 1202 5045 Ναρσοῦ
1231 4973 1300 5045 τὰ
1333 4973 1499 5028 πιστὰ
1527 4974 1680 5044 σφίσι
1713 4993 1887 5046 παρα-

300 5058 537 5130 σχέσθαι
566 5059 634 5125 ⁸⁸,
669 5061 745 5124 ὡς
775 5061 866 5116 τοῦ
898 5062 998 5134 ζῇν
1041 5065 1239 5128 αὐτοὺς
1266 5064 1366 5135 οὐκ
1393 5062 1724 5136 ἀφαιρήσει·
1756 5066 1785 5119 ὃ
1824 5065 1890 5139 δὴ

296 5149 407 5204 καὶ
432 5150 665 5222 τάχιστα
697 5153 1089 5225 όμωμοσμένον
1120 5154 1187 5222 δί,
1221 5156 1360 5225 σφᾶς
1402 5172 1459 5209 τε
1505 5156 1703 5219 αὐτοὺς
1747 5157 1889 5209 ἐκεῖ-

1993 4592 2113 4662 stan
2145 4606 2287 4662 hunc
2314 4605 2508 4659 babuit
2533 4604 2742 4660 tristem
2782 4604 3007 4667 exitum.
3046 4604 3140 4658 lllo
3174 4619 3304 4659 vero
3360 4606 3577 4660 sublato

1991 4698 2282 4757 confestim
2348 4696 2512 4752 Gotlni
2565 4697 2770 4769 (neque
2820 4697 2969 4752 etum
3022 4696 3362 4753 obsidionem
3435 4697 3577 4752 ferre

1994 4802 2157 4858 posse
2182 4785 2524 4850 videbantur)
2573 4786 2847 4858 supplices
2887 4783 3102 4843 Narseti
3151 4795 3284 4842 sunt
3327 4786 3480 4855 farti,
3520 4799 3573 4843 ut

1996 4879 2101 4934 ﬁde
2136 4879 2261 4934 data
2296 4877 2461 4931 vitam
2496 4876 2631 4947 ipsis
2658 4878 3036 4933 coudonaret:
3082 4887 3137 4932 et
3164 4878 3383 4948 quidem
3425 4879 3577 4933 citis-

1995 4971 2133 5026 sime
2167 4968 2528 5040 jurejurando
2555 4978 2800 5038 accepto,
2851 4982 2912 5023 se
2955 4969 3156 5039 pariter
3196 4979 3252 5025 et
3293 4970 3574 5025 castellum

1996 5063 2341 5121 dediderunt.
2393 5060 2596 5117 Narses
2640 5077 2768 5116 vero
2817 5062 3087 5118 neminem
3136 5062 3352 5133 quidem
3404 5060 3575 5115 inter~

1998 5154 2127 5212 fecit
2149 5196 2164 5222 ,
2195 5156 2326 5227 quia
2354 5155 2406 5210 id
2431 5155 2666 5226 jnrarat,
2694 5163 2750 5211 et
2773 5154 3015 5226 alioquin
3041 5170 3258 5227 aequum
3285 5169 3393 5210 non
3430 5163 3577 5210 esset

1588 5357 1831 5414 VARUE
1876 5357 2286 5417 LECTIONES.
2332 5354 2337 5359 ’

380 5557 428 5595 ’⁸
466 5560 1088 5644 καὶ-τόιακινδυνερειν.
1112 5561 1278 5644 lntpr.
1317 5560 1465 5644 addit
1510 5560 1689 5644 nollet.
1767 5562 1817 5644 '"_
1848 5562 2077 5644 ἀφθονίᾳ
2100 5592 2172 5644 :—
2195 5557 2436 5644 ὲχρῶντο
2463 5561 2655 5644 οιηηβ
2688 5570 2748 5644 et
2783 5563 2951 5644 impr.
3107 5561 3206 5644 ηδη

299 5631 480 5690 inser.
517 5632 639 5688 ﬂet
664 5634 860 5703 intepr.
934 5632 981 5665 "
1016 5635 1074 5686 ἐν
1109 5630 1319 5694 τούτοις
1348 5630 1413 5695 R,
1446 5633 1503 5684 ἐν
1525 5631 1698 5703 τούτῳ
1730 5633 1874 5701 vulg.
1900 5630 1908 5631 ί
1938 5632 1981 5664 ’⁵
2019 5630 2079 5687 τε
2107 5633 2180 5695 R,
2213 5630 2274 5686 δέ
2291 5637 2435 5704 vulg.
2510 5635 2557 5667 ⁷⁵
2573 5633 2704 5696 ἀλαζ

299 5702 624 5776 ᾁπηγόρευε
653 5705 828 5776 __vu|g.
863 5771 874 5776 _
905 5700 949 5734 '"
985 5702 1206 5776 όιπέπτη
1229 5699 1298 5776 Il,
1346 5700 1522 5776 ᾲπέϐη
1549 5704 1749 5776 _\’ng._
1778 5704 1825 5735 "
1861 5704 1896 5776 ἡ
1931 5703 1980 5757 δ.
2007 5703 2124 5759 εὒθ.
2165 5704 2229 5772 Β,
2273 5704 2388 5759 εὑθ.
2419 5706 2454 5776 ὴ
2484 5704 2530 5758 δ.
2560 5705 2704 5775 vulg.

298 5702 624 5774 ἀπηγόρευε
654 5699 828 5774 julg.
863 5771 873 5774 _
905 5700 949 5734 ⁷⁷
987 5702 1206 5774 όιπὲπτη
1229 5699 1298 5774 Β,
1346 5700 1522 5774 ᾴπέϐη
1551 5699 1698 5774 rulg'.

300 5769 579 5843 ιπινυιε.
651 5771 697 5807 ⁸ο
735 5769 1069 5845 παρέχεσθαι
1114 5769 1205 5828 ΒῘ
1254 5772 1296 5805 ⁸⁸
1336 5769 1670 5844 ὠμοσμένως
1711 5769 1782 5828 Β.

3242 5569 3365 5630 post
3391 5560 3577 5626 αὐτοῖς

2510 5635 2557 5667 ⁷⁵
2573 5633 2864 5696 ἀλαζονίαν
2887 5632 2953 5686 ιι.
2974 5699 2995 5701 _
3026 5632 3075 5664 ⁷⁸
3113 5631 3491 5701 ἀπηγόρευσεν
3508 5633 3578 5701 li,

2782 5701 2825 5735 ⁷⁸
2863 5703 2941 5756 ἔτι
2967 5699 3035 5772 Β,
3060 5699 3222 5774 impr;
3257 5699 3320 5756 de
3363 5699 3595 5773 ca'tero,’
