4030 6432
370 424 505 491 1361

1557 414 2100 483 HISTORIARUM
2124 413 2356 473 LIBER
2379 414 2461 475 II.

3489 410 3635 474 i362

366 537 514 606 πλὴν
543 534 658 587 ἀλλ’
690 532 813 602 οὐχὶ
837 532 894 595 ἐς
925 532 1050 585 ὅσον
1077 530 1174 585 καὶ
1216 530 1263 562 ⁸⁸
1296 528 1613 596 ἀγνοεῖσθαι
1651 525 1729 591 ὡς
1757 527 1942 600 ἐκείνη

2047 522 2169 577 dem
2196 522 2374 591 qualis
2411 529 2570 577 antea
2598 529 2752 588 erat,
2785 536 2963 593 neque
2991 529 3171 577 tamen
3214 520 3291 576 ita
3320 521 3629 584 dissimilis.

362 629 455 695 εἵη
500 628 534 695 ἡ
581 623 769 678 nam.
816 621 955 677 Ἀλλῖ
988 618 1145 687 οὗτος
1176 621 1274 690 μὲν
1313 621 1475 692 όντῆς
1501 620 1710 684 πόλεως
1741 620 1951 675 ἀνοικι-

364 718 509 789 σμὺς
554 717 650 770 καὶ
693 718 728 785 ἡ
781 714 890 768 τῶν
940 711 1325 768 διδασκαλείων
1372 712 1420 747 ⁸⁸
1469 711 1726 775 ἐπάνοδος
1770 710 1949 782 χρόνῳ

356 809 598 878 ὕστερον
624 806 849 878 ἔμελλεν
874 806 1116 860 ἔσεσθαι.
1149 806 1283 859 Τότε
1313 805 1372 859 δὲ
1400 804 1496 858 καὶ
1532 805 1592 858 ὲν
1620 807 1689 875 τῇ
1735 802 1948 876 μεγάλῃ

373 898 783 972 Ἀλεξανδρείᾳ,
816 901 882 971 τῇ
911 899 1047 970 πρὸς
1073 898 1152 969 τῷ
1180 897 1360 967 Νείλῳ
1395 896 1653 968 ἱδρυμένη
1691 896 1944 968 ποταμῷ,

352 996 467 1048 καὶ
497 993 675 1049 ταῦτα
722 995 823 1048 οὒκ
870 992 1059 1056 εἰωθὸς
1110 991 1351 1045 σείεσθαι
1394 991 1457 1045 τὸ
1503 991 1724 1062 χωρίον,
1761 993 1947 1046 συναίδι

358 1088 564 1160 σθησίς
609 1104 695 1150 τις
720 1086 764 1119 ⁸⁷
795 1085 890 1140 τοῦ
928 1085 1115 1138 κλόνου
1147 1082 1405 1156 ἐλαχίστη
1449 1087 1547 1154 μὲν
1579 1084 1674 1138 καὶ
1699 1084 1946 1154 ἀφαυρο-

352 1178 507 1246 τάτη
557 1176 653 1230 καὶ
700 1174 762 1228 οὐ
812 1174 1047 1244 πάμπαν
1101 1173 1377 1244 ἀρίδηλος,
1428 1172 1621 1242 γέγονε
1668 1173 1727 1227 δὲ
1769 1173 1939 1243 ὅμως.

359 1271 646 1328 ’Ἅπαντες
668 1266 737 1334 δὴ
773 1262 867 1320 οὖν
892 1268 940 1318 οἱ
966 1264 1251 1336 ἐπιχώριοι
1276 1266 1368 1318 καὶ
1403 1263 1637 1335 μάλιστα
1660 1265 1709 1318 oi
1738 1264 1945 1333 σφόδρα

346 1360 770 1432 γεγηρακότες,
828 1360 887 1412 δν
949 1356 1186 1427 θαύματι
1239 1356 1461 1428 μεγάλῳ
1511 1356 1575 1412 τὸ
1633 1356 1944 1427 ξυνενεχθὲν

346 1450 675 1512 ἐποιοῦντο,
716 1447 791 1511 ὡς
831 1446 984 1501 οὔπω
1028 1447 1294 1520 πρότερον
1321 1449 1709 1518 γεγενημένον’
1751 1447 1945 1518 mem

353 1560 430 1597 τι
460 1543 602 1596 οἶκοι
652 1542 804 1604 ὅστις
843 1540 1038 1605 οὐδεὶς,
1082 1539 1198 1593 ἀλλ’
1245 1541 1349 1594 ἀνά
1390 1540 1491 1604 τὰς
1536 1539 1846 1610 λεωφόρους
1876 1540 1945 1597 τὰ

358 1633 548 1706 πλήθη
579 1631 848 1704 ξυνέῤῥει,
883 1631 962 1702 τῷ
997 1631 1385 1703 ἀπροσδοκήτῳ
1410 1632 1472 1702 δή
1501 1648 1606 1685 που
1641 1632 1737 1686 καὶ
1767 1647 1944 1701 παρα-

352 1727 505 1798 δόξῳ
541 1724 686 1798 πέρα
726 1724 771 1757 ’⁸
801 1722 896 1777 τοῦ
945 1724 1166 1795 μετρίου
1198 1724 1738 1796 καταπεπληγμένοι.
1787 1724 1944 1795 Ἐμοὶ

346 1818 426 1871 δέ
475 1834 539 1886 γε
585 1817 683 1870 καὶ⁵
723 1814 876 1886 αὐτῷ
926 1810 1246 1894 (ἐτύγχανον
1284 1815 1393 1887 γὰρ
1440 1814 1611 1868 αὑτοῦ
1651 1814 1943 1886 διατρίϐων

361 1909 613 1972 ⁸παιδείας
657 1908 821 1962 ἕνεκα
865 1908 966 1979 τῆς
1033 1907 1141 1977 πρὸ
1215 1907 1325 1960 τῶν
1369 1909 1414 1942 ⁹⁹
1459 1907 1661 1977 νόμων)
1713 1908 1940 1964 δεδιέναι

362 2001 619 2074 προσῄει,
672 1997 972 2052 καὶταῦτα
1017 1997 1113 2050 ἐπὶ
1141 1996 1261 2051 λίαν
1307 1998 1514 2067 σμικρᾷ
1539 1997 1554 2028 ¹
1589 1998 1653 2068 τῇ
1704 1997 1937 2067 κινήσει,

371 2093 721 2165 λογιζομένῳ,
767 2091 853 2144 ὅτι
880 2090 946 2160 δὴ
974 2090 1158 2153 αὐτοῖς
1186 2092 1240 2144 αἱ
1266 2089 1566 2158 οἰκοδομίαι
1593 2091 1694 2144 οὐκ
1725 2091 1942 2160 ἰσχυραὶ

363 2189 497 2243 οὐδὲ
539 2186 737 2254 εὐρείας
778 2184 1141 2254 τυγχάνουσιν
1182 2177 1362 2245 οὖσαι,
1389 2182 1510 2236 οὐδὲ
1538 2176 1647 2236 οἷαι
1675 2183 1770 2236 καὶ
1802 2183 1941 2254 πρὸς

252 2291 270 2317 ι
364 2280 544 2350 βραχὺ
572 2277 901 2346 ἀνασχέσθαι
937 2274 1274 2345 δονούμεναι,
1307 2275 1423 2329 ἀλλ’
1458 2275 1636 2346 ίσχναὶ
1675 2274 1817 2344 ἄγαν
1845 2275 1941 2328 καὶ

350 2369 614 2431 ἀσθενεῖς
661 2368 771 2437 (ἐφ’
826 2368 908 2421 ἐνὶ
964 2366 1074 2439 γὰρ
1119 2366 1436 2436 ὑφαίνονται
1487 2368 1507 2397 ¹
1559 2366 1735 2438 λίθῳ).
1781 2366 1942 2422 Ἀλλά

356 2460 480 2531 γὰρ
499 2459 596 2516 καὶ
626 2459 709 2514 ὅτι
732 2459 958 2530 λόγιμον
987 2458 1048 2511 ὲν
1067 2460 1134 2529 τῇ
1157 2457 1331 2523 πόλει,
1360 2457 1665 2526 ἐδείμαινον
1689 2459 1784 2512 καὶ
1809 2459 1938 2524 οἶδε,

350 2552 427 2608 οῦ
445 2554 497 2606 τί
526 2569 650 2616 που,
671 2548 830 2622 οἶμαι
843 2551 905 2605 τὸ
919 2551 1020 2621 ήδη
1043 2550 1392 2620 παρῳχηκὸς,
1412 2550 1527 2603 ἀΰ]
1552 2551 1633 2603 ὅτι
1649 2551 1830 2615 αὐτοῖς
1846 2551 1941 2606 καὶ

346 2643 591 2707 ἐσαῦθις
622 2642 790 2696 ταυτδ
821 2641 979 2695 τοῦτο
1015 2640 1390 2713 ξυμϐήσεσθαι
1444 2643 1546 2695 οὐκ
1579 2642 1688 2694 ἀπὸ
1735 2642 1939 2715 τρόπον

348 2735 559 2788 ἐδόκει.
607 2734 671 2787 Οἱ
700 2732 810 2804 γὰρ
845 2732 944 2802 τὴν
973 2733 1154 2787 αἰτίαν
1182 2733 1337 2787 τοῦδε
1366 2733 1461 2787 τοῦ
1495 2735 1702 2801 πάθους
1738 2736 1940 2791 ἀναθυ-

356 2824 588 2894 μιάσεις
635 2827 789 2886 τινὰς
820 2819 959 2877 εἶναι
990 2823 1235 2893 λέγοντες
1265 2824 1438 2896 ξηρὰς
1483 2843 1541 2879 τε
1576 2827 1670 2880 καὶ
1712 2827 1942 2894 λιγνυώ-

340 2915 498 2978 δεις,
533 2913 639 2966 ὑπὸ
670 2915 691 2945 ⁸
733 2912 802 2966 τὰ
856 2913 1111 2983 γλαφυρά
1160 2914 1260 2984 τῆς
1311 2916 1416 2986 γῆς
1460 2919 1805 2989 είργομένας,
1847 2922 1942 2974 καὶ

348 3003 444 3074 τῷ
481 3008 555 3075 μὴ
587 3002 927 3058 διαπνείσθαι
967 3004 1166 3075 ῥᾳδίως
1202 3005 1225 3038 ε
1260 3006 1617 3077 σφοδρότερον
1649 3009 1797 3063 ἔνδον
1843 3027 1936 3064 πε-

355 3094 751 3166 ριδινουμὲνας
781 3096 824 3162 ³,
852 3094 915 3148 τὸ
957 3096 1328 3171 ἐπιπροσθοῦν
1362 3097 1508 3154 ana»
1539 3086 1806 3168 σαλεύειν,
1836 3103 1940 3168 ἕως

2048 614 2185 682 quin
2224 627 2290 668 ex
2327 613 2448 683 ejus
2479 621 2701 683 aspectu
2744 614 2976 684 pristina
3007 612 3181 684 ipsius
3207 611 3382 668 l‘orma
3412 628 3637 683 agnosci

2052 714 2255 772 posset.
2291 702 2397 758 Sed
2434 705 2550 760 haec
2576 705 2798 775 quidem
2830 704 2986 760 urbis
3019 703 3367 760 remdilieatio
3386 712 3442 758 et
3471 705 3635 760 scho-

2047 793 2225 848 larum
2268 794 2555 850 revocatio
2587 795 2935 864 postmodum
2977 794 3260 850 videbatur
3299 793 3501 850 lntura.
3538 794 3638 863 Per

2049 882 2194 938 idem
2230 899 2455 954 quoque
2494 893 2710 955 tempus
2752 886 2810 940 in
2851 901 3046 958 magna
3085 885 3175 941 illa
3213 886 3539 941 Alexandria
3568 888 3636 943 ad

2046 971 2225 1029 Nilum
2259 975 2463 1031 ﬂumen
2492 977 2596 1031 sita
2628 977 2775 1046 (cum
2799 987 2983 1033 tamen
3008 977 3141 1033 illud
3167 977 3426 1047 oppidum
3452 986 3637 1033 terra:-

2045 1066 2217 1122 motui
2258 1066 2562 1122 obnoxium
2603 1081 2725 1123 esse
2767 1081 2876 1122 non
2941 1067 3427 1146 soleret),sensus
3471 1067 3634 1122 etiam

2047 1156 2273 1226 quidam
2321 1164 2503 1213 motus
2530 1198 2545 1223 ,
2582 1156 2908 1228 perexiguus
2937 1158 3156 1227 quidem
3190 1158 3279 1213 ille
3320 1175 3383 1216 ac
3413 1158 3594 1216 brevis
3617 1199 3633 1224 ,

2050 1259 2228 1315 neque
2252 1246 2475 1303 omnino
2505 1244 2832 1302 manifestus
2856 1285 2870 1312 ,
2902 1245 3077 1304 factus
3103 1256 3189 1304 est
3217 1258 3419 1305 tamen.
3450 1247 3636 1309 Omni.

2047 1336 2152 1397 bus
2187 1339 2368 1410 itaque
2397 1340 2594 1397 incolis
2626 1349 2681 1396 et
2707 1340 3051 1411 potissimum
3083 1341 3238 1397 valde
3263 1343 3488 1399 senibus
3515 1358 3632 1399 ma-

2046 1446 2155 1503 gno
2182 1432 2449 1487 miraculo
2482 1448 2547 1488 ra
2588 1450 2675 1492 res
2721 1434 2859 1501 fuit;
2902 1433 3104 1504 quippe
3142 1423 3271 1505 quae
3291 1445 3449 1492 antea
3490 1451 3632 1491 nun-

2043 1537 2210 1592 quam
2264 1525 2567 1589 acciderat;
2628 1541 2802 1596 neque
2851 1526 3143 1597 quisquam
3189 1526 3339 1582 domi
3397 1528 3626 1592 mansit,

2041 1613 2151 1684 97
2199 1615 2293 1670 sed
2324 1616 2377 1671 in
2420 1619 2626 1686 plateas
2660 1618 2959 1673 multitudo
2993 1617 3300 1674 conﬂuebat
3340 1619 3626 1675 insolentia

2044 1707 2392 1778 novitateque
2423 1709 2502 1764 rei
2532 1710 2671 1765 ultra
2696 1711 2915 1765 modum
2944 1710 3213 1780 perculsa.
3236 1709 3321 1765 Me
3341 1725 3468 1765 vero
3494 1695 3630 1781 quo-

2044 1814 2151 1867 que
2191 1799 2368 1868 ipsum
2413 1800 2845 1873 (commorabar
2891 1803 3039 1857 enim
3091 1802 3166 1856 ibi
3212 1811 3325 1857 tum
3373 1802 3630 1872 temporis

2044 1890 2162 1960 ejus
2188 1890 2493 1961 disciplime
2523 1907 2714 1960 causa,
2742 1909 2864 1965 qua:
2897 1892 3138 1950 studium
3171 1893 3313 1963 juris
3346 1893 3631 1963 praecedit)

2043 1987 2218 2036 metus
2252 1980 2578 2047 incessebat,
2603 1992 2941 2052 reputantem
2975 1996 3212 2048 mecum,
3235 1984 3380 2052 quod
3412 1983 3628 2038 tametsi

2039 2069 2271 2140 exiguus
2298 2072 2593 2151 admodum
2625 2072 2716 2128 ille
2745 2081 2927 2129 motus
2957 2081 3135 2136 esset,
3181 2073 3622 2129 tediiicia'tamen

2040 2161 2174 2234 ipsis
2198 2173 2383 2219 essent
2409 2179 2586 2233 neque
2619 2164 2774 2218 lirma
2807 2181 2981 2234 neque
3009 2167 3211 2236 ampla,
3241 2181 3472 2236 qumque
3503 2182 3631 2219 sue-

2039 2265 2201 2306 cussa
2234 2267 2303 2307 ne
2326 2252 2600 2306 tantillum
2627 2253 2849 2323 quidem
2883 2255 3140 2321 temporis
3173 2255 3474 2310 subsistere
3505 2271 3627 2324 pos.

2040 2350 2183 2411 sent,
2213 2351 2271 2398 ut
2290 2358 2484 2413 parum
2512 2345 2688 2400 valida
2713 2362 2776 2402 ac
2804 2345 2978 2400 ﬁrma.
3010 2345 3251 2414 Simplici
3278 2345 3422 2400 enim
3460 2345 3630 2399 latere

2050 2441 2179 2488 sunt
2214 2443 2493 2490 contexta.
2542 2434 2834 2492 Timebant
2878 2452 3007 2491 vero
3054 2439 3219 2491 etiam
3247 2446 3529 2506 quotquot
3577 2436 3630 2489 in

2041 2525 2177 2582 urbe
2199 2535 2358 2582 erant
2385 2528 2487 2582 viri
2515 2527 2702 2594 docti,
2738 2544 2846 2584 non
2877 2539 2987 2585 tam
3009 2570 3024 2594 ,
3057 2529 3135 2585 uti
3169 2530 3427 2591 arbitror,
3456 2538 3634 2584 motus

2034 2617 2149 2687 jam
2197 2620 2454 2690 praeteriti
2492 2635 2659 2676 causa
2683 2662 2699 2689 ,
2740 2619 2836 2677 sed
2867 2620 3014 2691 quod
3043 2621 3338 2676 verisimile
3361 2621 3634 2675 videretur

2045 2710 2149 2765 hoc
2182 2712 2361 2783 ipsum
2390 2712 2585 2768 iterato
2614 2720 2959 2770 eventurum.
2995 2713 3098 2780 Qui
3127 2713 3272 2767 enim
3310 2712 3471 2782 hujus
3504 2714 3631 2767 mali

2041 2817 2237 2858 causas
2265 2817 2391 2860 esse
2420 2806 2609 2860 dicunt
2634 2805 3009 2861 exhalationes
3037 2804 3299 2875 quasdam
3335 2804 3511 2859 siccas
3543 2821 3632 2875 pa-

2040 2896 2172 2949 riter
2192 2905 2246 2950 et
2263 2895 2526 2965 l‘umosas,
2549 2898 2647 2953 sub
2671 2906 2830 2965 terrae
2852 2896 3188 2953 concavitate
3203 2897 3447 2962 clausas;
3478 2911 3634 2951 cum-

2045 3001 2152 3055 que
2181 2985 2342 3042 facile
2370 2988 2565 3043 dilllari
2601 2998 2907 3059 nequeant,
2946 2989 3321 3045 vehementius
3352 2991 3495 3043 intus
3524 2989 3632 3045 eir-

2044 3079 2390 3135 cumvolutas
2451 3079 2720 3152 quidquid
2764 3096 2930 3152 supra
2988 3081 3257 3152 impendet
3313 3091 3631 3147 succutere,

347 3189 432 3258 τῇ
470 3187 621 3258 βιαία
654 3190 795 3259 φορᾷ
822 3188 921 3257 τῆς
952 3190 1303 3261 στεγνότητος
1333 3190 1659 3262 ἐνδιδούσης,
1690 3195 1750 3257 ὲς
1783 3196 1942 3268 τούμ-

2046 3170 2220 3226 donec
2248 3170 2506 3227 violentia
2537 3172 2773 3242 impetus
2816 3172 3098 3230 fatiscente
3135 3181 3188 3228 ct
3220 3173 3444 3228 cedente
3475 3189 3629 3228 com-

353 3279 535 3348 φανὲς
567 3278 880 3349 ἀναχθεῖεν·
919 3280 969 3333 oi
1002 3280 1066 3353 δὴ
1109 3282 1130 3313 ⁸
1178 3278 1272 3336 οῦν
1319 3283 1388 3337 τὰ
1419 3283 1644 3338 τοιαῦτα
1689 3286 1938 3356 φυσιολο-

314 3369 588 3452 .γοῦντες
616 3369 717 3442 τὴν
747 3370 1049 3441 Αἰγυπτίαν
1077 3374 1210 3442 φασὶ
1253 3373 1437 3446 χώραν
1460 3375 1522 3429 οὗ
1547 3374 1766 3430 πώποτε
1797 3378 1938 3432 σείει

360 3464 496 3519 σθαι
543 3466 868 3534 πεφυκέναι,
905 3465 982 3530 ὼς
1022 3464 1087 3539 δὴ
1133 3466 1422 3540 χθαμαλήν
1462 3486 1523 3523 τε
1568 3470 1812 3541 ἀτεχνῶς
1844 3472 1940 3526 καὶ

356 3557 565 3610 ὑπτίαν
597 3557 693 3609 καὶ
721 3557 920 3628 ἥκιστα
947 3559 1299 3631 σηραγγώδη,
1347 3560 1596 3615 ἐντεῦθέν
1627 3580 1687 3616 τε
1719 3564 1818 3616 οὐκ
1843 3566 1943 3634 ἐμ·

358 3646 711 3719 φορουμένην
736 3666 749 3677 ·
787 3649 836 3701 εί
865 3649 920 3702 δέ
951 3666 1015 3718 γε
1044 3649 1141 3704 καὶ
1176 3650 1510 3717 ὑποδέξαιτο,
1546 3654 1661 3706 ἀλλ’
1697 3656 1941 3726 αὐτομά-

358 3757 475 3803 τως
521 3739 625 3792 ὑπὸ
662 3739 985 3811 χαυνότητος
1015 3741 1164 3810 θαμά
1195 3742 1646 3816 ὲξατμιζομένην.
1670 3754 1675 3759 ’
1703 3746 1854 3798 Ἐπεὶ
1883 3746 1942 3800 δὲ

363 3831 427 3883 ὲν
476 3828 551 3899 τῷ
574 3832 696 3883 τότε
739 3830 835 3901 ἥδε
879 3832 913 3902 ή
943 3830 1091 3898 δόξα,
1136 3828 1197 3887 εὖ
1240 3833 1488 3899 ποιοῦσα,
1528 3835 1851 3907 ἐπεφώρατό
1880 3855 1940 3891 τε

365 3920 473 3972 καὶ
518 3921 889 3992 ἀπελήλεγκτο
943 3923 1018 3995 μὴ
1072 3924 1277 3994 σφόδρα
1325 3926 1383 3978 ἐν
1430 3926 1633 3998 βεϐαίῳ
1690 3928 1943 4000 κειμένη,

362 4011 597 4076 »εἰκότως
619 4014 639 4045 ⁷
665 4015 770 4087 ἄρα
803 4015 1074 4070 ἐδεδίεσαν
1113 4018 1163 4070 oi
1192 4019 1448 4084 γενναῖοι,
1488 4017 1602 4088 εἴγε
1651 4020 1786 4090 πρὸς
1815 4021 1942 4074 τοὺ-

369 4102 586 4155 ναντίον
638 4104 819 4168 αὐτοῖς
863 4107 1106 4177 χωρήσει
1160 4105 1576 4178 τούπίγραμμα,
1619 4109 1716 4163 καὶ
1762 4109 1942 4164 κινδυ-

362 4191 609 4247 νεύσοιεν
651 4194 674 4226 ⁸
713 4195 962 4248 τολοιπὸν
1017 4196 1080 4251 οὐ
1121 4196 1383 4266 γαιηόχου
1439 4194 1619 4265 μόνον,
1665 4195 1802 4249 ἀλλά
1847 4196 1943 4251 καὶ

360 4284 703 4355 ὲνοσίχθονος
750 4286 1043 4358 πειρᾶσθαι
1087 4286 1183 4340 τοῦ
1236 4286 1586 4351 Ποσειδῶνος.
1644 4288 1802 4350 Ἴσως
1843 4290 1943 4358 μὲν

349 4370 461 4427 οὖν
500 4376 546 4427 εί
592 4376 686 4449 καί
731 4393 785 4429 τι
839 4377 1005 4448 μέρος
1036 4377 1135 4445 τῆς
1173 4377 1449 4444 Αἰγύπτου
1481 4379 1786 4449 κεκίνηται,
1827 4378 1943 4433 ἀλλ“

358 4468 467 4519 οὐκ
497 4465 831 4532 ἐπιλείψουσι
863 4469 990 4530 τοὺς
1020 4466 1089 4520 τὰ
1129 4467 1354 4521 τοιαῦτα
1383 4467 1590 4532 δεινοὺς
1623 4470 1720 4522 καὶ
1764 4470 1942 4542 ἕτεροι

2051 3280 2185 3335 page
2218 3266 2273 3321 in
2311 3276 2556 3337 apertum
2610 3266 2856 3322 ferantur
2895 3282 2908 3319 :
2947 3268 3039 3338 qui
3080 3267 3223 3332 hare,
3266 3268 3527 3336 inquam,
3567 3267 3634 3322 de

2050 3366 2392 3415 terrmmolus
2421 3369 2612 3414 natura
2642 3359 2940 3426 disserunt,
2967 3367 3219 3414 auctores
3250 3368 3381 3414 sunt
3410 3360 3632 3431 Egypti

2048 3450 2325 3520 regionem
2349 3466 2629 3520 nunquam
2655 3460 2966 3507 terra-motu
2992 3451 3206 3506 concuti
3229 3451 3426 3514 solere,
3453 3460 3635 3523 utpote

2049 3539 2309 3596 humilem
2358 3542 2651 3597 admodum
2689 3550 2743 3597 et
2788 3542 3041 3612 planam,
3079 3542 3413 3613 minimeque
3445 3559 3635 3599 caver—

2050 3649 2244 3688 nosam
2272 3675 2287 3700 ,
2338 3634 2573 3703 ideoque
2613 3633 2881 3703 ejusmodi
2926 3635 3363 3690 exhalationibus
3397 3651 3506 3689 non
3538 3651 3635 3706 0p-

2050 3726 2183 3794 pleri
2213 3743 2229 3792 ;
2267 3725 2314 3782 si
2351 3741 2481 3782 vero
2513 3726 2725 3796 aliquas
2757 3727 2896 3780 intra
2933 3741 2992 3781 se
3022 3726 3328 3796 concipiat,
3365 3743 3459 3781 eas
3488 3729 3633 3797 ipsas

2050 3832 2150 3871 sua
2195 3827 2386 3887 sponte
2427 3819 2496 3872 ob
2531 3829 2687 3873 terra:
2730 3818 3007 3873 laxitatem
3050 3819 3270 3873 assidue
3309 3834 3627 3889 evaporare.

2048 3908 2186 3965 Cum
2218 3922 2343 3963 vero
2371 3917 2484 3963 tum
2513 3909 2768 3978 temporis
2794 3924 2857 3963 ea
2888 3908 3073 3978 opinio
3100 3908 3215 3979 98
3245 3909 3549 3972 obtineret.
3577 3922 3634 3967 et

2050 4015 2240 4071 parum
2285 4000 2554 4055 lirmitatis
2600 4000 2799 4055 habere
2837 4001 3370 4070 deprehenderetur,
3419 4011 3631 4057 metue-

2051 4095 2179 4147 bant
2199 4091 2563 4148 verisimiliter
2584 4092 2831 4162 praeclari
2859 4091 2933 4145 illi
2956 4091 3080 4156 viri,
3113 4107 3181 4145 ne
3207 4092 3260 4146 in
3290 4094 3629 4148 contrarium

2050 4183 2183 4253 ipsis
2218 4182 2434 4239 cederet
2470 4183 2821 4255 epigramma,
2859 4192 3115 4253 tanquam
3153 4184 3454 4253 periculum
3487 4183 3630 4239 foret

2050 4275 2104 4331 in
2133 4286 2408 4345 pomorum
2441 4290 2506 4330 ne
2534 4283 2742 4330 tantum
2773 4275 3055 4346 γαιήοχον,
3100 4275 3202 4330 hoc
3231 4284 3334 4339 est,
3362 4278 3628 4330 continett-

2054 4377 2154 4437 tem
2191 4378 2406 4434 terram,
2441 4384 2629 4424 verum
2658 4369 2820 4422 etiam
2855 4367 3190 4439 ὲνοσίχθονα,
3226 4367 3330 4423 hoc
3373 4379 3473 4435 est,
3502 4385 3628 4423 con-

2051 4461 2329 4514 cutientem
2361 4470 2578 4527 terram,
2605 4459 2905 4531 Neptunum
2938 4460 3334 4531 experirentur.
3357 4459 3630 4518 Fortassis

358 4555 534 4623 λόγοι,
568 4556 634 4609 δι’
669 4550 743 4611 ὧν
774 4557 839 4611 ἂν
868 4557 963 4611 καὶ
994 4556 1069 4619 ὣς
1106 4559 1139 4628 ή
1183 4558 1290 4611 τῶν
1322 4557 1513 4629 ἀτμῶν
1556 4560 1709 4627 σφίσι
1743 4559 1942 4631 κρατύ-

2052 4554 2269 4623 itaque.
2305 4553 2519 4607 etiamsi
2568 4553 2751 4623 aliqua
2793 4552 3011 4624 Egypti
3058 4568 3184 4623 pars
3228 4552 3490 4618 moverit,
3522 4570 3629 4607 non

362 4663 511 4700 νοιτο
550 4646 693 4715 δόξα.
745 4648 899 4717 Ἐμοὶ
944 4647 1001 4700 δὲ
1045 4647 1310 4714 δοκοῦσιν,
1355 4648 1432 4712 ὡς
1466 4649 1566 4718 μὲν
1606 4643 1716 4704 οἷόν
1756 4667 1815 4705 τε
1847 4651 1940 4704 ἀν-

363 4736 574 4808 θρώπῳ
612 4738 931 4809 τεκμηρίοις
973 4739 1085 4792 τισὶ
1128 4739 1395 4809 χρωμένῳ
1440 4740 1547 4795 τῶν
1575 4741 1784 4812 ἀδήλων
1814 4744 1942 4814 πέρι

352 4826 713 4890 διανοεῖσθαι,
744 4829 805 4881 οὐ
842 4828 1075 4898 πάμπαν
1102 4827 1422 4899 διαμαρτεῖν
1451 4829 1543 4883 τοῦ
1589 4831 1813 4886 πιθανοῦ
1847 4836 1944 4887 καὶ

358 4918 597 4984 εἰκότος,
638 4918 731 4972 τοῦ
784 4919 843 4972 δέ
891 4935 956 4986 γε
1001 4917 1086 4991 [Ρ.
1122 4918 1213 4990 55]
1251 4919 1406 4984 ὄντος
1444 4922 1465 4953 ⁹
1497 4920 1729 4992 ἀληθοῦς
1762 4923 1944 4995 πολλῷ

364 5008 783 5064 ἀπολείπεσθαι.
841 5010 964 5073 Πῶς
1015 5011 1125 5082 γὰρ
1169 5012 1237 5065 ἄν
1275 5028 1360 5075 τις
1402 5013 1460 5075 ἐς
1501 5013 1562 5066 τὸ
1606 5014 1833 5085 ἀκριϐὲς
1874 5014 1945 5070 τὰ

358 5101 550 5171 Δἀφανῆ
581 5104 674 5155 καὶ
706 5102 981 5173 ὑπέρτερα
1007 5102 1278 5177 διαγνοίη;
1298 5103 1535 5177 ’Δπόχρη
1561 5105 1618 5159 δὲ
1648 5107 1801 5178 ἡμῖν,
1829 5107 1945 5176 εῐγε

364 5192 593 5246 τοσοῦτο
637 5192 799 5263 μόνον
850 5194 1140 5265 εἰδείημεν,
1191 5193 1268 5257 ὡς
1321 5193 1451 5266 θείῳ
1502 5194 1578 5265 νῷ
1630 5195 1724 5250 καὶ
1779 5195 1943 5268 βουλῇ

362 5285 642 5355 κρείττονι
670 5287 887 5341 ἅπαντα
917 5285 1264 5340 διατέτακται
1284 5303 1298 5317 ·
1323 5286 1537 5356 φύσεως
1562 5287 1617 5339 δὲ
1643 5287 1817 5359 ἀρχὰς
1851 5289 1946 5341 καὶ

2046 4646 2276 4701 deerunt
2309 4652 2489 4700 tamen
2524 4644 2718 4699 harum
2752 4660 2934 4700 rerum
2973 4646 3162 4715 peritis
3191 4645 3354 4701 etiam
3394 4646 3515 4701 alia:
3542 4662 3631 4701 ra-

2050 4737 2228 4792 tiones
2247 4777 2263 4803 ,
2299 4752 2395 4807 per
2419 4752 2558 4806 quas
2582 4737 2748 4794 etiam
2783 4737 2862 4792 sic
2891 4738 3006 4792 haec
3028 4752 3215 4793 eorum
3244 4738 3312 4792 de
3340 4732 3633 4809 vaporibus

2047 4828 2233 4898 opinio
2282 4828 2480 4883 valeat.
2538 4828 2669 4882 Mihi
2719 4844 2848 4883 vero
2894 4828 3151 4884 videntur
3201 4829 3310 4893 illi,
3365 4839 3634 4898 quatenus

2048 4920 2306 4991 possibile
2338 4927 2421 4974 est
2468 4919 2673 4974 homini
2714 4919 2908 4975 validis
2957 4921 3296 4991 argumentis
3344 4921 3515 4976 utenti
3564 4922 3633 4975 ad

2049 5027 2230 5076 rerum
2275 5011 2653 5066 abstrusarum
2690 5011 3096 5084 intelligentiam
3138 5014 3446 5083 pertingere
3474 5053 3488 5079 ,
3537 4996 3633 5067 ne-

2049 5119 2325 5174 quaquam
2372 5118 2401 5157 a
2439 5102 2821 5173 probabilitate
2855 5114 2911 5159 et
2943 5104 3299 5159 similitudine
3329 5104 3439 5158 veri
3474 5103 3634 5159 aber-

2053 5212 2211 5263 rare;
2244 5212 2275 5251 a
2304 5196 2533 5250 veritate
2570 5206 2749 5251 tamen
2787 5196 2901 5264 ipsa
2932 5196 3095 5266 longe
3120 5196 3340 5252 abesse.
3383 5193 3507 5260 Quo
3539 5210 3633 5264 pa-

2053 5297 2143 5342 cto
2169 5288 2313 5341 enim
2344 5287 2616 5357 quispiam
2653 5287 2891 5357 perfecte
2931 5287 3232 5359 intelligere
3270 5287 3475 5356 possit,
3511 5299 3635 5357 quae

1656 5459 1895 5516 VARIAE
1928 5458 2332 5519 LECTIONES.

443 5632 489 5665 9'
530 5630 625 5685 καὶ
645 5644 756 5686 om.
787 5629 850 5685 Β.
926 5630 975 5663 ’⁸
1007 5627 1364 5683 διδασκαλίων
1397 5624 1462 5682 R.
1492 5628 1720 5698 et'vulg.

364 5702 651 5772 mg.(t;l.).
698 5700 867 5767 lntpr.
915 5700 1145 5772 incisum
1184 5699 1451 5772 integrum
1502 5699 1705 5772 omisit.
1739 5768 1750 5772 Α
1781 5698 1826 5772 ’ξ’
1864 5700 1963 5767 τῆς
2021 5701 2155 5772 προς
2188 5698 2298 5772 τῶν
2350 5700 2412 5751 ll.

480 5763 520 5840 j.‘
565 5763 646 5825 Cl.
695 5763 858 5840 intpr.
909 5770 1454 5840 viriiliyeratissitni.
1511 5769 1550 5840 _'
1590 5773 1682 5840 καὶ
1729 5768 1834 5840 ὑπὸ
1885 5763 2076 5840 vnlg;
2108 5769 2149 5822 li
2194 5780 2248 5823 et
2283 5763 2858 5840 iutpr.copulattpnn.
2936 5764 2954 5795 ³
2995 5765 3149 5834 ῥᾴδια
3181 5763 3244 5817 ll.
3322 5766 3341 5795 ⁸
3382 5764 3628 5834 περιδον-

362 5770 519 5841 conj.
565 5770 646 5825 Cl.

1795 5628 1841 5663 ⁸⁷
1878 5647 1961 5695 τις
1986 5628 2052 5683 R.
2102 5638 2156 5684 et
2201 5629 2366 5695 intpr.
2391 5630 2540 5697 quis;
2568 5645 2628 5682 τε
2673 5628 2817 5694 vulg.

2893 5626 2938 5655 ’³
3000 5626 3145 5694 πέρα
3186 5624 3312 5678 adi.
3464 5622 3634 5694 Lugd.

2511 5700 2524 5729 ¹
2567 5698 2645 5750 τῶ
2691 5700 2799 5767 κρᾶ
2833 5696 2897 5750 ll.
2937 5764 2944 5767 Α
2971 5695 2991 5724 ³
3024 5693 3329 5767 ύιραίνλντο
3358 5693 3423 5747 R.
3456 5693 3632 5767 λόγιον

367 5837 540 5916 μένας
573 5841 693 5911 (sic)
727 5837 791 5895 κζ
868 5841 889 5871 ⁸
925 5839 974 5892 οἱ
1019 5839 1073 5894 δὲ
1100 5837 1163 5890 R.
1239 5839 1259 5871 ’δ
1290 5838 1472 5891 είκότα
1510 5838 1575 5891 R.
1650 5839 1671 5869 "
1707 5837 2096 5892 κινδυνεύσειεν
2134 5840 2176 5892 li
2275 5840 2294 5871 θ
2336 5840 2472 5893 Num
2510 5838 2714 5899 ὅντωςῗ
