4030 6424
299 380 439 446 1365

1484 384 2030 449 HISTORIARUM
2049 383 2285 448 LIBER
2304 382 2389 447 II.

3423 380 3570 451 13$

291 496 622 567 γαλαυχίαν.
655 496 958 568 Οίκτείρειν
991 498 1090 571 μὲν
1118 492 1213 554 οῦν
1251 498 1318 556 τά
1366 500 1546 557 τοιάδε
1584 502 1645 555 ού
1691 502 1883 575 πόρρω

1989 500 2336 556 miseratione
2364 498 2556 569 itaque
2582 493 2778 551 barum
2807 508 2992 550 rerum
3021 492 3147 551 duci
3189 509 3300 552 non
3334 496 3571 554 alienum

289 587 391 641 τοῦ
414 588 756 658 ἀνθρωπείου
771 590 976 662 τρόπου
1004 588 1142 646 εἶναι
1161 592 1330 657 δοκεῖ,
1348 590 1652 663 θαυμάζειν
1673 591 1730 646 δὲ
1752 594 1883 647 ἀτε-

288 678 439 749 χνῶς
469 677 565 731 καὶ
618 680 1098 761 καταπεπλῆχθαι,
1155 681 1362 753 ἀνδρῶν
1420 681 1491 736 ἂν
1514 683 1598 753 εἴη
1635 684 1698 737 οὑ
1734 682 1880 754 μάλα

283 769 362 823 τὰ
400 770 605 824 παλαιὰ
630 772 1032 843 ἐπισταμένων,
1075 772 1197 826 οὐδὲ
1243 773 1327 827 ὅτι
1363 773 1518 826 ἐσαεὶ
1548 772 1706 828 τοῦτο
1731 773 1796 845 δὴ
1822 773 1883 827 τὸ

281 864 396 931 τῆς
420 860 554 930 ὕλης
579 862 779 933 χωρίον
810 863 1032 917 ποικίλα
1060 864 1358 935 παθήματα
1383 864 1743 936 ὑποδέχεσθαι
1783 865 1881 919 πέ-

284 968 461 1020 φυκε.
495 952 766 1017 Πολλάκις
789 953 898 1024 γὰρ
919 954 1020 1025 ἢδη
1044 957 1138 1009 καὶ
1161 956 1429 1027 πρότερον
1455 955 1642 1020 πόλεις
1665 972 1730 1024 γε
1757 954 1879 1011 ὅλαι

289 1043 512 1114 σεισμῷ
542 1042 935 1116 διεφθάρησαν,
975 1045 1052 1109 ὼς
1091 1047 1218 1110 τοὺς
1275 1047 1538 1119 ἀρχαίους
1590 1048 1883 1119 οἰκήτορας

284 1133 679 1189 ἀποϐαλοῦσαι
730 1136 820 1205 ὑφ’
853 1136 1062 1209 ἑτέροις
1110 1134 1270 1203 αὖθις
1314 1140 1582 1203 οἰκισταῖς
1636 1138 1802 1211 ἀνορθ

292 1224 484 1295 ϐῆναι.
1796 1258 1799 1261 -

373 1388 458 1453 ιζ’.
508 1388 577 1441 Αἱ
629 1387 761 1457 γοῦν
799 1388 1066 1459 Τράλλεις
1108 1390 1142 1461 ἡ
1184 1389 1358 1454 πόλις,
1410 1391 1444 1461 ή
1505 1391 1563 1443 έν
1612 1392 1681 1462 τῇ
1722 1389 1881 1464 Ἀσίᾳ

292 1479 397 1563 νῦν
428 1480 475 1513 ’³
504 1480 815 1554 καλουμένῃ
875 1481 1029 1555 χώρα
1067 1483 1239 1555 ἀγχοῦ
1275 1501 1378 1538 που
1423 1483 1519 1536 τοῦ
1566 1482 1880 1554 Μαιάνδρου

292 1574 550 1646 πόταμοῦ
580 1575 867 1647 ἱδρυμένη,
906 1576 968 1630 τὸ
1000 1578 1100 1649 μὲν
1144 1577 1373 1630 παλαιὸν
1399 1575 1694 1644 Πελασγῶν
1724 1577 1769 1607 ’⁸
1793 1574 1881 1645 γέ-

287 1682 459 1736 γονεν
482 1667 732 1736 ἀποικία,
757 1658 1087 1732 ὑπὸδὲλτοὺς
1118 1669 1431 1739 Αὐγούστου
1456 1670 1735 1741 Καίσαρος
1760 1670 1883 1742 χρό-

286 1776 427 1822 νους
453 1758 674 1830 ἐσείσθη
700 1776 760 1812 τε
796 1760 988 1814 ἅπασα
1013 1760 1108 1814 καλ⁵
1144 1762 1450 1835 ἀνετράπη,
1486 1766 1581 1818 καὶ
1604 1765 1757 1818 οὐδὲν
1787 1766 1882 1819 αὒ-

1984 591 2055 655 ab
2081 590 2325 646 humano
2355 603 2506 645 more
2538 588 2751 644 videtur
2779 605 2792 642 :
2824 586 3087 642 admirari
3118 602 3250 642 vero
3278 587 3571 645 vehemen-

1984 690 2067 738 ter
2093 689 2148 736 et
2172 679 2416 752 percelli,
2448 679 2733 735 hominum
2766 676 2953 747 fuerit,
2981 678 3078 749 qui
3106 688 3352 735 veterum
3385 694 3571 734 rerum

1982 787 2176 844 parum
2205 780 2335 828 sunt
2355 770 2536 841 periti,
2561 770 2767 842 quique
2793 770 3063 838 nesciunt,
3088 768 3237 840 quod
3266 770 3381 825 haec
3412 778 3572 825 terra:

1982 864 2135 935 regio
2178 878 2273 920 sua
2314 872 2507 918 natura
2548 873 2810 933 perpetuo
2843 862 3023 918 varias
3057 862 3114 917 in
3153 878 3215 917 se
3250 860 3570 918 affectiones

1981 956 2265 1026 suscipere
2306 955 2500 1011 soleat.
2548 953 2882 1026 Frequenter
2927 954 3075 1010 enim
3122 953 3287 1009 etiam
3336 952 3569 1009 antehac

1981 1049 2148 1104 urbes
2183 1048 2410 1119 integra:
2440 1056 2747 1103 terrannotu
2780 1048 3082 1119 perierunt,
3104 1047 3244 1104 adeo
3268 1054 3330 1102 ut
3364 1044 3564 1103 veteri-

1980 1140 2086 1197 bus
2117 1140 2312 1198 incolis
2340 1148 2517 1196 exuta:
2544 1140 2614 1196 ab
2655 1140 2777 1196 aliis
2802 1155 3020 1196 rursum
3050 1139 3425 1196 conditoribus
3454 1137 3567 1195 sint

1983 1232 2326 1290 instauratae.

2053 1395 2143 1450 l7.
2185 1393 2393 1453 Tralles
2425 1393 2608 1465 itaque
2638 1394 2770 1449 urbs
2796 1434 2813 1460 ,
2852 1394 2905 1448 in
2949 1394 3080 1449 Asio
3126 1409 3272 1450 nunc
3313 1396 3387 1450 ita
3417 1395 3565 1452 dicto

1982 1503 2175 1559 campo
2196 1487 2350 1559 juxta
2378 1486 2708 1543 Maeandrum
2742 1487 2966 1540 ﬂuvium
3003 1486 3105 1541 sita
3134 1527 3151 1553 ,
3190 1486 3329 1545 olim
3344 1487 3563 1558 quidem

1980 1579 2328 1652 Pelasgorum
2353 1579 2565 1635 colonia
2611 1577 2714 1633 fuit
2731 1622 2746 1647 ,
2788 1579 2891 1633 sub
2921 1578 3152 1649 Augusti
3179 1592 3305 1634 vero
3333 1578 3566 1636 Caesaris

1983 1680 2225 1742 tempora
2248 1680 2559 1727 terrmmotu
2592 1681 2850 1742 quassata
2878 1677 2961 1727 est
2985 1679 3041 1727 et
3069 1671 3333 1726 subversa
3357 1712 3374 1737 ,
3400 1671 3566 1727 nillil-

1982 1779 2089 1837 que
2118 1764 2172 1819 in
2210 1780 2273 1820 ea
2312 1766 2584 1835 integrum
2622 1763 2896 1819 relictum.
2933 1761 3148 1834 Oppido
3172 1778 3302 1818 vero
3331 1763 3387 1818 in
3419 1765 3569 1821 hunc

288 1849 402 1921 τῆς
428 1849 457 1904 ὃ
478 1866 531 1903 τι
560 1848 605 1881 ’⁷
641 1849 932 1904 ἐσέσωστο.
964 1849 1123 1904 Οὕτω
1146 1852 1200 1905 δὲ
1220 1852 1313 1905 τοῦ
1332 1853 1525 1918 ἄστεος
1551 1855 1880 1928 οἰκτρότατα

1989 1858 2207 1913 modum
2257 1858 2411 1928 101
2470 1857 2773 1913 miserrime
2797 1856 3077 1926 collapsa,
3117 1857 3271 1911 aiunt
3297 1856 3566 1914 rusticum

294 1943 585 2016 κειμένου,
616 1939 877 2014 ἄγροικόν
922 1944 1047 1999 τινά
1075 1962 1230 2015 φασι,
1267 1946 1472 2000 τούτων
1516 1947 1581 2019 δὴ
1614 1946 1722 2003 τῶν
1754 1964 1881 2020 γεη-

301 2041 511 2103 πόνων,
534 2041 854 2111 Χαιρήμονα
885 2037 1144 2109 τοῦνομα,
1171 2039 1376 2110 σφόδρα
1404 2040 1504 2112 τὴν
1530 2040 1713 2113 ψυχὴν
1744 2041 1882 2097 ἀλῶ-

302 2146 403 2182 ναι
435 2127 512 2199 τῷ
538 2128 715 2189 πάθει,
748 2129 844 2182 καὶ
883 2124 978 2182 οῦν
1029 2129 1129 2182 ούκ
1168 2130 1459 2197 ἐνεγκόντα
1495 2130 1797 2203 θαυμάσιόν
1824 2150 1879 2187 τι

303 2219 500 2288 ἡλίκον
541 2221 632 2273 καὶ
676 2219 905 2274 ἄπιστον
959 2220 1120 2292 ἔργον
1175 2221 1393 2275 ἀνύσαι.
1450 2223 1606 2293 Μήτε
1638 2224 1747 2293 γὰρ
1776 2224 1907 2295 τῆς,

296 2310 431 2365 ὀδοῦ
458 2311 518 2364 τὸ
559 2311 785 2383 μῆκοςῆ
826 2311 923 2383 τῆς
963 2311 1264 2384 πρεσϐείας
1299 2316 1361 2367 τὸ
1418 2313 1649 2386 μέγεθος
1675 2317 1879 2389 κατορ-

290 2402 648 2472 ρωδήσαντα,
683 2404 821 2474 μήτε
861 2404 943 2457 ὅτι
986 2403 1290 2475 μεγίστοις,
1329 2405 1520 2476 ὥσπερ
1548 2406 1716 2472 είκὺς,
1751 2410 1880 2478 ὀμι-

285 2493 488 2563 λήσειν
515 2494 752 2570 ἤμελλεν
790 2495 1077 2561 κινδύνοις,
1132 2496 1228 2551 καὶ
1273 2496 1447 2552 ταῦτα
1484 2498 1571 2552 ἐπ’
1605 2499 1788 2569 ἀδήλῳ
1812 2502 1878 2571 τῇ

285 2587 467 2658 τύχῃ,
533 2589 671 2658 μήτε
710 2587 821 2641 τῶν
869 2586 1007 2641 οἴκοι
1054 2586 1153 2659 τὴν
1197 2588 1454 2660 ἐρημίαν,
1494 2590 1635 2661 μήτε
1672 2590 1803 2646 ἀλλο
1829 2609 1880 2646 τι

289 2679 435 2744 τῶν,
464 2679 641 2734 ὁπόσα
672 2678 1041 2750 διανοούμενοι
1078 2678 1356 2749 ἄνθρωποι
1403 2681 1881 2749 μεταμανθάνουσι

296 2771 375 2827 τὰ
402 2770 725 2843 δοκηθέντα,
765 2770 1080 2837 ἀφικέσθαι,
1128 2770 1203 2841 μὴ
1244 2770 1325 2824 ὅτι
1376 2774 1436 2825 ὲν
1478 2774 1688 2844 Ῥώμῃ,
1746 2772 1882 2828 ἀλλὰ

290 2867 414 2934 γὰρ
470 2866 563 2917 καὶ
595 2863 642 2896 ’⁸
666 2866 724 2927 ἐς
769 2863 878 2916 τῶν
929 2862 1320 2930 Κανταϐρινῶν
1373 2862 1471 2933 τὴν
1501 2863 1709 2934 χώραν,
1738 2865 1880 2935 ἀμφ’

292 2956 476 3019 αὐτὰς
497 2956 561 3026 δή
605 2956 709 3008 ποῦ
754 2954 854 3017 τὰς
909 2953 1003 3008 τοῦ
1041 2954 1297 3008 Ὠκεανοῦ
1326 2955 1512 3023 ἠϊόνας
1544 2956 1879 3028 (ἐτύγχανεν

291 3048 416 3119 γὰρ
436 3046 599 3100 αὑτοῦ
637 3064 741 3099 που
789 3047 818 3099 ὁ
868 3047 1087 3117 Καίσαρ
1133 3046 1190 3099 ὲν
1223 3044 1302 3117 τῷ
1338 3047 1459 3099 τότε
1514 3047 1651 3118 πρός
1687 3065 1741 3102 τι
1772 3048 1881 3103 τῶν

292 3137 475 3192 ἐθνῶν
499 3136 932 3208 διαμαχόμενος)
953 3136 1203 3206 ἀγγεῖλαί
1224 3135 1283 3189 τέ
1309 3136 1358 3190 οἱ
1388 3136 1456 3189 τὰ
1473 3135 1878 3208 ξυνενεχθέντα,

1983 1950 2276 2021 quemdam
2305 1966 2372 2005 ex
2424 1949 2526 2015 iis,
2558 1949 2651 2021 qui
2679 1964 2840 2021 agros
2880 1949 3109 2016 colunt,
3154 1949 3566 2007 Cltaeremonem

1982 2043 2237 2106 nomine,
2263 2042 2537 2113 ingentem
2567 2041 2639 2097 ob
2666 2040 2814 2095 illius
2842 2054 3033 2096 casum
3064 2053 3357 2095 mmrorem
3384 2038 3569 2095 animo

1980 2137 2337 2208 concepisse,
2368 2150 2529 2206 quem
2556 2150 2686 2192 cum
2717 2133 2859 2189 ferre
2893 2148 3001 2188 non
3031 2140 3256 2203 posset,
3290 2132 3571 2188 admiran-

1981 2227 2113 2283 dum
2170 2224 2448 2297 quoddam
2513 2233 2569 2279 et
2624 2221 2946 2278 incredibile
3003 2219 3216 2276 facinus
3271 2218 3567 2290 peregisse.

1979 2316 2169 2389 Neque
2194 2318 2340 2374 enim
2378 2317 2593 2372 itineris
2623 2313 2960 2383 longitudine
2982 2352 2999 2378 ,
3039 2326 3218 2382 neque
3244 2308 3569 2381 postulatio-

1982 2411 2070 2467 nis
2091 2406 2465 2481 magnitudine
2490 2407 2832 2473 deterritum,
2857 2419 3035 2474 neque
3056 2402 3202 2474 quod
3224 2401 3568 2473 gravissima,

1983 2502 2061 2557 uti
2089 2501 2389 2559 verisimile
2414 2510 2562 2567 erat,
2592 2497 2832 2570 pericula
2866 2496 3117 2551 aditurus
3164 2495 3478 2557 videretur,
3516 2501 3569 2547 et

1981 2591 2201 2662 quidem
2242 2590 2453 2646 incerto
2485 2596 2718 2654 eventu,
2766 2600 2946 2657 neque
2982 2598 3209 2649 eorum,
3240 2596 3382 2652 quos
3419 2579 3570 2634 domi

1981 2684 2312 2754 reliquerat,
2349 2679 2664 2737 solitudinis
2692 2679 2903 2733 ratione
2936 2676 3118 2731 habita
3144 2714 3161 2741 ,
3212 2687 3392 2744 neque
3433 2672 3571 2728 alte-

1983 2773 2103 2839 rius
2132 2773 2300 2829 ullius
2343 2772 2454 2839 rei,
2484 2771 2644 2842 cujus
2666 2767 3103 2826 consideratione
3131 2774 3295 2837 atque
3321 2771 3570 2833 respectu

1984 2865 2236 2921 homines
2262 2863 2589 2920 sententiam
2616 2868 2851 2926 mutant,
2883 2857 3197 2929 pervenisse
3227 2869 3336 2910 non
3360 2861 3568 2908 tantum

1984 2957 2216 3013 Romam
2242 2997 2258 3023 ,
2288 2957 2384 3014 sed
2422 2956 2476 3011 in
2503 2955 2900 3010 Cantabrorum
2937 2953 3211 3022 regionem
3233 2989 3249 3012 ,
3279 2950 3425 3004 circa
3456 2950 3570 3019 ipsa

1982 3046 2188 3104 Oceani
2231 3046 2414 3102 littora
2458 3046 2612 3117 (erat
2652 3043 2798 3100 enim
2836 3042 2906 3097 ibi
2958 3050 3073 3095 tum
3103 3040 3360 3110 temporis
3391 3037 3571 3093 Caesar

1983 3149 2170 3209 gentes
2190 3136 2456 3209 quasdam
2479 3134 2894 3201 debellaturus),
2922 3131 3199 3201 etei,qua3
3214 3130 3411 3184 Trallis
3439 3143 3573 3184 con-

295 3231 402 3284 καὶ
433 3228 608 3293 οὕτως
664 3229 805 3282 ἑλεῖν
853 3228 945 3282 τὸν
1000 3212 1247 3299 βασιλέα,
1300 3229 1377 3293 ὡς
1414 3230 1617 3285 αὐτίκα
1639 3232 1704 3303 δὴ
1733 3232 1880 3303 μάλα

1989 3229 2254 3298 tigerant,
2290 3227 2694 3300 significasset,
2727 3236 2783 3282 et
2817 3222 3038 3296 quidem
3068 3223 3186 3289 ejus
3219 3221 3466 3277 oratione
3495 3220 3570 3275 ita

294 3322 608 3385 ὑπατικοὺς
631 3322 674 3354 θ’
705 3320 844 3375 έπτά
878 3319 987 3374 τῶν
1017 3323 1076 3375 ὲν
1107 3325 1220 3384 τοῖς
1263 3322 1500 3392 μάλιστα
1538 3325 1884 3394 εὐπατριδῶν

291 3428 363 3465 τε
390 3412 485 3464 καὶ
539 3411 871 3482 εὐδαιμόνων
900 3411 1113 3483 ἀνδρῶν
1153 3413 1219 3466 ὲκ
1279 3412 1378 3483 τῆς
1415 3413 1638 3484 Ῥώμης
1686 3415 1886 3469 ἀπολε-

292 3501 559 3573 ξάμενον,
592 3501 711 3572 ἆμα
765 3502 843 3573 τῷ
888 3503 1136 3574 σφετέρῳ
1172 3504 1369 3576 πλήθει
1422 3507 1629 3560 στεῖλαι
1677 3509 1736 3573 ἐς
1784 3509 1884 3582 τὴν

291 3596 590 3658 ἀποικίαν,
627 3596 899 3663 καὶτοὺς,
948 3596 1024 3661 ὡς
1071 3596 1303 3669 τάχιστα
1331 3600 1390 3653 ὲν
1419 3598 1498 3669 τῷ
1530 3598 1693 3670 χώρῳ
1735 3617 1889 3669 γενο-

299 3687 527 3760 μένους,
550 3688 811 3758 χρήματὰ
825 3704 883 3741 τε
902 3687 1128 3742 πλεῖστα
1146 3690 1246 3742 ὃσα
1261 3690 1548 3754 ἐπιδόντας
1565 3694 1661 3745 καὶ
1678 3691 1885 3764 σπουδῇ

300 3783 714 3855 χρησαμένους,
759 3783 1100 3854 ἀναδομῆσαι
1130 3784 1175 3815 ³⁰
1209 3778 1368 3848 αὖθις
1415 3784 1518 3854 τὴν
1571 3784 1747 3851 πόλιν,
1792 3784 1889 3839 καὶ

308 3878 369 3937 ἐς
402 3874 462 3927 τὸ
496 3873 656 3945 μέχρι
683 3873 839 3927 τοῦδε
869 3874 1178 3946 σωζόμενον
1220 3877 1646 3948 ἀπεργάσασθαι
1677 3880 1884 3950 σχῆμα.

310 3965 434 4019 Νῦν
455 3962 546 4019 οὖν
565 3969 613 4019 oi.
640 3967 822 4038 ἐκείνῃ
854 3966 1012 4020 ἀστοὶ
1042 3967 1315 4037 Πελασγοὶ
1368 3969 1477 4045 μὲν,
1492 3969 1678 4023 οὐκέτι
1712 3971 1779 4024 ἂν
1810 3970 1890 4023 δι-

314 4058 495 4120 καίως
533 4059 574 4091 ⁸¹
598 4059 862 4130 κληθεῖεν,
908 4061 1170 4130 Ῥωμαῖοι
1210 4060 1265 4113 δὲ
1315 4060 1541 4131 μᾶλλον,
1576 4062 1626 4114 εί
1677 4060 1774 4114 καὶ
1818 4060 1890 4115 τά

310 4151 418 4220 τῆς
471 4151 651 4221 φωνῆς
683 4152 740 4214 ἐς
782 4152 843 4204 τὸ
883 4151 1192 4220 Ἑλληνικόν
1224 4168 1283 4203 τε
1330 4152 1425 4205 καὶ
1489 4151 1888 4224 Ἀττικώτερον

308 4240 699 4314 μετεϐάλοντο.
728 4242 850 4305 Πῶς
883 4242 992 4314 γὰρ
1025 4244 1126 4295 οὐκ
1176 4242 1414 4313 ἤμελλον
1468 4244 1889 4314 προσοικοῦντες

298 4328 410 4400 τὴν
446 4328 687 4394 Ἱωνίαν;
719 4330 762 4381 Τ
764 4329 906 4383 αῦτα
934 4330 991 4383 δὲ
1023 4330 1164 4383 οὕτω
1193 4330 1579 4401 ξυνενεχθῆναι
1608 4332 1762 4402 δηλοί
1785 4330 1890 4402 μέν

302 4438 415 4474 που
452 4422 544 4474 καὶ
573 4422 607 4488 ἡ
644 4421 875 4492 πάτριος
903 4420 996 4474 τοῦ
1047 4421 1240 4486 ἄστεος
1288 4421 1520 4490 ἱστορία,
1556 4424 1654 4493 ούχ
1684 4424 1888 4494 ἥκιστα

298 4510 370 4564 δὲ
428 4511 845 4582 τούπίγραμμα,
895 4513 1035 4584 ὅπερ
1089 4513 1263 4582 ἔγωγε
1287 4516 1467 4568 ἐκεῖσε
1497 4514 1670 4568 ἐλθὼν
1697 4514 1888 4569 ἀνελε-

303 4603 517 4674 ξάμην.
558 4605 656 4658 Ἐν
708 4621 812 4658 τινι
859 4603 969 4676 γὰρ
1020 4604 1129 4658 τῶν
1156 4606 1302 4676 ἀμφὶ
1337 4606 1438 4677 τὴν
1489 4606 1645 4660 πόλιν
1677 4605 1888 4677 ἀγρῶν,

302 4695 441 4748 ὅθεν
462 4696 526 4766 δὴ
548 4695 624 4749 ῶν
646 4694 942 4766 ἐτύγχανεν
976 4699 1003 4750 ό
1043 4698 1345 4769 Χαιρήμων
1374 4712 1392 4769 ί
1415 4698 1676 4771 Σιδηροῦς
1697 4698 1752 4752 δὲ
1781 4699 1894 4752 δνο-

274 4782 281 4785 ’
308 4804 396 4857 μα
423 4786 501 4857 τῷ
532 4786 687 4859 ἀγρῷ
730 4788 981 4859 ἐκείνῳ),
1035 4787 1219 4858 βωμὸς
1260 4788 1474 4859 ἵδρυται
1510 4788 1891 4860 ἀρχαιότατος,

303 4880 375 4930 ὲν
403 4873 448 4946 ᾧ
476 4877 542 4949 δὴ
566 4880 753 4942 πάλαι,
804 4879 880 4944 ῶς
920 4879 1089 4945 ἔοικε,
1126 4879 1221 4933 τοῦ
1270 4879 1621 4950 Χαιρήμονος
1671 4879 1895 4951 ἄγαλμα

306 4971 657 5040 ἐφειστήκει,
686 4970 802 5023 Νῦν
827 4971 935 5042 γὰρ
961 4970 1112 5024 οὐδὲν
1131 4970 1309 5025 ὁτιοῦν
1339 4973 1398 5027 ὲν
1427 4969 1579 5042 αύτῷ
1600 4971 1889 5041 φαίνεται.

326 5060 768 5133 Ἐγκεχάρακται
817 5062 875 5115 δὲ
920 5062 1068 5132 ὅμως
1112 5061 1192 5116 ἐτι
1226 5062 1290 5116 τὸ
1322 5062 1561 5132 ἐλεγεῖον
1601 5061 1681 5134 τῷ
1720 5060 1894 5135 βωμῷ

310 5144 426 5205 ὧδέ
459 5169 576 5217 πως
595 5152 740 5224 ἔχον

1990 3326 2210 3391 captum
2233 3317 2402 3376 fuisse
2420 3318 2691 3374 Czrsarem
2712 3358 2728 3383 ,
2756 3325 2815 3371 ut
2836 3317 3086 3387 protinus
3107 3315 3346 3368 deli-ctos
3367 3322 3572 3381 septem

1991 3406 2346 3475 consulares,
2394 3405 2488 3476 qui
2532 3405 2820 3474 splendore
2871 3403 3085 3475 generis
3125 3410 3180 3455 et
3228 3400 3574 3454 fortunarum

1993 3499 2136 3555 inter
2175 3497 2453 3554 Romanos
2475 3498 2820 3563 eminebant,
2850 3511 2974 3551 cum
3003 3508 3201 3564 magno
3225 3491 3486 3548 comitatu
3518 3489 3575 3544 in

1994 3592 2268 3647 coloniam
2314 3590 2568 3655 miserit,
2599 3604 2804 3659 eosque
2828 3630 2843 3656 ,
2878 3602 3005 3642 cum
3045 3583 3258 3655 magnis
3289 3580 3576 3639 itineribus

1994 3699 2061 3741 eo
2093 3684 2510 3756 pervenissent,
2542 3697 2739 3753 magna
2773 3679 3016 3751 pecuniae
3052 3680 3100 3731 vi
3140 3677 3304 3730 allata
3333 3689 3579 3730 summa-

1995 3797 2104 3854 que
2138 3781 2417 3852 diligentia
2448 3779 2693 3836 adbibita
2719 3817 2735 3844 ,
2778 3777 2965 3832 urbem
2998 3776 3178 3830 denuo
3200 3775 3536 3829 instaurasse
3559 3812 3575 3839 ,

1996 3884 2162 3944 atque
2196 3874 2250 3928 in
2281 3874 2443 3938 banc,
2464 3886 2588 3941 quae
2615 3869 2774 3927 hodie
2803 3868 3069 3931 cernitur,
3099 3866 3330 3920 formam
3380 3863 3578 3918 exaedi-

1995 3968 2211 4022 iicasse.
2236 3963 2396 4019 Nunc
2431 3963 2620 4032 itaque
2658 3959 2992 4015 Trallienses
3019 3958 3167 4012 cives
3200 3969 3305 4009 non
3341 3953 3574 4021 amplius

1997 4056 2209 4128 Pelasgi
2250 4056 2374 4126 jure
2414 4053 2597 4109 vocari
2642 4051 2895 4122 possint,
2938 4049 3034 4105 sed
3080 4047 3262 4118 potius
3302 4043 3574 4106 Romani,

1998 4148 2216 4203 tametsi
2247 4160 2427 4202 sermo
2457 4145 2674 4199 illorum
2700 4142 2752 4196 in
2773 4136 3332 4219 Graecanicuinloa
3361 4142 3413 4190 et
3438 4134 3577 4188 Atti-

1996 4254 2120 4295 cum
2161 4238 2233 4294 sit
2270 4245 2533 4291 mutatus.
2574 4233 2678 4300 Qui
2721 4232 2868 4287 enim
2900 4231 3055 4286 aliter
3104 4230 3221 4283 lieri
3275 4227 3573 4298 potuisset,

1996 4345 2121 4385 cum
2172 4332 2362 4385 lonum
2410 4328 2523 4382 sint
2570 4324 2821 4380 linitimi?
2858 4322 2982 4378 llaec
3020 4336 3149 4376 vero
3189 4322 3261 4377 ita
3310 4319 3574 4375 acridisse

1998 4431 2226 4479 testatur
2255 4420 2389 4476 satis
2409 4430 2464 4476 et
2488 4419 2662 4491 patria
2690 4417 2842 4473 urbis
2874 4416 3100 4472 historia
3125 4423 3179 4470 et
3201 4417 3534 4483 epigramma
3555 4449 3573 4476 ,

2000 4515 2145 4586 quod
2186 4528 2318 4586 ego,
2364 4528 2487 4568 cum
2526 4526 2593 4567 eo
2635 4510 2906 4566 venissem
2931 4547 2948 4574 ,
2992 4508 3117 4578 legi.
3160 4505 3297 4561 Nam
3349 4507 3404 4560 in
3444 4520 3577 4573 agro

1994 4607 2232 4679 quodam
2263 4605 2381 4659 urbi
2410 4603 2623 4667 vicino,
2654 4602 2708 4656 in
2745 4614 2856 4671 quo
2892 4611 3056 4655 natus
3093 4606 3211 4654 erat
3238 4597 3327 4652 hic
3358 4596 3578 4652 Chauc-

1994 4715 2120 4755 mon
2166 4699 2426 4770 (Sidirus
2466 4697 2582 4752 sive
2630 4693 2842 4750 ferreus
2881 4692 2931 4747 ei
2976 4707 3109 4763 agro
3150 4690 3434 4758 nomen),
3483 4704 3578 4743 ara

1993 4793 2174 4849 stabat
2222 4792 2613 4853 vetustissima,
2671 4788 2752 4855 in:
2777 4801 2886 4857 qua
2912 4786 3089 4849 olim,
3143 4785 3222 4839 uti
3261 4781 3576 4846 verisimile,

1993 4888 2365 4947 Cbmremonis
2395 4894 2578 4943 statua
2611 4894 2732 4941 erat
2766 4884 2964 4954 posita.
3012 4881 3168 4937 Nunc
3185 4880 3331 4937 enim
3362 4878 3579 4935 nibilin

1997 4992 2064 5036 ea
2093 4977 2410 5048 comparet;
2443 4975 3000 5035 uibilominustamen
3018 4972 3230 5045 elegion
3253 4971 3581 5033 etiamnunc

2004 5082 2115 5123 arae
2136 5067 2470 5139 insculptum
2504 5065 2771 5132 cernitur,
2792 5059 2948 5135 ,qttod
2984 5062 3057 5121 ita
3090 5058 3292 5117 habet:

1616 5335 1850 5394 νΑιιιιΕ
1888 5336 2292 5397 LECTIONES.

392 5512 608 5588 Ἀσία
636 5511 731 5588 νῦν
758 5509 1118 5588 Βηνῦνᾌ-σίᾳ
1145 5514 1291 5588 vulg.
1343 5516 1415 5588 A"
1450 5513 1820 5588 Paphlagones
1850 5517 1918 5588 It._
1937 5517 1975 5573 l.
2005 5517 2171 5574 habet
2212 5518 2402 5588 intpr.,
2441 5518 2536 5573 sed
2584 5516 2724 5572 infra
2749 5515 3019 5588 Pelasgos.
3060 5584 3071 5588 _
3093 5513 3142 5545 "
3177 5511 3375 5588 αὐτοῖς-
3397 5510 3479 5588 ετξ
3510 5511 3581 5569 Β.

390 5581 856 5671 ᾇξλάγέίὲἕῆλ
884 5581 951 5671 ξιτ
980 5581 1414 5671 ἀλλέιβαὶῖνυιε-
1449 5581 1855 5671 Returns:
1888 5586 1931 5641 Β
1953 5629 1989 5671 ι.
2015 5581 2429 5671 Raram?th
2453 5588 2630 5671 .Vil'g:
2659 5581 3073 5671 θεριιιίειείρειί
3124 5600 3314 5671 rerum
3344 5581 3585 5671 @993!!!-

312 5656 495 5711 tabris
530 5654 869 5729 innotuerat,
889 5669 952 5729 es
992 5655 1168 5729 verbis
1184 5654 1595 5729 epigrammatis
1622 5654 1933 5729 ἰεᾶνταδριν
1956 5654 2030 5722 ⁷ὲς
2054 5659 2159 5727 γᾶν
2191 5654 2346 5714 ﬁnxit
2366 5657 2469 5729 sibi
2498 5654 2868 5729 cantabimus.

2944 5655 2990 5687 ⁸⁸
3020 5653 3319 5716 ὑπατικοὺς
3345 5653 3583 5718 correxi,

309 5723 823 5801 intpr._cpmu{ares,
847 5724 1085 5801 (indicati;
1107 5723 1150 5779 Β
1178 5722 1229 5781 et
1256 5722 1399 5796 v'ulg.
1427 5726 1515 5779 ἐπὶ
1545 5727 1610 5782 τὰ
1635 5725 1701 5792 R,
1728 5728 1821 5783 scd
1850 5722 1925 5782 'in
1961 5722 2133 5801 marg.
2162 5730 2321 5785 ἑπτά.
2399 5728 2442 5761 ³ο
2482 5726 2818 5799 ἀναδομῆσαι
2853 5727 2893 5780 ll
2941 5734 2993 5780 et
3036 5722 3205 5799 Lugd.
3241 5723 3587 5794 ἀνοικοδομῆ-

312 5793 414 5851 σαι
439 5795 564 5852 edd.
639 5793 680 5826 "
724 5794 1005 5859 εύδικαίως
1037 5793 1101 5848 Β.
