  <div class='ocr_page' id='page_1' title='image "/cluster/home/n/w/nwhite01/storage/ocr_20150623/88/coo.31924054869924/702.png"; bbox 0 0 4030 6404; ppageno 0'>
   <div class='ocr_carea' id='block_1_1' title="bbox 331 387 476 453">
    <p class='ocr_par' dir='ltr' id='par_1_1' title="bbox 331 387 476 453">
     <span class='ocr_line' id='line_1_1' title="bbox 331 387 476 453; baseline 0.041 -6"><span class='ocrx_word' id='word_1_1' title='bbox 331 387 476 453; x_wconf 67' lang='grc'><strong>1269</strong></span> 
     </span>
    </p>
   </div>
   <div class='ocr_carea' id='block_1_2' title="bbox 1526 390 2447 454">
    <p class='ocr_par' dir='ltr' id='par_1_2' title="bbox 1526 390 2447 454">
     <span class='ocr_line' id='line_1_2' title="bbox 1526 390 2447 454; baseline 0 -2"><span class='ocrx_word' id='word_1_2' title='bbox 1526 390 2068 453; x_wconf 82' lang='lat' dir='ltr'><strong>HISTORIARUM</strong></span> <span class='ocrx_word' id='word_1_3' title='bbox 2106 390 2338 454; x_wconf 80' lang='lat' dir='ltr'><strong>LIBER</strong></span> <span class='ocrx_word' id='word_1_4' title='bbox 2365 391 2447 452; x_wconf 91' lang='grc' dir='ltr'><strong>Π.</strong></span> 
     </span>
    </p>
   </div>
   <div class='ocr_carea' id='block_1_3' title="bbox 3469 380 3602 447">
    <p class='ocr_par' dir='ltr' id='par_1_3' title="bbox 3469 380 3602 447">
     <span class='ocr_line' id='line_1_3' title="bbox 3469 380 3602 447; baseline 0.008 -2"><span class='ocrx_word' id='word_1_5' title='bbox 3469 380 3602 447; x_wconf 80' lang='lat'><strong>1370</strong></span> 
     </span>
    </p>
   </div>
   <div class='ocr_carea' id='block_1_4' title="bbox 325 494 1927 572">
    <p class='ocr_par' dir='ltr' id='par_1_4' title="bbox 325 499 1919 571">
     <span class='ocr_line' id='line_1_4' title="bbox 325 499 1919 571; baseline 0 -15"><span class='ocrx_word' id='word_1_6' title='bbox 325 501 454 556; x_wconf 86' lang='grc' dir='ltr'><strong>τότε</strong></span> <span class='ocrx_word' id='word_1_7' title='bbox 483 499 730 571; x_wconf 80' lang='grc' dir='ltr'><strong>βασιλέα,</strong></span> <span class='ocrx_word' id='word_1_8' title='bbox 778 500 875 553; x_wconf 72' lang='grc' dir='ltr'><strong>καὶ.</strong></span> <span class='ocrx_word' id='word_1_9' title='bbox 922 500 1068 555; x_wconf 75' lang='grc' dir='ltr'><strong>ἅπαν</strong></span> <span class='ocrx_word' id='word_1_10' title='bbox 1106 501 1168 556; x_wconf 76' lang='grc' dir='ltr'><strong>τὸ</strong></span> <span class='ocrx_word' id='word_1_11' title='bbox 1207 500 1380 564; x_wconf 83' lang='grc' dir='ltr'><strong>ἐθνος,</strong></span> <span class='ocrx_word' id='word_1_12' title='bbox 1429 501 1733 571; x_wconf 71' lang='grc' dir='ltr'><strong>κατηκόους</strong></span> <span class='ocrx_word' id='word_1_13' title='bbox 1759 502 1919 565; x_wconf 74' lang='grc' dir='ltr'><strong>ὄντας</strong></span> 
     </span>
    </p>
   </div>
   <div class='ocr_carea' id='block_1_5' title="bbox 2030 494 3605 572">
    <p class='ocr_par' dir='ltr' id='par_1_5' title="bbox 2030 494 3605 572">
     <span class='ocr_line' id='line_1_5' title="bbox 2030 494 3605 572; baseline -0.002 -16"><span class='ocrx_word' id='word_1_14' title='bbox 2030 503 2341 559; x_wconf 78' lang='lat' dir='ltr'><strong>universam</strong></span> <span class='ocrx_word' id='word_1_15' title='bbox 2371 510 2610 572; x_wconf 81' lang='lat' dir='ltr'><strong>gentem,</strong></span> <span class='ocrx_word' id='word_1_16' title='bbox 2645 499 2919 556; x_wconf 72' lang='lat' dir='ltr'><strong>subditam</strong></span> <span class='ocrx_word' id='word_1_17' title='bbox 2953 496 3058 553; x_wconf 82' lang='lat' dir='ltr'><strong>sibi</strong></span> <span class='ocrx_word' id='word_1_18' title='bbox 3103 503 3158 552; x_wconf 87' lang='lat' dir='ltr'><strong>et</strong></span> <span class='ocrx_word' id='word_1_19' title='bbox 3192 494 3510 551; x_wconf 85' lang='lat' dir='ltr'><strong>benevolam</strong></span> <span class='ocrx_word' id='word_1_20' title='bbox 3548 504 3605 553; x_wconf 86' lang='lat' dir='ltr'><strong>et</strong></span> 
     </span>
    </p>
   </div>
   <div class='ocr_carea' id='block_1_6' title="bbox 328 585 1916 660">
    <p class='ocr_par' dir='ltr' id='par_1_6' title="bbox 328 585 1916 660">
     <span class='ocr_line' id='line_1_6' title="bbox 328 585 1916 660; baseline 0 -17"><span class='ocrx_word' id='word_1_21' title='bbox 328 592 430 643; x_wconf 76' lang='grc' dir='ltr'><strong>καὶ</strong></span> <span class='ocrx_word' id='word_1_22' title='bbox 463 585 657 651; x_wconf 74' lang='grc' dir='ltr'><strong>εὔνους</strong></span> <span class='ocrx_word' id='word_1_23' title='bbox 680 587 775 641; x_wconf 73' lang='grc' dir='ltr'><strong>καὶ</strong></span> <span class='ocrx_word' id='word_1_24' title='bbox 796 586 866 640; x_wconf 78' lang='grc' dir='ltr'><strong>τὰ</strong></span> <span class='ocrx_word' id='word_1_25' title='bbox 893 588 951 651; x_wconf 81' lang='grc' dir='ltr'><strong>ἐς</strong></span> <span class='ocrx_word' id='word_1_26' title='bbox 983 587 1119 642; x_wconf 78' lang='grc' dir='ltr'><strong>Θεὸν</strong></span> <span class='ocrx_word' id='word_1_27' title='bbox 1160 589 1555 660; x_wconf 79' lang='grc' dir='ltr'><strong>ὁμογνώμονας</strong></span> <span class='ocrx_word' id='word_1_28' title='bbox 1578 588 1649 652; x_wconf 74' lang='grc'><strong>⁸⁸,</strong></span> <span class='ocrx_word' id='word_1_29' title='bbox 1683 590 1785 643; x_wconf 82' lang='grc' dir='ltr'><strong>οὐκ</strong></span> <span class='ocrx_word' id='word_1_30' title='bbox 1819 591 1916 643; x_wconf 84' lang='grc' dir='ltr'><strong>ἀν-</strong></span> 
     </span>
    </p>
   </div>
   <div class='ocr_carea' id='block_1_7' title="bbox 328 671 1917 747">
    <p class='ocr_par' dir='ltr' id='par_1_7' title="bbox 328 671 1917 747">
     <span class='ocr_line' id='line_1_7' title="bbox 328 671 1917 747; baseline 0.001 -17"><span class='ocrx_word' id='word_1_31' title='bbox 328 676 470 731; x_wconf 70' lang='grc' dir='ltr'><strong>εκτὰ</strong></span> <span class='ocrx_word' id='word_1_32' title='bbox 492 676 672 730; x_wconf 79' lang='grc' dir='ltr'><strong>ἐδόκει</strong></span> <span class='ocrx_word' id='word_1_33' title='bbox 703 676 825 730; x_wconf 79' lang='grc' dir='ltr'><strong>οὐδέ</strong></span> <span class='ocrx_word' id='word_1_34' title='bbox 847 678 1012 731; x_wconf 85' lang='grc' dir='ltr'><strong>ὅσιον.</strong></span> <span class='ocrx_word' id='word_1_35' title='bbox 1031 671 1251 730; x_wconf 68' lang='grc' dir='ltr'><strong>Μᾶλλον</strong></span> <span class='ocrx_word' id='word_1_36' title='bbox 1283 676 1385 747; x_wconf 73' lang='grc' dir='ltr'><strong>μὲν</strong></span> <span class='ocrx_word' id='word_1_37' title='bbox 1412 671 1507 731; x_wconf 84' lang='grc' dir='ltr'><strong>οὖν</strong></span> <span class='ocrx_word' id='word_1_38' title='bbox 1525 677 1621 731; x_wconf 74' lang='grc' dir='ltr'><strong>καὶ</strong></span> <span class='ocrx_word' id='word_1_39' title='bbox 1649 677 1917 747; x_wconf 74' lang='grc' dir='ltr'><strong>ἐπειρᾶτο</strong></span> 
     </span>
    </p>
   </div>
   <div class='ocr_carea' id='block_1_8' title="bbox 329 766 1913 841">
    <p class='ocr_par' dir='ltr' id='par_1_8' title="bbox 329 766 1913 841">
     <span class='ocr_line' id='line_1_8' title="bbox 329 766 1913 841; baseline 0.002 -19"><span class='ocrx_word' id='word_1_40' title='bbox 329 770 498 824; x_wconf 85' lang='grc' dir='ltr'><strong>παντὶ</strong></span> <span class='ocrx_word' id='word_1_41' title='bbox 527 767 705 822; x_wconf 85' lang='grc' dir='ltr'><strong>σθένει</strong></span> <span class='ocrx_word' id='word_1_42' title='bbox 734 766 1060 825; x_wconf 77' lang='grc' dir='ltr'><strong>ἀπώσασθαι</strong></span> <span class='ocrx_word' id='word_1_43' title='bbox 1090 768 1168 833; x_wconf 79' lang='grc' dir='ltr'><strong>ὡς</strong></span> <span class='ocrx_word' id='word_1_44' title='bbox 1189 767 1421 840; x_wconf 85' lang='grc' dir='ltr'><strong>τάχιστα</strong></span> <span class='ocrx_word' id='word_1_45' title='bbox 1442 770 1569 833; x_wconf 80' lang='grc' dir='ltr'><strong>τοὺς</strong></span> <span class='ocrx_word' id='word_1_46' title='bbox 1597 771 1913 841; x_wconf 82' lang='grc' dir='ltr'><strong>πολεμίους.</strong></span> 
     </span>
    </p>
   </div>
   <div class='ocr_carea' id='block_1_9' title="bbox 341 860 1913 936">
    <p class='ocr_par' dir='ltr' id='par_1_9' title="bbox 341 860 1913 936">
     <span class='ocr_line' id='line_1_9' title="bbox 341 860 1913 936; baseline 0.001 -20"><span class='ocrx_word' id='word_1_47' title='bbox 341 860 658 930; x_wconf 73' lang='grc' dir='ltr'><strong>Ἐλογίξετο</strong></span> <span class='ocrx_word' id='word_1_48' title='bbox 686 860 797 932; x_wconf 80' lang='grc' dir='ltr'><strong>γὰρ</strong></span> <span class='ocrx_word' id='word_1_49' title='bbox 825 860 922 915; x_wconf 74' lang='grc' dir='ltr'><strong>καὶ</strong></span> <span class='ocrx_word' id='word_1_50' title='bbox 957 860 1170 927; x_wconf 74' lang='grc' dir='ltr'><strong>ἐδεδίει,</strong></span> <span class='ocrx_word' id='word_1_51' title='bbox 1201 860 1278 925; x_wconf 83' lang='grc' dir='ltr'><strong>ὡς</strong></span> <span class='ocrx_word' id='word_1_52' title='bbox 1322 864 1374 915; x_wconf 81' lang='grc' dir='ltr'><strong>ει</strong></span> <span class='ocrx_word' id='word_1_53' title='bbox 1396 862 1476 933; x_wconf 83' lang='grc' dir='ltr'><strong>τῷ</strong></span> <span class='ocrx_word' id='word_1_54' title='bbox 1509 862 1736 934; x_wconf 78' lang='grc' dir='ltr'><strong>πολέμῳ</strong></span> <span class='ocrx_word' id='word_1_55' title='bbox 1772 879 1913 936; x_wconf 78' lang='grc' dir='ltr'><strong>κραο</strong></span> 
     </span>
    </p>
   </div>
   <div class='ocr_carea' id='block_1_10' title="bbox 327 952 1915 1026">
    <p class='ocr_par' dir='ltr' id='par_1_10' title="bbox 327 952 1915 1026">
     <span class='ocr_line' id='line_1_10' title="bbox 327 952 1915 1026; baseline -0.001 -17"><span class='ocrx_word' id='word_1_56' title='bbox 327 955 562 1026; x_wconf 76' lang='grc' dir='ltr'><strong>τήσαιεν</strong></span> <span class='ocrx_word' id='word_1_57' title='bbox 595 954 645 1006; x_wconf 80' lang='grc' dir='ltr'><strong>οἱ</strong></span> <span class='ocrx_word' id='word_1_58' title='bbox 678 952 906 1023; x_wconf 79' lang='grc' dir='ltr'><strong>Πέρσαι,</strong></span> <span class='ocrx_word' id='word_1_59' title='bbox 934 953 1028 1007; x_wconf 82' lang='grc' dir='ltr'><strong>καὶ</strong></span> <span class='ocrx_word' id='word_1_60' title='bbox 1055 954 1273 1024; x_wconf 75' lang='grc' dir='ltr'><strong>ἁπάσης</strong></span> <span class='ocrx_word' id='word_1_61' title='bbox 1306 953 1654 1008; x_wconf 76' lang='grc' dir='ltr'><strong>ἐπιλάϐοιντο</strong></span> <span class='ocrx_word' id='word_1_62' title='bbox 1683 955 1784 1025; x_wconf 81' lang='grc' dir='ltr'><strong>τῆς</strong></span> <span class='ocrx_word' id='word_1_63' title='bbox 1805 954 1915 1024; x_wconf 73' lang='lat' dir='ltr'><strong>xci)-</strong></span> 
     </span>
    </p>
   </div>
   <div class='ocr_carea' id='block_1_11' title="bbox 334 1043 1916 1117">
    <p class='ocr_par' dir='ltr' id='par_1_11' title="bbox 334 1043 1916 1117">
     <span class='ocr_line' id='line_1_11' title="bbox 334 1043 1916 1117; baseline 0 -18"><span class='ocrx_word' id='word_1_64' title='bbox 334 1063 461 1117; x_wconf 82' lang='grc' dir='ltr'><strong>ρας,</strong></span> <span class='ocrx_word' id='word_1_65' title='bbox 488 1045 643 1099; x_wconf 79' lang='grc' dir='ltr'><strong>οὐδὲν</strong></span> <span class='ocrx_word' id='word_1_66' title='bbox 682 1043 837 1097; x_wconf 75' lang='grc' dir='ltr'><strong>ἔσται</strong></span> <span class='ocrx_word' id='word_1_67' title='bbox 869 1045 934 1098; x_wconf 76' lang='grc' dir='ltr'><strong>τὸ</strong></span> <span class='ocrx_word' id='word_1_68' title='bbox 976 1044 1187 1099; x_wconf 78' lang='grc' dir='ltr'><strong>κωλύον</strong></span> <span class='ocrx_word' id='word_1_69' title='bbox 1226 1046 1426 1110; x_wconf 76' lang='grc' dir='ltr'><strong>αὐτοὺς</strong></span> <span class='ocrx_word' id='word_1_70' title='bbox 1455 1045 1562 1101; x_wconf 80' lang='grc' dir='ltr'><strong>ἀνὰ</strong></span> <span class='ocrx_word' id='word_1_71' title='bbox 1605 1046 1698 1099; x_wconf 82' lang='grc' dir='ltr'><strong>τὸν</strong></span> <span class='ocrx_word' id='word_1_72' title='bbox 1735 1046 1781 1078; x_wconf 72' lang='grc'>⁸³</span> <span class='ocrx_word' id='word_1_73' title='bbox 1812 1045 1916 1100; x_wconf 83' lang='grc' dir='ltr'><strong>Εὕ-</strong></span> 
     </span>
    </p>
   </div>
   <div class='ocr_carea' id='block_1_12' title="bbox 330 1136 1919 1209">
    <p class='ocr_par' dir='ltr' id='par_1_12' title="bbox 330 1136 1919 1209">
     <span class='ocr_line' id='line_1_12' title="bbox 330 1136 1919 1209; baseline 0 -18"><span class='ocrx_word' id='word_1_74' title='bbox 330 1137 510 1204; x_wconf 73' lang='grc' dir='ltr'><strong>ξεινον</strong></span> <span class='ocrx_word' id='word_1_75' title='bbox 562 1136 760 1190; x_wconf 82' lang='grc' dir='ltr'>πόντον</span> <span class='ocrx_word' id='word_1_76' title='bbox 802 1136 977 1201; x_wconf 82' lang='grc' dir='ltr'><strong>ἀδεῶς</strong></span> <span class='ocrx_word' id='word_1_77' title='bbox 1030 1137 1499 1209; x_wconf 73' lang='grc' dir='ltr'><strong>ναυτιλλομένους,</strong></span> <span class='ocrx_word' id='word_1_78' title='bbox 1547 1137 1618 1193; x_wconf 81' lang='grc' dir='ltr'><strong>τὰ</strong></span> <span class='ocrx_word' id='word_1_79' title='bbox 1660 1138 1919 1193; x_wconf 83' lang='grc' dir='ltr'><strong>ἐνδότατα</strong></span> 
     </span>
    </p>
   </div>
   <div class='ocr_carea' id='block_1_13' title="bbox 325 1227 1918 1301">
    <p class='ocr_par' dir='ltr' id='par_1_13' title="bbox 325 1227 1918 1301">
     <span class='ocr_line' id='line_1_13' title="bbox 325 1227 1918 1301; baseline 0.001 -20"><span class='ocrx_word' id='word_1_80' title='bbox 325 1228 437 1299; x_wconf 83' lang='grc' dir='ltr'><strong>τῆς</strong></span> <span class='ocrx_word' id='word_1_81' title='bbox 480 1227 771 1298; x_wconf 75' lang='grc' dir='ltr'><strong>Ῥωμαίων</strong></span> <span class='ocrx_word' id='word_1_82' title='bbox 815 1227 991 1298; x_wconf 80' lang='grc' dir='ltr'><strong>ἀρχῆς</strong></span> <span class='ocrx_word' id='word_1_83' title='bbox 1038 1227 1363 1298; x_wconf 83' lang='grc' dir='ltr'><strong>ἀνιχνεύειν.</strong></span> <span class='ocrx_word' id='word_1_84' title='bbox 1410 1230 1702 1301; x_wconf 83' lang='grc' dir='ltr'><strong>Τοιγάρτοι</strong></span> <span class='ocrx_word' id='word_1_85' title='bbox 1747 1228 1918 1300; x_wconf 79' lang='grc' dir='ltr'><strong>στρὰο</strong></span> 
     </span>
    </p>
   </div>
   <div class='ocr_carea' id='block_1_14' title="bbox 326 1319 1920 1392">
    <p class='ocr_par' dir='ltr' id='par_1_14' title="bbox 326 1319 1920 1392">
     <span class='ocr_line' id='line_1_14' title="bbox 326 1319 1920 1392; baseline 0.001 -19"><span class='ocrx_word' id='word_1_86' title='bbox 326 1320 514 1391; x_wconf 80' lang='grc' dir='ltr'><strong>τευμά</strong></span> <span class='ocrx_word' id='word_1_87' title='bbox 545 1336 609 1372; x_wconf 89' lang='grc' dir='ltr'><strong>τε</strong></span> <span class='ocrx_word' id='word_1_88' title='bbox 632 1319 893 1389; x_wconf 81' lang='grc' dir='ltr'><strong>μέγιστον</strong></span> <span class='ocrx_word' id='word_1_89' title='bbox 919 1320 1015 1373; x_wconf 76' lang='grc' dir='ltr'><strong>καὶ</strong></span> <span class='ocrx_word' id='word_1_90' title='bbox 1048 1319 1433 1392; x_wconf 71' lang='grc' dir='ltr'><strong>ἀλκιμώτατον</strong></span> <span class='ocrx_word' id='word_1_91' title='bbox 1452 1322 1502 1354; x_wconf 79' lang='grc' dir='ltr'><strong>⁸ο</strong></span> <span class='ocrx_word' id='word_1_92' title='bbox 1529 1321 1920 1376; x_wconf 64' lang='grc' dir='ltr'><strong>ἐπαῦθαρέτα-</strong></span> 
     </span>
    </p>
   </div>
   <div class='ocr_carea' id='block_1_15' title="bbox 329 1410 1919 1484">
    <p class='ocr_par' dir='ltr' id='par_1_15' title="bbox 329 1410 1919 1484">
     <span class='ocr_line' id='line_1_15' title="bbox 329 1410 1919 1484; baseline -0.001 -21"><span class='ocrx_word' id='word_1_93' title='bbox 329 1410 448 1476; x_wconf 79' lang='grc' dir='ltr'><strong>ξεν,</strong></span> <span class='ocrx_word' id='word_1_94' title='bbox 477 1410 573 1464; x_wconf 77' lang='grc' dir='ltr'><strong>καὶ</strong></span> <span class='ocrx_word' id='word_1_95' title='bbox 624 1411 966 1482; x_wconf 83' lang='grc' dir='ltr'><strong>στρατηγοὺς</strong></span> <span class='ocrx_word' id='word_1_96' title='bbox 990 1410 1293 1481; x_wconf 72' lang='grc' dir='ltr'><strong>ἐπέστησεν</strong></span> <span class='ocrx_word' id='word_1_97' title='bbox 1324 1413 1453 1472; x_wconf 78' lang='grc' dir='ltr'><strong>τοὺς</strong></span> <span class='ocrx_word' id='word_1_98' title='bbox 1475 1412 1751 1484; x_wconf 82' lang='grc' dir='ltr'><strong>ἀρίστους.</strong></span> <span class='ocrx_word' id='word_1_99' title='bbox 1780 1411 1919 1464; x_wconf 76' lang='grc' dir='ltr'><strong>Βέσο</strong></span> 
     </span>
    </p>
   </div>
   <div class='ocr_carea' id='block_1_16' title="bbox 329 1502 1919 1575">
    <p class='ocr_par' dir='ltr' id='par_1_16' title="bbox 329 1502 1919 1575">
     <span class='ocr_line' id='line_1_16' title="bbox 329 1502 1919 1575; baseline 0.001 -20"><span class='ocrx_word' id='word_1_100' title='bbox 329 1519 440 1567; x_wconf 88' lang='grc' dir='ltr'><strong>σας</strong></span> <span class='ocrx_word' id='word_1_101' title='bbox 467 1519 526 1555; x_wconf 87' lang='grc' dir='ltr'><strong>τε</strong></span> <span class='ocrx_word' id='word_1_102' title='bbox 557 1502 691 1569; x_wconf 82' lang='grc' dir='ltr'><strong>γὰρ,</strong></span> <span class='ocrx_word' id='word_1_103' title='bbox 741 1502 836 1556; x_wconf 83' lang='grc' dir='ltr'><strong>καὶ</strong></span> <span class='ocrx_word' id='word_1_104' title='bbox 872 1503 1168 1575; x_wconf 80' lang='grc' dir='ltr'><strong>Μαρτῖνος,</strong></span> <span class='ocrx_word' id='word_1_105' title='bbox 1206 1502 1301 1557; x_wconf 61' lang='grc' dir='ltr'><strong>καὶ⁸</strong></span> <span class='ocrx_word' id='word_1_106' title='bbox 1330 1502 1540 1575; x_wconf 81' lang='grc' dir='ltr'><strong>Βούζης</strong></span> <span class='ocrx_word' id='word_1_107' title='bbox 1585 1503 1794 1574; x_wconf 80' lang='grc' dir='ltr'><strong>ἡγεῖτο,</strong></span> <span class='ocrx_word' id='word_1_108' title='bbox 1820 1502 1919 1556; x_wconf 76' lang='grc' dir='ltr'><strong>ἄν-</strong></span> 
     </span>
    </p>
   </div>
   <div class='ocr_carea' id='block_1_17' title="bbox 327 1592 1920 1665">
    <p class='ocr_par' dir='ltr' id='par_1_17' title="bbox 327 1592 1920 1665">
     <span class='ocr_line' id='line_1_17' title="bbox 327 1592 1920 1665; baseline 0.001 -19"><span class='ocrx_word' id='word_1_109' title='bbox 327 1592 463 1665; x_wconf 77' lang='grc' dir='ltr'><strong>δρες</strong></span> <span class='ocrx_word' id='word_1_110' title='bbox 505 1595 564 1646; x_wconf 87' lang='grc' dir='ltr'><strong>ἐν</strong></span> <span class='ocrx_word' id='word_1_111' title='bbox 593 1595 709 1657; x_wconf 76' lang='grc' dir='ltr'><strong>τοῖς</strong></span> <span class='ocrx_word' id='word_1_112' title='bbox 741 1593 981 1663; x_wconf 84' lang='grc' dir='ltr'><strong>μάλιστα</strong></span> <span class='ocrx_word' id='word_1_113' title='bbox 1007 1595 1369 1664; x_wconf 76' lang='grc' dir='ltr'><strong>γεγενημένοι</strong></span> <span class='ocrx_word' id='word_1_114' title='bbox 1398 1599 1494 1649; x_wconf 80' lang='grc' dir='ltr'><strong>καὶ</strong></span> <span class='ocrx_word' id='word_1_115' title='bbox 1520 1594 1791 1664; x_wconf 78' lang='grc' dir='ltr'><strong>πολέμους</strong></span> <span class='ocrx_word' id='word_1_116' title='bbox 1821 1610 1920 1648; x_wconf 87' lang='grc' dir='ltr'><strong>συ-</strong></span> 
     </span>
    </p>
   </div>
   <div class='ocr_carea' id='block_1_18' title="bbox 325 1684 1922 1757">
    <p class='ocr_par' dir='ltr' id='par_1_18' title="bbox 325 1684 1922 1757">
     <span class='ocr_line' id='line_1_18' title="bbox 325 1684 1922 1757; baseline 0 -18"><span class='ocrx_word' id='word_1_117' title='bbox 325 1686 498 1755; x_wconf 78' lang='grc' dir='ltr'><strong>χνοὺς</strong></span> <span class='ocrx_word' id='word_1_118' title='bbox 542 1684 967 1757; x_wconf 77' lang='grc' dir='ltr'><strong>ἀγωνισάμενοι.</strong></span> <span class='ocrx_word' id='word_1_119' title='bbox 1014 1687 1283 1741; x_wconf 85' lang='grc' dir='ltr'><strong>Ἐσταλτο</strong></span> <span class='ocrx_word' id='word_1_120' title='bbox 1329 1687 1386 1741; x_wconf 75' lang='grc' dir='ltr'><strong>δὲ</strong></span> <span class='ocrx_word' id='word_1_121' title='bbox 1425 1688 1522 1741; x_wconf 80' lang='grc' dir='ltr'><strong>καὶ</strong></span> <span class='ocrx_word' id='word_1_122' title='bbox 1550 1687 1597 1721; x_wconf 78' lang='grc'>⁸⁸</span> <span class='ocrx_word' id='word_1_123' title='bbox 1637 1687 1922 1748; x_wconf 79' lang='grc' dir='ltr'><strong>’1ουστῖνος</strong></span> 
     </span>
    </p>
   </div>
   <div class='ocr_carea' id='block_1_19' title="bbox 325 1773 1920 1851">
    <p class='ocr_par' dir='ltr' id='par_1_19' title="bbox 325 1773 1920 1851">
     <span class='ocr_line' id='line_1_19' title="bbox 325 1773 1920 1851; baseline 0.002 -24"><span class='ocrx_word' id='word_1_124' title='bbox 325 1774 364 1828; x_wconf 75' lang='grc'>6</span> <span class='ocrx_word' id='word_1_125' title='bbox 392 1773 697 1844; x_wconf 84' lang='grc' dir='ltr'><strong>Γερμανοῦ,</strong></span> <span class='ocrx_word' id='word_1_126' title='bbox 740 1776 949 1841; x_wconf 77' lang='grc' dir='ltr'><strong>νεάζων</strong></span> <span class='ocrx_word' id='word_1_127' title='bbox 996 1778 1097 1849; x_wconf 71' lang='grc' dir='ltr'><strong>μὲν</strong></span> <span class='ocrx_word' id='word_1_128' title='bbox 1141 1777 1224 1833; x_wconf 74' lang='grc' dir='ltr'><strong>ἔτι</strong></span> <span class='ocrx_word' id='word_1_129' title='bbox 1256 1778 1478 1851; x_wconf 69' lang='grc' dir='ltr'><strong>κομιδή,</strong></span> <span class='ocrx_word' id='word_1_130' title='bbox 1511 1779 1579 1834; x_wconf 71' lang='grc' dir='ltr'><strong>τὰ</strong></span> <span class='ocrx_word' id='word_1_131' title='bbox 1601 1777 1660 1833; x_wconf 83' lang='grc' dir='ltr'><strong>δὲ</strong></span> <span class='ocrx_word' id='word_1_132' title='bbox 1684 1776 1920 1849; x_wconf 83' lang='grc' dir='ltr'><strong>πολέμια</strong></span> 
     </span>
    </p>
   </div>
   <div class='ocr_carea' id='block_1_20' title="bbox 327 1869 925 1942">
    <p class='ocr_par' dir='ltr' id='par_1_20' title="bbox 327 1869 925 1942">
     <span class='ocr_line' id='line_1_20' title="bbox 327 1869 925 1942; baseline 0.012 -21"><span class='ocrx_word' id='word_1_133' title='bbox 327 1870 443 1942; x_wconf 64' lang='grc' dir='ltr'><strong>ήδη</strong></span> <span class='ocrx_word' id='word_1_134' title='bbox 468 1869 925 1941; x_wconf 77' lang='grc' dir='ltr'><strong>πεπαιδευμένος.</strong></span> 
     </span>
    </p>
   </div>
   <div class='ocr_carea' id='block_1_21' title="bbox 418 1953 1916 2041">
    <p class='ocr_par' dir='ltr' id='par_1_21' title="bbox 418 1953 1916 2041">
     <span class='ocr_line' id='line_1_21' title="bbox 418 1953 1916 2041; baseline 0.007 -25"><span class='ocrx_word' id='word_1_135' title='bbox 418 1962 506 2018; x_wconf 78' lang='grc' dir='ltr'><strong>ιϐ’.</strong></span> <span class='ocrx_word' id='word_1_136' title='bbox 539 1963 869 2035; x_wconf 75' lang='grc' dir='ltr'><strong>Μερμερὸης</strong></span> <span class='ocrx_word' id='word_1_137' title='bbox 931 1964 989 2018; x_wconf 77' lang='grc' dir='ltr'><strong>δὲ</strong></span> <span class='ocrx_word' id='word_1_138' title='bbox 1032 1966 1060 2019; x_wconf 83' lang='grc' dir='ltr'><strong>ὁ</strong></span> <span class='ocrx_word' id='word_1_139' title='bbox 1119 1965 1231 2019; x_wconf 82' lang='grc' dir='ltr'><strong>τῶν</strong></span> <span class='ocrx_word' id='word_1_140' title='bbox 1296 1953 1525 2039; x_wconf 70' lang='grc' dir='ltr'><strong>Περῖὦν</strong></span> <span class='ocrx_word' id='word_1_141' title='bbox 1593 1969 1916 2041; x_wconf 77' lang='grc' dir='ltr'><strong>στρατηγὸς,</strong></span> 
     </span>
    </p>
   </div>
   <div class='ocr_carea' id='block_1_22' title="bbox 340 2056 1923 2135">
    <p class='ocr_par' dir='ltr' id='par_1_22' title="bbox 340 2056 1923 2135">
     <span class='ocr_line' id='line_1_22' title="bbox 340 2056 1923 2135; baseline 0.005 -26"><span class='ocrx_word' id='word_1_142' title='bbox 340 2056 537 2126; x_wconf 66' lang='grc' dir='ltr'><strong>ἐπειδὴ</strong></span> <span class='ocrx_word' id='word_1_143' title='bbox 583 2057 848 2129; x_wconf 84' lang='grc' dir='ltr'><strong>πρότερον</strong></span> <span class='ocrx_word' id='word_1_144' title='bbox 889 2057 1274 2129; x_wconf 84' lang='grc' dir='ltr'><strong>Ἀρχαιοπόλει</strong></span> <span class='ocrx_word' id='word_1_145' title='bbox 1303 2061 1350 2092; x_wconf 83' lang='grc'><strong>⁸¹</strong></span> <span class='ocrx_word' id='word_1_146' title='bbox 1383 2078 1443 2114; x_wconf 88' lang='grc' dir='ltr'><strong>τε</strong></span> <span class='ocrx_word' id='word_1_147' title='bbox 1473 2061 1555 2124; x_wconf 75' lang='grc' dir='ltr'><strong>δὶς</strong></span> <span class='ocrx_word' id='word_1_148' title='bbox 1593 2062 1923 2135; x_wconf 80' lang='grc' dir='ltr'><strong>προσϐαλὼν</strong></span> 
     </span>
    </p>
   </div>
   <div class='ocr_carea' id='block_1_23' title="bbox 344 2144 1923 2227">
    <p class='ocr_par' dir='ltr' id='par_1_23' title="bbox 344 2144 1923 2227">
     <span class='ocr_line' id='line_1_23' title="bbox 344 2144 1923 2227; baseline 0.007 -28"><span class='ocrx_word' id='word_1_149' title='bbox 344 2147 775 2216; x_wconf 80' lang='grc' dir='ltr'><strong>ἁπεκέκρουστο,</strong></span> <span class='ocrx_word' id='word_1_150' title='bbox 818 2149 933 2203; x_wconf 64' lang='grc' dir='ltr'><strong>καὶ»</strong></span> <span class='ocrx_word' id='word_1_151' title='bbox 981 2149 1117 2202; x_wconf 78' lang='grc' dir='ltr'><strong>ἄλλα</strong></span> <span class='ocrx_word' id='word_1_152' title='bbox 1168 2150 1306 2204; x_wconf 76' lang='grc' dir='ltr'><strong>ἄττα</strong></span> <span class='ocrx_word' id='word_1_153' title='bbox 1368 2144 1695 2224; x_wconf 73' lang='grc' dir='ltr'><strong>ἐπεπράχει,</strong></span> <span class='ocrx_word' id='word_1_154' title='bbox 1775 2154 1813 2210; x_wconf 79' lang='grc' dir='ltr'><strong>ἃ,</strong></span> <span class='ocrx_word' id='word_1_155' title='bbox 1857 2154 1923 2227; x_wconf 75' lang='grc' dir='ltr'><strong>δὴ</strong></span> 
     </span>
    </p>
   </div>
   <div class='ocr_carea' id='block_1_24' title="bbox 341 2237 1923 2319">
    <p class='ocr_par' dir='ltr' id='par_1_24' title="bbox 341 2237 1923 2319">
     <span class='ocr_line' id='line_1_24' title="bbox 341 2237 1923 2319; baseline 0.006 -29"><span class='ocrx_word' id='word_1_156' title='bbox 341 2237 527 2306; x_wconf 68' lang='grc' dir='ltr'><strong>ἔγωγε</strong></span> <span class='ocrx_word' id='word_1_157' title='bbox 558 2239 604 2271; x_wconf 86' lang='grc'><strong><em>⁵³</em></strong></span> <span class='ocrx_word' id='word_1_158' title='bbox 634 2241 874 2313; x_wconf 86' lang='grc' dir='ltr'><strong>παρίημι</strong></span> <span class='ocrx_word' id='word_1_159' title='bbox 908 2240 1296 2312; x_wconf 83' lang='grc' dir='ltr'><strong>(ἀποχρώντως</strong></span> <span class='ocrx_word' id='word_1_160' title='bbox 1350 2241 1461 2315; x_wconf 86' lang='grc' dir='ltr'><strong>γάρ</strong></span> <span class='ocrx_word' id='word_1_161' title='bbox 1493 2262 1596 2299; x_wconf 88' lang='grc' dir='ltr'><strong>που</strong></span> <span class='ocrx_word' id='word_1_162' title='bbox 1628 2247 1923 2319; x_wconf 81' lang='grc' dir='ltr'><strong>Προκοπίῳ</strong></span> 
     </span>
    </p>
   </div>
   <div class='ocr_carea' id='block_1_25' title="bbox 336 2327 1923 2412">
    <p class='ocr_par' dir='ltr' id='par_1_25' title="bbox 336 2327 1923 2412">
     <span class='ocr_line' id='line_1_25' title="bbox 336 2327 1923 2412; baseline 0.008 -31"><span class='ocrx_word' id='word_1_163' title='bbox 336 2327 429 2398; x_wconf 81' lang='grc' dir='ltr'><strong>τῷ</strong></span> <span class='ocrx_word' id='word_1_164' title='bbox 473 2330 662 2401; x_wconf 77' lang='grc' dir='ltr'><strong>ῥήτορι</strong></span> <span class='ocrx_word' id='word_1_165' title='bbox 693 2330 761 2385; x_wconf 79' lang='grc' dir='ltr'><strong>τὰ</strong></span> <span class='ocrx_word' id='word_1_166' title='bbox 812 2331 977 2403; x_wconf 84' lang='grc' dir='ltr'><strong>μέχρι</strong></span> <span class='ocrx_word' id='word_1_167' title='bbox 1001 2332 1170 2386; x_wconf 83' lang='grc' dir='ltr'><strong>τῶνδε</strong></span> <span class='ocrx_word' id='word_1_168' title='bbox 1205 2333 1664 2406; x_wconf 78' lang='grc' dir='ltr'><strong>ἀναγέγραπται),</strong></span> <span class='ocrx_word' id='word_1_169' title='bbox 1696 2338 1817 2393; x_wconf 82' lang='grc' dir='ltr'><strong>τότε</strong></span> <span class='ocrx_word' id='word_1_170' title='bbox 1857 2339 1923 2412; x_wconf 75' lang='grc' dir='ltr'><strong>δὴ</strong></span> 
     </span>
    </p>
   </div>
   <div class='ocr_carea' id='block_1_26' title="bbox 331 2415 1927 2503">
    <p class='ocr_par' dir='ltr' id='par_1_26' title="bbox 331 2415 1927 2503">
     <span class='ocr_line' id='line_1_26' title="bbox 331 2415 1927 2503; baseline 0.006 -29"><span class='ocrx_word' id='word_1_171' title='bbox 331 2415 503 2483; x_wconf 79' lang='grc' dir='ltr'><strong>αὖθις</strong></span> <span class='ocrx_word' id='word_1_172' title='bbox 541 2421 774 2490; x_wconf 77' lang='grc' dir='ltr'><strong>(ἐνθένδε</strong></span> <span class='ocrx_word' id='word_1_173' title='bbox 800 2423 915 2496; x_wconf 80' lang='grc' dir='ltr'><strong>γάρ</strong></span> <span class='ocrx_word' id='word_1_174' title='bbox 956 2440 1045 2495; x_wconf 91' lang='grc' dir='ltr'><strong>μοι</strong></span> <span class='ocrx_word' id='word_1_175' title='bbox 1084 2425 1372 2499; x_wconf 85' lang='grc' dir='ltr'><strong>ἀρχομένῳ</strong></span> <span class='ocrx_word' id='word_1_176' title='bbox 1402 2428 1472 2481; x_wconf 82' lang='grc' dir='ltr'><strong>τὰ</strong></span> <span class='ocrx_word' id='word_1_177' title='bbox 1502 2428 1700 2500; x_wconf 80' lang='grc' dir='ltr'><strong>ἐφεξῆς</strong></span> <span class='ocrx_word' id='word_1_178' title='bbox 1751 2431 1927 2503; x_wconf 81' lang='grc' dir='ltr'><strong>ἁρμο-</strong></span> 
     </span>
    </p>
   </div>
   <div class='ocr_carea' id='block_1_27' title="bbox 340 2510 1928 2590">
    <p class='ocr_par' dir='ltr' id='par_1_27' title="bbox 340 2510 1928 2590">
     <span class='ocr_line' id='line_1_27' title="bbox 340 2510 1928 2590; baseline 0.008 -27"><span class='ocrx_word' id='word_1_179' title='bbox 340 2510 551 2579; x_wconf 81' lang='grc' dir='ltr'><strong>στέον),</strong></span> <span class='ocrx_word' id='word_1_180' title='bbox 601 2511 803 2580; x_wconf 74' lang='grc' dir='ltr'><strong>ἀφῖκτο</strong></span> <span class='ocrx_word' id='word_1_181' title='bbox 831 2514 952 2590; x_wconf 34' lang='grc' dir='ltr'><strong>,μὲν</strong></span> <span class='ocrx_word' id='word_1_182' title='bbox 998 2517 1057 2577; x_wconf 80' lang='grc' dir='ltr'><strong>ἐς</strong></span> <span class='ocrx_word' id='word_1_183' title='bbox 1086 2517 1446 2589; x_wconf 82' lang='grc' dir='ltr'><strong>Μουχείρισίν</strong></span> <span class='ocrx_word' id='word_1_184' title='bbox 1478 2534 1541 2571; x_wconf 78' lang='grc' dir='ltr'><strong>τε</strong></span> <span class='ocrx_word' id='word_1_185' title='bbox 1570 2520 1666 2573; x_wconf 73' lang='grc' dir='ltr'><strong>καὶ</strong></span> <span class='ocrx_word' id='word_1_186' title='bbox 1727 2521 1928 2576; x_wconf 82' lang='grc' dir='ltr'><strong>Κοτὰῖ-</strong></span> 
     </span>
    </p>
   </div>
   <div class='ocr_carea' id='block_1_28' title="bbox 2016 586 3606 665">
    <p class='ocr_par' dir='ltr' id='par_1_28' title="bbox 2016 586 3606 665">
     <span class='ocr_line' id='line_1_28' title="bbox 2016 586 3606 665; baseline -0.006 -15"><span class='ocrx_word' id='word_1_187' title='bbox 2016 595 2329 650; x_wconf 86' lang='lat' dir='ltr'><strong>communis</strong></span> <span class='ocrx_word' id='word_1_188' title='bbox 2353 593 2636 665; x_wconf 74' lang='lat' dir='ltr'><strong>religionis</strong></span> <span class='ocrx_word' id='word_1_189' title='bbox 2668 592 2958 662; x_wconf 85' lang='lat' dir='ltr'><strong>cultusque</strong></span> <span class='ocrx_word' id='word_1_190' title='bbox 2984 587 3154 644; x_wconf 81' lang='lat' dir='ltr'><strong>divini</strong></span> <span class='ocrx_word' id='word_1_191' title='bbox 3190 602 3331 642; x_wconf 83' lang='lat' dir='ltr'><strong>nexu</strong></span> <span class='ocrx_word' id='word_1_192' title='bbox 3375 586 3606 657; x_wconf 79' lang='lat' dir='ltr'><strong>conjun-</strong></span> 
     </span>
    </p>
   </div>
   <div class='ocr_carea' id='block_1_29' title="bbox 2016 679 3604 755">
    <p class='ocr_par' dir='ltr' id='par_1_29' title="bbox 2016 679 3604 755">
     <span class='ocr_line' id='line_1_29' title="bbox 2016 679 3604 755; baseline -0.005 -13"><span class='ocrx_word' id='word_1_193' title='bbox 2016 695 2184 751; x_wconf 83' lang='lat' dir='ltr'><strong>ctam,</strong></span> <span class='ocrx_word' id='word_1_194' title='bbox 2224 686 2480 741; x_wconf 73' lang='lat' dir='ltr'><strong>deserere</strong></span> <span class='ocrx_word' id='word_1_195' title='bbox 2526 698 2629 739; x_wconf 91' lang='lat' dir='ltr'><strong>nec</strong></span> <span class='ocrx_word' id='word_1_196' title='bbox 2675 699 2890 755; x_wconf 72' lang='lat' dir='ltr'><strong>aequum</strong></span> <span class='ocrx_word' id='word_1_197' title='bbox 2919 696 3021 737; x_wconf 91' lang='lat' dir='ltr'><strong>nec</strong></span> <span class='ocrx_word' id='word_1_198' title='bbox 3065 681 3275 750; x_wconf 85' lang='lat' dir='ltr'><strong>justum</strong></span> <span class='ocrx_word' id='word_1_199' title='bbox 3314 679 3604 745; x_wconf 79' lang='lat' dir='ltr'><strong>censebat:</strong></span> 
     </span>
    </p>
   </div>
   <div class='ocr_carea' id='block_1_30' title="bbox 2016 770 3607 848">
    <p class='ocr_par' dir='ltr' id='par_1_30' title="bbox 2016 770 3607 848">
     <span class='ocr_line' id='line_1_30' title="bbox 2016 770 3607 848; baseline -0.003 -16"><span class='ocrx_word' id='word_1_200' title='bbox 2016 780 2150 848; x_wconf 87' lang='lat' dir='ltr'><strong>quin</strong></span> <span class='ocrx_word' id='word_1_201' title='bbox 2183 778 2368 848; x_wconf 81' lang='lat' dir='ltr'><strong>potius</strong></span> <span class='ocrx_word' id='word_1_202' title='bbox 2395 776 2656 831; x_wconf 87' lang='lat' dir='ltr'><strong>omnibus</strong></span> <span class='ocrx_word' id='word_1_203' title='bbox 2689 776 2902 830; x_wconf 89' lang='lat' dir='ltr'><strong>viribus</strong></span> <span class='ocrx_word' id='word_1_204' title='bbox 2932 774 3119 830; x_wconf 78' lang='lat' dir='ltr'><strong>hostes</strong></span> <span class='ocrx_word' id='word_1_205' title='bbox 3151 786 3316 843; x_wconf 87' lang='lat' dir='ltr'><strong>quam</strong></span> <span class='ocrx_word' id='word_1_206' title='bbox 3342 770 3607 828; x_wconf 76' lang='lat' dir='ltr'><strong>citissime</strong></span> 
     </span>
    </p>
   </div>
   <div class='ocr_carea' id='block_1_31' title="bbox 2019 863 3608 939">
    <p class='ocr_par' dir='ltr' id='par_1_31' title="bbox 2019 863 3608 939">
     <span class='ocr_line' id='line_1_31' title="bbox 2019 863 3608 939; baseline -0.006 -15"><span class='ocrx_word' id='word_1_207' title='bbox 2019 869 2307 939; x_wconf 75' lang='lat' dir='ltr'><strong>proﬂigare</strong></span> <span class='ocrx_word' id='word_1_208' title='bbox 2343 869 2603 923; x_wconf 70' lang='lat' dir='ltr'><strong>tentaliat.</strong></span> <span class='ocrx_word' id='word_1_209' title='bbox 2632 866 2940 938; x_wconf 78' lang='lat' dir='ltr'><strong>Reput&#39;abat</strong></span> <span class='ocrx_word' id='word_1_210' title='bbox 2969 866 3113 920; x_wconf 91' lang='lat' dir='ltr'><strong>enim</strong></span> <span class='ocrx_word' id='word_1_211' title='bbox 3144 878 3269 920; x_wconf 92' lang='lat' dir='ltr'><strong>cum</strong></span> <span class='ocrx_word' id='word_1_212' title='bbox 3295 863 3479 919; x_wconf 89' lang='lat' dir='ltr'><strong>animo</strong></span> <span class='ocrx_word' id='word_1_213' title='bbox 3506 877 3608 918; x_wconf 88' lang='lat' dir='ltr'><strong>suo</strong></span> 
     </span>
    </p>
   </div>
   <div class='ocr_carea' id='block_1_32' title="bbox 2016 954 3604 1025">
    <p class='ocr_par' dir='ltr' id='par_1_32' title="bbox 2016 954 3604 1025">
     <span class='ocr_line' id='line_1_32' title="bbox 2016 954 3604 1025; baseline -0.004 -8"><span class='ocrx_word' id='word_1_214' title='bbox 2016 972 2072 1017; x_wconf 87' lang='lat' dir='ltr'><strong>et</strong></span> <span class='ocrx_word' id='word_1_215' title='bbox 2092 964 2402 1025; x_wconf 71' lang='lat' dir='ltr'><strong>verebatur,</strong></span> <span class='ocrx_word' id='word_1_216' title='bbox 2433 975 2500 1014; x_wconf 91' lang='lat' dir='ltr'><strong>ne</strong></span> <span class='ocrx_word' id='word_1_217' title='bbox 2527 960 2573 1014; x_wconf 90' lang='lat' dir='ltr'><strong>si</strong></span> <span class='ocrx_word' id='word_1_218' title='bbox 2599 959 2782 1015; x_wconf 73' lang='lat' dir='ltr'><strong>Persa:</strong></span> <span class='ocrx_word' id='word_1_219' title='bbox 2814 958 2957 1013; x_wconf 86' lang='lat' dir='ltr'><strong>bello</strong></span> <span class='ocrx_word' id='word_1_220' title='bbox 2997 957 3301 1019; x_wconf 88' lang='lat' dir='ltr'><strong>vincerent,</strong></span> <span class='ocrx_word' id='word_1_221' title='bbox 3351 954 3490 1011; x_wconf 81' lang='lat' dir='ltr'><strong>nihil</strong></span> <span class='ocrx_word' id='word_1_222' title='bbox 3516 954 3604 1010; x_wconf 85' lang='lat' dir='ltr'><strong>eis</strong></span> 
     </span>
    </p>
   </div>
   <div class='ocr_carea' id='block_1_33' title="bbox 2018 1044 3604 1122">
    <p class='ocr_par' dir='ltr' id='par_1_33' title="bbox 2018 1044 3604 1122">
     <span class='ocr_line' id='line_1_33' title="bbox 2018 1044 3604 1122; baseline -0.005 -14"><span class='ocrx_word' id='word_1_223' title='bbox 2018 1051 2412 1122; x_wconf 90' lang='lat' dir='ltr'><strong>impedimento</strong></span> <span class='ocrx_word' id='word_1_224' title='bbox 2442 1050 2690 1105; x_wconf 73' lang='lat' dir='ltr'><strong>futurum</strong></span> <span class='ocrx_word' id='word_1_225' title='bbox 2726 1059 2899 1115; x_wconf 89' lang='lat' dir='ltr'><strong>esset,</strong></span> <span class='ocrx_word' id='word_1_226' title='bbox 2935 1048 3236 1118; x_wconf 81' lang='lat' dir='ltr'><strong>quominus</strong></span> <span class='ocrx_word' id='word_1_227' title='bbox 3275 1061 3374 1118; x_wconf 89' lang='lat' dir='ltr'><strong>per</strong></span> <span class='ocrx_word' id='word_1_228' title='bbox 3431 1044 3604 1101; x_wconf 78' lang='lat' dir='ltr'><strong>Euxi-</strong></span> 
     </span>
    </p>
   </div>
   <div class='ocr_carea' id='block_1_34' title="bbox 2018 1138 3606 1212">
    <p class='ocr_par' dir='ltr' id='par_1_34' title="bbox 2018 1138 3606 1212">
     <span class='ocr_line' id='line_1_34' title="bbox 2018 1138 3606 1212; baseline -0.004 -12"><span class='ocrx_word' id='word_1_229' title='bbox 2018 1158 2149 1200; x_wconf 87' lang='lat' dir='ltr'><strong>num</strong></span> <span class='ocrx_word' id='word_1_230' title='bbox 2192 1152 2422 1212; x_wconf 87' lang='lat' dir='ltr'><strong>pontum</strong></span> <span class='ocrx_word' id='word_1_231' title='bbox 2471 1142 2609 1198; x_wconf 87' lang='lat' dir='ltr'><strong>citra</strong></span> <span class='ocrx_word' id='word_1_232' title='bbox 2637 1142 2809 1197; x_wconf 89' lang='lat' dir='ltr'><strong>ullum</strong></span> <span class='ocrx_word' id='word_1_233' title='bbox 2856 1150 3060 1195; x_wconf 90' lang='lat' dir='ltr'><strong>metum</strong></span> <span class='ocrx_word' id='word_1_234' title='bbox 3095 1139 3418 1209; x_wconf 77' lang='lat' dir='ltr'><strong>navigantes</strong></span> <span class='ocrx_word' id='word_1_235' title='bbox 3465 1138 3606 1193; x_wconf 83' lang='lat' dir='ltr'><strong>inte-</strong></span> 
     </span>
    </p>
   </div>
   <div class='ocr_carea' id='block_1_35' title="bbox 2018 1228 3605 1304">
    <p class='ocr_par' dir='ltr' id='par_1_35' title="bbox 2018 1228 3605 1304">
     <span class='ocr_line' id='line_1_35' title="bbox 2018 1228 3605 1304; baseline -0.005 -12"><span class='ocrx_word' id='word_1_236' title='bbox 2018 1238 2164 1292; x_wconf 84' lang='lat' dir='ltr'><strong>riora</strong></span> <span class='ocrx_word' id='word_1_237' title='bbox 2217 1234 2449 1289; x_wconf 79' lang='lat' dir='ltr'><strong>Romani</strong></span> <span class='ocrx_word' id='word_1_238' title='bbox 2496 1233 2709 1304; x_wconf 88' lang='lat' dir='ltr'><strong>imperii</strong></span> <span class='ocrx_word' id='word_1_239' title='bbox 2757 1233 2878 1286; x_wconf 88' lang='lat' dir='ltr'><strong>loca</strong></span> <span class='ocrx_word' id='word_1_240' title='bbox 2919 1231 3296 1301; x_wconf 86' lang='lat' dir='ltr'><strong>pervaderent.</strong></span> <span class='ocrx_word' id='word_1_241' title='bbox 3335 1228 3605 1297; x_wconf 79' lang='lat' dir='ltr'><strong>Quocirca</strong></span> 
     </span>
    </p>
   </div>
   <div class='ocr_carea' id='block_1_36' title="bbox 2020 1321 3604 1394">
    <p class='ocr_par' dir='ltr' id='par_1_36' title="bbox 2020 1321 3604 1394">
     <span class='ocr_line' id='line_1_36' title="bbox 2020 1321 3604 1394; baseline -0.006 -12"><span class='ocrx_word' id='word_1_242' title='bbox 2020 1328 2322 1383; x_wconf 81' lang='lat' dir='ltr'><strong>maximum</strong></span> <span class='ocrx_word' id='word_1_243' title='bbox 2354 1326 2861 1394; x_wconf 86' lang='lat' dir='ltr'><strong>validissimnmque</strong></span> <span class='ocrx_word' id='word_1_244' title='bbox 2904 1323 3205 1377; x_wconf 81' lang='lat' dir='ltr'><strong>exercitum</strong></span> <span class='ocrx_word' id='word_1_245' title='bbox 3260 1321 3334 1376; x_wconf 89' lang='lat' dir='ltr'><strong>ibi</strong></span> <span class='ocrx_word' id='word_1_246' title='bbox 3381 1321 3604 1387; x_wconf 83' lang='lat' dir='ltr'><strong>locavit,</strong></span> 
     </span>
    </p>
   </div>
   <div class='ocr_carea' id='block_1_37' title="bbox 2019 1410 3605 1489">
    <p class='ocr_par' dir='ltr' id='par_1_37' title="bbox 2019 1410 3605 1489">
     <span class='ocr_line' id='line_1_37' title="bbox 2019 1410 3605 1489; baseline -0.007 -14"><span class='ocrx_word' id='word_1_247' title='bbox 2019 1419 2617 1489; x_wconf 69' lang='lat' dir='ltr'><strong>praestantissimosque</strong></span> <span class='ocrx_word' id='word_1_248' title='bbox 2641 1416 2808 1471; x_wconf 89' lang='lat' dir='ltr'><strong>duces</strong></span> <span class='ocrx_word' id='word_1_249' title='bbox 2842 1414 2890 1469; x_wconf 88' lang='lat' dir='ltr'><strong>ci</strong></span> <span class='ocrx_word' id='word_1_250' title='bbox 2930 1411 3196 1483; x_wconf 68' lang='lat' dir='ltr'><strong>praefecit.</strong></span> <span class='ocrx_word' id='word_1_251' title='bbox 3230 1410 3426 1467; x_wconf 86' lang='lat' dir='ltr'><strong>Bessas</strong></span> <span class='ocrx_word' id='word_1_252' title='bbox 3457 1412 3605 1466; x_wconf 85' lang='lat' dir='ltr'><strong>enim</strong></span> 
     </span>
    </p>
   </div>
   <div class='ocr_carea' id='block_1_38' title="bbox 2020 1503 3608 1578">
    <p class='ocr_par' dir='ltr' id='par_1_38' title="bbox 2020 1503 3608 1578">
     <span class='ocr_line' id='line_1_38' title="bbox 2020 1503 3608 1578; baseline -0.006 -11"><span class='ocrx_word' id='word_1_253' title='bbox 2020 1519 2076 1567; x_wconf 86' lang='lat' dir='ltr'><strong>et</strong></span> <span class='ocrx_word' id='word_1_254' title='bbox 2107 1509 2377 1564; x_wconf 82' lang='lat' dir='ltr'><strong>Martinus</strong></span> <span class='ocrx_word' id='word_1_255' title='bbox 2407 1517 2460 1563; x_wconf 90' lang='lat' dir='ltr'><strong>et</strong></span> <span class='ocrx_word' id='word_1_256' title='bbox 2485 1508 2655 1563; x_wconf 73' lang='lat' dir='ltr'><strong>Buses</strong></span> <span class='ocrx_word' id='word_1_257' title='bbox 2685 1507 2733 1560; x_wconf 89' lang='lat' dir='ltr'><strong>ei</strong></span> <span class='ocrx_word' id='word_1_258' title='bbox 2763 1517 3052 1578; x_wconf 67' lang='lat' dir='ltr'><strong>praeerant,</strong></span> <span class='ocrx_word' id='word_1_259' title='bbox 3083 1503 3185 1557; x_wconf 90' lang='lat' dir='ltr'><strong>viri</strong></span> <span class='ocrx_word' id='word_1_260' title='bbox 3216 1503 3608 1572; x_wconf 81' lang='lat' dir='ltr'><strong>spectatissimi</strong></span> 
     </span>
    </p>
   </div>
   <div class='ocr_carea' id='block_1_39' title="bbox 2019 1588 3611 1672">
    <p class='ocr_par' dir='ltr' id='par_1_39' title="bbox 2019 1588 3611 1672">
     <span class='ocr_line' id='line_1_39' title="bbox 2019 1588 3611 1672; baseline -0.008 -13"><span class='ocrx_word' id='word_1_261' title='bbox 2019 1611 2076 1659; x_wconf 83' lang='lat' dir='ltr'><strong>et</strong></span> <span class='ocrx_word' id='word_1_262' title='bbox 2102 1588 2477 1672; x_wconf 72' lang='lat' dir='ltr'><strong>frequentibus</strong></span> <span class='ocrx_word' id='word_1_263' title='bbox 2507 1600 2709 1670; x_wconf 70' lang='lat' dir='ltr'><strong>prmliis</strong></span> <span class='ocrx_word' id='word_1_264' title='bbox 2746 1596 3229 1655; x_wconf 62' lang='lat' dir='ltr'><strong>exercitatissimi.~</strong></span> <span class='ocrx_word' id='word_1_265' title='bbox 3254 1588 3454 1650; x_wconf 75' lang='lat' dir='ltr'><strong>Missus</strong></span> <span class='ocrx_word' id='word_1_266' title='bbox 3478 1608 3611 1648; x_wconf 85' lang='lat' dir='ltr'><strong>vero</strong></span> 
     </span>
    </p>
   </div>
   <div class='ocr_carea' id='block_1_40' title="bbox 2019 1684 3610 1757">
    <p class='ocr_par' dir='ltr' id='par_1_40' title="bbox 2019 1684 3610 1757">
     <span class='ocr_line' id='line_1_40' title="bbox 2019 1684 3610 1757; baseline -0.007 -5"><span class='ocrx_word' id='word_1_267' title='bbox 2019 1708 2107 1752; x_wconf 90' lang='lat' dir='ltr'><strong>est</strong></span> <span class='ocrx_word' id='word_1_268' title='bbox 2142 1695 2307 1751; x_wconf 88' lang='lat' dir='ltr'><strong>etiam</strong></span> <span class='ocrx_word' id='word_1_269' title='bbox 2333 1692 2585 1749; x_wconf 83' lang='lat' dir='ltr'><strong>Justinus</strong></span> <span class='ocrx_word' id='word_1_270' title='bbox 2617 1691 2877 1748; x_wconf 82' lang='lat' dir='ltr'><strong>Germani</strong></span> <span class='ocrx_word' id='word_1_271' title='bbox 2917 1690 3082 1757; x_wconf 77' lang='lat' dir='ltr'><strong>(ilius,</strong></span> <span class='ocrx_word' id='word_1_272' title='bbox 3129 1689 3423 1744; x_wconf 82' lang='lat' dir='ltr'><strong>admodum</strong></span> <span class='ocrx_word' id='word_1_273' title='bbox 3453 1684 3610 1756; x_wconf 74' lang='lat'><strong>105</strong></span> 
     </span>
    </p>
   </div>
   <div class='ocr_carea' id='block_1_41' title="bbox 1951 1780 3610 1900">
    <p class='ocr_par' dir='ltr' id='par_1_41' title="bbox 1951 1780 3610 1900">
     <span class='ocr_line' id='line_1_41' title="bbox 1951 1780 3610 1900; baseline -0.007 -57"><span class='ocrx_word' id='word_1_274' title='bbox 1951 1838 1995 1900; x_wconf 67' lang='grc' dir='ltr'><strong>Β</strong></span> <span class='ocrx_word' id='word_1_275' title='bbox 2022 1787 2245 1860; x_wconf 80' lang='lat' dir='ltr'><strong>quidem</strong></span> <span class='ocrx_word' id='word_1_276' title='bbox 2282 1787 2377 1842; x_wconf 91' lang='lat' dir='ltr'><strong>ille</strong></span> <span class='ocrx_word' id='word_1_277' title='bbox 2403 1785 2586 1841; x_wconf 84' lang='lat' dir='ltr'><strong>adhuc</strong></span> <span class='ocrx_word' id='word_1_278' title='bbox 2606 1784 2846 1857; x_wconf 80' lang='lat' dir='ltr'><strong>juvenis,</strong></span> <span class='ocrx_word' id='word_1_279' title='bbox 2877 1783 3099 1854; x_wconf 84' lang='lat' dir='ltr'><strong>sedjam</strong></span> <span class='ocrx_word' id='word_1_280' title='bbox 3133 1791 3249 1837; x_wconf 92' lang='lat' dir='ltr'><strong>tum</strong></span> <span class='ocrx_word' id='word_1_281' title='bbox 3289 1780 3610 1836; x_wconf 85' lang='lat' dir='ltr'><strong>bellicarum</strong></span> 
     </span>
    </p>
   </div>
   <div class='ocr_carea' id='block_1_42' title="bbox 2021 1880 2470 1951">
    <p class='ocr_par' dir='ltr' id='par_1_42' title="bbox 2021 1880 2470 1951">
     <span class='ocr_line' id='line_1_42' title="bbox 2021 1880 2470 1951; baseline -0.007 -14"><span class='ocrx_word' id='word_1_282' title='bbox 2021 1895 2206 1937; x_wconf 84' lang='lat' dir='ltr'><strong>rerum</strong></span> <span class='ocrx_word' id='word_1_283' title='bbox 2238 1880 2470 1951; x_wconf 88' lang='lat' dir='ltr'><strong>peritus.</strong></span> 
     </span>
    </p>
   </div>
   <div class='ocr_carea' id='block_1_43' title="bbox 2093 1964 3610 2029">
    <p class='ocr_par' dir='ltr' id='par_1_43' title="bbox 2093 1964 3610 2029">
     <span class='ocr_line' id='line_1_43' title="bbox 2093 1964 3610 2029; baseline -0.009 0"><span class='ocrx_word' id='word_1_284' title='bbox 2093 1973 2182 2029; x_wconf 81' lang='lat' dir='ltr'><strong>l9.</strong></span> <span class='ocrx_word' id='word_1_285' title='bbox 2224 1971 2557 2028; x_wconf 81' lang='lat' dir='ltr'><strong>Mermeroes</strong></span> <span class='ocrx_word' id='word_1_286' title='bbox 2589 1978 2772 2026; x_wconf 88' lang='lat' dir='ltr'><strong>autem</strong></span> <span class='ocrx_word' id='word_1_287' title='bbox 2805 1967 3098 2023; x_wconf 88' lang='lat' dir='ltr'><strong>Persarum</strong></span> <span class='ocrx_word' id='word_1_288' title='bbox 3137 1964 3249 2020; x_wconf 80' lang='lat' dir='ltr'><strong>dux</strong></span> <span class='ocrx_word' id='word_1_289' title='bbox 3285 1977 3410 2018; x_wconf 91' lang='lat' dir='ltr'><strong>cum</strong></span> <span class='ocrx_word' id='word_1_290' title='bbox 3447 1970 3610 2017; x_wconf 81' lang='lat' dir='ltr'><strong>antea</strong></span> 
     </span>
    </p>
   </div>
   <div class='ocr_carea' id='block_1_44' title="bbox 2022 2056 3612 2134">
    <p class='ocr_par' dir='ltr' id='par_1_44' title="bbox 2022 2056 3612 2134">
     <span class='ocr_line' id='line_1_44' title="bbox 2022 2056 3612 2134; baseline -0.008 -13"><span class='ocrx_word' id='word_1_291' title='bbox 2022 2064 2109 2122; x_wconf 91' lang='lat' dir='ltr'><strong>bis</strong></span> <span class='ocrx_word' id='word_1_292' title='bbox 2135 2066 2189 2120; x_wconf 92' lang='lat' dir='ltr'><strong>in</strong></span> <span class='ocrx_word' id='word_1_293' title='bbox 2224 2064 2626 2134; x_wconf 61' lang='lat' dir='ltr'><strong>Arcbmopolim</strong></span> <span class='ocrx_word' id='word_1_294' title='bbox 2660 2063 2924 2132; x_wconf 84' lang='lat' dir='ltr'><strong>impetum</strong></span> <span class='ocrx_word' id='word_1_295' title='bbox 2958 2059 3198 2124; x_wconf 81' lang='lat' dir='ltr'><strong>fecisset,</strong></span> <span class='ocrx_word' id='word_1_296' title='bbox 3241 2056 3496 2127; x_wconf 87' lang='lat' dir='ltr'><strong>repulsus</strong></span> <span class='ocrx_word' id='word_1_297' title='bbox 3528 2063 3612 2108; x_wconf 85' lang='lat' dir='ltr'><strong>est</strong></span> 
     </span>
    </p>
   </div>
   <div class='ocr_carea' id='block_1_45' title="bbox 2024 2149 3607 2230">
    <p class='ocr_par' dir='ltr' id='par_1_45' title="bbox 2024 2149 3607 2230">
     <span class='ocr_line' id='line_1_45' title="bbox 2024 2149 3607 2230; baseline -0.009 -17"><span class='ocrx_word' id='word_1_298' title='bbox 2024 2158 2242 2230; x_wconf 84' lang='lat' dir='ltr'><strong>aliaque</strong></span> <span class='ocrx_word' id='word_1_299' title='bbox 2292 2156 2554 2212; x_wconf 88' lang='lat' dir='ltr'><strong>nonnulla</strong></span> <span class='ocrx_word' id='word_1_300' title='bbox 2599 2154 2798 2226; x_wconf 81' lang='lat' dir='ltr'><strong>gessit,</strong></span> <span class='ocrx_word' id='word_1_301' title='bbox 2847 2167 2971 2222; x_wconf 86' lang='lat' dir='ltr'><strong>quae</strong></span> <span class='ocrx_word' id='word_1_302' title='bbox 3032 2149 3251 2222; x_wconf 80' lang='lat' dir='ltr'><strong>quidem</strong></span> <span class='ocrx_word' id='word_1_303' title='bbox 3300 2155 3607 2219; x_wconf 76' lang='lat' dir='ltr'><strong>praetereo:</strong></span> 
     </span>
    </p>
   </div>
   <div class='ocr_carea' id='block_1_46' title="bbox 2024 2239 3612 2320">
    <p class='ocr_par' dir='ltr' id='par_1_46' title="bbox 2024 2239 3612 2320">
     <span class='ocr_line' id='line_1_46' title="bbox 2024 2239 3612 2320; baseline -0.008 -14"><span class='ocrx_word' id='word_1_304' title='bbox 2024 2248 2466 2320; x_wconf 80' lang='lat' dir='ltr'><strong>quandoquidem</strong></span> <span class='ocrx_word' id='word_1_305' title='bbox 2496 2245 2796 2317; x_wconf 86' lang='lat' dir='ltr'><strong>Procopius</strong></span> <span class='ocrx_word' id='word_1_306' title='bbox 2831 2244 3021 2299; x_wconf 88' lang='lat' dir='ltr'><strong>rhetor</strong></span> <span class='ocrx_word' id='word_1_307' title='bbox 3048 2240 3263 2297; x_wconf 87' lang='lat' dir='ltr'><strong>abunde</strong></span> <span class='ocrx_word' id='word_1_308' title='bbox 3282 2239 3398 2295; x_wconf 58' lang='lat' dir='ltr'><strong>haec</strong></span> <span class='ocrx_word' id='word_1_309' title='bbox 3426 2253 3493 2294; x_wconf 87' lang='lat' dir='ltr'><strong>eo</strong></span> <span class='ocrx_word' id='word_1_310' title='bbox 3516 2251 3612 2294; x_wconf 80' lang='lat' dir='ltr'><strong>us-</strong></span> 
     </span>
    </p>
   </div>
   <div class='ocr_carea' id='block_1_47' title="bbox 2025 2328 3613 2415">
    <p class='ocr_par' dir='ltr' id='par_1_47' title="bbox 2025 2328 3613 2415">
     <span class='ocr_line' id='line_1_47' title="bbox 2025 2328 3613 2415; baseline -0.009 -18"><span class='ocrx_word' id='word_1_311' title='bbox 2025 2356 2133 2415; x_wconf 89' lang='lat' dir='ltr'><strong>que</strong></span> <span class='ocrx_word' id='word_1_312' title='bbox 2157 2340 2506 2410; x_wconf 83' lang='lat' dir='ltr'><strong>conscripsit.</strong></span> <span class='ocrx_word' id='word_1_313' title='bbox 2539 2337 2695 2394; x_wconf 85' lang='lat' dir='ltr'><strong>Tunc</strong></span> <span class='ocrx_word' id='word_1_314' title='bbox 2722 2337 2910 2406; x_wconf 88' lang='lat' dir='ltr'><strong>itaque</strong></span> <span class='ocrx_word' id='word_1_315' title='bbox 2946 2347 3139 2389; x_wconf 83' lang='lat' dir='ltr'><strong>rursus</strong></span> <span class='ocrx_word' id='word_1_316' title='bbox 3172 2332 3319 2406; x_wconf 88' lang='lat' dir='ltr'><strong>(nam</strong></span> <span class='ocrx_word' id='word_1_317' title='bbox 3349 2330 3477 2385; x_wconf 89' lang='lat' dir='ltr'><strong>hinc</strong></span> <span class='ocrx_word' id='word_1_318' title='bbox 3519 2328 3613 2383; x_wconf 73' lang='lat' dir='ltr'><strong>or-</strong></span> 
     </span>
    </p>
   </div>
   <div class='ocr_carea' id='block_1_48' title="bbox 2028 2419 3609 2502">
    <p class='ocr_par' dir='ltr' id='par_1_48' title="bbox 2028 2419 3609 2502">
     <span class='ocr_line' id='line_1_48' title="bbox 2028 2419 3609 2502; baseline -0.009 -13"><span class='ocrx_word' id='word_1_319' title='bbox 2028 2434 2197 2489; x_wconf 87' lang='lat' dir='ltr'><strong>dienti</strong></span> <span class='ocrx_word' id='word_1_320' title='bbox 2246 2433 2404 2497; x_wconf 87' lang='lat' dir='ltr'><strong>mihi,</strong></span> <span class='ocrx_word' id='word_1_321' title='bbox 2452 2446 2577 2502; x_wconf 64' lang='lat' dir='ltr'><strong>qua:</strong></span> <span class='ocrx_word' id='word_1_322' title='bbox 2627 2436 2953 2499; x_wconf 83' lang='lat' dir='ltr'><strong>sequuntur,</strong></span> <span class='ocrx_word' id='word_1_323' title='bbox 2996 2435 3125 2480; x_wconf 85' lang='lat' dir='ltr'><strong>sunt</strong></span> <span class='ocrx_word' id='word_1_324' title='bbox 3167 2419 3495 2492; x_wconf 87' lang='lat' dir='ltr'><strong>coaptanda)</strong></span> <span class='ocrx_word' id='word_1_325' title='bbox 3542 2420 3609 2476; x_wconf 81' lang='lat' dir='ltr'><strong>ad</strong></span> 
     </span>
    </p>
   </div>
   <div class='ocr_carea' id='block_1_49' title="bbox 2019 2510 3607 2588">
    <p class='ocr_par' dir='ltr' id='par_1_49' title="bbox 2019 2510 3607 2588">
     <span class='ocr_line' id='line_1_49' title="bbox 2019 2510 3607 2588; baseline -0.009 -8"><span class='ocrx_word' id='word_1_326' title='bbox 2019 2516 2367 2580; x_wconf 74' lang='lat' dir='ltr'><strong>Mucltirisitn</strong></span> <span class='ocrx_word' id='word_1_327' title='bbox 2409 2532 2464 2577; x_wconf 91' lang='lat' dir='ltr'><strong>ct</strong></span> <span class='ocrx_word' id='word_1_328' title='bbox 2488 2520 2801 2576; x_wconf 85' lang='lat' dir='ltr'><strong>Colaesium</strong></span> <span class='ocrx_word' id='word_1_329' title='bbox 2831 2513 3303 2588; x_wconf 86' lang='lat' dir='ltr'><strong>propugnaculum</strong></span> <span class='ocrx_word' id='word_1_330' title='bbox 3344 2510 3607 2583; x_wconf 79' lang='lat' dir='ltr'><strong>pervenit,</strong></span> 
     </span>
    </p>
   </div>
   <div class='ocr_carea' id='block_1_50' title="bbox 336 2601 1927 2684">
    <p class='ocr_par' dir='ltr' id='par_1_50' title="bbox 336 2601 1926 2684">
     <span class='ocr_line' id='line_1_50' title="bbox 336 2601 1926 2684; baseline 0.008 -31"><span class='ocrx_word' id='word_1_331' title='bbox 336 2616 438 2654; x_wconf 79' lang='grc' dir='ltr'><strong>σιν</strong></span> <span class='ocrx_word' id='word_1_332' title='bbox 468 2601 517 2634; x_wconf 69' lang='grc'><strong>⁸⁸</strong></span> <span class='ocrx_word' id='word_1_333' title='bbox 564 2602 627 2656; x_wconf 86' lang='grc' dir='ltr'><strong>τὸ</strong></span> <span class='ocrx_word' id='word_1_334' title='bbox 686 2603 968 2676; x_wconf 82' lang='grc' dir='ltr'><strong>φρούριον,</strong></span> <span class='ocrx_word' id='word_1_335' title='bbox 1000 2606 1252 2662; x_wconf 78' lang='grc' dir='ltr'><strong>ἐϐούλετο</strong></span> <span class='ocrx_word' id='word_1_336' title='bbox 1292 2609 1353 2663; x_wconf 79' lang='grc' dir='ltr'><strong>δὲ</strong></span> <span class='ocrx_word' id='word_1_337' title='bbox 1409 2610 1512 2681; x_wconf 76' lang='grc' dir='ltr'><strong>τὴν</strong></span> <span class='ocrx_word' id='word_1_338' title='bbox 1570 2612 1629 2674; x_wconf 83' lang='grc' dir='ltr'><strong>ἐς</strong></span> <span class='ocrx_word' id='word_1_339' title='bbox 1689 2612 1926 2684; x_wconf 78' lang='grc' dir='ltr'><strong>Τήλεφιν</strong></span> 
     </span>
    </p>
   </div>
   <div class='ocr_carea' id='block_1_51' title="bbox 2030 2601 3609 2684">
    <p class='ocr_par' dir='ltr' id='par_1_51' title="bbox 2030 2602 3609 2684">
     <span class='ocr_line' id='line_1_51' title="bbox 2030 2602 3609 2684; baseline -0.009 -14"><span class='ocrx_word' id='word_1_340' title='bbox 2030 2631 2093 2671; x_wconf 84' lang='lat' dir='ltr'><strong>eo</strong></span> <span class='ocrx_word' id='word_1_341' title='bbox 2127 2614 2377 2673; x_wconf 88' lang='lat' dir='ltr'><strong>consilio.</strong></span> <span class='ocrx_word' id='word_1_342' title='bbox 2412 2622 2470 2668; x_wconf 91' lang='lat' dir='ltr'><strong>ut</strong></span> <span class='ocrx_word' id='word_1_343' title='bbox 2504 2609 2819 2667; x_wconf 80' lang='lat' dir='ltr'><strong>diliicultate</strong></span> <span class='ocrx_word' id='word_1_344' title='bbox 2845 2609 3119 2684; x_wconf 88' lang='lat' dir='ltr'><strong>locorum,</strong></span> <span class='ocrx_word' id='word_1_345' title='bbox 3153 2619 3277 2675; x_wconf 72' lang='lat' dir='ltr'><strong>quae</strong></span> <span class='ocrx_word' id='word_1_346' title='bbox 3308 2609 3435 2658; x_wconf 88' lang='lat' dir='ltr'><strong>sunt</strong></span> <span class='ocrx_word' id='word_1_347' title='bbox 3463 2602 3609 2657; x_wconf 86' lang='lat' dir='ltr'><strong>circa</strong></span> 
     </span>
    </p>
   </div>
   <div class='ocr_carea' id='block_1_52' title="bbox 334 2682 1927 2777">
    <p class='ocr_par' dir='ltr' id='par_1_52' title="bbox 334 2682 1927 2770">
     <span class='ocr_line' id='line_1_52' title="bbox 334 2682 1927 2770; baseline 0.013 -24"><span class='ocrx_word' id='word_1_348' title='bbox 334 2691 658 2766; x_wconf 79' lang='grc' dir='ltr'><strong>δυσχωρίαν</strong></span> <span class='ocrx_word' id='word_1_349' title='bbox 711 2695 1227 2767; x_wconf 76' lang='grc' dir='ltr'><strong>παραμειψάμενος,</strong></span> <span class='ocrx_word' id='word_1_350' title='bbox 1279 2699 1413 2752; x_wconf 78' lang='grc' dir='ltr'><strong>εἴσω</strong></span> <span class='ocrx_word' id='word_1_351' title='bbox 1436 2698 1539 2754; x_wconf 79' lang='grc' dir='ltr'><strong>τοῦ</strong></span> <span class='ocrx_word' id='word_1_352' title='bbox 1585 2682 1811 2764; x_wconf 62' lang='grc' dir='ltr'><strong>Φάσιδὸς</strong></span> <span class='ocrx_word' id='word_1_353' title='bbox 1834 2717 1927 2770; x_wconf 86' lang='grc' dir='ltr'><strong>γε·</strong></span> 
     </span>
    </p>
   </div>
   <div class='ocr_carea' id='block_1_53' title="bbox 2030 2682 3612 2777">
    <p class='ocr_par' dir='ltr' id='par_1_53' title="bbox 2030 2682 3612 2777">
     <span class='ocr_line' id='line_1_53' title="bbox 2030 2682 3612 2777; baseline -0.011 -14"><span class='ocrx_word' id='word_1_354' title='bbox 2030 2707 2329 2777; x_wconf 87' lang='lat' dir='ltr'><strong>Tclephim,</strong></span> <span class='ocrx_word' id='word_1_355' title='bbox 2358 2686 2764 2776; x_wconf 65' lang='lat' dir='ltr'><strong>praatergressa,</strong></span> <span class='ocrx_word' id='word_1_356' title='bbox 2808 2682 3193 2756; x_wconf 43' lang='lat' dir='ltr'><strong>ad‘Plrasidem</strong></span> <span class='ocrx_word' id='word_1_357' title='bbox 3234 2694 3456 2750; x_wconf 82' lang='lat' dir='ltr'><strong>ﬂuvium</strong></span> <span class='ocrx_word' id='word_1_358' title='bbox 3486 2708 3612 2763; x_wconf 87' lang='lat' dir='ltr'><strong>per-</strong></span> 
     </span>
    </p>
   </div>
   <div class='ocr_carea' id='block_1_54' title="bbox 335 2781 1927 2869">
    <p class='ocr_par' dir='ltr' id='par_1_54' title="bbox 335 2781 1927 2862">
     <span class='ocr_line' id='line_1_54' title="bbox 335 2781 1927 2862; baseline 0.008 -28"><span class='ocrx_word' id='word_1_359' title='bbox 335 2781 534 2835; x_wconf 81' lang='grc' dir='ltr'><strong>νέσθαι</strong></span> <span class='ocrx_word' id='word_1_360' title='bbox 574 2784 847 2853; x_wconf 81' lang='grc' dir='ltr'><strong>ποταμοῦ,</strong></span> <span class='ocrx_word' id='word_1_361' title='bbox 876 2786 971 2839; x_wconf 80' lang='grc' dir='ltr'><strong>καὶ</strong></span> <span class='ocrx_word' id='word_1_362' title='bbox 1032 2787 1111 2857; x_wconf 76' lang='grc' dir='ltr'><strong>τῷ</strong></span> <span class='ocrx_word' id='word_1_363' title='bbox 1159 2789 1553 2862; x_wconf 82' lang='grc' dir='ltr'><strong>ἀπροσδοκήτῳ</strong></span> <span class='ocrx_word' id='word_1_364' title='bbox 1598 2792 1727 2854; x_wconf 83' lang='grc' dir='ltr'><strong>τοὺς</strong></span> <span class='ocrx_word' id='word_1_365' title='bbox 1787 2792 1927 2845; x_wconf 83' lang='grc' dir='ltr'><strong>Ῥω-</strong></span> 
     </span>
    </p>
   </div>
   <div class='ocr_carea' id='block_1_55' title="bbox 2030 2781 3614 2869">
    <p class='ocr_par' dir='ltr' id='par_1_55' title="bbox 2032 2789 3614 2869">
     <span class='ocr_line' id='line_1_55' title="bbox 2032 2789 3614 2869; baseline -0.01 -15"><span class='ocrx_word' id='word_1_366' title='bbox 2032 2800 2284 2869; x_wconf 71' lang='lat' dir='ltr'><strong>tinget-et,</strong></span> <span class='ocrx_word' id='word_1_367' title='bbox 2317 2796 2692 2866; x_wconf 82' lang='lat' dir='ltr'><strong>Romanisque</strong></span> <span class='ocrx_word' id='word_1_368' title='bbox 2712 2793 2997 2864; x_wconf 88' lang='lat' dir='ltr'><strong>in0pinato</strong></span> <span class='ocrx_word' id='word_1_369' title='bbox 3026 2789 3202 2860; x_wconf 91' lang='lat' dir='ltr'><strong>ipsius</strong></span> <span class='ocrx_word' id='word_1_370' title='bbox 3233 2789 3463 2843; x_wconf 82' lang='lat' dir='ltr'><strong>adventu</strong></span> <span class='ocrx_word' id='word_1_371' title='bbox 3490 2799 3614 2855; x_wconf 85' lang='lat' dir='ltr'><strong>per-</strong></span> 
     </span>
    </p>
   </div>
   <div class='ocr_carea' id='block_1_56' title="bbox 340 2872 1927 2957">
    <p class='ocr_par' dir='ltr' id='par_1_56' title="bbox 340 2872 1925 2948">
     <span class='ocr_line' id='line_1_56' title="bbox 340 2872 1925 2948; baseline 0.008 -23"><span class='ocrx_word' id='word_1_372' title='bbox 340 2872 545 2943; x_wconf 83' lang='grc' dir='ltr'><strong>μαίους</strong></span> <span class='ocrx_word' id='word_1_373' title='bbox 582 2873 882 2944; x_wconf 79' lang='grc' dir='ltr'><strong>ἐκπλήξας,</strong></span> <span class='ocrx_word' id='word_1_374' title='bbox 924 2876 1014 2931; x_wconf 74' lang='grc' dir='ltr'><strong>διὰ</strong></span> <span class='ocrx_word' id='word_1_375' title='bbox 1051 2877 1247 2948; x_wconf 85' lang='grc' dir='ltr'><strong>πείρας</strong></span> <span class='ocrx_word' id='word_1_376' title='bbox 1313 2880 1510 2943; x_wconf 87' lang='grc' dir='ltr'><strong>ἐλθεῖν,</strong></span> <span class='ocrx_word' id='word_1_377' title='bbox 1576 2881 1632 2935; x_wconf 76' lang='grc' dir='ltr'><strong>εἴ</strong></span> <span class='ocrx_word' id='word_1_378' title='bbox 1682 2899 1801 2946; x_wconf 89' lang='grc' dir='ltr'><strong>πως</strong></span> <span class='ocrx_word' id='word_1_379' title='bbox 1858 2883 1925 2937; x_wconf 80' lang='grc' dir='ltr'><strong>ἂν</strong></span> 
     </span>
    </p>
   </div>
   <div class='ocr_carea' id='block_1_57' title="bbox 2030 2872 3613 2957">
    <p class='ocr_par' dir='ltr' id='par_1_57' title="bbox 2030 2874 3613 2957">
     <span class='ocr_line' id='line_1_57' title="bbox 2030 2874 3613 2957; baseline -0.013 -9"><span class='ocrx_word' id='word_1_380' title='bbox 2030 2891 2220 2957; x_wconf 89' lang='lat' dir='ltr'><strong>culsis,</strong></span> <span class='ocrx_word' id='word_1_381' title='bbox 2260 2895 2514 2953; x_wconf 89' lang='lat' dir='ltr'><strong>tentaret,</strong></span> <span class='ocrx_word' id='word_1_382' title='bbox 2554 2886 2601 2943; x_wconf 86' lang='lat' dir='ltr'><strong>si</strong></span> <span class='ocrx_word' id='word_1_383' title='bbox 2646 2900 2752 2957; x_wconf 88' lang='lat' dir='ltr'><strong>qua</strong></span> <span class='ocrx_word' id='word_1_384' title='bbox 2782 2883 2996 2949; x_wconf 74' lang='lat' dir='ltr'><strong>ratione</strong></span> <span class='ocrx_word' id='word_1_385' title='bbox 3037 2879 3258 2939; x_wconf 83' lang='lat' dir='ltr'><strong>castella</strong></span> <span class='ocrx_word' id='word_1_386' title='bbox 3305 2879 3515 2948; x_wconf 85' lang='lat' dir='ltr'><strong>aliquot</strong></span> <span class='ocrx_word' id='word_1_387' title='bbox 3556 2874 3613 2929; x_wconf 91' lang='lat' dir='ltr'><strong>in</strong></span> 
     </span>
    </p>
   </div>
   <div class='ocr_carea' id='block_1_58' title="bbox 337 2964 1927 3055">
    <p class='ocr_par' dir='ltr' id='par_1_58' title="bbox 337 2964 1925 3045">
     <span class='ocr_line' id='line_1_58' title="bbox 337 2964 1925 3045; baseline 0.009 -29"><span class='ocrx_word' id='word_1_388' title='bbox 337 2964 470 3018; x_wconf 76' lang='grc' dir='ltr'><strong>ἔνια</strong></span> <span class='ocrx_word' id='word_1_389' title='bbox 511 2965 642 3033; x_wconf 80' lang='grc' dir='ltr'><strong>γοῦν</strong></span> <span class='ocrx_word' id='word_1_390' title='bbox 698 2966 809 3020; x_wconf 85' lang='grc' dir='ltr'><strong>τῶν</strong></span> <span class='ocrx_word' id='word_1_391' title='bbox 866 2969 994 3039; x_wconf 75' lang='grc' dir='ltr'><strong>τῇδε</strong></span> <span class='ocrx_word' id='word_1_392' title='bbox 1062 2970 1416 3041; x_wconf 85' lang='grc' dir='ltr'><strong>πολισμάτων</strong></span> <span class='ocrx_word' id='word_1_393' title='bbox 1472 2976 1925 3045; x_wconf 71' lang='grc' dir='ltr'><strong>παραστήσασθαι</strong></span> 
     </span>
    </p>
   </div>
   <div class='ocr_carea' id='block_1_59' title="bbox 2030 2964 3614 3055">
    <p class='ocr_par' dir='ltr' id='par_1_59' title="bbox 2030 2965 3614 3055">
     <span class='ocr_line' id='line_1_59' title="bbox 2030 2965 3614 3055; baseline -0.012 -16"><span class='ocrx_word' id='word_1_394' title='bbox 2030 2991 2354 3055; x_wconf 89' lang='lat' dir='ltr'><strong>potestatem</strong></span> <span class='ocrx_word' id='word_1_395' title='bbox 2381 2992 2536 3036; x_wconf 88' lang='lat' dir='ltr'><strong>suam</strong></span> <span class='ocrx_word' id='word_1_396' title='bbox 2565 2978 2809 3048; x_wconf 78' lang='lat' dir='ltr'><strong>redigere</strong></span> <span class='ocrx_word' id='word_1_397' title='bbox 2829 2983 3018 3047; x_wconf 86' lang='lat' dir='ltr'><strong>posset</strong></span> <span class='ocrx_word' id='word_1_398' title='bbox 3042 2993 3055 3030; x_wconf 90' lang='lat'><strong>:</strong></span> <span class='ocrx_word' id='word_1_399' title='bbox 3085 2972 3230 3044; x_wconf 89' lang='lat' dir='ltr'><strong>quod</strong></span> <span class='ocrx_word' id='word_1_400' title='bbox 3254 2970 3476 3041; x_wconf 83' lang='lat' dir='ltr'><strong>quidem</strong></span> <span class='ocrx_word' id='word_1_401' title='bbox 3507 2965 3614 3036; x_wconf 87' lang='lat' dir='ltr'><strong>ipsi</strong></span> 
     </span>
    </p>
   </div>
   <div class='ocr_carea' id='block_1_60' title="bbox 337 3054 1927 3138">
    <p class='ocr_par' dir='ltr' id='par_1_60' title="bbox 337 3054 1927 3138">
     <span class='ocr_line' id='line_1_60' title="bbox 337 3054 1927 3138; baseline 0.009 -30"><span class='ocrx_word' id='word_1_402' title='bbox 337 3054 626 3127; x_wconf 82' lang='grc' dir='ltr'><strong>δυνηθείη.</strong></span> <span class='ocrx_word' id='word_1_403' title='bbox 676 3056 863 3111; x_wconf 80' lang='grc' dir='ltr'><strong>Ταῦτα</strong></span> <span class='ocrx_word' id='word_1_404' title='bbox 894 3059 951 3113; x_wconf 84' lang='grc' dir='ltr'><strong>δὲ</strong></span> <span class='ocrx_word' id='word_1_405' title='bbox 985 3059 1138 3131; x_wconf 86' lang='grc' dir='ltr'><strong>αὐτῷ</strong></span> <span class='ocrx_word' id='word_1_406' title='bbox 1176 3063 1441 3133; x_wconf 82' lang='grc' dir='ltr'><strong>πράττειν</strong></span> <span class='ocrx_word' id='word_1_407' title='bbox 1498 3066 1564 3118; x_wconf 88' lang='grc' dir='ltr'><strong>ἐκ</strong></span> <span class='ocrx_word' id='word_1_408' title='bbox 1586 3065 1682 3119; x_wconf 79' lang='grc' dir='ltr'><strong>τοῦ</strong></span> <span class='ocrx_word' id='word_1_409' title='bbox 1743 3068 1927 3138; x_wconf 76' lang='grc' dir='ltr'><strong>ἐμφα-</strong></span> 
     </span>
    </p>
   </div>
   <div class='ocr_carea' id='block_1_61' title="bbox 2032 3058 3615 3147">
    <p class='ocr_par' dir='ltr' id='par_1_61' title="bbox 2032 3058 3615 3147">
     <span class='ocr_line' id='line_1_61' title="bbox 2032 3058 3615 3147; baseline -0.011 -16"><span class='ocrx_word' id='word_1_410' title='bbox 2032 3086 2216 3147; x_wconf 88' lang='lat' dir='ltr'><strong>aperte</strong></span> <span class='ocrx_word' id='word_1_411' title='bbox 2253 3081 2512 3142; x_wconf 87' lang='lat' dir='ltr'><strong>rectaque</strong></span> <span class='ocrx_word' id='word_1_412' title='bbox 2536 3070 2620 3124; x_wconf 88' lang='lat' dir='ltr'><strong>via</strong></span> <span class='ocrx_word' id='word_1_413' title='bbox 2654 3068 2969 3140; x_wconf 84' lang='lat' dir='ltr'><strong>procedenti</strong></span> <span class='ocrx_word' id='word_1_414' title='bbox 3003 3073 3169 3135; x_wconf 89' lang='lat' dir='ltr'><strong>atque</strong></span> <span class='ocrx_word' id='word_1_415' title='bbox 3210 3061 3440 3119; x_wconf 87' lang='lat' dir='ltr'><strong>irruenti</strong></span> <span class='ocrx_word' id='word_1_416' title='bbox 3475 3058 3615 3115; x_wconf 76' lang='lat' dir='ltr'><strong>ditii-</strong></span> 
     </span>
    </p>
   </div>
   <div class='ocr_carea' id='block_1_62' title="bbox 335 3145 1927 3234">
    <p class='ocr_par' dir='ltr' id='par_1_62' title="bbox 335 3145 1926 3234">
     <span class='ocr_line' id='line_1_62' title="bbox 335 3145 1926 3234; baseline 0.009 -34"><span class='ocrx_word' id='word_1_417' title='bbox 335 3145 474 3208; x_wconf 82' lang='grc' dir='ltr'><strong>νοῦς</strong></span> <span class='ocrx_word' id='word_1_418' title='bbox 509 3149 860 3222; x_wconf 82' lang='grc' dir='ltr'><strong>πορευομένῳ</strong></span> <span class='ocrx_word' id='word_1_419' title='bbox 893 3152 990 3205; x_wconf 80' lang='grc' dir='ltr'><strong>καὶ</strong></span> <span class='ocrx_word' id='word_1_420' title='bbox 1020 3153 1230 3209; x_wconf 83' lang='grc' dir='ltr'><strong>ἐπιόντι</strong></span> <span class='ocrx_word' id='word_1_421' title='bbox 1290 3156 1555 3228; x_wconf 79' lang='grc' dir='ltr'><strong>ἀμήχανα</strong></span> <span class='ocrx_word' id='word_1_422' title='bbox 1611 3154 1701 3230; x_wconf 84' lang='grc' dir='ltr'><strong>ἦν.</strong></span> <span class='ocrx_word' id='word_1_423' title='bbox 1765 3160 1926 3234; x_wconf 88' lang='grc' dir='ltr'><strong>Μαρ-</strong></span> 
     </span>
    </p>
   </div>
   <div class='ocr_carea' id='block_1_63' title="bbox 2030 3145 3615 3234">
    <p class='ocr_par' dir='ltr' id='par_1_63' title="bbox 2031 3145 3615 3227">
     <span class='ocr_line' id='line_1_63' title="bbox 2031 3145 3615 3227; baseline -0.01 -1"><span class='ocrx_word' id='word_1_424' title='bbox 2031 3145 2296 3226; x_wconf 78' lang='lat' dir='ltr'><strong>cillimum</strong></span> <span class='ocrx_word' id='word_1_425' title='bbox 2351 3166 2494 3222; x_wconf 80' lang='lat' dir='ltr'><strong>factu</strong></span> <span class='ocrx_word' id='word_1_426' title='bbox 2553 3164 2766 3219; x_wconf 79' lang='lat' dir='ltr'><strong>fuisset.</strong></span> <span class='ocrx_word' id='word_1_427' title='bbox 2824 3162 3094 3217; x_wconf 81' lang='lat' dir='ltr'><strong>Martinus</strong></span> <span class='ocrx_word' id='word_1_428' title='bbox 3131 3159 3278 3214; x_wconf 88' lang='lat' dir='ltr'><strong>enim</strong></span> <span class='ocrx_word' id='word_1_429' title='bbox 3324 3154 3615 3227; x_wconf 58' lang='lat' dir='ltr'><strong>praefectus</strong></span> 
     </span>
    </p>
   </div>
   <div class='ocr_carea' id='block_1_64' title="bbox 338 3239 1926 3321">
    <p class='ocr_par' dir='ltr' id='par_1_64' title="bbox 338 3239 1926 3321">
     <span class='ocr_line' id='line_1_64' title="bbox 338 3239 1926 3321; baseline 0.009 -31"><span class='ocrx_word' id='word_1_430' title='bbox 338 3240 494 3302; x_wconf 80' lang='grc' dir='ltr'><strong>τίνος</strong></span> <span class='ocrx_word' id='word_1_431' title='bbox 537 3239 648 3311; x_wconf 80' lang='grc' dir='ltr'><strong>γὰρ</strong></span> <span class='ocrx_word' id='word_1_432' title='bbox 677 3242 707 3293; x_wconf 83' lang='grc' dir='ltr'>ὀ</span> <span class='ocrx_word' id='word_1_433' title='bbox 749 3242 1054 3313; x_wconf 83' lang='grc' dir='ltr'><strong>στρατηγὸς</strong></span> <span class='ocrx_word' id='word_1_434' title='bbox 1102 3243 1221 3315; x_wconf 79' lang='grc' dir='ltr'><strong>ἅμα</strong></span> <span class='ocrx_word' id='word_1_435' title='bbox 1250 3247 1316 3318; x_wconf 81' lang='grc' dir='ltr'><strong>τῇ</strong></span> <span class='ocrx_word' id='word_1_436' title='bbox 1366 3247 1508 3318; x_wconf 82' lang='grc' dir='ltr'><strong>ἀμφ’</strong></span> <span class='ocrx_word' id='word_1_437' title='bbox 1564 3249 1727 3302; x_wconf 83' lang='grc' dir='ltr'><strong>αὐτὸν</strong></span> <span class='ocrx_word' id='word_1_438' title='bbox 1758 3267 1926 3321; x_wconf 81' lang='grc' dir='ltr'><strong>στρα-</strong></span> 
     </span>
    </p>
   </div>
   <div class='ocr_carea' id='block_1_65' title="bbox 334 3331 1931 3412">
    <p class='ocr_par' dir='ltr' id='par_1_65' title="bbox 334 3331 1931 3412">
     <span class='ocr_line' id='line_1_65' title="bbox 334 3331 1931 3412; baseline 0.009 -30"><span class='ocrx_word' id='word_1_439' title='bbox 334 3332 442 3403; x_wconf 67' lang='grc' dir='ltr'><strong>τιᾷ</strong></span> <span class='ocrx_word' id='word_1_440' title='bbox 491 3332 549 3396; x_wconf 86' lang='grc' dir='ltr'><strong>ἐς</strong></span> <span class='ocrx_word' id='word_1_441' title='bbox 593 3331 694 3404; x_wconf 82' lang='grc' dir='ltr'><strong>τὴν</strong></span> <span class='ocrx_word' id='word_1_442' title='bbox 751 3333 989 3406; x_wconf 79' lang='grc' dir='ltr'><strong>Τήλεφιν</strong></span> <span class='ocrx_word' id='word_1_443' title='bbox 1045 3337 1330 3408; x_wconf 77' lang='grc' dir='ltr'><strong>ἱδρυμένος</strong></span> <span class='ocrx_word' id='word_1_444' title='bbox 1373 3339 1656 3412; x_wconf 82' lang='grc' dir='ltr'><strong>(φρούριον</strong></span> <span class='ocrx_word' id='word_1_445' title='bbox 1682 3342 1740 3395; x_wconf 82' lang='grc' dir='ltr'><strong>δὲ</strong></span> <span class='ocrx_word' id='word_1_446' title='bbox 1770 3343 1931 3397; x_wconf 80' lang='grc' dir='ltr'><strong>τοῦτο</strong></span> 
     </span>
    </p>
   </div>
   <div class='ocr_carea' id='block_1_66' title="bbox 336 3423 1931 3506">
    <p class='ocr_par' dir='ltr' id='par_1_66' title="bbox 336 3423 1931 3506">
     <span class='ocr_line' id='line_1_66' title="bbox 336 3423 1931 3506; baseline 0.009 -31"><span class='ocrx_word' id='word_1_447' title='bbox 336 3423 627 3495; x_wconf 70' lang='grc' dir='ltr'><strong>καρτερόν</strong></span> <span class='ocrx_word' id='word_1_448' title='bbox 667 3441 729 3479; x_wconf 89' lang='grc' dir='ltr'><strong>τε</strong></span> <span class='ocrx_word' id='word_1_449' title='bbox 780 3426 875 3480; x_wconf 69' lang='grc' dir='ltr'><strong>καὶ</strong></span> <span class='ocrx_word' id='word_1_450' title='bbox 913 3428 1300 3500; x_wconf 84' lang='grc' dir='ltr'><strong>ἐχυρώτατον),</strong></span> <span class='ocrx_word' id='word_1_451' title='bbox 1352 3432 1704 3502; x_wconf 78' lang='grc' dir='ltr'><strong>διεφύλαττεν</strong></span> <span class='ocrx_word' id='word_1_452' title='bbox 1730 3436 1931 3506; x_wconf 88' lang='grc' dir='ltr'><strong>ἐπιμε-</strong></span> 
     </span>
    </p>
   </div>
   <div class='ocr_carea' id='block_1_67' title="bbox 339 3517 1930 3597">
    <p class='ocr_par' dir='ltr' id='par_1_67' title="bbox 339 3517 1930 3597">
     <span class='ocr_line' id='line_1_67' title="bbox 339 3517 1930 3597; baseline 0.006 -27"><span class='ocrx_word' id='word_1_453' title='bbox 339 3517 586 3571; x_wconf 63' lang='grc' dir='ltr'><strong>λέστατα</strong></span> <span class='ocrx_word' id='word_1_454' title='bbox 614 3518 717 3582; x_wconf 79' lang='grc' dir='ltr'><strong>τὰς</strong></span> <span class='ocrx_word' id='word_1_455' title='bbox 770 3519 1031 3584; x_wconf 72' lang='grc' dir='ltr'><strong>εἰσόδους.</strong></span> <span class='ocrx_word' id='word_1_456' title='bbox 1078 3522 1238 3576; x_wconf 83' lang='grc' dir='ltr'><strong>Ἐστι</strong></span> <span class='ocrx_word' id='word_1_457' title='bbox 1272 3521 1329 3576; x_wconf 81' lang='grc' dir='ltr'><strong>δὲ</strong></span> <span class='ocrx_word' id='word_1_458' title='bbox 1367 3523 1464 3577; x_wconf 72' lang='grc' dir='ltr'><strong>καὶ</strong></span> <span class='ocrx_word' id='word_1_459' title='bbox 1514 3525 1692 3589; x_wconf 77' lang='grc' dir='ltr'><strong>ἄλλως</strong></span> <span class='ocrx_word' id='word_1_460' title='bbox 1730 3525 1791 3580; x_wconf 68' lang='grc' dir='ltr'><strong>τὸ</strong></span> <span class='ocrx_word' id='word_1_461' title='bbox 1820 3544 1930 3597; x_wconf 81' lang='grc' dir='ltr'><strong>χω-</strong></span> 
     </span>
    </p>
   </div>
   <div class='ocr_carea' id='block_1_68' title="bbox 348 3612 1929 3691">
    <p class='ocr_par' dir='ltr' id='par_1_68' title="bbox 348 3612 1929 3691">
     <span class='ocr_line' id='line_1_68' title="bbox 348 3612 1929 3691; baseline 0.004 -26"><span class='ocrx_word' id='word_1_462' title='bbox 348 3613 468 3684; x_wconf 88' lang='grc' dir='ltr'><strong>ρίον</strong></span> <span class='ocrx_word' id='word_1_463' title='bbox 502 3612 769 3667; x_wconf 80' lang='grc' dir='ltr'><strong>δύσϐατόν</strong></span> <span class='ocrx_word' id='word_1_464' title='bbox 795 3631 856 3667; x_wconf 91' lang='grc' dir='ltr'><strong>τε</strong></span> <span class='ocrx_word' id='word_1_465' title='bbox 878 3615 973 3667; x_wconf 74' lang='grc' dir='ltr'><strong>καὶ</strong></span> <span class='ocrx_word' id='word_1_466' title='bbox 997 3615 1320 3686; x_wconf 80' lang='grc' dir='ltr'><strong>ἀπρόσοδον.</strong></span> <span class='ocrx_word' id='word_1_467' title='bbox 1349 3618 1640 3690; x_wconf 77' lang='grc' dir='ltr'><strong>Φάραγγές</strong></span> <span class='ocrx_word' id='word_1_468' title='bbox 1665 3637 1724 3674; x_wconf 87' lang='grc' dir='ltr'><strong>τε</strong></span> <span class='ocrx_word' id='word_1_469' title='bbox 1749 3624 1819 3689; x_wconf 74' lang='grc' dir='ltr'>γά</span> <span class='ocrx_word' id='word_1_470' title='bbox 1827 3639 1859 3691; x_wconf 87' lang='grc' dir='ltr'><strong>ρ</strong></span> <span class='ocrx_word' id='word_1_471' title='bbox 1882 3619 1929 3653; x_wconf 80' lang='grc'><strong><em>⁵⁸</em></strong></span> 
     </span>
    </p>
   </div>
   <div class='ocr_carea' id='block_1_69' title="bbox 344 3704 1929 3786">
    <p class='ocr_par' dir='ltr' id='par_1_69' title="bbox 344 3704 1929 3786">
     <span class='ocr_line' id='line_1_69' title="bbox 344 3704 1929 3786; baseline 0.006 -27"><span class='ocrx_word' id='word_1_472' title='bbox 344 3704 450 3759; x_wconf 63' lang='grc' dir='ltr'><strong>οιαὶ</strong></span> <span class='ocrx_word' id='word_1_473' title='bbox 503 3706 706 3777; x_wconf 84' lang='grc' dir='ltr'><strong>πέτραι</strong></span> <span class='ocrx_word' id='word_1_474' title='bbox 766 3708 1149 3779; x_wconf 79' lang='grc' dir='ltr'><strong>ἁπερῤωγυῖαι</strong></span> <span class='ocrx_word' id='word_1_475' title='bbox 1206 3711 1300 3763; x_wconf 79' lang='grc' dir='ltr'><strong>καὶ</strong></span> <span class='ocrx_word' id='word_1_476' title='bbox 1360 3712 1419 3774; x_wconf 90' lang='grc' dir='ltr'><strong>ἐς</strong></span> <span class='ocrx_word' id='word_1_477' title='bbox 1488 3712 1728 3786; x_wconf 82' lang='grc' dir='ltr'><strong>ἀλλήλας</strong></span> <span class='ocrx_word' id='word_1_478' title='bbox 1805 3717 1929 3769; x_wconf 89' lang='grc' dir='ltr'><strong>ἐπι-</strong></span> 
     </span>
    </p>
   </div>
   <div class='ocr_carea' id='block_1_70' title="bbox 349 3798 1932 3879">
    <p class='ocr_par' dir='ltr' id='par_1_70' title="bbox 349 3798 1932 3879">
     <span class='ocr_line' id='line_1_70' title="bbox 349 3798 1932 3879; baseline 0.003 -24"><span class='ocrx_word' id='word_1_479' title='bbox 349 3798 670 3869; x_wconf 76' lang='grc' dir='ltr'><strong>κλινόμεναι</strong></span> <span class='ocrx_word' id='word_1_480' title='bbox 707 3800 1050 3873; x_wconf 84' lang='grc' dir='ltr'><strong>στενωτάτην</strong></span> <span class='ocrx_word' id='word_1_481' title='bbox 1113 3801 1357 3873; x_wconf 84' lang='grc' dir='ltr'><strong>ἀτεχνῶς</strong></span> <span class='ocrx_word' id='word_1_482' title='bbox 1407 3806 1509 3875; x_wconf 79' lang='grc' dir='ltr'><strong>τήν</strong></span> <span class='ocrx_word' id='word_1_483' title='bbox 1560 3807 1932 3879; x_wconf 81' lang='grc' dir='ltr'><strong>ὑποκειμένην</strong></span> 
     </span>
    </p>
   </div>
   <div class='ocr_carea' id='block_1_71' title="bbox 353 3888 1935 3966">
    <p class='ocr_par' dir='ltr' id='par_1_71' title="bbox 353 3888 1935 3966">
     <span class='ocr_line' id='line_1_71' title="bbox 353 3888 1935 3966; baseline 0.004 -24"><span class='ocrx_word' id='word_1_484' title='bbox 353 3888 599 3958; x_wconf 77' lang='grc' dir='ltr'><strong>ἀτραπὸν</strong></span> <span class='ocrx_word' id='word_1_485' title='bbox 630 3889 968 3949; x_wconf 80' lang='grc' dir='ltr'><strong>ἐκτελοῦσιν.</strong></span> <span class='ocrx_word' id='word_1_486' title='bbox 1014 3891 1273 3947; x_wconf 77' lang='grc' dir='ltr'><strong>’Δλλοθεν</strong></span> <span class='ocrx_word' id='word_1_487' title='bbox 1326 3892 1384 3948; x_wconf 82' lang='grc' dir='ltr'><strong>δέ</strong></span> <span class='ocrx_word' id='word_1_488' title='bbox 1424 3896 1529 3948; x_wconf 75' lang='grc' dir='ltr'><strong>οὐκ</strong></span> <span class='ocrx_word' id='word_1_489' title='bbox 1596 3896 1743 3950; x_wconf 80' lang='grc' dir='ltr'><strong>ἔστιν</strong></span> <span class='ocrx_word' id='word_1_490' title='bbox 1797 3899 1935 3966; x_wconf 77' lang='grc' dir='ltr'><strong>ὁτῳ-</strong></span> 
     </span>
    </p>
   </div>
   <div class='ocr_carea' id='block_1_72' title="bbox 354 3979 1933 4060">
    <p class='ocr_par' dir='ltr' id='par_1_72' title="bbox 354 3979 1933 4060">
     <span class='ocr_line' id='line_1_72' title="bbox 354 3979 1933 4060; baseline 0.006 -29"><span class='ocrx_word' id='word_1_491' title='bbox 354 3979 459 4033; x_wconf 81' lang='grc' dir='ltr'><strong>οῦν</strong></span> <span class='ocrx_word' id='word_1_492' title='bbox 509 3981 803 4053; x_wconf 76' lang='grc' dir='ltr'><strong>εἰσιτητέα.</strong></span> <span class='ocrx_word' id='word_1_493' title='bbox 854 3982 938 4038; x_wconf 83' lang='grc' dir='ltr'><strong>Τὰ</strong></span> <span class='ocrx_word' id='word_1_494' title='bbox 977 3984 1088 4054; x_wconf 82' lang='grc' dir='ltr'><strong>γὰρ</strong></span> <span class='ocrx_word' id='word_1_495' title='bbox 1126 3986 1363 4057; x_wconf 86' lang='grc' dir='ltr'><strong>ἐχόμενα</strong></span> <span class='ocrx_word' id='word_1_496' title='bbox 1409 3988 1569 4042; x_wconf 81' lang='grc' dir='ltr'><strong>πεδία</strong></span> <span class='ocrx_word' id='word_1_497' title='bbox 1619 3988 1817 4060; x_wconf 73' lang='grc' dir='ltr'><strong>ἰλυώδη</strong></span> <span class='ocrx_word' id='word_1_498' title='bbox 1869 3988 1933 4057; x_wconf 86' lang='grc' dir='ltr'><strong>γέ</strong></span> 
     </span>
    </p>
   </div>
   <div class='ocr_carea' id='block_1_73' title="bbox 356 4071 1934 4149">
    <p class='ocr_par' dir='ltr' id='par_1_73' title="bbox 356 4071 1934 4149">
     <span class='ocr_line' id='line_1_73' title="bbox 356 4071 1934 4149; baseline 0.007 -26"><span class='ocrx_word' id='word_1_499' title='bbox 356 4072 472 4125; x_wconf 79' lang='grc' dir='ltr'><strong>εἰσι</strong></span> <span class='ocrx_word' id='word_1_500' title='bbox 527 4071 712 4135; x_wconf 85' lang='grc' dir='ltr'><strong>δεινῶς</strong></span> <span class='ocrx_word' id='word_1_501' title='bbox 739 4075 835 4129; x_wconf 77' lang='grc' dir='ltr'><strong>καὶ</strong></span> <span class='ocrx_word' id='word_1_502' title='bbox 880 4076 1223 4149; x_wconf 80' lang='grc' dir='ltr'><strong>τελματώδη.</strong></span> <span class='ocrx_word' id='word_1_503' title='bbox 1271 4078 1472 4149; x_wconf 76' lang='grc' dir='ltr'><strong>λόχμαι</strong></span> <span class='ocrx_word' id='word_1_504' title='bbox 1511 4097 1570 4134; x_wconf 88' lang='grc' dir='ltr'><strong>τε</strong></span> <span class='ocrx_word' id='word_1_505' title='bbox 1606 4080 1815 4134; x_wconf 84' lang='grc' dir='ltr'><strong>δασεῖαι</strong></span> <span class='ocrx_word' id='word_1_506' title='bbox 1839 4082 1934 4136; x_wconf 73' lang='grc' dir='ltr'><strong>καὶ</strong></span> 
     </span>
    </p>
   </div>
   <div class='ocr_carea' id='block_1_74' title="bbox 351 4163 1935 4242">
    <p class='ocr_par' dir='ltr' id='par_1_74' title="bbox 351 4163 1935 4242">
     <span class='ocr_line' id='line_1_74' title="bbox 351 4163 1935 4242; baseline 0.004 -24"><span class='ocrx_word' id='word_1_507' title='bbox 351 4163 556 4235; x_wconf 80' lang='grc' dir='ltr'><strong>δρυμοὶ</strong></span> <span class='ocrx_word' id='word_1_508' title='bbox 617 4166 666 4199; x_wconf 82' lang='grc'><strong>⁸⁸</strong></span> <span class='ocrx_word' id='word_1_509' title='bbox 698 4167 1004 4238; x_wconf 81' lang='grc' dir='ltr'><strong>ἀνέχουσιν,</strong></span> <span class='ocrx_word' id='word_1_510' title='bbox 1037 4169 1113 4232; x_wconf 84' lang='grc' dir='ltr'><strong>ὡς</strong></span> <span class='ocrx_word' id='word_1_511' title='bbox 1141 4171 1236 4223; x_wconf 79' lang='grc' dir='ltr'><strong>καὶ</strong></span> <span class='ocrx_word' id='word_1_512' title='bbox 1283 4171 1367 4222; x_wconf 77' lang='grc' dir='ltr'><strong>ἐνὶ</strong></span> <span class='ocrx_word' id='word_1_513' title='bbox 1419 4171 1595 4242; x_wconf 73' lang='grc' dir='ltr'><strong>ἀνδρὶ,</strong></span> <span class='ocrx_word' id='word_1_514' title='bbox 1626 4174 1723 4226; x_wconf 75' lang='grc' dir='ltr'><strong>καὶ</strong></span> <span class='ocrx_word' id='word_1_515' title='bbox 1760 4171 1935 4242; x_wconf 83' lang='grc' dir='ltr'><strong>τούτῳ</strong></span> 
     </span>
    </p>
   </div>
   <div class='ocr_carea' id='block_1_75' title="bbox 348 4253 1936 4334">
    <p class='ocr_par' dir='ltr' id='par_1_75' title="bbox 348 4253 1936 4334">
     <span class='ocr_line' id='line_1_75' title="bbox 348 4253 1936 4334; baseline 0.004 -26"><span class='ocrx_word' id='word_1_516' title='bbox 348 4256 597 4330; x_wconf 77' lang='grc' dir='ltr'><strong>εὐζώνῳ,</strong></span> <span class='ocrx_word' id='word_1_517' title='bbox 648 4258 852 4330; x_wconf 76' lang='grc' dir='ltr'><strong>ἄπορον</strong></span> <span class='ocrx_word' id='word_1_518' title='bbox 878 4253 1019 4314; x_wconf 79' lang='grc' dir='ltr'><strong>εἶναι</strong></span> <span class='ocrx_word' id='word_1_519' title='bbox 1067 4259 1130 4313; x_wconf 81' lang='grc' dir='ltr'><strong>τὸ</strong></span> <span class='ocrx_word' id='word_1_520' title='bbox 1177 4264 1386 4332; x_wconf 76' lang='grc' dir='ltr'><strong>χρῆμα,</strong></span> <span class='ocrx_word' id='word_1_521' title='bbox 1443 4267 1517 4334; x_wconf 87' lang='grc' dir='ltr'><strong>μή</strong></span> <span class='ocrx_word' id='word_1_522' title='bbox 1563 4263 1645 4317; x_wconf 80' lang='grc' dir='ltr'><strong>τοί</strong></span> <span class='ocrx_word' id='word_1_523' title='bbox 1689 4280 1753 4331; x_wconf 87' lang='grc' dir='ltr'><strong>γε</strong></span> <span class='ocrx_word' id='word_1_524' title='bbox 1793 4262 1936 4334; x_wconf 87' lang='grc' dir='ltr'><strong>πλή-</strong></span> 
     </span>
    </p>
   </div>
   <div class='ocr_carea' id='block_1_76' title="bbox 346 4348 1936 4426">
    <p class='ocr_par' dir='ltr' id='par_1_76' title="bbox 346 4348 1936 4426">
     <span class='ocr_line' id='line_1_76' title="bbox 346 4348 1936 4426; baseline 0.005 -24"><span class='ocrx_word' id='word_1_525' title='bbox 346 4348 508 4403; x_wconf 83' lang='grc' dir='ltr'><strong>θεσιν</strong></span> <span class='ocrx_word' id='word_1_526' title='bbox 544 4349 932 4419; x_wconf 85' lang='grc' dir='ltr'><strong>ὡπλισμένοις.</strong></span> <span class='ocrx_word' id='word_1_527' title='bbox 985 4351 1132 4424; x_wconf 84' lang='grc' dir='ltr'><strong>Πλὴν</strong></span> <span class='ocrx_word' id='word_1_528' title='bbox 1163 4354 1300 4407; x_wconf 84' lang='grc' dir='ltr'><strong>ἀλλὰ</strong></span> <span class='ocrx_word' id='word_1_529' title='bbox 1335 4356 1429 4407; x_wconf 80' lang='grc' dir='ltr'><strong>καὶ</strong></span> <span class='ocrx_word' id='word_1_530' title='bbox 1476 4353 1554 4418; x_wconf 81' lang='grc' dir='ltr'><strong>ὣς</strong></span> <span class='ocrx_word' id='word_1_531' title='bbox 1577 4355 1627 4408; x_wconf 83' lang='lat' dir='ltr'><strong>oi</strong></span> <span class='ocrx_word' id='word_1_532' title='bbox 1672 4356 1936 4426; x_wconf 82' lang='grc' dir='ltr'><strong>Ῥωμαῖοι</strong></span> 
     </span>
    </p>
   </div>
   <div class='ocr_carea' id='block_1_77' title="bbox 346 4438 1937 4516">
    <p class='ocr_par' dir='ltr' id='par_1_77' title="bbox 346 4438 1937 4516">
     <span class='ocr_line' id='line_1_77' title="bbox 346 4438 1937 4516; baseline 0.004 -23"><span class='ocrx_word' id='word_1_533' title='bbox 346 4440 511 4494; x_wconf 79' lang='grc' dir='ltr'><strong>οὐδὲν</strong></span> <span class='ocrx_word' id='word_1_534' title='bbox 540 4441 587 4474; x_wconf 83' lang='grc'><strong>⁸¹¹</strong></span> <span class='ocrx_word' id='word_1_535' title='bbox 647 4440 830 4496; x_wconf 84' lang='grc' dir='ltr'><strong>ὁτιοῦν</strong></span> <span class='ocrx_word' id='word_1_536' title='bbox 879 4443 1046 4498; x_wconf 86' lang='grc' dir='ltr'><strong>πόνου</strong></span> <span class='ocrx_word' id='word_1_537' title='bbox 1101 4444 1365 4508; x_wconf 80' lang='grc' dir='ltr'><strong>ἀνιέντες,</strong></span> <span class='ocrx_word' id='word_1_538' title='bbox 1412 4445 1466 4498; x_wconf 76' lang='grc' dir='ltr'><strong>εἴ</strong></span> <span class='ocrx_word' id='word_1_539' title='bbox 1509 4443 1611 4498; x_wconf 77' lang='grc' dir='ltr'><strong>πού</strong></span> <span class='ocrx_word' id='word_1_540' title='bbox 1673 4463 1728 4499; x_wconf 92' lang='grc' dir='ltr'><strong>τι</strong></span> <span class='ocrx_word' id='word_1_541' title='bbox 1777 4438 1937 4516; x_wconf 76' lang='grc' dir='ltr'><strong>εὗρον</strong></span> 
     </span>
    </p>
   </div>
   <div class='ocr_carea' id='block_1_78' title="bbox 2035 3244 3617 3326">
    <p class='ocr_par' dir='ltr' id='par_1_78' title="bbox 2035 3244 3617 3326">
     <span class='ocr_line' id='line_1_78' title="bbox 2035 3244 3617 3326; baseline -0.013 -9"><span class='ocrx_word' id='word_1_542' title='bbox 2035 3277 2160 3317; x_wconf 83' lang='lat' dir='ltr'><strong>cum</strong></span> <span class='ocrx_word' id='word_1_543' title='bbox 2207 3261 2327 3315; x_wconf 86' lang='lat' dir='ltr'><strong>suis</strong></span> <span class='ocrx_word' id='word_1_544' title='bbox 2368 3257 2539 3326; x_wconf 88' lang='lat' dir='ltr'><strong>c0piis</strong></span> <span class='ocrx_word' id='word_1_545' title='bbox 2566 3253 2829 3324; x_wconf 76' lang='lat' dir='ltr'><strong>Telephin</strong></span> <span class='ocrx_word' id='word_1_546' title='bbox 2879 3251 3126 3315; x_wconf 85' lang='lat' dir='ltr'><strong>insidens</strong></span> <span class='ocrx_word' id='word_1_547' title='bbox 3154 3253 3260 3319; x_wconf 85' lang='lat' dir='ltr'><strong>(est</strong></span> <span class='ocrx_word' id='word_1_548' title='bbox 3302 3256 3484 3301; x_wconf 87' lang='lat' dir='ltr'><strong>autem</strong></span> <span class='ocrx_word' id='word_1_549' title='bbox 3510 3244 3617 3298; x_wconf 85' lang='lat' dir='ltr'><strong>hoc</strong></span> 
     </span>
    </p>
   </div>
   <div class='ocr_carea' id='block_1_79' title="bbox 2034 3331 3618 3411">
    <p class='ocr_par' dir='ltr' id='par_1_79' title="bbox 2034 3331 3618 3411">
     <span class='ocr_line' id='line_1_79' title="bbox 2034 3331 3618 3411; baseline -0.015 -4"><span class='ocrx_word' id='word_1_550' title='bbox 2034 3352 2274 3407; x_wconf 85' lang='lat' dir='ltr'><strong>validum</strong></span> <span class='ocrx_word' id='word_1_551' title='bbox 2329 3347 2873 3411; x_wconf 72' lang='lat' dir='ltr'><strong>munitissimumque</strong></span> <span class='ocrx_word' id='word_1_552' title='bbox 2920 3333 3437 3411; x_wconf 81' lang='lat' dir='ltr'><strong>propugnaculum),</strong></span> <span class='ocrx_word' id='word_1_553' title='bbox 3489 3331 3618 3387; x_wconf 85' lang='lat' dir='ltr'><strong>dili-</strong></span> 
     </span>
    </p>
   </div>
   <div class='ocr_carea' id='block_1_80' title="bbox 2035 3426 3620 3516">
    <p class='ocr_par' dir='ltr' id='par_1_80' title="bbox 2035 3426 3620 3516">
     <span class='ocr_line' id='line_1_80' title="bbox 2035 3426 3620 3516; baseline -0.013 -17"><span class='ocrx_word' id='word_1_554' title='bbox 2035 3443 2354 3516; x_wconf 81' lang='lat' dir='ltr'><strong>gentissime</strong></span> <span class='ocrx_word' id='word_1_555' title='bbox 2378 3440 2560 3494; x_wconf 87' lang='lat' dir='ltr'><strong>aditus</strong></span> <span class='ocrx_word' id='word_1_556' title='bbox 2588 3435 2845 3492; x_wconf 84' lang='lat' dir='ltr'><strong>tuebatur</strong></span> <span class='ocrx_word' id='word_1_557' title='bbox 2871 3451 2886 3487; x_wconf 88' lang='lat'>:</span> <span class='ocrx_word' id='word_1_558' title='bbox 2916 3439 2972 3488; x_wconf 83' lang='lat' dir='ltr'><strong>ct</strong></span> <span class='ocrx_word' id='word_1_559' title='bbox 2993 3443 3073 3486; x_wconf 90' lang='lat' dir='ltr'><strong>est</strong></span> <span class='ocrx_word' id='word_1_560' title='bbox 3098 3427 3301 3499; x_wconf 88' lang='lat' dir='ltr'><strong>alioqui</strong></span> <span class='ocrx_word' id='word_1_561' title='bbox 3325 3427 3479 3481; x_wconf 88' lang='lat' dir='ltr'><strong>locus</strong></span> <span class='ocrx_word' id='word_1_562' title='bbox 3502 3426 3620 3495; x_wconf 84' lang='lat' dir='ltr'><strong>ipse</strong></span> 
     </span>
    </p>
   </div>
   <div class='ocr_carea' id='block_1_81' title="bbox 2037 3522 3618 3596">
    <p class='ocr_par' dir='ltr' id='par_1_81' title="bbox 2037 3522 3618 3596">
     <span class='ocr_line' id='line_1_81' title="bbox 2037 3522 3618 3596; baseline -0.014 -4"><span class='ocrx_word' id='word_1_563' title='bbox 2037 3550 2264 3591; x_wconf 71' lang='lat' dir='ltr'><strong>accessu</strong></span> <span class='ocrx_word' id='word_1_564' title='bbox 2294 3532 2667 3589; x_wconf 88' lang='lat' dir='ltr'><strong>dillicillimus.</strong></span> <span class='ocrx_word' id='word_1_565' title='bbox 2701 3527 2836 3581; x_wconf 88' lang='lat' dir='ltr'><strong>Nam</strong></span> <span class='ocrx_word' id='word_1_566' title='bbox 2879 3536 2934 3582; x_wconf 88' lang='lat' dir='ltr'><strong>et</strong></span> <span class='ocrx_word' id='word_1_567' title='bbox 2972 3522 3273 3596; x_wconf 69' lang='lat' dir='ltr'><strong>praecipitia</strong></span> <span class='ocrx_word' id='word_1_568' title='bbox 3307 3527 3361 3574; x_wconf 87' lang='lat' dir='ltr'><strong>et</strong></span> <span class='ocrx_word' id='word_1_569' title='bbox 3406 3531 3618 3588; x_wconf 68' lang='lat' dir='ltr'><strong>praeru-</strong></span> 
     </span>
    </p>
   </div>
   <div class='ocr_carea' id='block_1_82' title="bbox 2037 3607 3619 3695">
    <p class='ocr_par' dir='ltr' id='par_1_82' title="bbox 2037 3607 3619 3695">
     <span class='ocr_line' id='line_1_82' title="bbox 2037 3607 3619 3695; baseline -0.015 -14"><span class='ocrx_word' id='word_1_570' title='bbox 2037 3634 2143 3695; x_wconf 68' lang='lat' dir='ltr'><strong>ptaa</strong></span> <span class='ocrx_word' id='word_1_571' title='bbox 2183 3635 2348 3695; x_wconf 67' lang='lat' dir='ltr'><strong>patrm</strong></span> <span class='ocrx_word' id='word_1_572' title='bbox 2395 3623 2449 3677; x_wconf 93' lang='lat' dir='ltr'><strong>in</strong></span> <span class='ocrx_word' id='word_1_573' title='bbox 2500 3635 2562 3676; x_wconf 92' lang='lat' dir='ltr'><strong>se</strong></span> <span class='ocrx_word' id='word_1_574' title='bbox 2607 3628 2801 3674; x_wconf 91' lang='lat' dir='ltr'><strong>mutuo</strong></span> <span class='ocrx_word' id='word_1_575' title='bbox 2842 3624 3128 3685; x_wconf 74' lang='lat' dir='ltr'><strong>vergentes</strong></span> <span class='ocrx_word' id='word_1_576' title='bbox 3177 3607 3619 3681; x_wconf 83' lang='lat' dir='ltr'><strong>augustissimam</strong></span> 
     </span>
    </p>
   </div>
   <div class='ocr_carea' id='block_1_83' title="bbox 2036 3696 3619 3789">
    <p class='ocr_par' dir='ltr' id='par_1_83' title="bbox 2036 3696 3619 3789">
     <span class='ocr_line' id='line_1_83' title="bbox 2036 3696 3619 3789; baseline -0.013 -17"><span class='ocrx_word' id='word_1_577' title='bbox 2036 3718 2198 3789; x_wconf 78' lang='lat' dir='ltr'><strong>plane</strong></span> <span class='ocrx_word' id='word_1_578' title='bbox 2229 3714 2534 3785; x_wconf 74' lang='lat' dir='ltr'><strong>subiectam</strong></span> <span class='ocrx_word' id='word_1_579' title='bbox 2583 3711 2632 3767; x_wconf 90' lang='lat' dir='ltr'><strong>ei</strong></span> <span class='ocrx_word' id='word_1_580' title='bbox 2662 3713 2803 3765; x_wconf 88' lang='lat' dir='ltr'><strong>viam</strong></span> <span class='ocrx_word' id='word_1_581' title='bbox 2838 3707 3104 3770; x_wconf 81' lang='lat' dir='ltr'><strong>eiiiciunt,</strong></span> <span class='ocrx_word' id='word_1_582' title='bbox 3151 3716 3329 3773; x_wconf 85' lang='lat' dir='ltr'><strong>neque</strong></span> <span class='ocrx_word' id='word_1_583' title='bbox 3358 3701 3464 3755; x_wconf 86' lang='lat' dir='ltr'><strong>alia</strong></span> <span class='ocrx_word' id='word_1_584' title='bbox 3510 3696 3619 3752; x_wconf 87' lang='lat' dir='ltr'><strong>ulla</strong></span> 
     </span>
    </p>
   </div>
   <div class='ocr_carea' id='block_1_84' title="bbox 2038 3790 3617 3878">
    <p class='ocr_par' dir='ltr' id='par_1_84' title="bbox 2038 3790 3617 3878">
     <span class='ocr_line' id='line_1_84' title="bbox 2038 3790 3617 3878; baseline -0.013 -14"><span class='ocrx_word' id='word_1_585' title='bbox 2038 3825 2101 3864; x_wconf 79' lang='lat' dir='ltr'><strong>cx</strong></span> <span class='ocrx_word' id='word_1_586' title='bbox 2147 3818 2299 3878; x_wconf 73' lang='lat' dir='ltr'><strong>parte</strong></span> <span class='ocrx_word' id='word_1_587' title='bbox 2333 3805 2587 3875; x_wconf 84' lang='lat' dir='ltr'><strong>cuiquam</strong></span> <span class='ocrx_word' id='word_1_588' title='bbox 2641 3801 2820 3857; x_wconf 88' lang='lat' dir='ltr'><strong>aditus</strong></span> <span class='ocrx_word' id='word_1_589' title='bbox 2870 3807 3037 3869; x_wconf 84' lang='lat' dir='ltr'><strong>patet.</strong></span> <span class='ocrx_word' id='word_1_590' title='bbox 3078 3792 3431 3863; x_wconf 86' lang='lat' dir='ltr'><strong>Circumjecti</strong></span> <span class='ocrx_word' id='word_1_591' title='bbox 3471 3790 3617 3845; x_wconf 89' lang='lat' dir='ltr'><strong>enim</strong></span> 
     </span>
    </p>
   </div>
   <div class='ocr_carea' id='block_1_85' title="bbox 2037 3882 3620 3968">
    <p class='ocr_par' dir='ltr' id='par_1_85' title="bbox 2037 3882 3620 3968">
     <span class='ocr_line' id='line_1_85' title="bbox 2037 3882 3620 3968; baseline -0.013 -13"><span class='ocrx_word' id='word_1_592' title='bbox 2037 3899 2217 3968; x_wconf 87' lang='lat' dir='ltr'><strong>campi</strong></span> <span class='ocrx_word' id='word_1_593' title='bbox 2244 3909 2373 3953; x_wconf 89' lang='lat' dir='ltr'><strong>sunt</strong></span> <span class='ocrx_word' id='word_1_594' title='bbox 2402 3895 2756 3950; x_wconf 79' lang='lat' dir='ltr'><strong>vehementer</strong></span> <span class='ocrx_word' id='word_1_595' title='bbox 2794 3890 3061 3959; x_wconf 88' lang='lat' dir='ltr'><strong>palustres</strong></span> <span class='ocrx_word' id='word_1_596' title='bbox 3088 3900 3143 3941; x_wconf 90' lang='lat' dir='ltr'><strong>et</strong></span> <span class='ocrx_word' id='word_1_597' title='bbox 3173 3883 3376 3946; x_wconf 90' lang='lat' dir='ltr'><strong>limosi,</strong></span> <span class='ocrx_word' id='word_1_598' title='bbox 3418 3882 3620 3951; x_wconf 79' lang='lat' dir='ltr'><strong>quibus</strong></span> 
     </span>
    </p>
   </div>
   <div class='ocr_carea' id='block_1_86' title="bbox 2038 3970 3617 4045">
    <p class='ocr_par' dir='ltr' id='par_1_86' title="bbox 2038 3970 3617 4045">
     <span class='ocr_line' id='line_1_86' title="bbox 2038 3970 3617 4045; baseline -0.013 0"><span class='ocrx_word' id='word_1_599' title='bbox 2038 3990 2194 4045; x_wconf 81' lang='lat' dir='ltr'><strong>densi</strong></span> <span class='ocrx_word' id='word_1_600' title='bbox 2225 3989 2399 4045; x_wconf 85' lang='lat' dir='ltr'><strong>saltus</strong></span> <span class='ocrx_word' id='word_1_601' title='bbox 2444 3995 2497 4041; x_wconf 90' lang='lat' dir='ltr'><strong>et</strong></span> <span class='ocrx_word' id='word_1_602' title='bbox 2531 3996 2754 4037; x_wconf 89' lang='lat' dir='ltr'><strong>nemora</strong></span> <span class='ocrx_word' id='word_1_603' title='bbox 2802 3979 3112 4041; x_wconf 86' lang='lat' dir='ltr'><strong>imminent,</strong></span> <span class='ocrx_word' id='word_1_604' title='bbox 3156 3976 3291 4030; x_wconf 90' lang='lat' dir='ltr'><strong>adeo</strong></span> <span class='ocrx_word' id='word_1_605' title='bbox 3324 3983 3382 4028; x_wconf 86' lang='lat' dir='ltr'><strong>ut</strong></span> <span class='ocrx_word' id='word_1_606' title='bbox 3407 3972 3489 4027; x_wconf 90' lang='lat' dir='ltr'><strong>vel</strong></span> <span class='ocrx_word' id='word_1_607' title='bbox 3522 3970 3617 4025; x_wconf 92' lang='lat' dir='ltr'><strong>uni</strong></span> 
     </span>
    </p>
   </div>
   <div class='ocr_carea' id='block_1_87' title="bbox 2042 4066 3619 4149">
    <p class='ocr_par' dir='ltr' id='par_1_87' title="bbox 2042 4066 3619 4149">
     <span class='ocr_line' id='line_1_87' title="bbox 2042 4066 3619 4149; baseline -0.015 -10"><span class='ocrx_word' id='word_1_608' title='bbox 2042 4080 2203 4139; x_wconf 85' lang='lat' dir='ltr'><strong>alicui</strong></span> <span class='ocrx_word' id='word_1_609' title='bbox 2254 4080 2413 4149; x_wconf 89' lang='lat' dir='ltr'><strong>eique</strong></span> <span class='ocrx_word' id='word_1_610' title='bbox 2449 4075 2702 4145; x_wconf 78' lang='lat' dir='ltr'><strong>expedito</strong></span> <span class='ocrx_word' id='word_1_611' title='bbox 2743 4068 2983 4127; x_wconf 79' lang='lat' dir='ltr'><strong>diﬂicilis</strong></span> <span class='ocrx_word' id='word_1_612' title='bbox 3031 4069 3104 4126; x_wconf 87' lang='lat' dir='ltr'><strong>sit</strong></span> <span class='ocrx_word' id='word_1_613' title='bbox 3149 4066 3416 4122; x_wconf 88' lang='lat' dir='ltr'><strong>transitus</strong></span> <span class='ocrx_word' id='word_1_614' title='bbox 3449 4084 3461 4121; x_wconf 92' lang='lat'><strong>:</strong></span> <span class='ocrx_word' id='word_1_615' title='bbox 3495 4074 3619 4119; x_wconf 92' lang='lat' dir='ltr'><strong>tan-</strong></span> 
     </span>
    </p>
   </div>
   <div class='ocr_carea' id='block_1_88' title="bbox 2042 4157 3621 4241">
    <p class='ocr_par' dir='ltr' id='par_1_88' title="bbox 2042 4157 3621 4241">
     <span class='ocr_line' id='line_1_88' title="bbox 2042 4157 3621 4241; baseline -0.014 -9"><span class='ocrx_word' id='word_1_616' title='bbox 2042 4188 2157 4233; x_wconf 90' lang='lat' dir='ltr'><strong>tttm</strong></span> <span class='ocrx_word' id='word_1_617' title='bbox 2217 4174 2371 4228; x_wconf 89' lang='lat' dir='ltr'><strong>abest</strong></span> <span class='ocrx_word' id='word_1_618' title='bbox 2396 4168 2558 4241; x_wconf 78' lang='lat'><strong>106</strong></span> <span class='ocrx_word' id='word_1_619' title='bbox 2594 4165 2822 4222; x_wconf 83' lang='lat' dir='ltr'><strong>armatis</strong></span> <span class='ocrx_word' id='word_1_620' title='bbox 2875 4161 3207 4234; x_wconf 77' lang='lat' dir='ltr'><strong>agminibus.</strong></span> <span class='ocrx_word' id='word_1_621' title='bbox 3263 4158 3369 4213; x_wconf 85' lang='lat' dir='ltr'><strong>Sed</strong></span> <span class='ocrx_word' id='word_1_622' title='bbox 3417 4172 3486 4211; x_wconf 92' lang='lat' dir='ltr'><strong>ne</strong></span> <span class='ocrx_word' id='word_1_623' title='bbox 3540 4157 3621 4211; x_wconf 83' lang='lat' dir='ltr'><strong>sic</strong></span> 
     </span>
    </p>
   </div>
   <div class='ocr_carea' id='block_1_89' title="bbox 2044 4248 3621 4339">
    <p class='ocr_par' dir='ltr' id='par_1_89' title="bbox 2044 4248 3621 4339">
     <span class='ocr_line' id='line_1_89' title="bbox 2044 4248 3621 4339; baseline -0.014 -15"><span class='ocrx_word' id='word_1_624' title='bbox 2044 4268 2265 4339; x_wconf 82' lang='lat' dir='ltr'><strong>quidem</strong></span> <span class='ocrx_word' id='word_1_625' title='bbox 2293 4262 2526 4318; x_wconf 81' lang='lat' dir='ltr'><strong>Romani</strong></span> <span class='ocrx_word' id='word_1_626' title='bbox 2562 4260 2732 4314; x_wconf 88' lang='lat' dir='ltr'><strong>nllmn</strong></span> <span class='ocrx_word' id='word_1_627' title='bbox 2763 4257 3007 4311; x_wconf 88' lang='lat' dir='ltr'><strong>laborem</strong></span> <span class='ocrx_word' id='word_1_628' title='bbox 3039 4250 3535 4322; x_wconf 72' lang='lat' dir='ltr'><strong>praetermittentes,</strong></span> <span class='ocrx_word' id='word_1_629' title='bbox 3575 4248 3621 4302; x_wconf 91' lang='lat' dir='ltr'><strong>si</strong></span> 
     </span>
    </p>
   </div>
   <div class='ocr_carea' id='block_1_90' title="bbox 2043 4342 3619 4426">
    <p class='ocr_par' dir='ltr' id='par_1_90' title="bbox 2043 4342 3619 4426">
     <span class='ocr_line' id='line_1_90' title="bbox 2043 4342 3619 4426; baseline -0.016 -17"><span class='ocrx_word' id='word_1_630' title='bbox 2043 4370 2204 4426; x_wconf 90' lang='lat' dir='ltr'><strong>quem</strong></span> <span class='ocrx_word' id='word_1_631' title='bbox 2259 4350 2472 4420; x_wconf 87' lang='lat' dir='ltr'><strong>uspiam</strong></span> <span class='ocrx_word' id='word_1_632' title='bbox 2513 4344 2912 4416; x_wconf 85' lang='lat' dir='ltr'><strong>comperissent</strong></span> <span class='ocrx_word' id='word_1_633' title='bbox 2957 4342 3137 4395; x_wconf 89' lang='lat' dir='ltr'><strong>locum</strong></span> <span class='ocrx_word' id='word_1_634' title='bbox 3188 4351 3379 4407; x_wconf 89' lang='lat' dir='ltr'><strong>parum</strong></span> <span class='ocrx_word' id='word_1_635' title='bbox 3420 4345 3619 4398; x_wconf 88' lang='lat' dir='ltr'><strong>tntum,</strong></span> 
     </span>
    </p>
   </div>
   <div class='ocr_carea' id='block_1_91' title="bbox 2043 4427 3626 4521">
    <p class='ocr_par' dir='ltr' id='par_1_91' title="bbox 2043 4427 3626 4521">
     <span class='ocr_line' id='line_1_91' title="bbox 2043 4427 3626 4521; baseline -0.017 -15"><span class='ocrx_word' id='word_1_636' title='bbox 2043 4450 2248 4521; x_wconf 90' lang='lat' dir='ltr'><strong>quique</strong></span> <span class='ocrx_word' id='word_1_637' title='bbox 2294 4446 2571 4501; x_wconf 90' lang='lat' dir='ltr'><strong>videretur</strong></span> <span class='ocrx_word' id='word_1_638' title='bbox 2603 4438 2827 4495; x_wconf 83' lang='lat' dir='ltr'><strong>transiri</strong></span> <span class='ocrx_word' id='word_1_639' title='bbox 2877 4449 3061 4506; x_wconf 90' lang='lat' dir='ltr'><strong>posse,</strong></span> <span class='ocrx_word' id='word_1_640' title='bbox 3116 4444 3243 4487; x_wconf 90' lang='lat' dir='ltr'><strong>eum</strong></span> <span class='ocrx_word' id='word_1_641' title='bbox 3294 4427 3524 4485; x_wconf 87' lang='lat' dir='ltr'><strong>sudibus</strong></span> <span class='ocrx_word' id='word_1_642' title='bbox 3571 4433 3626 4480; x_wconf 90' lang='lat' dir='ltr'><strong>et</strong></span> 
     </span>
    </p>
   </div>
   <div class='ocr_carea' id='block_1_92' title="bbox 346 4516 1927 4607">
    <p class='ocr_par' dir='ltr' id='par_1_92' title="bbox 346 4531 1927 4607">
     <span class='ocr_line' id='line_1_92' title="bbox 346 4531 1927 4607; baseline 0.002 -22"><span class='ocrx_word' id='word_1_643' title='bbox 346 4531 469 4585; x_wconf 77' lang='grc' dir='ltr'><strong>τῶν</strong></span> <span class='ocrx_word' id='word_1_644' title='bbox 521 4532 705 4587; x_wconf 83' lang='grc' dir='ltr'><strong>τόπων</strong></span> <span class='ocrx_word' id='word_1_645' title='bbox 754 4534 1024 4606; x_wconf 80' lang='grc' dir='ltr'><strong>σφαλερόν</strong></span> <span class='ocrx_word' id='word_1_646' title='bbox 1074 4551 1132 4588; x_wconf 86' lang='grc' dir='ltr'><strong>τε</strong></span> <span class='ocrx_word' id='word_1_647' title='bbox 1163 4536 1256 4589; x_wconf 69' lang='grc' dir='ltr'><strong>καὶ</strong></span> <span class='ocrx_word' id='word_1_648' title='bbox 1312 4534 1564 4607; x_wconf 81' lang='grc' dir='ltr'><strong>βάσιμον,</strong></span> <span class='ocrx_word' id='word_1_649' title='bbox 1612 4535 1811 4590; x_wconf 75' lang='grc' dir='ltr'><strong>αὐτίκα</strong></span> <span class='ocrx_word' id='word_1_650' title='bbox 1849 4535 1927 4601; x_wconf 71' lang='grc' dir='ltr'><strong>ξύ-</strong></span> 
     </span>
    </p>
   </div>
   <div class='ocr_carea' id='block_1_93' title="bbox 2030 4516 3620 4607">
    <p class='ocr_par' dir='ltr' id='par_1_93' title="bbox 2046 4516 3620 4593">
     <span class='ocr_line' id='line_1_93' title="bbox 2046 4516 3620 4593; baseline -0.014 -3"><span class='ocrx_word' id='word_1_651' title='bbox 2046 4516 2197 4590; x_wconf 69' lang='grc' dir='ltr'><strong>έωςίέ</strong></span> <span class='ocrx_word' id='word_1_652' title='bbox 2230 4530 2609 4593; x_wconf 87' lang='lat' dir='ltr'><strong>obstruebant,</strong></span> <span class='ocrx_word' id='word_1_653' title='bbox 2660 4525 2990 4591; x_wconf 87' lang='lat' dir='ltr'><strong>assidueque</strong></span> <span class='ocrx_word' id='word_1_654' title='bbox 3031 4519 3181 4592; x_wconf 89' lang='lat' dir='ltr'><strong>operi</strong></span> <span class='ocrx_word' id='word_1_655' title='bbox 3213 4524 3370 4573; x_wconf 79' lang='lat' dir='ltr'><strong>era’nt</strong></span> <span class='ocrx_word' id='word_1_656' title='bbox 3404 4516 3620 4570; x_wconf 88' lang='lat' dir='ltr'><strong>intenti.</strong></span> 
     </span>
    </p>
   </div>
   <div class='ocr_carea' id='block_1_94' title="bbox 350 4623 1941 4698">
    <p class='ocr_par' dir='ltr' id='par_1_94' title="bbox 350 4623 1941 4698">
     <span class='ocr_line' id='line_1_94' title="bbox 350 4623 1941 4698; baseline 0.002 -22"><span class='ocrx_word' id='word_1_657' title='bbox 350 4624 475 4688; x_wconf 71' lang='grc' dir='ltr'><strong>λοις</strong></span> <span class='ocrx_word' id='word_1_658' title='bbox 528 4641 589 4677; x_wconf 87' lang='grc' dir='ltr'><strong>τε</strong></span> <span class='ocrx_word' id='word_1_659' title='bbox 612 4623 710 4678; x_wconf 78' lang='grc' dir='ltr'><strong>καὶ</strong></span> <span class='ocrx_word' id='word_1_660' title='bbox 733 4624 903 4689; x_wconf 89' lang='grc' dir='ltr'><strong>λίθοις</strong></span> <span class='ocrx_word' id='word_1_661' title='bbox 928 4625 1348 4698; x_wconf 83' lang='grc' dir='ltr'><strong>περιέφραττον,</strong></span> <span class='ocrx_word' id='word_1_662' title='bbox 1380 4626 1476 4679; x_wconf 79' lang='grc' dir='ltr'><strong>καὶ</strong></span> <span class='ocrx_word' id='word_1_663' title='bbox 1523 4625 1674 4697; x_wconf 82' lang='grc' dir='ltr'><strong>θαμὰ</strong></span> <span class='ocrx_word' id='word_1_664' title='bbox 1698 4628 1757 4678; x_wconf 88' lang='grc' dir='ltr'><strong>ἐν</strong></span> <span class='ocrx_word' id='word_1_665' title='bbox 1794 4629 1941 4679; x_wconf 86' lang='grc' dir='ltr'><strong>τοῖσ-</strong></span> 
     </span>
    </p>
   </div>
   <div class='ocr_carea' id='block_1_95' title="bbox 356 4711 1941 4789">
    <p class='ocr_par' dir='ltr' id='par_1_95' title="bbox 356 4711 1941 4789">
     <span class='ocr_line' id='line_1_95' title="bbox 356 4711 1941 4789; baseline 0.001 -22"><span class='ocrx_word' id='word_1_666' title='bbox 356 4714 417 4767; x_wconf 76' lang='grc' dir='ltr'><strong>δε</strong></span> <span class='ocrx_word' id='word_1_667' title='bbox 452 4713 739 4784; x_wconf 85' lang='grc' dir='ltr'><strong>ἐμόχθουν.</strong></span> <span class='ocrx_word' id='word_1_668' title='bbox 782 4716 1212 4789; x_wconf 86' lang='grc' dir='ltr'><strong>Διαπορουμένῳ</strong></span> <span class='ocrx_word' id='word_1_669' title='bbox 1259 4716 1322 4787; x_wconf 86' lang='grc' dir='ltr'><strong>δὴ</strong></span> <span class='ocrx_word' id='word_1_670' title='bbox 1366 4711 1459 4769; x_wconf 81' lang='grc' dir='ltr'><strong>οὖν</strong></span> <span class='ocrx_word' id='word_1_671' title='bbox 1518 4715 1577 4768; x_wconf 92' lang='grc' dir='ltr'><strong>ἐν</strong></span> <span class='ocrx_word' id='word_1_672' title='bbox 1631 4716 1747 4778; x_wconf 80' lang='grc' dir='ltr'><strong>τοῖς</strong></span> <span class='ocrx_word' id='word_1_673' title='bbox 1799 4732 1941 4787; x_wconf 85' lang='grc' dir='ltr'><strong>παρ-</strong></span> 
     </span>
    </p>
   </div>
   <div class='ocr_carea' id='block_1_96' title="bbox 355 4804 1941 4879">
    <p class='ocr_par' dir='ltr' id='par_1_96' title="bbox 355 4804 1941 4879">
     <span class='ocr_line' id='line_1_96' title="bbox 355 4804 1941 4879; baseline -0.001 -19"><span class='ocrx_word' id='word_1_674' title='bbox 355 4805 481 4860; x_wconf 80' lang='grc' dir='ltr'><strong>οῦσι</strong></span> <span class='ocrx_word' id='word_1_675' title='bbox 528 4804 609 4876; x_wconf 85' lang='grc' dir='ltr'><strong>τῷ</strong></span> <span class='ocrx_word' id='word_1_676' title='bbox 668 4807 971 4879; x_wconf 82' lang='grc' dir='ltr'><strong>Μερμερόῃ</strong></span> <span class='ocrx_word' id='word_1_677' title='bbox 1035 4805 1133 4860; x_wconf 64' lang='lat' dir='ltr'><strong>atat</strong></span> <span class='ocrx_word' id='word_1_678' title='bbox 1199 4805 1430 4861; x_wconf 79' lang='grc' dir='ltr'><strong>πλεῖστα</strong></span> <span class='ocrx_word' id='word_1_679' title='bbox 1494 4805 1941 4878; x_wconf 78' lang='grc' dir='ltr'><strong>διαλογιζομένῳ,</strong></span> 
     </span>
    </p>
   </div>
   <div class='ocr_carea' id='block_1_97' title="bbox 358 4896 1944 4969">
    <p class='ocr_par' dir='ltr' id='par_1_97' title="bbox 358 4896 1944 4969">
     <span class='ocr_line' id='line_1_97' title="bbox 358 4896 1944 4969; baseline 0.001 -19"><span class='ocrx_word' id='word_1_680' title='bbox 358 4898 674 4969; x_wconf 79' lang='grc' dir='ltr'><strong>προσῆλθεν</strong></span> <span class='ocrx_word' id='word_1_681' title='bbox 748 4897 1099 4962; x_wconf 81' lang='grc' dir='ltr'><strong>διανοεῖσθαι,</strong></span> <span class='ocrx_word' id='word_1_682' title='bbox 1144 4896 1220 4961; x_wconf 83' lang='grc' dir='ltr'><strong>ὡς</strong></span> <span class='ocrx_word' id='word_1_683' title='bbox 1270 4896 1327 4950; x_wconf 82' lang='grc' dir='ltr'><strong>εῐ</strong></span> <span class='ocrx_word' id='word_1_684' title='bbox 1376 4913 1441 4967; x_wconf 87' lang='grc' dir='ltr'><strong>γε</strong></span> <span class='ocrx_word' id='word_1_685' title='bbox 1493 4897 1766 4968; x_wconf 80' lang='grc' dir='ltr'><strong>ὀτῳδηοῦν</strong></span> <span class='ocrx_word' id='word_1_686' title='bbox 1820 4898 1944 4967; x_wconf 80' lang='grc' dir='ltr'><strong>τρόο</strong></span> 
     </span>
    </p>
   </div>
   <div class='ocr_carea' id='block_1_98' title="bbox 361 4988 1947 5062">
    <p class='ocr_par' dir='ltr' id='par_1_98' title="bbox 361 4988 1947 5062">
     <span class='ocr_line' id='line_1_98' title="bbox 361 4988 1947 5062; baseline -0.001 -18"><span class='ocrx_word' id='word_1_687' title='bbox 361 5009 455 5062; x_wconf 83' lang='grc' dir='ltr'><strong>πῳ</strong></span> <span class='ocrx_word' id='word_1_688' title='bbox 503 4990 746 5045; x_wconf 88' lang='grc' dir='ltr'><strong>διαλύσοι</strong></span> <span class='ocrx_word' id='word_1_689' title='bbox 795 4991 845 5024; x_wconf 81' lang='grc'><strong><em>⁵³</em></strong></span> <span class='ocrx_word' id='word_1_690' title='bbox 886 4989 987 5060; x_wconf 77' lang='grc' dir='ltr'><strong>τὴν</strong></span> <span class='ocrx_word' id='word_1_691' title='bbox 1017 4989 1262 5062; x_wconf 71' lang='grc' dir='ltr'><strong>φρουρὰν</strong></span> <span class='ocrx_word' id='word_1_692' title='bbox 1310 4990 1418 5044; x_wconf 83' lang='grc' dir='ltr'><strong>τῶν</strong></span> <span class='ocrx_word' id='word_1_693' title='bbox 1482 4989 1791 5060; x_wconf 84' lang='grc' dir='ltr'><strong>Ῥωμαίων,</strong></span> <span class='ocrx_word' id='word_1_694' title='bbox 1849 4988 1947 5043; x_wconf 72' lang='grc' dir='ltr'><strong>καὶ</strong></span> 
     </span>
    </p>
   </div>
   <div class='ocr_carea' id='block_1_99' title="bbox 356 5080 1944 5154">
    <p class='ocr_par' dir='ltr' id='par_1_99' title="bbox 356 5080 1944 5154">
     <span class='ocr_line' id='line_1_99' title="bbox 356 5080 1944 5154; baseline 0 -20"><span class='ocrx_word' id='word_1_695' title='bbox 356 5084 548 5154; x_wconf 73' lang='grc' dir='ltr'><strong>ἠρέμα</strong></span> <span class='ocrx_word' id='word_1_696' title='bbox 591 5080 886 5148; x_wconf 85' lang='grc' dir='ltr'><strong>ἀπώσοιτο,</strong></span> <span class='ocrx_word' id='word_1_697' title='bbox 917 5081 978 5135; x_wconf 81' lang='grc' dir='ltr'><strong>οὐ</strong></span> <span class='ocrx_word' id='word_1_698' title='bbox 1010 5083 1244 5151; x_wconf 83' lang='grc' dir='ltr'><strong>πάμπαν</strong></span> <span class='ocrx_word' id='word_1_699' title='bbox 1272 5081 1423 5151; x_wconf 82' lang='grc' dir='ltr'><strong>αὐτῷ</strong></span> <span class='ocrx_word' id='word_1_700' title='bbox 1452 5080 1519 5133; x_wconf 83' lang='grc' dir='ltr'><strong>τὰ</strong></span> <span class='ocrx_word' id='word_1_701' title='bbox 1571 5081 1628 5143; x_wconf 84' lang='grc' dir='ltr'><strong>ἐς</strong></span> <span class='ocrx_word' id='word_1_702' title='bbox 1665 5080 1768 5151; x_wconf 84' lang='grc' dir='ltr'><strong>τὴν</strong></span> <span class='ocrx_word' id='word_1_703' title='bbox 1825 5080 1944 5134; x_wconf 81' lang='grc' dir='ltr'><strong>διά-</strong></span> 
     </span>
    </p>
   </div>
   <div class='ocr_carea' id='block_1_100' title="bbox 361 5172 1941 5249">
    <p class='ocr_par' dir='ltr' id='par_1_100' title="bbox 361 5172 1941 5249">
     <span class='ocr_line' id='line_1_100' title="bbox 361 5172 1941 5249; baseline 0 -21"><span class='ocrx_word' id='word_1_704' title='bbox 361 5174 526 5249; x_wconf 72' lang='grc' dir='ltr'><strong>ϐασιν</strong></span> <span class='ocrx_word' id='word_1_705' title='bbox 579 5173 664 5247; x_wconf 87' lang='grc' dir='ltr'><strong>[Ρ.</strong></span> <span class='ocrx_word' id='word_1_706' title='bbox 695 5172 812 5247; x_wconf 84' lang='grc'><strong>57.]</strong></span> <span class='ocrx_word' id='word_1_707' title='bbox 843 5173 1084 5244; x_wconf 81' lang='grc' dir='ltr'><strong>ἀνήνυτα</strong></span> <span class='ocrx_word' id='word_1_708' title='bbox 1139 5172 1313 5228; x_wconf 83' lang='grc' dir='ltr'><strong>ἐσται.</strong></span> <span class='ocrx_word' id='word_1_709' title='bbox 1368 5173 1652 5243; x_wconf 81' lang='grc' dir='ltr'><strong>Πολεμξων</strong></span> <span class='ocrx_word' id='word_1_710' title='bbox 1686 5174 1786 5245; x_wconf 90' lang='grc' dir='ltr'><strong>μέν</strong></span> <span class='ocrx_word' id='word_1_711' title='bbox 1831 5174 1941 5244; x_wconf 80' lang='grc' dir='ltr'><strong>γὰρ</strong></span> 
     </span>
    </p>
   </div>
   <div class='ocr_carea' id='block_1_101' title="bbox 2046 4610 3627 4697">
    <p class='ocr_par' dir='ltr' id='par_1_101' title="bbox 2046 4610 3627 4697">
     <span class='ocr_line' id='line_1_101' title="bbox 2046 4610 3627 4697; baseline -0.013 -15"><span class='ocrx_word' id='word_1_712' title='bbox 2046 4626 2353 4697; x_wconf 81' lang='lat' dir='ltr'><strong>Ambigenti</strong></span> <span class='ocrx_word' id='word_1_713' title='bbox 2396 4625 2580 4694; x_wconf 79' lang='lat' dir='ltr'><strong>itaque</strong></span> <span class='ocrx_word' id='word_1_714' title='bbox 2616 4621 2770 4675; x_wconf 81' lang='lat' dir='ltr'><strong>hisee</strong></span> <span class='ocrx_word' id='word_1_715' title='bbox 2808 4620 2864 4673; x_wconf 91' lang='lat' dir='ltr'><strong>in</strong></span> <span class='ocrx_word' id='word_1_716' title='bbox 2914 4617 3081 4673; x_wconf 82' lang='lat' dir='ltr'><strong>rebus</strong></span> <span class='ocrx_word' id='word_1_717' title='bbox 3127 4612 3411 4668; x_wconf 80' lang='lat' dir='ltr'><strong>Mermeroi</strong></span> <span class='ocrx_word' id='word_1_718' title='bbox 3456 4610 3627 4680; x_wconf 86' lang='lat' dir='ltr'><strong>pluri-</strong></span> 
     </span>
    </p>
   </div>
   <div class='ocr_carea' id='block_1_102' title="bbox 2047 4708 3657 4793">
    <p class='ocr_par' dir='ltr' id='par_1_102' title="bbox 2047 4708 3657 4793">
     <span class='ocr_line' id='line_1_102' title="bbox 2047 4708 3657 4793; baseline -0.012 -15"><span class='ocrx_word' id='word_1_719' title='bbox 2047 4737 2248 4793; x_wconf 89' lang='lat' dir='ltr'><strong>maque</strong></span> <span class='ocrx_word' id='word_1_720' title='bbox 2273 4735 2458 4778; x_wconf 82' lang='lat' dir='ltr'><strong>secum</strong></span> <span class='ocrx_word' id='word_1_721' title='bbox 2495 4715 2796 4788; x_wconf 88' lang='lat' dir='ltr'><strong>reputanti,</strong></span> <span class='ocrx_word' id='word_1_722' title='bbox 2836 4714 2955 4768; x_wconf 65' lang='lat' dir='ltr'><strong>haec</strong></span> <span class='ocrx_word' id='word_1_723' title='bbox 2992 4708 3258 4782; x_wconf 74' lang='lat' dir='ltr'><strong>cogitatio</strong></span> <span class='ocrx_word' id='word_1_724' title='bbox 3300 4708 3355 4762; x_wconf 91' lang='lat' dir='ltr'><strong>in</strong></span> <span class='ocrx_word' id='word_1_725' title='bbox 3387 4714 3657 4760; x_wconf 84' lang='lat' dir='ltr'><strong>mentem.</strong></span> 
     </span>
    </p>
   </div>
   <div class='ocr_carea' id='block_1_103' title="bbox 2046 4797 3627 4885">
    <p class='ocr_par' dir='ltr' id='par_1_103' title="bbox 2046 4797 3627 4885">
     <span class='ocr_line' id='line_1_103' title="bbox 2046 4797 3627 4885; baseline -0.015 -14"><span class='ocrx_word' id='word_1_726' title='bbox 2046 4816 2217 4881; x_wconf 81' lang='lat' dir='ltr'><strong>&#39;venit,</strong></span> <span class='ocrx_word' id='word_1_727' title='bbox 2248 4814 2294 4871; x_wconf 88' lang='lat' dir='ltr'><strong>si</strong></span> <span class='ocrx_word' id='word_1_728' title='bbox 2320 4824 2647 4885; x_wconf 91' lang='lat' dir='ltr'><strong>quacunque</strong></span> <span class='ocrx_word' id='word_1_729' title='bbox 2671 4807 2885 4863; x_wconf 89' lang='lat' dir='ltr'><strong>ratione</strong></span> <span class='ocrx_word' id='word_1_730' title='bbox 2911 4797 3233 4876; x_wconf 62' lang='lat' dir='ltr'><strong>praesidium</strong></span> <span class='ocrx_word' id='word_1_731' title='bbox 3252 4801 3627 4855; x_wconf 77' lang='lat' dir='ltr'><strong>Romanorum</strong></span> 
     </span>
    </p>
   </div>
   <div class='ocr_carea' id='block_1_104' title="bbox 2049 4887 3630 4973">
    <p class='ocr_par' dir='ltr' id='par_1_104' title="bbox 2049 4887 3630 4973">
     <span class='ocr_line' id='line_1_104' title="bbox 2049 4887 3630 4973; baseline -0.016 -10"><span class='ocrx_word' id='word_1_732' title='bbox 2049 4907 2260 4963; x_wconf 82' lang='lat' dir='ltr'><strong>solvere</strong></span> <span class='ocrx_word' id='word_1_733' title='bbox 2310 4904 2626 4973; x_wconf 90' lang='lat' dir='ltr'><strong>sensimque</strong></span> <span class='ocrx_word' id='word_1_734' title='bbox 2662 4912 2946 4954; x_wconf 88' lang='lat' dir='ltr'><strong>removere</strong></span> <span class='ocrx_word' id='word_1_735' title='bbox 2983 4902 3189 4966; x_wconf 84' lang='lat' dir='ltr'><strong>posset,</strong></span> <span class='ocrx_word' id='word_1_736' title='bbox 3249 4907 3356 4946; x_wconf 89' lang='lat' dir='ltr'><strong>non</strong></span> <span class='ocrx_word' id='word_1_737' title='bbox 3398 4887 3630 4945; x_wconf 86' lang='lat' dir='ltr'><strong>omnino</strong></span> 
     </span>
    </p>
   </div>
   <div class='ocr_carea' id='block_1_105' title="bbox 2045 4978 3633 5053">
    <p class='ocr_par' dir='ltr' id='par_1_105' title="bbox 2045 4978 3633 5053">
     <span class='ocr_line' id='line_1_105' title="bbox 2045 4978 3633 5053; baseline -0.013 0"><span class='ocrx_word' id='word_1_738' title='bbox 2045 4998 2263 5053; x_wconf 88' lang='lat' dir='ltr'><strong>irritum</strong></span> <span class='ocrx_word' id='word_1_739' title='bbox 2314 4995 2418 5052; x_wconf 91' lang='lat' dir='ltr'><strong>sibi</strong></span> <span class='ocrx_word' id='word_1_740' title='bbox 2466 4992 2731 5049; x_wconf 89' lang='lat' dir='ltr'><strong>transitus</strong></span> <span class='ocrx_word' id='word_1_741' title='bbox 2776 4988 2862 5045; x_wconf 90' lang='lat' dir='ltr'><strong>sui</strong></span> <span class='ocrx_word' id='word_1_742' title='bbox 2914 4983 3342 5044; x_wconf 70' lang='lat' dir='ltr'><strong>conatum-fore.</strong></span> <span class='ocrx_word' id='word_1_743' title='bbox 3372 4978 3633 5035; x_wconf 77' lang='lat' dir='ltr'><strong>Hostilius</strong></span> 
     </span>
    </p>
   </div>
   <div class='ocr_carea' id='block_1_106' title="bbox 2045 5070 3629 5140">
    <p class='ocr_par' dir='ltr' id='par_1_106' title="bbox 2045 5070 3629 5140">
     <span class='ocr_line' id='line_1_106' title="bbox 2045 5070 3629 5140; baseline -0.014 0"><span class='ocrx_word' id='word_1_744' title='bbox 2045 5086 2190 5140; x_wconf 86' lang='lat' dir='ltr'><strong>enim</strong></span> <span class='ocrx_word' id='word_1_745' title='bbox 2229 5082 2450 5140; x_wconf 82' lang='lat' dir='ltr'><strong>assidue</strong></span> <span class='ocrx_word' id='word_1_746' title='bbox 2490 5080 2612 5136; x_wconf 89' lang='lat' dir='ltr'><strong>loco</strong></span> <span class='ocrx_word' id='word_1_747' title='bbox 2650 5075 3043 5139; x_wconf 86' lang='lat' dir='ltr'><strong>insidentibus,</strong></span> <span class='ocrx_word' id='word_1_748' title='bbox 3078 5070 3196 5133; x_wconf 64' lang='lat' dir='ltr'><strong>ileyi</strong></span> <span class='ocrx_word' id='word_1_749' title='bbox 3249 5084 3357 5123; x_wconf 89' lang='lat' dir='ltr'><strong>non</strong></span> <span class='ocrx_word' id='word_1_750' title='bbox 3393 5072 3629 5138; x_wconf 85' lang='lat' dir='ltr'><strong>poterat,</strong></span> 
     </span>
    </p>
   </div>
   <div class='ocr_carea' id='block_1_107' title="bbox 2045 5156 3632 5241">
    <p class='ocr_par' dir='ltr' id='par_1_107' title="bbox 2045 5156 3632 5241">
     <span class='ocr_line' id='line_1_107' title="bbox 2045 5156 3632 5241; baseline -0.014 -13"><span class='ocrx_word' id='word_1_751' title='bbox 2045 5182 2104 5228; x_wconf 91' lang='lat' dir='ltr'><strong>ut</strong></span> <span class='ocrx_word' id='word_1_752' title='bbox 2142 5172 2433 5241; x_wconf 72' lang='lat' dir='ltr'><strong>utriusque</strong></span> <span class='ocrx_word' id='word_1_753' title='bbox 2474 5167 2583 5222; x_wconf 74' lang='lat' dir='ltr'><strong>voti</strong></span> <span class='ocrx_word' id='word_1_754' title='bbox 2614 5164 2700 5223; x_wconf 79' lang='lat' dir='ltr'><strong>sui</strong></span> <span class='ocrx_word' id='word_1_755' title='bbox 2736 5174 2960 5234; x_wconf 79' lang='lat' dir='ltr'><strong>COmpOS</strong></span> <span class='ocrx_word' id='word_1_756' title='bbox 3007 5161 3182 5217; x_wconf 81' lang='lat' dir='ltr'><strong>ﬁeret.</strong></span> <span class='ocrx_word' id='word_1_757' title='bbox 3216 5156 3326 5213; x_wconf 87' lang='lat' dir='ltr'><strong>Illis</strong></span> <span class='ocrx_word' id='word_1_758' title='bbox 3370 5168 3501 5213; x_wconf 81' lang='lat' dir='ltr'><strong>vero</strong></span> <span class='ocrx_word' id='word_1_759' title='bbox 3544 5167 3632 5207; x_wconf 85' lang='lat' dir='ltr'><strong>re-</strong></span> 
     </span>
    </p>
   </div>
   <div class='ocr_carea' id='block_1_108' title="bbox 1657 5341 2349 5402">
    <p class='ocr_par' dir='ltr' id='par_1_108' title="bbox 1657 5341 2349 5402">
     <span class='ocr_line' id='line_1_108' title="bbox 1657 5341 2349 5402; baseline -0.003 -3"><span class='ocrx_word' id='word_1_760' title='bbox 1657 5344 1892 5402; x_wconf 70' lang='lat' dir='ltr'><strong>VARIAS</strong></span> <span class='ocrx_word' id='word_1_761' title='bbox 1934 5341 2349 5402; x_wconf 79' lang='lat' dir='ltr'><strong>LECTIONES.</strong></span> 
     </span>
    </p>
   </div>
   <div class='ocr_carea' id='block_1_109' title="bbox 442 5530 842 5599">
    <p class='ocr_par' dir='ltr' id='par_1_109' title="bbox 442 5530 842 5599">
     <span class='ocr_line' id='line_1_109' title="bbox 442 5530 842 5599; baseline -0.003 0"><span class='ocrx_word' id='word_1_762' title='bbox 442 5532 489 5565; x_wconf 81' lang='lat'>&quot;</span> <span class='ocrx_word' id='word_1_763' title='bbox 524 5530 655 5599; x_wconf 71' lang='lat' dir='ltr'><strong>Post</strong></span> <span class='ocrx_word' id='word_1_764' title='bbox 702 5532 842 5599; x_wconf 67' lang='grc' dir='ltr'><strong>ὁμυγ</strong></span> 
     </span>
    </p>
   </div>
   <div class='ocr_carea' id='block_1_110' title="bbox 365 5592 1974 5727">
    <p class='ocr_par' dir='ltr' id='par_1_110' title="bbox 365 5592 1974 5727">
     <span class='ocr_line' id='line_1_110' title="bbox 365 5592 1974 5670; baseline -0.006 -12"><span class='ocrx_word' id='word_1_765' title='bbox 365 5592 750 5670; x_wconf 42' lang='grc' dir='ltr'><strong>ωσι-κλῖναι(</strong></span> <span class='ocrx_word' id='word_1_766' title='bbox 805 5592 850 5634; x_wconf 69' lang='lat'><strong>‘9</strong></span> <span class='ocrx_word' id='word_1_767' title='bbox 882 5592 1023 5669; x_wconf 75' lang='grc' dir='ltr'><strong>ἀμφὶ</strong></span> <span class='ocrx_word' id='word_1_768' title='bbox 1067 5598 1173 5665; x_wconf 77' lang='grc' dir='ltr'><strong>ἀνᾲ</strong></span> <span class='ocrx_word' id='word_1_769' title='bbox 1219 5614 1270 5651; x_wconf 89' lang='grc' dir='ltr'><strong>τ.</strong></span> <span class='ocrx_word' id='word_1_770' title='bbox 1310 5592 1522 5661; x_wconf 47' lang='lat' dir='ltr'><strong>Elii“.</strong></span> <span class='ocrx_word' id='word_1_771' title='bbox 1599 5598 1644 5629; x_wconf 78' lang='grc'><strong>⁵⁰</strong></span> <span class='ocrx_word' id='word_1_772' title='bbox 1687 5592 1875 5665; x_wconf 73' lang='grc' dir='ltr'><strong>στράτ.</strong></span> <span class='ocrx_word' id='word_1_773' title='bbox 1914 5612 1974 5649; x_wconf 86' lang='grc' dir='ltr'><strong>τε</strong></span> 
     </span>
     <span class='ocr_line' id='line_1_111' title="bbox 365 5664 1971 5727; baseline -0.006 0"><span class='ocrx_word' id='word_1_774' title='bbox 365 5679 465 5727; x_wconf 75' lang='grc' dir='ltr'><strong>καὶ</strong></span> <span class='ocrx_word' id='word_1_775' title='bbox 508 5671 573 5727; x_wconf 70' lang='lat' dir='ltr'><strong>ii.</strong></span> <span class='ocrx_word' id='word_1_776' title='bbox 605 5671 662 5724; x_wconf 84' lang='grc' dir='ltr'><strong>δέ</strong></span> <span class='ocrx_word' id='word_1_777' title='bbox 707 5688 768 5725; x_wconf 85' lang='grc' dir='ltr'><strong>τε</strong></span> <span class='ocrx_word' id='word_1_778' title='bbox 827 5672 921 5726; x_wconf 84' lang='grc' dir='ltr'><strong>καί</strong></span> <span class='ocrx_word' id='word_1_779' title='bbox 951 5670 1096 5727; x_wconf 69' lang='lat' dir='ltr'><strong>vulg.</strong></span> <span class='ocrx_word' id='word_1_780' title='bbox 1168 5667 1214 5700; x_wconf 81' lang='grc'>⁸¹</span> <span class='ocrx_word' id='word_1_781' title='bbox 1256 5667 1630 5727; x_wconf 76' lang='grc' dir='ltr'><strong>Ἀργαιοπόλει</strong></span> <span class='ocrx_word' id='word_1_782' title='bbox 1688 5664 1971 5727; x_wconf 75' lang='lat' dir='ltr'><strong>|l,Lugd.,</strong></span> 
     </span>
    </p>
   </div>
   <div class='ocr_carea' id='block_1_111' title="bbox 364 5682 3057 5808">
    <p class='ocr_par' dir='ltr' id='par_1_111' title="bbox 364 5682 3057 5808">
     <span class='ocr_line' id='line_1_112' title="bbox 364 5682 3032 5740; baseline -0.009 -12"><span class='ocrx_word' id='word_1_783' title='bbox 364 5682 465 5728; x_wconf 74' lang='grc' dir='ltr'><strong>καὶ</strong></span> <span class='ocrx_word' id='word_1_784' title='bbox 508 5682 573 5732; x_wconf 71' lang='grc' dir='ltr'><strong>ιι,</strong></span> <span class='ocrx_word' id='word_1_785' title='bbox 605 5682 662 5724; x_wconf 76' lang='grc' dir='ltr'><strong>σε</strong></span> <span class='ocrx_word' id='word_1_786' title='bbox 707 5688 768 5725; x_wconf 86' lang='grc' dir='ltr'><strong>τε</strong></span> <span class='ocrx_word' id='word_1_787' title='bbox 827 5682 921 5726; x_wconf 78' lang='grc' dir='ltr'><strong>καὶ</strong></span> <span class='ocrx_word' id='word_1_788' title='bbox 951 5682 1096 5740; x_wconf 75' lang='lat' dir='ltr'><strong>vulg.</strong></span> <span class='ocrx_word' id='word_1_789' title='bbox 1168 5682 1214 5700; x_wconf 88' lang='lat'><strong>&quot;</strong></span> <span class='ocrx_word' id='word_1_790' title='bbox 1262 5682 1630 5738; x_wconf 72' lang='grc' dir='ltr'><strong>Ἀρχαιοπολει</strong></span> <span class='ocrx_word' id='word_1_791' title='bbox 1689 5682 1971 5733; x_wconf 76' lang='lat' dir='ltr'><strong>It,Lttgu.,</strong></span> <span class='ocrx_word' id='word_1_792' title='bbox 2016 5682 2501 5736; x_wconf 64' lang='grc' dir='ltr'><strong>Ἀρχαιποιειειιιι.</strong></span> <span class='ocrx_word' id='word_1_793' title='bbox 2578 5682 2623 5687; x_wconf 65' lang='grc' dir='ltr'><strong>ν-</strong></span> <span class='ocrx_word' id='word_1_794' title='bbox 2667 5682 2778 5722; x_wconf 66' lang='grc' dir='ltr'><strong>εγω</strong></span> <span class='ocrx_word' id='word_1_795' title='bbox 2824 5682 2885 5707; x_wconf 80' lang='grc' dir='ltr'><strong>ιι.</strong></span> <span class='ocrx_word' id='word_1_796' title='bbox 2934 5682 3032 5704; x_wconf 68' lang='grc' dir='ltr'><strong>ηυυ</strong></span> 
     </span>
     <span class='ocr_line' id='line_1_113' title="bbox 366 5721 3057 5808; baseline -0.004 -10"><span class='ocrx_word' id='word_1_797' title='bbox 366 5742 601 5798; x_wconf 87' lang='lat' dir='ltr'><strong>taesimn</strong></span> <span class='ocrx_word' id='word_1_798' title='bbox 632 5740 816 5795; x_wconf 73' lang='lat' dir='ltr'><strong>Kntais</strong></span> <span class='ocrx_word' id='word_1_799' title='bbox 836 5751 936 5801; x_wconf 81' lang='lat' dir='ltr'><strong>est,</strong></span> <span class='ocrx_word' id='word_1_800' title='bbox 982 5739 1227 5794; x_wconf 69' lang='lat' dir='ltr'><strong>lmiretite</strong></span> <span class='ocrx_word' id='word_1_801' title='bbox 1248 5738 1503 5807; x_wconf 86' lang='lat' dir='ltr'><strong>oppidqu</strong></span> <span class='ocrx_word' id='word_1_802' title='bbox 1538 5739 1742 5808; x_wconf 67' lang='lat' dir='ltr'><strong>regium</strong></span> <span class='ocrx_word' id='word_1_803' title='bbox 1812 5735 1855 5767; x_wconf 75' lang='grc'><strong>⁸³</strong></span> <span class='ocrx_word' id='word_1_804' title='bbox 1889 5736 1991 5808; x_wconf 76' lang='grc' dir='ltr'><strong>γὰρ</strong></span> <span class='ocrx_word' id='word_1_805' title='bbox 2023 5750 2133 5792; x_wconf 81' lang='lat' dir='ltr'><strong>om.</strong></span> <span class='ocrx_word' id='word_1_806' title='bbox 2163 5733 2229 5787; x_wconf 72' lang='lat' dir='ltr'><strong>li.</strong></span> <span class='ocrx_word' id='word_1_807' title='bbox 2306 5732 2351 5765; x_wconf 69' lang='grc'><strong>⁵⁸</strong></span> <span class='ocrx_word' id='word_1_808' title='bbox 2382 5727 2574 5802; x_wconf 68' lang='grc' dir='ltr'><strong>δρυμοὶ</strong></span> <span class='ocrx_word' id='word_1_809' title='bbox 2601 5723 2689 5788; x_wconf 69' lang='grc' dir='ltr'><strong>Ῐῖιν</strong></span> <span class='ocrx_word' id='word_1_810' title='bbox 2721 5721 3057 5791; x_wconf 67' lang='grc' dir='ltr'><strong>δρυμὰνυιεσ</strong></span> 
     </span>
    </p>
   </div>
   <div class='ocr_carea' id='block_1_112' title="bbox 364 5810 1384 5890">
    <p class='ocr_par' dir='ltr' id='par_1_112' title="bbox 364 5810 1384 5890">
     <span class='ocr_line' id='line_1_114' title="bbox 364 5810 1384 5890; baseline -0.009 -22"><span class='ocrx_word' id='word_1_811' title='bbox 364 5814 417 5890; x_wconf 60' lang='grc' dir='ltr'><strong>ἐξ</strong></span> <span class='ocrx_word' id='word_1_812' title='bbox 440 5811 684 5867; x_wconf 68' lang='grc' dir='ltr'><strong>διαλύσω</strong></span> <span class='ocrx_word' id='word_1_813' title='bbox 707 5813 814 5874; x_wconf 79' lang='lat' dir='ltr'><strong>CL,</strong></span> <span class='ocrx_word' id='word_1_814' title='bbox 838 5810 1072 5865; x_wconf 71' lang='grc' dir='ltr'><strong>διαλύσει</strong></span> <span class='ocrx_word' id='word_1_815' title='bbox 1090 5810 1219 5866; x_wconf 77' lang='lat' dir='ltr'><strong>R.ct</strong></span> <span class='ocrx_word' id='word_1_816' title='bbox 1241 5811 1384 5880; x_wconf 74' lang='lat' dir='ltr'><strong>vnlg.</strong></span> 
     </span>
    </p>
   </div>
   <div class='ocr_carea' id='block_1_113' title="bbox 845 5500 3633 5600">
    <p class='ocr_par' dir='ltr' id='par_1_113' title="bbox 845 5500 3633 5600">
     <span class='ocr_line' id='line_1_115' title="bbox 845 5500 3633 5600; baseline -0.006 -16"><span class='ocrx_word' id='word_1_817' title='bbox 845 5529 1091 5600; x_wconf 80' lang='grc' dir='ltr'><strong>νώμονας</strong></span> <span class='ocrx_word' id='word_1_818' title='bbox 1142 5528 1345 5600; x_wconf 68' lang='lat' dir='ltr'><strong>lacuna</strong></span> <span class='ocrx_word' id='word_1_819' title='bbox 1357 5524 1553 5600; x_wconf 22' lang='lat' dir='ltr'><strong>“fuerat</strong></span> <span class='ocrx_word' id='word_1_820' title='bbox 1598 5525 1675 5600; x_wconf 77' lang='lat' dir='ltr'><strong>in.</strong></span> <span class='ocrx_word' id='word_1_821' title='bbox 1694 5525 1741 5579; x_wconf 86' lang='lat' dir='ltr'><strong>R</strong></span> <span class='ocrx_word' id='word_1_822' title='bbox 1760 5540 1932 5600; x_wconf 81' lang='lat' dir='ltr'><strong>usque</strong></span> <span class='ocrx_word' id='word_1_823' title='bbox 1950 5523 2020 5580; x_wconf 89' lang='lat' dir='ltr'><strong>ad</strong></span> <span class='ocrx_word' id='word_1_824' title='bbox 2038 5522 2182 5600; x_wconf 57' lang='grc' dir='ltr'><strong>ουδὲ,</strong></span> <span class='ocrx_word' id='word_1_825' title='bbox 2217 5522 2275 5600; x_wconf 85' lang='lat' dir='ltr'><strong>in_</strong></span> <span class='ocrx_word' id='word_1_826' title='bbox 2290 5534 2454 5600; x_wconf 39' lang='lat' dir='ltr'><strong>_qua_‘</strong></span> <span class='ocrx_word' id='word_1_827' title='bbox 2470 5515 2740 5600; x_wconf 70' lang='lat' dir='ltr'><strong>recentior</strong></span> <span class='ocrx_word' id='word_1_828' title='bbox 2765 5530 2958 5600; x_wconf 74' lang='lat' dir='ltr'><strong>manus</strong></span> <span class='ocrx_word' id='word_1_829' title='bbox 2987 5511 3238 5600; x_wconf 55' lang='lat' dir='ltr'><strong>scripsit}</strong></span> <span class='ocrx_word' id='word_1_830' title='bbox 3262 5505 3457 5600; x_wconf 54' lang='grc' dir='ltr'><strong>ἒξτξξξξιῖ</strong></span> <span class='ocrx_word' id='word_1_831' title='bbox 3487 5509 3557 5600; x_wconf 40' lang='grc' dir='ltr'><strong>ρξ’</strong></span> 
     </span>
    </p>
   </div>
   <div class='ocr_carea' id='block_1_114' title="bbox 2013 5569 3640 5664">
    <p class='ocr_par' dir='ltr' id='par_1_114' title="bbox 2013 5569 3640 5664">
     <span class='ocr_line' id='line_1_116' title="bbox 2013 5569 3640 5664; baseline -0.005 -16"><span class='ocrx_word' id='word_1_832' title='bbox 2013 5569 2483 5664; x_wconf 52' lang='grc' dir='ltr'><strong>ξὶέῖἒιῗᾷχίςῗιις</strong></span> <span class='ocrx_word' id='word_1_833' title='bbox 2507 5569 2724 5664; x_wconf 56' lang='grc' dir='ltr'><strong>’ἆξρἇςὲῤ</strong></span> <span class='ocrx_word' id='word_1_834' title='bbox 2745 5569 3008 5664; x_wconf 44' lang='lat' dir='ltr'><strong>pg};</strong></span> <span class='ocrx_word' id='word_1_835' title='bbox 3026 5569 3084 5636; x_wconf 58' lang='grc' dir='ltr'><strong>ὃς.</strong></span> <span class='ocrx_word' id='word_1_836' title='bbox 3100 5569 3436 5664; x_wconf 43' lang='grc' dir='ltr'><strong>’,δελετε-νέμε·</strong></span> <span class='ocrx_word' id='word_1_837' title='bbox 3454 5635 3499 5664; x_wconf 56' lang='grc' dir='ltr'><strong>ι,</strong></span> <span class='ocrx_word' id='word_1_838' title='bbox 3514 5569 3567 5664; x_wconf 48' lang='grc' dir='ltr'><strong>’,ζ</strong></span> <span class='ocrx_word' id='word_1_839' title='bbox 3576 5573 3608 5664; x_wconf 64' lang='grc' dir='ltr'>ξ</span> <span class='ocrx_word' id='word_1_840' title='bbox 3626 5584 3640 5612; x_wconf 64' lang='grc' dir='ltr'><strong>ί</strong></span> 
     </span>
    </p>
   </div>
   <div class='ocr_carea' id='block_1_115' title="bbox 2011 5635 3639 5736">
    <p class='ocr_par' dir='ltr' id='par_1_115' title="bbox 2011 5635 3639 5736">
     <span class='ocr_line' id='line_1_117' title="bbox 2011 5635 3639 5736; baseline 0.001 0"><span class='ocrx_word' id='word_1_841' title='bbox 2011 5635 2501 5736; x_wconf 53' lang='grc' dir='ltr'><strong>ἵόἐςῖἱέιῶἷξῖςάδο</strong></span> <span class='ocrx_word' id='word_1_842' title='bbox 2539 5635 2894 5736; x_wconf 49' lang='grc' dir='ltr'><strong>Ῐίῖέὲέἶῇζ</strong></span> <span class='ocrx_word' id='word_1_843' title='bbox 2933 5635 3032 5736; x_wconf 62' lang='grc' dir='ltr'><strong>έετξυ</strong></span> <span class='ocrx_word' id='word_1_844' title='bbox 3063 5647 3185 5736; x_wconf 65' lang='grc' dir='ltr'><strong>εδει·</strong></span> <span class='ocrx_word' id='word_1_845' title='bbox 3209 5635 3425 5736; x_wconf 55' lang='lat' dir='ltr'><strong>sali-.1</strong></span> <span class='ocrx_word' id='word_1_846' title='bbox 3453 5635 3639 5736; x_wconf 59' lang='lat'><strong>1293‘</strong></span> 
     </span>
    </p>
   </div>
   <div class='ocr_carea' id='block_1_116' title="bbox 3135 5701 3634 5763">
    <p class='ocr_par' dir='ltr' id='par_1_116' title="bbox 3135 5701 3634 5763">
     <span class='ocr_line' id='line_1_118' title="bbox 3135 5701 3634 5763; baseline -0.008 1"><span class='ocrx_word' id='word_1_847' title='bbox 3135 5714 3177 5745; x_wconf 86' lang='lat'><strong>&quot;</strong></span> <span class='ocrx_word' id='word_1_848' title='bbox 3206 5708 3357 5763; x_wconf 78' lang='grc' dir='ltr'><strong>οὐδέν</strong></span> <span class='ocrx_word' id='word_1_849' title='bbox 3379 5724 3429 5762; x_wconf 84' lang='grc' dir='ltr'><strong>τι</strong></span> <span class='ocrx_word' id='word_1_850' title='bbox 3453 5701 3545 5760; x_wconf 71' lang='grc' dir='ltr'><strong>οὖν</strong></span> <span class='ocrx_word' id='word_1_851' title='bbox 3565 5704 3634 5760; x_wconf 75' lang='lat' dir='ltr'><strong>lt.</strong></span> 
     </span>
    </p>
   </div>
  </div>
