2015 3199
228 173 293 206 1371

818 183 997 215 AGATHI/E
1010 185 1254 217 SCHOLASTICI

1793 183 1862 222 1372

226 231 400 260 missioribus
415 232 503 267 factis,
519 241 581 262 cum
604 235 629 263 id
644 236 733 265 solum
756 238 967 275 relinqueretur,
987 245 1012 269 ul

1068 242 1106 277 τῷ
1122 242 1204 278 χώρῳ
1226 241 1438 278 ἑνδελεχεῐστατα
1452 242 1662 278 ἑφεδρευόντων,
1688 244 1737 278 οὐχ
1755 243 1814 271 οἷον
1829 254 1861 272 τε

228 276 352 304 locorum
372 277 511 313 iniquitati
526 280 692 314 mederetur,
711 287 739 309 et
752 282 871 311 difﬁcilis
886 286 1019 314 transitus

227 321 327 350 itinera
342 323 434 358 pervia
450 324 590 358 redderet;
605 325 631 353 id
645 326 671 353 ei
686 334 740 354 non
756 329 904 357 admodum
917 331 1019 365 impos-

226 368 307 395 sibile
323 367 395 396 factu
412 370 563 397 videbatur.
578 371 711 407 Sperabat
724 375 809 407 enim,
822 376 914 403 excisa
928 376 1020 404 subla-

226 417 308 448 taque
328 413 353 441 vi
369 421 499 441 manuum
516 415 595 445 silva.
621 417 850 454 obstantibusque
864 421 950 455 petris
971 428 1019 448 ex-

226 459 339 492 cavatis,
364 467 393 487 se
419 468 473 487 non
498 461 641 489 difficulter
663 464 855 493 transiturum.
883 466 1017 498 Quocirca

226 509 265 535 ut,
281 512 341 539 qua:
358 506 449 532 animo
465 512 639 541 conceperat,
658 510 810 542 perliceret,
827 511 1016 545 hujuscemodi

226 549 351 576 fraudem
371 551 544 585 excogitavit.
571 553 717 581 Simulavit
739 562 768 582 se
793 562 902 590 repente
922 559 1018 584 inorbo

226 600 380 630 correptum
398 598 473 631 gravi
490 599 592 632 pariter
610 604 636 626 et
655 600 812 629 incurabili.
832 603 1018 631 Decumbebat

226 642 316 676 itaque
330 650 465 669 summam
485 644 673 677 aegritudinem
692 654 746 680 pra:
762 655 791 675 se
808 639 907 681 ferens,
924 654 950 676 et
962 649 1017 677 for-

226 692 320 714 tunam
338 696 414 715 suam
431 689 593 717 lamentans.
613 691 715 718 Rumor
731 693 774 720 hic
792 694 885 721 statim
908 696 1018 722 univer—

225 741 286 760 sum
311 735 461 762 exercitum
485 741 529 764 est
540 743 713 772 pervagatus,
733 739 888 772 przefectum
913 741 1017 775 gravis-

224 779 293 806 sime
304 784 435 813 azgrotare
448 788 535 815 neque
543 781 621 816 107
632 782 676 809 diu
687 785 916 818 supervicturum.
931 786 1016 814 Porro

224 823 263 849 rei
276 823 362 857 ipsius
378 824 476 852 veritas
493 833 549 858 eos,
567 826 613 860 qui
629 834 726 861 operas
749 837 812 856 suas
829 831 957 859 hostibus
974 832 1016 858 lo—

225 874 288 896 cant
302 870 416 897 consilia
429 878 541 898 suorum
556 872 695 906 prodendo
707 879 733 901 et
744 882 844 902 arcana
860 877 1014 905 clanculum

1068 285 1102 322 ἦν
1119 288 1178 323 ἅμα
1221 288 1385 323 ἀμφοτέρων
1416 288 1451 321 ⁸⁸,
1492 289 1655 324 κρατῆσαν
1685 288 1798 316 ἐκείνων
1831 291 1862 317 δὲ

1068 332 1208 365 ἀνιέντων,
1232 331 1302 359 ἀλλὰ
1323 332 1408 368 μόνην
1437 340 1469 366 γε
1499 333 1550 368 τὴν
1577 332 1731 368 δυσχωρίαν
1758 334 1862 361 ἀκέσα-

1069 379 1143 411 σθαι,
1170 379 1219 406 καὶ
1242 379 1273 406 τὸ
1297 378 1464 414 δυσέμϐολον
1478 379 1530 414 τῆς
1552 380 1667 415 πορείας
1694 381 1723 412 ἐς
1752 380 1784 407 τὺ
1812 381 1861 406 εὐ-

1067 424 1161 459 ἐφοδον
1176 425 1199 442 ⁸⁸
1213 425 1388 460 ἀμωσγέπως
1405 425 1608 460 μετασκευάσαι
1622 426 1652 452 οὐ
1669 425 1729 453 λίαν
1740 426 1861 452 ἀδύνατα

1067 469 1138 498 εἶναι
1161 471 1183 487 ⁶¹
1212 471 1313 506 ήγεῐτο.
1337 470 1454 503 Ἦλπιζε
1476 470 1530 506 γὰρ
1553 471 1603 507 τὴν
1622 471 1689 506 ὓλην
1716 472 1862 505 ὲκτέμνων

1067 517 1099 551 τῇ
1131 515 1292 551 πολυχειρίᾳ
1318 515 1365 542 καὶ
1382 515 1584 551 ἀνακαθαίρων,
1601 516 1649 542 καὶ
1675 515 1730 542 τῶν
1749 515 1861 551 πετρῶν

1067 562 1107 587 ὅτι
1123 561 1249 594 ἀντίξουν
1279 561 1468 588 διακολάπτων
1496 562 1545 588 καὶ
1564 561 1799 596 παραιρούμενος.
1824 561 1861 588 οὗ

1067 606 1192 641 χαλεπῶς
1209 606 1397 641 διαδήσεσθαι.
1407 607 1451 637 Ὠς
1467 606 1500 633 ἂν
1510 604 1557 632 οὖν
1570 606 1657 633 ταῦτα
1668 605 1861 642 διαπράξοιτο,

1068 652 1174 678 ἐπενόει
1191 652 1300 678 τοιάδεο
1319 651 1471 686 ἐσκήπτετο
1493 651 1590 686 ἀθρόον
1616 651 1685 687 νόσῳ
1708 652 1762 679 τινὶ
1783 653 1861 688 δεινῇ

1067 706 1096 723 τε
1115 696 1160 723 καὶ
1175 697 1319 732 ἀνηκέστῳ
1345 697 1367 713 θ’
1386 696 1549 727 ἑαλωκέναι.
1573 697 1621 723 καὶ
1636 695 1684 724 οὖν
1701 697 1863 724 ἀνεκὲκλιτο

1066 742 1207 777 δυσφορῶν
1220 742 1300 777 δῆθεν
1316 742 1362 769 καὶ
1376 742 1518 776 ἀσχάλλων
1538 742 1585 769 καὶ
1603 743 1633 769 τὸ
1650 742 1792 778 ξυμ-πεσὸν
1803 743 1875 770 ὀλο-ν

1068 788 1218 822 φυρόμενος
1228 795 1234 801 ·
1244 787 1258 813 ὃ
1268 795 1297 813 τε
1309 787 1387 821 λόγος
1399 785 1476 819 οὗτος
1491 787 1545 814 ἀνὰ
1558 789 1610 815 πᾶν
1624 788 1722 815 αὐτίκα
1735 788 1863 821 ὲφοίτα⁶³

1065 833 1096 858 τὸ
1115 832 1272 868 στράτευμα
1285 854 1292 865 ,
1309 833 1346 864 ὡς
1363 834 1377 860 ὁ
1407 833 1559 868 στρατηγὸς
1587 834 1712 868 πονήρως
1742 841 1772 859 τε
1788 833 1861 868 ἔχοι,

1068 878 1114 905 καὶ
1139 879 1200 905 ὅσον
1214 878 1291 905 οὔπω
1306 878 1447 905 ἀπολεῖται
1461 888 1468 895 ·
1493 880 1574 911 ὅσους
1587 888 1618 906 τε
1638 880 1661 896 ⁸⁵
1675 879 1766 906 αὐτῶν
1789 880 1861 915 ἦρι-

226 914 429 949 palefaciendo,
453 917 562 944 latebat.
590 918 803 948 Accuratissime
823 922 896 949 enim
925 924 1012 950 consi-

1068 932 1131 949 σκεν
1148 923 1305 959 μισθαρνεῖν
1322 925 1378 955 τοῖς
1401 924 1533 956 ἐναντίοις
1553 925 1600 951 ἐπὶ
1621 926 1653 960 τῇ
1674 924 1728 951 τῶν
1749 925 1864 951 οἰκείων

225 961 291 987 lium
320 962 470 993 celabatur.
500 967 527 989 et
552 970 584 990 ne
610 972 671 991 cum
703 966 878 995 amicissimis
906 969 1014 1003 quidem

223 1007 492 1041 eommunicabatur;
520 1008 586 1036 solis
612 1017 676 1037 vero
695 1013 874 1046 rumoribus,
899 1015 946 1048 qui
969 1023 1015 1049 per

224 1054 424 1081 multitudinem
444 1055 716 1091 circumferebantur,
736 1060 854 1095 decepti,
874 1062 898 1088 id
916 1062 1014 1089 lloma-

224 1099 268 1126 nis
294 1101 470 1134 nuntiarunt;
498 1102 543 1136 qui
563 1103 672 1137 quidem
694 1104 772 1132 facile
798 1112 862 1134 sunt
878 1109 1013 1142 persuasi,

224 1153 277 1172 non
292 1150 357 1178 tam,
376 1146 503 1180 arbitror,
522 1149 627 1181 nuntio,
645 1158 727 1184 quam
749 1153 823 1187 quod
847 1153 873 1180 id
895 1155 1014 1181 maxime

223 1197 294 1219 esset
310 1201 343 1219 ex
360 1193 481 1227 ipsorum
495 1194 579 1222 animi
597 1197 742 1224 sententia.

258 1282 303 1309 20.
327 1283 425 1310 Statim
443 1284 532 1319 itaque
543 1292 699 1314 accuratam
715 1287 787 1315 illam
801 1289 1014 1324 continuamque

223 1336 316 1355 curant
334 1329 457 1357 laxantes
481 1338 513 1358 ac
534 1332 718 1364 remittentes.
745 1335 856 1369 segnius
875 1336 1013 1363 custodias

223 1372 349 1406 agebant.
364 1372 461 1400 Paucis
479 1379 539 1408 post
551 1374 647 1403 diebus
661 1376 823 1405 Mermeroes
839 1379 920 1405 etiam
939 1387 1012 1406 mor-

223 1423 276 1444 tem
290 1418 391 1445 obiisse
413 1419 564 1446 nuntiatur.
588 1420 737 1449 Occulebat
761 1424 832 1450 enim
857 1425 959 1458 seipse
984 1426 1011 1452 in

223 1465 338 1498 quadam
362 1464 538 1497 domuncula,
561 1467 629 1494 adeo
648 1473 676 1494 ut
700 1469 781 1495 etiam
807 1470 876 1504 apud
902 1471 1012 1499 intimos

222 1516 334 1536 suorum
361 1511 535 1538 familiarium
557 1520 588 1539 ea
614 1513 706 1547 opinio
721 1515 843 1542 valuerit.
861 1515 929 1542 Tum
949 1525 1012 1544 vero

221 1561 248 1582 et
263 1556 372 1590 quidem
390 1557 477 1592 magis
499 1565 732 1592 supervacaneum
747 1560 834 1587 visum
856 1566 896 1588 est
909 1561 1010 1589 Roma-

222 1601 265 1628 nis
281 1602 404 1636 vigilare,
417 1611 651 1637 supervacaneum
668 1605 791 1640 ingentes
807 1606 916 1634 labores
927 1609 1012 1635 susci-
1025 1592 1045 1619 Ο

221 1655 295 1681 pere.
316 1648 451 1680 Quocirca
466 1649 578 1676 omissis
595 1650 648 1677 illis
671 1651 906 1680 obstructionibus
932 1654 1012 1681 itine-

221 1701 281 1720 rum
305 1698 333 1720 ct
352 1694 502 1727 laboribus,
527 1703 597 1730 quos
621 1696 683 1723 huic
709 1698 784 1732 operi
809 1699 1009 1733 impendebant,

223 1739 256 1765 ad
274 1739 415 1767 remissius
431 1741 538 1768 vivendi
554 1750 638 1775 genus
649 1748 711 1770 sunt
726 1743 834 1778 dilapsi,
850 1746 951 1773 Solidas
962 1754 1011 1773 no-

220 1790 277 1812 etes
297 1785 475 1817 dormientes.
492 1787 519 1814 in
541 1787 610 1815 villis
624 1789 788 1824 praediisque
802 1790 943 1825 degentes,
965 1800 1009 1819 ne-

219 1838 273 1864 que
289 1831 473 1864 speculatores
491 1833 663 1866 emittebant,
679 1842 728 1862 nec
743 1835 890 1869 quidquam
904 1844 1009 1869 comm,

219 1884 279 1911 quae
293 1877 319 1903 in
332 1885 388 1904 rem
404 1878 524 1912 ipsorum
541 1885 642 1913 essent,
659 1881 785 1915 agebant.
806 1881 1010 1910 Persuadebant

218 1923 290 1949 enim
306 1923 368 1955 sibi,
382 1923 479 1951 Persas
500 1924 566 1952 duce
588 1925 646 1952 sive
662 1925 789 1960 prtefecto
815 1926 937 1959 orbatos,
963 1935 1009 1954 ne-

219 1976 357 2003 quaquam
382 1970 408 1996 in
431 1979 459 1998 se
479 1971 576 2004 ituros,
600 1972 666 2006 quin
693 1972 783 2006 potius
808 1980 890 2007 quam
906 1973 1010 2008 longis-

218 2015 288 2042 sime
308 2015 453 2050 fugituros.
470 2016 533 2044 ll:ee
547 2025 612 2044 vero
629 2018 672 2044 ubi
689 2019 817 2053 cognm'it
830 2019 1008 2052 Mermeroes,

218 2060 360 2088 confestim
381 2062 472 2090 dolum
495 2064 605 2097 detegit,
629 2072 661 2092 ac
679 2064 770 2092 Persis
787 2065 866 2092 talem
884 2074 923 2098 se,
946 2074 1011 2101 qua-

217 2106 250 2133 lis
263 2112 343 2135 antea
356 2108 453 2139 l‘uerat.
470 2109 613 2137 visendum
627 2111 745 2144 praebet;
760 2111 839 2146 108
848 2112 1007 2147 statimque,

217 2157 319 2185 quanta
334 2154 423 2187 potuit
443 2154 596 2186 alacritate.
620 2156 748 2183 omnibus
762 2157 849 2191 copiis
865 2157 957 2189 motis,
983 2163 1010 2185 et

217 2198 422 2227 difﬁcultatibus
437 2200 566 2228 itinerum
581 2209 623 2234 ea,
640 2209 721 2236 quam
736 2202 897 2236 jamdudum
915 2204 1008 2231 animo

1066 968 1204 1003 προδοσία,
1220 968 1266 994 καὶ
1280 968 1366 1002 λάθρα
1379 969 1487 1004 ἐξάγειν
1510 969 1545 996 τὰ
1570 970 1727 1006 ἀπόρρητα,
1739 967 1813 997 οὗτοι
1837 971 1862 986 ⁸³

1065 1013 1092 1039 δὲ
1118 1014 1149 1040 τὺ
1171 1015 1220 1049 μὲν
1247 1015 1361 1049 ἀτρεκὲς
1384 1016 1432 1041 οὐκ
1459 1016 1627 1050 ἐγίγνωσκον
1642 1025 1648 1030 ν
1666 1016 1863 1051 ἀσφαλέστατα

1065 1061 1118 1096 γὰρ
1147 1061 1178 1088 τὸ
1194 1061 1333 1097 βούλευμα
1357 1062 1518 1097 ἐκρύπτετο,
1536 1062 1584 1089 καὶ
1605 1063 1666 1090 οὐδὲ
1684 1064 1711 1094 ἐς
1737 1063 1863 1095 ἅπαντας

1064 1108 1126 1139 τοὺς
1142 1108 1287 1142 φιλτάτους
1303 1108 1436 1142 ἐξέπιπτε
1450 1117 1456 1124 '
1476 1109 1566 1143 μόνοις
1583 1109 1612 1135 δὲ
1628 1110 1683 1140 τοῖς
1699 1110 1728 1136 ὲν
1743 1109 1784 1144 τῷ
1797 1108 1863 1144 ὀμί-

1064 1153 1102 1188 λῳ
1118 1154 1328 1189 περιαγομένοις
1343 1154 1549 1188 ἐξηπατημένοι
1568 1156 1625 1185 τοῖς
1645 1154 1793 1189 Ῥωμαίοις
1815 1155 1861 1182 δι-

1064 1198 1187 1231 ήγελ).ον,
1197 1200 1227 1225 υἱ
1241 1199 1267 1225 δὲ
1285 1199 1383 1234 ῥᾳδίως
1391 1200 1528 1226 ἐπείθοντο
1536 1200 1566 1226 οὑ
1576 1199 1713 1232 τοσοῦτον,
1722 1198 1810 1235 οἶμαι,
1823 1202 1860 1236 τῇ

1064 1244 1188 1278 ἀγγελίᾳ,
1206 1245 1302 1271 ὁπόσον
1320 1244 1359 1279 τῷ
1379 1245 1530 1280 βουλομένῳ
1543 1246 1593 1280 τῆς
1608 1245 1734 1280 γνώμης.

1099 1292 1133 1316 κ’.
1151 1290 1237 1320 Εὐῡὺς
1253 1290 1283 1325 δὴ
1299 1288 1346 1316 οἷν
1371 1291 1400 1316 τὸ
1419 1291 1528 1325 ἐνεργόν
1542 1299 1570 1317 τε
1590 1291 1637 1317 καὶ
1655 1290 1780 1318 σύντονον
1806 1291 1860 1325 τῆς

1064 1335 1202 1370 φροντίδος
1224 1335 1423 1370 ὐποχαλῶντες,
1439 1336 1530 1362 οὐκέτι
1550 1336 1609 1362 λίλν
1625 1336 1725 1372 ἀκριϐῆ
1740 1336 1789 1371 τὴν
1804 1345 1859 1371 φυ-

1063 1380 1149 1414 Λακὴν
1172 1380 1321 1408 ἐποιοῦντο.
1347 1382 1450 1414 Ὀλίγαι
1468 1390 1497 1407 τε
1523 1383 1726 1418 παρῳχήῖιεσαν
1740 1382 1858 1418 ἡμέραι,

1064 1424 1110 1450 καὶ
1135 1425 1148 1450 ὁ
1173 1425 1337 1460 Μερμερόης
1367 1425 1404 1453 ὡς
1437 1425 1468 1460 δὴ
1491 1425 1629 1460 τεθνηκὼς
1657 1427 1858 1461 ἀπηγγέλλετο.

1064 1471 1205 1506 Ἔκρυπτε
1214 1470 1267 1505 γὰρ
1282 1471 1376 1497 ἑαυτὸν
1389 1471 1417 1502 ἐς
1430 1480 1456 1497 τι
1474 1472 1608 1507 δωμάτιον
1620 1473 1651 1503 (⁸,
1667 1473 1704 1504 ὼς
1717 1474 1765 1500 καὶ
1780 1474 1859 1509 παρᾶ

1062 1518 1117 1549 τοῖς
1143 1517 1321 1548 οἰκειοτάτοις
1337 1518 1416 1552 τήνδε
1435 1518 1547 1553 νικῆσαι
1572 1519 1620 1554 τὴν
1653 1519 1748 1552 δόξαν.
1787 1520 1856 1546 Τότε

1062 1562 1094 1597 δὴ
1116 1559 1164 1588 οὖν
1182 1562 1228 1588 καὶ
1248 1562 1348 1596 μᾶλλον
1361 1564 1416 1593 τοῖς
1439 1562 1585 1597 Ῥωμαίοις
1611 1564 1739 1598 περιττόν
1758 1572 1784 1590 τι
1797 1564 1858 1591 ὲδό-

1063 1616 1105 1633 κει
1120 1608 1268 1642 ἀγρυπνεῖν
1294 1616 1323 1633 τε
1348 1608 1395 1634 καὶ
1421 1607 1537 1634 ἐπιπολὺ
1574 1608 1769 1637 διαπονεῖσθαι,
1800 1609 1858 1636 Καὶ

1062 1653 1151 1679 τοίνυν
1176 1653 1305 1689 μεθέντες
1320 1654 1369 1685 τὰς
1385 1654 1565 1689 περιφράξεις
1583 1655 1630 1681 καὶ
1644 1654 1692 1690 τὴν
1709 1656 1738 1683 ἐν
1749 1654 1858 1686 τούτοις

1063 1699 1244 1735 ἀπεργασίαν,
1261 1699 1289 1730 ἐς
1313 1699 1344 1725 τὸ
1375 1698 1516 1734 ἀνειμένον
1543 1700 1718 1734 μετέϐαλλον,
1755 1699 1858 1728 παννύ-

1062 1745 1119 1779 χιόν
1134 1754 1162 1771 τε
1178 1745 1355 1776 καθεύδοντες
1372 1745 1418 1771 καὶ
1438 1746 1468 1776 ὲς
1483 1745 1533 1776 τὰς
1548 1745 1675 1777 ἐπαύλεις
1694 1745 1748 1772 τῶν
1762 1746 1857 1781 ἀγρῶν

1062 1791 1246 1826 διαιτώμενοι,
1273 1792 1319 1818 καὶ
1344 1791 1407 1818 οὕτε
1433 1792 1623 1823 κατασκόπους
1639 1792 1774 1826 ἔστελλον,
1792 1792 1858 1820 οὔτε

1062 1837 1125 1863 ἄλλο
1139 1845 1165 1863 τι
1180 1837 1315 1872 ἔπρασσον
1336 1837 1390 1863 τῶν
1404 1837 1528 1873 δεόντων.
1557 1838 1653 1873 ’ᾨοντο
1689 1838 1744 1874 γὰρ
1757 1837 1795 1870 ὡς
1803 1839 1857 1866 οὐκ

1061 1883 1094 1909 ἄν
1123 1891 1187 1908 ποτε
1202 1884 1226 1909 οἱ
1243 1884 1355 1917 Πέρπαι,
1383 1884 1589 1919 ἀστρατήγητοι
1605 1884 1684 1919 δῆθεν
1699 1885 1854 1919 γεγονότες,

1062 1930 1105 1955 ἐπ’
1123 1929 1221 1960 αὐτοὺς
1245 1929 1351 1963 ἥξουσι,
1374 1929 1473 1963 μᾶλλον
1491 1930 1540 1964 μὲν
1556 1928 1602 1956 οὖν
1618 1930 1663 1956 καὶ
1683 1930 1720 1962 ὡς

1061 1975 1133 2001 τὰτω
1163 1975 1335 2009 φευξοῦνται.
1370 1976 1463 2002 Ταῦτα
1485 1976 1516 2002 δὲ
1547 1976 1628 2010 γνοὺς
1650 1976 1664 2002 ὁ
1687 1977 1857 2013 Μερμερόης

1061 2021 1250 2047 ἀνακαλύπτει
1277 2021 1442 2053 ἐξαπιναίως
1458 2021 1504 2048 τὺν
1526 2021 1602 2048 δόλον
1619 2022 1667 2048 καὶ
1676 2022 1857 2059 ἐπιφαίνεται

1061 2069 1116 2098 τοῖς
1145 2067 1262 2102 Πέρσαις
1277 2068 1367 2098 ὁποῖος
1385 2067 1430 2093 καὶ
1449 2067 1592 2104 πρότερον,
1618 2068 1665 2094 καὶ
1694 2068 1785 2102 εὐθὺς,
1814 2068 1856 2101 ὡς
1876 2061 1883 2066 ’

1062 2109 1117 2145 εἶχε
1143 2110 1308 2145 προθυμίας,
1327 2111 1447 2141 ἅπαντας
1461 2112 1585 2145 κινήσας,
1601 2112 1648 2139 καὶ
1672 2112 1720 2148 τὴν
1735 2112 1854 2148 χαλεπό-

1060 2164 1128 2191 τητα
1141 2157 1190 2191 τῆς
1207 2157 1319 2191 πορείας
1331 2155 1359 2182 εὖ
1369 2157 1481 2189 διαθεὶς,
1521 2158 1602 2185 πάλαι
1620 2159 1758 2192 διενοεῖτο,
1769 2167 1856 2195 παρασ

1060 2203 1171 2236 γέγονεν
1200 2202 1285 2237 ἀγχοῦ
1320 2202 1367 2229 τοῦ
1400 2203 1540 2238 φρουρίου.
1571 2204 1627 2231 Καὶ
1653 2204 1704 2240 ἥδη
1737 2204 1854 2237 ἐπέλαζε

217 2252 268 2272 suo
292 2252 465 2280 conceperat.
497 2248 602 2275 ratione
627 2249 774 2282 superatis,
804 2250 1007 2284 propugnaculo

1064 2249 1116 2279 τοῖς
1155 2247 1301 2282 Ῥωμαίοις
1338 2249 1523 2283 κατεπτηχόσι
1555 2249 1593 2283 τῷ
1627 2250 1775 2286 παραλόγῳ
1806 2251 1855 2277 καὶ

217 2292 462 2328 appropinquavit;
479 2294 570 2329 etjam
590 2294 721 2322 Romanis
742 2295 1006 2331 imminebatinopi-

217 2345 281 2366 nato
307 2339 346 2366 rei
373 2345 469 2367 eventu
496 2341 639 2375 perculsis,
656 2341 757 2376 quique
770 2341 826 2376 jam
852 2350 912 2370 Sese
937 2343 1006 2370 tueri

217 2392 271 2411 non
291 2390 427 2419 poterant.
455 2385 534 2414 Tunc
555 2386 647 2421 itaque
671 2386 804 2414 Martinus
823 2387 910 2415 locum
929 2388 1006 2415 dese-

215 2431 331 2457 rendum
353 2431 472 2464 censuit,
494 2431 654 2466 priusquam
678 2431 852 2464 Mcrmeroes.
876 2433 1008 2468 penitiore

216 2476 368 2510 irruptione
383 2477 465 2508 facta,
490 2475 640 2509 Romanos.
657 2478 703 2513 qui
728 2478 754 2505 in
777 2479 903 2513 prsesidio
918 2483 1007 2512 erant,

216 2529 315 2556 magna
339 2522 416 2549 clade
439 2522 567 2550 afﬁceret.
584 2522 635 2555 Qui
660 2523 733 2551 enim
759 2524 816 2552 fieri
835 2528 953 2559 poterat,
973 2529 1004 2552 ut

215 2566 342 2601 perpauci
362 2571 464 2595 tantam
491 2568 610 2596 hostium
632 2570 686 2596 vim
711 2569 892 2603 sustinerent,
915 2577 1005 2605 neque

1059 2294 1124 2325 οἵοις
1148 2293 1241 2319 οὐκέτι
1259 2293 1421 2328 ἀμύνεσθαι.
1450 2295 1516 2321 Τότε
1539 2294 1571 2329 δὴ
1600 2293 1646 2322 οὖν
1671 2297 1685 2322 ὁ
1716 2297 1854 2331 Μαρτῖνος

1060 2340 1130 2372 ἔγνω
1148 2338 1310 2366 καταλιπεῖν
1336 2340 1366 2365 τὸ
1384 2340 1495 2375 χωρίον,
1523 2340 1588 2375 πρὶν
1614 2341 1769 2367 τελεώτατα
1784 2349 1855 2376 παρ-

1058 2384 1156 2416 ελθεῖν,
1177 2385 1243 2410 εἴπω
1269 2384 1314 2410 τὸν
1331 2384 1505 2420 Μερμερόην,
1534 2386 1582 2411 καὶ
1611 2386 1684 2420 μέγα
1712 2394 1740 2411 τι.
1766 2385 1853 2414 κακὸν

1058 2431 1120 2461 τοὺς
1148 2431 1212 2465 τῇδε
1246 2430 1398 2465 Ῥωμαίους
1428 2430 1470 2465 [Ρ.
1501 2429 1547 2466 58]
1574 2431 1755 2466 ἐργάσασθαι.
1790 2431 1854 2463 Πῶς

1059 2478 1112 2512 γὰρ
1146 2478 1209 2511 ἐνῆν
1236 2477 1332 2508 αὐτοὺς
1359 2477 1468 2510 ὀλίγους
1496 2486 1527 2511 γε
1554 2477 1634 2509 ὄντας
1665 2478 1787 2512 ἐνεγκεῖν
1817 2477 1853 2504 τὰ

1059 2522 1145 2558 πλήθη
1160 2522 1213 2548 τῶν
1238 2522 1385 2557 πολεμίων,
1404 2523 1451 2549 καὶ
1481 2523 1518 2558 μὴ
1544 2523 1605 2558 οὐχὶ
1644 2523 1770 2550 αὐτοϐοεὶ
1791 2523 1851 2551 δια-

1065 2568 1202 2604 φθαρῆναι
1219 2570 1258 2601 “⁷;
1276 2568 1353 2596 Οὕτω
1369 2569 1400 2603 δὴ
1414 2567 1460 2596 οὖν
1480 2568 1787 2605 καταστρατηγηθέντες
1799 2569 1851 2596 ὑπὸ

861 2672 978 2700 νΑιιιΑΞ
1005 2672 1208 2700 LECTIONES.

249 2767 272 2783 ¹⁹
291 2767 347 2801 ἅμα
358 2766 427 2801 ἀμφ.
438 2766 471 2799 R,
482 2767 551 2801 ἀμφ.
561 2767 619 2798 ἅμα
633 2767 704 2800 vnlg.

215 2801 236 2818 ⁸¹
251 2801 323 2836 δεινῇ
341 2810 365 2827 τ.
385 2802 505 2837 κηάνηκ.
524 2801 579 2828 aut.
598 2801 631 2834 li,
650 2801 698 2828 ὲαλ
727 2802 750 2828 δ.
780 2811 805 2830 τ,
834 2801 860 2830 κ.
881 2805 923 2830 ἀν.
939 2804 1010 2837 vnlg.

217 2837 373 2881 μισθαρνεῖῖ
382 2836 472 2881 ὲξιιὶτῇ
488 2844 512 2863 τ.
528 2837 582 2881 οἰκ.
601 2836 675 2881 τιροξ.
702 2838 757 2881 τρῖς
784 2839 871 2864 ἐναντ.
894 2838 947 2881 IL.
963 2836 1102 2879 ηδὲριη,
1119 2838 1149 2864 ιι.
1190 2840 1211 2853 δ”
1234 2838 1261 2878 ἐς
1273 2836 1306 2881 τι.
1316 2836 1347 2881 διε

235 2872 302 2881 ,1,
377 2879 393 2881 _
624 2873 631 2881 .
772 2873 783 2878 -
866 2873 908 2881 -ι
954 2873 960 2881 ι
1031 2873 1096 2881 ..

1031 2873 1106 2900 Suid.
1136 2882 1157 2900 ε,
1180 2881 1202 2900 v.
1226 2873 1356 2899 αὐτοϐοεί.

216 2863 340 2905 auertant,
361 2871 405 2897 ἐπὶ
420 2863 572 2907 δωμνιιιε.
610 2863 631 2886 "1
652 2863 833 2907 διαφθαρῆναι
863 2863 1009 2904 ὕπὸ-δέους

743 2767 765 2782 ⁶⁰
785 2766 910 2802 εὗέφοδον
920 2768 953 2801 Β,
963 2775 1036 2795 corr.
1049 2768 1075 2794 in
1086 2775 1140 2802 mg.
1154 2775 1202 2802 pro
1215 2768 1369 2801 εὑέῳοστον,
1380 2767 1549 2802 εὖοδοννιιῐε.
1579 2768 1599 2783 ⁶¹
1617 2764 1685 2794 εἶναι
1697 2767 1749 2794 add
1758 2775 1803 2796 ex.
1817 2767 1847 2795 ιι.

832 2777 910 2802 φοοον
922 2777 953 2801 ιι,
963 2777 1036 2795 corr.
1049 2777 1075 2794 ιιι
1086 2777 1140 2802 mg.
1154 2777 1202 2802 pro
1215 2777 1369 2801 ευεῳοστον,
1380 2777 1549 2802 ευοοοννιιιε.
1579 2777 1599 2783 --
1617 2777 1685 2794 sucu
1697 2777 1748 2808 anu
1758 2777 1803 2796 ex.
1817 2777 1846 2795 ιι.

834 2813 860 2830 κ.
881 2805 923 2830 ἀν.
939 2804 1010 2837 vnlg.
1050 2803 1072 2819 ⁶³
1087 2803 1182 2836 ἐφοίτα
1210 2803 1240 2834 Β,
1258 2802 1356 2837 ἐχώρει
1378 2803 1451 2837 vulg.
1490 2803 1514 2819 ⁸⁵
1532 2803 1610 2834 ὅσους
1629 2802 1656 2829 δὲ
1677 2802 1753 2829 Stud.
1771 2811 1796 2830 ε.
1822 2811 1846 2830 ν.

1190 2840 1211 2853 δ”
1234 2838 1261 2868 ἔς
1273 2846 1296 2863 τι
1317 2837 1451 2872 δωμάτιον
1468 2837 1488 2864 Β
1518 2842 1544 2865 et
1565 2837 1645 2872 intpr.
1672 2838 1697 2864 in
1715 2837 1847 2866 domicilio
