4030 6412
359 395 503 463 I373

1543 386 2090 457 HISTORIARUM
2120 389 2353 451 LIBER
2373 389 2457 452 ΙΙ.

3476 380 3614 446 1374

355 511 469 564 τῶν
501 507 827 580 Βαρϐάρων,
866 508 960 562 καὶ
1007 506 1297 579 αἰσχίστην
1333 504 1649 578 ποιούμενοι
1679 506 1779 575 τὴν
1804 505 1940 556 ἀνα-

2047 501 2222 569 primo
2246 503 2428 558 statim
2460 502 2661 571 impetu
2686 500 2751 554 ad
2788 497 3216 554 internecionem
3248 495 3615 550 caederentur!

355 602 626 673 χώρησιν,
657 600 950 670 ἠπείγοντο
997 603 1108 663 τοῖς
1136 599 1316 663 ἄλλοις
1341 597 1713 670 ἀναμιχθῆναι
1770 611 1938 667 στρα-

357 693 649 763 τεύμασιν.
713 690 1044 761 Ἐτύγχανον
1075 692 1188 763 γὰρ
1222 692 1273 744 οί
1304 691 1447 760 ἀμφὶ
1480 688 1687 742 Βέσσαν
1713 704 1774 740 τε
1842 685 1938 738 καὶ

369 784 661 838 Ἱουστῖνον
697 782 756 835 ἐν
787 783 957 854 πεδίῳ
976 784 1083 837 τινὶ
1118 781 1687 854 στρατοπεδευόμενοι,
1712 780 1774 833 ού
1802 778 1936 850 πόρ-

356 876 445 946 ρω
496 872 789 943 Τηλέφεως
818 874 1075 946 κειμένῳ,
1133 874 1270 928 ἀλλὰ
1318 872 1499 944 μόνοις
1535 870 1768 932 σταδίοις
1796 868 1938 923 ἑπτὰ

357 964 693 1035 διεστηκότι.
744 967 901 1019 Ἔστι
948 967 1006 1020 δὲ
1032 966 1185 1020 οὐδὲν
1214 965 1394 1020 ὁτιοῦν
1427 965 1556 1018 ἄλλο
1600 962 1855 1028 ἐνταῦθα,
1900 960 1935 1032 ἢ

358 1058 500 1128 μόνα
525 1055 572 1089 ⁸³
600 1056 814 1129 χυτρῶν
840 1057 1186 1130 πωλητήρια,
1248 1057 1325 1121 ὡς
1380 1058 1473 1112 καὶ
1517 1056 1617 1128 τὴν
1665 1052 1932 1127 προσηγοο

358 1148 482 1219 ρίαν
512 1148 764 1200 ἐντεῦθεν
787 1145 865 1219 τῷ
882 1148 1047 1219 χώρῳ
1071 1150 1116 1182 ⁸⁸
1146 1148 1420 1219 εἰλῆφθαι·
1461 1147 1772 1218 Ὀλλάριατο
1802 1146 1934 1217 γὰρ,

354 1240 438 1303 ὡς
469 1239 536 1294 ἂν
583 1239 814 1301 Λατῖνός
845 1256 930 1304 τις
995 1241 1181 1312 φήσοι,
1247 1240 1663 1310 ὲπωνὸμασται’
1713 1237 1936 1291 δύναται

351 1332 414 1386 δὲ
466 1330 627 1384 τοῦτο
661 1333 729 1402 τῇ
798 1331 1068 1402 Ἐλλήνων
1098 1335 1250 1404 φωνῇ
1278 1332 1665 1403 Χυτροπώλια.
1710 1331 1849 1402 Ἤδη
1879 1330 1937 1384 δὲ

355 1420 576 1476 πολλῶν
605 1420 723 1490 ἅμα
765 1420 844 1491 τῷ
901 1422 1164 1491 Μαρτίνῳ
1219 1421 1674 1493 προτερησάντων
1730 1421 1825 1474 καὶ
1877 1421 1938 1474 ἐν

349 1515 432 1588 τῷ
449 1512 686 1583 ἀσφαλεῖ
705 1513 1037 1582 γενομένων,
1060 1513 1407 1566 ἐϐουλεύοντο
1422 1512 1661 1576 ἅπαντες
1679 1513 1728 1567 οἰ
1747 1528 1939 1584 στρατ-

351 1608 547 1697 ηγοί,
581 1604 817 1697 ενταῦθα
857 1604 985 1667 τοὺς
1039 1605 1323 1673 δυσμενεῖς
1389 1604 1743 1674 ἐκδεξάμενοι
1803 1605 1935 1673 στή-

284 1711 291 1713 ’
351 1692 551 1751 ἇεσθαί
582 1695 624 1726 ⁷³
676 1711 737 1748 τε
805 1694 865 1757 ἐς
918 1693 1249 1764 παράταξιν,
1303 1694 1399 1747 καὶ
1461 1692 1784 1747 διακωλύειν
1833 1694 1934 1746 αύ-

240 1826 245 1827 .
354 1790 483 1854 τοὺς
515 1788 620 1845 ἀνὰ
648 1788 718 1842 τὰ
761 1787 951 1859 πρόσω
1001 1788 1197 1850 ιὸντας.
1249 1781 1357 1839 Ἦν
1398 1787 1457 1839 δέ
1482 1804 1565 1850 τις
1604 1786 1715 1840 τῶν
1740 1788 1936 1857 ἐπιση-

353 1882 614 1954 μοτάτων
649 1881 707 1933 ἐν
759 1881 873 1943 τοῖς
923 1878 1247 1955 ταξιάρχαις
1295 1878 1569 1949 Θεόδωρος
1628 1878 1822 1949 ὄνομα,
1876 1879 1937 1931 τὸ

357 1974 462 2043 μὲν
495 1972 649 2039 γένος
708 1972 883 2025 ἕλκων
928 1972 994 2025 ἑκ
1020 1969 1117 2025 τοῦ
1157 1970 1344 2035 ἔθνους
1367 1970 1479 2023 τῶν
1505 1970 1752 2034 Τζάνων,
1785 1970 1938 2040 παρὰ

369 2061 665 2133 Ῥωμαίοις
706 2062 766 2115 δὲ
827 2061 1231 2133 τεθραμμένος,
1283 2064 1380 2116 καὶ
1446 2063 1548 2134 ἤδη
1605 2063 1668 2115 τὸ
1729 2063 1937 2134 βαρϐα-

363 2153 523 2225 ρικδν
571 2153 661 2207 τοῦ
705 2154 935 2221 τρόπου,
975 2155 1025 2208 εἰ
1082 2154 1179 2206 καὶ
1225 2155 1457 2226 πάτριον,
1508 2151 1600 2226 ἦν,
1632 2156 1939 2209 ἀποσκευα-

360 2246 602 2317 σάμενος
625 2247 717 2301 καὶ
747 2248 805 2310 ἐς
838 2245 901 2299 τὺ
964 2246 1312 2300 ἀστειὸτατον
1351 2247 1794 2319 μετακοσμήσας.
1833 2239 1940 2301 Οὗ-

350 2356 453 2402 τος
482 2339 544 2410 δὴ
588 2334 682 2392 οὖν
717 2339 746 2392 ὁ
773 2338 1051 2410 Θεόδωρος
1097 2339 1216 2411 ἅμα.
1242 2341 1308 2411 τῇ
1351 2339 1525 2412 είκοία
1576 2339 1805 2408 δυνάμει
1850 2340 1943 2410 (εῖ-

347 2448 525 2487 ποντο
570 2433 680 2503 γὰρ
709 2430 860 2502 αὐτῷ
891 2434 952 2486 ού
995 2431 1181 2503 μείους
1212 2432 1245 2503 ἢ
1302 2433 1645 2486 πεντακόσιοι
1674 2434 1721 2464 ⁷³
1747 2433 1943 2506 ἄνδρες

345 2524 467 2577 τῶν
514 2523 844 2594 ὁμοφύλων),
902 2525 1046 2594 ἀμφὶ
1092 2524 1334 2595 Τήλεφιν
1374 2524 1457 2579 ἔτι
1490 2527 1942 2598 ὲμεμενήκει,εἰ-

348 2614 595 2687 ρημένον
641 2615 791 2686 αύτῷ
824 2615 928 2668 ὑπὸ
953 2615 1258 2686 Μαρτίνου,
1299 2617 1373 2687 μὴ
1412 2618 1680 2689 πρότερον
1716 2618 1939 2677 ,ἐνθένδε

347 2709 628 2780 χωρῆσαι,
673 2710 802 2781 πρὶν
846 2708 915 2764 ἂν
937 2709 1186 2765 θεάσαιτο
1213 2709 1463 2776 ἅπαντας
1486 2714 1616 2776 τοὺς
1646 2713 1940 2785 πολεμίους

349 2801 812 2874 εἰσϐεϐληκότας,
853 2803 1070 2858 εἰκάσοι
1111 2821 1172 2857 τε
1202 2804 1421 2868 αὐτοὺς,
1457 2804 1531 2869 ὡς
1562 2805 1794 2863 ἔνεστιν.
1822 2808 1940 2862 ὅσοι

346 2889 495 2961 εἷεν,
553 2895 649 2949 καὶ
722 2896 878 2966 γνοίη
951 2895 1101 2961 ὅπως
1180 2895 1397 2969 ἔχουσιν
1454 2898 1636 2969 ὁρμῆς
1707 2915 1769 2953 τε
1842 2901 1940 2954 καὶ

347 2985 611 3058 γνώμης.

434 3085 537 3143 καν.
573 3079 633 3134 '0
648 3079 705 3133 δὲ
732 3075 821 3152 (ἦν
842 3080 949 3152 γὰρ
966 3082 1023 3144 ὲς
1035 3082 1252 3138 ἅπαντα
1276 3082 1602 3155 δραστήριός
1616 3100 1674 3136 τε
1699 3084 1792 3138 καὶ
1810 3082 1911 3157 θαῤ
1923 3112 1944 3125 ο

348 3171 575 3243 ραλέος)
606 3173 701 3227 καὶ
808 3142 950 3228 κᾷτέι
966 3142 1139 3228 ταῦτα
1166 3142 1358 3229 ὲποίέιυ
1391 3142 1621 3230 misit-va
1636 3177 1823 3248 ἐπειδὴ
1843 3142 1937 3230 πα·
1969 3173 2010 3233 ε
2047 3158 2246 3224 aud“:

353 3261 528 3333 ρόντα
551 3256 660 3316 εἶδε
681 3263 749 3317 τὰ
778 3264 957 3335 πλήθη
980 3263 1088 3319 τῶν
1111 3265 1339 3336 Περσῶν
1364 3266 1512 3330 ἐντὸς
1529 3266 1624 3320 τοῦ
1652 3267 1937 3338 φρουρίου,

342 3355 504 3424 ἔγνω
521 3372 581 3408 τε
599 3356 797 3420 αὐτοὺς
813 3357 873 3409 ού
896 3359 1059 3428 μέχρι
1091 3356 1245 3410 τοῦδε
1271 3357 1656 3428 στησομένους,
1684 3358 1819 3413 ἀλλὰ
1845 3359 1943 3414 καὶ

347 3447 568 3519 σφόδρα
598 3448 1101 3518 πολεμησείοντας.
1138 3450 1339 3519 αὐτίκα
1389 3448 1580 3523 ᾤχετο.
1638 3450 1831 3522 Εύρὼν
1883 3451 1943 3504 δὲ

354 3540 509 3595 κατὰ
537 3540 639 3612 τὴν
673 3540 901 3610 πορείαν
929 3540 1157 3604 πολλοὺς
1200 3541 1309 3593 τῶν
1352 3540 1641 3612 Ῥωμαίων
1690 3543 1792 3595 οὐκ
1852 3541 1945 3593 εὑ-

355 3629 821 3700 θυδρομήσαντας
852 3629 900 3661 ⁷³
931 3631 988 3693 ἐς
1040 3629 1109 3683 τὰ
1146 3628 1530 3699 Χυτροπώλια,
1567 3625 1713 3703 ᾗπερ
1758 3631 1946 3696 αὐτοῖς

350 3721 695 3783 διετέτακτο,
739 3719 875 3775 ἀλλὰ
908 3722 965 3774 ὲν
999 3722 1263 3792 οἰκήμασι
1292 3723 1550 3786 Λαζικοῖς
1580 3723 1946 3794 εἰσπηδήσαν-

353 3827 482 3873 τας.
524 3810 621 3865 καὶ
656 3810 1097 3881 ἀφαιρουμένους
1124 3811 1324 3883 ἕλυμὸν
1349 3830 1407 3867 τε
1438 3814 1485 3845 ’⁸
1518 3815 1612 3868 καὶ
1645 3815 1798 3880 ζειὰς
1851 3817 1945 3870 καὶ

362 3903 503 3958 ἄλλα
526 3903 658 3956 ἄττα
689 3902 800 3955 τῶν
830 3900 1126 3973 ἐδωδίμων,
1146 3903 1471 3958 ἀπελαύνειν
1494 3922 1553 3958 τε
1579 3907 1774 3972 αὐτοὺς
1797 3910 1943 3961 ἐπει-

370 3996 506 4067 ρᾶτο
526 3995 617 4048 καὶ
642 3995 1027 4067 κατεμέμφετο
1052 3997 1152 4066 τῆς
1183 3997 1484 4068 παρανοίας
1514 3998 1581 4061 ⁷⁵,
1615 3999 1692 4063 ὡς
1724 4000 1824 4053 οὖν
1858 4003 1942 4054 εἰ-

364 4088 531 4151 δότας
557 4079 724 4160 οὗπερ
749 4088 1109 4160 τυγχάνουσιν
1172 4089 1324 4154 ὄντες
1380 4091 1573 4145 κακοῦ.
1637 4094 1791 4145 Ὅσοι
1842 4092 1942 4161 μὲν

356 4176 461 4235 οὖν
510 4175 647 4251 ἦσαν
679 4181 725 4212 ⁷⁸
780 4180 961 4235 αὐτῶν
995 4182 1056 4235 οὐ
1110 4181 1230 4234 λίαν
1269 4181 1438 4253 λίχνοι
1483 4201 1543 4236 τε
1592 4185 1686 4238 καὶ
1741 4187 1943 4241 ἀκόλα-

356 4288 504 4330 στοι,
555 4263 701 4324 οὗτοι
730 4271 789 4324 δὲ
832 4271 1240 4341 μεταμαθόντες
1262 4273 1305 4305 ⁷⁷
1342 4272 1401 4325 τὸ
1429 4273 1586 4342 λῷον,
1626 4274 1942 4339 ξυνείποντό

348 4379 420 4415 τε
472 4360 620 4432 αύτῷ
651 4366 745 4416 καὶ
774 4361 941 4433 βάδην
967 4362 1364 4433 ἀπεκομίζοντο
1380 4380 1398 4405 ε’
1439 4363 1577 4435 πλὴν
1606 4364 1721 4419 ἀλλ’
1758 4367 1821 4419 ού
1847 4384 1943 4435 γε·

350 4455 589 4522 γένηται
622 4453 777 4525 χώρα
817 4453 897 4525 τῷ
933 4454 1194 4526 Θεοδώρῳ
1238 4456 1582 4527 σχολαίτερον
1636 4457 1940 4526 διαγγεῖλαι

348 4548 477 4607 τοῖς
527 4548 854 4618 στρατηγοῖς
899 4547 998 4619 τὴν
1063 4549 1324 4617 ἐπήλυσιν
1379 4549 1547 4602 ⁷¹¹⁶τοῦ
1591 4552 1938 4624 Μερμερόου.

350 4639 558 4693 Ἐνίων
609 4640 720 4710 γὰρ
745 4639 826 4692 ἔτι
856 4640 921 4693 ὲκ
948 4639 1042 4693 τοῦ
1082 4641 1315 4712 στρατοῦ
1341 4644 1406 4712 τῇ
1440 4642 1665 4714 ἁρπαγῇ
1693 4644 1946 4714 ἐγκειμέ-

348 4748 473 4784 νων
511 4731 605 4785 καὶ
634 4733 737 4785 οὐκ
768 4732 1027 4787 ἀνιέντων
1044 4734 1397 4801 ἐπιφοιτῶσιν
1427 4735 1622 4806 ἀθρόον
1647 4737 1697 4789 οἱ
1717 4738 1942 4807 Πέρσαι,

353 4821 463 4874 καὶ
484 4821 703 4892 ὀλίγους
735 4822 835 4892 μὲν
865 4823 1043 4877 αὐτῶν
1073 4823 1311 4878 ἔκτεινον
1338 4841 1356 4857 ο
1383 4828 1430 4879 οἱ
1454 4827 1508 4880 δὲ
1527 4827 1674 4881 ἄλλοι
1699 4829 1945 4900 δρομαῖοι

352 4913 593 4978 ἔφυγον,
621 4913 717 4965 καὶ
745 4912 809 4983 δὴ
837 4912 1166 4978 ἐξαπιναίως
1180 4914 1536 4970 ἐσπίπτουσιν
1564 4919 1669 4972 ἀνὰ
1696 4919 1754 4972 τὸ
1787 4937 1946 4990 στρα-

354 5002 597 5057 τόπεδον
646 5002 740 5067 ξὺν
765 5005 982 5075 οἰμωγῇ
1016 5006 1110 5059 καὶ
1143 5005 1381 5078 θορύϐῳ,
1423 5009 1501 5072 ὡς
1549 5009 1790 5075 ἅπαντας
1826 5012 1951 5078 ξυν-

354 5094 713 5166 ταραχθῆναι
776 5097 855 5167 τῷ
913 5099 1185 5170 αἰφνιδίῳ,
1247 5101 1342 5154 καὶ
1381 5101 1525 5173 πέρα
1579 5102 1662 5175 [Ρ.
1696 5104 1811 5179 59.]
1850 5106 1945 5161 τοῦ

363 5185 601 5259 μετρίου
649 5188 1025 5260 δειμαίνοντας
1075 5191 1131 5254 ἐς
1160 5192 1462 5266 ὑπαγωγὴν
1496 5197 1945 5267 μετανίστασθαι.

2041 591 2157 647 Hoc
2185 594 2352 663 igitur
2391 593 2519 649 dolo
2563 590 2923 649 circumventi
2974 589 3325 658 superatique
3363 600 3393 639 a
3423 585 3615 639 barba-

2037 685 2135 750 ris,
2168 684 2596 756 turpissimaque
2644 683 2958 741 recessione
2997 681 3163 747 facta,
3206 679 3439 735 Romani
3484 679 3615 732 relie-

2036 775 2161 845 quis
2186 776 2357 845 copiis
2388 790 2510 831 sese
2556 776 2892 847 conjungere
2933 770 3391 844 approperabaut.
3443 766 3614 821 Excr-

2037 867 2179 922 citus
2208 869 2379 932 enim,
2422 881 2585 936 quem
2619 866 2787 922 Bessa
2827 876 2882 921 et
2926 862 3182 921 Justinus
3215 860 3508 922 ducebant,
3561 859 3617 911 in

2036 970 2232 1025 campo
2258 955 2496 1026 quodam
2527 965 2708 1011 castra
2735 956 2985 1010 locarant
3019 967 3127 1008 non
3163 951 3354 1021 procul
3394 965 3423 1003 a
3460 947 3617 1001 Tele-

2037 1046 2144 1117 phe
2174 1047 2302 1111 sito,
2330 1054 2537 1115 septem
2569 1055 2779 1100 tantum
2820 1045 3012 1101 stadiis
3060 1036 3187 1097 inde
3218 1041 3477 1097 distante.
3521 1038 3617 1094 Est

2037 1153 2170 1194 vero
2199 1139 2338 1192 nihil
2367 1137 2516 1192 aliud
2560 1137 2633 1192 ibi
2664 1152 2827 1208 quam
2863 1137 3092 1191 ollarum
3144 1134 3341 1199 forum,
3379 1131 3525 1185 unde
3561 1138 3617 1184 et

2038 1232 2161 1287 loco
2186 1246 2388 1287 nomen
2421 1229 2677 1285 inditum.
2708 1229 2912 1283 Oliaria
2945 1228 3113 1292 enim,
3150 1233 3209 1281 ut
3249 1223 3425 1279 Latini
3455 1223 3613 1277 dixe-

2037 1325 2168 1391 rint,
2200 1324 2538 1393 appellatur,
2569 1320 2717 1391 quod
2750 1319 2975 1391 perinde
3000 1325 3105 1383 est,
3137 1333 3202 1373 ac
3236 1318 3281 1372 si
3311 1317 3498 1371 Graece
3525 1314 3613 1369 di-

2012 1428 2133 1471 cas
2156 1413 2525 1486 χυτροπώλια.
2557 1412 2922 1481 Posteaquam
2971 1425 3102 1465 vero
3128 1409 3241 1478 jam
3285 1408 3443 1468 multi
3488 1420 3613 1460 cum

2037 1505 2273 1560 Martino
2324 1505 2446 1576 fuga
2493 1514 2759 1574 praerepta
2807 1503 2862 1556 in
2912 1510 3027 1556 tuto
3072 1508 3257 1554 essent
3305 1494 3611 1558 constituti,

2038 1599 2217 1653 visum
2253 1606 2337 1652 est
2362 1598 2623 1652 omnibus
2650 1594 2941 1665 praefectis,
2984 1601 3044 1646 ut
3072 1592 3145 1646 ibi
3187 1590 3396 1644 hostem
3422 1602 3615 1655 exspes

2037 1700 2248 1746 ctantes
2308 1690 2426 1744 acie
2486 1689 2752 1742 instructa
2818 1686 3187 1747 obsisterent,
3248 1678 3616 1744 ulterioreque

2040 1784 2275 1841 transitu
2305 1783 2682 1852 prohiberent.
2715 1777 2847 1834 Erat
2880 1793 3012 1832 vero
3040 1775 3263 1845 quidam
3297 1773 3439 1826 inter
3478 1784 3615 1840 pra:-

2038 1877 2233 1947 cipuos
2279 1872 2727 1941 clarissimosque
2775 1870 2945 1926 duces
2994 1865 3318 1921 Theodorus
3368 1862 3612 1924 nomine,

2039 1981 2211 2039 genus
2241 1965 2460 2034 quidem
2487 1964 2713 2022 ducens.
2733 1976 2766 2017 e
2810 1970 2968 2031 gente
2995 1957 3154 2028 109
3179 1956 3478 2018 Zauorum,
3519 1952 3613 2006 sed

2039 2058 2183 2129 apud
2233 2056 2512 2111 Romanos
2560 2054 2847 2116 educatus,
2896 2051 3099 2120 quique
3137 2049 3249 2119 jam
3296 2043 3616 2100 barbaricos

2038 2165 2244 2215 mores,
2271 2147 2489 2203 tametsi
2519 2146 2681 2216 patrii
2702 2151 2879 2208 erant,
2907 2150 3136 2197 exuerat
3167 2148 3222 2195 et
3245 2139 3313 2194 ad
3343 2150 3613 2193 summam

2042 2243 2404 2298 urbanitatem
2436 2240 2771 2295 traduxerat.
2800 2236 2899 2292 Hic
2932 2235 3117 2305 itaque
3138 2231 3460 2288 Theodorus
3489 2242 3614 2283 cum

2041 2350 2145 2392 suo
2175 2334 2391 2402 agmine
2428 2331 2821 2402 (sequebantur
2855 2328 3001 2382 enim
3037 2327 3215 2395 ipsum
3252 2337 3359 2377 non
3391 2321 3614 2391 paucio-

2042 2444 2131 2485 res
2168 2425 2483 2497 quingentis
2522 2438 2636 2478 suae
2683 2420 2921 2476 nationis
2969 2417 3287 2488 viri)vcirca
3333 2411 3615 2482 Telepbim

2040 2520 2222 2577 adhuc
2269 2518 2557 2574 stationem
2594 2514 2847 2569 habebat.
2881 2510 3163 2564 Mandarat
3197 2506 3342 2562 enim
3377 2504 3426 2557 ei
3471 2502 3615 2556 Mar-

2041 2615 2213 2678 tinus,
2240 2626 2310 2667 ne
2338 2608 2489 2679 prius
2518 2606 2643 2661 inde
2663 2602 2987 2664 discederet,
3016 2612 3179 2679 quam
3211 2610 3400 2652 omnes
3430 2595 3615 2649 hostes

2040 2707 2315 2762 irruentes
2346 2701 2589 2763 vidisset,
2621 2709 2924 2765 eorumque
2952 2675 3263 2755 numerum,
3292 2687 3473 2758 quoad
3497 2684 3614 2740 ﬁeri

2041 2805 2246 2870 posset,
2298 2797 2616 2849 observaret
2667 2793 3160 2859 cognoscere-tque,
3213 2780 3348 2853 quid
3390 2779 3611 2842 virium,

2039 2892 2167 2963 quid
2191 2887 2359 2945 animi
2387 2885 2671 2941 haberent.

2111 3065 2203 3119 21.
2240 3061 2380 3117 Tum
2431 3059 2542 3121 ille,
2579 3066 2640 3112 ut
2666 3062 2786 3110 erat
2831 3052 2900 3108 ad
2932 3048 3421 3109 omniastrenuus
3450 3050 3619 3112 atque

2281 3154 2534 3210 mandata
2573 3149 2908 3219 exsequitur.
2944 3147 3027 3199 Ac
3074 3140 3292 3202 deinde,
3337 3152 3463 3193 cum
3502 3136 3616 3205 jam

2042 3252 2336 3307 Persarum
2368 3245 2553 3316 copias
2573 3238 3042 3314 propugnaculum
3071 3234 3349 3303 ingressas
3370 3229 3617 3293 vidisset,

2045 3343 2497 3415 cognovissetque
2538 3352 2646 3392 non
2689 3349 2755 3389 eo
2803 3341 2960 3387 tenus
2988 3325 3351 3382 substilurum
3382 3323 3618 3383 hostem,

2044 3410 2140 3489 sed
2190 3429 2479 3487 conﬂictus
2511 3442 2634 3482 esse
2669 3419 3043 3493 percupidum,
3080 3412 3366 3471 confestim
3406 3410 3532 3465 inde
3561 3422 3623 3464 se

2045 3522 2325 3581 subduxit.
2374 3519 2624 3588 Cumque
2671 3518 2727 3570 in
2775 3514 2968 3569 itinere
3010 3508 3214 3564 multos
3250 3504 3622 3559 Romanorum

2045 3631 2153 3672 non
2174 3622 2325 3669 recta
2359 3612 2426 3667 ad
2460 3609 2661 3666 Ullaria
2715 3603 3107 3662 contendentes
3151 3592 3621 3667 deprehendisset,

2044 3718 2210 3782 prout
2243 3708 2324 3764 eis
2363 3715 2482 3762 erat
2526 3705 2869 3771 imperatum,
2914 3695 3009 3751 sed
3052 3691 3323 3746 Lazornm
3365 3685 3623 3741 domibus

2044 3776 2389 3862 insultantes,
2419 3795 2676 3865 panicum
2721 3798 2777 3844 et
2802 3800 2951 3842 zeam
2999 3783 3116 3840 sive
3149 3779 3382 3843 semina,
3406 3776 3624 3845 aliaque

2045 3888 2326 3945 esculenta
2354 3883 2648 3952 rapientes,
2690 3892 2787 3932 eos
2825 3886 3082 3930 revocare
3116 3868 3411 3930 nitebatur,
3449 3874 3622 3919 teme—

2043 3978 2226 4035 ritatis
2253 3988 2545 4037 accusans,
2568 3969 2660 4040 qui
2689 3965 2981 4030 nescirent,
2999 3960 3200 4032 quibus
3228 3960 3283 4013 in
3309 3955 3470 4010 malis
3499 3968 3625 4008 ver-

2043 4077 2322 4129 sarentur.
2352 4065 2631 4134 Quotquot
2656 4060 2823 4130 igitur
2867 4072 2936 4111 ex
2962 4056 3028 4110 iis
3051 4060 3207 4117 erant
3235 4050 3419 4104 minus
3442 4046 3622 4116 gulosi

2043 4173 2208 4236 atque
2232 4163 2679 4230 intemperantes,
2704 4152 2917 4223 potiora
2955 4145 3144 4202 moniti
3176 4146 3228 4198 ei
3266 4156 3386 4198 sese
3426 4140 3626 4210 adjun-

2044 4231 2241 4313 xerunt
2264 4295 2281 4322 ,
2323 4262 2375 4309 et
2414 4250 2576 4321 110
2614 4245 2817 4303 sensim
2848 4258 2907 4299 se
2951 4244 3294 4308 receperunt.
3332 4231 3624 4288 Theodoro

2045 4361 2230 4407 tamen
2285 4350 2440 4405 locus
2471 4359 2579 4400 non
2610 4346 2729 4397 erat
2756 4346 2968 4393 mature
2997 4328 3281 4388 nuntiandi
3329 4324 3624 4396 praefectis,

2042 4443 2398 4507 Mermeroem
2427 4437 2734 4493 imminere.
2775 4426 3064 4485 Nonnullis
3086 4424 3234 4479 enim
3260 4419 3439 4475 adhuc
3471 4426 3627 4473 extra

1970 4503 2018 4562 Β
2048 4546 2229 4595 castra
2266 4503 2472 4603 rapinae
2527 4529 2749 4585 intentis
2798 4537 2977 4592 neque
3019 4514 3408 4574 desistentibus
3448 4510 3630 4564 Persae

2051 4637 2275 4701 repente
2301 4623 2729 4696 superveniunt;
2769 4626 2825 4673 et
2848 4612 3139 4670 nonnullos
3181 4607 3400 4678 quidem
3435 4615 3626 4657 eorum

2053 4699 2422 4785 obtruncant;
2451 4715 2644 4785 reliqui
2670 4709 3025 4767 concitatiore
3051 4717 3216 4760 cursu
3243 4699 3512 4770 fugientes
3538 4709 3628 4749 ce-

2053 4820 2237 4876 leriter
2263 4831 2388 4872 cum
2413 4810 2644 4868 tumultu
2680 4808 2991 4878 eiulatuque
3016 4796 3070 4855 i‘n
3104 4795 3405 4854 exercitum
3437 4798 3634 4855 ruunt,

2055 4917 2192 4973 adeo
2222 4922 2282 4969 ut
2302 4926 2495 4968 omnes
2534 4906 2816 4977 repentino
2860 4907 3011 4955 motu
3047 4891 3349 4968 perturbati
3382 4897 3437 4943 et
3463 4898 3629 4955 supra

2052 5010 2275 5065 modum
2305 5000 2666 5076 expavefacti,
2699 4995 3063 5053 secessionem
3090 5005 3121 5045 e
3153 4984 3352 5042 castris
3377 4979 3623 5036 fecerint.

2051 5100 2301 5160 Praefecti
2322 5111 2449 5154 vero
2470 5095 2671 5168 (neque
2690 5090 2834 5146 enim
2862 5087 3041 5141 adhuc
3062 5080 3233 5137 aciem
3267 5069 3628 5138 ordinarant),

2050 5203 2355 5253 metuentes
2372 5165 2561 5255 etiam,
2591 5201 2660 5243 ne
2680 5180 2897 5241 barbari
2924 5180 3219 5249 imparatos
3238 5165 3627 5240 opprimerent,

1655 5380 1898 5438 VARUE
1936 5380 2345 5442 LECTIONES.

441 5550 489 5585 ω
513 5552 667 5652 ’θωνα
715 5549 780 5614 R’
824 5551 984 5621 μόνον
1014 5553 1156 5623 vulg'
1235 5555 1281 5587 ⁸³
1319 5556 1566 5612 ἐντεῦθεν
1609 5558 1686 5632 τῷ
1724 5560 1953 5633 xii)pr
1980 5606 1998 5632 ,
2036 5565 2116 5636 τῷ
2173 5564 2217 5617 ὠ
2255 5582 2300 5636 ῳ
2331 5557 2542 5616 ἐνθένδε
2581 5553 2728 5625 vulg.
2801 5548 3138 5633 “funem
3165 5542 3293 5623 Par:
3320 5555 3405 5603 τις
3423 5536 3546 5618 ίηε..
3564 5550 3629 5592 ex

597 5622 898 5688 στήσασθαι
941 5622 1006 5678 Β.
1082 5624 1126 5656 ⁷³
1164 5625 1195 5688 ἢ
1238 5627 1578 5681 πεντακόσιοι
1620 5662 1689 5673 -
1722 5633 1988 5688 πρότερον
2052 5582 2265 5688 itonst
2306 5647 2416 5686 om.
2486 5627 2548 5680 Β.
2597 5626 2804 5680 lacunte
2833 5635 2989 5688 srgno
3032 5626 3365 5688 Inﬁrnargme
3432 5615 3629 5688 posito.

364 5621 436 5678 Β.
513 5621 557 5652 ’ί
597 5622 898 5709 στήσασθαι
941 5622 1006 5678 Β.
1082 5621 1126 5656 τί
1164 5625 1195 5693 ἢ
1238 5627 1578 5681 πεντακόσιοι
1620 5621 1689 5673 -ζ-
1722 5621 1889 5702 ἇὶρὸτέ
1929 5621 1997 5688 ον’
2052 5621 2283 5689 ἐνθ’ἒνδέ
2306 5647 2416 5686 om.
2486 5627 2548 5680 Β.
2597 5621 2804 5680 lacuna:
2833 5622 2949 5690 sign

364 5694 420 5726 ⁷⁸
447 5691 964 5753 εὑθυδραμησαντας
1008 5697 1072 5750 Β.
1179 5697 1223 5728 ⁷³
1258 5714 1317 5748 τε
1364 5695 1428 5753 Β.
1487 5698 1679 5753 Luszd..
1719 5718 1780 5753 γε
1801 5651 1926 5753 θςίιίίῗ
2027 5704 2075 5739 ⁷⁸
2115 5704 2417 5753 παρανοίας
2468 5696 2531 5752 Β.
2558 5692 2840 5753 παροινίας
2870 5690 2956 5744 Vu'

2115 5704 2438 5775 παρανοίας⁸
2468 5704 2531 5752 li.
2558 5704 2840 5775 παροινίας
2870 5704 3015 5775 νοις.

363 5664 964 5770 νέῡθυδραμήσαντας
1008 5697 1072 5750 R.
1111 5767 1119 5770 _
1169 5664 1223 5728 ’4⁷⁵

366 5765 498 5837 add.
530 5762 682 5837 eali
726 5762 972 5837 etintpr.
1032 5767 1120 5837 qui
1172 5767 1307 5837 θυίαν
1357 5780 1505 5822 erant
1548 5762 1673 5824 nim
1710 5762 1995 5830 admodum
2038 5762 2223 5830 dediti.

366 5836 416 5869 ⁷⁸
439 5829 722 5904 ὲτιιήλυσιν
752 5831 818 5888 Β.

2239 5607 2548 5687 3032's.
2594 5607 2804 5680 istim
2833 5622 2989 5690 signo
3032 5607 3398 5690 i'n_margine
3432 5607 3629 5690 posito.

3099 5686 3147 5717 ⁷⁸
3181 5676 3324 5755 ἦσξιν
3353 5687 3407 5735 et
3429 5676 3491 5731 ού
3511 5676 3633 5755 λίαν

2325 5747 2891 5839 δῖἒξᾷεὼᾲαθὸνέες
2944 5747 3011 5828 R,
3058 5755 3123 5827 δὴ
3173 5747 3434 5829 μαθόντες
3487 5747 3631 5820 “1'8-

2177 5653 2206 5689 ν
