4030 6468
510 343 648 409 1379

1694 342 2055 404 AGATlII/E
2090 342 2579 404 SCHOLASTICI

3607 347 3722 418 1380

504 458 809 520 prematur,
868 450 1141 521 Spirantes
1199 450 1383 506 adhuc
1432 460 1488 507 et
1538 460 1720 506 mente
1767 460 2088 508 constantes

2189 452 2404 523 τύχοιεν
2431 454 2572 522 νόσῳ
2603 451 2712 504 τινὶ
2736 449 3118 522 δυσκολωτάτῃ
3150 451 3522 521 πεπιεσμένοι.
3552 454 3726 524 ἒμπνοι

503 540 815 603 educuntur
838 557 852 596 :
876 550 1233 613 posteaquam
1256 558 1388 598 vero
1413 543 1693 612 expositus
1716 542 1769 597 in
1801 543 1949 597 hunc
1976 558 2091 599 mo—

404 668 407 671 -
506 635 639 689 dum
673 633 875 704 aliquis
905 633 1087 700 fuerit,
1122 634 1280 704 panis
1314 634 1549 689 frustum
1585 633 1634 688 ei
1668 643 1722 689 et
1754 648 1895 704 aqua
1922 635 2092 689 bacu-

506 723 706 795 lusque
730 724 890 794 juxta
925 736 1297 795 apponuntur,
1332 735 1393 780 ut
1425 725 1670 795 quandiu
1708 725 1890 780 cibum
1918 726 2090 796 degu-

506 826 654 871 stare
682 816 858 886 possit
876 824 931 870 et
952 815 1150 871 virium
1179 816 1381 887 aliquid
1414 817 1465 873 ei
1491 817 1746 888 supersit,
1779 818 1974 873 baculo
1996 819 2092 875 illo

506 908 809 962 animantia
846 907 1109 962 irruentia
1140 917 1344 976 arceat,
1379 909 1747 979 epulonesque
1786 911 2086 980 propulset.

509 999 568 1053 Si
623 1014 757 1053 vero
804 999 1049 1053 nondum
1095 1000 1318 1069 quidem
1353 1001 1641 1068 interierit,
1675 1002 1857 1057 vincat
1909 1014 2085 1058 tamen

506 1091 590 1145 vis
621 1090 800 1163 morbi
834 1091 992 1155 adeo,
1023 1099 1084 1145 ut
1105 1091 1218 1161 jam
1249 1107 1444 1148 manus
1474 1093 1711 1162 amplius
1744 1109 1963 1148 movere
1993 1110 2091 1148 nc-

504 1193 689 1252 qucat,
744 1190 858 1239 tum
886 1184 1101 1253 tutique
1153 1184 1412 1239 miserum
1448 1186 1864 1239 semimortuum
1897 1195 1947 1239 et
1973 1185 2089 1254 jam

504 1274 742 1328 animam
783 1289 943 1343 agere
1000 1274 1350 1344 incipientem
1383 1276 1665 1344 devorant,
1701 1286 1756 1331 et
1783 1292 1933 1347 spem
1963 1278 2087 1332 diu-

507 1365 613 1419 tius
643 1365 808 1419 etiam
843 1365 1078 1419 fortasse
1115 1367 1331 1421 vivendi
1380 1368 1718 1438 prmripiunt.
1756 1368 1904 1424 Multi
1942 1370 2088 1424 enim

502 1471 627 1512 cum
649 1457 762 1527 jam
794 1458 1224 1521 eonvaluissent,
1255 1459 1479 1514 domum
1520 1460 1802 1516 redierunt
1842 1462 2006 1517 veluti
2034 1464 2090 1518 in

504 1564 669 1605 scena
687 1559 740 1604 et
771 1549 1032 1621 tragoedia
1054 1565 1118 1604 ex
1139 1550 1496 1608 tenebricosis
1519 1552 1644 1607 Orci
1670 1554 1843 1623 portis
1862 1555 2085 1619 reversi,

503 1642 782 1695 macilenti
817 1644 1038 1711 quidam
1059 1651 1113 1696 et
1139 1643 1420 1699 decolores
1447 1644 1745 1719 obviosque
1768 1646 2089 1703 terriculan-

505 1742 606 1789 tes.
636 1731 692 1787 Si
732 1732 890 1803 115
913 1733 1036 1803 quis
1065 1742 1246 1788 autem
1278 1735 1349 1789 ita
1381 1737 1582 1803 redeat,
1612 1747 1935 1793 aversantur
1962 1754 2087 1794 eum

507 1838 703 1879 omnes
725 1833 779 1879 et
813 1823 1118 1894 defugiunt,
1173 1833 1235 1880 ut
1266 1826 1504 1881 maxime
1536 1827 1890 1898 piacularem,
1921 1840 1977 1885 et
2004 1831 2089 1886 in-

505 1926 590 1971 ter
631 1916 1021 1972 subterraneos
1058 1917 1239 1972 adhuc
1264 1932 1387 1972 eum
1424 1929 1682 1988 censent;
1718 1936 1894 1992 neque
1927 1933 2087 1980 antea

501 2008 792 2079 pristinum
824 2008 950 2063 vitae
976 2009 1284 2064 institutum
1322 2010 1501 2065 colere
1524 2012 1572 2066 ei
1600 2013 1956 2081 permittitur,
1985 2015 2087 2069 do-

502 2113 606 2154 nec
636 2113 665 2153 a
694 2100 870 2169 magis
901 2101 1177 2169 expiatum
1232 2099 1395 2155 fuerit
1436 2101 1713 2171 piaculum
1764 2112 2089 2176 exspectata:

502 2192 715 2255 mortis,
739 2200 794 2246 et
817 2191 1220 2258 quodammodo
1242 2191 1349 2246 vita
1371 2192 1684 2249 redonetur.
1711 2194 1779 2251 Et
1801 2205 1946 2252 certe
1968 2213 2089 2252 ma-

506 2282 773 2338 nifestum
805 2291 889 2337 est
915 2282 1158 2353 singulas
1193 2282 1478 2339 hominum
1510 2287 1784 2353 nationes,
1819 2289 1866 2344 si
1888 2289 1976 2344 cui
2009 2290 2089 2345 lc-

503 2373 581 2444 gi,
632 2389 755 2443 quae
787 2388 819 2427 ι
857 2374 1032 2428 multo
1064 2382 1311 2442 tempore
1361 2376 1684 2456 obtinuerit,
1726 2382 2087 2448 assueveriut,

500 2466 766 2536 optimam
801 2480 924 2521 eam
971 2467 1458 2537 atqnissimamqne
1509 2468 1789 2540 judicare;
1823 2480 1879 2527 et
1912 2474 2088 2528 sicubi

501 2557 635 2629 quid
666 2566 863 2628 prmter
901 2574 1021 2615 eam
1054 2558 1168 2628 ﬁat,
1202 2559 1576 2629 rejectaueum
1610 2562 1665 2617 id
1697 2562 1830 2632 ipsis
1855 2579 1921 2619 ac
1949 2565 2088 2620 ridi-

504 2649 692 2706 culum
744 2650 915 2706 videri
952 2652 1312 2722 dignumque,
1352 2652 1437 2707 cui
1470 2653 1603 2711 ﬁdes
1651 2655 1967 2725 abrogetur.
2003 2656 2092 2712 ln-

499 2751 678 2797 ventze
707 2751 835 2797 sunt
867 2751 1048 2797 tamen
1078 2744 1148 2798 ab
1188 2743 1502 2800 hominibus
1533 2760 1756 2800 suarum
1797 2748 1974 2821 legum
2004 2766 2091 2805 ra-

507 2835 690 2890 tiones
721 2843 777 2891 et
812 2849 993 2890 causa:
1035 2835 1156 2890 alim
1201 2846 1365 2906 atque
1404 2837 1544 2905 aliae,
1592 2837 1825 2895 fortasse
1869 2842 2088 2911 quidem

502 2939 668 2992 verae,
703 2922 955 2982 fortassis
987 2934 1168 2981 autem
1208 2936 1262 2982 ct
1302 2929 1367 2983 ad
1406 2930 1843 2998 persuadendum
1875 2949 2090 3005 compa-

502 3024 660 3066 ηυξ.
689 3010 813 3080 Quo
839 3012 919 3080 fit,
948 3022 1005 3068 ut
1058 3014 1260 3069 mirum
1294 3016 1427 3070 mihi
1474 3033 1583 3072 non
1628 3019 1895 3088 videatur,
1942 3024 1986 3078 si
2035 3032 2091 3080 et

2190 543 2271 597 ἔτι
2299 544 2523 611 ἄγονται
2547 544 2590 574 ¹⁰
2634 541 2728 594 καὶ
2769 540 3039 612 νηφάλιοι.
3087 541 3335 595 Ἐπειδὰν
3373 542 3427 595 δέ
3467 560 3548 608 τις
3577 545 3727 613 οὔτως

2189 634 2459 704 ἐκτεθείη.
2484 635 2648 704 ἄρτου
2668 633 2873 705 τρύφος
2899 633 3048 704 αύτῷ
3081 635 3174 688 καὶ
3199 632 3346 704 ὕδωρ
3366 637 3459 689 καὶ
3488 635 3730 710 βακτηρία

2191 724 2732 796 ξυμπαράκεινται-ίί
2768 740 2782 754 ’
2821 724 2916 777 καί⁹
2960 726 3126 796 μέχρι
3163 725 3260 794 μὲν
3289 720 3401 787 οἷός
3437 742 3495 778 τε
3538 728 3617 797 εἴη
3646 729 3732 801 τῆς

2188 817 2391 888 ἐδωδῆς
2409 817 2804 886 ἀπογεύεσθαι,
2838 817 2933 871 καί
2962 835 3014 870 τι
3045 817 3328 887 δυνάμεως
3364 817 3508 888 αὐτῷ
3535 821 3732 876 ὑπολεί-

2190 926 2368 970 ποιτο,
2414 911 2443 964 ὁ
2484 909 2541 963 δὲ
2580 908 2848 980 ἀμύνεται
2877 908 3050 981 ταύτῃ
3091 907 3157 979 δὴ
3198 911 3264 980 τῇ
3314 909 3578 982 βακτηρίᾳ
3598 913 3636 944 ι’
3675 915 3735 968 τὰ

2188 1000 2412 1054 ἐπιόντα
2452 1000 2563 1053 τῶν
2596 998 2773 1069 ζώων,
2813 999 2910 1053 καὶ
2950 999 3211 1053 ἀποσοϐεῖ
3247 1001 3376 1062 τοὺς
3413 1000 3733 1071 δαιτυμόνας.

2188 1089 2252 1142 Εἰ
2293 1087 2353 1141 δὲ
2400 1085 2553 1141 οὔπω
2610 1088 2708 1158 μὲν
2746 1087 2980 1157 πάμπαν
3004 1088 3048 1119 ⁸⁸
3090 1087 3444 1158 διαφθαρείη,
3487 1087 3646 1159 νικῴη
3687 1090 3736 1144 δέ

2188 1181 2339 1250 ὅμως
2378 1180 2449 1234 τὰ
2484 1183 2581 1252 τῆς
2617 1182 2771 1235 νόσου
2819 1181 2896 1245 ὡς
2930 1181 3129 1252 μηκέτι
3167 1180 3438 1234 κινεῖσθαι
3472 1179 3548 1234 τὼ
3582 1184 3734 1253 χεῖρε,

2189 1274 2310 1328 τότε
2336 1273 2400 1346 δὴ
2420 1274 2510 1328 τὸν
2535 1273 2767 1328 δείλαιον
2800 1272 3070 1343 ⁴ἡμιθνῆτα
3110 1272 3205 1326 καὶ
3238 1271 3368 1343 ἄρτι
3395 1271 3737 1344 ψυχορραγεῖν

2188 1367 2493 1438 ἀρχόμενον
2524 1366 2889 1432 κατεσθίουσι,
2918 1365 3013 1420 καὶ
3047 1364 3520 1437 προαφαιροῦνται
3549 1364 3639 1435 τὴν
3668 1366 3739 1418 ἐλ-

2191 1462 2322 1514 πίδα
2350 1459 2444 1514 τοῦ
2478 1460 2606 1523 ἴσως
2642 1459 2711 1512 ἂν
2744 1459 2837 1512 καὶ
2872 1457 3245 1530 περιέσεσθαι.
3290 1456 3488 1510 Πολλοὶ
3521 1456 3624 1528 γὰρ
3648 1457 3737 1529 ἤδη

2188 1552 2635 1624 ἀναρρωσθέντες
2662 1550 3042 1622 ἀπενόστησαν
3083 1550 3142 1613 ἐς
3167 1549 3241 1603 τὰ
3277 1549 3477 1613 οἰκεῖα,
3513 1548 3738 1620 καθάπερ

2189 1644 2248 1700 ἐν
2278 1646 2449 1715 σκηνῇ
2495 1643 2591 1697 καὶ
2619 1642 2896 1714 τραγῳδίᾳ
2924 1642 2990 1694 ἐκ
3016 1641 3125 1694 τῶν
3158 1639 3354 1694 σκότου
3387 1639 3570 1692 πυλῶν
3597 1641 3741 1708 ἀφιγ-

2193 1739 2367 1809 μένοι,
2397 1736 2567 1808 ίσχνοί
2591 1753 2738 1800 τινες
2780 1736 2874 1790 καὶ
2915 1735 3288 1805 ἐτερόχρωτες
3327 1732 3425 1786 καὶ
3450 1727 3552 1786 οἷοι
3594 1732 3740 1785 δεδίτ-
3792 1788 3802 1801 ,

2188 1827 2377 1881 τεσθαι
2389 1828 2518 1889 τοὺς
2545 1825 2993 1895 ἐντυγχάνοντας.
3012 1824 3075 1876 Ei
3095 1823 3153 1876 δέ
3169 1839 3253 1885 τις
3270 1821 3449 1882 οὕτως
3476 1820 3734 1887 ἐπανήξει,

2188 1917 2543 1991 ἐκτρέπονταί
2565 1935 2628 1987 γε
2655 1906 2819 1972 αὐτὸν
2850 1915 3236 1983 ἅπαντες,κώ
3258 1912 3657 1980 ἀποφεύγουσιν
3678 1909 3742 1972 ὡς

2189 2014 2575 2081 ὲναγέστατον,
2609 2010 2702 2065 καὶ
2728 2010 2833 2064 ὑπὸ
2860 2010 2987 2073 τοὺς
3018 2007 3269 2079 χθονίους
3304 2006 3389 2060 ἐτι
3429 2002 3740 2065 τελοῦντα¹⁶,

2189 2106 2284 2159 καὶ
2307 2105 2367 2158 ού
2394 2103 2659 2175 πρότερόν
2687 2103 2738 2156 οἰ
2764 2104 2974 2171 ἐφεῖται
3008 2100 3116 2152 τῶν
3154 2098 3405 2169 ξυνήθων
3445 2094 3742 2167 μεταλαχεῦρ

2187 2198 2579 2268 διαιτημάτων,
2617 2194 2746 2267 πρὶν
2770 2193 2875 2248 ὑπὸ
2905 2192 3013 2246 τῶν
3046 2193 3240 2264 μάγων
3274 2189 3678 2259 ἀποκαθαρθείη
3704 2189 3741 2220 ¹⁸

2188 2290 2248 2344 τὸ
2278 2290 2492 2359 μίασμα
2519 2288 2679 2358 δῆθεν
2708 2285 2803 2340 τοῦ
2839 2285 3190 2348 ἐλπισθέντος
3220 2283 3483 2350 θανάτου,
3518 2281 3610 2335 καὶ
3645 2276 3741 2335 οἷον

2189 2378 2552 2433 ἀνταπολὰϐοι
2579 2376 2641 2430 τὸ
2669 2373 2883 2438 abem“
2903 2374 3116 2445 βιῶναι.
3150 2372 3265 2427 Καὶ
3293 2370 3518 2442 εὔδηλον
3545 2370 3638 2442 μὲν
3671 2372 3741 2424 ὅτι

2189 2470 2253 2542 δὴ
2281 2470 2391 2523 τῶν
2420 2468 2780 2540 ἀνθρωπείων
2828 2467 2997 2521 ἐθνῶν
3039 2465 3115 2529 ὡς
3157 2464 3408 2530 ἕκαστοι,
3450 2463 3504 2517 ετ
3526 2480 3588 2532 γε
3627 2465 3743 2533 ότῳο

2190 2560 2352 2631 δηοῦν
2384 2560 2533 2629 νόμῳ
2578 2561 2642 2612 ἐκ
2693 2557 2948 2611 πλείστου
2981 2555 3299 2625 νενικηκότι
3334 2552 3738 2624 ἐμϐιοτεύσαιεν,

2187 2639 2386 2706 τοῦτον
2405 2650 2528 2723 δὴ¹⁷
2549 2650 2772 2720 ἄριστον
2800 2647 3063 2719 ἡγοῦνται
3093 2645 3188 2698 καὶ
3218 2643 3529 2709 θεσπέσιον,
3563 2643 3650 2697 καὶ
3672 2642 3739 2695 εί-

2191 2759 2295 2796 που
2334 2759 2387 2795 τι
2419 2741 2548 2812 παρ’
2575 2740 2781 2792 ἐκεῖνον
2802 2738 2844 2770 "
2877 2736 3189 2808 πράττοιτο,
3226 2733 3468 2804 φευκτόν
3493 2749 3551 2785 τε
3581 2731 3739 2795 αὐτοῖς

2190 2827 2331 2886 εἶναι
2382 2831 2530 2884 δοκεῖ
2577 2829 2671 2884 καὶ
2726 2826 3132 2895 καταγέλαστον
3175 2826 3277 2879 καὶ
3318 2826 3502 2878 ὁποῖον
3543 2822 3638 2895 ἤδη
3659 2822 3739 2876 καὶ

2190 2922 2558 2979 ἀπιστεῖσθαι.
2592 2920 2944 2991 Ἐξεύρηνται
2964 2918 3021 2972 δὲ
3040 2919 3192 2988 ὅμως
3208 2915 3385 2970 αίτίαι
3413 2918 3526 2978 τοῖς
3554 2912 3739 2985 ἀνθρώ-

2192 3038 2316 3084 ποις
2340 3020 2433 3073 καὶ
2464 3018 2613 3086 λόγοι
2643 3016 2751 3070 τῶν
2773 3015 2988 3069 οἰκείων
3018 3014 3147 3085 πέρι
3168 3015 3356 3084 νόμων
3382 3012 3563 3068 ἄλλοθι
3588 3011 3736 3076 ἄλλοι,

500 3101 682 3159 Persae
703 3106 910 3159 rituum
933 3121 1158 3161 suorum
1179 3107 1445 3163 rationem
1470 3111 1780 3177 reddentcs,
1802 3129 1898 3168 eos
1921 3115 2084 3170 etiam

2190 3111 2355 3182 τυχὸν
2394 3109 2495 3179 μὲν
2527 3105 2769 3178 ἀληθεῖς,
2801 3103 2963 3174 τυχὸν
2992 3102 3049 3156 δὲ
3083 3101 3180 3155 καὶ
3209 3103 3271 3167 ἐς
3309 3102 3371 3155 τὸ
3399 3097 3738 3167 πιθανώτερον

503 3196 794 3266 quibusvis
816 3196 938 3252 aliis
969 3209 1230 3268 praestare
1255 3210 1532 3256 censeant.
1566 3202 1855 3260 Illudxvero
1877 3216 1931 3261 et
1956 3209 2085 3278 qui-

502 3289 626 3344 dem
656 3288 1009 3344 vehementer
1035 3291 1227 3358 miror,
1252 3293 1396 3362 quod
1431 3295 1787 3351 vetuStissimi
1822 3297 1965 3354 illius
2002 3315 2090 3355 re-

502 3379 683 3451 gionis
706 3380 1067 3446 habitatores,
1094 3383 1305 3453 Assyrii
1328 3384 1596 3451 videlicet,
1626 3386 1867 3444 Chaldaei
1897 3398 1952 3446 et
1980 3391 2089 3448 Me-

501 3471 580 3537 di,
624 3488 731 3526 non
761 3472 951 3527 eadem
983 3487 1108 3528 cum
1137 3474 1323 3530 Persis
1353 3478 1609 3533 sentiant.
1645 3478 1782 3535 Nam
1815 3484 1960 3538 circa
1992 3483 2087 3539 Ni-

502 3563 558 3617 ni
603 3563 792 3618 urbem
825 3572 880 3619 et
913 3564 1057 3620 circa
1090 3564 1475 3638 Bahylonicam
1524 3584 1589 3626 ac
1629 3581 1887 3642 praeterea
1917 3574 2097 3647 Medi:

501 3669 621 3711 cam
661 3655 940 3727 regionem
996 3658 1190 3712 tumuli
1222 3667 1278 3714 et
1336 3675 1516 3732 capsae
1560 3678 1773 3730 eorum,
1823 3668 1916 3736 qui
1953 3668 2084 3723 olim

502 3748 703 3802 mortui
734 3746 980 3815 fuerunt,
1014 3759 1253 3817 exstant,
1294 3767 1404 3807 non
1436 3755 1602 3809 alium
1636 3772 1798 3827 quam
1831 3767 2083 3815 nostrum

502 3856 711 3896 morem
741 3852 1024 3898 servantes
1046 3859 1062 3911 ;
1088 3852 1144 3897 ct
1175 3844 1290 3899 sive
1327 3860 1560 3917 corpora
1598 3848 1730 3916 sint,
1761 3850 1877 3906 sive
1921 3853 2082 3919 cinis,

500 3933 646 4002 quod
681 3932 748 3989 iis
768 3934 1046 4008 conditur,
1086 3936 1246 4008 116
1274 3946 1459 4008 utpote
1490 3939 1599 3996 illis
1625 3940 1942 4000 Graecanico
1975 3946 2083 4001 ritu

499 4027 795 4093 crematis,
826 4006 1164 4098 \neuliqua'm
1208 4038 1361 4084 certe
1411 4031 1613 4087 similia
1661 4036 1776 4091 haec
1819 4035 1919 4102 eis,
1961 4053 2085 4108 quae

500 4133 647 4172 nunc
688 4118 846 4184 fiunt,
874 4116 1115 4174 fuerunt.

2186 3200 2605 3271 ἐσκευασμένοι.
2645 3198 2758 3251 Καὶ
2795 3195 2949 3249 οὐδὲν
2995 3188 3151 3264 οἶμαι
3190 3191 3528 3263 θαυμαστὸν,
3572 3192 3618 3244 εί
3659 3189 3739 3243 καὶ

2186 3295 2396 3365 Πέρσαι
2428 3293 2498 3347 τὰ
2519 3290 2670 3361 παρὰ
2695 3288 2875 3358 σφίσιν
2905 3287 3088 3351 αὐτοῖς
3114 3287 3158 3319 ¹⁹
3180 3285 3282 3356 ἔθη
3315 3282 3734 3353 αἰτιολογοῦντες,

2186 3386 2447 3458 ἀμείνονα
2496 3383 2796 3456 πειρῶνται
2851 3378 2960 3432 τῶν
3021 3376 3336 3448 ἑκασταχοῦ
3382 3376 3686 3445 ἀποφαίνειν
3719 3388 3732 3403 ·

2185 3479 2365 3532 ἐκεῖνο
2385 3475 2443 3529 δὲ
2470 3475 2566 3529 καὶ
2601 3473 2722 3526 λίαν
2757 3471 3102 3541 θαυμάσαιμι
3139 3467 3228 3531 ἂν,
3257 3468 3340 3521 ὅτι
3374 3465 3439 3538 δὴ
3481 3466 3530 3518 οί
3566 3460 3737 3517 παλαί-

2190 3586 2342 3623 τατοι
2368 3567 2468 3639 τῆς
2514 3564 2696 3636 χώρας
2727 3563 3035 3633 οἰκήτορες,
3070 3555 3179 3613 εἷεν
3207 3559 3253 3612 δ’
3289 3559 3357 3612 ἂν
3387 3552 3532 3611 οὗτοι
3569 3550 3739 3608 Ἀσσύ-

2196 3657 2303 3732 ριοί
2343 3673 2402 3711 τε
2443 3654 2542 3708 καὶ
2569 3651 2825 3708 Χαλδαῖοι
2858 3649 2953 3703 καὶ
2982 3648 3180 3718 Μῆδοι,
3206 3647 3327 3700 ἀλλ’
3356 3645 3580 3707 ἐκείνοις
3606 3659 3663 3710 γε
3687 3639 3737 3732 ού

2189 3728 2362 3803 ταυτὰ
2403 3743 2596 3797 ἐδόκει.
2633 3740 2744 3796 Καὶ
2773 3738 2880 3809 γὰρ
2913 3739 3057 3808 ἀμφὶ
3097 3738 3261 3791 Νῖνον
3282 3737 3328 3769 ’⁸
3365 3737 3464 3808 τὴν
3493 3734 3637 3787 πόλιν
3661 3728 3738 3784 καὶ

2190 3838 2296 3893 ἀνὰ
2331 3837 2430 3907 τὴν
2468 3831 2816 3888 Βαϐυλωνίαν
2843 3817 3153 3901 χώρανκαὶ
3188 3828 3328 3899 πρός
3359 3844 3423 3895 γε
3467 3828 3523 3879 ἐν
3548 3825 3609 3894 τῇ
3637 3823 3739 3888 Μη-

2190 3931 2316 4002 δικῇ
2344 3926 2569 3999 ,τύμϐοι
2620 3941 2679 3978 τε
2726 3923 2824 3977 καὶ
2881 3920 3048 3990 θῆκαι
3097 3917 3208 3972 τῶν
3242 3917 3413 3973 πάλαι
3454 3911 3738 3969 τεθνεώτων

2190 4023 2426 4095 ἵδρυντο,
2457 4020 2559 4073 οὐκ
2588 4017 2746 4071 ἄλλον
2768 4016 2813 4048 ¹¹
2837 4013 2959 4068 τινὰ
2987 4011 3021 4082 ἢ
3045 4010 3138 4099 τὸν
3161 4011 3435 4082 ἡμέτερον
3456 4004 3739 4099 απσώζου·

2190 4133 2282 4171 σαι
2302 4113 2524 4187 τρόπον,
2573 4111 2669 4165 καὶ
2701 4109 2812 4162 εἴτε
2854 4097 3243 4176 σώματα,ἐῐτε
3274 4103 3421 4166 κόνις
3451 4097 3518 4172 ἦν
3545 4098 3600 4152 τὸ
3623 4110 3736 4165 κρυ-

499 4209 883 4281 πτόμενον,ὠς
909 4209 973 4281 δὴ
998 4209 1222 4265 ἐκείνων
1255 4211 1401 4266 κατὰ
1425 4211 1517 4267 τὸν
1589 4217 1722 4287 παρ’
1778 4217 2007 4293 Ἕλλησι
2047 4220 2213 4295 νόμον
2272 4217 2768 4293 πυρποληθέντων,
2839 4210 3092 4284 οὐδαμῶς
3135 4210 3302 4282 ὅμοιά
3337 4227 3401 4281 γε
3441 4207 3607 4263 ταῦτα
3642 4203 3736 4263 τοῖς

500 4299 595 4356 νῦν
618 4300 957 4373 γιγνομένοις
985 4301 1280 4373 ἐτύγχανον
1317 4302 1469 4358 ὄντα.
2992 4295 3017 4309 χ

569 4412 662 4469 24.
690 4410 1045 4482 Nequaquam
1089 4413 1275 4485 itaque
1316 4413 1394 4469 illi
1429 4414 1537 4471 hoc
1572 4424 1735 4487 pacto
1774 4429 2085 4488 senserunt,

2260 4420 2363 4475 κδ’.
2390 4416 2599 4473 Οὔκουν
2620 4418 2668 4450 υ
2722 4418 2925 4473 ἐκεῖνοί
2964 4436 3029 4489 γε
3078 4413 3181 4475 ὧδε
3226 4421 3575 4491 ἐγίγνωσκον,
3631 4416 3734 4471 οὕτε

503 4522 682 4577 neque
716 4507 811 4572 ita,
836 4515 897 4561 ut
925 4507 1019 4577 qui
1049 4523 1197 4563 nunc
1227 4509 1438 4577 vivunt,
1470 4517 1524 4565 et
1566 4510 1865 4581 sepultura:
1905 4522 1961 4569 et
1982 4515 2088 4569 tori

2189 4511 2311 4584 napi.
2357 4510 2454 4574 τὰς
2483 4509 2681 4578 ταφὰς,
2730 4510 2994 4580 οὐμενοῦν
3031 4511 3150 4565 ἀλλ’
3180 4513 3303 4567 οὐδὲ
3336 4514 3396 4577 ἐς
3432 4512 3529 4583 τὴν
3553 4509 3613 4573 .”
3649 4508 3732 4576 τῆς

498 4596 624 4668 jura
657 4611 759 4666 pro
786 4612 885 4652 sua
937 4596 1167 4654 libidine
1216 4599 1517 4665 violarunt,
1574 4616 1684 4656 non
1729 4602 1911 4658 solum
1959 4619 2081 4663 cum

2189 4603 2344 4675 εὐνῆς.
2375 4601 2719 4674 παρανομίαν
2755 4604 2913 4656 ὁποῖα
2957 4604 3008 4656 οἱ
3035 4602 3130 4659 νῦν
3162 4603 3649 4665 ἀκολασταίνουσιν,
3680 4598 3730 4651 οὐ

503 4688 789 4743 sororibus
814 4696 870 4742 et
896 4689 1149 4758 neptibus
1178 4705 1293 4745 rem
1321 4690 1607 4758 habentes,
1645 4691 1740 4749 sed
1765 4703 1948 4763 patres
1962 4707 2087 4751 cum

2189 4695 2346 4766 μόνον
2370 4694 2626 4764 ἀδελφαῖς
2648 4711 2709 4747 τε
2732 4694 2828 4748 καὶ
2855 4695 3164 4766 ἀδελφιδαῖς
3195 4697 3390 4766 ἀνέδην
3421 4693 3728 4766 μιγνύμενοι,

506 4778 742 4845 filiabus,
801 4788 876 4847 et,
915 4781 1060 4849 quod
1109 4782 1353 4837 omnium
1390 4791 1474 4837 est
1515 4783 2019 4851 sceleratissimum,
2054 4801 2088 4842 o

2189 4784 2320 4841 ἀλλὰ
2347 4785 2581 4856 πατέρες
2612 4802 2673 4839 τε
2719 4784 3045 4858 θυγατράσι,
3091 4787 3185 4842 καὶ
3239 4788 3302 4842 τὸ
3329 4788 3392 4861 δὴ
3419 4787 3625 4841 πάντων
3651 4783 3731 4836 ἀνι

504 4871 673 4942 leges,
698 4886 732 4926 o
766 4871 989 4926 natura!
1016 4871 1115 4927 lilii
1140 4886 1267 4928 cum
1301 4873 1417 4928 suis
1436 4874 1724 4946 matribus,
1752 4874 1924 4946 Hujus
1940 4877 2085 4932 enim

2189 4877 2498 4949 ρσιὼτερον,
2522 4871 2569 4930 ὦ
2589 4877 2742 4947 νόμοι
2762 4895 2826 4948 ys
2849 4881 2945 4933 καὶ
2971 4880 3130 4949 φύσις
3150 4882 3164 4934 l
3184 4882 3290 4935 υἱοὶ
3314 4883 3432 4945 ταῖς
3455 4874 3726 4935 τεκούσαις.

505 4962 694 5035 ﬂagitii
745 4979 950 5021 novum
998 4965 1068 5021 ab
1105 4964 1188 5021 eis
1231 4964 1546 5037 exemplum
1595 4975 1861 5024 statutum
1896 4969 2086 5037 fuisse,

2190 4966 2315 5020 Ὅτι
2353 4966 2462 5035 γὰρ
2495 4966 2700 5031 αὐτοῖς,
2725 4968 2819 5021 καὶ
2859 4966 3016 5023 τοῦτο
3049 4970 3512 5040 κεκαινοτόμηται,
3547 4961 3727 5019 ἐκεῖθεν

505 5056 961 5115 manifestissime
988 5056 1120 5114 hinc
1172 5056 1353 5115 cuivis
1383 5059 1595 5130 liquere
1640 5069 1840 5131 potest.
1890 5059 2088 5117 Fertur

2189 5056 2257 5111 ἄν
2299 5055 2388 5129 [Ρ.
2419 5056 2510 5130 62]
2559 5074 2644 5122 τις
2692 5057 3008 5130 σαφέστατα
3061 5060 3326 5133 διαγνοίη.
3372 5059 3592 5128 Λέγεται
3636 5048 3728 5120 γάρ

1784 5248 2025 5306 VARUS
2054 5249 2464 5307 LECTIONES.

580 5390 948 5482 ’ζέξάγιντοξξ
981 5391 1147 5482 902i;
1173 5389 1353 5482 9°12.
1363 5388 1539 5482 Χυὲςς.
1551 5479 1579 5482 _-
1598 5395 1643 5428 “
1677 5393 2184 5482 sumussumus
2210 5395 2305 5482 “no
2352 5394 2818 5482 ειετέπαράεειται
2840 5399 2988 5482 “iis.
3027 5472 3038 5482 .
3145 5399 3318 5472 ταύτῃ
3340 5397 3416 5482 ἐξ
3443 5379 3718 5482 scrib-3??

586 5461 768 5584 ἁβακτ.
790 5460 856 5527 Β,
887 5461 951 5531 δὴ
979 5478 1032 5518 τ.
1063 5460 1221 5532 βακτ.
1254 5460 1429 5534 ταύτῃ
1453 5462 1599 5548 vulg.
1677 5465 1721 5496 η
1759 5460 1991 5535 ᾆτάμπαν
2017 5465 2141 5519 add.
2156 5480 2227 5545 ex
2260 5464 2329 5519 R.
2365 5460 2376 5462 ’
2407 5460 2450 5498 ιλ
2474 5460 2745 5553 ττελοῦντα
2780 5468 2844 5530 ﬂ.
2889 5460 3084 5550 Lit-gul"
3107 5460 3578 5592 inlp‘rJ'csloqwgt
3613 5460 3716 5513 edn.

518 5604 521 5605 ν
627 5530 997 5605 ποκαθαρθείη
1040 5529 1575 5605 ΔΒ,ι’)’ξεοκιιιθαρθειζη
1620 5533 1805 5605 ναῖεν
1869 5534 1912 5565 η
1946 5535 2371 5605 ἀνταπολάὄοιτο
2435 5536 2590 5600 auos;
2640 5537 2708 5592 Β,
2818 5540 2862 5570 ιτ
2892 5556 3051 5605 τουτο
3086 5541 3144 5593 δὲ
3246 5579 3261 5594 ⁸
3367 5536 3407 5568 ιε
3448 5546 3606 5587 axem

591 5601 741 5684 παρὰ
780 5595 1172 5684 σφ’ίιξινπξιύτοῖς
1212 5599 1283 5684 Β,
1314 5595 1678 5684 παρἠαύίτοῖς
1709 5595 1892 5684 ἴημα..
1970 5604 2016 5635 ³⁸
2042 5604 2204 5684 ῌῖνον
2242 5606 2285 5658 Β
2333 5621 2457 5660 cum
2511 5595 2772 5663 llerodoti
2817 5604 3210 5684 Strabonisque
3234 5608 3400 5684 libris,
3425 5605 3570 5684 N_l‘_/0V
3595 5595 3715 5684 Villi}-

509 5672 551 5749 '_'
584 5668 759 5749 ἄλλως
786 5668 851 5749 l_l_'.
885 5670 919 5742 ἢ
970 5671 1039 5749 ᾗ,
1070 5673 1165 5749 καὶ
1196 5672 1371 5749 vulg,“
1397 5668 1409 5671 ⁷
1432 5672 1491 5749 ξ’
1527 5669 1682 5749 Vulg.
1703 5668 2038 5749 Δς>ιῖῃῖοῖδν.-ς
2063 5673 2414 5749 lltrtigiquee
2436 5692 2715 5747 magorum
2766 5680 3008 5736 moribus
3054 5668 3305 5746 inialuit',
3334 5668 3555 5740 Parthis,
3586 5673 3711 5738 ρυιον

510 5739 946 5799 dominantibus:
969 5739 1169 5799 Herod.
1196 5739 1239 5795 Ι.
1272 5739 1395 5796 140.
1426 5739 1657 5798 Catull.‘
1700 5743 1748 5776 ³³
1786 5745 1842 5799 ἐν
1867 5742 1977 5816 ,τὴν
2014 5742 2163 5816 (sic.)
2197 5743 2262 5801 ll.
