4030 6460
499 350 632 415 1383

1677 345 1774 404 AG
1784 343 2037 405 ΛΤΗΙΛΞ
2065 344 2556 412 SCHOLASTICI

3596 352 3722 418 1385.

495 464 671 534 magis
698 459 960 524 oﬂ‘erunt,
994 460 1156 515 veluti
1191 459 1246 514 in
1288 466 1672 528 argumentum
1712 458 1949 526 pietatis.
1990 457 2066 512 Ea

2179 461 2417 530 ἄγουσιν,
2451 462 2644 530 ῶσπερ
2675 462 2732 522 ἐς
2773 459 3033 526 ἐπίδειξιν
3068 461 3372 522 εὐσεϐείας.
3423 463 3597 536 Ταύτῃ
3626 469 3718 540 γὰρ

491 556 638 609 enim
665 555 879 609 ratione
907 552 1139 608 credunt
1191 565 1252 605 se
1306 550 1507 603 bonam
1559 558 1884 619 gratamque
1924 550 2072 605 bono

493 649 573 703 illi
606 661 829 717 operam
860 659 1112 707 navasse,
1149 643 1416 711 ingratam
1448 656 1576 695 vero
1621 649 1676 696 et
1710 642 1927 696 noxiam
1951 642 2074 695 Ari-

494 739 666 794 mani.
695 736 1047 793 Venerantur
1073 743 1257 788 autem
1287 732 1560 802 pracipue
1583 747 1806 802 aquam,
1848 733 1985 787 adeo
2016 741 2076 788 ut

493 845 672 900 neque
723 828 916 883 faciem
970 841 1036 881 ea
1063 826 1309 885 abluant.
1352 840 1528 894 neque
1570 825 1730 880 aliter
1778 824 2071 895 attingant,

495 923 598 975 nisi
635 931 798 990 potus
847 933 1014 973 causa
1050 927 1105 972 et
1139 917 1210 971 ob
1243 917 1552 986 plantarum
1578 931 1790 973 curam.

560 1012 652 1066 25.
692 1011 891 1066 Multos
937 1022 1066 1064 vero
1102 1009 1266 1064 etiam
1313 1009 1452 1063 alios
1497 1009 1632 1062 deos
1665 1009 1866 1062 habent
1904 1017 1954 1062 et
1979 1023 2076 1062 co-

491 1107 648 1168 lunt;
681 1105 730 1157 id
764 1101 1138 1157 Graecanicum
1186 1109 1290 1155 est.
1319 1099 1617 1155 Sacr-iliciis
1649 1100 1814 1156 etiam
1843 1109 2076 1152 utuntur

488 1205 544 1250 et
587 1194 1012 1248 lustrationibus
1049 1203 1104 1247 et
1136 1191 1450 1257 vaticiniis;
1505 1191 1672 1246 etiam
1717 1192 1824 1244 hoc
1855 1190 2076 1245 Graeca-

491 1287 614 1342 nico
671 1301 842 1339 more.
889 1284 1034 1356 Ignis
1083 1295 1266 1339 autem
1318 1284 1386 1337 iis
1437 1283 1676 1337 maxime
1721 1281 2077 1336 honorandus

489 1379 985 1447 sanctissimusque
1014 1376 1261 1442 videtur;
1298 1389 1464 1445 atque
1514 1375 1720 1430 idcirco
1755 1375 1809 1428 in
1832 1375 2076 1430 azdiculis

491 1471 824 1540 quibusdam
866 1469 1041 1523 sacris
1074 1483 1139 1522 ac
1189 1469 1415 1523 semotis
1451 1468 1590 1535 magi
1627 1482 1752 1521 eum
1785 1481 2073 1535 perennem

490 1570 796 1627 asservant,
831 1561 996 1630 inque
1024 1575 1151 1614 eum
1176 1559 1542 1628 despicientes
1579 1557 1740 1627 119
1759 1571 1957 1612 arcana
1983 1573 2076 1612 sa-

491 1667 586 1706 cra
623 1660 914 1722 peragunt,
943 1659 998 1704 et
1025 1649 1093 1702 de
1125 1651 1291 1703 rebus
1321 1648 1522 1702 futuris
1552 1648 1925 1702 sciscitantur.
1956 1646 2073 1701 Hoc

492 1756 644 1802 vero,
671 1751 732 1793 ut
767 1741 1024 1802 arbitror,
1055 1737 1366 1790 institutum
1401 1736 1484 1788 vel
1515 1751 1543 1788 a
1568 1733 1865 1798 Chaldaeis,
1890 1733 1976 1788 vel
2002 1734 2071 1788 ab

2170 551 2374 606 οἴονται
2422 550 2499 621 τῷ
2549 550 2647 620 μὲν
2693 549 2882 619 ἀγαθῷ
2929 553 3304 621 κεχαρισμένα
3357 551 3719 625 διαπονεῖσθαι,

2171 642 2328 712 ἀνιᾷν
2347 643 2404 696 δὲ
2430 642 2520 696 καὶ
2553 641 2912 710 λυμαίνεσθαι
2940 642 3031 694 τὸν
3071 644 3125 695 Ἀ
3137 643 3397 713 ριμάνην.
3424 645 3724 717 Γεραίρουσι

2169 733 2228 786 δὲ
2254 735 2312 796 ἐς
2349 733 2418 787 τά
2453 733 2686 803 μάλιστα
2711 734 2771 786 τὸ
2796 735 2958 806 ὕδωρ,
2988 734 3065 796 ὡς
3096 735 3231 802 μηδέ
3261 736 3331 788 τὰ
3359 737 3618 805 πρόσωπα
3643 743 3727 796 αὺ-

2170 825 2249 893 τῷ
2284 825 2718 890 ἐναπονίζεσθαι,
2756 826 2896 896 μήτε
2924 825 3100 888 άλλως
3129 825 3524 895 ἐπιθιγγάνειν,
3554 832 3629 885 ὅτι
3660 835 3725 905 μὴ

2174 915 2338 969 ποτοῦ
2366 932 2426 967 τε
2459 915 2614 968 ἕκατι
2647 917 2744 968 καὶ
2771 919 2872 986 τῆς
2905 916 3016 967 τῶν
3049 915 3236 984 φυτῶν
3268 917 3605 986 ἐπιμελείας.

2245 1004 2343 1060 κε’.
2385 1006 2620 1070 Πολλοὺς
2648 1007 2705 1062 δέ
2745 1007 2840 1061 καὶ
2871 1007 3064 1071 ἄλλους
3107 1007 3266 1069 θεοὺς
3304 1007 3619 1078 ὀνομάζουσι
3651 1015 3735 1067 καὶ

2174 1099 2486 1153 ἱλάσκονται
2515 1113 2529 1127 ·
2579 1099 2740 1152 τοῦτο
2781 1098 3113 1168 Ἑλληνικόν.
3159 1099 3392 1162 Θυσίαις
3432 1117 3490 1152 τε
3519 1103 3735 1170 χρῶνται

2175 1191 2268 1244 καί
2302 1191 2671 1260 ἀφαγνισμοῖς
2710 1191 2805 1244 καὶ
2840 1191 3156 1260 μαντείαις’
3196 1191 3294 1244 καὶ
3324 1190 3482 1245 τοῦτο
3513 1192 3735 1262 Ἑλληνι-

2174 1286 2289 1338 κόν.
2330 1285 2403 1336 Τὸ
2422 1285 2479 1342 δὲ
2506 1282 2616 1354 πῦρ
2643 1284 2825 1347 αὐτοῖς
2847 1283 3028 1352 τίμιόν
3051 1300 3111 1336 τε
3142 1277 3285 1336 εἶναι
3311 1283 3566 1337 δοκεῖκαὶ
3589 1285 3736 1353 ἀγιώο

2182 1391 2369 1436 τατον.
2400 1375 2494 1428 καὶ
2537 1375 2716 1427 τοίνυν
2746 1376 2804 1428 ἐν
2837 1373 3100 1436 οίκίσκοις
3121 1375 3265 1428 τισὶν
3307 1375 3472 1444 ἱεροῖς
3504 1391 3562 1428 τε
3594 1376 3738 1446 δῆθεν

2177 1466 2270 1518 καὶ
2309 1464 2768 1534 ἀποκεκριμένοις
2811 1464 3074 1518 ἄσϐεστον
3113 1465 3162 1518 oi
3195 1463 3367 1534 μάγοι
3409 1465 3736 1532 φυλάττουσι,

2176 1559 2270 1612 καὶ
2307 1560 2365 1621 ἐς
2395 1560 2571 1612 ἐκ;ῖνο
2599 1559 2912 1629 ἀφορῶντες
2941 1558 3038 1620 τάς
3070 1574 3130 1610 τε
3160 1559 3512 1628 ἀπορρήτους
3539 1559 3740 1624 τελετὰς

2175 1649 2474 1715 ἐκτελοῦσι,
2521 1650 2622 1716 καὶ,
2653 1649 2764 1702 τῶν
2801 1648 3075 1717 ἐσομένων
3106 1648 3236 1718 πέρι
3267 1647 3737 1705 ἀναπυνθάνονται.

2176 1738 2347 1793 Τοῦτο
2375 1739 2452 1805 δὲ,
2486 1734 2660 1808 οἶμαι,
2695 1739 2756 1791 τὸ
2783 1739 3010 1808 νόμιμον
3053 1735 3088 1807 ἢ
3133 1736 3292 1808 παρὰ
3325 1735 3602 1790 Χαλδαίων
3631 1738 3660 1808 ἢ
3691 1739 3740 1804 ἐξ

497 1831 607 1884 alia
636 1831 820 1898 aliqua
865 1828 1085 1882 natione
1121 1835 1475 1896 acceperunt,
1520 1840 1700 1894 neque
1750 1825 1898 1880 enim
1946 1840 2072 1879 cum

2179 1830 2363 1899 ἐτέρου
2391 1846 2484 1882 του
2507 1829 2828 1896 άνελέξαντο
2848 1829 3056 1896 γένους.
3087 1828 3164 1882 οὐ
3194 1829 3308 1898 γάρ
3341 1827 3405 1898 δὴ
3439 1831 3551 1891 τοῖς
3581 1829 3739 1894 ἄλλοις

493 1924 618 1978 aliis
637 1923 929 1977 consentit.
956 1920 1030 1974 lta
1058 1920 1166 1973 illis
1193 1919 1406 1988 opinio,
1430 1932 1494 1972 ex
1516 1917 1936 1987 quamplurimis
1951 1931 2076 1987 gen-

493 2016 645 2069 tibus
697 2011 949 2077 conllata,
1004 2011 1153 2065 varie
1182 2012 1475 2065 admodum
1526 2009 1828 2077 composita
1867 2018 1971 2063 est.
2012 2007 2077 2060 Et

493 2107 629 2160 mihi
655 2104 875 2174 quidem
911 2117 1019 2156 non
1049 2103 1147 2158 abs
1177 2116 1236 2155 re
1275 2101 1328 2154 id
1377 2098 1584 2154 factum
1630 2100 1863 2154 videtur.
1891 2098 2078 2167 Neque

493 2199 643 2254 enim
667 2196 832 2250 aliam
869 2195 1033 2248 ullam
1066 2208 1180 2246 rem
1214 2191 1490 2262 publicam
1524 2190 1670 2255 novi,
1706 2191 1759 2244 in
1796 2191 1870 2245 ita
1895 2191 2077 2246 varias

498 2289 704 2345 formas
738 2303 802 2343 ac
828 2288 1037 2356 species
1071 2294 1360 2350 mutatam,
1385 2298 1618 2354 quaeque
1647 2283 1700 2337 in
1735 2299 1844 2338 uno
1857 2285 2078 2338 eodem-

495 2399 606 2454 que
649 2391 792 2438 statu
828 2394 991 2450 quam
1027 2378 1335 2433 diutissime
1384 2391 1707 2447 permanere
1737 2391 1841 2430 non
1886 2385 2076 2444 potue-

498 2476 604 2542 rit;
634 2474 728 2529 sed
787 2487 912 2527 cum
963 2487 1126 2541 quam
1169 2469 1526 2540 plurimarum
1567 2483 1633 2524 ac
1669 2467 2078 2522 diversissima-

494 2585 618 2624 rum
677 2567 920 2638 gentium
968 2567 1260 2636 imperium
1306 2563 1615 2628 admiserit,
1659 2562 1866 2618 idcirco
1913 2561 2076 2616 etiam

495 2660 876 2716 verisimiliter
900 2657 1197 2711 multarum
1237 2653 1541 2710 formarum
1571 2661 1626 2708 et
1661 2654 1841 2722 legum
1882 2666 2078 2706 monu-

494 2760 680 2806 menta
712 2760 915 2805 servat.
971 2746 1143 2800 Primi
1199 2746 1344 2800 enim
1393 2745 1665 2808 omnium,
1721 2759 1861 2812 quos
1889 2742 2076 2798 auditu

503 2842 841 2912 accepimus,
871 2837 1082 2908 Assyrii
1127 2836 1389 2891 dicuntur
1418 2835 1728 2890 universam
1768 2835 1954 2889 Asiam
1986 2849 2080 2891 oc-

496 2948 754 3004 cupasse,
780 2931 1024 3000 exceptis
1057 2928 1224 2991 Indis,
1251 2927 1345 2996 qui
1371 2925 1516 2980 ultra
1537 2924 1781 3005 βοηθοίη
1806 2926 2074 2981 habitant.

494 3024 673 3080 Ninus
698 3036 922 3092 quoque
973 3019 1154 3088 primo
1196 3017 1411 3070 videtur
1460 3015 1624 3070 etiam
1680 3015 1972 3084 imperium
2003 3016 2076 3071 ibi

2178 1915 2633 1991 €up.6afvet.'06é
2665 1938 2780 1985 πως
2807 1922 2916 1991 ἀρα
2936 1921 3116 1984 αὐτοῖς
3147 1922 3180 1990 ἡ
3212 1921 3363 1987 δόξα,
3399 1921 3464 1972 ἐκ
3497 1920 3741 1974 πλείστων

2177 2011 2317 2065 ὅσων
2345 2011 2514 2066 ἐθνῶν
2548 2011 2908 2082 ἠρανισμένη,
2944 2010 3018 2075 ὡς
3051 2010 3429 2064 ποικιλώτατα
3463 2009 3739 2077 ξύγκειται.

2179 2105 2288 2158 Καί
2325 2123 2415 2174 μοι
2461 2104 2621 2158 τοῦτο
2653 2106 2754 2159 οὐκ
2807 2105 2916 2158 ἀπὸ
2962 2105 3164 2176 τρόπου
3213 2103 3368 2156 δοκεῖ
3415 2103 3739 2172 γεγενῆσθαι.

2182 2197 2385 2268 ’Δλλην
2417 2199 2528 2268 γὰρ
2569 2197 2712 2251 οὕτω
2745 2196 3022 2251 πολιτείαν
3064 2197 3165 2249 οὐκ
3207 2190 3327 2248 οἶδα
3351 2195 3393 2224 ³⁷
3425 2197 3480 2256 ἐς
3509 2195 3742 2259 πλείστας

2183 2289 2396 2360 μορφάς
2454 2304 2513 2341 τε
2566 2290 2660 2342 καὶ
2707 2290 2962 2358 σχήματα
3011 2285 3517 2358 μεταϐαλοῦσανη,
3569 2287 3655 2338 καὶ
3693 2290 3740 2340 ἐν

2179 2379 2361 2450 ταυτῷ
2409 2380 2591 2450 μένειν
2637 2380 2988 2432 ἐπιπλεῑστον
3039 2381 3102 2432 οὺ
3161 2378 3574 2449 διαρκέσασαν,
3622 2377 3742 2430 ἀλλὰ

2183 2471 2390 2542 μυρίων
2419 2471 2589 2524 ἐθνῶν
2614 2471 2802 2526 ἄλλοτε
2835 2470 3009 2526 ἄλλων
3041 2470 3403 2540 ἐπικράτειαν
3427 2468 3737 2539 δεξαμένην·

2180 2561 2255 2631 τῷ
2288 2579 2370 2615 τοι
2393 2562 2504 2634 ἄρα
2535 2564 2625 2616 καὶ
2649 2564 2876 2625 εἰκότως
2913 2562 3123 2616 πολλῶν
3163 2562 3322 2616 ίδεῶν
3359 2579 3420 2615 τε
3464 2565 3556 2617 καὶ
3584 2563 3739 2632 νόμων

2180 2654 2538 2724 γνωρίσματα
2585 2653 2768 2718 σώζει.
2806 2653 3022 2724 Πρῶτοι
3053 2653 3152 2724 μὲν
3174 2653 3286 2723 γὰρ
3317 2648 3394 2708 ὧν
3426 2654 3560 2722 ἀκοῇ
3600 2653 3738 2721 ίσμεν

2194 2745 2467 2815 ’Λσσύριοι
2493 2747 2742 2815 λέγονται
2773 2745 2996 2799 ἃπασαν
3021 2744 3120 2816 τὴν
3157 2745 3350 2798 Ἀσίαν
3375 2745 3738 2815 χειρώσασθαι,

2182 2841 2322 2910 πλὴν
2357 2840 2535 2893 Ἰνδῶν
2563 2840 2671 2892 τῶν
2713 2840 2854 2908 ὑπὲρ
2887 2840 3107 2910 Γάγγην
3147 2839 3402 2908 ποταμὸν
3441 2838 3736 2908 ἱδρυμένων.

2181 2932 2341 2996 Νῑιός
2359 2933 2401 2964 ³⁹
2431 2949 2491 2983 τε
2521 2931 2788 3002 πρότερον
2813 2931 3062 2998 φαίνεται
3097 2931 3194 2983 καὶ
3217 2929 3504 2999 βασιλείαν
3531 2928 3740 2982 ἐνταῦθα

2184 3022 2464 3094 βεϐαίανδθ
2510 3024 3017 3094 καταστησάμενος,
3071 3021 3389 3093 Σεμίραμίς
3433 3039 3490 3075 τε
3535 3018 3597 3074 αὖ
3639 3022 3738 3090 μετ’

497 3117 794 3181 stabilisse,
817 3122 874 3167 et
900 3120 1027 3181 post
1056 3124 1182 3164 eum
1215 3106 1558 3171 Semiramis,
1583 3121 1648 3160 ac
1676 3105 1932 3174 deinceps
1954 3121 2075 3162 om-

2181 3119 2409 3178 ἐκεῖνον,
2447 3115 2542 3168 καὶ
2563 3114 2688 3182 ἑξῆς
2711 3115 2949 3178 ἅπαντες
2987 3114 3036 3166 οἱ
3073 3113 3286 3168 τούτων
3313 3114 3567 3181 ἀπόγονοι
3599 3113 3738 3184 μέχρι
3783 3167 3787 3175 ,

491 3225 594 3264 .nes
638 3209 838 3261 borum
897 3203 1104 3272 posteri
1157 3203 1224 3254 ad
1274 3197 1463 3254 Belum
1521 3197 1835 3252 Dercetadae
1883 3197 2072 3254 lilium.

499 3307 635 3360 Cum
661 3299 806 3354 enim
834 3298 888 3350 in
912 3297 1018 3350 hoc
1059 3292 1189 3348 Belo
1235 3289 1608 3347 Semiramiae
1635 3292 1820 3358 stirpis
1855 3305 2078 3345 succos-

497 3394 585 3448 sio
613 3391 910 3450 desineret,
934 3385 1200 3439 Belitaras
1234 3383 1458 3452 quidam
1503 3381 1724 3435 nomine
1751 3380 1834 3434 vir
1882 3381 2080 3436 insitor

447 3505 454 3510 ·
497 3492 555 3538 οι
582 3483 891 3544 hortorum,
942 3477 1122 3546 quiin
1184 3474 1332 3544 regia
1386 3481 1566 3537 erant,
1613 3481 1833 3528 curator
1865 3487 1930 3526 ac
1963 3487 2077 3526 ma-

499 3577 692 3646 gister,
718 3571 1008 3641 imperium
1035 3569 1137 3624 sibi
1169 3567 1304 3621 mira
1349 3567 1560 3622 ratione
1589 3565 1751 3634 120
1786 3565 2082 3621 vindit-atit

499 3680 711 3736 suoque
731 3664 913 3736 generi
933 3661 1151 3724 insevit,
1169 3656 1633 3728 quemadmodum
1661 3655 1759 3710 Bio
1779 3664 1832 3710 et
1848 3657 2080 3711 Alexan-

498 3761 598 3814 der
630 3756 941 3826 Polyhistor
973 3753 1249 3806 memoriaa
1270 3748 1650 3820 prodiderunt,
1677 3746 1853 3802 donec
1877 3745 2080 3802 Sarda-

501 3850 701 3920 napalo
744 3855 1026 3918 regnante,
1071 3851 1132 3898 ut
1167 3843 1243 3896 illi
1293 3841 1562 3907 scribunt,
1605 3854 1728 3894 cum
1755 3839 1870 3906 jam
1903 3855 2080 3894 emar-

500 3944 708 3996 cuisset
747 3939 1062 4008 imperium,
1085 3935 1326 3990 Arbaccs
1353 3931 1545 3988 Medus
1568 3941 1625 3987 et
1655 3930 1879 4002 Belesys
1904 3932 2081 4004 Baby-

501 4031 687 4088 lonius
717 4028 850 4082 illud
881 4025 1123 4095 Assyriis
1150 4023 1492 4091 eripuerunt,
1515 4018 1804 4074 interfecto
1835 4019 2078 4088 ipsorum

503 4138 655 4194 rege,
685 4130 738 4174 et
766 4120 831 4174 ad
869 4116 1056 4171 Medos
1115 4113 1532 4178 transtulerunt,
1578 4127 1674 4166 sex
1720 4121 1775 4166 et
1827 4111 2081 4166 trecentis

499 4217 612 4285 iam
641 4229 807 4284 supra
834 4211 983 4266 mille
1021 4217 1075 4263 et
1111 4207 1275 4277 paulo
1302 4203 1541 4276 amplius
1572 4203 1735 4258 annis
1760 4203 1982 4273 elapsis,
2015 4219 2081 4257 ex

501 4322 616 4378 quo
649 4305 888 4375 primum
918 4300 1095 4355 Ninus
1126 4297 1201 4353 ibi
1241 4311 1511 4353 summam
1538 4310 1718 4350 rerum
1746 4295 2078 4349 obtinuerat.

503 4401 584 4455 lta
617 4397 766 4452 enim
815 4393 1013 4450 Ctesiaa
1060 4391 1256 4446 Cnidio
1299 4399 1546 4459 tempora
1601 4387 1930 4442 describenti
1964 4385 2085 4440 Dio-

2181 3209 2277 3262 καὶ
2303 3211 2360 3270 ἐς
2387 3206 2611 3263 Βελεοῦν
2628 3207 2670 3238 ⁸¹
2709 3206 2798 3261 τὸν
2827 3206 3187 3276 Δερκετάδου.
3242 3207 3333 3270 Ἐς
3365 3208 3548 3260 τοῦτον
3572 3208 3669 3276 γὰρ
3685 3206 3736 3276 δὴ

2179 3302 2271 3354 τὸν
2313 3299 2542 3355 Βελεοῦν
2573 3302 2674 3370 τῆς
2720 3301 2816 3355 τοῦ
2870 3302 3246 3371 Σεμιραμείου
3300 3300 3470 3371 φύλου
3515 3300 3736 3370 διαδοχῆς

2181 3395 2558 3464 παυσαμένης,
2582 3394 2894 3464 Βελητάρας
2913 3395 2955 3425 δ’
2976 3411 3059 3457 τις
3080 3394 3276 3464 ὄνομα,
3303 3395 3601 3465 φυτουργὸς
3619 3393 3738 3464 ἀνὴρ

2181 3485 2278 3538 καὶ
2323 3484 2432 3537 τῶν
2477 3486 2533 3536 ὲν
2580 3487 2692 3546 τοῖς
2741 3485 3030 3553 βασιλείοις
3079 3489 3281 3556 κήπων
3329 3487 3616 3558 μελεδωνος
3658 3485 3736 3537 καὶ

2182 3577 2497 3660 ἐπιστάτης,
2549 3575 2914 3647 ἐκαρπώσατο
2963 3579 3297 3648 παραλόγως
3338 3580 3437 3651 τὴν
3468 3577 3733 3649 βασιλείαν,

2182 3671 2277 3724 καὶ
2306 3669 2379 3738 τῷ
2405 3670 2592 3738 οἰκείῳ
2619 3669 2944 3739 ἐνεφύτευσε
2975 3671 3152 3740 γένει,
3202 3671 3284 3736 ὥς
3333 3691 3437 3726 που
3482 3673 3636 3726 Βὲωνι
3658 3670 3734 3736 γέο

2181 3778 2426 3832 γραπται
2474 3763 2568 3816 καὶ
2621 3762 2957 3832 Ἀλεξάνδρῳ
3005 3763 3082 3834 τῷ
3137 3762 3486 3834 Πολυΐστορι,
3540 3763 3638 3825 ἕως
3685 3763 3733 3822 ἐς

2183 3853 2604 3925 Σαρδανάπαλον
2621 3855 2686 3918 ⁸³,
2721 3855 2796 3918 ώς
2839 3854 3038 3908 ἐκεῖνοί
3078 3873 3231 3924 φασι,
3281 3857 3381 3927 τῆς
3414 3856 3582 3926 ἀρχῆς
3619 3856 3736 3908 dm-

2185 3944 2574 4014 μαρανθείσης,
2631 3945 2906 4016 Ἀρϐάκης
2954 3948 2982 3999 ό
3029 3947 3211 4016 Μῆδος
3258 3947 3356 4000 καὶ
3397 3947 3619 4008 Βέλεσυς
3640 3942 3736 3996 “6

2182 4035 2523 4100 Βαϐυλώνιος
2547 4035 2854 4109 ἀφῄρηνται
2883 4038 3051 4109 αὐτὴν
3074 4040 3200 4101 τοὺς
3249 4039 3585 4109 ’Δσσυρίους,
3625 4034 3736 4089 καθ⁴

2182 4125 2396 4189 ελόντες
2424 4126 2515 4179 τὸν
2564 4125 2787 4195 βασιλέα
2814 4128 2908 4179 καὶ
2947 4128 3006 4191 ἐς
3045 4128 3106 4180 τὸ
3135 4128 3382 4197 Μηδικὸν
3427 4127 3736 4199 μετέστησαν

2183 4216 2354 4280 έονος,
2383 4217 2443 4283 ἐξ
2471 4236 2532 4272 τε
2561 4219 2650 4272 καὶ
2680 4219 3009 4289 τριακοσίων
3043 4219 3144 4290 ήδη
3173 4222 3314 4291 πρὸς
3343 4223 3454 4282 τοῖς
3485 4219 3659 4290 χιλίοις
3705 4213 3732 4282 ἢ

2184 4309 2280 4362 καὶ
2297 4308 2341 4341 ⁸⁵
2370 4309 2534 4380 ὀλίγῳ
2565 4311 2846 4372 πλειόνων,
2893 4311 3028 4364 ἐτῶν
3070 4312 3503 4384 παρῳχηκότων,
3537 4309 3593 4373 ἐξ
3629 4301 3734 4360 ob"

2182 4398 2253 4451 τὰ
2276 4400 2467 4471 πρῶτα
2493 4402 2521 4453 ὀ
2546 4401 2708 4465 Νῖνος
2751 4402 2859 4454 τῶν
2883 4403 3070 4474 ἐκείνῃ
3113 4403 3379 4474 κατέσχεν
3403 4401 3732 4472 πραγμάτων.

501 4494 672 4546 dorus
697 4489 860 4542 etiam
898 4485 1117 4539 Siculus
1147 4482 1463 4537 assentitur.
1491 4479 1628 4534 Medi
1655 4479 1839 4548 itaque
1861 4494 2076 4533 rursum

2185 4491 2342 4544 Οὕτω
2372 4491 2480 4562 γάρ
2517 4493 2730 4564 Κτησίᾳ
2758 4493 2837 4563 τῷ
2869 4494 3068 4564 Κνιδίῳ
3097 4496 3221 4559 τοὺς
3255 4496 3479 4566 χρόνους
3518 4496 3734 4559 ἀναγρα-

505 4583 796 4653 imperium
828 4589 958 4636 sunt
992 4577 1207 4648 adepti,
1243 4575 1537 4645 omniaque
1577 4575 1820 4644 ipsorum
1872 4573 2076 4642 legibu

2180 4579 2412 4652 φαμένῳ
2448 4582 2538 4634 καὶ
2572 4584 2834 4655 Διόδωρος
2865 4584 3138 4654 ξύμφησιν
3161 4588 3189 4639 ό
3218 4584 3561 4654 Σικελιώτης.
3582 4578 3732 4650 Μῆδοι

503 4677 1005 4734 constituebantur.
1062 4672 1198 4728 Cum
1261 4686 1394 4726 vero
1448 4671 1612 4725 etiam
1652 4670 1708 4725 lii
1759 4669 1922 4724 annis
1967 4684 2076 4722 non

503 4774 690 4826 minus
724 4766 982 4824 trecentis
1014 4758 1244 4833 imperio
1267 4772 1450 4826 essent
1483 4762 1672 4833 potiti,
1707 4763 1885 4831 Cyrus
1917 4762 2079 4815 Cam-

505 4857 820 4930 bysaclilius
871 4855 1104 4923 Astyage
1157 4853 1421 4907 debellato
1447 4853 1515 4906 ad
1553 4851 1742 4906 Persas
1788 4851 2075 4920 imperium

2181 4673 2360 4726 τοίνυν
2407 4669 2561 4735 αὖθις
2617 4675 2917 4744 ἐκράτουν,
2972 4677 3066 4728 καὶ
3112 4677 3328 4731 ἅπαντα
3376 4679 3487 4737 τοῖς
3534 4672 3732 4727 ἐκείνων

2183 4763 2468 4838 ἐτάττοντο
2497 4764 2703 4834 νόμοις.
2745 4767 2879 4836 Ἕτη
2895 4765 2940 4797 ⁸⁷
2987 4765 3070 4838 [Ρ.
3111 4766 3202 4839 641
3253 4768 3310 4822 δὲ
3343 4769 3432 4822 καὶ
3462 4765 3653 4821 τούτων
3680 4762 3729 4814 ἐν

2180 4857 2247 4924 τῇ
2285 4855 2428 4925 ἀρχῇ
2479 4855 2844 4908 διανυσάντων
2889 4858 2950 4910 οὐ
2989 4861 3137 4926 μεῖον
3167 4859 3202 4929 ἢ
3235 4859 3536 4929 τριακόσια,
3570 4853 3726 4921 Κῦρος

503 4948 762 5004 traduxit.
793 4943 912 5011 Quo
939 4953 1096 5014 pacto
1124 4942 1269 4996 enim
1304 4942 1356 4998 id
1384 4959 1494 4998 non
1526 4952 1644 4998 erat
1669 4941 1934 5009 facturus,
1954 4957 2075 4998 cum

2179 4948 2208 5000 ὁ
2255 4946 2555 5016 Καμϐύσου
2605 4947 2694 5000 τὸν
2763 4950 3064 5021 Ἀστυάγην
3119 4952 3599 5022 καταπολεμήσας,
3643 4941 3723 4999 ἐπὶ

1798 5101 2036 5156 VARIAE
2077 5096 2484 5160 LECTIONES.

559 5245 605 5278 ³⁷
650 5243 816 5324 ἄλλην
845 5259 898 5324 γ.
930 5242 1249 5324 οὖτωῃπολ.
1275 5242 1374 5296 οὐκ
1400 5237 1538 5324 οἶδα.
1576 5240 1674 5324 Sic,
1695 5241 1740 5295 Β
1773 5251 1832 5324 et
1860 5243 2008 5324 vulg.
2037 5243 2421 5324 lntpplegism
2455 5243 2666 5324 videtur
2859 5264 2913 5315 γ.
2939 5247 3058 5324 πολΣ
3085 5246 3237 5324 οζιπω
3264 5243 3717 5324 οἶδα,.ι]υ-ιφᾶ).λ.¹γ.

499 5315 654 5371 οὔπω
679 5308 800 5366 πολ.
837 5308 1006 5376 οὕτως
1037 5308 1172 5377 οἶδα,
1211 5328 1336 5366 nam
1369 5315 1560 5367 vertit:
1622 5311 1874 5366 Nondum
1922 5308 2060 5367 enim
2099 5308 2399 5368 a'liam'rem
2442 5331 2496 5381 p.
2536 5317 2665 5368 ridi.
2742 5317 2788 5348 ³⁸

2830 5308 3241 5386 μεταϐαλούσας
3273 5318 3334 5371 ll.
3411 5317 3453 5386 ξ’
3484 5317 3631 5386 δῖνος
3658 5308 3712 5386 [ἶ.

499 5385 660 5447 Νίνος
681 5383 828 5452 vulg.
903 5384 948 5415 ⁸ο
982 5382 1204 5453 βεϐαίαν
1225 5383 1349 5454 add.
1375 5398 1440 5437 ex
1465 5381 1539 5454 ll.
1561 5383 1722 5451 inlpr.
1750 5383 2096 5454 videturluttc
2117 5385 2346 5454 primum
2369 5378 2643 5454 iiitperium
2663 5378 2990 5454 obﬁrmasse.
3065 5387 3110 5418 δι
3154 5378 3376 5440 Βελεοῦν
3407 5385 3468 5446 l{.
3491 5378 3716 5436 Βελλεοῦν

500 5455 645 5524 vulg.
687 5450 857 5524 lntpr.
882 5450 1213 5524 eutnj'ocat_
1237 5451 1424 5505 Belum
1454 5450 1752 5524 Decorteri.
1813 5452 2086 5524 Quidquid
2117 5450 2413 5519 scripserit
2442 5450 2736 5524 'Agntliias,
2787 5457 2916 5510 illud
2941 5458 3107 5511 dubio
3151 5470 3298 5511 caret
3335 5458 3710 5524 eulmlentesse.

501 5521 680 5596 qui'in
731 5521 954 5598 Canone
1000 5522 1218 5598 Eusebii
1246 5532 1311 5598 et
1349 5521 1492 5588 apud
1543 5521 2166 5598 Syncelnlunthelochus
2214 5532 2466 5598 voratur;
2504 5521 2818 5598 secundum
2880 5525 3192 5598 Syncellum
3225 5527 3338 5580 ΧΙΧ
3399 5523 3710 5598 Assyriorum

503 5591 622 5658 fex,
660 5595 748 5663 cui
791 5593 1117 5648 successerit
1156 5591 1440 5663 Balalorus
1463 5631 1477 5655 ,
1537 5591 1678 5663 apud
1719 5591 2221 5663 _S.‘Hieronymum
2266 5592 2604 5656 Bellrpares:
2655 5591 3037 5663 Eusebiofqui
3075 5609 3268 5652 cuncta
3315 5591 3576 5651 fraudibus
3613 5601 3713 5642 tur-

505 5663 673 5739 bavit,
707 5661 922 5739 Balteus
961 5665 1160 5739 dictus.
1205 5664 1262 5725 ἐς
1290 5661 1543 5739 τοσοῦτον
1575 5661 1668 5739 IL.
1715 5661 1762 5739 ξ’
1794 5661 2112 5739 ﬁduciae;
2141 5661 2206 5724 Β,
2249 5662 2435 5739 ἰιῃιη·ζ
2451 5665 2737 5739 lit-Hlarus,
2781 5661 3093 5736 Βελητᾶραν
3123 5675 3268 5739 vulg.
3341 5669 3387 5698 "
3419 5668 3567 5732 lntpr.
3608 5667 3712 5739 pos}

504 5721 671 5801 23asz
719 5733 867 5808 addit
911 5733 1003 5808 uti}
1034 5748 1158 5808 quo.
1198 5721 1354 5808 quasi
1397 5731 1615 5808 legisset
1652 5725 1858 5808 ἐφ’-οξ.
1904 5721 2258 5808 ’Βέλεσυς
2290 5721 2357 5808 Β,
2402 5734 2669 5808 seem;
2709 5721 2856 5808 vulg.
2907 5721 3040 5808 ’⁸⁸’ἢ
3084 5741 3179 5791 καὶ
3216 5721 3284 5800 ἶς’,
3313 5739 3469 5804 intpr.
3495 5721 3707 5797 eun-ml

505 5795 651 5870 vulg.
681 5830 750 5841 --
783 5795 1098 5857 Secundutn
1127 5795 1633 5871 Sy'nt’cllttm'lwo.
1695 5795 1756 5834 ’³⁵⁸
1788 5802 1845 5866 ἐξ
1875 5795 1936 5854 οὗ
1960 5801 2025 5868 Β,
2055 5803 2148 5871 ἀφ’
2175 5795 2236 5856 οὗ
2270 5804 2421 5873 vulg.
2477 5806 2584 5859 τῶν
2611 5795 2837 5861 ἐκείνων
2865 5808 2928 5861 B.
2976 5795 3134 5862 ⁸⁷’έτι
3170 5809 3211 5863 Β
3233 5795 3330 5880 pro
3361 5795 3471 5864 ἐτη.
