2030 3210
616 110 639 117 ν·
644 111 698 117 γ’...
715 112 733 116 .-
799 113 802 116 λ
814 112 873 122 θρα

116 178 187 208 1337

694 177 963 208 HISTORIARUM
977 176 1092 206 LIBER
1110 175 1147 204 ΙΙ.

1681 172 1750 204 1398

112 240 162 263 vo;
186 232 235 258 καὶ
257 232 351 267 μένειν
372 232 459 267 ἠξίου,
485 234 510 259 oi
536 233 563 259 δὲ
588 233 698 268 ἄμεινον
720 232 789 261 εἶναι
812 234 903 268 σφίσιν

966 232 1029 258 nam
1050 238 1103 256 non
1128 229 1265 260 ferentes,
1279 227 1425 256 confestim
1446 227 1510 256 inde
1527 233 1558 254 se
1576 231 1749 261 receperunt-

112 277 245 314 ἡγοῦντο,
262 278 404 310 ὲπιὸάντες
418 278 496 313 μόνον
511 280 564 306 τῶν
581 280 743 315 Ῥωμῖκῶν
754 280 847 315 ὁρίων,
862 279 907 305 αὑ-

108 326 193 356 τίκα,
206 324 277 351 οὓτω
289 326 439 360 παρασχὸν,
453 327 499 353 καὶ
509 326 645 359 τεθνάναι,
662 327 678 362 ἢ
695 326 820 362 μένοντες
832 328 907 361 παρὰ

110 371 240 405 Πέρσαις
259 370 312 397 τῶν
330 371 466 406 μεγίστων
479 372 567 406 γερῶν
584 372 807 408 μεταλαγχάνειν.
830 373 909 401 Οὕτω

108 426 147 444 τε
171 417 291 449 ἅπαντες
315 418 406 444 οἴκαδε
431 419 630 453 ἀπενόστησαν,
655 418 762 454 χαίρειν
786 419 907 450 εἰπόντες

108 465 151 498 τῇ
167 463 214 490 τοῦ
227 463 365 498 βαρϐάρου
382 463 532 498 φιλοξενίᾳ.
554 463 711 491 Ἀπώναντο
727 464 755 490 δὲ
769 465 843 499 ὅμως
858 464 907 497 τῆς

110 509 264 543 ἐκδημίας.
288 509 343 535 οὐκ
361 509 390 535 ὲν
410 508 507 544 βραχεῖ
523 518 576 535 τινι
593 509 639 536 καὶ
654 509 830 545 ὴμελημένῳ,
849 509 907 535 ἀλλ’

108 554 180 580 ὅθεν
197 554 289 585 αὐτιῖς
301 554 316 579 ὁ
329 554 428 589 ἑφεξῆς
442 554 498 589 βίος
513 555 554 586 εἰς
570 554 600 581 τὸ
613 554 735 590 θυμῆρές
750 563 778 581 τε
790 555 836 581 καὶ
852 554 908 590 ἣδι-

111 608 184 626 στον
207 600 432 635 ἀπετελεύτησεν.
457 599 565 635 Ἐπειδὴ
583 600 637 635 γὰρ
662 600 722 626 κατ’
749 601 836 626 ἐκεῖνο
860 598 907 625 τοῦ

115 645 220 680 χρόνου
243 644 373 680 Ῥωμαῖοί
391 654 420 671 τε
439 646 485 672 καὶ
499 646 601 681 Πέρσαι
616 646 732 678 σπονδὰς
756 645 846 671 ἔθεντο
861 645 908 671 καὶ

113 689 268 726 ξυνθήκας,
283 690 365 726 μέρος
378 691 483 727 ὑπῆρχε
497 692 549 718 τῶν
562 693 621 719 κατ’
637 692 722 722 αὑτὰς
735 692 908 726 ἀναγεγραμ-

116 735 223 770 μένων,
244 736 275 762 τὸ
290 736 346 763 δεῖν
359 737 479 768 ἐκείνους
496 738 559 769 τοὺς
571 738 671 773 ἄνδρας
684 738 723 768 εἰς
740 738 772 763 τὰ
788 738 907 772 σφέτερα

115 781 174 816 ἢθη
188 781 331 813 κατιόντας
347 782 479 817 βιοτεύειν
491 783 577 815 ἀδεῶς
594 783 716 810 τολοιπδν
733 784 774 817 ἐφ’
790 784 906 816 ἑαυτοῖς,

117 826 197 853 οὐδὲν
217 826 306 854 ότιοῦν
330 828 402 862 πέρα
417 828 471 855 τῶν
486 829 634 857 δοκούντων
654 833 772 864 φρονεῖν,
793 832 809 868 ἢ
826 839 907 867 μετα-

119 871 231 898 σὰλλειν
242 872 291 906 τὴν
307 872 437 907 πατρῴαν
451 873 530 906 δόξαν
545 875 793 910 ἀναγκαζομένους.
806 877 842 902 Οὐ
854 877 907 911 γὰρ

119 916 223 952 ἀνῆκεν
237 918 251 944 ό
271 918 394 954 Χοσρόης
410 919 448 954 μὴ
460 919 520 954 οὐχὶ
533 921 580 947 καὶ
598 921 643 948 ἐπὶ
658 921 726 957 τῷδε
744 923 764 938 ¹⁷
781 924 910 958 συστῆναι

121 964 169 990 καὶ
182 965 293 1000 κρατεῖν
315 965 365 1000 τὴν
377 966 542 1001 ἐκεχειρίαν.
556 967 669 1001 Λέγεται
683 968 712 994 δὲ
729 969 821 1001 αὐτοῖς
839 969 910 996 κατὰ

121 1011 173 1045 τὴν
183 1010 351 1046 ἀποπορείαν
364 1011 514 1047 θαυμάσιόν
524 1022 551 1039 τι
559 1014 652 1048 ἡλίκον
662 1014 708 1040 καὶ
720 1015 828 1050 μνήμης
836 1015 910 1047 ἄξιον

124 1055 327 1094 ξυνενεχθῆναι.
342 1057 550 1090 Καταλύσαντες
565 1059 619 1094 γὰρ
633 1060 662 1085 ὲν
679 1060 755 1095 ἀγρῷ
770 1069 823 1087 τινι
840 1061 910 1096 Περ-

124 1100 206 1136 σικῷ,
223 1101 365 1129 ἐθεάσαντο
383 1103 465 1138 σῶμα
479 1104 576 1139 νεκρὸν
596 1105 742 1141 ἀνθρώπου
756 1106 909 1138 νεοθανοῡς,

120 1145 197 1172 οὕτω
212 1155 272 1178 πως
282 1147 384 1182 ἄταφον
401 1149 577 1185 ἐρριμμένον.
593 1152 623 1177 0i
636 1150 664 1177 δὲ
676 1151 724 1187 τὴν
738 1152 910 1187 παρανομίαν

117 1190 169 1218 τοῦ
189 1192 360 1228 βαρϐαρικοῦ
374 1195 455 1230 νόμου
472 1196 694 1231 κατελεήσαντες,
713 1198 761 1224 καὶ
775 1198 824 1233 οὺχ
839 1198 912 1225 ὅσιον

118 1234 193 1263 εἶναι
209 1238 358 1273 ἡγούμενοι
379 1239 509 1275 περιιδεῖν
523 1240 553 1267 τὺ
570 1241 650 1276 μέρος
669 1242 848 1278 ἀδικουμένην
863 1243 911 1278 τὴν

119 1282 215 1318 φύσιν,
232 1284 420 1318 περιέστειλάν
439 1294 468 1312 τε
487 1285 517 1312 τὸ
530 1286 608 1321 σῶμα
622 1287 643 1303 ’⁸
658 1287 695 1319 ὡς
709 1284 765 1314 οἷόν
781 1297 810 1316 τε
824 1286 857 1324 ἦν
870 1289 913 1316 διὰ

119 1327 178 1354 τῶν
198 1328 383 1364 θεραπόντων,
398 1330 445 1357 καὶ
464 1333 496 1367 τῇ
518 1333 554 1367 γῇ
574 1332 781 1368 καταχώσαντες
797 1334 911 1369 ἔθαψαν.

129 1372 174 1404 Ὧς
189 1372 216 1399 δὲ
234 1373 380 1400 ἐκάθευδον
400 1375 519 1407 ἅπαντες
534 1377 641 1413 ἐκείνης
656 1380 706 1414 τῆς
719 1379 825 1411 νυκτὸς,
839 1380 912 1412 ἐδοξέ

121 1425 166 1448 τις
178 1417 279 1451 αὐτῶν,
294 1419 345 1446 οὐκ
361 1416 420 1445 οἶδα
435 1419 463 1446 δὲ
482 1420 503 1436 ¹⁹
520 1421 593 1454 ὅστις
606 1423 646 1457 (οὺ
661 1423 714 1458 γὰρ
729 1423 783 1458 ἔχω
795 1424 913 1460 τοῦνομα

123 1462 250 1497 φράσαι).
275 1463 347 1498 ἔδοξε
366 1464 430 1499 γοῦν
463 1466 537 1501 ὅμως
568 1468 634 1502 όρᾷν
664 1468 724 1495 κατ’
739 1469 805 1504 ὄναρ
823 1470 845 1486 ³ο
867 1471 914 1497 ἀν-

123 1511 177 1547 δρα
192 1510 362 1547 πρεσϐύτην,
380 1511 519 1547 γνώριμον
533 1512 582 1547 μὲν
596 1513 730 1549 οὐδαμῶς,
747 1514 803 1541 οὐδ’
816 1515 877 1542 ὅσον
890 1516 912 1532 ¹¹

127 1554 248 1586 εἰκάσαι,
260 1555 347 1586 ἄλλως
357 1556 385 1582 δὲ
398 1556 497 1591 σεμνὸν
513 1557 560 1583 καὶ
572 1558 681 1591 αἰδοῖον,
695 1560 740 1585 καὶ
756 1559 913 1595 φιλοσοφίαν

126 1599 256 1626 ἀσκοῦντι
265 1600 406 1635 ¹²ὲμφερῆ
417 1587 455 1636 τῷ
465 1609 494 1627 τε
507 1602 625 1637 σχήματι
636 1587 684 1638 τῆς
699 1587 795 1639 στολῆς
809 1587 913 1632 καίτοῦ
928 1587 950 1617 c

128 1644 260 1678 πώγωνος
274 1644 312 1680 τῷ
323 1644 383 1671 λίαν
394 1646 526 1681 ὲκκρεμεῖ
541 1647 588 1673 καὶ
601 1648 750 1684 ἁφειμένῳ,
768 1650 870 1686 ἐμϐοᾷν
885 1659 916 1678 τε

127 1689 202 1762 ἓὲτιὲ
214 1689 343 1762 ἔαϐάπερ
359 1691 568 1727 ἐγκελευόμενον
583 1694 628 1720 καὶ
644 1695 828 1729 παραινοῦντα
840 1695 863 1711 ’³
875 1696 916 1723 τό-

170 1744 186 1761 τ
231 1744 289 1762 ποε-

223 1754 278 1768 νυν

128 1832 177 1874 lg,
189 1833 291 1874 θάψῃς
304 1834 512 1874 τὸνιᾶθαπτον,
526 1837 561 1864 ἐα
573 1816 644 1874 evel
657 1839 753 1874 κύρμα
767 1839 916 1873 γενέσθαι.

129 1868 176 1903 Γῆ
193 1868 315 1896 πάντων
323 1869 423 1904 μήτηρ
434 1873 641 1907 μητροφθόρον
654 1868 798 1908 οὺ’ἑέχε”τ’
813 1874 917 1909 ἄνδρα.

142 1998 331 2033 ’Δφυπνισθιὶς
346 2000 375 2026 δὲ
392 2000 489 2036 ἀθρόον
501 2001 554 2027 ὑπὸ
568 2001 615 2028 τοῦ
634 2002 720 2033 δέους,
735 2002 885 2037 ἀπήγγειλε
896 2003 920 2019 ’⁵

135 2046 195 2076 τοῖς
210 2044 298 2076 ἄλλοις
315 2045 359 2072 τὸν
372 2047 484 2082 δνειρον.
507 2047 537 2073 Οἱ
553 2046 581 2074 δὲ
594 2047 625 2073 τὸ
638 2048 688 2083 μὲν
705 2048 861 2082 παραυτίκα
881 2048 920 2075 δι-

134 2090 269 2126 ηπόρουν,
283 2092 310 2122 ἐς
325 2092 339 2117 ὂ
358 2100 383 2118 τι
401 2091 455 2126 ἄρα
478 2092 524 2119 καὶ
539 2092 669 2129 ἀποσαίη.
692 2093 768 2121 Ἐπεὶ
787 2094 816 2120 δὲ
832 2096 873 2125 εἰς
891 2095 921 2121 τὸ

133 2134 299 2170 περίορθρον
329 2135 494 2168 ἀναστάντες
518 2136 640 2169 ὲὸάδιξον
669 2137 721 2164 ἀνὰ
749 2137 784 2164 τὰ
816 2138 919 2173 πρόσω,

133 2180 324 2215 παρέρποντες
334 2182 421 2208 έκεῖνο
433 2181 464 2208 τὸ
475 2182 585 2217 χωρίον,
600 2181 671 2209 οὕτω
687 2182 738 2217 τῆς
749 2182 803 2210 τῶν
819 2183 861 2219 [Ρ.
875 2183 921 2220 71]

133 2225 226 2252 τόπων
242 2225 342 2257 θέσεως
356 2227 572 2263 ἀναγκαζούσης,
584 2224 615 2254 οὗ
627 2227 764 2263 δὴαύτοῖς
777 2228 812 2255 τὰ
826 2229 871 2255 ἐπὶ
887 2230 920 2263 τῇ

134 2271 210 2306 ταφῇ
228 2271 392 2306 ὲσχεδίαστο,
410 2273 565 2308 εὑρίσκουσι
581 2273 626 2299 τὸν
646 2273 740 2309 νεκρὸν
754 2273 857 2308 γυμνὸν
873 2272 922 2301 αὗ-

136 2315 181 2347 θις
196 2315 314 2351 ὕπερθεν
329 2317 455 2352 κείμενον
468 2319 501 2351 ⁸⁸,
515 2319 552 2350 ὡς
563 2319 595 2354 δὴ
606 2319 656 2354 τῆς
670 2320 722 2355 γῆς
734 2320 815 2346 αὑτὸν
830 2320 934 2355 τρόπῳ⁴

135 2362 193 2389 τινὶ
206 2363 350 2398 αὐτομάτῳ
360 2365 388 2395 ἐς
400 2365 553 2400 τούμφανὲς
565 2365 751 2401 ἀναϐαλούσης
761 2366 796 2399 ³⁸,
810 2366 856 2392 καὶ
866 2366 924 2392 δια-

137 2408 285 2443 φυλάττειν
300 2410 412 2444 ἁὸρῶτα
429 2410 465 2446 μὴ
481 2411 679 2446 ἀνασχομένης.
693 2412 924 2446 Καταπλαγέντες

137 2454 168 2480 δὲ
181 2454 220 2489 τῷ
232 2455 380 2491 παραλόγῳ
395 2457 445 2491 τῆς
458 2457 532 2490 θέας,
545 2458 648 2492 εῐχοντο
662 2458 713 2492 τῆς
728 2459 851 2494 πορείας,
871 2467 922 2494 μη-

137 2499 185 2526 δὲν
208 2500 297 2527 ὁτιοῦν
321 2501 444 2528 τολοιπὸν
468 2502 511 2527 ἐπ’
527 2502 600 2539 αὐτῷ
617 2502 765 2538 δράσαντες
779 2503 832 2530 τῶν
849 2503 924 2537 σφίσι

138 2545 352 2580 νενομισμένων.
374 2546 572 2580 Ἀνελογίζοντο
597 2547 650 2584 γὰρ
675 2548 720 2574 τὸν
740 2548 852 2583 ὄνειρον,
879 2548 925 2574 καὶ

138 2590 297 2626 ὡμολόγουν
318 2592 442 2619 ἐντεῦθεν
459 2593 500 2619 ὅτι
514 2592 546 2629 δὴ
559 2593 583 2620 οἱ
598 2593 701 2628 Πέρσαι
724 2593 818 2627 ποινὴν
835 2593 925 2628 ἔχουσι

958 277 1036 312 Atqui
1055 276 1132 311 133
1149 275 1194 302 ille
1212 282 1260 303 eos
1277 275 1432 307 adamabat,
1453 278 1537 308 utque
1551 277 1693 300 mlnerent
1706 281 1751 300 ro-

957 325 1056 358 gabat;
1071 323 1122 357 ipsi
1142 329 1206 349 vero
1223 321 1310 356 magis
1322 328 1356 348 ex
1368 328 1398 347 re
1415 327 1465 348 sua
1479 326 1540 347 esse
1552 318 1710 350 censebam,
1727 319 1749 346 si

957 370 997 397 vel
1013 368 1144 396 immissis
1160 372 1264 396 tantum
1280 368 1307 395 in
1329 366 1517 397 Romanorum
1538 365 1606 392 ﬁne
1622 364 1749 399 pedibus,

957 417 1060 449 statim,
1076 415 1099 443 si
1113 414 1151 442 ita
1167 423 1218 442 usu
1233 415 1347 447 veniret,
1362 418 1535 441 morerentur
1545 419 1628 447 quam
1641 412 1665 439 si
1679 411 1750 446 apud

957 463 1055 490 Persas
1070 465 1212 489 manentes
1223 460 1399 495 amplissimis
1413 459 1565 486 honoribus
1576 458 1752 492 praemiisque

958 508 1139 535 nﬂicerenlut‘.
1152 508 1240 542 Atque
1251 507 1287 533 ita
1301 513 1394 533 omnes
1404 505 1516 532 domum
1525 504 1676 536 redierunt,
1690 503 1752 530 bar-

958 555 1017 582 bari
1033 554 1104 589 regis
1120 553 1305 588 hospitalitate
1315 552 1405 579 valere
1415 552 1503 586 jussu.
1518 550 1648 578 Fructum
1660 555 1749 577 tamen

958 608 991 627 ex
1011 608 1043 628 ea
1060 600 1280 635 peregrinatione
1297 598 1448 625 retulerunt
1465 598 1491 624 in
1514 605 1543 627 re
1562 597 1675 624 minime
1690 595 1751 622 vul-.

959 647 1015 681 gari
1028 651 1075 673 aut
1087 645 1303 677 contemnenda;
1317 644 1364 672 sed
1377 643 1449 671 unde
1461 643 1502 670 eis
1513 643 1640 677 deinceps
1652 642 1751 677 jucun-

959 693 1071 720 dissime
1087 699 1134 727 per
1151 699 1259 718 omnem
1274 691 1358 717 vitam
1374 694 1400 716 et
1414 697 1448 716 ex
1467 688 1549 715 animi
1563 688 1696 716 sententia
1710 688 1751 713 vi-

960 746 1022 765 vere
1038 739 1125 766 licuit.
1149 738 1218 765 Cum
1242 738 1314 764 enim
1337 744 1385 771 per
1407 736 1433 763 id
1455 740 1562 769 tempus
1585 734 1703 762 Romani
1725 738 1753 760 et

960 784 1050 812 Persae
1065 791 1158 818 pacem
1178 791 1211 811 ac
1225 782 1314 810 foedus
1333 783 1403 808 inter
1422 788 1483 808 sese
1495 778 1674 814 pepigissent,
1696 777 1753 804 hac

960 831 1040 858 etiam
1058 831 1085 857 in
1103 829 1189 865 pactis
1204 829 1326 856 conditio
1341 826 1543 858 continebatur,
1557 825 1630 860 quod
1649 824 1699 852 viri
1715 823 1754 850 illi

962 877 994 904 ad
1008 884 1073 904 suas
1088 876 1166 904 sedes
1180 874 1282 903 reversi
1303 874 1370 901 citra
1389 872 1474 899 ullum
1492 876 1595 899 metum
1618 871 1644 898 in
1662 875 1754 905 poste-
1766 888 1771 895 ιη

927 918 948 945 Β
961 931 1022 950 rum
1034 923 1072 950 ibi
1085 923 1183 957 degere
1193 924 1315 955 possent,
1329 926 1417 954 neque
1427 917 1575 953 quidquam
1586 924 1668 952 quam
1681 915 1754 950 quod

961 968 1110 1003 probarent
1131 965 1233 994 sentire
1258 968 1305 992 aut
1327 964 1442 998 patriam
1466 962 1623 997 opinionem
1646 964 1755 988 mutare

960 1017 1134 1048 cogerentur.
1148 1011 1241 1046 Neque
1252 1009 1324 1037 enim
1338 1008 1495 1044 permittere
1506 1007 1591 1034 voluit
1607 1006 1752 1037 Chosroes,

960 1060 1027 1095 quin
1046 1059 1098 1085 hac
1119 1057 1202 1085 etiam
1226 1057 1252 1083 in
1274 1059 1351 1091 parte
1371 1058 1449 1089 pacta
1469 1056 1628 1081 constarent
1641 1055 1754 1086 rataque

961 1108 1063 1133 essent.
1086 1103 1183 1131 Fertur
1207 1110 1270 1130 vero
1290 1102 1317 1129 in
1337 1108 1432 1128 eorum
1451 1100 1542 1127 reditu
1564 1097 1754 1126 admirandum

963 1151 1028 1186 quid
1042 1154 1069 1179 et
1084 1152 1233 1177 memoratu
1254 1147 1367 1182 dignum
1385 1146 1425 1174 eis
1438 1146 1581 1173 accidisse.
1597 1143 1667 1172 Cum
1679 1143 1755 1171 enim

962 1197 989 1223 in
1005 1202 1071 1230 agro
1087 1194 1205 1229 quodam
1221 1192 1331 1220 Persico
1349 1191 1587 1226 conquiescerem,
1605 1189 1755 1224 conspicati

962 1244 1027 1268 sunt
1038 1240 1154 1268 cadaver
1172 1239 1292 1266 hominis
1307 1242 1431 1265 recenter
1443 1236 1544 1264 mortui
1561 1235 1704 1270 noglectim
1719 1235 1756 1262 ita
1767 1250 1774 1256 -

963 1286 1137 1313 inhumatum
1154 1285 1302 1319 abjectum.
1318 1282 1390 1310 Tum
1405 1282 1445 1309 illi
1459 1281 1608 1310 barbaricae
1622 1281 1689 1315 legis
1704 1280 1756 1307 iui-

963 1333 1094 1368 quitatem
1110 1331 1293 1360 commiserati
1307 1351 1315 1363 ,
1332 1333 1359 1358 et
1374 1336 1547 1365 nequaquam
1568 1335 1677 1362 aequum
1695 1334 1756 1353 esse

964 1382 1119 1411 censentes,
1135 1377 1158 1405 si
1178 1376 1347 1412 negligerent
1367 1380 1494 1403 naturam
1513 1382 1546 1402 ex
1567 1377 1644 1409 parte
1657 1371 1758 1407 injuria

964 1424 1100 1458 atl‘ecta’m,
1126 1427 1305 1451 contexerunt
1327 1426 1358 1450 ut
1378 1425 1525 1456 potuerunt
1546 1427 1593 1454 per
1616 1418 1757 1446 ministros

964 1470 1090 1502 cadaver,
1104 1473 1232 1504 terraque
1248 1468 1469 1495 contumulantes
1483 1466 1659 1500 sepelierunt.
1673 1464 1758 1491 Nocte

964 1523 1028 1543 vero
1042 1515 1097 1550 illa,
1116 1510 1316 1542 dormientibus
1328 1513 1385 1548 jam
1401 1512 1541 1546 omnibus,
1553 1512 1629 1539 visus
1647 1514 1689 1539 est
1710 1518 1758 1538 eo-

965 1569 1037 1595 rum,
1054 1561 1144 1588 nescio
1161 1558 1240 1596 134
1254 1558 1316 1594 quis
1334 1556 1441 1594 (neque
1458 1558 1532 1585 enim
1548 1564 1647 1584 nomen
1662 1555 1757 1590 novi),

967 1606 1041 1634 visus
1061 1611 1151 1633 tamen
1166 1610 1208 1632 est
1227 1605 1279 1632 sibi
1301 1604 1394 1631 videre
1412 1603 1503 1630 virum
1519 1609 1611 1632 senem
1623 1621 1631 1634 ,
1647 1600 1760 1627 minime

966 1649 1079 1684 quidem
1089 1653 1194 1681 notum,
1214 1656 1323 1683 gravem
1340 1647 1462 1682 alioquin
1480 1651 1506 1674 et
1524 1646 1721 1678 venerandum,
1732 1649 1762 1676 et

966 1695 1143 1730 philosophiae
1154 1695 1274 1722 studium
1287 1698 1341 1721 tam
1353 1693 1437 1720 vestis
1449 1692 1537 1720 forma
1550 1699 1633 1726 quam
1643 1691 1762 1726 oblonga

967 1741 1156 1775 promissaque
1170 1740 1254 1767 barba
1269 1747 1325 1774 prte
1339 1747 1368 1766 se
1382 1738 1525 1771 ferentem,
1542 1738 1589 1772 qui
1605 1737 1657 1764 sibi
1673 1737 1759 1766 incla-

968 1786 1070 1817 mabat,
1080 1790 1209 1820 tanquam
1224 1784 1371 1811 exhortans
1382 1791 1414 1810 ac
1430 1782 1575 1813 mandans,
1589 1781 1639 1808 hos
1654 1788 1760 1808 versus:

970 1840 1011 1868 Ne
1028 1840 1141 1868 tumulas
1159 1840 1327 1867 inltmnalum
1344 1848 1352 1872 ;
1374 1844 1402 1866 at
1424 1838 1525 1866 nudum
1543 1838 1630 1872 linque
1650 1837 1760 1864 cadauer

970 1875 1124 1903 Dilacerare
1138 1883 1226 1907 canes,
1239 1882 1375 1909 escamque
1392 1873 1538 1909 volucribus
1553 1880 1609 1909 esse
1617 1880 1627 1904 ,'

970 1910 1058 1937 Mater
1077 1910 1145 1937 enim
1167 1904 1255 1937 Tellus
1277 1904 1433 1936 cunctorum
1449 1907 1521 1935 haud
1538 1906 1648 1940 suscipi!
1665 1904 1760 1937 illum,

970 1945 1023 1978 Qui
1042 1949 1152 1971 matrem
1166 1950 1204 1971 est
1219 1952 1300 1971 ausus
1318 1944 1388 1978 facta
1407 1943 1501 1970 vitiare
1516 1941 1641 1976 nefando.

970 2002 1016 2030 Ille
1033 2005 1123 2028 autem
1139 1999 1282 2028 confestim
1295 2007 1350 2034 prte
1365 2004 1436 2026 metu
1456 1996 1671 2032 expergefactus,
1687 2003 1762 2024 som-

971 2049 1047 2075 nium
1061 2054 1142 2074 suum
1153 2046 1214 2074 aliis
1225 2045 1408 2073 renuntiavit:
1424 2049 1505 2078 atque
1518 2044 1545 2071 hi
1560 2043 1638 2070 initio
1650 2042 1761 2077 quidem

971 2093 1141 2125 dubitabant,
1151 2099 1275 2128 quonam
1284 2090 1421 2118 somnium
1433 2094 1506 2117 esset
1516 2096 1672 2117 evasurum.
1683 2088 1761 2115 Sum-

971 2147 1015 2167 mo
1028 2139 1119 2174 itaque
1134 2145 1213 2165 mane
1228 2145 1289 2164 cum
1302 2134 1487 2164 surrexissent
1499 2140 1525 2163 et
1540 2134 1694 2162 institutum
1709 2134 1760 2162 iter

972 2188 1210 2219 prosequerentur,
1225 2186 1398 2209 transeuntes
1414 2181 1490 2208 illum
1504 2187 1640 2215 campum,
1652 2179 1705 2207 situ
1719 2179 1760 2206 lo—

973 2235 1067 2258 corum
1085 2230 1122 2257 ita
1143 2233 1267 2264 cogente,
1288 2228 1316 2255 in
1335 2234 1390 2262 quo
1410 2227 1572 2254 subitariam
1594 2226 1763 2260 sepulturam

974 2279 1164 2312 procurarunt,
1178 2274 1318 2309 reperiunt
1334 2272 1452 2300 cadaver
1468 2272 1533 2299 illud
1552 2271 1641 2298 denuo
1658 2271 1761 2298 nudum

974 2329 1056 2356 super
1072 2321 1206 2348 tumulum
1225 2320 1335 2355 jocens,
1352 2318 1464 2354 perinde
1490 2325 1522 2345 ac
1545 2318 1568 2345 si
1592 2321 1663 2345 terra
1686 2317 1762 2344 illum

974 2370 1122 2400 spontanea
1134 2365 1223 2400 aliqua
1234 2365 1340 2391 ratione
1349 2364 1376 2391 in
1389 2367 1513 2397 apertum
1524 2363 1660 2398 eiecisset,
1674 2369 1763 2397 neque

974 2419 1036 2439 eum
1046 2419 1098 2438 non
1105 2411 1268 2445 discerptum
1276 2415 1356 2445 atque
1367 2410 1540 2445 absumptum
1553 2416 1693 2437 asservare
1706 2416 1763 2437 sus

974 2457 1110 2485 tinuisset.
1133 2457 1263 2484 Miraculo
1286 2457 1377 2492 itaque
1393 2456 1539 2491 spectaculi
1569 2454 1686 2491 perculsi
1713 2455 1762 2482 iter

977 2510 1058 2530 suum
1074 2502 1289 2534 continuarunt,
1307 2502 1381 2529 nullo
1402 2501 1519 2536 amplius
1541 2508 1573 2527 ex
1596 2501 1717 2527 instituto
1731 2506 1762 2526 ac

978 2556 1053 2576 more
1071 2549 1191 2583 ipsorum
1215 2548 1303 2575 oﬂicio
1322 2549 1346 2575 ei
1368 2548 1499 2582 praestita.
1524 2546 1665 2574 Somnium
1689 2545 1762 2572 enim

978 2593 1174 2628 expendet-unt,
1190 2593 1268 2628 135
1279 2597 1306 2621 et
1320 2594 1347 2620 in
1360 2600 1420 2620 eam
1435 2593 1497 2620 inde
1511 2592 1671 2621 sententiam
1683 2598 1761 2617 vene-

786 2681 903 2714 num:
920 2679 1120 2717 LECTlONES.

180 2768 203 2783 "
213 2768 261 2794 ἐπὶ
269 2767 336 2802 τῷδε
351 2768 386 2798 R.
400 2769 448 2794 ἐπὶ
460 2767 585 2830 τῇνιξιε.
625 2769 647 2786 ¹³
657 2770 726 2797 Ante
741 2770 771 2797 τδ
785 2771 864 2806 σῶμα
878 2770 901 2797 Β
913 2771 965 2799 ins.
976 2771 1032 2798 καί.
1084 2772 1105 2788 ¹⁹
1122 2771 1150 2798 δὲ
1165 2777 1219 2797 om.
1239 2771 1272 2797 Β.
1310 2771 1332 2786 ὀ
1345 2771 1404 2797 κατ’
1417 2769 1482 2803 όναρ
1491 2770 1541 2796 add
1551 2777 1592 2796 .ex
1607 2768 1636 2797 ﬂ.
1651 2767 1722 2801 vulg.
1738 2771 1763 2793 et

180 2806 257 2830 Leror.
276 2811 332 2830 om.
370 2804 390 2819 "
409 2804 471 2830 ὅσον
508 2823 516 2830 .
533 2812 570 2830 ωε
585 2803 669 2830 νυίιτ..
689 2805 719 2830 ὃς
732 2805 816 2830 Lugd.
868 2807 890 2822 ἰ
905 2805 1066 2830 ἀσκοῦντιΒ
1080 2806 1154 2830 (CM.
1173 2806 1309 2830 ἀσκοῦντα
1325 2806 1395 2830 vnlg.
1452 2805 1475 2820 “
1494 2804 1703 2830 ἐγκελευόμενον
1717 2801 1762 2828 καὶ

508 2823 516 2835 9

140 2802 257 2840 interpr.
276 2811 332 2830 om.
370 2804 390 2819 "
402 2804 472 2840 ,ὅσον
483 2802 516 2835 R,
533 2802 572 2840 ᾠξ
585 2803 669 2839 \'ulg.,
689 2805 719 2837 ὃς
732 2805 816 2840 Lugd.

139 2845 211 2878 παρ
228 2837 263 2877 B_,
277 2846 342 2878 παρ.
358 2846 386 2878 κΖ
400 2837 491 2878 ὲγκελ.
507 2839 580 2878 vulg,

868 2807 890 2822 "
905 2806 1034 2833 ἀσκοῦντι
1044 2805 1066 2833 R
1080 2806 1154 2841 (CL),
1173 2806 1309 2841 ἀσκοῦντα
1325 2806 1395 2839 vulg.

630 2840 653 2876 ’ξ
674 2840 826 2875 ἀπήγγειλε
840 2841 873 2872 R.
889 2841 1045 2876 ἀπήγγελλε
1069 2840 1142 2876 vulg.

1452 2801 1475 2820 ’⁵
1494 2804 1703 2837 ἐγκελευόμενον
1717 2801 1762 2828 καὶ

1190 2841 1213 2857 ’⁵
1228 2840 1345 2875 ὕπερθεν
1360 2840 1485 2875 κείμενον
1508 2839 1541 2870 R,
1556 2838 1770 2875 ῥπερκείμενον.

139 2872 231 2906 vulg,
248 2872 359 2906 interpr.
377 2873 404 2900 in
417 2873 475 2908 agri
490 2872 786 2910 supei/icicjac‘enleht's
814 2876 837 2892 ’⁸
849 2872 1037 2908 ἀναὸαλούστς
1048 2872 1157 2905 οᾱιίᾹιΧ
1169 2883 1224 2906 ma.
1238 2872 1323 2905 ιυάα.
1352 2872 1538 2910 ἀναλαὸούσης
1556 2873 1579 2900 Β
1598 2879 1623 2900 el
1639 2872 1725 2903 Lum-
