2030 3231
164 179 235 212 1405

719 158 990 222 ΗιετοιιΙΑΡιυΜ
1009 178 1124 208 manu
1155 178 1212 208 111.

1724 184 1790 216 1406

161 238 292 273 ὑποψίας.
315 237 404 264 ’Δπαν
430 236 485 273 γὰρ
505 235 597 265 ὁτιοῦν
625 237 671 266 ὑπ’
688 238 770 265 αὐτοῦ
791 238 953 273 γιγνόμενον

1004 236 1061 263 sius
1081 235 1152 263 facta
1173 235 1267 263 saucio
1294 235 1395 263 invidia
1411 235 1502 263 animo
1519 236 1691 271 explorantes
1706 238 1791 274 iisque

160 285 202 321 τῷ
226 283 373 310 πεπονθότι
390 283 442 317 τῆς
457 283 547 318 ψυχῆς
569 282 754 317 ἐξετάζοντες,
780 285 827 310 καὶ
841 284 952 315 πάντως

160 329 320 365 ἀχθόμενοι,
345 328 497 363 ὑπέτρεφον
522 328 546 344 ⁸⁴
560 329 591 355 τὸ
612 329 775 364 χαλεπαῖνον
799 329 847 356 καὶ
870 330 952 364 ἐπερ-

162 376 292 412 ῥώννυον.
313 375 389 401 Ἐπεὶ
409 375 437 402 δὲ
458 376 560 406 ἐκεῖνος
581 376 757 411 ὑποτοπήσας
780 376 809 402 τὺ
826 375 903 410 ἔχθος
916 374 951 408 ⁵³,

161 422 212 449 καὶ
232 421 357 448 τολοιπδν
372 422 400 452 ὲς
418 420 449 447 τὸ
474 421 631 447 ἀντιλυπεῖν
653 421 836 457 προηγμένος,
851 422 952 456 ἐκακη-

160 469 240 503 γόρει
258 475 291 501 γε
306 467 406 498 αὐτοὺς
422 466 445 482 ⁸⁸
458 466 589 498 πολλάκις
606 466 645 498 ὡς
663 467 810 503 ἀνάνδρους
824 467 871 493 καὶ
885 466 951 493 ἀλαθ-

161 513 254 545 ζὸνας,
270 512 318 538 καὶ
333 511 411 538 οὐδὲν
423 511 512 539 ὁτιοῦν
533 511 612 546 μέλον
624 511 716 543 αὐτοῖς
727 512 781 537 τῶν
795 510 951 547 πρακτέων,

160 559 191 590 ἐς
209 567 239 584 τε
256 557 289 583 τὰ
303 556 442 591 ξυμπόσια
463 557 508 583 καὶ
523 557 586 588 τοὺς
602 555 747 590 ξυλλόγους
771 556 894 592 νεμεσῶν
908 556 951 582 ἀεὶ

160 598 286 636 διετέλει,
314 603 362 629 καὶ
387 602 448 629 οὐδὲ
476 602 625 637 πρεσϐείας
648 601 729 641 τυχὸν
750 602 905 637 ἀφιγμένης
920 602 953 628 ἐκ

159 650 219 676 τῶν
234 649 389 685 προσοίκων
404 647 488 674 ἐθνῶν
501 648 571 674 ἀνίει
597 648 644 674 καὶ
664 648 845 675 ὑπεστέλλετο
860 655 867 662 ”
885 648 910 674 οἱ
923 647 952 674 δὲ

159 696 250 722 ταῦτά
263 703 292 721 τε
305 695 355 721 οὐκ
370 695 538 728 ἐνεγκόντες,
558 695 605 720 καὶ
628 693 695 730 πρός
711 702 742 728 γε
764 694 811 725 τὰς
831 695 860 724 ὲς
874 693 953 729 βασι-

159 742 212 768 λέα
225 741 352 772 διαϐολὰς
366 741 395 768 ὲν
406 741 474 776 ὀργῇ
489 740 679 776 ποιησάμενοι,
694 740 741 766 καὶ
752 739 952 774 γιγνώσκοντες

158 779 201 820 ὡς
213 788 263 814 οὐκ
280 787 377 822 ἀνήσει
393 786 539 822 διελέγχων
554 786 641 812 εἵπου
660 785 708 812 καὶ
722 784 799 817 αὖθις
813 785 950 820 σφαλεῖεν,

160 835 339 864 ἐϐουλεύοντο
366 834 487 861 ἐκποδὼν
503 835 548 861 τὸν
569 833 709 869 Γουϐάζην
724 833 900 868 ποιήσασθαι,
915 831 952 864 ὡς

162 882 199 908 ἂν
211 880 332 908 τίσαιντό
345 889 375 907 τε
390 879 470 906 αὑτὸν
480 879 526 906 τοῦ
545 879 700 913 φθάσαντος
711 878 787 914 πέρι,
802 879 849 905 καὶ
864 878 952 905 τολοι-

160 927 214 954 πδν
226 927 343 954 οὐδενότι
365 926 387 942 ⁸⁷
403 925 578 960 δειμαίνοιεν.
749 913 754 914 ⁷
967 913 988 941 Β

203 1075 239 1106 γ’.
260 1070 347 1097 Πολλὰ
361 1069 393 1105 δὴ
419 1066 466 1096 οὖν
490 1068 561 1095 κατὰ
586 1068 657 1103 σφᾶς
681 1068 950 1103 κοινολογησάμενοι,

162 1116 216 1150 καὶ
231 1116 316 1151 πέρας
330 1115 373 1142 ἐπὶ
395 1114 458 1150 τῇδε
482 1114 594 1145 στάντες
611 1114 643 1149 τῇ
668 1113 776 1150 γνώμῃ,
794 1113 888 1150 ἐπειδὴ
903 1114 952 1141 αὺ-

158 1162 210 1188 τὸν
225 1163 255 1188 οὐ
270 1161 404 1197 πρότερον
420 1160 640 1197 διαχειρίσασθαι
664 1159 746 1195 ᾣοντο
772 1161 872 1196 χρῆναι
886 1161 952 1197 πρὶν

158 1198 196 1233 ἂν
214 1207 261 1234 καὶ
280 1206 328 1233 τοῦ
350 1206 482 1242 βασιλέως
500 1206 712 1242 ἀποπειραθεῖεν
723 1228 730 1240 ,
753 1207 908 1233 στέλλουσιν
923 1208 952 1239 ἐς

156 1253 191 1279 τὺ
204 1251 353 1284 Βυζάντιον
372 1252 499 1287 Ἰωάννην
519 1252 564 1278 τὸν
586 1252 743 1279 Ῥουστίκου
756 1253 881 1287 ἀδελφὸν,
900 1254 952 1287 ἀγ-

156 1297 295 1332 γελοῦντα
307 1297 389 1332 δῆθεν
400 1297 438 1328 ὼς
460 1296 588 1333 Μηδίζων
603 1297 626 1314 ⁸⁸
641 1299 655 1324 6
672 1297 813 1333 Γουϐάζης
830 1297 840 1334 [
853 1298 882 1325 Ρ.
898 1298 952 1334 75]

158 1344 335 1383 πεφώραται.
348 1342 404 1368 Καὶ
416 1340 462 1369 οὖν
476 1343 505 1374 ἐς
526 1343 622 1377 λόγους
636 1344 650 1370 6
674 1344 801 1379 Ἰωάννης
822 1344 860 1379 τῷ
874 1344 953 1380 βασι-

157 1389 204 1416 λεῖ
215 1389 399 1424 λαθραιότατα
413 1388 436 1405 ⁸⁸
454 1389 616 1424 ἀφιγμένος,
643 1389 766 1418 διέϐαλλε
788 1390 834 1417 τὸν
848 1391 952 1418 Γουσά--

158 1434 214 1470 ζην
233 1434 271 1467 ὡς
284 1435 443 1462 ἀποστάντα
462 1435 523 1470 ἥδη,
552 1435 600 1462 καὶ
618 1436 682 1467 τοὺς
712 1436 821 1471 Πέρσας
849 1437 951 1471 ἑπαγό-

162 1488 257 1516 μενον,
273 1479 321 1506 καὶ
334 1479 385 1506 οὐκ
403 1481 431 1511 ἐς
446 1481 556 1515 μακράν
571 1480 621 1516 τὴν
635 1481 727 1517 χώραν
741 1482 785 1508 ἐπ’
797 1482 918 1514 ὲκείνὸυς
929 1482 952 1498 ¹⁰

161 1525 362 1561 μεταθήσοντα,
380 1526 405 1551 εί
423 1526 461 1561 μὴ
480 1525 577 1553 θᾶττον
590 1527 726 1562 ὁτῳδηοῦν
739 1528 833 1564 τρόπῳ
851 1528 952 1556 διακω-

160 1571 268 1607 λυθείη.
287 1572 317 1599 '0
337 1572 366 1598 δὲ
377 1571 504 1607 βασιλεὺς
526 1573 713 1607 καταπλαγεὶς
738 1574 788 1610 μὲν
807 1574 846 1609 τῷ
862 1584 950 1611 παρα·
964 1586 985 1614 C

159 1618 244 1653 λόγῳ,
268 1616 341 1644 οὕτω
363 1617 396 1651 ίδὲ
419 1617 574 1645 τελεώτατα
601 1619 802 1652 πεπιστευκὼς,
826 1621 885 1647 ἀλλ’
906 1622 952 1648 ἐπὶ

161 1665 251 1702 μέσης
275 1664 348 1695 τινὸς
373 1664 502 1699 χωρήσας
534 1665 658 1697 ἐννοίας·
678 1666 761 1700 Ἄγε,
787 1667 850 1702 ἔφη,
875 1668 953 1700 ὅπως

158 1710 217 1737 τὸν
230 1708 326 1743 ἄνδρα
343 1709 606 1743 παρασκευάσοιτε
623 1711 664 1744 ὡς
684 1711 763 1746 ἡμᾶς
780 1711 886 1740 ἐνθάδε
899 1721 954 1748 τε-

159 1755 280 1783 νέσθαι.
301 1755 400 1786 Δείσας
416 1754 444 1781 δὲ
458 1756 473 1782 6
494 1756 634 1791 Ἰωάννης,
655 1758 692 1793 μή
711 1767 786 1792 ποτε,
803 1758 872 1793 εἴγε
884 1760 956 1786 ἐκεῖ·

159 1810 209 1833 νος
217 1800 357 1835 ἀφίκοιτο,
368 1801 403 1827 τὰ
413 1800 464 1835 τῆς
480 1802 628 1837 ἐπιϐουλῆς
646 1796 850 1840 ἀνακαλυιρθείη
859 1825 867 1837 ,
877 1803 953 1833 EIer’

160 1846 228 1881 ἔφη,
243 1844 268 1873 ὦ
281 1845 416 1872 δέσποτα
428 1854 436 1861 ο
451 1846 480 1872 τί
498 1846 532 1873 δὲ
550 1847 608 1882 ἄρα
624 1849 767 1883 ποιητέον
784 1850 865 1885 ἡμῖν,
882 1851 910 1878 εἲ
922 1859 955 1887 τε

161 1892 242 1921 ἑκὼν
248 1890 325 1919 εἶναι
333 1893 554 1927 παραγενέσθαι
563 1893 675 1928 ἣκιστα
686 1895 800 1929 ἕλοιτο;
810 1912 846 1916 -—
852 1897 954 1933 Ἀναγ-

164 1937 295 1966 καστέον
318 1938 421 1971 αὐτὸν,
437 1936 454 1974 ἦ
468 1938 497 1965 δὲ
511 1940 527 1966 ὁ
543 1939 679 1974 βασιλεὺς,
706 1942 857 1976 κατήκοον
870 1943 953 1978 ὄντα,

166 1982 220 2010 καὶ
241 1982 321 2017 πάσῃ
347 1982 472 2018 μηχανῇ
491 1984 513 2000 ¹¹
530 1984 727 2020 ἐκπεμπτέον.
752 1987 839 2018 Εὐθὺς
856 1987 888 2023 δὴ
908 1987 955 2016 οὖν

167 2027 312 2055 ὑπολαϐὼν
330 2029 344 2055 6
370 2029 499 2064 Ἰωάννης
512 2038 519 2045 ·
544 2031 796 2066 Ἀναγήιαζόμενος
817 2032 851 2060 δὲ
874 2035 903 2061 ει
922 2044 956 2070 γε

164 2074 335 2108 ἀντισταίη,
357 2075 386 2101 τί
406 2075 445 2102 ἂν
468 2075 584 2110 γένοιτο
605 2076 654 2103 ἐπὶ
673 2078 809 2111 τούτοις;
823 2094 857 2098 --
871 2079 902 2106 Ti
921 2079 956 2107 δὲ

162 2119 244 2146 ἄλλο
263 2128 305 2154 τε,
321 2120 373 2156 ἔφη
387 2122 401 2147 6
421 2121 560 2155 βασιλεὺς,
585 2122 604 2156 ἣ
624 2122 760 2150 πείσεται
783 2124 819 2150 τὰ
832 2124 892 2160 τῶν
906 2133 956 2152 τυ-

157 2162 293 2196 ράννων,
307 2163 358 2190 καὶ
377 2163 507 2191 κάκιστα
523 2165 679 2193 ἀπολεῖται
692 2174 744 2198 ;-
754 2168 851 2195 οὐδὲν
861 2167 918 2196 οὖν
933 2170 955 2203 ’ξ

161 2207 253 2234 ἔσται
266 2207 345 2240 δέος,
362 2206 380 2243 ἦ
393 2209 422 2235 δὲ
445 2210 459 2235 6
481 2209 617 2245 Ἰωάννης,
645 2209 685 2243 τῷ
702 2211 810 2239 τοῦτον
831 2213 956 2240 ἀποκτε-

992 282 1105 316 .seipsos
1125 286 1294 317 torquentes,
1318 282 1484 310 simultatem
1509 282 1637 310 fovebam.
1651 289 1678 311 et
1694 286 1786 313 contir-

1002 329 1123 355 mabant.
1144 327 1268 355 Gubazes
1282 328 1372 363 itaque
1388 334 1519 364 concepta
1536 328 1570 356 de
1593 330 1703 358 illorum
1720 331 1745 358 in
1763 339 1792 359 se

1002 374 1066 401 odio
1077 373 1243 408 suspicione,
1261 377 1289 400 et
1303 374 1336 400 ad
1351 378 1476 401 mutuum
1495 374 1588 401 odium
1608 377 1791 404 exercendum

1003 425 1175 454 provocatus,
1203 419 1312 447 acribus
1340 424 1366 447 et
1393 421 1600 449 contumeliosis
1629 422 1718 449 verbis
1743 431 1792 450 eos

1003 466 1158 501 frequenter
1173 466 1383 501 perstringebat,
1409 471 1540 503 tanquam
1557 476 1654 503 parum
1677 470 1750 497 viros
1766 474 1791 497 et

1003 516 1101 536 manus
1113 509 1140 536 in
1156 509 1248 544 lingua
1264 515 1399 544 gerentes,
1415 511 1572 546 nullamque
1588 521 1679 540 rerum
1696 521 1790 548 geren-

1003 555 1100 582 darum
1113 562 1207 582 curam
1224 555 1365 584 habentes.
1380 557 1468 592 Atque
1482 558 1518 585 ita
1534 558 1561 585 in
1579 560 1711 587 conviviis
1726 568 1796 587 con-

1003 601 1183 635 ventibusque
1198 601 1225 628 in
1241 608 1289 628 sua
1307 609 1369 637 erga
1389 609 1436 629 eos
1460 603 1645 638 indignatione
1661 605 1791 639 persiste-

1003 647 1070 673 bat:
1097 648 1145 674 sed
1170 654 1258 681 neque
1273 655 1335 674 cum
1356 655 1371 674 a
1394 648 1516 676 ﬁnitimis
1540 650 1665 684 gentibus
1692 651 1791 686 legatio

1003 691 1072 718 forte
1085 691 1176 726 aliqua
1189 691 1318 725 venisset,
1334 692 1426 719 minus
1446 693 1544 720 acriter
1560 694 1587 721 in
1609 702 1656 722 eos
1682 695 1793 722 invebe-

1003 738 1091 765 batur.
1115 737 1148 764 Hi
1174 746 1239 765 vero
1260 745 1433 773 nequaquam
1463 738 1489 765 id
1520 738 1661 767 ferendum
1675 741 1746 774 rati,
1767 746 1792 769 et

1003 784 1210 812 criminationes
1227 785 1260 812 ad
1277 792 1369 819 regem
1394 783 1498 812 delatas
1519 784 1552 812 ad
1575 786 1696 813 animum
1716 795 1794 814 revo~

1003 834 1107 862 cantes,
1124 834 1206 865 atque
1219 830 1256 857 ita
1279 837 1371 857 secum
1387 834 1550 864 statuentes,
1569 839 1623 858 non
1641 832 1794 859 desiturum

1003 883 1064 903 eum
1080 875 1114 902 ab
1130 875 1195 910 ipsis
1211 875 1400 908 criminandis,
1415 875 1437 903 si
1454 883 1506 910 qua
1522 876 1549 903 in
1566 884 1595 904 re
1608 877 1706 904 iterum
1731 877 1795 905 ofﬁ-

1003 920 1046 947 cio
1059 928 1110 948 suo
1123 921 1259 953 deessent,
1274 921 1420 949 concilium
1433 922 1467 949 de
1480 922 1598 949 tollendo
1609 931 1624 950 e
1636 923 1726 950 medio
1739 923 1796 951 Gu-

1003 966 1070 994 baze
1084 967 1214 1000 inierunt,
1230 971 1261 994 ut
1276 971 1302 994 et
1317 972 1454 1002 acceptam
1471 967 1598 1002 injuriam
1614 969 1794 1002 vindicarent,

1002 1012 1131 1047 omnique
1154 1012 1182 1039 in
1199 1016 1338 1047 posterum
1354 1013 1441 1047 ipsius
1459 1018 1534 1040 metu
1550 1021 1610 1041 sese
1635 1015 1794 1042 liberarent.

1040 1057 1119 1094 142
1139 1059 1166 1086 5.
1183 1057 1273 1086 Variis
1286 1058 1379 1094 itaque
1396 1059 1467 1086 inter
1482 1067 1512 1087 se
1529 1060 1652 1088 consiliis
1669 1061 1790 1096 agitatis,

1003 1111 1119 1138 quorum
1137 1105 1244 1131 summa
1263 1104 1321 1131 haec
1340 1103 1403 1136 fuit,
1424 1110 1478 1130 non
1496 1109 1559 1131 ante
1575 1103 1794 1133 interﬁciendum

1003 1157 1086 1185 quam
1110 1149 1283 1185 imperatoris
1301 1149 1424 1176 animum
1447 1154 1612 1182 tentassent;
1642 1150 1793 1184 Joannem,

1003 1195 1109 1223 Rustici
1125 1196 1247 1228 fratrem,
1260 1195 1427 1231 Byzantium
1439 1195 1560 1229 mittunt,
1573 1197 1621 1231 qui
1635 1196 1795 1231 imperatori

1003 1241 1180 1276 signiﬁcaret,
1206 1240 1346 1268 Gubazem
1372 1240 1518 1268 Persarum
1545 1246 1637 1276 partes
1658 1241 1795 1270 foventem

1002 1294 1063 1315 esse
1083 1287 1294 1322 deprehensum.
1310 1286 1430 1315 Joannes
1455 1287 1549 1322 itaque
1573 1295 1654 1322 quam
1675 1289 1795 1316 maxime

1004 1333 1062 1360 lieri
1087 1337 1193 1368 poterat
1217 1333 1288 1360 clam
1307 1333 1341 1360 ad
1358 1333 1532 1368 imperatoris
1549 1333 1715 1369 colloquium
1731 1343 1793 1362 cum

1002 1380 1182 1414 pervenisset,
1199 1379 1363 1407 criminatus
1377 1385 1419 1407 est
1439 1379 1580 1413 Gubazen,
1600 1380 1713 1414 perinde
1728 1389 1760 1408 ac
1770 1381 1795 1409 si

1000 1426 1056 1460 jam
1074 1425 1256 1453 defectionem
1272 1417 1401 1459 fecisset,
1418 1430 1444 1453 et
1469 1425 1569 1453 Persas
1586 1426 1795 1454 introducturus

1002 1475 1086 1504 esset,
1104 1471 1237 1507 brevique
1260 1471 1427 1507 provinciam
1448 1475 1532 1499 totam
1556 1471 1596 1499 eis
1622 1473 1793 1506 traditurus,

1002 1518 1055 1545 nisi
1078 1517 1224 1545 confestim
1248 1525 1414 1552 quocunque
1436 1518 1518 1545 modo
1540 1522 1722 1545 coerceretur.
1741 1518 1796 1545 Im-

1003 1568 1116 1598 perator
1129 1571 1194 1590 vero
1209 1564 1352 1598 inopinato
1373 1566 1426 1591 hoc
1440 1563 1537 1590 nuntio
1552 1563 1706 1600 perculsus,
1724 1571 1794 1590 non-

1003 1609 1067 1637 dum
1092 1612 1184 1636 tamen
1209 1609 1318 1644 plenam
1337 1609 1362 1636 ei
1390 1610 1471 1636 ﬁdem
1500 1610 1721 1641 accommodans,
1747 1611 1793 1637 sed

1004 1655 1123 1682 mediam
1139 1654 1287 1689 quamdam
1304 1654 1461 1689 opinionem
1480 1659 1577 1682 tenens
1593 1664 1599 1681 :
1616 1656 1679 1690 Age,
1694 1656 1793 1690 inquit,

1003 1706 1095 1728 curate
1110 1705 1137 1728 ut
1147 1701 1181 1728 ad
1195 1709 1242 1728 nos
1251 1701 1301 1727 huc
1310 1701 1443 1728 mittatur.
1454 1700 1575 1728 Metuens
1587 1709 1651 1728 vero
1663 1701 1793 1734 Joannes,

1005 1753 1039 1773 ne
1056 1746 1177 1780 quando,
1194 1746 1217 1773 si
1238 1746 1282 1772 ille
1295 1753 1328 1773 eo
1342 1746 1505 1780 perveniret,
1523 1744 1599 1773 fraus
1614 1747 1794 1780 detegeretur,

1004 1791 1045 1819 Sit
1059 1794 1110 1825 ita,
1130 1792 1229 1827 inquit,
1243 1792 1359 1824 domine;
1374 1792 1436 1827 quid
1451 1800 1511 1819 vero
1534 1792 1686 1827 faciendum
1702 1792 1776 1819 nobis
1786 1812 1794 1825 ,

1004 1839 1027 1865 si
1038 1837 1065 1865 id
1077 1846 1125 1865 sua
1139 1843 1230 1873 sponte
1244 1839 1330 1874 facere
1343 1837 1517 1865 detrectarit?
1535 1853 1564 1858 —
1580 1838 1716 1872 Cogendus
1733 1839 1794 1872 erit,

1004 1885 1092 1920 inquit
1106 1892 1163 1916 rex,
1181 1884 1301 1911 subditus
1318 1892 1377 1911 cum
1392 1885 1444 1917 sit,
1468 1889 1493 1911 et
1514 1892 1668 1920 quacunque
1694 1885 1795 1911 ratione

1004 1934 1042 1956 est
1061 1929 1234 1964 ablegandus.
1257 1929 1464 1964 Statim'itaque
1489 1937 1643 1957 sermonem
1660 1931 1731 1964 regis
1748 1938 1795 1957 ex-

1005 1975 1110 2010 cipiens
1133 1975 1264 2007 Joannes,
1288 1975 1358 2007 Quid
1373 1975 1407 2008 ei,
1430 1976 1529 2010 inquit,
1553 1981 1660 2002 coactus
1676 1977 1794 2009 resistat,

1004 2022 1067 2057 quid
1084 2026 1140 2047 tum
1155 2021 1199 2055 [iet
1210 2022 1223 2049 2
1240 2020 1322 2053 Quid,
1339 2021 1436 2055 inquit,
1454 2021 1540 2053 aliud,
1557 2029 1637 2056 quam
1670 2022 1739 2057 quod
1754 2027 1795 2057 tg—

1005 2067 1097 2094 ranm‘s
1113 2067 1189 2098 solet,
1214 2071 1244 2093 ut
1258 2067 1369 2101 pessime
1382 2071 1482 2101 pereat.
1499 2080 1532 2085 —
1549 2066 1596 2092 Nit
1609 2074 1684 2102 ergo,
1709 2068 1796 2101 inquit

1005 2113 1133 2145 Joannes,
1149 2114 1172 2139 ei
1185 2113 1235 2139 erit
1251 2112 1429 2145 metuendum,
1459 2113 1505 2147 qui
1528 2120 1588 2139 eum
1613 2113 1797 2148 interfecerit?

1005 2172 1040 2177 —
1053 2157 1141 2190 Illi/tit,
1153 2158 1242 2191 inquit
1255 2164 1313 2190 rex,
1326 2158 1350 2183 si
1365 2158 1486 2184 resistens
1498 2162 1522 2184 et
1539 2166 1592 2184 non
1607 2157 1751 2185 obaudieus
1767 2163 1796 2185 ut

1006 2205 1089 2237 hostis
1106 2205 1226 2240 perierit.
1246 2204 1305 2232 'l‘ali
1322 2204 1400 2240 143
1418 2205 1510 2240 itaque
1525 2213 1658 2240 responso
1673 2210 1796 2240 accepto,

163 2253 292 2285 νοῦντις
307 2269 342 2273 -
353 2255 516 2289 οὐμενοῦν,
530 2255 594 2291 ἔφη,
611 2256 639 2283 εἴ
653 2261 697 2291 re:
709 2257 954 2293 ἀντιταττόμενος

1008 2259 1071 2289 eum
1088 2252 1116 2279 in
1131 2252 1255 2279 eamdem
1275 2251 1332 2279 fere
1351 2253 1516 2278 sententiam
1534 2259 1582 2279 rex
1599 2252 1633 2279 ad
1655 2251 1798 2287 praefectos

164 2299 219 2327 καὶ
235 2300 423 2333 ἀνηχοστῶν,
433 2301 474 2333 ὼς
484 2303 626 2336 πολέμιος
636 2302 822 2338 διαφθαρείη.
837 2305 955 2332 Τοιαῦτα

162 2345 257 2372 δὲτοῦ
285 2345 415 2380 βασιλέως
441 2346 674 2381 ἀποκριναμένου,
702 2348 750 2375 καὶ
775 2350 955 2385 παραπλήσια

162 2391 270 2417 τούτων
283 2391 312 2417 ὲν
324 2390 453 2425 ἐπιστολῇ
477 2392 533 2422 τοῖς
548 2393 713 2426 στρατηγοῖς
727 2393 902 2428 σημήναντος
918 2393 954 2426 ⁵³,

161 2435 241 2461 οὐδὲν
255 2435 295 2461 ἔτι
311 2436 325 2462 6
347 2436 473 2470 Ἰωάννης
488 2436 643 2471 περαιτέρω
666 2437 878 2472 ἀνεπυνθάνετο,
897 2439 956 2465 ἀλλ’

162 2481 333 2516 ἐπειλῆφθαι
348 2482 399 2517 ἤδη
414 2481 438 2497 ⁵⁸
452 2483 500 2508 καὶ
513 2482 623 2517 ἔχεσθαι
638 2482 685 2509 τοῦ
701 2482 870 2519 ζητουμένου
885 2486 955 2512 ἀπο-

161 2527 295 2563 χρώντως
310 2528 474 2563 ἡγούμενος,
492 2529 630 2564 ἐπανῆκεν
651 2527 728 2561 αὖθις
747 2532 777 2562 ἐς
790 2531 912 2567 Κόλχους
927 2532 958 2559 τὸ

161 2573 284 2609 γράμμα
299 2573 379 2600 τοῦτο
397 2575 598 2611 ἐπιφερόμενος
610 2584 617 2590 ·
632 2575 646 2601 ὃ
662 2575 695 2610 δὴ
720 2576 856 2612 Μαρτῐνός
868 2586 898 2604 τε
911 2579 957 2605 καὶ

170 2619 329 2651 Ῥούστικος
367 2620 580 2654 ἀναλεξάμενοι,
607 2620 654 2647 καὶ
691 2620 764 2656 μάλα
807 2622 955 2657 εὐπρεπῶς

1009 2298 1116 2325 militiae
1139 2298 1307 2332 scripsisset,
1334 2298 1402 2324 nihil
1428 2298 1500 2325 ultra
1524 2303 1566 2326 est
1584 2303 1797 2332 percunctatus;

1009 2346 1056 2372 sed
1072 2345 1180 2371 abunde
1198 2345 1322 2379 petitioni
1339 2353 1395 2371 sine
1411 2344 1581 2371 satisfactum
1597 2352 1657 2371 esse
1672 2352 1798 2377 censens,

1009 2391 1153 2418 confestim
1184 2391 1217 2417 ad
1245 2391 1359 2418 Colchos
1388 2391 1551 2423 revertitur,
1579 2391 1683 2418 litteras
1711 2391 1800 2425 regias

1008 2437 1160 2471 perferens.
1175 2437 1249 2470 Quas
1263 2445 1324 2464 eum
1336 2437 1468 2464 Martinus
1480 2442 1506 2464 et
1519 2438 1643 2464 Justinus
1658 2438 1799 2472 legissent,
1838 2457 1840 2459 τ

1009 2492 1071 2511 cum
1087 2484 1210 2511 viderent
1225 2489 1315 2510 actum
1335 2484 1409 2511 hunc
1430 2484 1496 2511 scite
1514 2485 1686 2515 instructum,
1705 2484 1737 2510 ad
1753 2491 1802 2509 au-

1011 2531 1128 2557 dendum
1147 2531 1251 2557 facinus
1263 2538 1323 2558 sese
1334 2531 1518 2557 contulerunt.
1533 2528 1696 2558 Convocatis
1708 2528 1800 2562 itaque

1011 2574 1119 2602 Justino
1135 2580 1162 2602 et
1184 2576 1266 2607 Buse,
1293 2576 1319 2602 id
1336 2576 1406 2610 quod
1428 2576 1456 2602 in
1479 2576 1570 2603 animo
1592 2581 1642 2601 suo
1659 2571 1799 2606 agitabant

1011 2622 1141 2654 celantes,
1158 2621 1347 2656 signiﬁcat-unt
1367 2621 1399 2648 ad
1419 2621 1557 2648 Gubazem
1571 2625 1653 2654 quam
1667 2615 1800 2643 citissime

819 2712 935 2739 VARle
954 2712 1158 2741 LECTIONES.

205 2789 228 2804 "
244 2789 415 2825 ὑπέστρεφον
433 2789 465 2818 Β,
482 2789 671 2825 ὑπερῤώννυον
683 2790 714 2817 Π.

766 2790 941 2828 ⁸¹ἓέχθοςυῐὶ
964 2791 1050 2828 lingit,
1065 2800 1119 2828 mg,
1142 2796 1178 2828 ret
1192 2793 1266 2825 Par.,
1284 2782 1472 2828 ἀχθοςγιιιιεᾶ.
1492 2789 1588 2828 et‘ed.
1616 2795 1648 2823 pr

1707 2785 1733 2801 ιε
1766 2795 1799 2822 γε

165 2825 268 2863 ᾳὺτρὺς
279 2821 360 2863 Βιτε
372 2821 473 2863 "aereo;
487 2821 559 2861 vulg:
597 2825 620 2863 ἰζ
637 2826 714 2863 (ζῦδεν
729 2824 762 2852 ῐί.
776 2842 779 2845 ι
800 2821 953 2863 ⁸⁸”μέδεζων
974 2821 1020 2863 ﬂ:
1044 2827 1066 2843 ⁸⁵
1084 2821 1124 2862 τνῴ
1138 2827 1200 2862 βασ.
1219 2821 1509 2863 ).alip."ll,')._105.__~.tp
1527 2825 1589 2863 βας.
1612 2821 1687 2863 iulg.
1728 2821 1751 2838 '°
1770 2821 1799 2856 ἐς

163 2859 290 2890 ἐκείνους
307 2859 338 2886 Β.
390 2861 413 2876 ⁸³
425 2861 499 2896 πάσῃ
516 2859 623 2896 μῖηχανῇ
642 2860 674 2891 Β,
695 2861 777 2895 intpr.
792 2859 883 2896 quovis
899 2867 963 2894 arte,

163 2895 190 2931 ",3
207 2896 378 2930 σημήναντος
391 2895 412 2922 B
428 2896 502 2931 (CL),
516 2896 685 2930 σημάναντος
700 2898 771 2929 vnlg.
786 2896 862 2923 οὐδὲν
877 2896 916 2923 ὅτι
931 2896 963 2924 Β.

390 2861 413 2898 :1
425 2861 499 2898 πάσῃ
516 2860 623 2898 μηχανῇ
642 2860 674 2891 Β,
695 2861 777 2895 intpr.
792 2861 883 2898 quovis
899 2867 966 2898 arte,
982 2861 1056 2897 πάσῃ
1067 2860 1278 2898 ,φυλακῇγνυιεᾙ
1319 2863 1341 2878 ⁸¹

1369 2859 1413 2887 οὖν
1426 2858 1500 2887 addi
1514 2858 1546 2887 ex
1564 2858 1596 2892 Β,
1612 2858 1685 2894 intpr
1725 2865 1799 2894 ergo.

1012 2898 1035 2913 δ’
1045 2897 1095 2924 ἤδη
1112 2905 1167 2925 οιιι.
1185 2897 1206 2923 R
