  <div class='ocr_page' id='page_1' title='image "/cluster/home/n/w/nwhite01/storage/ocr_20150623/88/coo.31924054869924/722.png"; bbox 0 0 4060 6420; ppageno 0'>
   <div class='ocr_carea' id='block_1_1' title="bbox 317 347 445 416">
    <p class='ocr_par' dir='ltr' id='par_1_1' title="bbox 317 347 445 416">
     <span class='ocr_line' id='line_1_1' title="bbox 317 347 445 416; baseline 0.016 -2"><span class='ocrx_word' id='word_1_1' title='bbox 317 347 445 416; x_wconf 66' lang='lat' dir='ltr'><strong>T409</strong></span> 
     </span>
    </p>
   </div>
   <div class='ocr_carea' id='block_1_2' title="bbox 1443 354 2402 420">
    <p class='ocr_par' dir='ltr' id='par_1_2' title="bbox 1443 354 2402 420">
     <span class='ocr_line' id='line_1_2' title="bbox 1443 354 2402 420; baseline 0 -1"><span class='ocrx_word' id='word_1_2' title='bbox 1443 354 1986 420; x_wconf 80' lang='lat' dir='ltr'><strong>HISTORIARUM</strong></span> <span class='ocrx_word' id='word_1_3' title='bbox 2033 355 2264 417; x_wconf 85' lang='lat' dir='ltr'><strong>LIBER</strong></span> <span class='ocrx_word' id='word_1_4' title='bbox 2287 358 2402 420; x_wconf 86' lang='lat' dir='ltr'>III.</span> 
     </span>
    </p>
   </div>
   <div class='ocr_carea' id='block_1_3' title="bbox 3421 362 3561 428">
    <p class='ocr_par' dir='ltr' id='par_1_3' title="bbox 3421 362 3561 428">
     <span class='ocr_line' id='line_1_3' title="bbox 3421 362 3561 428; baseline 0.021 -3"><span class='ocrx_word' id='word_1_5' title='bbox 3421 362 3561 428; x_wconf 61' lang='grc'><strong>1410</strong></span> 
     </span>
    </p>
   </div>
   <div class='ocr_carea' id='block_1_4' title="bbox 316 459 1896 544">
    <p class='ocr_par' dir='ltr' id='par_1_4' title="bbox 316 465 1883 542">
     <span class='ocr_line' id='line_1_4' title="bbox 316 465 1883 542; baseline -0.01 -10"><span class='ocrx_word' id='word_1_6' title='bbox 316 481 453 534; x_wconf 74' lang='grc' dir='ltr'>Ρουνν</span> <span class='ocrx_word' id='word_1_7' title='bbox 488 465 584 518; x_wconf 64' lang='grc' dir='ltr'><strong>καὶ</strong></span> <span class='ocrx_word' id='word_1_8' title='bbox 613 466 898 538; x_wconf 71' lang='grc' dir='ltr'>ξυμφορὰν</span> <span class='ocrx_word' id='word_1_9' title='bbox 932 469 994 522; x_wconf 79' lang='grc' dir='ltr'>τὸ</span> <span class='ocrx_word' id='word_1_10' title='bbox 1029 470 1274 542; x_wconf 79' lang='grc' dir='ltr'>πραχθὲν</span> <span class='ocrx_word' id='word_1_11' title='bbox 1319 469 1620 532; x_wconf 89' lang='grc' dir='ltr'>ἐποιοῦντο,</span> <span class='ocrx_word' id='word_1_12' title='bbox 1653 466 1883 539; x_wconf 82' lang='grc' dir='ltr'>ἡσυχίαν</span> 
     </span>
    </p>
   </div>
   <div class='ocr_carea' id='block_1_5' title="bbox 1998 459 3564 544">
    <p class='ocr_par' dir='ltr' id='par_1_5' title="bbox 1998 459 3564 544">
     <span class='ocr_line' id='line_1_5' title="bbox 1998 459 3564 544; baseline 0.008 -25"><span class='ocrx_word' id='word_1_13' title='bbox 1998 459 2251 533; x_wconf 82' lang='lat' dir='ltr'><strong>ferebant,</strong></span> <span class='ocrx_word' id='word_1_14' title='bbox 2307 477 2360 522; x_wconf 89' lang='lat' dir='ltr'><strong>et</strong></span> <span class='ocrx_word' id='word_1_15' title='bbox 2388 477 2543 523; x_wconf 79' lang='lat' dir='ltr'><strong>atrox</strong></span> <span class='ocrx_word' id='word_1_16' title='bbox 2602 465 2816 526; x_wconf 85' lang='lat' dir='ltr'><strong>facinus</strong></span> <span class='ocrx_word' id='word_1_17' title='bbox 2870 486 2992 526; x_wconf 91' lang='lat' dir='ltr'><strong>esse</strong></span> <span class='ocrx_word' id='word_1_18' title='bbox 3043 473 3362 540; x_wconf 86' lang='lat' dir='ltr'><strong>censebant;</strong></span> <span class='ocrx_word' id='word_1_19' title='bbox 3395 468 3564 544; x_wconf 82' lang='lat' dir='ltr'><strong>quieti</strong></span> 
     </span>
    </p>
   </div>
   <div class='ocr_carea' id='block_1_6' title="bbox 311 549 1883 630">
    <p class='ocr_par' dir='ltr' id='par_1_6' title="bbox 311 549 1883 630">
     <span class='ocr_line' id='line_1_6' title="bbox 311 549 1883 630; baseline 0.001 -22"><span class='ocrx_word' id='word_1_20' title='bbox 311 556 360 608; x_wconf 78' lang='grc' dir='ltr'>δὲ</span> <span class='ocrx_word' id='word_1_21' title='bbox 380 556 533 625; x_wconf 73' lang='grc' dir='ltr'>ὅμως</span> <span class='ocrx_word' id='word_1_22' title='bbox 558 549 716 626; x_wconf 83' lang='grc' dir='ltr'>ἦγον,</span> <span class='ocrx_word' id='word_1_23' title='bbox 762 558 998 629; x_wconf 82' lang='grc' dir='ltr'>οἰόμενοι</span> <span class='ocrx_word' id='word_1_24' title='bbox 1037 560 1264 630; x_wconf 82' lang='grc' dir='ltr'><strong>βασιλέα</strong></span> <span class='ocrx_word' id='word_1_25' title='bbox 1301 559 1677 612; x_wconf 83' lang='grc' dir='ltr'>Ἰουστινιανόν</span> <span class='ocrx_word' id='word_1_26' title='bbox 1708 559 1883 612; x_wconf 85' lang='grc' dir='ltr'>ταῦτα</span> 
     </span>
    </p>
   </div>
   <div class='ocr_carea' id='block_1_7' title="bbox 314 646 1883 720">
    <p class='ocr_par' dir='ltr' id='par_1_7' title="bbox 314 646 1883 720">
     <span class='ocr_line' id='line_1_7' title="bbox 314 646 1883 720; baseline 0.002 -23"><span class='ocrx_word' id='word_1_27' title='bbox 314 646 491 714; x_wconf 79' lang='grc' dir='ltr'>σαφῶς</span> <span class='ocrx_word' id='word_1_28' title='bbox 521 647 846 702; x_wconf 74' lang='grc' dir='ltr'>ἐπιστεῖλαι.</span> <span class='ocrx_word' id='word_1_29' title='bbox 892 649 951 701; x_wconf 77' lang='grc' dir='ltr'>Ὀ</span> <span class='ocrx_word' id='word_1_30' title='bbox 983 650 1041 703; x_wconf 79' lang='grc' dir='ltr'>δὲ</span> <span class='ocrx_word' id='word_1_31' title='bbox 1086 652 1197 706; x_wconf 85' lang='grc' dir='ltr'><strong>τῶν</strong></span> <span class='ocrx_word' id='word_1_32' title='bbox 1244 651 1440 715; x_wconf 80' lang='grc' dir='ltr'>Λαζῶν</span> <span class='ocrx_word' id='word_1_33' title='bbox 1487 651 1677 720; x_wconf 84' lang='grc' dir='ltr'>ὅμιλος</span> <span class='ocrx_word' id='word_1_34' title='bbox 1703 649 1883 701; x_wconf 86' lang='grc' dir='ltr'>διετα-</span> 
     </span>
    </p>
   </div>
   <div class='ocr_carea' id='block_1_8' title="bbox 315 734 1884 812">
    <p class='ocr_par' dir='ltr' id='par_1_8' title="bbox 315 734 1884 812">
     <span class='ocr_line' id='line_1_8' title="bbox 315 734 1884 812; baseline 0.004 -26"><span class='ocrx_word' id='word_1_35' title='bbox 315 734 479 805; x_wconf 81' lang='grc' dir='ltr'>ράχθη</span> <span class='ocrx_word' id='word_1_36' title='bbox 504 752 566 787; x_wconf 90' lang='grc' dir='ltr'><strong>τε</strong></span> <span class='ocrx_word' id='word_1_37' title='bbox 608 736 777 803; x_wconf 73' lang='grc' dir='ltr'>ἄπας,</span> <span class='ocrx_word' id='word_1_38' title='bbox 811 739 908 792; x_wconf 76' lang='grc' dir='ltr'><strong>καὶ</strong></span> <span class='ocrx_word' id='word_1_39' title='bbox 939 740 1210 812; x_wconf 78' lang='grc' dir='ltr'>δυσθυμία</span> <span class='ocrx_word' id='word_1_40' title='bbox 1253 742 1592 810; x_wconf 84' lang='grc' dir='ltr'><strong>κατείχοντο,</strong></span> <span class='ocrx_word' id='word_1_41' title='bbox 1647 740 1723 802; x_wconf 84' lang='grc' dir='ltr'><strong>ὡς</strong></span> <span class='ocrx_word' id='word_1_42' title='bbox 1752 739 1884 808; x_wconf 77' lang='grc' dir='ltr'>μηδέ</span> 
     </span>
    </p>
   </div>
   <div class='ocr_carea' id='block_1_9' title="bbox 311 827 1885 905">
    <p class='ocr_par' dir='ltr' id='par_1_9' title="bbox 311 827 1885 905">
     <span class='ocr_line' id='line_1_9' title="bbox 311 827 1885 905; baseline 0.005 -27"><span class='ocrx_word' id='word_1_43' title='bbox 311 827 714 898; x_wconf 68' lang='grc' dir='ltr'><strong>ἀναμίγνυσθαι</strong></span> <span class='ocrx_word' id='word_1_44' title='bbox 753 831 1005 886; x_wconf 85' lang='grc' dir='ltr'>τολοιπὸν</span> <span class='ocrx_word' id='word_1_45' title='bbox 1054 837 1168 898; x_wconf 79' lang='grc' dir='ltr'>τοῖς</span> <span class='ocrx_word' id='word_1_46' title='bbox 1209 834 1538 905; x_wconf 82' lang='grc' dir='ltr'>Ῥωμαίοις,</span> <span class='ocrx_word' id='word_1_47' title='bbox 1590 834 1726 904; x_wconf 84' lang='grc' dir='ltr'>μήτε</span> <span class='ocrx_word' id='word_1_48' title='bbox 1764 833 1885 896; x_wconf 84' lang='grc' dir='ltr'>ξυν-</span> 
     </span>
    </p>
   </div>
   <div class='ocr_carea' id='block_1_10' title="bbox 310 922 1884 1001">
    <p class='ocr_par' dir='ltr' id='par_1_10' title="bbox 310 922 1884 1001">
     <span class='ocr_line' id='line_1_10' title="bbox 310 922 1884 1001; baseline 0.003 -26"><span class='ocrx_word' id='word_1_49' title='bbox 310 924 723 993; x_wconf 84' lang='grc' dir='ltr'>επιστρατεύειν</span> <span class='ocrx_word' id='word_1_50' title='bbox 765 925 1068 996; x_wconf 80' lang='grc' dir='ltr'>αἱρεῖσθαι,</span> <span class='ocrx_word' id='word_1_51' title='bbox 1093 928 1229 981; x_wconf 69' lang='grc' dir='ltr'>ἀλλὰ</span> <span class='ocrx_word' id='word_1_52' title='bbox 1259 928 1351 982; x_wconf 81' lang='grc' dir='ltr'>τὸν</span> <span class='ocrx_word' id='word_1_53' title='bbox 1381 927 1572 998; x_wconf 77' lang='grc' dir='ltr'>νεκρὸν</span> <span class='ocrx_word' id='word_1_54' title='bbox 1602 927 1648 959; x_wconf 83' lang='grc'><strong><em>⁶⁶</em></strong></span> <span class='ocrx_word' id='word_1_55' title='bbox 1738 928 1884 981; x_wconf 83' lang='grc' dir='ltr'>νενό-</span> 
     </span>
    </p>
   </div>
   <div class='ocr_carea' id='block_1_11' title="bbox 311 1015 1882 1090">
    <p class='ocr_par' dir='ltr' id='par_1_11' title="bbox 311 1015 1882 1090">
     <span class='ocr_line' id='line_1_11' title="bbox 311 1015 1882 1090; baseline 0.003 -24"><span class='ocrx_word' id='word_1_56' title='bbox 311 1031 494 1084; x_wconf 88' lang='grc' dir='ltr'>μισται</span> <span class='ocrx_word' id='word_1_57' title='bbox 523 1015 967 1086; x_wconf 81' lang='grc' dir='ltr'><strong>καταχώσαντες,</strong></span> <span class='ocrx_word' id='word_1_58' title='bbox 999 1018 1194 1089; x_wconf 76' lang='grc' dir='ltr'>έμενον</span> <span class='ocrx_word' id='word_1_59' title='bbox 1233 1019 1376 1073; x_wconf 77' lang='grc' dir='ltr'><strong>όῦτω</strong></span> <span class='ocrx_word' id='word_1_60' title='bbox 1397 1019 1695 1090; x_wconf 76' lang='grc' dir='ltr'><strong>ἀπόμαχοι,</strong></span> <span class='ocrx_word' id='word_1_61' title='bbox 1721 1020 1794 1083; x_wconf 81' lang='grc' dir='ltr'><strong>ὡς</strong></span> <span class='ocrx_word' id='word_1_62' title='bbox 1819 1019 1882 1090; x_wconf 80' lang='grc' dir='ltr'>δὴ</span> 
     </span>
    </p>
   </div>
   <div class='ocr_carea' id='block_1_12' title="bbox 305 1105 1883 1182">
    <p class='ocr_par' dir='ltr' id='par_1_12' title="bbox 305 1105 1883 1182">
     <span class='ocr_line' id='line_1_12' title="bbox 305 1105 1883 1182; baseline 0.003 -24"><span class='ocrx_word' id='word_1_63' title='bbox 305 1105 454 1160; x_wconf 81' lang='grc' dir='ltr'>δεινὰ</span> <span class='ocrx_word' id='word_1_64' title='bbox 489 1106 814 1179; x_wconf 82' lang='grc' dir='ltr'>ὑϐρισμένοι</span> <span class='ocrx_word' id='word_1_65' title='bbox 859 1111 954 1164; x_wconf 76' lang='grc' dir='ltr'><strong>καὶ</strong></span> <span class='ocrx_word' id='word_1_66' title='bbox 973 1109 1074 1181; x_wconf 80' lang='grc' dir='ltr'>τὴν</span> <span class='ocrx_word' id='word_1_67' title='bbox 1121 1113 1353 1182; x_wconf 87' lang='grc' dir='ltr'>πάτριον</span> <span class='ocrx_word' id='word_1_68' title='bbox 1380 1111 1538 1177; x_wconf 83' lang='grc' dir='ltr'>δόξαν</span> <span class='ocrx_word' id='word_1_69' title='bbox 1575 1110 1883 1181; x_wconf 77' lang='grc' dir='ltr'>ἀποσεόλη-</span> 
     </span>
    </p>
   </div>
   <div class='ocr_carea' id='block_1_13' title="bbox 306 1197 485 1262">
    <p class='ocr_par' dir='ltr' id='par_1_13' title="bbox 306 1197 485 1262">
     <span class='ocr_line' id='line_1_13' title="bbox 306 1197 485 1262; baseline 0.011 -13"><span class='ocrx_word' id='word_1_70' title='bbox 306 1197 485 1262; x_wconf 88' lang='grc' dir='ltr'>κότες.</span> 
     </span>
    </p>
   </div>
   <div class='ocr_carea' id='block_1_14' title="bbox 379 1377 1887 1453">
    <p class='ocr_par' dir='ltr' id='par_1_14' title="bbox 379 1377 1887 1453">
     <span class='ocr_line' id='line_1_14' title="bbox 379 1377 1887 1453; baseline 0.003 -24"><span class='ocrx_word' id='word_1_71' title='bbox 379 1384 441 1430; x_wconf 83' lang='grc' dir='ltr'><strong>ε’-.</strong></span> <span class='ocrx_word' id='word_1_72' title='bbox 484 1377 816 1446; x_wconf 79' lang='grc' dir='ltr'>Μέγιστον⁶⁷</span> <span class='ocrx_word' id='word_1_73' title='bbox 859 1379 968 1451; x_wconf 85' lang='grc' dir='ltr'>γὰρ</span> <span class='ocrx_word' id='word_1_74' title='bbox 1007 1379 1160 1444; x_wconf 75' lang='grc' dir='ltr'>ἔθνος</span> <span class='ocrx_word' id='word_1_75' title='bbox 1203 1381 1298 1434; x_wconf 71' lang='grc' dir='ltr'><strong>καὶ</strong></span> <span class='ocrx_word' id='word_1_76' title='bbox 1332 1381 1610 1453; x_wconf 82' lang='grc' dir='ltr'><strong>ἀγέρωχον</strong></span> <span class='ocrx_word' id='word_1_77' title='bbox 1643 1383 1690 1434; x_wconf 86' lang='grc' dir='ltr'>οἱ</span> <span class='ocrx_word' id='word_1_78' title='bbox 1720 1381 1887 1447; x_wconf 60' lang='grc' dir='ltr'>Λαζοί</span> 
     </span>
    </p>
   </div>
   <div class='ocr_carea' id='block_1_15' title="bbox 304 1470 1888 1544">
    <p class='ocr_par' dir='ltr' id='par_1_15' title="bbox 304 1470 1888 1544">
     <span class='ocr_line' id='line_1_15' title="bbox 304 1470 1888 1544; baseline 0.001 -19"><span class='ocrx_word' id='word_1_79' title='bbox 304 1471 398 1525; x_wconf 82' lang='grc' dir='ltr'>καὶ</span> <span class='ocrx_word' id='word_1_80' title='bbox 432 1470 710 1540; x_wconf 79' lang='grc' dir='ltr'><strong>μεγίστων</strong></span> <span class='ocrx_word' id='word_1_81' title='bbox 756 1471 932 1525; x_wconf 74' lang='grc' dir='ltr'>ἄλλων</span> <span class='ocrx_word' id='word_1_82' title='bbox 979 1471 1272 1542; x_wconf 79' lang='grc' dir='ltr'><strong>κρατοῦσι,</strong></span> <span class='ocrx_word' id='word_1_83' title='bbox 1322 1473 1400 1543; x_wconf 82' lang='grc' dir='ltr'><strong>τῷ</strong></span> <span class='ocrx_word' id='word_1_84' title='bbox 1430 1490 1488 1525; x_wconf 87' lang='grc' dir='ltr'><strong>τε</strong></span> <span class='ocrx_word' id='word_1_85' title='bbox 1523 1473 1737 1544; x_wconf 81' lang='grc' dir='ltr'>παλαιῷ</span> <span class='ocrx_word' id='word_1_86' title='bbox 1780 1475 1888 1526; x_wconf 86' lang='grc' dir='ltr'><strong>τῶν</strong></span> 
     </span>
    </p>
   </div>
   <div class='ocr_carea' id='block_1_16' title="bbox 301 1563 1887 1638">
    <p class='ocr_par' dir='ltr' id='par_1_16' title="bbox 301 1563 1887 1638">
     <span class='ocr_line' id='line_1_16' title="bbox 301 1563 1887 1638; baseline 0 -19"><span class='ocrx_word' id='word_1_87' title='bbox 301 1564 530 1633; x_wconf 82' lang='grc' dir='ltr'><strong>Κόλχων</strong></span> <span class='ocrx_word' id='word_1_88' title='bbox 553 1563 784 1631; x_wconf 84' lang='grc' dir='ltr'>ὀνόματι</span> <span class='ocrx_word' id='word_1_89' title='bbox 813 1564 1198 1636; x_wconf 80' lang='grc' dir='ltr'><strong>βρενθυόμενοι</strong></span> <span class='ocrx_word' id='word_1_90' title='bbox 1234 1568 1377 1638; x_wconf 82' lang='grc' dir='ltr'>πέρα</span> <span class='ocrx_word' id='word_1_91' title='bbox 1401 1565 1496 1619; x_wconf 88' lang='grc' dir='ltr'><strong>τοῦ</strong></span> <span class='ocrx_word' id='word_1_92' title='bbox 1536 1567 1756 1638; x_wconf 76' lang='grc' dir='ltr'>μετρίου</span> <span class='ocrx_word' id='word_1_93' title='bbox 1791 1584 1887 1637; x_wconf 85' lang='grc' dir='ltr'>με·</span> 
     </span>
    </p>
   </div>
   <div class='ocr_carea' id='block_1_17' title="bbox 300 1655 1890 1728">
    <p class='ocr_par' dir='ltr' id='par_1_17' title="bbox 300 1655 1890 1728">
     <span class='ocr_line' id='line_1_17' title="bbox 300 1655 1890 1728; baseline 0.001 -20"><span class='ocrx_word' id='word_1_94' title='bbox 300 1655 643 1726; x_wconf 76' lang='grc' dir='ltr'>γαλαυχοῦσι</span> <span class='ocrx_word' id='word_1_95' title='bbox 662 1656 728 1722; x_wconf 78' lang='grc'>⁸⁸,</span> <span class='ocrx_word' id='word_1_96' title='bbox 756 1659 850 1710; x_wconf 75' lang='grc' dir='ltr'>καὶ</span> <span class='ocrx_word' id='word_1_97' title='bbox 877 1658 1017 1728; x_wconf 78' lang='grc' dir='ltr'>τάχα</span> <span class='ocrx_word' id='word_1_98' title='bbox 1041 1659 1102 1712; x_wconf 87' lang='grc' dir='ltr'><strong>οὐ</strong></span> <span class='ocrx_word' id='word_1_99' title='bbox 1127 1659 1245 1712; x_wconf 89' lang='grc' dir='ltr'>λίαν</span> <span class='ocrx_word' id='word_1_100' title='bbox 1271 1660 1499 1727; x_wconf 79' lang='grc' dir='ltr'><strong>ἀλόγως.</strong></span> <span class='ocrx_word' id='word_1_101' title='bbox 1537 1661 1625 1712; x_wconf 83' lang='grc' dir='ltr'>Ἐν</span> <span class='ocrx_word' id='word_1_102' title='bbox 1651 1660 1756 1728; x_wconf 80' lang='grc' dir='ltr'>γὰρ</span> <span class='ocrx_word' id='word_1_103' title='bbox 1777 1660 1890 1722; x_wconf 84' lang='grc' dir='ltr'>τοῖς</span> 
     </span>
    </p>
   </div>
   <div class='ocr_carea' id='block_1_18' title="bbox 299 1750 1885 1821">
    <p class='ocr_par' dir='ltr' id='par_1_18' title="bbox 299 1750 1885 1821">
     <span class='ocr_line' id='line_1_18' title="bbox 299 1750 1885 1821; baseline 0.001 -18"><span class='ocrx_word' id='word_1_104' title='bbox 299 1750 483 1804; x_wconf 80' lang='grc' dir='ltr'>ἔθνεσι</span> <span class='ocrx_word' id='word_1_105' title='bbox 512 1753 629 1814; x_wconf 83' lang='grc' dir='ltr'>τοῖς</span> <span class='ocrx_word' id='word_1_106' title='bbox 665 1751 766 1804; x_wconf 82' lang='grc' dir='ltr'><strong>ὅσα</strong></span> <span class='ocrx_word' id='word_1_107' title='bbox 811 1751 902 1819; x_wconf 81' lang='grc' dir='ltr'><strong>ὑφ’</strong></span> <span class='ocrx_word' id='word_1_108' title='bbox 948 1751 1141 1818; x_wconf 79' lang='grc' dir='ltr'>ἑτέραν</span> <span class='ocrx_word' id='word_1_109' title='bbox 1159 1752 1203 1785; x_wconf 85' lang='grc'>⁶⁹</span> <span class='ocrx_word' id='word_1_110' title='bbox 1249 1751 1527 1821; x_wconf 84' lang='grc' dir='ltr'>βασιλείαν</span> <span class='ocrx_word' id='word_1_111' title='bbox 1571 1752 1885 1820; x_wconf 87' lang='grc' dir='ltr'>τετάχαται,</span> 
     </span>
    </p>
   </div>
   <div class='ocr_carea' id='block_1_19' title="bbox 298 1838 1886 1912">
    <p class='ocr_par' dir='ltr' id='par_1_19' title="bbox 298 1838 1886 1912">
     <span class='ocr_line' id='line_1_19' title="bbox 298 1838 1886 1912; baseline 0.003 -19"><span class='ocrx_word' id='word_1_112' title='bbox 298 1843 402 1895; x_wconf 74' lang='grc' dir='ltr'><strong>οὐκ</strong></span> <span class='ocrx_word' id='word_1_113' title='bbox 420 1838 540 1896; x_wconf 79' lang='grc' dir='ltr'>οῖδα.</span> <span class='ocrx_word' id='word_1_114' title='bbox 555 1842 734 1911; x_wconf 80' lang='grc' dir='ltr'>ἔγωγε</span> <span class='ocrx_word' id='word_1_115' title='bbox 763 1843 894 1896; x_wconf 79' lang='grc' dir='ltr'>ἄλλο</span> <span class='ocrx_word' id='word_1_116' title='bbox 911 1841 1053 1896; x_wconf 80' lang='grc' dir='ltr'>οὕτω</span> <span class='ocrx_word' id='word_1_117' title='bbox 1073 1843 1282 1898; x_wconf 84' lang='grc' dir='ltr'>κλεινόν</span> <span class='ocrx_word' id='word_1_118' title='bbox 1303 1861 1406 1896; x_wconf 87' lang='grc' dir='ltr'><strong>που</strong></span> <span class='ocrx_word' id='word_1_119' title='bbox 1431 1844 1594 1912; x_wconf 89' lang='grc' dir='ltr'>φῦλον</span> <span class='ocrx_word' id='word_1_120' title='bbox 1612 1844 1658 1876; x_wconf 75' lang='grc'><strong>⁷⁵</strong></span> <span class='ocrx_word' id='word_1_121' title='bbox 1681 1845 1774 1896; x_wconf 77' lang='grc' dir='ltr'><strong>καὶ</strong></span> <span class='ocrx_word' id='word_1_122' title='bbox 1797 1847 1886 1897; x_wconf 86' lang='grc' dir='ltr'>εύ-</span> 
     </span>
    </p>
   </div>
   <div class='ocr_carea' id='block_1_20' title="bbox 311 1933 1883 2006">
    <p class='ocr_par' dir='ltr' id='par_1_20' title="bbox 311 1933 1883 2006">
     <span class='ocr_line' id='line_1_20' title="bbox 311 1933 1883 2006; baseline 0.001 -20"><span class='ocrx_word' id='word_1_123' title='bbox 311 1933 532 2005; x_wconf 82' lang='grc' dir='ltr'>δαῖμον,</span> <span class='ocrx_word' id='word_1_124' title='bbox 566 1934 802 1988; x_wconf 85' lang='grc' dir='ltr'>πλούτου</span> <span class='ocrx_word' id='word_1_125' title='bbox 837 1952 895 1986; x_wconf 90' lang='grc' dir='ltr'><strong>τε</strong></span> <span class='ocrx_word' id='word_1_126' title='bbox 921 1934 1194 2006; x_wconf 77' lang='grc' dir='ltr'>ὑπερϐολῇ</span> <span class='ocrx_word' id='word_1_127' title='bbox 1231 1936 1326 1988; x_wconf 72' lang='grc' dir='ltr'>καὶ</span> <span class='ocrx_word' id='word_1_128' title='bbox 1352 1935 1546 2006; x_wconf 80' lang='grc' dir='ltr'>πλήθει</span> <span class='ocrx_word' id='word_1_129' title='bbox 1577 1937 1883 2004; x_wconf 73' lang='grc' dir='ltr'><strong>κατηκόων,</strong></span> 
     </span>
    </p>
   </div>
   <div class='ocr_carea' id='block_1_21' title="bbox 303 2027 1888 2098">
    <p class='ocr_par' dir='ltr' id='par_1_21' title="bbox 303 2027 1888 2098">
     <span class='ocr_line' id='line_1_21' title="bbox 303 2027 1888 2098; baseline 0.001 -20"><span class='ocrx_word' id='word_1_130' title='bbox 303 2027 490 2080; x_wconf 87' lang='grc' dir='ltr'>τόπων</span> <span class='ocrx_word' id='word_1_131' title='bbox 513 2044 572 2080; x_wconf 89' lang='grc' dir='ltr'><strong>τε</strong></span> <span class='ocrx_word' id='word_1_132' title='bbox 597 2027 856 2098; x_wconf 70' lang='grc' dir='ltr'>εὐκαιρίᾳ</span> <span class='ocrx_word' id='word_1_133' title='bbox 885 2027 981 2080; x_wconf 68' lang='grc' dir='ltr'>καὶ</span> <span class='ocrx_word' id='word_1_134' title='bbox 1005 2027 1235 2096; x_wconf 76' lang='grc' dir='ltr'>ἀφθονίᾳ</span> <span class='ocrx_word' id='word_1_135' title='bbox 1273 2027 1382 2079; x_wconf 83' lang='grc' dir='ltr'><strong>τῶν</strong></span> <span class='ocrx_word' id='word_1_136' title='bbox 1419 2027 1757 2098; x_wconf 71' lang='grc' dir='ltr'><strong>ἐπιτηδείων,</strong></span> <span class='ocrx_word' id='word_1_137' title='bbox 1792 2027 1888 2080; x_wconf 79' lang='grc' dir='ltr'>καὶ</span> 
     </span>
    </p>
   </div>
   <div class='ocr_carea' id='block_1_22' title="bbox 315 2119 1886 2192">
    <p class='ocr_par' dir='ltr' id='par_1_22' title="bbox 315 2119 1886 2192">
     <span class='ocr_line' id='line_1_22' title="bbox 315 2119 1886 2192; baseline -0.001 -20"><span class='ocrx_word' id='word_1_138' title='bbox 315 2122 388 2190; x_wconf 81' lang='grc' dir='ltr'>τῇ</span> <span class='ocrx_word' id='word_1_139' title='bbox 435 2121 545 2174; x_wconf 81' lang='grc' dir='ltr'>τῶν</span> <span class='ocrx_word' id='word_1_140' title='bbox 589 2119 734 2189; x_wconf 69' lang='grc' dir='ltr'>ἠθῶν</span> <span class='ocrx_word' id='word_1_141' title='bbox 785 2121 1054 2191; x_wconf 76' lang='grc' dir='ltr'>εὐκοσμίᾳ</span> <span class='ocrx_word' id='word_1_142' title='bbox 1086 2135 1144 2172; x_wconf 85' lang='grc' dir='ltr'><strong>τε</strong></span> <span class='ocrx_word' id='word_1_143' title='bbox 1191 2121 1285 2172; x_wconf 71' lang='grc' dir='ltr'>καὶ</span> <span class='ocrx_word' id='word_1_144' title='bbox 1313 2120 1601 2192; x_wconf 78' lang='grc' dir='ltr'>δεξιότητι.</span> <span class='ocrx_word' id='word_1_145' title='bbox 1640 2120 1886 2174; x_wconf 59' lang='lat' dir='ltr'><strong>K7110!-</strong></span> 
     </span>
    </p>
   </div>
   <div class='ocr_carea' id='block_1_23' title="bbox 308 2213 1888 2284">
    <p class='ocr_par' dir='ltr' id='par_1_23' title="bbox 308 2213 1888 2284">
     <span class='ocr_line' id='line_1_23' title="bbox 308 2213 1888 2284; baseline 0.001 -19"><span class='ocrx_word' id='word_1_146' title='bbox 308 2229 410 2265; x_wconf 86' lang='grc' dir='ltr'><strong>νυν</strong></span> <span class='ocrx_word' id='word_1_147' title='bbox 437 2214 486 2264; x_wconf 77' lang='grc' dir='ltr'>οἱ</span> <span class='ocrx_word' id='word_1_148' title='bbox 525 2213 623 2282; x_wconf 83' lang='grc' dir='ltr'>μὲν</span> <span class='ocrx_word' id='word_1_149' title='bbox 661 2213 891 2266; x_wconf 78' lang='grc' dir='ltr'>πάλαι⁷¹</span> <span class='ocrx_word' id='word_1_150' title='bbox 933 2214 1224 2284; x_wconf 77' lang='grc' dir='ltr'>οἰκήτορες</span> <span class='ocrx_word' id='word_1_151' title='bbox 1250 2213 1359 2266; x_wconf 83' lang='grc' dir='ltr'>τῶν</span> <span class='ocrx_word' id='word_1_152' title='bbox 1397 2215 1460 2266; x_wconf 85' lang='grc' dir='ltr'><strong>ἐκ</strong></span> <span class='ocrx_word' id='word_1_153' title='bbox 1487 2216 1587 2284; x_wconf 75' lang='grc' dir='ltr'>τῆς</span> <span class='ocrx_word' id='word_1_154' title='bbox 1619 2213 1888 2282; x_wconf 78' lang='grc' dir='ltr'>θαλάττης</span> 
     </span>
    </p>
   </div>
   <div class='ocr_carea' id='block_1_24' title="bbox 302 2305 1890 2378">
    <p class='ocr_par' dir='ltr' id='par_1_24' title="bbox 302 2305 1890 2378">
     <span class='ocr_line' id='line_1_24' title="bbox 302 2305 1890 2378; baseline 0.001 -20"><span class='ocrx_word' id='word_1_155' title='bbox 302 2305 533 2371; x_wconf 77' lang='grc' dir='ltr'>ἀγαθῶν</span> <span class='ocrx_word' id='word_1_156' title='bbox 562 2305 807 2373; x_wconf 82' lang='grc' dir='ltr'>ἀγνῶτες</span> <span class='ocrx_word' id='word_1_157' title='bbox 846 2308 1189 2359; x_wconf 81' lang='grc' dir='ltr'>παντάπασιν</span> <span class='ocrx_word' id='word_1_158' title='bbox 1235 2305 1318 2378; x_wconf 86' lang='grc' dir='ltr'><strong>[Ρ.</strong></span> <span class='ocrx_word' id='word_1_159' title='bbox 1349 2305 1440 2378; x_wconf 83' lang='grc' dir='ltr'>7η</span> <span class='ocrx_word' id='word_1_160' title='bbox 1472 2307 1768 2378; x_wconf 80' lang='grc' dir='ltr'>ἐτύγχανον</span> <span class='ocrx_word' id='word_1_161' title='bbox 1804 2307 1890 2360; x_wconf 74' lang='grc' dir='ltr'><strong>ὃν·</strong></span> 
     </span>
    </p>
   </div>
   <div class='ocr_carea' id='block_1_25' title="bbox 298 2394 1887 2470">
    <p class='ocr_par' dir='ltr' id='par_1_25' title="bbox 298 2394 1887 2470">
     <span class='ocr_line' id='line_1_25' title="bbox 298 2394 1887 2470; baseline 0.001 -21"><span class='ocrx_word' id='word_1_162' title='bbox 298 2413 416 2459; x_wconf 83' lang='grc' dir='ltr'>τες,</span> <span class='ocrx_word' id='word_1_163' title='bbox 449 2394 532 2460; x_wconf 71' lang='grc' dir='ltr'>οἷς</span> <span class='ocrx_word' id='word_1_164' title='bbox 564 2414 628 2466; x_wconf 89' lang='grc' dir='ltr'><strong>γε</strong></span> <span class='ocrx_word' id='word_1_165' title='bbox 655 2399 775 2451; x_wconf 81' lang='grc' dir='ltr'><strong>οὐδέ</strong></span> <span class='ocrx_word' id='word_1_166' title='bbox 803 2397 971 2468; x_wconf 70' lang='grc' dir='ltr'>ὄνομα</span> <span class='ocrx_word' id='word_1_167' title='bbox 997 2397 1132 2462; x_wconf 84' lang='grc' dir='ltr'>νεὼς</span> <span class='ocrx_word' id='word_1_168' title='bbox 1163 2398 1411 2468; x_wconf 78' lang='grc' dir='ltr'>ἠκούετο,</span> <span class='ocrx_word' id='word_1_169' title='bbox 1444 2400 1570 2470; x_wconf 86' lang='grc' dir='ltr'>πρίν</span> <span class='ocrx_word' id='word_1_170' title='bbox 1602 2417 1663 2467; x_wconf 87' lang='grc' dir='ltr'><strong>γε</strong></span> <span class='ocrx_word' id='word_1_171' title='bbox 1692 2399 1755 2470; x_wconf 79' lang='grc' dir='ltr'>δὴ</span> <span class='ocrx_word' id='word_1_172' title='bbox 1786 2399 1887 2452; x_wconf 79' lang='grc' dir='ltr'><strong>αὐ-</strong></span> 
     </span>
    </p>
   </div>
   <div class='ocr_carea' id='block_1_26' title="bbox 298 2490 1888 2561">
    <p class='ocr_par' dir='ltr' id='par_1_26' title="bbox 298 2490 1888 2561">
     <span class='ocr_line' id='line_1_26' title="bbox 298 2490 1888 2561; baseline 0.002 -20"><span class='ocrx_word' id='word_1_173' title='bbox 298 2490 417 2552; x_wconf 82' lang='grc' dir='ltr'>τοῖς</span> <span class='ocrx_word' id='word_1_174' title='bbox 449 2490 551 2558; x_wconf 75' lang='grc' dir='ltr'>τὴν</span> <span class='ocrx_word' id='word_1_175' title='bbox 586 2491 768 2561; x_wconf 74' lang='grc' dir='ltr'>Ἀργὼ</span> <span class='ocrx_word' id='word_1_176' title='bbox 812 2490 1024 2560; x_wconf 83' lang='grc' dir='ltr'>ἐκείνην</span> <span class='ocrx_word' id='word_1_177' title='bbox 1064 2491 1435 2560; x_wconf 79' lang='grc' dir='ltr'>ἐπιφοιτῆσαι.</span> <span class='ocrx_word' id='word_1_178' title='bbox 1489 2493 1552 2544; x_wconf 88' lang='grc' dir='ltr'><strong>Οἱ</strong></span> <span class='ocrx_word' id='word_1_179' title='bbox 1585 2493 1640 2545; x_wconf 75' lang='grc' dir='ltr'>δὲ</span> <span class='ocrx_word' id='word_1_180' title='bbox 1675 2491 1767 2545; x_wconf 82' lang='grc' dir='ltr'><strong>νῦν</strong></span> <span class='ocrx_word' id='word_1_181' title='bbox 1794 2492 1888 2544; x_wconf 65' lang='grc' dir='ltr'>καὶ</span> 
     </span>
    </p>
   </div>
   <div class='ocr_carea' id='block_1_27' title="bbox 301 2581 1886 2654">
    <p class='ocr_par' dir='ltr' id='par_1_27' title="bbox 301 2581 1886 2654">
     <span class='ocr_line' id='line_1_27' title="bbox 301 2581 1886 2654; baseline 0.003 -22"><span class='ocrx_word' id='word_1_182' title='bbox 301 2581 683 2635; x_wconf 78' lang='grc' dir='ltr'>ναυτίλλονταί</span> <span class='ocrx_word' id='word_1_183' title='bbox 714 2599 800 2649; x_wconf 88' lang='grc' dir='ltr'><strong>γε,</strong></span> <span class='ocrx_word' id='word_1_184' title='bbox 851 2582 993 2635; x_wconf 72' lang='grc' dir='ltr'>οὕτω</span> <span class='ocrx_word' id='word_1_185' title='bbox 1019 2581 1322 2652; x_wconf 72' lang='grc' dir='ltr'>παρασχὸν,</span> <span class='ocrx_word' id='word_1_186' title='bbox 1363 2583 1459 2637; x_wconf 78' lang='grc' dir='ltr'>καὶ</span> <span class='ocrx_word' id='word_1_187' title='bbox 1486 2584 1556 2637; x_wconf 82' lang='grc' dir='ltr'>τὰ</span> <span class='ocrx_word' id='word_1_188' title='bbox 1583 2584 1683 2654; x_wconf 86' lang='grc' dir='ltr'>τῆς</span> <span class='ocrx_word' id='word_1_189' title='bbox 1714 2587 1886 2654; x_wconf 84' lang='grc' dir='ltr'>ἐμπο-</span> 
     </span>
    </p>
   </div>
   <div class='ocr_carea' id='block_1_28' title="bbox 305 2674 1889 2747">
    <p class='ocr_par' dir='ltr' id='par_1_28' title="bbox 305 2674 1889 2747">
     <span class='ocr_line' id='line_1_28' title="bbox 305 2674 1889 2747; baseline 0.003 -21"><span class='ocrx_word' id='word_1_190' title='bbox 305 2675 432 2746; x_wconf 80' lang='grc' dir='ltr'>ρίας</span> <span class='ocrx_word' id='word_1_191' title='bbox 462 2675 783 2744; x_wconf 73' lang='grc' dir='ltr'>κομίζονται</span> <span class='ocrx_word' id='word_1_192' title='bbox 826 2675 1014 2745; x_wconf 83' lang='grc' dir='ltr'><strong>κέρδη.</strong></span> <span class='ocrx_word' id='word_1_193' title='bbox 1043 2674 1169 2728; x_wconf 76' lang='grc' dir='ltr'>Εἰσί</span> <span class='ocrx_word' id='word_1_194' title='bbox 1211 2692 1269 2728; x_wconf 89' lang='grc' dir='ltr'><strong>τε</strong></span> <span class='ocrx_word' id='word_1_195' title='bbox 1298 2675 1360 2728; x_wconf 82' lang='grc' dir='ltr'>οὗ</span> <span class='ocrx_word' id='word_1_196' title='bbox 1389 2675 1655 2747; x_wconf 73' lang='grc' dir='ltr'>βάρϐαροι</span> <span class='ocrx_word' id='word_1_197' title='bbox 1685 2678 1745 2729; x_wconf 62' lang='grc' dir='ltr'><strong>τήν</strong></span> <span class='ocrx_word' id='word_1_198' title='bbox 1778 2678 1889 2731; x_wconf 83' lang='grc' dir='ltr'>λοι-</span> 
     </span>
    </p>
   </div>
   <div class='ocr_carea' id='block_1_29' title="bbox 304 2767 1892 2837">
    <p class='ocr_par' dir='ltr' id='par_1_29' title="bbox 304 2767 1892 2837">
     <span class='ocr_line' id='line_1_29' title="bbox 304 2767 1892 2837; baseline 0.003 -17"><span class='ocrx_word' id='word_1_199' title='bbox 304 2767 432 2828; x_wconf 75' lang='grc' dir='ltr'>πὸν,</span> <span class='ocrx_word' id='word_1_200' title='bbox 468 2767 591 2820; x_wconf 78' lang='grc' dir='ltr'>οὐδὲ</span> <span class='ocrx_word' id='word_1_201' title='bbox 631 2767 835 2820; x_wconf 71' lang='grc' dir='ltr'>οῦτωπ</span> <span class='ocrx_word' id='word_1_202' title='bbox 868 2768 1222 2837; x_wconf 80' lang='grc' dir='ltr'>βιοτεύουσιν,</span> <span class='ocrx_word' id='word_1_203' title='bbox 1263 2769 1376 2823; x_wconf 85' lang='grc' dir='ltr'>ἀλλ’</span> <span class='ocrx_word' id='word_1_204' title='bbox 1404 2771 1462 2833; x_wconf 85' lang='grc' dir='ltr'><strong>ἐς</strong></span> <span class='ocrx_word' id='word_1_205' title='bbox 1509 2771 1569 2824; x_wconf 82' lang='grc' dir='ltr'><strong>τὸ</strong></span> <span class='ocrx_word' id='word_1_206' title='bbox 1615 2771 1892 2824; x_wconf 83' lang='grc' dir='ltr'>πολιτικόν</span> 
     </span>
    </p>
   </div>
   <div class='ocr_carea' id='block_1_30' title="bbox 302 2859 1892 2933">
    <p class='ocr_par' dir='ltr' id='par_1_30' title="bbox 302 2859 1892 2933">
     <span class='ocr_line' id='line_1_30' title="bbox 302 2859 1892 2933; baseline 0.003 -23"><span class='ocrx_word' id='word_1_207' title='bbox 302 2873 368 2911; x_wconf 80' lang='grc' dir='ltr'><strong>τε</strong></span> <span class='ocrx_word' id='word_1_208' title='bbox 401 2859 494 2912; x_wconf 73' lang='grc' dir='ltr'><strong>καὶ</strong></span> <span class='ocrx_word' id='word_1_209' title='bbox 524 2859 751 2929; x_wconf 77' lang='grc' dir='ltr'>ἔννομον</span> <span class='ocrx_word' id='word_1_210' title='bbox 791 2859 1223 2930; x_wconf 74' lang='grc' dir='ltr'>μεταδέὸληνται</span> <span class='ocrx_word' id='word_1_211' title='bbox 1271 2864 1336 2932; x_wconf 89' lang='grc' dir='ltr'>τῇ</span> <span class='ocrx_word' id='word_1_212' title='bbox 1393 2862 1529 2933; x_wconf 76' lang='grc' dir='ltr'>πρὸς</span> <span class='ocrx_word' id='word_1_213' title='bbox 1587 2863 1892 2932; x_wconf 74' lang='grc' dir='ltr'>Ῥωμαίους</span> 
     </span>
    </p>
   </div>
   <div class='ocr_carea' id='block_1_31' title="bbox 304 2951 1892 3028">
    <p class='ocr_par' dir='ltr' id='par_1_31' title="bbox 304 2951 1892 3028">
     <span class='ocr_line' id='line_1_31' title="bbox 304 2951 1892 3028; baseline 0.004 -24"><span class='ocrx_word' id='word_1_214' title='bbox 304 2951 602 3024; x_wconf 75' lang='grc' dir='ltr'><strong>ἐπιμιξίᾳ⁹</strong></span> <span class='ocrx_word' id='word_1_215' title='bbox 670 2951 811 3005; x_wconf 80' lang='grc' dir='ltr'>ὥστε</span> <span class='ocrx_word' id='word_1_216' title='bbox 859 2952 914 3006; x_wconf 76' lang='grc' dir='ltr'>ετ</span> <span class='ocrx_word' id='word_1_217' title='bbox 952 2971 1036 3016; x_wconf 81' lang='grc' dir='ltr'><strong>τις</strong></span> <span class='ocrx_word' id='word_1_218' title='bbox 1081 2953 1205 3017; x_wconf 82' lang='grc' dir='ltr'>τοὺς</span> <span class='ocrx_word' id='word_1_219' title='bbox 1256 2954 1595 3026; x_wconf 81' lang='grc' dir='ltr'>χαλκόποδας</span> <span class='ocrx_word' id='word_1_220' title='bbox 1658 2956 1892 3028; x_wconf 78' lang='grc' dir='ltr'>ταύρους</span> 
     </span>
    </p>
   </div>
   <div class='ocr_carea' id='block_1_32' title="bbox 305 3027 1893 3119">
    <p class='ocr_par' dir='ltr' id='par_1_32' title="bbox 305 3027 1893 3119">
     <span class='ocr_line' id='line_1_32' title="bbox 305 3027 1893 3119; baseline 0.004 -23"><span class='ocrx_word' id='word_1_221' title='bbox 305 3045 576 3115; x_wconf 71' lang='grc' dir='ltr'><strong>¹ιτεριέλοι,</strong></span> <span class='ocrx_word' id='word_1_222' title='bbox 619 3045 713 3097; x_wconf 71' lang='grc' dir='ltr'><strong>καὶ</strong></span> <span class='ocrx_word' id='word_1_223' title='bbox 741 3045 978 3108; x_wconf 75' lang='grc' dir='ltr'>τὰςοτῶν</span> <span class='ocrx_word' id='word_1_224' title='bbox 1011 3027 1260 3118; x_wconf 81' lang='grc' dir='ltr'>γηγενῶν</span> <span class='ocrx_word' id='word_1_225' title='bbox 1299 3027 1772 3119; x_wconf 65' lang='grc' dir='ltr'>ἀναϐλαστήσεις,</span> <span class='ocrx_word' id='word_1_226' title='bbox 1799 3051 1893 3102; x_wconf 70' lang='grc' dir='ltr'><strong>καὶ</strong></span> 
     </span>
    </p>
   </div>
   <div class='ocr_carea' id='block_1_33' title="bbox 305 3134 1895 3210">
    <p class='ocr_par' dir='ltr' id='par_1_33' title="bbox 305 3134 1895 3210">
     <span class='ocr_line' id='line_1_33' title="bbox 305 3134 1895 3210; baseline 0.004 -22"><span class='ocrx_word' id='word_1_227' title='bbox 305 3137 486 3189; x_wconf 77' lang='grc' dir='ltr'>ὁπόσα</span> <span class='ocrx_word' id='word_1_228' title='bbox 521 3134 658 3189; x_wconf 78' lang='grc' dir='ltr'>ἄλλα</span> <span class='ocrx_word' id='word_1_229' title='bbox 700 3136 979 3206; x_wconf 83' lang='grc' dir='ltr'>τερατώδη</span> <span class='ocrx_word' id='word_1_230' title='bbox 1015 3139 1112 3191; x_wconf 71' lang='grc' dir='ltr'><strong>καὶ</strong></span> <span class='ocrx_word' id='word_1_231' title='bbox 1157 3138 1361 3192; x_wconf 78' lang='grc' dir='ltr'>ἄπιστα</span> <span class='ocrx_word' id='word_1_232' title='bbox 1390 3143 1454 3210; x_wconf 81' lang='grc' dir='ltr'>τῇ</span> <span class='ocrx_word' id='word_1_233' title='bbox 1499 3141 1716 3210; x_wconf 80' lang='grc' dir='ltr'>ποιήσει</span> <span class='ocrx_word' id='word_1_234' title='bbox 1752 3143 1895 3209; x_wconf 66' lang='grc' dir='ltr'>ἀμφὶ</span> 
     </span>
    </p>
   </div>
   <div class='ocr_carea' id='block_1_34' title="bbox 305 3228 1901 3308">
    <p class='ocr_par' dir='ltr' id='par_1_34' title="bbox 305 3228 1901 3308">
     <span class='ocr_line' id='line_1_34' title="bbox 305 3228 1901 3308; baseline 0.002 -25"><span class='ocrx_word' id='word_1_235' title='bbox 305 3230 390 3300; x_wconf 85' lang='grc' dir='ltr'>τῷ</span> <span class='ocrx_word' id='word_1_236' title='bbox 415 3230 591 3301; x_wconf 75' lang='grc' dir='ltr'>Αἰήτῃ</span> <span class='ocrx_word' id='word_1_237' title='bbox 628 3229 1026 3308; x_wconf 79' lang='grc' dir='ltr'>κεκόμψευται,</span> <span class='ocrx_word' id='word_1_238' title='bbox 1063 3228 1213 3302; x_wconf 75' lang='grc' dir='ltr'>εὖροι</span> <span class='ocrx_word' id='word_1_239' title='bbox 1239 3249 1300 3300; x_wconf 86' lang='grc' dir='ltr'><strong>γε</strong></span> <span class='ocrx_word' id='word_1_240' title='bbox 1323 3232 1388 3286; x_wconf 81' lang='grc' dir='ltr'><strong>ἂν</strong></span> <span class='ocrx_word' id='word_1_241' title='bbox 1410 3233 1479 3286; x_wconf 82' lang='grc' dir='ltr'>τὰ</span> <span class='ocrx_word' id='word_1_242' title='bbox 1504 3233 1748 3304; x_wconf 85' lang='grc' dir='ltr'>παρόντα</span> <span class='ocrx_word' id='word_1_243' title='bbox 1774 3234 1901 3286; x_wconf 85' lang='grc' dir='ltr'>πολ-</span> 
     </span>
    </p>
   </div>
   <div class='ocr_carea' id='block_1_35' title="bbox 305 3314 1904 3396">
    <p class='ocr_par' dir='ltr' id='par_1_35' title="bbox 305 3314 1904 3396">
     <span class='ocr_line' id='line_1_35' title="bbox 305 3314 1904 3396; baseline 0.002 -21"><span class='ocrx_word' id='word_1_244' title='bbox 305 3321 392 3392; x_wconf 83' lang='grc' dir='ltr'>λῷ</span> <span class='ocrx_word' id='word_1_245' title='bbox 437 3323 549 3374; x_wconf 84' lang='grc' dir='ltr'><strong>τῶν</strong></span> <span class='ocrx_word' id='word_1_246' title='bbox 601 3322 953 3392; x_wconf 82' lang='grc' dir='ltr'>προτέρων⁷³</span> <span class='ocrx_word' id='word_1_247' title='bbox 997 3314 1282 3392; x_wconf 84' lang='grc' dir='ltr'>ἀμείνονα.</span> <span class='ocrx_word' id='word_1_248' title='bbox 1339 3323 1584 3377; x_wconf 85' lang='grc' dir='ltr'>Τοιοῦτοι</span> <span class='ocrx_word' id='word_1_249' title='bbox 1627 3325 1690 3396; x_wconf 78' lang='grc' dir='ltr'>δὴ</span> <span class='ocrx_word' id='word_1_250' title='bbox 1745 3323 1840 3378; x_wconf 74' lang='grc' dir='ltr'>οὖν</span> <span class='ocrx_word' id='word_1_251' title='bbox 1858 3323 1904 3359; x_wconf 63' lang='grc'><strong>’⁷⁸</strong></span> 
     </span>
    </p>
   </div>
   <div class='ocr_carea' id='block_1_36' title="bbox 304 3407 1905 3485">
    <p class='ocr_par' dir='ltr' id='par_1_36' title="bbox 304 3407 1905 3485">
     <span class='ocr_line' id='line_1_36' title="bbox 304 3407 1905 3485; baseline 0.001 -17"><span class='ocrx_word' id='word_1_252' title='bbox 304 3407 465 3477; x_wconf 65' lang='grc' dir='ltr'>ὄντες</span> <span class='ocrx_word' id='word_1_253' title='bbox 499 3415 547 3466; x_wconf 88' lang='grc' dir='ltr'><strong>οί</strong></span> <span class='ocrx_word' id='word_1_254' title='bbox 581 3412 770 3478; x_wconf 59' lang='grc' dir='ltr'>Λαζοί,</span> <span class='ocrx_word' id='word_1_255' title='bbox 805 3414 1030 3476; x_wconf 86' lang='grc' dir='ltr'>εἰκότως</span> <span class='ocrx_word' id='word_1_256' title='bbox 1059 3415 1158 3468; x_wconf 82' lang='grc' dir='ltr'><strong>οὐκ</strong></span> <span class='ocrx_word' id='word_1_257' title='bbox 1185 3416 1388 3470; x_wconf 83' lang='grc' dir='ltr'>ἀνεκτὰ</span> <span class='ocrx_word' id='word_1_258' title='bbox 1430 3415 1659 3485; x_wconf 79' lang='grc' dir='ltr'>ἡγοῦντο</span> <span class='ocrx_word' id='word_1_259' title='bbox 1704 3435 1905 3471; x_wconf 84' lang='grc' dir='ltr'>πεπον-</span> 
     </span>
    </p>
   </div>
   <div class='ocr_carea' id='block_1_37' title="bbox 307 3503 1906 3581">
    <p class='ocr_par' dir='ltr' id='par_1_37' title="bbox 307 3503 1906 3581">
     <span class='ocr_line' id='line_1_37' title="bbox 307 3503 1906 3581; baseline 0.001 -23"><span class='ocrx_word' id='word_1_260' title='bbox 307 3505 485 3567; x_wconf 74' lang='grc' dir='ltr'>θέναι,</span> <span class='ocrx_word' id='word_1_261' title='bbox 523 3503 600 3567; x_wconf 86' lang='grc' dir='ltr'>ὠς</span> <span class='ocrx_word' id='word_1_262' title='bbox 628 3503 692 3573; x_wconf 83' lang='grc' dir='ltr'><strong>δὴ</strong></span> <span class='ocrx_word' id='word_1_263' title='bbox 725 3503 816 3556; x_wconf 79' lang='grc' dir='ltr'><strong>τὸν</strong></span> <span class='ocrx_word' id='word_1_264' title='bbox 863 3503 1086 3573; x_wconf 78' lang='grc' dir='ltr'>βασιλέα</span> <span class='ocrx_word' id='word_1_265' title='bbox 1137 3506 1286 3574; x_wconf 83' lang='grc' dir='ltr'>σφῶν</span> <span class='ocrx_word' id='word_1_266' title='bbox 1321 3508 1648 3576; x_wconf 69' lang='grc' dir='ltr'>παραλόγοις</span> <span class='ocrx_word' id='word_1_267' title='bbox 1691 3509 1906 3581; x_wconf 69' lang='grc' dir='ltr'><strong>ἀφῃρη-</strong></span> 
     </span>
    </p>
   </div>
   <div class='ocr_carea' id='block_1_38' title="bbox 308 3583 1906 3669">
    <p class='ocr_par' dir='ltr' id='par_1_38' title="bbox 308 3583 1906 3669">
     <span class='ocr_line' id='line_1_38' title="bbox 308 3583 1906 3669; baseline 0.003 -21"><span class='ocrx_word' id='word_1_268' title='bbox 308 3583 491 3669; x_wconf 72' lang='grc' dir='ltr'>μένοι.</span> <span class='ocrx_word' id='word_1_269' title='bbox 527 3595 738 3648; x_wconf 77' lang='grc' dir='ltr'>Αὐτίκα</span> <span class='ocrx_word' id='word_1_270' title='bbox 767 3595 824 3647; x_wconf 84' lang='grc' dir='ltr'><strong>δὲ</strong></span> <span class='ocrx_word' id='word_1_271' title='bbox 853 3597 901 3646; x_wconf 80' lang='grc' dir='ltr'>οἱ</span> <span class='ocrx_word' id='word_1_272' title='bbox 943 3595 1222 3665; x_wconf 79' lang='grc' dir='ltr'>Ῥωμαῖοι,</span> <span class='ocrx_word' id='word_1_273' title='bbox 1268 3598 1546 3669; x_wconf 73' lang='grc' dir='ltr'>Μαρτίνω</span> <span class='ocrx_word' id='word_1_274' title='bbox 1594 3599 1906 3669; x_wconf 78' lang='grc' dir='ltr'>ἐξοτρύνον-</span> 
     </span>
    </p>
   </div>
   <div class='ocr_carea' id='block_1_39' title="bbox 304 3687 1906 3763">
    <p class='ocr_par' dir='ltr' id='par_1_39' title="bbox 304 3687 1906 3763">
     <span class='ocr_line' id='line_1_39' title="bbox 304 3687 1906 3763; baseline 0.002 -21"><span class='ocrx_word' id='word_1_275' title='bbox 304 3706 425 3752; x_wconf 85' lang='grc' dir='ltr'>τος,</span> <span class='ocrx_word' id='word_1_276' title='bbox 456 3688 754 3756; x_wconf 72' lang='grc' dir='ltr'>ἠπείγοντο</span> <span class='ocrx_word' id='word_1_277' title='bbox 785 3687 1016 3741; x_wconf 68' lang='grc' dir='ltr'>πανσυδὶ</span> <span class='ocrx_word' id='word_1_278' title='bbox 1045 3689 1328 3743; x_wconf 87' lang='grc' dir='ltr'>ἐπιθέσθαι</span> <span class='ocrx_word' id='word_1_279' title='bbox 1358 3691 1470 3754; x_wconf 83' lang='grc' dir='ltr'>τοῖς</span> <span class='ocrx_word' id='word_1_280' title='bbox 1501 3691 1558 3755; x_wconf 88' lang='grc' dir='ltr'><strong>ἐς</strong></span> <span class='ocrx_word' id='word_1_281' title='bbox 1597 3693 1906 3763; x_wconf 84' lang='grc' dir='ltr'>Ὀνόγουριν</span> 
     </span>
    </p>
   </div>
   <div class='ocr_carea' id='block_1_40' title="bbox 308 3778 1905 3854">
    <p class='ocr_par' dir='ltr' id='par_1_40' title="bbox 308 3778 1905 3854">
     <span class='ocr_line' id='line_1_40' title="bbox 308 3778 1905 3854; baseline 0.002 -21"><span class='ocrx_word' id='word_1_282' title='bbox 308 3781 580 3848; x_wconf 79' lang='grc' dir='ltr'>Πέρσαις.</span> <span class='ocrx_word' id='word_1_283' title='bbox 615 3779 789 3847; x_wconf 84' lang='grc' dir='ltr'>Τήνδε</span> <span class='ocrx_word' id='word_1_284' title='bbox 816 3779 872 3832; x_wconf 91' lang='grc' dir='ltr'><strong>δέ</strong></span> <span class='ocrx_word' id='word_1_285' title='bbox 895 3778 993 3849; x_wconf 79' lang='grc' dir='ltr'><strong>τὴν</strong></span> <span class='ocrx_word' id='word_1_286' title='bbox 1019 3781 1334 3852; x_wconf 79' lang='grc' dir='ltr'>ἐπωνυμίαν</span> <span class='ocrx_word' id='word_1_287' title='bbox 1358 3783 1422 3834; x_wconf 86' lang='grc' dir='ltr'><strong>ἐκ</strong></span> <span class='ocrx_word' id='word_1_288' title='bbox 1446 3784 1681 3837; x_wconf 79' lang='grc' dir='ltr'>παλαιοῦ</span> <span class='ocrx_word' id='word_1_289' title='bbox 1711 3783 1905 3854; x_wconf 80' lang='grc' dir='ltr'>ἔλαχεν</span> 
     </span>
    </p>
   </div>
   <div class='ocr_carea' id='block_1_41' title="bbox 309 3869 1905 3946">
    <p class='ocr_par' dir='ltr' id='par_1_41' title="bbox 309 3869 1905 3946">
     <span class='ocr_line' id='line_1_41' title="bbox 309 3869 1905 3946; baseline 0.005 -25"><span class='ocrx_word' id='word_1_290' title='bbox 309 3870 378 3922; x_wconf 71' lang='grc' dir='ltr'>τὸ</span> <span class='ocrx_word' id='word_1_291' title='bbox 401 3871 624 3942; x_wconf 82' lang='grc' dir='ltr'>χωρίον.</span> <span class='ocrx_word' id='word_1_292' title='bbox 653 3869 871 3924; x_wconf 79' lang='grc' dir='ltr'>Οὖννων</span> <span class='ocrx_word' id='word_1_293' title='bbox 904 3871 1042 3934; x_wconf 77' lang='grc' dir='ltr'>ἴσως·</span> <span class='ocrx_word' id='word_1_294' title='bbox 1064 3873 1120 3924; x_wconf 83' lang='grc' dir='ltr'><strong>ἐν</strong></span> <span class='ocrx_word' id='word_1_295' title='bbox 1148 3877 1260 3936; x_wconf 85' lang='grc' dir='ltr'>τοῖς</span> <span class='ocrx_word' id='word_1_296' title='bbox 1295 3874 1406 3928; x_wconf 76' lang='grc' dir='ltr'>ἂνω</span> <span class='ocrx_word' id='word_1_297' title='bbox 1435 3875 1667 3944; x_wconf 84' lang='grc' dir='ltr'>χρόνοις,</span> <span class='ocrx_word' id='word_1_298' title='bbox 1701 3876 1810 3929; x_wconf 83' lang='grc' dir='ltr'>τῶν</span> <span class='ocrx_word' id='word_1_299' title='bbox 1840 3875 1905 3946; x_wconf 79' lang='grc' dir='ltr'>δὴ</span> 
     </span>
    </p>
   </div>
   <div class='ocr_carea' id='block_1_42' title="bbox 330 3961 1903 4038">
    <p class='ocr_par' dir='ltr' id='par_1_42' title="bbox 330 3961 1903 4038">
     <span class='ocr_line' id='line_1_42' title="bbox 330 3961 1903 4038; baseline 0.004 -25"><span class='ocrx_word' id='word_1_300' title='bbox 330 3961 670 4031; x_wconf 86' lang='grc' dir='ltr'>Ὀνογούρων</span> <span class='ocrx_word' id='word_1_301' title='bbox 693 3962 1116 4033; x_wconf 82' lang='grc' dir='ltr'>ἐπιλεγομένων,</span> <span class='ocrx_word' id='word_1_302' title='bbox 1141 3967 1305 4019; x_wconf 69' lang='grc' dir='ltr'>αὔτοῦ</span> <span class='ocrx_word' id='word_1_303' title='bbox 1333 3985 1433 4020; x_wconf 91' lang='grc' dir='ltr'><strong>που</strong></span> <span class='ocrx_word' id='word_1_304' title='bbox 1459 3968 1841 4038; x_wconf 77' lang='grc' dir='ltr'>ξυμϐαλόντων</span> <span class='ocrx_word' id='word_1_305' title='bbox 1857 3965 1903 4001; x_wconf 71' lang='grc'><strong>’⁸</strong></span> 
     </span>
    </p>
   </div>
   <div class='ocr_carea' id='block_1_43' title="bbox 314 4049 1906 4132">
    <p class='ocr_par' dir='ltr' id='par_1_43' title="bbox 314 4049 1906 4132">
     <span class='ocr_line' id='line_1_43' title="bbox 314 4049 1906 4132; baseline 0.003 -25"><span class='ocrx_word' id='word_1_306' title='bbox 314 4056 438 4117; x_wconf 79' lang='grc' dir='ltr'>τοῖς</span> <span class='ocrx_word' id='word_1_307' title='bbox 468 4055 714 4124; x_wconf 85' lang='grc' dir='ltr'>Κόλχοις,</span> <span class='ocrx_word' id='word_1_308' title='bbox 747 4053 843 4109; x_wconf 73' lang='grc' dir='ltr'><strong>καὶ</strong></span> <span class='ocrx_word' id='word_1_309' title='bbox 869 4049 986 4107; x_wconf 71' lang='grc' dir='ltr'>εἶτα</span> <span class='ocrx_word' id='word_1_310' title='bbox 1010 4058 1398 4127; x_wconf 82' lang='grc' dir='ltr'>νενικημένων,</span> <span class='ocrx_word' id='word_1_311' title='bbox 1435 4059 1527 4111; x_wconf 81' lang='grc' dir='ltr'><strong>καὶ</strong></span> <span class='ocrx_word' id='word_1_312' title='bbox 1554 4057 1743 4132; x_wconf 85' lang='grc' dir='ltr'>ὥσπερ</span> <span class='ocrx_word' id='word_1_313' title='bbox 1772 4072 1906 4130; x_wconf 80' lang='grc' dir='ltr'>μνη-</span> 
     </span>
    </p>
   </div>
   <div class='ocr_carea' id='block_1_44' title="bbox 315 4146 1904 4221">
    <p class='ocr_par' dir='ltr' id='par_1_44' title="bbox 315 4146 1904 4221">
     <span class='ocr_line' id='line_1_44' title="bbox 315 4146 1904 4221; baseline 0.004 -23"><span class='ocrx_word' id='word_1_314' title='bbox 315 4146 483 4216; x_wconf 80' lang='grc' dir='ltr'>μείου</span> <span class='ocrx_word' id='word_1_315' title='bbox 516 4146 674 4219; x_wconf 78' lang='grc' dir='ltr'>χάριν</span> <span class='ocrx_word' id='word_1_316' title='bbox 702 4147 796 4200; x_wconf 80' lang='grc' dir='ltr'>καὶ</span> <span class='ocrx_word' id='word_1_317' title='bbox 824 4149 1086 4219; x_wconf 87' lang='grc' dir='ltr'>τροπαίου</span> <span class='ocrx_word' id='word_1_318' title='bbox 1125 4152 1225 4221; x_wconf 79' lang='grc' dir='ltr'><strong>τὴν</strong></span> <span class='ocrx_word' id='word_1_319' title='bbox 1257 4150 1545 4221; x_wconf 84' lang='grc' dir='ltr'>ἐπίκλησιν</span> <span class='ocrx_word' id='word_1_320' title='bbox 1570 4153 1773 4220; x_wconf 81' lang='grc' dir='ltr'>ταύτην</span> <span class='ocrx_word' id='word_1_321' title='bbox 1795 4150 1904 4204; x_wconf 81' lang='grc' dir='ltr'>τῶν</span> 
     </span>
    </p>
   </div>
   <div class='ocr_carea' id='block_1_45' title="bbox 304 4239 1906 4314">
    <p class='ocr_par' dir='ltr' id='par_1_45' title="bbox 304 4239 1906 4314">
     <span class='ocr_line' id='line_1_45' title="bbox 304 4239 1906 4314; baseline 0.002 -21"><span class='ocrx_word' id='word_1_322' title='bbox 304 4239 634 4310; x_wconf 78' lang='grc' dir='ltr'>ἐπιχωρίων</span> <span class='ocrx_word' id='word_1_323' title='bbox 685 4241 1111 4309; x_wconf 87' lang='grc' dir='ltr'>ἐπενεγκόντων.</span> <span class='ocrx_word' id='word_1_324' title='bbox 1160 4243 1274 4295; x_wconf 88' lang='grc' dir='ltr'>Νῦν</span> <span class='ocrx_word' id='word_1_325' title='bbox 1307 4243 1366 4296; x_wconf 83' lang='grc' dir='ltr'>δὲ</span> <span class='ocrx_word' id='word_1_326' title='bbox 1416 4243 1513 4314; x_wconf 86' lang='grc' dir='ltr'><strong>οὐχ</strong></span> <span class='ocrx_word' id='word_1_327' title='bbox 1560 4243 1703 4296; x_wconf 77' lang='grc' dir='ltr'>οὕτω</span> <span class='ocrx_word' id='word_1_328' title='bbox 1754 4244 1906 4314; x_wconf 81' lang='grc' dir='ltr'>παρὰ</span> 
     </span>
    </p>
   </div>
   <div class='ocr_carea' id='block_1_46' title="bbox 303 4331 1902 4407">
    <p class='ocr_par' dir='ltr' id='par_1_46' title="bbox 303 4331 1902 4407">
     <span class='ocr_line' id='line_1_46' title="bbox 303 4331 1902 4407; baseline 0.001 -21"><span class='ocrx_word' id='word_1_329' title='bbox 303 4333 494 4396; x_wconf 81' lang='grc' dir='ltr'>τοῖς⁷⁶</span> <span class='ocrx_word' id='word_1_330' title='bbox 522 4331 738 4395; x_wconf 86' lang='grc' dir='ltr'>πολλοῖς</span> <span class='ocrx_word' id='word_1_331' title='bbox 772 4333 1118 4403; x_wconf 79' lang='grc' dir='ltr'>ὀνομάζεται,</span> <span class='ocrx_word' id='word_1_332' title='bbox 1153 4335 1265 4388; x_wconf 82' lang='grc' dir='ltr'>ἀλλ’</span> <span class='ocrx_word' id='word_1_333' title='bbox 1295 4335 1482 4407; x_wconf 74' lang='grc' dir='ltr'>ἐπειδὴ</span> <span class='ocrx_word' id='word_1_334' title='bbox 1511 4335 1784 4404; x_wconf 70' lang='grc' dir='ltr'>Στεφάνου</span> <span class='ocrx_word' id='word_1_335' title='bbox 1809 4335 1902 4388; x_wconf 87' lang='grc' dir='ltr'><strong>τοῦ</strong></span> 
     </span>
    </p>
   </div>
   <div class='ocr_carea' id='block_1_47' title="bbox 1985 561 3570 623">
    <p class='ocr_par' dir='ltr' id='par_1_47' title="bbox 1985 561 3570 623">
     <span class='ocr_line' id='line_1_47' title="bbox 1985 561 3570 623; baseline 0.008 -13"><span class='ocrx_word' id='word_1_336' title='bbox 1985 567 2167 613; x_wconf 87' lang='lat' dir='ltr'><strong>tamen</strong></span> <span class='ocrx_word' id='word_1_337' title='bbox 2219 561 2553 623; x_wconf 80' lang='lat' dir='ltr'><strong>manebant,</strong></span> <span class='ocrx_word' id='word_1_338' title='bbox 2604 562 2982 617; x_wconf 75' lang='lat' dir='ltr'><strong>existimantes</strong></span> <span class='ocrx_word' id='word_1_339' title='bbox 3036 563 3403 620; x_wconf 88' lang='lat' dir='ltr'><strong>Justinianum</strong></span> <span class='ocrx_word' id='word_1_340' title='bbox 3455 569 3570 622; x_wconf 61' lang='lat' dir='ltr'><strong>hare</strong></span> 
     </span>
    </p>
   </div>
   <div class='ocr_carea' id='block_1_48' title="bbox 1985 652 3566 718">
    <p class='ocr_par' dir='ltr' id='par_1_48' title="bbox 1985 652 3566 718">
     <span class='ocr_line' id='line_1_48' title="bbox 1985 652 3566 718; baseline 0.006 -16"><span class='ocrx_word' id='word_1_341' title='bbox 1985 660 2173 716; x_wconf 86' lang='lat' dir='ltr'><strong>aperte</strong></span> <span class='ocrx_word' id='word_1_342' title='bbox 2199 665 2296 718; x_wconf 89' lang='lat' dir='ltr'><strong>per</strong></span> <span class='ocrx_word' id='word_1_343' title='bbox 2325 652 2534 707; x_wconf 91' lang='lat' dir='ltr'><strong>litteras</strong></span> <span class='ocrx_word' id='word_1_344' title='bbox 2565 653 2877 709; x_wconf 82' lang='lat' dir='ltr'><strong>mandasse.</strong></span> <span class='ocrx_word' id='word_1_345' title='bbox 2923 653 3195 709; x_wconf 88' lang='lat' dir='ltr'><strong>Lazorum</strong></span> <span class='ocrx_word' id='word_1_346' title='bbox 3248 672 3380 711; x_wconf 84' lang='lat' dir='ltr'><strong>vero</strong></span> <span class='ocrx_word' id='word_1_347' title='bbox 3412 675 3566 714; x_wconf 63' lang='lat' dir='ltr'><strong>ext-r-</strong></span> 
     </span>
    </p>
   </div>
   <div class='ocr_carea' id='block_1_49' title="bbox 1987 739 3560 814">
    <p class='ocr_par' dir='ltr' id='par_1_49' title="bbox 1987 739 3560 814">
     <span class='ocr_line' id='line_1_49' title="bbox 1987 739 3560 814; baseline 0.007 -23"><span class='ocrx_word' id='word_1_348' title='bbox 1987 739 2157 792; x_wconf 82' lang='lat' dir='ltr'><strong>citum</strong></span> <span class='ocrx_word' id='word_1_349' title='bbox 2194 740 2512 796; x_wconf 77' lang='lat' dir='ltr'><strong>universum</strong></span> <span class='ocrx_word' id='word_1_350' title='bbox 2545 743 2738 814; x_wconf 88' lang='lat' dir='ltr'><strong>ingens</strong></span> <span class='ocrx_word' id='word_1_351' title='bbox 2787 747 3124 814; x_wconf 82' lang='lat' dir='ltr'><strong>perturbatio</strong></span> <span class='ocrx_word' id='word_1_352' title='bbox 3153 756 3209 802; x_wconf 91' lang='lat' dir='ltr'><strong>et</strong></span> <span class='ocrx_word' id='word_1_353' title='bbox 3251 764 3458 802; x_wconf 67' lang='lat' dir='ltr'><strong>mret-or</strong></span> <span class='ocrx_word' id='word_1_354' title='bbox 3488 751 3560 802; x_wconf 88' lang='lat' dir='ltr'><strong>in-</strong></span> 
     </span>
    </p>
   </div>
   <div class='ocr_carea' id='block_1_50' title="bbox 1984 832 3570 910">
    <p class='ocr_par' dir='ltr' id='par_1_50' title="bbox 1984 832 3570 910">
     <span class='ocr_line' id='line_1_50' title="bbox 1984 832 3570 910; baseline 0.007 -26"><span class='ocrx_word' id='word_1_355' title='bbox 1984 832 2145 896; x_wconf 86' lang='lat' dir='ltr'><strong>vasit,</strong></span> <span class='ocrx_word' id='word_1_356' title='bbox 2186 832 2321 886; x_wconf 91' lang='lat' dir='ltr'><strong>adeo</strong></span> <span class='ocrx_word' id='word_1_357' title='bbox 2349 842 2405 887; x_wconf 90' lang='lat' dir='ltr'><strong>ut</strong></span> <span class='ocrx_word' id='word_1_358' title='bbox 2441 850 2542 888; x_wconf 93' lang='lat' dir='ltr'><strong>nec</strong></span> <span class='ocrx_word' id='word_1_359' title='bbox 2575 839 2891 906; x_wconf 84' lang='lat' dir='ltr'><strong>permisceri</strong></span> <span class='ocrx_word' id='word_1_360' title='bbox 2927 840 3182 910; x_wconf 85' lang='lat' dir='ltr'><strong>deinceps</strong></span> <span class='ocrx_word' id='word_1_361' title='bbox 3210 856 3331 894; x_wconf 92' lang='lat' dir='ltr'><strong>cum</strong></span> <span class='ocrx_word' id='word_1_362' title='bbox 3363 839 3570 895; x_wconf 79' lang='lat' dir='ltr'><strong>Roma-</strong></span> 
     </span>
    </p>
   </div>
   <div class='ocr_carea' id='block_1_51' title="bbox 1984 921 3569 998">
    <p class='ocr_par' dir='ltr' id='par_1_51' title="bbox 1984 921 3569 998">
     <span class='ocr_line' id='line_1_51' title="bbox 1984 921 3569 998; baseline 0.006 -24"><span class='ocrx_word' id='word_1_363' title='bbox 1984 921 2094 986; x_wconf 87' lang='lat' dir='ltr'><strong>nis,</strong></span> <span class='ocrx_word' id='word_1_364' title='bbox 2132 937 2309 992; x_wconf 83' lang='lat' dir='ltr'><strong>neque</strong></span> <span class='ocrx_word' id='word_1_365' title='bbox 2340 939 2464 977; x_wconf 91' lang='lat' dir='ltr'><strong>cum</strong></span> <span class='ocrx_word' id='word_1_366' title='bbox 2499 924 2633 994; x_wconf 90' lang='lat' dir='ltr'><strong>ipsis</strong></span> <span class='ocrx_word' id='word_1_367' title='bbox 2665 927 2901 983; x_wconf 82' lang='lat' dir='ltr'><strong>militare</strong></span> <span class='ocrx_word' id='word_1_368' title='bbox 2934 929 3137 984; x_wconf 85' lang='lat' dir='ltr'><strong>vellent</strong></span> <span class='ocrx_word' id='word_1_369' title='bbox 3173 946 3187 984; x_wconf 87' lang='lat'><strong>:</strong></span> <span class='ocrx_word' id='word_1_370' title='bbox 3224 930 3317 983; x_wconf 90' lang='lat' dir='ltr'><strong>sed</strong></span> <span class='ocrx_word' id='word_1_371' title='bbox 3356 939 3569 998; x_wconf 79' lang='lat' dir='ltr'><strong>postea-</strong></span> 
     </span>
    </p>
   </div>
   <div class='ocr_carea' id='block_1_52' title="bbox 1987 1019 3572 1091">
    <p class='ocr_par' dir='ltr' id='par_1_52' title="bbox 1987 1019 3572 1091">
     <span class='ocr_line' id='line_1_52' title="bbox 1987 1019 3572 1091; baseline 0.006 -26"><span class='ocrx_word' id='word_1_372' title='bbox 1987 1029 2153 1082; x_wconf 85' lang='lat' dir='ltr'><strong>quam</strong></span> <span class='ocrx_word' id='word_1_373' title='bbox 2202 1024 2478 1070; x_wconf 90' lang='lat' dir='ltr'><strong>mortuum</strong></span> <span class='ocrx_word' id='word_1_374' title='bbox 2520 1032 2585 1070; x_wconf 84' lang='lat' dir='ltr'><strong>ex</strong></span> <span class='ocrx_word' id='word_1_375' title='bbox 2634 1019 2876 1087; x_wconf 91' lang='lat' dir='ltr'><strong>ipsorum</strong></span> <span class='ocrx_word' id='word_1_376' title='bbox 2927 1035 3080 1075; x_wconf 89' lang='lat' dir='ltr'><strong>more</strong></span> <span class='ocrx_word' id='word_1_377' title='bbox 3119 1029 3282 1091; x_wconf 87' lang='lat' dir='ltr'><strong>atque</strong></span> <span class='ocrx_word' id='word_1_378' title='bbox 3320 1022 3572 1076; x_wconf 91' lang='lat' dir='ltr'><strong>instituto</strong></span> 
     </span>
    </p>
   </div>
   <div class='ocr_carea' id='block_1_53' title="bbox 1989 1107 3573 1184">
    <p class='ocr_par' dir='ltr' id='par_1_53' title="bbox 1989 1107 3573 1184">
     <span class='ocr_line' id='line_1_53' title="bbox 1989 1107 3573 1184; baseline 0.006 -24"><span class='ocrx_word' id='word_1_379' title='bbox 1989 1107 2394 1172; x_wconf 88' lang='lat' dir='ltr'><strong>turuulassent,</strong></span> <span class='ocrx_word' id='word_1_380' title='bbox 2453 1111 2765 1166; x_wconf 87' lang='lat' dir='ltr'><strong>secessione</strong></span> <span class='ocrx_word' id='word_1_381' title='bbox 2821 1113 2964 1168; x_wconf 90' lang='lat' dir='ltr'><strong>facta</strong></span> <span class='ocrx_word' id='word_1_382' title='bbox 3026 1129 3055 1168; x_wconf 86' lang='lat' dir='ltr'><strong>a</strong></span> <span class='ocrx_word' id='word_1_383' title='bbox 3117 1115 3262 1170; x_wconf 85' lang='lat' dir='ltr'><strong>bello</strong></span> <span class='ocrx_word' id='word_1_384' title='bbox 3312 1115 3573 1184; x_wconf 78' lang='lat' dir='ltr'><strong>deinceps</strong></span> 
     </span>
    </p>
   </div>
   <div class='ocr_carea' id='block_1_54' title="bbox 1989 1199 3570 1278">
    <p class='ocr_par' dir='ltr' id='par_1_54' title="bbox 1989 1199 3570 1278">
     <span class='ocr_line' id='line_1_54' title="bbox 1989 1199 3570 1278; baseline 0.005 -27"><span class='ocrx_word' id='word_1_385' title='bbox 1989 1199 2389 1266; x_wconf 87' lang='lat' dir='ltr'><strong>abstinuerunt,</strong></span> <span class='ocrx_word' id='word_1_386' title='bbox 2423 1209 2610 1271; x_wconf 90' lang='lat' dir='ltr'><strong>utpote</strong></span> <span class='ocrx_word' id='word_1_387' title='bbox 2641 1205 2812 1258; x_wconf 87' lang='lat' dir='ltr'><strong>atroci</strong></span> <span class='ocrx_word' id='word_1_388' title='bbox 2855 1204 3058 1276; x_wconf 82' lang='lat' dir='ltr'><strong>injuria</strong></span> <span class='ocrx_word' id='word_1_389' title='bbox 3093 1204 3289 1274; x_wconf 82' lang='lat' dir='ltr'><strong>all&#39;ecti,</strong></span> <span class='ocrx_word' id='word_1_390' title='bbox 3319 1217 3372 1262; x_wconf 92' lang='lat' dir='ltr'><strong>et</strong></span> <span class='ocrx_word' id='word_1_391' title='bbox 3396 1207 3570 1278; x_wconf 87' lang='lat' dir='ltr'><strong>patria</strong></span> 
     </span>
    </p>
   </div>
   <div class='ocr_carea' id='block_1_55' title="bbox 1989 1292 2420 1363">
    <p class='ocr_par' dir='ltr' id='par_1_55' title="bbox 1989 1292 2420 1363">
     <span class='ocr_line' id='line_1_55' title="bbox 1989 1292 2420 1363; baseline 0.007 -18"><span class='ocrx_word' id='word_1_392' title='bbox 1989 1292 2160 1363; x_wconf 80' lang='lat' dir='ltr'><strong>gloria</strong></span> <span class='ocrx_word' id='word_1_393' title='bbox 2194 1294 2420 1350; x_wconf 90' lang='lat' dir='ltr'><strong>amissa.</strong></span> 
     </span>
    </p>
   </div>
   <div class='ocr_carea' id='block_1_56' title="bbox 2063 1384 3570 1456">
    <p class='ocr_par' dir='ltr' id='par_1_56' title="bbox 2063 1384 3570 1456">
     <span class='ocr_line' id='line_1_56' title="bbox 2063 1384 3570 1456; baseline 0.004 -16"><span class='ocrx_word' id='word_1_394' title='bbox 2063 1386 2117 1440; x_wconf 83' lang='lat'><strong>5.</strong></span> <span class='ocrx_word' id='word_1_395' title='bbox 2151 1384 2387 1441; x_wconf 83' lang='lat' dir='ltr'><strong>Maxima</strong></span> <span class='ocrx_word' id='word_1_396' title='bbox 2420 1389 2568 1442; x_wconf 90' lang='lat' dir='ltr'><strong>enim</strong></span> <span class='ocrx_word' id='word_1_397' title='bbox 2599 1395 2682 1444; x_wconf 92' lang='lat' dir='ltr'><strong>est</strong></span> <span class='ocrx_word' id='word_1_398' title='bbox 2714 1398 2769 1442; x_wconf 90' lang='lat' dir='ltr'><strong>et</strong></span> <span class='ocrx_word' id='word_1_399' title='bbox 2813 1387 2964 1443; x_wconf 85' lang='lat' dir='ltr'><strong>ferox</strong></span> <span class='ocrx_word' id='word_1_400' title='bbox 3011 1390 3159 1444; x_wconf 90' lang='lat' dir='ltr'><strong>natio</strong></span> <span class='ocrx_word' id='word_1_401' title='bbox 3207 1391 3570 1456; x_wconf 86' lang='lat' dir='ltr'><strong>Colchorum,</strong></span> 
     </span>
    </p>
   </div>
   <div class='ocr_carea' id='block_1_57' title="bbox 1989 1480 3568 1551">
    <p class='ocr_par' dir='ltr' id='par_1_57' title="bbox 1989 1480 3568 1551">
     <span class='ocr_line' id='line_1_57' title="bbox 1989 1480 3568 1551; baseline 0.003 -18"><span class='ocrx_word' id='word_1_402' title='bbox 1989 1480 2358 1549; x_wconf 73' lang='lat' dir='ltr'><strong>maximisque</strong></span> <span class='ocrx_word' id='word_1_403' title='bbox 2407 1482 2530 1536; x_wconf 89' lang='lat' dir='ltr'><strong>aliis</strong></span> <span class='ocrx_word' id='word_1_404' title='bbox 2576 1481 2890 1551; x_wconf 83' lang='lat' dir='ltr'><strong>imperant:</strong></span> <span class='ocrx_word' id='word_1_405' title='bbox 2923 1490 2976 1536; x_wconf 94' lang='lat' dir='ltr'><strong>et</strong></span> <span class='ocrx_word' id='word_1_406' title='bbox 3020 1483 3184 1537; x_wconf 79' lang='lat' dir='ltr'><strong>veteri</strong></span> <span class='ocrx_word' id='word_1_407' title='bbox 3235 1483 3568 1538; x_wconf 88' lang='lat' dir='ltr'><strong>Colchorum</strong></span> 
     </span>
    </p>
   </div>
   <div class='ocr_carea' id='block_1_58' title="bbox 1989 1570 3575 1644">
    <p class='ocr_par' dir='ltr' id='par_1_58' title="bbox 1989 1570 3575 1644">
     <span class='ocr_line' id='line_1_58' title="bbox 1989 1570 3575 1644; baseline 0.003 -20"><span class='ocrx_word' id='word_1_408' title='bbox 1989 1570 2353 1639; x_wconf 88' lang='lat' dir='ltr'><strong>appellatione</strong></span> <span class='ocrx_word' id='word_1_409' title='bbox 2399 1572 2735 1640; x_wconf 83' lang='lat' dir='ltr'><strong>gloriantes,</strong></span> <span class='ocrx_word' id='word_1_410' title='bbox 2783 1587 2949 1643; x_wconf 83' lang='lat' dir='ltr'><strong>supra</strong></span> <span class='ocrx_word' id='word_1_411' title='bbox 2997 1574 3221 1628; x_wconf 87' lang='lat' dir='ltr'><strong>modum</strong></span> <span class='ocrx_word' id='word_1_412' title='bbox 3265 1590 3384 1629; x_wconf 88' lang='lat' dir='ltr'><strong>sese</strong></span> <span class='ocrx_word' id='word_1_413' title='bbox 3426 1576 3575 1644; x_wconf 85' lang='lat' dir='ltr'><strong>ipsos</strong></span> 
     </span>
    </p>
   </div>
   <div class='ocr_carea' id='block_1_59' title="bbox 1989 1663 3577 1732">
    <p class='ocr_par' dir='ltr' id='par_1_59' title="bbox 1989 1663 3577 1732">
     <span class='ocr_line' id='line_1_59' title="bbox 1989 1663 3577 1732; baseline 0.003 -17"><span class='ocrx_word' id='word_1_414' title='bbox 1989 1663 2265 1716; x_wconf 82' lang='lat' dir='ltr'><strong>extollunt</strong></span> <span class='ocrx_word' id='word_1_415' title='bbox 2300 1673 2352 1717; x_wconf 88' lang='lat' dir='ltr'><strong>et</strong></span> <span class='ocrx_word' id='word_1_416' title='bbox 2378 1663 2624 1732; x_wconf 74' lang='lat' dir='ltr'><strong>iactant,</strong></span> <span class='ocrx_word' id='word_1_417' title='bbox 2673 1673 2726 1718; x_wconf 92' lang='lat' dir='ltr'><strong>et</strong></span> <span class='ocrx_word' id='word_1_418' title='bbox 2759 1663 2990 1720; x_wconf 84' lang='lat' dir='ltr'><strong>fortasse</strong></span> <span class='ocrx_word' id='word_1_419' title='bbox 3020 1681 3128 1719; x_wconf 90' lang='lat' dir='ltr'><strong>non</strong></span> <span class='ocrx_word' id='word_1_420' title='bbox 3164 1665 3459 1721; x_wconf 84' lang='lat' dir='ltr'><strong>admodum</strong></span> <span class='ocrx_word' id='word_1_421' title='bbox 3501 1677 3577 1720; x_wconf 88' lang='lat' dir='ltr'><strong>te-</strong></span> 
     </span>
    </p>
   </div>
   <div class='ocr_carea' id='block_1_60' title="bbox 1991 1753 3575 1826">
    <p class='ocr_par' dir='ltr' id='par_1_60' title="bbox 1991 1753 3575 1826">
     <span class='ocr_line' id='line_1_60' title="bbox 1991 1753 3575 1826; baseline 0 -19"><span class='ocrx_word' id='word_1_422' title='bbox 1991 1769 2160 1808; x_wconf 87' lang='lat' dir='ltr'><strong>mere.</strong></span> <span class='ocrx_word' id='word_1_423' title='bbox 2196 1753 2340 1809; x_wconf 91' lang='lat' dir='ltr'><strong>lnter</strong></span> <span class='ocrx_word' id='word_1_424' title='bbox 2371 1756 2620 1810; x_wconf 90' lang='lat' dir='ltr'><strong>nationes</strong></span> <span class='ocrx_word' id='word_1_425' title='bbox 2653 1757 2819 1820; x_wconf 87' lang='lat' dir='ltr'><strong>enim,</strong></span> <span class='ocrx_word' id='word_1_426' title='bbox 2852 1772 2974 1826; x_wconf 72' lang='lat' dir='ltr'><strong>qua:</strong></span> <span class='ocrx_word' id='word_1_427' title='bbox 3002 1758 3103 1812; x_wconf 94' lang='lat' dir='ltr'><strong>sub</strong></span> <span class='ocrx_word' id='word_1_428' title='bbox 3139 1757 3317 1811; x_wconf 90' lang='lat' dir='ltr'><strong>alieno</strong></span> <span class='ocrx_word' id='word_1_429' title='bbox 3349 1759 3575 1826; x_wconf 77' lang='lat' dir='ltr'><strong>imperio</strong></span> 
     </span>
    </p>
   </div>
   <div class='ocr_carea' id='block_1_61' title="bbox 1993 1847 3576 1918">
    <p class='ocr_par' dir='ltr' id='par_1_61' title="bbox 1993 1847 3576 1918">
     <span class='ocr_line' id='line_1_61' title="bbox 1993 1847 3576 1918; baseline 0.003 -17"><span class='ocrx_word' id='word_1_430' title='bbox 1993 1854 2119 1901; x_wconf 89' lang='lat' dir='ltr'><strong>sunt</strong></span> <span class='ocrx_word' id='word_1_431' title='bbox 2155 1848 2488 1913; x_wconf 64' lang='lat' dir='ltr'><strong>constitutae,</strong></span> <span class='ocrx_word' id='word_1_432' title='bbox 2525 1848 2730 1902; x_wconf 90' lang='lat' dir='ltr'><strong>nullam</strong></span> <span class='ocrx_word' id='word_1_433' title='bbox 2765 1847 3017 1918; x_wconf 87' lang='lat' dir='ltr'><strong>equidem</strong></span> <span class='ocrx_word' id='word_1_434' title='bbox 3052 1849 3214 1904; x_wconf 88' lang='lat' dir='ltr'><strong>aliam</strong></span> <span class='ocrx_word' id='word_1_435' title='bbox 3245 1849 3353 1903; x_wconf 83' lang='lat' dir='ltr'><strong>vidi</strong></span> <span class='ocrx_word' id='word_1_436' title='bbox 3379 1850 3451 1904; x_wconf 91' lang='lat' dir='ltr'><strong>ita</strong></span> <span class='ocrx_word' id='word_1_437' title='bbox 3485 1865 3576 1905; x_wconf 84' lang='lat' dir='ltr'><strong>ce-</strong></span> 
     </span>
    </p>
   </div>
   <div class='ocr_carea' id='block_1_62' title="bbox 1990 1935 3578 2012">
    <p class='ocr_par' dir='ltr' id='par_1_62' title="bbox 1990 1935 3578 2012">
     <span class='ocr_line' id='line_1_62' title="bbox 1990 1935 3578 2012; baseline 0.004 -22"><span class='ocrx_word' id='word_1_438' title='bbox 1990 1935 2194 1992; x_wconf 88' lang='lat' dir='ltr'><strong>lebrem</strong></span> <span class='ocrx_word' id='word_1_439' title='bbox 2229 1948 2394 2009; x_wconf 88' lang='lat' dir='ltr'><strong>atque</strong></span> <span class='ocrx_word' id='word_1_440' title='bbox 2427 1938 2640 1993; x_wconf 84' lang='lat' dir='ltr'><strong>felicem</strong></span> <span class='ocrx_word' id='word_1_441' title='bbox 2679 1949 2785 1993; x_wconf 90' lang='lat' dir='ltr'><strong>tam</strong></span> <span class='ocrx_word' id='word_1_442' title='bbox 2841 1955 3005 2009; x_wconf 81' lang='lat' dir='ltr'><strong>Opllm</strong></span> <span class='ocrx_word' id='word_1_443' title='bbox 3045 1940 3367 1996; x_wconf 79' lang='lat' dir='ltr'><strong>excellentia</strong></span> <span class='ocrx_word' id='word_1_444' title='bbox 3413 1958 3578 2012; x_wconf 90' lang='lat' dir='ltr'><strong>quam</strong></span> 
     </span>
    </p>
   </div>
   <div class='ocr_carea' id='block_1_63' title="bbox 1992 2031 3580 2102">
    <p class='ocr_par' dir='ltr' id='par_1_63' title="bbox 1992 2031 3580 2102">
     <span class='ocr_line' id='line_1_63' title="bbox 1992 2031 3580 2102; baseline 0.003 -18"><span class='ocrx_word' id='word_1_445' title='bbox 1992 2031 2342 2086; x_wconf 87' lang='lat' dir='ltr'><strong>multitudine</strong></span> <span class='ocrx_word' id='word_1_446' title='bbox 2380 2031 2749 2095; x_wconf 88' lang='lat' dir='ltr'><strong>subditorum,</strong></span> <span class='ocrx_word' id='word_1_447' title='bbox 2793 2031 3034 2085; x_wconf 91' lang='lat' dir='ltr'><strong>locorum</strong></span> <span class='ocrx_word' id='word_1_448' title='bbox 3062 2032 3228 2086; x_wconf 90' lang='lat' dir='ltr'><strong>etiam</strong></span> <span class='ocrx_word' id='word_1_449' title='bbox 3254 2035 3580 2102; x_wconf 87' lang='lat' dir='ltr'><strong>opportuni-</strong></span> 
     </span>
    </p>
   </div>
   <div class='ocr_carea' id='block_1_64' title="bbox 1991 2120 3581 2193">
    <p class='ocr_par' dir='ltr' id='par_1_64' title="bbox 1991 2120 3581 2193">
     <span class='ocr_line' id='line_1_64' title="bbox 1991 2120 3581 2193; baseline 0.002 -18"><span class='ocrx_word' id='word_1_450' title='bbox 1991 2130 2123 2188; x_wconf 88' lang='lat' dir='ltr'><strong>tate,</strong></span> <span class='ocrx_word' id='word_1_451' title='bbox 2155 2120 2314 2193; x_wconf 70' lang='grc'><strong>146</strong></span> <span class='ocrx_word' id='word_1_452' title='bbox 2342 2121 2786 2191; x_wconf 88' lang='lat' dir='ltr'><strong>abundantiaque</strong></span> <span class='ocrx_word' id='word_1_453' title='bbox 2823 2135 3005 2176; x_wconf 85' lang='lat' dir='ltr'><strong>rerum</strong></span> <span class='ocrx_word' id='word_1_454' title='bbox 3033 2124 3496 2187; x_wconf 84' lang='lat' dir='ltr'><strong>necessariarum,</strong></span> <span class='ocrx_word' id='word_1_455' title='bbox 3525 2135 3581 2180; x_wconf 87' lang='lat' dir='ltr'><strong>et</strong></span> 
     </span>
    </p>
   </div>
   <div class='ocr_carea' id='block_1_65' title="bbox 1991 2217 3577 2289">
    <p class='ocr_par' dir='ltr' id='par_1_65' title="bbox 1991 2217 3577 2289">
     <span class='ocr_line' id='line_1_65' title="bbox 1991 2217 3577 2289; baseline 0.001 -19"><span class='ocrx_word' id='word_1_456' title='bbox 1991 2233 2210 2272; x_wconf 90' lang='lat' dir='ltr'><strong>morum</strong></span> <span class='ocrx_word' id='word_1_457' title='bbox 2244 2218 2513 2288; x_wconf 84' lang='lat' dir='ltr'><strong>elegantia</strong></span> <span class='ocrx_word' id='word_1_458' title='bbox 2540 2233 2602 2271; x_wconf 88' lang='lat' dir='ltr'><strong>ac</strong></span> <span class='ocrx_word' id='word_1_459' title='bbox 2629 2218 2973 2272; x_wconf 83' lang='lat' dir='ltr'><strong>dexteritate.</strong></span> <span class='ocrx_word' id='word_1_460' title='bbox 3009 2217 3088 2273; x_wconf 84' lang='lat' dir='ltr'><strong>Ac</strong></span> <span class='ocrx_word' id='word_1_461' title='bbox 3118 2229 3328 2273; x_wconf 76' lang='lat' dir='ltr'><strong>veteres</strong></span> <span class='ocrx_word' id='word_1_462' title='bbox 3355 2220 3577 2289; x_wconf 88' lang='lat' dir='ltr'><strong>quidem</strong></span> 
     </span>
    </p>
   </div>
   <div class='ocr_carea' id='block_1_66' title="bbox 1990 2303 3582 2378">
    <p class='ocr_par' dir='ltr' id='par_1_66' title="bbox 1990 2303 3582 2378">
     <span class='ocr_line' id='line_1_66' title="bbox 1990 2303 3582 2378; baseline 0.001 -18"><span class='ocrx_word' id='word_1_463' title='bbox 1990 2303 2326 2362; x_wconf 86' lang='lat' dir='ltr'><strong>habitatores</strong></span> <span class='ocrx_word' id='word_1_464' title='bbox 2352 2307 2778 2378; x_wconf 65' lang='lat' dir='ltr'><strong>bonorum,fqu:e</strong></span> <span class='ocrx_word' id='word_1_465' title='bbox 2797 2306 2953 2361; x_wconf 78' lang='lat' dir='ltr'><strong>affert</strong></span> <span class='ocrx_word' id='word_1_466' title='bbox 2979 2323 3150 2371; x_wconf 91' lang='lat' dir='ltr'><strong>mare,</strong></span> <span class='ocrx_word' id='word_1_467' title='bbox 3176 2323 3404 2378; x_wconf 87' lang='lat' dir='ltr'><strong>prorsus</strong></span> <span class='ocrx_word' id='word_1_468' title='bbox 3427 2318 3582 2362; x_wconf 89' lang='lat' dir='ltr'><strong>erant</strong></span> 
     </span>
    </p>
   </div>
   <div class='ocr_carea' id='block_1_67' title="bbox 1993 2383 3572 2470">
    <p class='ocr_par' dir='ltr' id='par_1_67' title="bbox 1993 2383 3572 2470">
     <span class='ocr_line' id='line_1_67' title="bbox 1993 2383 3572 2470; baseline 0.003 -18"><span class='ocrx_word' id='word_1_469' title='bbox 1993 2399 2194 2470; x_wconf 86' lang='lat' dir='ltr'><strong>ignari,</strong></span> <span class='ocrx_word' id='word_1_470' title='bbox 2223 2401 2423 2470; x_wconf 91' lang='lat' dir='ltr'><strong>quippe</strong></span> <span class='ocrx_word' id='word_1_471' title='bbox 2449 2401 2651 2470; x_wconf 91' lang='lat' dir='ltr'><strong>quibus</strong></span> <span class='ocrx_word' id='word_1_472' title='bbox 2683 2383 2763 2455; x_wconf 31' lang='lat' dir='ltr'><strong>ne.</strong></span> <span class='ocrx_word' id='word_1_473' title='bbox 2785 2416 2978 2454; x_wconf 88' lang='lat' dir='ltr'><strong>nomen</strong></span> <span class='ocrx_word' id='word_1_474' title='bbox 3013 2401 3231 2470; x_wconf 91' lang='lat' dir='ltr'><strong>quidem</strong></span> <span class='ocrx_word' id='word_1_475' title='bbox 3262 2403 3418 2455; x_wconf 79' lang='lat' dir='ltr'><strong>navis</strong></span> <span class='ocrx_word' id='word_1_476' title='bbox 3455 2412 3572 2456; x_wconf 90' lang='lat' dir='ltr'><strong>erat</strong></span> 
     </span>
    </p>
   </div>
   <div class='ocr_carea' id='block_1_68' title="bbox 1993 2493 3577 2565">
    <p class='ocr_par' dir='ltr' id='par_1_68' title="bbox 1993 2493 3577 2565">
     <span class='ocr_line' id='line_1_68' title="bbox 1993 2493 3577 2565; baseline 0.001 -20"><span class='ocrx_word' id='word_1_477' title='bbox 1993 2494 2262 2557; x_wconf 91' lang='lat' dir='ltr'><strong>auditum,</strong></span> <span class='ocrx_word' id='word_1_478' title='bbox 2297 2493 2473 2550; x_wconf 87' lang='lat' dir='ltr'><strong>donec</strong></span> <span class='ocrx_word' id='word_1_479' title='bbox 2503 2509 2568 2548; x_wconf 94' lang='lat' dir='ltr'><strong>eo</strong></span> <span class='ocrx_word' id='word_1_480' title='bbox 2599 2493 2744 2565; x_wconf 81' lang='lat' dir='ltr'><strong>Argo</strong></span> <span class='ocrx_word' id='word_1_481' title='bbox 2771 2494 2860 2547; x_wconf 90' lang='lat' dir='ltr'><strong>illa</strong></span> <span class='ocrx_word' id='word_1_482' title='bbox 2892 2495 3211 2563; x_wconf 88' lang='lat' dir='ltr'><strong>appulisset.</strong></span> <span class='ocrx_word' id='word_1_483' title='bbox 3241 2493 3414 2564; x_wconf 87' lang='lat' dir='ltr'><strong>llujus</strong></span> <span class='ocrx_word' id='word_1_484' title='bbox 3446 2509 3577 2548; x_wconf 88' lang='lat' dir='ltr'><strong>vero</strong></span> 
     </span>
    </p>
   </div>
   <div class='ocr_carea' id='block_1_69' title="bbox 1991 2584 3576 2655">
    <p class='ocr_par' dir='ltr' id='par_1_69' title="bbox 1991 2584 3576 2655">
     <span class='ocr_line' id='line_1_69' title="bbox 1991 2584 3576 2655; baseline 0 -18"><span class='ocrx_word' id='word_1_485' title='bbox 1991 2585 2254 2654; x_wconf 72' lang='lat' dir='ltr'><strong>temporis</strong></span> <span class='ocrx_word' id='word_1_486' title='bbox 2287 2584 2474 2639; x_wconf 88' lang='lat' dir='ltr'><strong>Colchi</strong></span> <span class='ocrx_word' id='word_1_487' title='bbox 2516 2594 2571 2639; x_wconf 90' lang='lat' dir='ltr'><strong>et</strong></span> <span class='ocrx_word' id='word_1_488' title='bbox 2605 2585 2881 2655; x_wconf 80' lang='lat' dir='ltr'><strong>navigant,</strong></span> <span class='ocrx_word' id='word_1_489' title='bbox 2917 2601 3041 2639; x_wconf 92' lang='lat' dir='ltr'><strong>cum</strong></span> <span class='ocrx_word' id='word_1_490' title='bbox 3079 2587 3150 2638; x_wconf 89' lang='lat' dir='ltr'><strong>ita</strong></span> <span class='ocrx_word' id='word_1_491' title='bbox 3185 2601 3286 2639; x_wconf 89' lang='lat' dir='ltr'><strong>usu</strong></span> <span class='ocrx_word' id='word_1_492' title='bbox 3319 2585 3486 2648; x_wconf 85' lang='lat' dir='ltr'><strong>venit,</strong></span> <span class='ocrx_word' id='word_1_493' title='bbox 3520 2595 3576 2639; x_wconf 86' lang='lat' dir='ltr'><strong>et</strong></span> 
     </span>
    </p>
   </div>
   <div class='ocr_carea' id='block_1_70' title="bbox 1997 2676 3578 2746">
    <p class='ocr_par' dir='ltr' id='par_1_70' title="bbox 1997 2676 3578 2746">
     <span class='ocr_line' id='line_1_70' title="bbox 1997 2676 3578 2746; baseline -0.001 -16"><span class='ocrx_word' id='word_1_494' title='bbox 1997 2690 2062 2730; x_wconf 81' lang='lat' dir='ltr'><strong>ex</strong></span> <span class='ocrx_word' id='word_1_495' title='bbox 2098 2685 2410 2731; x_wconf 84' lang='lat' dir='ltr'><strong>mercatura</strong></span> <span class='ocrx_word' id='word_1_496' title='bbox 2434 2686 2703 2746; x_wconf 73' lang='lat' dir='ltr'><strong>quaestum</strong></span> <span class='ocrx_word' id='word_1_497' title='bbox 2730 2676 2972 2730; x_wconf 89' lang='lat' dir='ltr'><strong>faciunt:</strong></span> <span class='ocrx_word' id='word_1_498' title='bbox 3000 2685 3238 2746; x_wconf 81' lang='lat' dir='ltr'><strong>suntque</strong></span> <span class='ocrx_word' id='word_1_499' title='bbox 3267 2676 3334 2732; x_wconf 90' lang='lat' dir='ltr'><strong>de</strong></span> <span class='ocrx_word' id='word_1_500' title='bbox 3364 2677 3578 2746; x_wconf 90' lang='lat' dir='ltr'><strong>reliquo</strong></span> 
     </span>
    </p>
   </div>
   <div class='ocr_carea' id='block_1_71' title="bbox 1997 2767 3581 2838">
    <p class='ocr_par' dir='ltr' id='par_1_71' title="bbox 1997 2767 3581 2838">
     <span class='ocr_line' id='line_1_71' title="bbox 1997 2767 3581 2838; baseline -0.001 -16"><span class='ocrx_word' id='word_1_501' title='bbox 1997 2784 2347 2838; x_wconf 88' lang='lat' dir='ltr'><strong>nequaquam</strong></span> <span class='ocrx_word' id='word_1_502' title='bbox 2382 2767 2628 2833; x_wconf 90' lang='lat' dir='ltr'><strong>barbari,</strong></span> <span class='ocrx_word' id='word_1_503' title='bbox 2659 2784 2836 2838; x_wconf 92' lang='lat' dir='ltr'><strong>neque</strong></span> <span class='ocrx_word' id='word_1_504' title='bbox 2867 2769 2941 2824; x_wconf 88' lang='lat' dir='ltr'><strong>ita</strong></span> <span class='ocrx_word' id='word_1_505' title='bbox 2971 2769 3180 2834; x_wconf 79' lang='lat' dir='ltr'><strong>vivunt,</strong></span> <span class='ocrx_word' id='word_1_506' title='bbox 3209 2768 3302 2823; x_wconf 90' lang='lat' dir='ltr'><strong>sed</strong></span> <span class='ocrx_word' id='word_1_507' title='bbox 3330 2768 3396 2822; x_wconf 91' lang='lat' dir='ltr'><strong>ad</strong></span> <span class='ocrx_word' id='word_1_508' title='bbox 3421 2767 3581 2822; x_wconf 87' lang='lat' dir='ltr'><strong>civile</strong></span> 
     </span>
    </p>
   </div>
   <div class='ocr_carea' id='block_1_72' title="bbox 1998 2858 3579 2931">
    <p class='ocr_par' dir='ltr' id='par_1_72' title="bbox 1998 2858 3579 2931">
     <span class='ocr_line' id='line_1_72' title="bbox 1998 2858 3579 2931; baseline -0.001 -18"><span class='ocrx_word' id='word_1_509' title='bbox 1998 2875 2060 2915; x_wconf 91' lang='lat' dir='ltr'><strong>ac</strong></span> <span class='ocrx_word' id='word_1_510' title='bbox 2100 2858 2272 2930; x_wconf 83' lang='lat' dir='ltr'><strong>legale</strong></span> <span class='ocrx_word' id='word_1_511' title='bbox 2300 2860 2517 2915; x_wconf 79' lang='lat' dir='ltr'><strong>vivendi</strong></span> <span class='ocrx_word' id='word_1_512' title='bbox 2554 2876 2726 2931; x_wconf 89' lang='lat' dir='ltr'><strong>genus</strong></span> <span class='ocrx_word' id='word_1_513' title='bbox 2756 2875 2820 2915; x_wconf 80' lang='lat' dir='ltr'><strong>ex</strong></span> <span class='ocrx_word' id='word_1_514' title='bbox 2859 2861 3258 2915; x_wconf 84' lang='lat' dir='ltr'><strong>consuetudine</strong></span> <span class='ocrx_word' id='word_1_515' title='bbox 3287 2875 3411 2914; x_wconf 91' lang='lat' dir='ltr'><strong>eum</strong></span> <span class='ocrx_word' id='word_1_516' title='bbox 3467 2858 3579 2913; x_wconf 81' lang='lat' dir='ltr'><strong>Ro-</strong></span> 
     </span>
    </p>
   </div>
   <div class='ocr_carea' id='block_1_73' title="bbox 1998 2952 3584 3022">
    <p class='ocr_par' dir='ltr' id='par_1_73' title="bbox 1998 2952 3584 3022">
     <span class='ocr_line' id='line_1_73' title="bbox 1998 2952 3584 3022; baseline 0.001 -17"><span class='ocrx_word' id='word_1_517' title='bbox 1998 2953 2176 3006; x_wconf 68' lang='lat' dir='ltr'><strong>manis</strong></span> <span class='ocrx_word' id='word_1_518' title='bbox 2229 2964 2358 3006; x_wconf 90' lang='lat' dir='ltr'><strong>sunt</strong></span> <span class='ocrx_word' id='word_1_519' title='bbox 2410 2953 2644 3006; x_wconf 86' lang='lat' dir='ltr'><strong>traducti</strong></span> <span class='ocrx_word' id='word_1_520' title='bbox 2685 2971 2696 3006; x_wconf 91' lang='lat'>:</span> <span class='ocrx_word' id='word_1_521' title='bbox 2735 2952 2872 3006; x_wconf 89' lang='lat' dir='ltr'><strong>adeo</strong></span> <span class='ocrx_word' id='word_1_522' title='bbox 2915 2961 2974 3006; x_wconf 92' lang='lat' dir='ltr'><strong>ut</strong></span> <span class='ocrx_word' id='word_1_523' title='bbox 3028 2952 3071 3006; x_wconf 87' lang='lat' dir='ltr'><strong>si</strong></span> <span class='ocrx_word' id='word_1_524' title='bbox 3123 2954 3248 3022; x_wconf 83' lang='lat' dir='ltr'><strong>quis</strong></span> <span class='ocrx_word' id='word_1_525' title='bbox 3302 2953 3584 3022; x_wconf 82' lang='lat' dir='ltr'><strong>aeripedes</strong></span> 
     </span>
    </p>
   </div>
   <div class='ocr_carea' id='block_1_74' title="bbox 1997 3041 3581 3112">
    <p class='ocr_par' dir='ltr' id='par_1_74' title="bbox 1997 3041 3581 3112">
     <span class='ocr_line' id='line_1_74' title="bbox 1997 3041 3581 3112; baseline -0.001 -16"><span class='ocrx_word' id='word_1_526' title='bbox 1997 3052 2184 3098; x_wconf 85' lang='lat' dir='ltr'><strong>tauros</strong></span> <span class='ocrx_word' id='word_1_527' title='bbox 2219 3042 2616 3112; x_wconf 88' lang='lat' dir='ltr'><strong>hominumque</strong></span> <span class='ocrx_word' id='word_1_528' title='bbox 2651 3059 2681 3096; x_wconf 89' lang='lat' dir='ltr'><strong>e</strong></span> <span class='ocrx_word' id='word_1_529' title='bbox 2721 3053 2866 3096; x_wconf 84' lang='lat' dir='ltr'><strong>terra</strong></span> <span class='ocrx_word' id='word_1_530' title='bbox 2913 3041 3296 3112; x_wconf 90' lang='lat' dir='ltr'><strong>pullulantium</strong></span> <span class='ocrx_word' id='word_1_531' title='bbox 3343 3048 3581 3111; x_wconf 88' lang='lat' dir='ltr'><strong>segetem</strong></span> 
     </span>
    </p>
   </div>
   <div class='ocr_carea' id='block_1_75' title="bbox 2000 3135 3586 3206">
    <p class='ocr_par' dir='ltr' id='par_1_75' title="bbox 2000 3135 3586 3206">
     <span class='ocr_line' id='line_1_75' title="bbox 2000 3135 3586 3206; baseline -0.002 -16"><span class='ocrx_word' id='word_1_532' title='bbox 2000 3135 2216 3205; x_wconf 90' lang='lat' dir='ltr'><strong>aliaque</strong></span> <span class='ocrx_word' id='word_1_533' title='bbox 2269 3145 2585 3206; x_wconf 88' lang='lat' dir='ltr'><strong>portentosa</strong></span> <span class='ocrx_word' id='word_1_534' title='bbox 2646 3145 2700 3190; x_wconf 90' lang='lat' dir='ltr'><strong>et</strong></span> <span class='ocrx_word' id='word_1_535' title='bbox 2757 3135 3123 3199; x_wconf 85' lang='lat' dir='ltr'><strong>incredibilia,</strong></span> <span class='ocrx_word' id='word_1_536' title='bbox 3179 3151 3302 3204; x_wconf 71' lang='lat' dir='ltr'><strong>quae</strong></span> <span class='ocrx_word' id='word_1_537' title='bbox 3345 3135 3478 3190; x_wconf 87' lang='lat' dir='ltr'><strong>scite</strong></span> <span class='ocrx_word' id='word_1_538' title='bbox 3519 3135 3586 3189; x_wconf 91' lang='lat' dir='ltr'><strong>de</strong></span> 
     </span>
    </p>
   </div>
   <div class='ocr_carea' id='block_1_76' title="bbox 2003 3225 3586 3298">
    <p class='ocr_par' dir='ltr' id='par_1_76' title="bbox 2003 3225 3586 3298">
     <span class='ocr_line' id='line_1_76' title="bbox 2003 3225 3586 3298; baseline -0.003 -16"><span class='ocrx_word' id='word_1_539' title='bbox 2003 3225 2162 3282; x_wconf 67' lang='lat' dir='ltr'><strong>Eeta</strong></span> <span class='ocrx_word' id='word_1_540' title='bbox 2192 3227 2473 3298; x_wconf 83' lang='lat' dir='ltr'><strong>fmguntur</strong></span> <span class='ocrx_word' id='word_1_541' title='bbox 2497 3243 2526 3281; x_wconf 91' lang='lat' dir='ltr'><strong>a</strong></span> <span class='ocrx_word' id='word_1_542' title='bbox 2549 3227 2744 3296; x_wconf 85' lang='lat' dir='ltr'><strong>poetis,</strong></span> <span class='ocrx_word' id='word_1_543' title='bbox 2768 3227 2973 3294; x_wconf 89' lang='lat' dir='ltr'><strong>demat,</strong></span> <span class='ocrx_word' id='word_1_544' title='bbox 2996 3226 3284 3297; x_wconf 72' lang='lat' dir='ltr'><strong>praesentia</strong></span> <span class='ocrx_word' id='word_1_545' title='bbox 3308 3227 3586 3282; x_wconf 88' lang='lat' dir='ltr'><strong>veteribus</strong></span> 
     </span>
    </p>
   </div>
   <div class='ocr_carea' id='block_1_77' title="bbox 2003 3317 3585 3389">
    <p class='ocr_par' dir='ltr' id='par_1_77' title="bbox 2003 3317 3585 3389">
     <span class='ocr_line' id='line_1_77' title="bbox 2003 3317 3585 3389; baseline -0.001 -17"><span class='ocrx_word' id='word_1_546' title='bbox 2003 3320 2167 3389; x_wconf 88' lang='lat' dir='ltr'><strong>longe</strong></span> <span class='ocrx_word' id='word_1_547' title='bbox 2206 3319 2434 3373; x_wconf 91' lang='lat' dir='ltr'><strong>meliora</strong></span> <span class='ocrx_word' id='word_1_548' title='bbox 2477 3319 2800 3388; x_wconf 90' lang='lat' dir='ltr'><strong>comperiat.</strong></span> <span class='ocrx_word' id='word_1_549' title='bbox 2833 3317 2992 3372; x_wconf 89' lang='lat' dir='ltr'><strong>Tales</strong></span> <span class='ocrx_word' id='word_1_550' title='bbox 3024 3320 3209 3388; x_wconf 89' lang='lat' dir='ltr'><strong>itaque</strong></span> <span class='ocrx_word' id='word_1_551' title='bbox 3243 3333 3366 3372; x_wconf 90' lang='lat' dir='ltr'><strong>cum</strong></span> <span class='ocrx_word' id='word_1_552' title='bbox 3402 3327 3585 3372; x_wconf 85' lang='lat' dir='ltr'><strong>essent</strong></span> 
     </span>
    </p>
   </div>
   <div class='ocr_carea' id='block_1_78' title="bbox 2003 3411 3588 3484">
    <p class='ocr_par' dir='ltr' id='par_1_78' title="bbox 2003 3411 3588 3484">
     <span class='ocr_line' id='line_1_78' title="bbox 2003 3411 3588 3484; baseline 0 -19"><span class='ocrx_word' id='word_1_553' title='bbox 2003 3411 2158 3484; x_wconf 84' lang='lat' dir='ltr'><strong>Lazi,</strong></span> <span class='ocrx_word' id='word_1_554' title='bbox 2191 3412 2388 3466; x_wconf 91' lang='lat' dir='ltr'><strong>merito</strong></span> <span class='ocrx_word' id='word_1_555' title='bbox 2421 3426 2480 3467; x_wconf 92' lang='lat' dir='ltr'><strong>se</strong></span> <span class='ocrx_word' id='word_1_556' title='bbox 2517 3413 2848 3467; x_wconf 84' lang='lat' dir='ltr'><strong>intolerabili</strong></span> <span class='ocrx_word' id='word_1_557' title='bbox 2887 3414 3087 3483; x_wconf 88' lang='lat' dir='ltr'><strong>injuria</strong></span> <span class='ocrx_word' id='word_1_558' title='bbox 3132 3411 3352 3465; x_wconf 75' lang='lat' dir='ltr'><strong>allectos</strong></span> <span class='ocrx_word' id='word_1_559' title='bbox 3394 3425 3588 3465; x_wconf 83' lang='lat' dir='ltr'><strong>cense-</strong></span> 
     </span>
    </p>
   </div>
   <div class='ocr_carea' id='block_1_79' title="bbox 2005 3499 3584 3576">
    <p class='ocr_par' dir='ltr' id='par_1_79' title="bbox 2005 3499 3584 3576">
     <span class='ocr_line' id='line_1_79' title="bbox 2005 3499 3584 3576; baseline 0.003 -25"><span class='ocrx_word' id='word_1_560' title='bbox 2005 3501 2156 3576; x_wconf 79' lang='lat' dir='ltr'><strong>bant,</strong></span> <span class='ocrx_word' id='word_1_561' title='bbox 2193 3508 2379 3570; x_wconf 86' lang='lat' dir='ltr'><strong>utpote</strong></span> <span class='ocrx_word' id='word_1_562' title='bbox 2405 3515 2530 3570; x_wconf 90' lang='lat' dir='ltr'><strong>rege</strong></span> <span class='ocrx_word' id='word_1_563' title='bbox 2562 3515 2664 3556; x_wconf 91' lang='lat' dir='ltr'><strong>suo</strong></span> <span class='ocrx_word' id='word_1_564' title='bbox 2693 3503 2951 3557; x_wconf 87' lang='lat' dir='ltr'><strong>atrociter</strong></span> <span class='ocrx_word' id='word_1_565' title='bbox 2978 3501 3193 3572; x_wconf 76' lang='lat' dir='ltr'><strong>privati.</strong></span> <span class='ocrx_word' id='word_1_566' title='bbox 3230 3499 3422 3554; x_wconf 88' lang='lat' dir='ltr'><strong>Statim</strong></span> <span class='ocrx_word' id='word_1_567' title='bbox 3459 3515 3584 3555; x_wconf 87' lang='lat' dir='ltr'><strong>vero</strong></span> 
     </span>
    </p>
   </div>
   <div class='ocr_carea' id='block_1_80' title="bbox 2005 3593 3584 3660">
    <p class='ocr_par' dir='ltr' id='par_1_80' title="bbox 2005 3593 3584 3660">
     <span class='ocr_line' id='line_1_80' title="bbox 2005 3593 3584 3660; baseline -0.001 -12"><span class='ocrx_word' id='word_1_568' title='bbox 2005 3594 2261 3658; x_wconf 81' lang='lat' dir='ltr'><strong>Romani,</strong></span> <span class='ocrx_word' id='word_1_569' title='bbox 2291 3593 2553 3648; x_wconf 89' lang='lat' dir='ltr'><strong>incitante</strong></span> <span class='ocrx_word' id='word_1_570' title='bbox 2583 3593 2840 3660; x_wconf 86' lang='lat' dir='ltr'><strong>Martino,</strong></span> <span class='ocrx_word' id='word_1_571' title='bbox 2865 3595 3123 3650; x_wconf 89' lang='lat' dir='ltr'><strong>omnibus</strong></span> <span class='ocrx_word' id='word_1_572' title='bbox 3148 3593 3352 3647; x_wconf 89' lang='lat' dir='ltr'><strong>viribus</strong></span> <span class='ocrx_word' id='word_1_573' title='bbox 3378 3593 3584 3647; x_wconf 87' lang='lat' dir='ltr'><strong>adoriri</strong></span> 
     </span>
    </p>
   </div>
   <div class='ocr_carea' id='block_1_81' title="bbox 2005 3683 3586 3756">
    <p class='ocr_par' dir='ltr' id='par_1_81' title="bbox 2005 3683 3586 3756">
     <span class='ocr_line' id='line_1_81' title="bbox 2005 3683 3586 3756; baseline -0.002 -16"><span class='ocrx_word' id='word_1_574' title='bbox 2005 3685 2274 3756; x_wconf 89' lang='lat' dir='ltr'><strong>parabant</strong></span> <span class='ocrx_word' id='word_1_575' title='bbox 2310 3685 2505 3740; x_wconf 87' lang='lat' dir='ltr'><strong>Persas</strong></span> <span class='ocrx_word' id='word_1_576' title='bbox 2529 3684 2831 3754; x_wconf 87' lang='lat' dir='ltr'><strong>Onogurim</strong></span> <span class='ocrx_word' id='word_1_577' title='bbox 2869 3685 3192 3739; x_wconf 85' lang='lat' dir='ltr'><strong>insidentes.</strong></span> <span class='ocrx_word' id='word_1_578' title='bbox 3213 3683 3434 3750; x_wconf 79' lang='lat' dir='ltr'><strong>Accepit</strong></span> <span class='ocrx_word' id='word_1_579' title='bbox 3458 3698 3586 3738; x_wconf 89' lang='lat' dir='ltr'><strong>vero</strong></span> 
     </span>
    </p>
   </div>
   <div class='ocr_carea' id='block_1_82' title="bbox 2001 3776 3584 3848">
    <p class='ocr_par' dir='ltr' id='par_1_82' title="bbox 2001 3776 3584 3848">
     <span class='ocr_line' id='line_1_82' title="bbox 2001 3776 3584 3848; baseline -0.002 -16"><span class='ocrx_word' id='word_1_580' title='bbox 2001 3780 2114 3848; x_wconf 89' lang='lat' dir='ltr'><strong>jam</strong></span> <span class='ocrx_word' id='word_1_581' title='bbox 2149 3779 2278 3833; x_wconf 90' lang='lat' dir='ltr'><strong>inde</strong></span> <span class='ocrx_word' id='word_1_582' title='bbox 2313 3779 2382 3832; x_wconf 79' lang='lat' dir='ltr'><strong>ab</strong></span> <span class='ocrx_word' id='word_1_583' title='bbox 2411 3777 2638 3848; x_wconf 84' lang='lat' dir='ltr'><strong>antiquo</strong></span> <span class='ocrx_word' id='word_1_584' title='bbox 2675 3777 2764 3831; x_wconf 91' lang='lat' dir='ltr'><strong>hic</strong></span> <span class='ocrx_word' id='word_1_585' title='bbox 2812 3777 2962 3830; x_wconf 91' lang='lat' dir='ltr'><strong>locus</strong></span> <span class='ocrx_word' id='word_1_586' title='bbox 2994 3792 3111 3831; x_wconf 89' lang='lat' dir='ltr'><strong>eam</strong></span> <span class='ocrx_word' id='word_1_587' title='bbox 3147 3776 3584 3845; x_wconf 86' lang='lat' dir='ltr'><strong>appellationem,</strong></span> 
     </span>
    </p>
   </div>
   <div class='ocr_carea' id='block_1_83' title="bbox 2005 3867 3581 3941">
    <p class='ocr_par' dir='ltr' id='par_1_83' title="bbox 2005 3867 3581 3941">
     <span class='ocr_line' id='line_1_83' title="bbox 2005 3867 3581 3941; baseline -0.002 -18"><span class='ocrx_word' id='word_1_588' title='bbox 2005 3869 2150 3941; x_wconf 91' lang='lat' dir='ltr'><strong>quod</strong></span> <span class='ocrx_word' id='word_1_589' title='bbox 2188 3885 2310 3925; x_wconf 91' lang='lat' dir='ltr'><strong>cum</strong></span> <span class='ocrx_word' id='word_1_590' title='bbox 2360 3867 2541 3922; x_wconf 90' lang='lat' dir='ltr'><strong>llunni</strong></span> <span class='ocrx_word' id='word_1_591' title='bbox 2591 3867 2848 3933; x_wconf 84' lang='lat' dir='ltr'><strong>fortasse,</strong></span> <span class='ocrx_word' id='word_1_592' title='bbox 2894 3867 3134 3936; x_wconf 87' lang='lat' dir='ltr'><strong>Onoguri</strong></span> <span class='ocrx_word' id='word_1_593' title='bbox 3173 3867 3378 3930; x_wconf 89' lang='lat' dir='ltr'><strong>vocati,</strong></span> <span class='ocrx_word' id='word_1_594' title='bbox 3413 3882 3581 3934; x_wconf 86' lang='lat' dir='ltr'><strong>supe-</strong></span> 
     </span>
    </p>
   </div>
   <div class='ocr_carea' id='block_1_84' title="bbox 2005 3962 3582 4036">
    <p class='ocr_par' dir='ltr' id='par_1_84' title="bbox 2005 3962 3582 4036">
     <span class='ocr_line' id='line_1_84' title="bbox 2005 3962 3582 4036; baseline -0.001 -16"><span class='ocrx_word' id='word_1_595' title='bbox 2005 3966 2246 4021; x_wconf 87' lang='lat' dir='ltr'><strong>rioribus</strong></span> <span class='ocrx_word' id='word_1_596' title='bbox 2277 3965 2615 4036; x_wconf 86' lang='lat' dir='ltr'><strong>temporibus</strong></span> <span class='ocrx_word' id='word_1_597' title='bbox 2660 3965 2753 4018; x_wconf 93' lang='lat' dir='ltr'><strong>illo</strong></span> <span class='ocrx_word' id='word_1_598' title='bbox 2791 3965 2915 4034; x_wconf 88' lang='lat' dir='ltr'><strong>ipso</strong></span> <span class='ocrx_word' id='word_1_599' title='bbox 2957 3965 3008 4016; x_wconf 88' lang='lat' dir='ltr'><strong>in</strong></span> <span class='ocrx_word' id='word_1_600' title='bbox 3053 3963 3170 4017; x_wconf 84' lang='lat' dir='ltr'><strong>loco</strong></span> <span class='ocrx_word' id='word_1_601' title='bbox 3200 3979 3319 4016; x_wconf 86' lang='lat' dir='ltr'><strong>cum</strong></span> <span class='ocrx_word' id='word_1_602' title='bbox 3364 3962 3582 4018; x_wconf 82' lang='lat' dir='ltr'><strong>Colchis</strong></span> 
     </span>
    </p>
   </div>
   <div class='ocr_carea' id='block_1_85' title="bbox 2003 4054 3579 4128">
    <p class='ocr_par' dir='ltr' id='par_1_85' title="bbox 2003 4054 3579 4128">
     <span class='ocr_line' id='line_1_85' title="bbox 2003 4054 3579 4128; baseline -0.003 -15"><span class='ocrx_word' id='word_1_603' title='bbox 2003 4059 2194 4128; x_wconf 62' lang='lat' dir='ltr'><strong>prmlio</strong></span> <span class='ocrx_word' id='word_1_604' title='bbox 2229 4058 2604 4112; x_wconf 84' lang='lat' dir='ltr'><strong>decertassent</strong></span> <span class='ocrx_word' id='word_1_605' title='bbox 2637 4057 2871 4125; x_wconf 85' lang='lat' dir='ltr'><strong>victique</strong></span> <span class='ocrx_word' id='word_1_606' title='bbox 2905 4054 3152 4118; x_wconf 83' lang='lat' dir='ltr'><strong>fuissent,</strong></span> <span class='ocrx_word' id='word_1_607' title='bbox 3187 4055 3349 4109; x_wconf 82' lang='lat' dir='ltr'><strong>veluti</strong></span> <span class='ocrx_word' id='word_1_608' title='bbox 3385 4072 3579 4109; x_wconf 88' lang='lat' dir='ltr'><strong>monu-</strong></span> 
     </span>
    </p>
   </div>
   <div class='ocr_carea' id='block_1_86' title="bbox 2006 4147 3550 4218">
    <p class='ocr_par' dir='ltr' id='par_1_86' title="bbox 2006 4147 3550 4218">
     <span class='ocr_line' id='line_1_86' title="bbox 2006 4147 3550 4218; baseline -0.002 -15"><span class='ocrx_word' id='word_1_609' title='bbox 2006 4151 2170 4204; x_wconf 90' lang='lat' dir='ltr'><strong>menti</strong></span> <span class='ocrx_word' id='word_1_610' title='bbox 2201 4159 2253 4204; x_wconf 89' lang='lat' dir='ltr'><strong>et</strong></span> <span class='ocrx_word' id='word_1_611' title='bbox 2284 4149 2472 4218; x_wconf 68' lang='lat' dir='ltr'><strong>tropaei</strong></span> <span class='ocrx_word' id='word_1_612' title='bbox 2503 4164 2668 4203; x_wconf 88' lang='lat' dir='ltr'><strong>causa</strong></span> <span class='ocrx_word' id='word_1_613' title='bbox 2699 4148 2749 4203; x_wconf 93' lang='lat' dir='ltr'><strong>id</strong></span> <span class='ocrx_word' id='word_1_614' title='bbox 2783 4163 2980 4202; x_wconf 90' lang='lat' dir='ltr'><strong>nomen</strong></span> <span class='ocrx_word' id='word_1_615' title='bbox 3010 4148 3058 4202; x_wconf 91' lang='lat' dir='ltr'><strong>ei</strong></span> <span class='ocrx_word' id='word_1_616' title='bbox 3102 4148 3169 4202; x_wconf 87' lang='lat' dir='ltr'><strong>ab</strong></span> <span class='ocrx_word' id='word_1_617' title='bbox 3196 4147 3464 4216; x_wconf 83' lang='lat' dir='ltr'><strong>indigenis</strong></span> <span class='ocrx_word' id='word_1_618' title='bbox 3496 4149 3550 4202; x_wconf 92' lang='lat' dir='ltr'><strong>iu</strong></span> 
     </span>
    </p>
   </div>
   <div class='ocr_carea' id='block_1_87' title="bbox 2005 4230 3579 4306">
    <p class='ocr_par' dir='ltr' id='par_1_87' title="bbox 2005 4230 3579 4306">
     <span class='ocr_line' id='line_1_87' title="bbox 2005 4230 3579 4306; baseline -0.003 -12"><span class='ocrx_word' id='word_1_619' title='bbox 2005 4241 2176 4294; x_wconf 89' lang='lat' dir='ltr'><strong>ditum</strong></span> <span class='ocrx_word' id='word_1_620' title='bbox 2215 4239 2410 4304; x_wconf 89' lang='lat' dir='ltr'><strong>fuerit;</strong></span> <span class='ocrx_word' id='word_1_621' title='bbox 2465 4254 2610 4292; x_wconf 88' lang='lat' dir='ltr'><strong>nunc</strong></span> <span class='ocrx_word' id='word_1_622' title='bbox 2640 4252 2769 4291; x_wconf 87' lang='lat' dir='ltr'><strong>vero</strong></span> <span class='ocrx_word' id='word_1_623' title='bbox 2796 4237 3057 4305; x_wconf 76' lang='lat' dir='ltr'><strong>temporis</strong></span> <span class='ocrx_word' id='word_1_624' title='bbox 3081 4252 3188 4290; x_wconf 91' lang='lat' dir='ltr'><strong>non</strong></span> <span class='ocrx_word' id='word_1_625' title='bbox 3218 4236 3288 4289; x_wconf 91' lang='lat' dir='ltr'><strong>ita</strong></span> <span class='ocrx_word' id='word_1_626' title='bbox 3327 4230 3579 4306; x_wconf 49' lang='lat' dir='ltr'><strong>a&#39;pleris-</strong></span> 
     </span>
    </p>
   </div>
   <div class='ocr_carea' id='block_1_88' title="bbox 2006 4329 3575 4402">
    <p class='ocr_par' dir='ltr' id='par_1_88' title="bbox 2006 4329 3575 4402">
     <span class='ocr_line' id='line_1_88' title="bbox 2006 4329 3575 4402; baseline -0.003 -16"><span class='ocrx_word' id='word_1_627' title='bbox 2006 4348 2112 4402; x_wconf 89' lang='lat' dir='ltr'><strong>que</strong></span> <span class='ocrx_word' id='word_1_628' title='bbox 2143 4331 2478 4401; x_wconf 88' lang='lat' dir='ltr'><strong>appellatur;</strong></span> <span class='ocrx_word' id='word_1_629' title='bbox 2518 4330 2610 4385; x_wconf 91' lang='lat' dir='ltr'><strong>sed</strong></span> <span class='ocrx_word' id='word_1_630' title='bbox 2645 4345 2770 4384; x_wconf 87' lang='lat' dir='ltr'><strong>cum</strong></span> <span class='ocrx_word' id='word_1_631' title='bbox 2801 4329 2872 4383; x_wconf 92' lang='lat' dir='ltr'><strong>ibi</strong></span> <span class='ocrx_word' id='word_1_632' title='bbox 2907 4330 3162 4398; x_wconf 89' lang='lat' dir='ltr'><strong>templum</strong></span> <span class='ocrx_word' id='word_1_633' title='bbox 3190 4338 3330 4383; x_wconf 89' lang='lat' dir='ltr'><strong>esset</strong></span> <span class='ocrx_word' id='word_1_634' title='bbox 3361 4344 3575 4383; x_wconf 86' lang='lat' dir='ltr'><strong>sacrum</strong></span> 
     </span>
    </p>
   </div>
   <div class='ocr_carea' id='block_1_89' title="bbox 305 4419 1896 4499">
    <p class='ocr_par' dir='ltr' id='par_1_89' title="bbox 305 4427 1896 4499">
     <span class='ocr_line' id='line_1_89' title="bbox 305 4427 1896 4499; baseline -0.001 -17"><span class='ocrx_word' id='word_1_635' title='bbox 305 4427 610 4482; x_wconf 74' lang='grc' dir='ltr'>Θεσπεσίου</span> <span class='ocrx_word' id='word_1_636' title='bbox 641 4427 785 4497; x_wconf 74' lang='grc' dir='ltr'>ἱερὸν</span> <span class='ocrx_word' id='word_1_637' title='bbox 814 4427 1050 4481; x_wconf 90' lang='grc' dir='ltr'>ἐνταῦθα</span> <span class='ocrx_word' id='word_1_638' title='bbox 1077 4427 1307 4498; x_wconf 75' lang='grc' dir='ltr'>ἵδρυται,</span> <span class='ocrx_word' id='word_1_639' title='bbox 1332 4428 1389 4480; x_wconf 84' lang='grc' dir='ltr'>ὂν</span> <span class='ocrx_word' id='word_1_640' title='bbox 1418 4427 1481 4499; x_wconf 85' lang='grc' dir='ltr'>δὴ</span> <span class='ocrx_word' id='word_1_641' title='bbox 1504 4427 1717 4499; x_wconf 82' lang='grc' dir='ltr'>πρῶτον</span> <span class='ocrx_word' id='word_1_642' title='bbox 1740 4430 1896 4483; x_wconf 85' lang='grc' dir='ltr'>πάλαι</span> 
     </span>
    </p>
   </div>
   <div class='ocr_carea' id='block_1_90' title="bbox 1998 4419 3576 4499">
    <p class='ocr_par' dir='ltr' id='par_1_90' title="bbox 2008 4419 3576 4492">
     <span class='ocr_line' id='line_1_90' title="bbox 2008 4419 3576 4492; baseline -0.003 -15"><span class='ocrx_word' id='word_1_643' title='bbox 2008 4425 2194 4479; x_wconf 83' lang='lat' dir='ltr'><strong>divino</strong></span> <span class='ocrx_word' id='word_1_644' title='bbox 2226 4423 2302 4477; x_wconf 93' lang='lat' dir='ltr'><strong>illi</strong></span> <span class='ocrx_word' id='word_1_645' title='bbox 2339 4422 2636 4492; x_wconf 87' lang='lat' dir='ltr'><strong>Stephano,</strong></span> <span class='ocrx_word' id='word_1_646' title='bbox 2685 4437 2847 4491; x_wconf 89' lang='lat' dir='ltr'><strong>quem</strong></span> <span class='ocrx_word' id='word_1_647' title='bbox 2881 4422 3099 4491; x_wconf 90' lang='lat' dir='ltr'><strong>quidem</strong></span> <span class='ocrx_word' id='word_1_648' title='bbox 3157 4419 3312 4490; x_wconf 68' lang='grc'><strong>147</strong></span> <span class='ocrx_word' id='word_1_649' title='bbox 3344 4421 3576 4488; x_wconf 88' lang='lat' dir='ltr'><strong>primum</strong></span> 
     </span>
    </p>
   </div>
   <div class='ocr_carea' id='block_1_91' title="bbox 305 4519 1912 4590">
    <p class='ocr_par' dir='ltr' id='par_1_91' title="bbox 305 4519 1912 4590">
     <span class='ocr_line' id='line_1_91' title="bbox 305 4519 1912 4590; baseline 0.002 -18"><span class='ocrx_word' id='word_1_650' title='bbox 305 4521 485 4589; x_wconf 66' lang='grc' dir='ltr'>φασιν</span> <span class='ocrx_word' id='word_1_651' title='bbox 510 4519 654 4590; x_wconf 80' lang='grc' dir='ltr'>ὑπὲρ</span> <span class='ocrx_word' id='word_1_652' title='bbox 683 4519 792 4570; x_wconf 77' lang='grc' dir='ltr'><strong>τῶν</strong></span> <span class='ocrx_word' id='word_1_653' title='bbox 841 4519 1186 4582; x_wconf 77' lang='grc' dir='ltr'>Χριστιανοῖς</span> <span class='ocrx_word' id='word_1_654' title='bbox 1219 4519 1416 4590; x_wconf 79' lang='grc' dir='ltr'>ἄριστα</span> <span class='ocrx_word' id='word_1_655' title='bbox 1447 4519 1746 4574; x_wconf 84' lang='grc' dir='ltr'>δοκούντων</span> <span class='ocrx_word' id='word_1_656' title='bbox 1787 4522 1912 4578; x_wconf 56' lang='grc' dir='ltr'>ἐθες</span> 
     </span>
    </p>
   </div>
   <div class='ocr_carea' id='block_1_92' title="bbox 304 4607 1912 4678">
    <p class='ocr_par' dir='ltr' id='par_1_92' title="bbox 304 4607 1912 4678">
     <span class='ocr_line' id='line_1_92' title="bbox 304 4607 1912 4678; baseline 0.002 -18"><span class='ocrx_word' id='word_1_657' title='bbox 304 4607 515 4678; x_wconf 73' lang='grc' dir='ltr'>λοντὴν</span> <span class='ocrx_word' id='word_1_658' title='bbox 563 4608 1078 4662; x_wconf 76' lang='grc' dir='ltr'>διακινδυνεύσαντα</span> <span class='ocrx_word' id='word_1_659' title='bbox 1131 4609 1236 4662; x_wconf 83' lang='grc' dir='ltr'><strong>ὑπὸ</strong></span> <span class='ocrx_word' id='word_1_660' title='bbox 1282 4608 1390 4661; x_wconf 84' lang='grc' dir='ltr'><strong>τῶν</strong></span> <span class='ocrx_word' id='word_1_661' title='bbox 1438 4609 1696 4662; x_wconf 83' lang='grc' dir='ltr'>ἐναντίων</span> <span class='ocrx_word' id='word_1_662' title='bbox 1744 4629 1912 4663; x_wconf 87' lang='grc' dir='ltr'>κατα-</span> 
     </span>
    </p>
   </div>
   <div class='ocr_carea' id='block_1_93' title="bbox 305 4699 1911 4770">
    <p class='ocr_par' dir='ltr' id='par_1_93' title="bbox 305 4699 1911 4770">
     <span class='ocr_line' id='line_1_93' title="bbox 305 4699 1911 4770; baseline 0.002 -17"><span class='ocrx_word' id='word_1_663' title='bbox 305 4699 638 4769; x_wconf 72' lang='grc' dir='ltr'>λευσθῆναι,</span> <span class='ocrx_word' id='word_1_664' title='bbox 669 4700 748 4770; x_wconf 86' lang='grc' dir='ltr'>τῷ</span> <span class='ocrx_word' id='word_1_665' title='bbox 779 4701 991 4752; x_wconf 83' lang='grc' dir='ltr'>ἐκείνου</span> <span class='ocrx_word' id='word_1_666' title='bbox 1021 4699 1246 4768; x_wconf 78' lang='grc' dir='ltr'>ὀνόματι</span> <span class='ocrx_word' id='word_1_667' title='bbox 1286 4699 1567 4752; x_wconf 84' lang='grc' dir='ltr'>καλεῖσθαι</span> <span class='ocrx_word' id='word_1_668' title='bbox 1613 4700 1704 4752; x_wconf 81' lang='grc' dir='ltr'>τὸν</span> <span class='ocrx_word' id='word_1_669' title='bbox 1748 4701 1911 4756; x_wconf 85' lang='grc' dir='ltr'>τόπον</span> 
     </span>
    </p>
   </div>
   <div class='ocr_carea' id='block_1_94' title="bbox 303 4787 1911 4864">
    <p class='ocr_par' dir='ltr' id='par_1_94' title="bbox 303 4787 1911 4864">
     <span class='ocr_line' id='line_1_94' title="bbox 303 4787 1911 4864; baseline 0.002 -18"><span class='ocrx_word' id='word_1_670' title='bbox 303 4795 656 4864; x_wconf 82' lang='grc' dir='ltr'>νενόμισται.</span> <span class='ocrx_word' id='word_1_671' title='bbox 715 4793 896 4863; x_wconf 73' lang='grc' dir='ltr'>Ἡμεῖς</span> <span class='ocrx_word' id='word_1_672' title='bbox 929 4793 985 4845; x_wconf 79' lang='grc' dir='ltr'>δὲ</span> <span class='ocrx_word' id='word_1_673' title='bbox 1033 4791 1206 4855; x_wconf 70' lang='grc' dir='ltr'>οὐδὲν,</span> <span class='ocrx_word' id='word_1_674' title='bbox 1257 4787 1431 4862; x_wconf 74' lang='grc' dir='ltr'>οἶμαι,</span> <span class='ocrx_word' id='word_1_675' title='bbox 1484 4791 1545 4845; x_wconf 77' lang='grc' dir='ltr'><strong>τὸ</strong></span> <span class='ocrx_word' id='word_1_676' title='bbox 1577 4794 1802 4859; x_wconf 87' lang='grc' dir='ltr'>κωλύον,</span> <span class='ocrx_word' id='word_1_677' title='bbox 1855 4799 1911 4858; x_wconf 86' lang='grc' dir='ltr'><strong>ἐς</strong></span> 
     </span>
    </p>
   </div>
   <div class='ocr_carea' id='block_1_95' title="bbox 305 4881 1906 4956">
    <p class='ocr_par' dir='ltr' id='par_1_95' title="bbox 305 4881 1906 4956">
     <span class='ocr_line' id='line_1_95' title="bbox 305 4881 1906 4956; baseline 0 -20"><span class='ocrx_word' id='word_1_678' title='bbox 305 4884 614 4956; x_wconf 71' lang='grc' dir='ltr'>γνώρισμα</span> <span class='ocrx_word' id='word_1_679' title='bbox 661 4887 729 4956; x_wconf 78' lang='grc' dir='ltr'>τῇ</span> <span class='ocrx_word' id='word_1_680' title='bbox 781 4883 1184 4954; x_wconf 77' lang='grc' dir='ltr'>ἁρχαιοτάτῃ⁷⁷</span> <span class='ocrx_word' id='word_1_681' title='bbox 1235 4881 1474 4953; x_wconf 80' lang='grc' dir='ltr'>χρῆσθαι</span> <span class='ocrx_word' id='word_1_682' title='bbox 1527 4886 1906 4956; x_wconf 72' lang='grc' dir='ltr'>προσηγορία,</span> 
     </span>
    </p>
   </div>
   <div class='ocr_carea' id='block_1_96' title="bbox 305 4967 1909 5046">
    <p class='ocr_par' dir='ltr' id='par_1_96' title="bbox 305 4967 1909 5046">
     <span class='ocr_line' id='line_1_96' title="bbox 305 4967 1909 5046; baseline -0.003 -17"><span class='ocrx_word' id='word_1_683' title='bbox 305 4977 447 5029; x_wconf 74' lang='grc' dir='ltr'>ἐπεὶ</span> <span class='ocrx_word' id='word_1_684' title='bbox 473 4976 568 5028; x_wconf 67' lang='grc' dir='ltr'><strong>καὶ</strong></span> <span class='ocrx_word' id='word_1_685' title='bbox 598 4975 888 5046; x_wconf 71' lang='grc' dir='ltr'>ξυγγραφῇ</span> <span class='ocrx_word' id='word_1_686' title='bbox 923 4973 1123 5043; x_wconf 80' lang='grc' dir='ltr'>μᾶλλον</span> <span class='ocrx_word' id='word_1_687' title='bbox 1156 4971 1442 5043; x_wconf 84' lang='grc' dir='ltr'>προσήκει.</span> <span class='ocrx_word' id='word_1_688' title='bbox 1490 4972 1547 5023; x_wconf 87' lang='lat'><strong>&#39;0</strong></span> <span class='ocrx_word' id='word_1_689' title='bbox 1576 4969 1640 5042; x_wconf 84' lang='grc' dir='ltr'>δὴ</span> <span class='ocrx_word' id='word_1_690' title='bbox 1680 4967 1772 5025; x_wconf 78' lang='grc' dir='ltr'>οὖν</span> <span class='ocrx_word' id='word_1_691' title='bbox 1801 4974 1909 5025; x_wconf 82' lang='grc' dir='ltr'>τῶν</span> 
     </span>
    </p>
   </div>
   <div class='ocr_carea' id='block_1_97' title="bbox 319 5063 1911 5139">
    <p class='ocr_par' dir='ltr' id='par_1_97' title="bbox 319 5063 1911 5139">
     <span class='ocr_line' id='line_1_97' title="bbox 319 5063 1911 5139; baseline -0.004 -17"><span class='ocrx_word' id='word_1_692' title='bbox 319 5068 624 5139; x_wconf 84' lang='grc' dir='ltr'>Ῥωμαίων</span> <span class='ocrx_word' id='word_1_693' title='bbox 657 5067 884 5139; x_wconf 83' lang='grc' dir='ltr'>στρατὸς</span> <span class='ocrx_word' id='word_1_694' title='bbox 931 5068 988 5128; x_wconf 89' lang='grc' dir='ltr'><strong>ἐς</strong></span> <span class='ocrx_word' id='word_1_695' title='bbox 1044 5065 1354 5133; x_wconf 87' lang='grc' dir='ltr'>Ὀνόγουριν</span> <span class='ocrx_word' id='word_1_696' title='bbox 1400 5063 1911 5134; x_wconf 42' lang='grc' dir='ltr'>ἱέναμπαρεσκευόι-</span> 
     </span>
    </p>
   </div>
   <div class='ocr_carea' id='block_1_98' title="bbox 233 5153 1910 5228">
    <p class='ocr_par' dir='ltr' id='par_1_98' title="bbox 233 5153 1910 5228">
     <span class='ocr_line' id='line_1_98' title="bbox 233 5153 1910 5228; baseline -0.005 -14"><span class='ocrx_word' id='word_1_697' title='bbox 233 5211 250 5223; x_wconf 81' lang='grc'><em>,</em></span> <span class='ocrx_word' id='word_1_698' title='bbox 305 5162 481 5225; x_wconf 86' lang='grc' dir='ltr'>ζοντο</span> <span class='ocrx_word' id='word_1_699' title='bbox 497 5160 562 5214; x_wconf 78' lang='grc'><strong>⁷³.</strong></span> <span class='ocrx_word' id='word_1_700' title='bbox 609 5161 671 5212; x_wconf 81' lang='lat' dir='ltr'><strong>Oi</strong></span> <span class='ocrx_word' id='word_1_701' title='bbox 703 5159 812 5228; x_wconf 83' lang='grc' dir='ltr'><strong>γὰρ</strong></span> <span class='ocrx_word' id='word_1_702' title='bbox 837 5157 932 5211; x_wconf 85' lang='grc' dir='ltr'><strong>τοῦ</strong></span> <span class='ocrx_word' id='word_1_703' title='bbox 969 5159 1277 5228; x_wconf 87' lang='grc' dir='ltr'>μιάσματος</span> <span class='ocrx_word' id='word_1_704' title='bbox 1311 5153 1634 5226; x_wconf 84' lang='grc' dir='ltr'>βουληφόροι</span> <span class='ocrx_word' id='word_1_705' title='bbox 1669 5157 1726 5218; x_wconf 89' lang='grc' dir='ltr'><strong>ἐς</strong></span> <span class='ocrx_word' id='word_1_706' title='bbox 1754 5153 1910 5207; x_wconf 89' lang='grc' dir='ltr'>τοῦτο</span> 
     </span>
    </p>
   </div>
   <div class='ocr_carea' id='block_1_99' title="bbox 305 5247 1909 5321">
    <p class='ocr_par' dir='ltr' id='par_1_99' title="bbox 305 5247 1909 5321">
     <span class='ocr_line' id='line_1_99' title="bbox 305 5247 1909 5321; baseline -0.006 -13"><span class='ocrx_word' id='word_1_707' title='bbox 305 5253 620 5315; x_wconf 76' lang='grc' dir='ltr'>ἐνέκειντο,</span> <span class='ocrx_word' id='word_1_708' title='bbox 666 5251 980 5316; x_wconf 77' lang='grc' dir='ltr'>ἐλπίζοντες</span> <span class='ocrx_word' id='word_1_709' title='bbox 1029 5249 1229 5321; x_wconf 76' lang='grc' dir='ltr'>ῥᾳδίως</span> <span class='ocrx_word' id='word_1_710' title='bbox 1272 5248 1430 5301; x_wconf 88' lang='grc' dir='ltr'>τοῦτο</span> <span class='ocrx_word' id='word_1_711' title='bbox 1460 5247 1521 5319; x_wconf 83' lang='grc' dir='ltr'>δὴ</span> <span class='ocrx_word' id='word_1_712' title='bbox 1565 5248 1626 5300; x_wconf 84' lang='grc' dir='ltr'><strong>τὸ</strong></span> <span class='ocrx_word' id='word_1_713' title='bbox 1653 5247 1909 5318; x_wconf 82' lang='grc' dir='ltr'>φρούριον</span> 
     </span>
    </p>
   </div>
   <div class='ocr_carea' id='block_1_100' title="bbox 309 5337 1908 5415">
    <p class='ocr_par' dir='ltr' id='par_1_100' title="bbox 309 5337 1908 5415">
     <span class='ocr_line' id='line_1_100' title="bbox 309 5337 1908 5415; baseline -0.008 -15"><span class='ocrx_word' id='word_1_714' title='bbox 309 5343 814 5415; x_wconf 84' lang='grc' dir='ltr'>καταστρέψασθαι</span> <span class='ocrx_word' id='word_1_715' title='bbox 844 5359 858 5374; x_wconf 76' lang='grc'><strong><em>⁸</em></strong></span> <span class='ocrx_word' id='word_1_716' title='bbox 903 5340 1077 5414; x_wconf 80' lang='grc' dir='ltr'>ταύτῃ</span> <span class='ocrx_word' id='word_1_717' title='bbox 1121 5357 1179 5392; x_wconf 92' lang='grc' dir='ltr'><strong>τε</strong></span> <span class='ocrx_word' id='word_1_718' title='bbox 1227 5339 1319 5392; x_wconf 81' lang='grc' dir='ltr'><strong>τὸν</strong></span> <span class='ocrx_word' id='word_1_719' title='bbox 1348 5337 1592 5408; x_wconf 81' lang='grc' dir='ltr'>βασιλέα,</span> <span class='ocrx_word' id='word_1_720' title='bbox 1640 5339 1687 5390; x_wconf 86' lang='grc' dir='ltr'>εἰ</span> <span class='ocrx_word' id='word_1_721' title='bbox 1719 5338 1814 5390; x_wconf 72' lang='grc' dir='ltr'>καὶ</span> <span class='ocrx_word' id='word_1_722' title='bbox 1843 5337 1908 5389; x_wconf 79' lang='grc' dir='ltr'>τὰ</span> 
     </span>
    </p>
   </div>
   <div class='ocr_carea' id='block_1_101' title="bbox 2007 4513 3580 4583">
    <p class='ocr_par' dir='ltr' id='par_1_101' title="bbox 2007 4513 3580 4583">
     <span class='ocr_line' id='line_1_101' title="bbox 2007 4513 3580 4583; baseline -0.005 -14"><span class='ocrx_word' id='word_1_723' title='bbox 2007 4517 2136 4569; x_wconf 89' lang='lat' dir='ltr'><strong>olim</strong></span> <span class='ocrx_word' id='word_1_724' title='bbox 2170 4515 2325 4569; x_wconf 88' lang='lat' dir='ltr'><strong>aiunt</strong></span> <span class='ocrx_word' id='word_1_725' title='bbox 2353 4529 2453 4583; x_wconf 92' lang='lat' dir='ltr'><strong>pro</strong></span> <span class='ocrx_word' id='word_1_726' title='bbox 2489 4513 2818 4568; x_wconf 87' lang='lat' dir='ltr'><strong>Christianis</strong></span> <span class='ocrx_word' id='word_1_727' title='bbox 2860 4513 3061 4581; x_wconf 88' lang='lat' dir='ltr'><strong>optime</strong></span> <span class='ocrx_word' id='word_1_728' title='bbox 3091 4513 3452 4567; x_wconf 86' lang='lat' dir='ltr'><strong>sentientibus</strong></span> <span class='ocrx_word' id='word_1_729' title='bbox 3484 4526 3580 4562; x_wconf 87' lang='lat' dir='ltr'><strong>vo-</strong></span> 
     </span>
    </p>
   </div>
   <div class='ocr_carea' id='block_1_102' title="bbox 2007 4603 3576 4672">
    <p class='ocr_par' dir='ltr' id='par_1_102' title="bbox 2007 4603 3576 4672">
     <span class='ocr_line' id='line_1_102' title="bbox 2007 4603 3576 4672; baseline -0.003 -13"><span class='ocrx_word' id='word_1_730' title='bbox 2007 4606 2307 4659; x_wconf 89' lang='lat' dir='ltr'><strong>luntarium</strong></span> <span class='ocrx_word' id='word_1_731' title='bbox 2337 4613 2612 4659; x_wconf 88' lang='lat' dir='ltr'><strong>certamen</strong></span> <span class='ocrx_word' id='word_1_732' title='bbox 2642 4603 2951 4671; x_wconf 83' lang='lat' dir='ltr'><strong>adeuntem,</strong></span> <span class='ocrx_word' id='word_1_733' title='bbox 2984 4604 3254 4672; x_wconf 85' lang='lat' dir='ltr'><strong>lapidibus</strong></span> <span class='ocrx_word' id='word_1_734' title='bbox 3287 4604 3354 4658; x_wconf 89' lang='lat' dir='ltr'><strong>ab</strong></span> <span class='ocrx_word' id='word_1_735' title='bbox 3381 4603 3576 4656; x_wconf 78' lang='lat' dir='ltr'><strong>adver-</strong></span> 
     </span>
    </p>
   </div>
   <div class='ocr_carea' id='block_1_103' title="bbox 2006 4693 3576 4760">
    <p class='ocr_par' dir='ltr' id='par_1_103' title="bbox 2006 4693 3576 4760">
     <span class='ocr_line' id='line_1_103' title="bbox 2006 4693 3576 4760; baseline -0.005 -8"><span class='ocrx_word' id='word_1_736' title='bbox 2006 4698 2167 4752; x_wconf 78' lang='lat' dir='ltr'><strong>sariis</strong></span> <span class='ocrx_word' id='word_1_737' title='bbox 2193 4697 2448 4750; x_wconf 90' lang='lat' dir='ltr'><strong>obrutum</strong></span> <span class='ocrx_word' id='word_1_738' title='bbox 2486 4694 2676 4760; x_wconf 84' lang='lat' dir='ltr'><strong>fuisse,</strong></span> <span class='ocrx_word' id='word_1_739' title='bbox 2705 4703 2967 4748; x_wconf 88' lang='lat' dir='ltr'><strong>statutum</strong></span> <span class='ocrx_word' id='word_1_740' title='bbox 3001 4705 3082 4749; x_wconf 88' lang='lat' dir='ltr'><strong>est</strong></span> <span class='ocrx_word' id='word_1_741' title='bbox 3112 4705 3168 4749; x_wconf 90' lang='lat' dir='ltr'><strong>ut</strong></span> <span class='ocrx_word' id='word_1_742' title='bbox 3197 4710 3260 4748; x_wconf 78' lang='lat' dir='ltr'><strong>ex</strong></span> <span class='ocrx_word' id='word_1_743' title='bbox 3298 4693 3442 4748; x_wconf 89' lang='lat' dir='ltr'><strong>illius</strong></span> <span class='ocrx_word' id='word_1_744' title='bbox 3476 4709 3576 4746; x_wconf 84' lang='lat' dir='ltr'><strong>no-</strong></span> 
     </span>
    </p>
   </div>
   <div class='ocr_carea' id='block_1_104' title="bbox 2006 4784 3576 4856">
    <p class='ocr_par' dir='ltr' id='par_1_104' title="bbox 2006 4784 3576 4856">
     <span class='ocr_line' id='line_1_104' title="bbox 2006 4784 3576 4856; baseline -0.006 -10"><span class='ocrx_word' id='word_1_745' title='bbox 2006 4791 2152 4846; x_wconf 89' lang='lat' dir='ltr'><strong>mine</strong></span> <span class='ocrx_word' id='word_1_746' title='bbox 2183 4789 2335 4841; x_wconf 93' lang='lat' dir='ltr'><strong>locus</strong></span> <span class='ocrx_word' id='word_1_747' title='bbox 2359 4786 2772 4856; x_wconf 89' lang='lat' dir='ltr'><strong>appellationem</strong></span> <span class='ocrx_word' id='word_1_748' title='bbox 2807 4787 3095 4854; x_wconf 85' lang='lat' dir='ltr'><strong>acciperet.</strong></span> <span class='ocrx_word' id='word_1_749' title='bbox 3123 4785 3234 4839; x_wconf 85' lang='lat' dir='ltr'><strong>Nos</strong></span> <span class='ocrx_word' id='word_1_750' title='bbox 3259 4800 3387 4837; x_wconf 87' lang='lat' dir='ltr'><strong>vero</strong></span> <span class='ocrx_word' id='word_1_751' title='bbox 3419 4784 3576 4849; x_wconf 89' lang='lat' dir='ltr'><strong>nihil,</strong></span> 
     </span>
    </p>
   </div>
   <div class='ocr_carea' id='block_1_105' title="bbox 2017 4875 3583 4946">
    <p class='ocr_par' dir='ltr' id='par_1_105' title="bbox 2017 4875 3583 4946">
     <span class='ocr_line' id='line_1_105' title="bbox 2017 4875 3583 4946; baseline -0.004 -10"><span class='ocrx_word' id='word_1_752' title='bbox 2017 4882 2274 4946; x_wconf 88' lang='lat' dir='ltr'><strong>arbitror,</strong></span> <span class='ocrx_word' id='word_1_753' title='bbox 2299 4887 2466 4944; x_wconf 88' lang='lat' dir='ltr'><strong>vetat,</strong></span> <span class='ocrx_word' id='word_1_754' title='bbox 2493 4879 2789 4946; x_wconf 89' lang='lat' dir='ltr'><strong>quominus</strong></span> <span class='ocrx_word' id='word_1_755' title='bbox 2826 4877 3202 4932; x_wconf 87' lang='lat' dir='ltr'><strong>vetustissima</strong></span> <span class='ocrx_word' id='word_1_756' title='bbox 3224 4875 3583 4946; x_wconf 80' lang='lat' dir='ltr'><strong>appellatione</strong></span> 
     </span>
    </p>
   </div>
   <div class='ocr_carea' id='block_1_106' title="bbox 2014 4967 3577 5036">
    <p class='ocr_par' dir='ltr' id='par_1_106' title="bbox 2014 4967 3577 5036">
     <span class='ocr_line' id='line_1_106' title="bbox 2014 4967 3577 5036; baseline -0.001 -12"><span class='ocrx_word' id='word_1_757' title='bbox 2014 4971 2218 5024; x_wconf 75' lang='lat' dir='ltr'><strong>notitiae</strong></span> <span class='ocrx_word' id='word_1_758' title='bbox 2235 4983 2400 5024; x_wconf 87' lang='lat' dir='ltr'><strong>causa</strong></span> <span class='ocrx_word' id='word_1_759' title='bbox 2415 4976 2654 5032; x_wconf 89' lang='lat' dir='ltr'><strong>utamur,</strong></span> <span class='ocrx_word' id='word_1_760' title='bbox 2670 4982 2794 5021; x_wconf 88' lang='lat' dir='ltr'><strong>cum</strong></span> <span class='ocrx_word' id='word_1_761' title='bbox 2808 4968 2973 5022; x_wconf 91' lang='lat' dir='ltr'><strong>etiam</strong></span> <span class='ocrx_word' id='word_1_762' title='bbox 2985 4967 3233 5023; x_wconf 62' lang='lat' dir='ltr'><strong>historia;</strong></span> <span class='ocrx_word' id='word_1_763' title='bbox 3249 4967 3418 5036; x_wconf 81' lang='lat' dir='ltr'><strong>magis</strong></span> <span class='ocrx_word' id='word_1_764' title='bbox 3439 4982 3577 5034; x_wconf 87' lang='lat' dir='ltr'><strong>cou-</strong></span> 
     </span>
    </p>
   </div>
   <div class='ocr_carea' id='block_1_107' title="bbox 2015 5056 3578 5128">
    <p class='ocr_par' dir='ltr' id='par_1_107' title="bbox 2015 5056 3578 5128">
     <span class='ocr_line' id='line_1_107' title="bbox 2015 5056 3578 5128; baseline 0.004 -18"><span class='ocrx_word' id='word_1_765' title='bbox 2015 5061 2216 5114; x_wconf 83' lang='lat' dir='ltr'><strong>veniat.</strong></span> <span class='ocrx_word' id='word_1_766' title='bbox 2252 5056 2626 5113; x_wconf 83' lang='lat' dir='ltr'><strong>Romanorum</strong></span> <span class='ocrx_word' id='word_1_767' title='bbox 2659 5059 2842 5128; x_wconf 89' lang='lat' dir='ltr'><strong>itaque</strong></span> <span class='ocrx_word' id='word_1_768' title='bbox 2873 5058 3147 5115; x_wconf 82' lang='lat' dir='ltr'><strong>exercitus</strong></span> <span class='ocrx_word' id='word_1_769' title='bbox 3177 5057 3578 5127; x_wconf 83' lang='lat' dir='ltr'><strong>expeditionem</strong></span> 
     </span>
    </p>
   </div>
   <div class='ocr_carea' id='block_1_108' title="bbox 2015 5150 3588 5221">
    <p class='ocr_par' dir='ltr' id='par_1_108' title="bbox 2015 5150 3588 5221">
     <span class='ocr_line' id='line_1_108' title="bbox 2015 5150 3588 5221; baseline 0.003 -15"><span class='ocrx_word' id='word_1_770' title='bbox 2015 5151 2310 5221; x_wconf 87' lang='lat' dir='ltr'><strong>Onogurim</strong></span> <span class='ocrx_word' id='word_1_771' title='bbox 2345 5165 2536 5205; x_wconf 88' lang='lat' dir='ltr'><strong>versus</strong></span> <span class='ocrx_word' id='word_1_772' title='bbox 2574 5150 2896 5219; x_wconf 84' lang='lat' dir='ltr'><strong>apparabat;</strong></span> <span class='ocrx_word' id='word_1_773' title='bbox 2942 5150 3104 5206; x_wconf 79' lang='lat' dir='ltr'><strong>caedis</strong></span> <span class='ocrx_word' id='word_1_774' title='bbox 3151 5151 3294 5206; x_wconf 87' lang='lat' dir='ltr'><strong>enim</strong></span> <span class='ocrx_word' id='word_1_775' title='bbox 3333 5162 3588 5211; x_wconf 87' lang='lat' dir='ltr'><strong>auctores</strong></span> 
     </span>
    </p>
   </div>
   <div class='ocr_carea' id='block_1_109' title="bbox 2015 5241 3593 5318">
    <p class='ocr_par' dir='ltr' id='par_1_109' title="bbox 2015 5241 3593 5318">
     <span class='ocr_line' id='line_1_109' title="bbox 2015 5241 3593 5318; baseline 0.004 -19"><span class='ocrx_word' id='word_1_776' title='bbox 2015 5246 2116 5300; x_wconf 91' lang='lat' dir='ltr'><strong>hoc</strong></span> <span class='ocrx_word' id='word_1_777' title='bbox 2137 5243 2418 5315; x_wconf 86' lang='lat' dir='ltr'><strong>urgebant,</strong></span> <span class='ocrx_word' id='word_1_778' title='bbox 2440 5251 2722 5312; x_wconf 87' lang='lat' dir='ltr'><strong>sperantes</strong></span> <span class='ocrx_word' id='word_1_779' title='bbox 2743 5241 2904 5299; x_wconf 88' lang='lat' dir='ltr'><strong>facile</strong></span> <span class='ocrx_word' id='word_1_780' title='bbox 2923 5258 2981 5300; x_wconf 89' lang='lat' dir='ltr'><strong>se</strong></span> <span class='ocrx_word' id='word_1_781' title='bbox 2999 5245 3469 5318; x_wconf 88' lang='lat' dir='ltr'><strong>propugnaculum</strong></span> <span class='ocrx_word' id='word_1_782' title='bbox 3489 5251 3593 5310; x_wconf 88' lang='lat' dir='ltr'><strong>hoc</strong></span> 
     </span>
    </p>
   </div>
   <div class='ocr_carea' id='block_1_110' title="bbox 2015 5335 3598 5416">
    <p class='ocr_par' dir='ltr' id='par_1_110' title="bbox 2015 5335 3598 5416">
     <span class='ocr_line' id='line_1_110' title="bbox 2015 5335 3598 5416; baseline 0.009 -27"><span class='ocrx_word' id='word_1_783' title='bbox 2015 5337 2068 5414; x_wconf 80' lang='lat' dir='ltr'><strong>in</strong></span> <span class='ocrx_word' id='word_1_784' title='bbox 2116 5344 2434 5405; x_wconf 90' lang='lat' dir='ltr'><strong>potestatem</strong></span> <span class='ocrx_word' id='word_1_785' title='bbox 2480 5351 2638 5391; x_wconf 88' lang='lat' dir='ltr'><strong>suam</strong></span> <span class='ocrx_word' id='word_1_786' title='bbox 2699 5335 3047 5406; x_wconf 66' lang='lat' dir='ltr'><strong>redamuros;</strong></span> <span class='ocrx_word' id='word_1_787' title='bbox 3091 5355 3268 5414; x_wconf 84' lang='lat' dir='ltr'><strong>eoque</strong></span> <span class='ocrx_word' id='word_1_788' title='bbox 3297 5342 3598 5416; x_wconf 85' lang='lat' dir='ltr'><strong>imperato-</strong></span> 
     </span>
    </p>
   </div>
   <div class='ocr_carea' id='block_1_111' title="bbox 1593 5510 2276 5570">
    <p class='ocr_par' dir='ltr' id='par_1_111' title="bbox 1593 5510 2276 5570">
     <span class='ocr_line' id='line_1_111' title="bbox 1593 5510 2276 5570; baseline 0.004 -3"><span class='ocrx_word' id='word_1_789' title='bbox 1593 5513 1827 5569; x_wconf 68' lang='lat' dir='ltr'><strong>V’ARDE</strong></span> <span class='ocrx_word' id='word_1_790' title='bbox 1869 5510 2276 5570; x_wconf 79' lang='lat' dir='ltr'><strong>LECTIONES.</strong></span> 
     </span>
    </p>
   </div>
   <div class='ocr_carea' id='block_1_112' title="bbox 393 5614 1538 5692">
    <p class='ocr_par' dir='ltr' id='par_1_112' title="bbox 393 5614 1538 5692">
     <span class='ocr_line' id='line_1_112' title="bbox 393 5614 1538 5692; baseline -0.006 -17"><span class='ocrx_word' id='word_1_791' title='bbox 393 5623 446 5655; x_wconf 86' lang='grc'><strong><em>⁸⁸</em></strong></span> <span class='ocrx_word' id='word_1_792' title='bbox 475 5623 569 5675; x_wconf 85' lang='grc' dir='ltr'><strong>τὸν</strong></span> <span class='ocrx_word' id='word_1_793' title='bbox 599 5623 802 5692; x_wconf 66' lang='grc' dir='ltr'>νεκρὸν</span> <span class='ocrx_word' id='word_1_794' title='bbox 815 5621 860 5673; x_wconf 82' lang='lat' dir='ltr'><strong>R</strong></span> <span class='ocrx_word' id='word_1_795' title='bbox 894 5619 1093 5692; x_wconf 60' lang='lat' dir='ltr'><strong>Lugd,</strong></span> <span class='ocrx_word' id='word_1_796' title='bbox 1116 5617 1183 5692; x_wconf 63' lang='lat' dir='ltr'><strong>to</strong></span> <span class='ocrx_word' id='word_1_797' title='bbox 1199 5614 1389 5692; x_wconf 79' lang='grc' dir='ltr'>νεκρὸν</span> <span class='ocrx_word' id='word_1_798' title='bbox 1407 5615 1538 5692; x_wconf 64' lang='lat' dir='ltr'><strong>edd.</strong></span> 
     </span>
    </p>
   </div>
   <div class='ocr_carea' id='block_1_113' title="bbox 308 5686 1472 5762">
    <p class='ocr_par' dir='ltr' id='par_1_113' title="bbox 308 5686 1472 5762">
     <span class='ocr_line' id='line_1_113' title="bbox 308 5686 1472 5762; baseline -0.007 -14"><span class='ocrx_word' id='word_1_799' title='bbox 308 5695 488 5762; x_wconf 75' lang='grc' dir='ltr'>λαυχ.</span> <span class='ocrx_word' id='word_1_800' title='bbox 553 5709 614 5744; x_wconf 91' lang='grc' dir='ltr'><strong>τε</strong></span> <span class='ocrx_word' id='word_1_801' title='bbox 677 5686 730 5746; x_wconf 69' lang='lat' dir='ltr'><strong>x&#39;.</strong></span> <span class='ocrx_word' id='word_1_802' title='bbox 773 5689 846 5762; x_wconf 65' lang='lat' dir='ltr'><strong>n.</strong></span> <span class='ocrx_word' id='word_1_803' title='bbox 940 5686 1472 5762; x_wconf 58' lang='lat' dir='ltr'><strong>5’:Ocp’_é1é9io\ali.</strong></span> 
     </span>
    </p>
   </div>
   <div class='ocr_carea' id='block_1_114' title="bbox 308 5753 1568 5832">
    <p class='ocr_par' dir='ltr' id='par_1_114' title="bbox 308 5753 1568 5832">
     <span class='ocr_line' id='line_1_114' title="bbox 308 5753 1568 5832; baseline -0.007 -14"><span class='ocrx_word' id='word_1_804' title='bbox 308 5767 365 5798; x_wconf 68' lang='grc'><strong>⁷³</strong></span> <span class='ocrx_word' id='word_1_805' title='bbox 404 5753 701 5832; x_wconf 61' lang='grc' dir='ltr'>,προτέραν</span> <span class='ocrx_word' id='word_1_806' title='bbox 751 5761 892 5832; x_wconf 47' lang='lat' dir='ltr'><strong>cdd:</strong></span> <span class='ocrx_word' id='word_1_807' title='bbox 982 5761 1023 5791; x_wconf 69' lang='lat'><strong>7&quot;</strong></span> <span class='ocrx_word' id='word_1_808' title='bbox 1053 5753 1170 5812; x_wconf 70' lang='grc' dir='ltr'><strong>ὀῦν</strong></span> <span class='ocrx_word' id='word_1_809' title='bbox 1228 5753 1352 5813; x_wconf 75' lang='lat' dir='ltr'><strong>add.</strong></span> <span class='ocrx_word' id='word_1_810' title='bbox 1401 5774 1464 5811; x_wconf 77' lang='lat' dir='ltr'><strong>ex</strong></span> <span class='ocrx_word' id='word_1_811' title='bbox 1506 5755 1568 5809; x_wconf 68' lang='lat' dir='ltr'><strong>li.</strong></span> 
     </span>
    </p>
   </div>
   <div class='ocr_carea' id='block_1_115' title="bbox 312 5830 1515 5900">
    <p class='ocr_par' dir='ltr' id='par_1_115' title="bbox 312 5830 1515 5900">
     <span class='ocr_line' id='line_1_115' title="bbox 312 5830 1515 5900; baseline 0 -15"><span class='ocrx_word' id='word_1_812' title='bbox 312 5834 367 5869; x_wconf 74' lang='lat'><em>“</em></span> <span class='ocrx_word' id='word_1_813' title='bbox 411 5830 836 5900; x_wconf 74' lang='grc' dir='ltr'>ξυνεσκευάζετο</span> <span class='ocrx_word' id='word_1_814' title='bbox 864 5830 928 5885; x_wconf 78' lang='lat' dir='ltr'><strong>R.</strong></span> <span class='ocrx_word' id='word_1_815' title='bbox 1506 5834 1515 5847; x_wconf 90' lang='lat'>&#39;</span> 
     </span>
    </p>
   </div>
   <div class='ocr_carea' id='block_1_116' title="bbox 1656 5612 3598 5704">
    <p class='ocr_par' dir='ltr' id='par_1_116' title="bbox 1656 5612 3598 5704">
     <span class='ocr_line' id='line_1_116' title="bbox 1656 5612 3598 5704; baseline 0.005 -58"><span class='ocrx_word' id='word_1_816' title='bbox 1656 5613 1700 5646; x_wconf 73' lang='grc' dir='ltr'><strong>ιτ</strong></span> <span class='ocrx_word' id='word_1_817' title='bbox 1729 5612 1840 5704; x_wconf 57' lang='lat' dir='ltr'><strong>Ero</strong></span> <span class='ocrx_word' id='word_1_818' title='bbox 1876 5612 2130 5704; x_wconf 47' lang='grc' dir='ltr'>μέγιστομ</span> <span class='ocrx_word' id='word_1_819' title='bbox 2161 5623 2377 5704; x_wconf 50' lang='lat' dir='ltr'><strong>et!mox</strong></span> <span class='ocrx_word' id='word_1_820' title='bbox 2409 5614 3046 5704; x_wconf 43' lang='lat' dir='ltr'><strong>prolnépa‘tou‘lacunm</strong></span> <span class='ocrx_word' id='word_1_821' title='bbox 3085 5627 3139 5682; x_wconf 92' lang='lat' dir='ltr'><strong>in</strong></span> <span class='ocrx_word' id='word_1_822' title='bbox 3172 5626 3240 5684; x_wconf 73' lang='grc' dir='ltr'><strong>Β.</strong></span> <span class='ocrx_word' id='word_1_823' title='bbox 3319 5626 3363 5662; x_wconf 74' lang='grc' dir='ltr'><strong>σι</strong></span> <span class='ocrx_word' id='word_1_824' title='bbox 3424 5650 3598 5704; x_wconf 50' lang='grc' dir='ltr'>μίγα.</span> 
     </span>
    </p>
   </div>
   <div class='ocr_carea' id='block_1_117' title="bbox 1576 5683 2267 5752">
    <p class='ocr_par' dir='ltr' id='par_1_117' title="bbox 1576 5683 2267 5752">
     <span class='ocr_line' id='line_1_117' title="bbox 1576 5683 2267 5752; baseline -0.001 -18"><span class='ocrx_word' id='word_1_825' title='bbox 1576 5685 1622 5716; x_wconf 78' lang='grc' dir='ltr'><strong>⁷ο</strong></span> <span class='ocrx_word' id='word_1_826' title='bbox 1685 5683 1850 5752; x_wconf 74' lang='grc' dir='ltr'>φῦλον</span> <span class='ocrx_word' id='word_1_827' title='bbox 1909 5685 2034 5739; x_wconf 85' lang='lat' dir='ltr'><strong>anie</strong></span> <span class='ocrx_word' id='word_1_828' title='bbox 2061 5683 2267 5736; x_wconf 84' lang='grc' dir='ltr'>κλεινόν</span> 
     </span>
    </p>
   </div>
   <div class='ocr_carea' id='block_1_118' title="bbox 1674 5752 2285 5824">
    <p class='ocr_par' dir='ltr' id='par_1_118' title="bbox 1674 5752 2285 5824">
     <span class='ocr_line' id='line_1_118' title="bbox 1674 5752 2285 5824; baseline 0.007 -20"><span class='ocrx_word' id='word_1_829' title='bbox 1674 5758 1718 5786; x_wconf 79' lang='grc'><strong>⁷⁵</strong></span> <span class='ocrx_word' id='word_1_830' title='bbox 1760 5755 1820 5820; x_wconf 83' lang='grc' dir='ltr'><strong>ξυ</strong></span> <span class='ocrx_word' id='word_1_831' title='bbox 1829 5752 2172 5824; x_wconf 68' lang='grc' dir='ltr'>μὸαλ),όντων</span> <span class='ocrx_word' id='word_1_832' title='bbox 2221 5754 2260 5808; x_wconf 73' lang='grc' dir='ltr'><strong><em>Β</em></strong></span> <span class='ocrx_word' id='word_1_833' title='bbox 2273 5796 2285 5808; x_wconf 94' lang='grc'><strong>.</strong></span> 
     </span>
    </p>
   </div>
   <div class='ocr_carea' id='block_1_119' title="bbox 2298 5685 3132 5754">
    <p class='ocr_par' dir='ltr' id='par_1_119' title="bbox 2298 5685 3132 5754">
     <span class='ocr_line' id='line_1_119' title="bbox 2298 5685 3132 5754; baseline 0.019 -16"><span class='ocrx_word' id='word_1_834' title='bbox 2298 5685 2450 5753; x_wconf 87' lang='lat' dir='ltr'><strong>pOuit</strong></span> <span class='ocrx_word' id='word_1_835' title='bbox 2486 5685 2548 5742; x_wconf 74' lang='lat' dir='ltr'><strong>li.</strong></span> <span class='ocrx_word' id='word_1_836' title='bbox 2623 5685 2698 5720; x_wconf 16' lang='lat'><strong>7“</strong></span> <span class='ocrx_word' id='word_1_837' title='bbox 2728 5691 2894 5745; x_wconf 81' lang='grc' dir='ltr'>πάλαι</span> <span class='ocrx_word' id='word_1_838' title='bbox 2917 5709 3028 5751; x_wconf 88' lang='lat' dir='ltr'><strong>om.</strong></span> <span class='ocrx_word' id='word_1_839' title='bbox 3067 5698 3132 5754; x_wconf 68' lang='lat' dir='ltr'><strong>li.</strong></span> 
     </span>
    </p>
   </div>
   <div class='ocr_carea' id='block_1_120' title="bbox 2395 5701 3604 5789">
    <p class='ocr_par' dir='ltr' id='par_1_120' title="bbox 2395 5701 3604 5789">
     <span class='ocr_line' id='line_1_120' title="bbox 2395 5701 3604 5789; baseline 0.001 0"><span class='ocrx_word' id='word_1_840' title='bbox 2395 5701 2450 5789; x_wconf 60' lang='grc' dir='ltr'><strong>ιιι</strong></span> <span class='ocrx_word' id='word_1_841' title='bbox 2728 5701 3139 5789; x_wconf 43' lang='lat' dir='ltr'><strong>cenent“;</strong></span> <span class='ocrx_word' id='word_1_842' title='bbox 3185 5774 3197 5789; x_wconf 89' lang='lat'><strong>.</strong></span> <span class='ocrx_word' id='word_1_843' title='bbox 3255 5701 3604 5789; x_wconf 57' lang='grc' dir='ltr'>τὀιτωςτι.</span> 
     </span>
    </p>
   </div>
   <div class='ocr_carea' id='block_1_121' title="bbox 2423 5759 2899 5829">
    <p class='ocr_par' dir='ltr' id='par_1_121' title="bbox 2423 5759 2899 5829">
     <span class='ocr_line' id='line_1_121' title="bbox 2423 5759 2899 5829; baseline 0.015 -18"><span class='ocrx_word' id='word_1_844' title='bbox 2423 5759 2440 5788; x_wconf 73' lang='grc'><strong>⁵</strong></span> <span class='ocrx_word' id='word_1_845' title='bbox 2488 5759 2614 5829; x_wconf 73' lang='grc' dir='ltr'>περὶ</span> <span class='ocrx_word' id='word_1_846' title='bbox 2680 5765 2792 5826; x_wconf 77' lang='grc' dir='ltr'>τοῖς</span> <span class='ocrx_word' id='word_1_847' title='bbox 2832 5763 2899 5818; x_wconf 81' lang='lat' dir='ltr'><strong>R.</strong></span> 
     </span>
    </p>
   </div>
   <div class='ocr_carea' id='block_1_122' title="bbox 3008 5770 3603 5850">
    <p class='ocr_par' dir='ltr' id='par_1_122' title="bbox 3008 5770 3603 5850">
     <span class='ocr_line' id='line_1_122' title="bbox 3008 5770 3603 5850; baseline 0.013 -26"><span class='ocrx_word' id='word_1_848' title='bbox 3008 5770 3052 5799; x_wconf 83' lang='lat'><strong><em>&quot;</em></strong></span> <span class='ocrx_word' id='word_1_849' title='bbox 3077 5775 3146 5846; x_wconf 80' lang='grc' dir='ltr'>τῇ</span> <span class='ocrx_word' id='word_1_850' title='bbox 3176 5770 3502 5850; x_wconf 74' lang='grc' dir='ltr'>ἀρχαιότητι</span> <span class='ocrx_word' id='word_1_851' title='bbox 3537 5781 3603 5838; x_wconf 76' lang='grc' dir='ltr'>ιι.</span> 
     </span>
    </p>
   </div>
  </div>
