4060 6486
517 369 650 434 1411

1677 354 2036 422 AGATHLE
2080 349 2568 413 SCHOLASTICI

3665 345 3783 410 14ιῖ

516 499 658 548 rem,
693 480 860 536 etiam
893 479 1168 536 intellecta
1199 473 1412 541 fraude,
1461 489 1572 528 non
1606 482 1936 540 magnopere
1967 465 2102 536 ipsis

2220 459 2296 514 τοῦ
2329 460 2482 514 δόλου
2513 459 2691 530 γνοίη,
2737 459 2812 530 μὴ
2844 459 2967 515 λίαν
2993 456 3181 523 αὺτοῖς
3223 455 3561 529 χαλεπῆναι,
3583 457 3711 513 ἀλλὰ
3728 467 3784 533 τῇ

521 575 799 631 infensum
847 572 986 637 fore,
1039 571 1131 627 sed
1169 567 1429 640 postremi
1469 565 1636 635 hujus
1670 561 1800 618 facti
1839 569 2102 631 opportu-

522 675 693 722 nitate
719 665 877 720 facile
905 669 1120 719 omnem
1152 661 1598 717 criminationem
1640 656 1739 710 abs
1770 667 1892 710 sese
1920 665 2103 706 remo-

524 768 699 813 turos.
731 758 934 812 Omnes
960 757 1143 825 itaque
1169 763 1222 809 et
1253 750 1498 824 praefecti
1525 757 1579 805 et
1605 747 1797 818 copiae,
1831 743 2028 802 castris
2050 743 2104 796 in

526 849 897 919 Archazopolis
936 861 1128 916 campo
1188 845 1402 915 positis,
1453 842 1758 897 testudines
1805 839 1880 892 ita
1931 836 2108 892 dictas

529 942 866 1012 apparabant
899 947 952 994 et
987 937 1269 993 machinas
1292 935 1561 1007 jaciendis
1605 929 1916 1001 ingentibus
1959 924 2109 982 saxis

528 1034 744 1101 aliaque
782 1032 831 1084 id
870 1045 1044 1099 genus
1092 1029 1489 1089 instrtJmenta,
1523 1033 1806 1094 tanquam,
1853 1021 1899 1076 si
1945 1033 2107 1089 opus,

531 1141 746 1180 murum
801 1120 1205 1194 oppugnaturi.‘
1243 1119 1340 1174 E‘st
1403 1127 1584 1172 autem
1636 1113 1850 1169 testudo
1901 1118 2108 1166 textum

530 1214 807 1284 quoddam
849 1229 879 1268 e
920 1211 1220 1266 viminibus
1268 1210 1336 1263 ad
1384 1204 1510 1262 tecti
1559 1207 1732 1262 instar
1776 1201 2108 1267 confectum,

527 1302 945 1374 impenetrabile
975 1301 1194 1372 quidem
1227 1299 1340 1370 pra:
1373 1298 1648 1352 densitate
1685 1303 1739 1350 et
1767 1295 2113 1362 circumqua-

529 1407 636 1461 que
679 1391 980 1455 obtectum,
1014 1397 1076 1442 ut
1106 1387 1365 1456 utrinque
1407 1384 1669 1439 lateribus
1700 1381 1951 1437 deorsum
1981 1394 2110 1450 por-

527 1481 692 1536 rectis
719 1482 1018 1536 subeuntes
1047 1478 1352 1532 circumdet
1381 1475 1656 1546 :pellibus
1705 1488 1834 1528 vero
1881 1471 2114 1541 desuper

530 1580 586 1626 et
607 1571 775 1627 coriis
793 1570 944 1626 omni
974 1585 1040 1624 ex
1064 1579 1217 1640 parte
1245 1567 1462 1639 injectis
1493 1566 1802 1646 machinam
1828 1565 2111 1634 obtegunt,

531 1674 594 1718 ut
627 1663 893 1718 munitior
939 1662 1010 1716 sit
1040 1661 1251 1731 telaque
1291 1659 1534 1728 repellat.
1584 1654 1699 1712 Viri
1747 1665 1928 1712 autem
1969 1656 2115 1710 intus

532 1753 588 1806 in
623 1761 741 1806 tuto
786 1753 1162 1807 delitescentes
1215 1764 1337 1805 eam
1380 1748 1689 1803 clanculum
1734 1747 2026 1814 attollunt,
2063 1755 2116 1802 et

2203 552 2490 622 τελευταίᾳ
2521 551 2718 622 πράξει
2751 552 2808 604 ὲν
2834 549 3013 623 καιρῷ
3053 548 3401 620 γιγνομένῃ,
3435 547 3500 600 τὸ
3531 548 3791 621 ἐπίκλημα

2203 643 2476 698 διαλῦσαι.
2502 643 2776 707 ’Ἅπαντες
2799 642 3086 714 τοιγαροῦν
3112 641 3167 694 οἴ
3193 656 3259 694 τε
3299 639 3608 709 στρατηγοὶ
3634 642 3722 694 καὶ
3744 647 3793 696 αἱ

2205 736 2466 806 δυνάμεις
2499 736 2558 788 ἐν
2592 734 2669 806 τῷ
2709 734 3143 806 Ἀρχαιοπόλεως
3178 731 3364 802 πεδίῳ
3409 731 3792 800 στρατοπεδευη

2209 826 2438 898 σάμενοι
2465 867 2479 888 ,
2527 827 2654 890 τούς
2701 843 2760 880 τε
2818 824 3190 896 καλουμένους
3247 821 3578 886 σπαλίωνας
3614 824 3657 856 ⁷⁸
3708 825 3795 876 έπ-

2209 918 2531 982 εσκεύαζον,
2554 921 2648 972 καὶ
2668 919 2748 972 τὰι
2767 918 2870 974 τῶν
2901 918 3155 990 μεγάλων
3182 917 3365 971 λίθων
3393 916 3796 989 ἀκοντιστήρια,

2210 1012 2305 1066 καὶ
2331 1011 2466 1064 ἄλλα
2489 1011 2627 1066 ἄττα
2652 1011 3083 1083 τοιῶειῦργανα,
3107 1011 3206 1075 ὡς,
3244 1011 3300 1063 εί
3327 1008 3543 1079 δεήσοι,
3567 1026 3799 1079 τειχομα-

2211 1104 2550 1176 χήσοντεςθοι
2585 1107 2744 1166 Ἔστι
2775 1105 2830 1158 δὲ
2861 1107 2890 1158 ὁ
2923 1104 3167 1164 σπαλίων
3197 1102 3441 1171 πλέγμα
3474 1103 3541 1155 ὲκ
3565 1100 3738 1170 λύγων
3754 1106 3801 1167 ὲς

2211 1198 2418 1269 ὀροφῆς
2441 1196 2613 1251 τύπον
2641 1197 3082 1268 ἐξειργασμένον,
3119 1195 3397 1264 στεγανόν
3421 1211 3483 1248 τε
3516 1197 3583 1265 τῇ
3607 1196 3800 1249 παχνώ-

2214 1305 2297 1342 σει
2331 1289 2427 1342 καὶ
2473 1289 2819 1360 ἀμφηρεφὲς,
2857 1288 2932 1359 τῷ
2979 1282 3336 1356 ἑκατέρωθεν
3391 1284 3462 1338 τὰ
3509 1284 3714 1358 πλευρὰ
3756 1289 3801 1349 ἐς

2212 1381 2279 1434 τὰ
2310 1380 2461 1436 κάτω
2503 1379 2912 1450 παρατετάσθαι
2945 1377 3042 1433 καὶ
3079 1375 3452 1452 περιϐάλλειν
3467 1375 3514 1410 ⁸³
3547 1375 3610 1430 τὺ
3650 1378 3801 1450 ὑπερ-

2214 1470 2464 1542 χόμενον.
2499 1471 2728 1543 Δέρῤεις
2768 1471 2826 1523 δὲ
2861 1469 3098 1542 ὕπερθεν
3145 1469 3247 1524 καὶ
3277 1467 3560 1540 διφθέρας
3593 1469 3801 1523 ὲπιϐἀλο

2214 1564 2401 1628 λοντες
2431 1563 2715 1628 πάντοθεν,
2749 1562 3223 1634 περικαλύπτουσι
3264 1561 3330 1616 τὸ
3361 1560 3695 1632 μηχάνημα,
3720 1563 3800 1617 τοῦ

2219 1657 2422 1729 μᾶλλον
2449 1657 2629 1728 ἔρυμα
2654 1650 2794 1711 εἶναι
2826 1657 2918 1710 καὶ
2945 1655 3285 1724 ἁποκρούειν
3305 1654 3385 1708 τὰ
3414 1654 3574 1726 βέλη.
3601 1654 3802 1725 Ἄνδρες

2216 1749 2273 1804 δὲ
2297 1749 2444 1804 ἔνδον
2471 1751 2529 1803 ὲν
2557 1749 2635 1820 τῷ
2663 1750 2896 1820 ἀσφαλεῖ
2915 1747 3437 1820 ύποκρυπτόμενοι,
3463 1747 3681 1819 αίρουσί
3697 1750 3800 1816 γε¹¹

533 1858 644 1913 quo
675 1845 871 1898 volunt
918 1840 1292 1907 transferunt;
1346 1841 1440 1895 ubi
1489 1855 1618 1895 vero
1659 1839 1796 1895 turri
1827 1839 1913 1895 vel
1959 1853 2116 1894 muro

2220 1842 2349 1895 αὐτὸ
2373 1841 2616 1910 ἀφανῶς,
2644 1841 2738 1896 καὶ
2833 1840 3112 1911 βούλονται
3145 1839 3604 1910 διακομίζουσιν.
3649 1839 3804 1892 Ἐπει-

535 1937 754 1990 admota
788 1932 971 2000 fuerit,
1008 1943 1121 1986 tum
1154 1932 1249 2002 qui
1293 1931 1348 1986 in
1379 1940 1441 1986 ea
1481 1929 1644 2002 148
1687 1939 1834 1995 sunt,
1867 1929 2122 2000 adjacen-

533 2033 643 2080 tem
671 2035 872 2078 terram
905 2022 1227 2088 sull‘odinnt,
1251 2021 1531 2091 humoque
1552 2031 1737 2091 egesta
1765 2017 2119 2073 fundamenta

535 2117 765 2183 nudant,
799 2127 973 2186 eaque
1001 2115 1245 2170 vectibus
1271 2121 1326 2168 et
1350 2112 1564 2168 malleis
1593 2111 1814 2167 assidue
1836 2109 2118 2172 ferientes,

534 2216 870 2262 structuram
911 2207 1224 2262 succutiunt
1276 2186 1329 2260 et
1361 2203 1708 2260 labefactant.
1746 2203 1805 2257 ln
1843 2201 1990 2257 hunc
2017 2203 2122 2256 ita-

535 2312 647 2366 que
707 2297 928 2352 modum
995 2294 1229 2348 Romani
1275 2309 1334 2348 se
1384 2294 1452 2348 ad
1507 2292 1852 2348 obsidionem
1901 2305 2122 2362 compa-

537 2389 753 2442 t'abant.

607 2563 660 2620 6.
694 2564 831 2619 Dum
867 2565 981 2621 haec
1013 2573 1272 2636 aguntur,
1307 2564 1390 2618 vir
1417 2563 1639 2634 quidam
1679 2561 1847 2618 Persa
1891 2561 1958 2617 ad
1996 2568 2124 2634 pro:

534 2657 904 2728 pugnaculum
945 2657 1308 2713 obambulans
1342 2670 1371 2709 ει
1415 2649 1617 2710 Justini
1660 2654 1988 2710 satellitibus
2026 2661 2122 2708 ca-‘

539 2749 726 2818 pitur;
773 2748 820 2804 is
859 2749 911 2802 in
947 2758 1128 2805 castra
1163 2748 1415 2819 delatus,
1462 2744 1646 2816 ﬂagris
1690 2760 1866 2801 caesus
1913 2745 2125 2815 cogitur

537 2853 768 2895 suorum
807 2840 1036 2895 consilia
1085 2854 1152 2895 ex
1203 2841 1435 2895 veritate
1481 2838 1745 2908 prodere;
1796 2832 1959 2907 atque
2007 2837 2125 2892 haec

538 2934 760 3002 quidem
805 2932 1068 2988 indicavit
1116 2951 1129 2987 :
1177 2931 1554 3002 Nachoragam
1607 2929 1859 2986 videlicet
1906 2929 2017 3000 jam
2069 2929 2122 2983 in

540 3023 774 3079 lberiam
809 3025 1162 3092 pervenisse;
1209 3039 1269 3078 se
1306 3035 1486 3078 autem
1532 3023 1599 3079 ab
1639 3023 1734 3077 illo
1773 3021 2026 3085 missum,
2067 3030 2127 3075 ut

2220 1931 2318 1985 δὰν
2343 1929 2400 1984 δὲ
2430 1929 2821 2001 προσενεχθείη
2851 1929 3050 1999 πύργῳ
3079 1927 3248 1998 τυχὸν
3283 1927 3320 1998 ἦ
3370 1924 3669 1996 περιϐόλῳ,
3700 1925 3800 1978 τότε

2219 2021 2285 2094 δὴ
2320 2021 2514 2094 νέρθεν
2565 2022 2766 2074 ἐκεῖνοι
2815 2021 2915 2092 τὴν
2967 2017 3393 2091 προσκειμένην
3446 2014 3538 2088 [P.'
3581 2015 3672 2086 78]
3710 2018 3801 2085 ﬁt:

2220 2114 2608 2187 ἀνορύττοντες
2637 2115 2730 2168 καὶ
2757 2113 2848 2166 τὸν
2870 2111 3000 2185 χοῦν
3026 2111 3405 2182 ἀνιμώμενοι,
3441 2108 3799 2178 ἀπογυμνοῦσι

2219 2207 2288 2262 τὰ
2323 2204 2571 2276 θεμέλια,
2617 2205 2711 2260 καὶ
2739 2202 2861 2258 εἶτα
2911 2203 3127 2276 μοχλοῖς
3161 2219 3224 2256 τε
3266 2202 3370 2257 καὶ
3415 2201 3657 2272 σφύραις
3681 2201 3801 2254 ἑνδεε

2220 2299 2518 2370 λεχέστατα
2546 2299 2894 2370 πλήττοντες,
2927 2297 3319 2351 κατασείουσιν
3351 2293 3470 2366 τὴν.
3490 2293 3794 2363 οἰκοδομίαν.

2223 2390 2380 2445 Οὕτω
2414 2391 2512 2462 μὲν
2555 2384 2649 2444 οὖν
2684 2391 2734 2444 ot
2779 2389 3042 2460 Ῥωμαῖοι
3085 2389 3154 2441 τὰ
3191 2387 3257 2450 ἐς
3301 2386 3633 2454 πολιορκίαν
3681 2401 3798 2454 mp-

2225 2500 2352 2537 εσκε
2363 2481 2609 2548 υὰξοντο.

2297 2581 2373 2641 ς’.
2430 2568 2518 2630 Ἐν
2551 2573 2726 2646 τούτῳ
2750 2574 2807 2628 δὲ
2841 2571 3123 2627 ἅλίσκεταί
3152 2589 3239 2636 τις
3275 2571 3509 2643 Πέρσης
3547 2566 3683 2640 ἀνὴρ
3709 2567 3795 2622 ὑπὸ

2223 2665 2331 2722 τῶν
2384 2651 2672 2722 Ἰουστίνου
2702 2666 3020 2738 δορυφόρων
3052 2664 3158 2720 ἀνὰ
3187 2663 3252 2716 τὸ
3297 2662 3570 2734 φρούριον
3596 2660 3792 2731 πορευό-

2228 2777 2406 2832 μενος.
2465 2757 2620 2813 Ἐπεὶ
2675 2757 2731 2811 δὲ
2785 2758 2844 2821 ἐς
2897 2755 2960 2809 τὸ
3019 2754 3396 2826 στρατόπεδον
3451 2752 3790 2822 ἐκεκόμιστο,

2223 2851 2566 2923 ἠναγκάζετο
2596 2848 3026 2921 μαστιγούμενος
3053 2847 3150 2912 ξὺν
3177 2845 3422 2918 ἀληθείᾳ
3453 2845 3602 2917 ἐρεῖν
3621 2845 3685 2898 τὰ
3700 2840 3790 2916 ,τῶν

2224 2945 2440 2998 οἰκείων
2471 2941 2835 3014 βουλεύματα.
2875 2939 2987 2994 Καὶ
3029 2938 3224 3010 δῆτα⁸³
3255 2935 3634 3009 ἀπήγγελλεν,
3677 2934 3790 2998 ego

2229 3037 2329 3107 μὲν
2357 3035 2692 3110 Ναχοραγὰν
2723 3036 2781 3100 ἐς
2816 3031 3054 3104 Ἰϐηρίαν
3084 3031 3186 3102 ἤδη
3222 3027 3465 3100 ἀφῖκται
3493 3045 3508 3060 ·
3563 3027 3714 3082 αὑτὸν
3742 3025 3787 3080 δὲ

538 3117 748 3186 copias,
777 3131 896 3186 quae
918 3117 1006 3170 hic
1029 3125 1234 3179 essent,
1260 3115 1550 3180 animaret,
1580 3123 1839 3184 tanquam
1867 3112 2120 3184 praefecto

2227 3126 2588 3191 ἀπεσταλκὼς
2637 3124 2722 3197 εἴη
2763 3125 2831 3179 τὰ
2878 3121 3115 3178 ἐνταῦθα
3148 3117 3552 3192 στρατεύματα
3587 3118 3784 3187 ἐπιθαρ-

540 3207 858 3277 propediem
904 3205 1160 3261 adfuturo
1188 3222 1204 3260 :
1232 3207 1324 3276 qui
1356 3221 1487 3260 vero
1508 3245 1524 3273 ,
1567 3204 1868 3274 inquiebat,
1913 3201 2126 3258 Muchi-

541 3299 697 3353 risim
732 3308 786 3353 et
820 3297 1084 3352 Cotaisim
1121 3296 1357 3352 insident
1391 3295 1587 3362 Persas,
1617 3295 1770 3351 brevi
1793 3304 1846 3349 et
1867 3297 1968 3365 ipsi
1995 3301 2124 3350 sunt

543 3388 784 3449 venturi,
808 3387 1169 3456 popularibus
1193 3386 1312 3441 suis
1340 3387 1619 3455 suppetias
1642 3385 1893 3451 allaturi;
1919 3385 2124 3455 quippe

545 3480 641 3547 qui
666 3479 779 3547 jam
811 3479 1074 3532 certiores
1109 3476 1239 3531 facti
1275 3486 1400 3532 sunt
1435 3477 1501 3530 de
1539 3486 1721 3532 vestra
1756 3475 1807 3530 in
1839 3490 1934 3530 eos
1960 3488 2125 3545 expe-

545 3570 773 3624 ditione.
816 3569 912 3623 His
939 3570 1010 3622 ita
1047 3568 1231 3634 dictis,
1265 3568 1549 3624 confestim
1581 3567 1956 3623 Romanorum
1985 3582 2124 3637 prae—

547 3661 675 3716 fecti
707 3661 1159 3716 deliberationem
1189 3661 1256 3715 de
1285 3661 1450 3715 rebus
1478 3660 1854 3730 praesentibus
1875 3659 2127 3714 institue‘

546 3763 711 3819 runt;
783 3767 848 3807 ac
917 3753 1088 3809 Buzes
1136 3755 1352 3824 quidem
1421 3753 1636 3809 censuit
1690 3768 1814 3808 cum
1873 3753 2124 3807 universo

545 3847 786 3901 exercitu
839 3843 1155 3899 adventanti
1205 3845 1346 3900 hosti
1391 3845 1609 3900 obviam
1658 3845 1933 3911 eundum;
1973 3844 2126 3900 hisce

546 3937 714 4000 enim,
749 3938 826 3990 uti
858 3936 1178 4003 verisimile,
1210 3937 1280 3990 ob
1309 3939 1635 4006 paucitatem
1677 3936 1859 4002 victis,
1892 3951 2126 3991 consene-

549 4037 766 4082 taneum
821 4041 944 4082 esse
996 4041 1129 4093 eos,
1181 4028 1276 4097 qui
1330 4028 1383 4081 in
1438 4027 1848 4098 propugnaculo
1900 4035 2122 4092 essent,

547 4121 950 4189 quamprimum
982 4133 1103 4174 sese
1131 4119 1436 4186 dedituros,
1462 4131 1650 4190 utp0te
1686 4119 1934 4175 subsidio
1958 4119 2128 4175 desti-

549 4220 726 4279 tutos;
759 4212 908 4282 quod
938 4212 984 4266 si
1011 4226 1142 4266 vero
1180 4213 1538 4279 restitissent,
1575 4212 1726 4266 nullo
1753 4213 1970 4282 negotio
2003 4213 2128 4268 sub-

546 4305 686 4358 verti
740 4318 922 4373 posse.
980 4303 1193 4359 Placuit
1262 4305 1315 4359 id
1369 4305 1586 4360 consilii
1642 4306 1806 4360 etiam
1855 4305 2126 4375 Uligango

549 4395 789 4450 llerulici
821 4395 1097 4451 exercitus
1121 4396 1246 4451 duci
1280 4414 1294 4450 :
1324 4397 1470 4452 unde
1499 4398 1588 4452 ille
1625 4396 1786 4468 15.9
1815 4396 2129 4468 frequenter

2227 3217 2511 3286 ωνοῦντα,
2554 3219 2628 3282 ὡς
2662 3218 2861 3271 αὐτίκα
2909 3214 3054 3286 μάλα
3091 3213 3186 3268 τοῦ
3223 3210 3546 3285 στρατηγοῦ
3580 3225 3786 3280 παρεσο-

2227 3311 2410 3383 μένου.
2461 3312 2523 3363 Ol
2561 3307 2631 3361 δὲ
2659 3307 2724 3373 ἐς
2756 3303 3150 3376 Μουχείρισίν
3201 3320 3271 3358 τε
3311 3303 3414 3356 καὶ
3465 3297 3783 3357 Κοτὰῖσιν¹⁸

2222 3397 2567 3470 τεταγμένοι
2595 3396 2820 3465 Πέρσαι
2853 3398 2966 3451 οὐκ
3004 3395 3070 3462 ἐς
3089 3395 3338 3464 μακρὰν
3372 3394 3652 3464 ἥξουσιν,
3679 3390 3781 3460 ἔφη,

2223 3488 2785 3562 προσϐοηθήσοντες
2825 3486 2947 3554 τοῖς
2982 3486 3048 3553 ἐς
3081 3486 3429 3556 Ὀνόγουριν
3466 3483 3779 3554 ὁμοφύλοις,

2222 3581 2606 3654 ἐγνωσμένον
2651 3578 2856 3644 αὐτοῖς
2901 3579 2982 3646 ὡς
3033 3578 3126 3631 ἐπ’
3168 3578 3456 3642 ἐκείνους
3499 3575 3646 3629 ἱέναι
3678 3571 3780 3624 δισ-

2224 3675 2478 3731 νοεῖσθε.
2531 3671 2751 3726 Τούτων
2777 3671 2836 3725 δὲ
2863 3670 3188 3742 εἰρημένων,
3219 3669 3428 3724 αὐτίκα
3461 3668 3512 3720 οἱ
3538 3665 3640 3718 τῶν
3668 3664 3778 3716 Ῥω-

2229 3767 2403 3842 μαίων
2432 3764 2728 3836 στρατηγοὶ
2759 3762 3108 3816 ἐϐουλεύοντο
3153 3762 3302 3832 ἀμφὶ
3349 3760 3463 3814 τῶν
3503 3756 3778 3828 παρόντων.

2225 3859 2339 3913 Καὶ
2369 3856 2577 3926 Βούζης
2616 3856 2711 3926 μὲν
2740 3854 2979 3923 ἔφασκεν
3007 3853 3206 3924 χρῆναι
3236 3852 3507 3924 πρότερον
3535 3846 3688 3903 παντὶ
3715 3842 3775 3912 τῷ

2227 3947 2444 4019 στρατῴ
2469 3947 2820 4011 ὑπαντιάζειν
2848 3948 2960 4008 τοῖς
2986 3945 3403 4016 ἐπερχομένοις.
3440 3941 3652 3996 Τούτων
3670 3937 3773 4007 γὰρ.

2224 4040 2301 4105 ὡς
2334 4041 2395 4092 τὸ
2439 4040 2608 4104 είκὺς,
2650 4039 2738 4092 διὰ
2774 4039 2874 4109 τὴν
2911 4037 3203 4108 ὀλιγότητα
3246 4036 3568 4108 νικωμένων
3591 4033 3635 4065 ⁸³
3672 4027 3772 4083 ἑπό-

2231 4148 2390 4202 μενον
2421 4124 2560 4184 εἶναι
2592 4131 2718 4194 τοὺς
2748 4129 2806 4183 ὲν
2835 4127 2912 4200 τῷ
2938 4129 3186 4202 φρουρίῳ
3222 4130 3459 4200 τάχιστα
3486 4120 3774 4197 προσχωρή·

2228 4237 2364 4283 σειν,
2389 4221 2628 4292 ἐρήμους
2651 4220 3050 4290 γεγενημένους
3071 4237 3083 4251 -
3109 4221 3156 4272 εί
3179 4219 3236 4272 δέ
3262 4237 3326 4289 γε
3354 4219 3450 4274 καὶ
3473 4215 3767 4272 ἀντισταῑεν.

2227 4313 2340 4366 ἀλλ’
2363 4312 2538 4366 οὐδενὶ
2575 4312 2721 4382 πόνῳ
2750 4310 3134 4383 διαφθαρῆναι.
3167 4313 3413 4384 Ἤρεσκε
3434 4308 3671 4364 δὲταῦτα
3696 4302 3770 4356 καὶ

2228 4403 2594 4473 Ούλίγαγγον,
2623 4403 2714 4459 τὸν
2747 4401 2841 4456 τοῦ
2889 4401 3201 4473 Ἐρουλικοῦ
3231 4399 3631 4474 στρατεύματος
3660 4398 3766 4466 ἠγε-

552 4487 890 4558 proverbiale
921 4489 1198 4557 quoddam
1247 4488 1476 4555 dictum,
1516 4489 1862 4544 barbaricum
1905 4488 2120 4558 quidem

2236 4493 2389 4564 μόνα.
2439 4492 2733 4564 Τοιγάρτοι
2767 4493 2976 4555 ἐκεῖνος
3019 4492 3171 4564 θαμὰ
3215 4492 3579 4562 ἐπεφθέγγετο
3603 4497 3766 4554 παροι-

550 4577 682 4632 illud
739 4585 792 4630 et
847 4577 984 4642 leve,
1025 4577 1210 4632 elﬁcax
1268 4586 1450 4637 tamen
1503 4587 1667 4648 atque
1718 4579 1886 4643 utile,
1931 4579 1985 4632 in
2029 4592 2126 4632 ore

550 4669 833 4726 habebat:
868 4670 1148 4725 Arcendas
1195 4671 1434 4740 primum
1490 4686 1612 4726 esse
1643 4685 1792 4741 apes,
1833 4679 1889 4725 et
1932 4670 2128 4725 deinde

549 4760 654 4814 mel
697 4761 1039 4816 commodius
1094 4761 1402 4830 legendum.
1448 4761 1709 4818 Rusticus
1751 4777 1882 4817 vero
1926 4761 2130 4828 (contio

549 4853 768 4908 dentior
795 4854 940 4907 enim
971 4852 1084 4923 jam
1111 4855 1512 4926 violentiorque
1540 4867 1657 4910 erat
1691 4855 1889 4918 factus,
1925 4856 2130 4911 scelere

551 4962 673 5010 suo,
709 4955 768 5002 ut
800 4947 1012 5016 opinor,
1039 4957 1094 5002 et
1121 4948 1366 5002 unanimi
1397 4949 1801 5018 conspiratione
1829 4964 1954 5004 cum
1984 4948 2127 5002 Mar-

551 5038 667 5091 tin-o
723 5037 939 5093 animos
987 5037 1091 5108 ipsi
1148 5036 1433 5105 addente),
1487 5037 1666 5093 Buzen
1711 5039 1914 5107 apertis
1945 5053 2126 5093 scom-

548 5130 789 5186 matibus
840 5140 896 5185 et
931 5129 1281 5187 contumeliis
1327 5130 1620 5186 verborum
1672 5131 1909 5200 petebat,
1959 5131 2123 5185 veluti

2232 4582 2426 4652 μιῶδές
2462 4599 2534 4647 τι,
2567 4582 2902 4655 βαρϐαρικὸν
2937 4583 3035 4653 μὲν
3064 4584 3158 4637 καὶ
3187 4582 3462 4653 ἀφελὲς⁸⁶,
3501 4576 3699 4648 ἐνεργὸν
3720 4571 3764 4624 δὶ

2229 4672 2379 4741 ὅμως
2407 4672 2500 4725 καὶ
2531 4673 2800 4742 χρήσιμον
2827 4687 2842 4702 ⁸
2885 4671 2960 4736 ὡς
2985 4671 3068 4725 δεῖ
3101 4673 3366 4744 πρότερον
3394 4667 3665 4725 ἀποσοϐεῖν
3687 4663 3764 4720 τὰς

2233 4761 2508 4832 μελίττας,
2557 4761 2649 4814 καὶ
2677 4761 2872 4816 ἔπειτα
2899 4762 2958 4814 τὸ
2999 4762 3119 4833 μέλι
3169 4763 3510 4834 σχολαίτερον
3553 4753 3759 4824 ἀναιρεῖ-

2231 4853 2356 4907 σθαι
2371 4853 2439 4907 ⁸⁷.
2481 4854 2540 4906 '0
2565 4851 2622 4905 δὲ
2662 4852 2974 4919 Ῥούστικος
3019 4854 3387 4926 (θρασύτερος
3419 4853 3523 4922 γὰρ
3546 4848 3638 4919 ἥδη
3663 4846 3760 4910 ἐγε-

2232 4945 2381 5012 γόνει
2403 4944 2496 4997 καὶ
2517 4944 2881 5013 τυραννικώτε
2889 4963 2981 5016 ρος
2993 4946 3061 5010 ⁸⁸,
3081 4945 3292 5018 ὥσπερ,
3318 4943 3488 5016 οἶμαι,
3508 4941 3581 5011 τῷ
3603 4933 3757 5001 ἀδῑκῆ⁶

2237 5052 2365 5106 ματι
2414 5035 2818 5105 φρυαπόμενος
2851 5037 2944 5089 καὶ
2992 5039 3058 5107 τῇ
3091 5037 3228 5108 πρὸς
3271 5038 3534 5108 Μαρτίνον
3558 5032 3756 5100 ὁμοφρο-

2235 5126 2390 5199 σύνῃ)
2421 5125 2670 5180 έσκωπτέ
2699 5143 2762 5196 γε
2784 5127 2875 5182 τδν
2894 5127 3103 5200 Βούζην
3124 5129 3420 5201 ἀναφανδὸν
3448 5125 3535 5180 καὶ
3560 5123 3750 5183 tum!"

1803 5303 2039 5359 VARUS
2089 5301 2497 5359 LECTIONES.

619 5462 662 5492 ⁷⁸
713 5460 1054 5523 σπαλίωντας
1093 5460 1134 5513 R
1193 5468 1247 5514 et
1276 5455 1428 5514 Suid.
1479 5475 1526 5514 s.
1588 5473 1667 5520 v.,
1723 5458 2036 5522 σπαλιῶνας
2082 5457 2228 5526 vulg.
2336 5459 2382 5490 ⁸⁰
2422 5460 2918 5528 τειχομαχῆσαντες

620 5530 835 5598 αἴρουσι
861 5545 920 5580 τε
952 5529 1113 5600 Suid.
1147 5529 1254 5583 Pro
1286 5530 1508 5600 ἀφανῶς
1546 5527 1700 5582 Suid.
1765 5529 2035 5600 φανερῶς.
2115 5528 2201 5600 _“_
2219 5528 2354 5600 δῆτα
2378 5526 2446 5600 ΑΒ
2479 5529 2670 5600 ⁸Ιμιιειι.
2695 5528 2871 5600 (Οἰτ),
2895 5531 2959 5600 δὴ

2249 5544 2354 5597 ητα
2404 5544 2446 5580 ιτ
2491 5544 2662 5597 Lugd.
2703 5544 2852 5597 (UL),

548 5529 593 5563 "‘
620 5530 835 5598 αἴρουσι
861 5545 920 5580 τε
960 5529 1113 5586 Suid.
1147 5529 1254 5583 Pro
1286 5530 1508 5596 ἀφανῶς
1546 5527 1700 5582 Suid.
1765 5529 2035 5599 φανερῶς.

547 5599 746 5653 Lugd“
787 5599 1078 5651 Κοταίσιον
1107 5601 1231 5653 cdd.
1306 5599 1353 5632 ⁸⁸
1381 5598 1681 5653 νικώμενον
1709 5606 1763 5652 et
1793 5598 2035 5653 ὲποιιένα

576 5617 722 5652 .ιιεω.

2336 5459 2382 5490 ⁸⁰
2401 5460 2942 5536 -τειχομαχήσαντες-
2966 5460 3059 5536 Β.-
3139 5445 3741 5536 ’ξ-παραϐάλλειν-ειιὶιὲ

3005 5513 3074 5584 τὰ
3119 5513 3667 5588 εάάΪἾΓΚοτάῖσιν
3705 5513 3738 5566 κ

787 5599 1078 5651 Κοταίσιον
1107 5601 1231 5654 cdd.
1306 5592 1353 5632 ⁸³
1381 5598 1681 5668 νικώμενον
1709 5592 2077 5668 δι’ὲπομένων
2111 5596 2244 5668 Splt.
2271 5592 2398 5651 Par.
2475 5597 2522 5629 ⁸⁸
2551 5592 2748 5668 α’φελὲς
2780 5592 3017 5654 ειιὶάίε
3051 5601 3106 5656 h.
3135 5619 3186 5656 ν.
3215 5610 3269 5658 ει
3293 5619 3336 5659 s.
3367 5618 3415 5656 v.
3447 5592 3738 5668 σχολσςίτερον

545 5642 1046 5737 ἐῖῖἷιὶιιῗίὶίῖιὶξςῖῖ
1061 5642 1251 5723 Rufin
1259 5668 1345 5738 gd.
1381 5642 2183 5736 ὲῖἇιῗῖίῖἇσῷᾇξᾲτῆὴῇᾤῆν
2191 5642 2762 5738 ὶὶιὲυἵῆιοιηεῆιξῗὛν
2780 5642 3269 5738 ἱζὲὲἐσόᾇῖὲιῖἷάῗ
3285 5642 3336 5729 ἕξ
3359 5642 3415 5726 ἐξ
3427 5642 3732 5738 sititer“-

543 5739 594 5770 "
620 5735 1086 5808 τυραννικώτερος
1120 5737 1165 5790 ιι
1193 5735 1442 5809 et‘intpr.
1473 5735 1766 5802 violentior,
1794 5737 2263 5806 τυραννικώτατος
2296 5737 2440 5809 vulg.
2483 5755 2572 5808 μοι
2603 5736 2662 5792 R.
2687 5753 2780 5808 pro
2810 5735 2981 5808 οῖμαι.
