4060 6438
300 349 449 418 1413

1437 355 1983 420 HISTORIARUM
2019 355 2251 416 LIBER
2277 357 2394 416 III.

3427 357 3559 424 ιιιι

296 463 535 536 edisse”,
563 463 643 528 ὡς
669 462 733 518 οὐ
761 463 983 518 πώποτε
1010 463 1081 518 τὰ
1107 464 1294 519 δέοντα
1325 463 1698 536 λογιζόμενον.
1729 467 1776 518 Κ
1786 464 1879 536 ρά-

1996 477 2268 532 nunquam
2300 478 2421 534 quae
2450 477 2516 517 ex
2543 478 2601 517 re
2634 473 2818 518 essent
2861 467 3312 536 per-pendentem;
3338 471 3563 525 consul-

300 570 484 608 τιστον
524 554 579 606 δὲ
625 551 811 623 ἔλεγεν
845 550 983 610 εἶναι
1021 555 1265 627 περιττῷ
1306 556 1404 627 μὲν
1447 557 1595 626 πόνῳ
1623 555 1683 609 τὸ
1718 554 1884 626 στρά-

299 663 480 716 τευμα
507 646 705 716 ἥκιστα
751 647 1074 718 ἐπιτρίϐειν,
1123 648 1371 712 ἅπαντας
1413 648 1471 702 δέ
1522 648 1601 718 τῷ
1643 648 1885 720 φρουρίῳ

303 739 670 806 πελάσαντας,
714 739 914 810 ῥᾳδίως
948 757 1011 810 γε
1062 741 1196 794 αὐτὸ
1242 739 1752 812 καταστρέψασθαι,
1789 739 1884 793 καὶ

305 831 640 903 προτερῆσαι
670 833 771 904 τὴν
814 832 1014 898 ἔξωθεν
1046 835 1370 906 ἐπικουρίαν
1395 851 1410 867 ·
1461 835 1678 903 ὀλίγους
1719 835 1797 899 δέ,
1834 834 1888 887 εί

301 939 370 988 γε
387 922 433 953 ⁹⁰
481 919 611 992 ἄρα,
665 922 908 975 στέλλειν
959 924 1046 976 ἐπ’
1095 924 1371 990 ἐκείνους,
1422 926 1482 979 τὺ
1527 926 1750 996 τάχος⁹¹
1788 926 1884 996 τῆς

303 1011 497 1080 ἐφόδου
530 1011 987 1076 διακωλύσοντας.
1021 1015 1135 1067 Καὶ
1160 1009 1228 1086 ἦν
1263 1017 1362 1086 μὲν
1392 1016 1572 1086 πολλῷ
1621 1017 1885 1086 ἀμείνονα

300 1105 374 1158 τὰ
399 1104 474 1175 τῷ
502 1103 679 1176 Βούζῃ
710 1104 1128 1176 βεϐουλευμένα,
1160 1109 1253 1161 καὶ
1281 1108 1382 1179 τῆς
1415 1108 1631 1178 φύσεως
1651 1107 1884 1178 ἐχόμενα

304 1199 414 1251 τῶν
459 1199 838 1270 πραγμάτων,
890 1199 1210 1275 στρατηγίᾳ.
1242 1215 1304 1252 τε
1342 1199 1542 1272 ἀρίστῃ
1577 1199 1883 1269 πρέποντα,

305 1288 481 1344 καὶτὸ
501 1289 830 1360 δραστήριον
853 1289 949 1356 ξὺν
971 1289 1051 1360 τῷ
1073 1290 1307 1358 ἀσφαλεῖ
1332 1291 1700 1362 παρεχόμενα,
1733 1287 1887 1342 Ἐπεὶ

303 1381 365 1434 δέ
379 1383 446 1446 ⁸³,
488 1382 564 1446 ὡς
595 1381 794 1447 ἔοικεν,
842 1381 1029 1434 ἅπασα
1060 1384 1093 1452 ἡ
1139 1382 1351 1452 πληθὺς
1379 1381 1471 1435 τοῦ
1499 1382 1666 1449 ἄγους
1698 1398 1884 1451 μετει-

303 1473 468 1544 λήφει
501 1474 579 1543 τῷ
610 1472 844 1537 ξυνεῖναί
873 1485 932 1525 τε
965 1474 1058 1526 καὶ
1091 1473 1314 1526 ἕπεσθαι
1342 1477 1456 1538 τοῖς
1488 1474 1815 1546 μιαιφόνοις,
1848 1474 1881 1544 ἡ

304 1566 516 1618 κακίων
547 1583 607 1618 τε
635 1567 732 1618 καὶ
762 1563 1134 1634 ἀξύμφορος⁸³
1160 1563 1446 1635 νενίκηκεν
1472 1565 1691 1636 γνώμη,
1720 1565 1794 1628 ὡς
1819 1563 1888 1618 ἂν

303 1657 647 1729 παραχρῆμα
672 1656 957 1725 ὑπόσχοιεν
991 1655 1165 1718 δίκας.
1201 1655 1283 1727 [Ρ.
1315 1655 1407 1728 79]
1435 1655 1750 1710 Στέλλονται
1773 1656 1886 1728 ,μὲν

303 1751 417 1820 γὰρ
445 1751 531 1802 ἐπ’
563 1747 807 1811 ἐκείνους
837 1748 965 1810 τοὺς
1011 1748 1075 1800 ἐκ
1104 1747 1518 1817 Μουχειρίσιδος
1557 1746 1886 1818 ἐρχομένους

1987 554 2257 609 tissimum
2301 564 2484 610 autem
2537 572 2658 611 esse
2706 556 2940 624 dicebat,
2989 559 3293 614 exercitum
3341 562 3560 630 quidem

1986 659 2396 714 supervacaneo
2427 646 2610 701 labore
2656 663 3002 718 nequaquam
3042 649 3300 718 amigere,
3339 652 3430 705 sed
3467 666 3564 708 co-

1987 737 2094 807 piis
2121 739 2378 793 omnihus
2403 741 2813 810 prOpugnaculo
2837 740 3075 796 admotis
3104 742 3156 796 id
3193 743 3370 812 ipsum
3402 743 3564 801 facile

1987 827 2040 880 in
2075 836 2397 897 potestatem
2423 830 2688 900 redigere,
2714 841 2764 886 et
2801 833 3062 886 auxilium
3100 836 3398 891 adventans
3428 852 3563 906 prae-

1984 928 2236 985 vertere;
2293 935 2498 988 paucos
2547 936 2695 985 vero,
2748 922 2794 977 si
2849 923 2922 976 ita
2973 923 3266 987 videretur,
3322 925 3376 978 in
3435 927 3564 982 illos

1986 1008 2224 1074 mittere,
2252 1010 2342 1078 qui
2368 1025 2484 1073 eos,
2511 1013 2805 1081 quominus
2851 1013 3098 1066 celeriter
3121 1015 3174 1066 iu
3211 1029 3268 1069 se
3297 1014 3560 1084 impetum

1986 1100 2223 1164 faciant,
2269 1112 2570 1156 morentur.
2612 1101 2677 1156 Et
2702 1112 2849 1157 certe
2884 1102 3042 1158 Buzaa
3074 1106 3362 1160 consilium
3403 1106 3564 1177 longe

1985 1201 2103 1245 erat
2150 1192 2345 1247 melius
2383 1203 2438 1247 et
2475 1209 2658 1247 rerum
2697 1203 2905 1249 naturae
2940 1197 3432 1264 accommodatum,
3469 1213 3568 1268 op-

1988 1285 2241 1357 timaeque
2281 1287 2633 1357 belligerandi
2662 1288 2764 1342 arti
2793 1300 3242 1358 consentaneum,
3277 1293 3566 1348 Strenuita-

1988 1385 2094 1432 tem
2131 1395 2255 1434 cum
2300 1380 2594 1434 securitate
2634 1381 2981 1452 coniunctam
3026 1382 3248 1440 habens.
3294 1383 3564 1440 Caeterum

1987 1486 2134 1536 cum,
2187 1473 2265 1526 uti
2311 1473 2607 1528 verisimile
2654 1484 2759 1538 est,
2812 1475 3065 1529 universa
3107 1475 3398 1531 multitudo
3448 1492 3569 1532 sce-

1984 1562 2114 1618 leris
2152 1565 2445 1634 perpetrati
2487 1566 2759 1636 particeps
2791 1576 2938 1622 esset
2971 1566 3136 1634 facta,
3169 1568 3314 1636 quod
3347 1569 3572 1638 sangui-

1987 1654 2156 1709 nariis
2223 1653 2328 1709 illis
2388 1670 2446 1710 se
2485 1655 2826 1725 adjunxisset
2879 1671 3084 1726 eosque
3133 1665 3321 1711 secuta
3387 1666 3569 1723 esset;

1987 1745 2226 1801 deterius
2290 1744 2546 1815 quodque
2622 1746 2805 1800 minus
2871 1761 2938 1801 ex
2998 1762 3058 1801 re
3111 1745 3392 1800 communi
3453 1755 3574 1800 erat

303 1843 496 1913 ἄνδρες
528 1841 756 1894 ἱππόται
785 1839 846 1892 οὐ
875 1837 1092 1902 πλείους
1124 1837 1156 1909 ἢ
1193 1839 1486 1903 ἑξακόσιοι.
1535 1839 1793 1908 Ἡγοῦντο
1834 1839 1890 1892 δέ

1996 1834 2282 1890 consilium
2336 1833 2502 1897 vicit,
2558 1841 2617 1887 ut
2669 1834 2878 1889 scilicet
2928 1835 3338 1905 quamprimum
3381 1849 3573 1904 poenas

303 1934 486 1988 αὐτῶν
521 1931 874 2002 Δαόράγεζάς
920 1948 980 1986 τε
1027 1933 1122 1985 καὶ
1166 1931 1522 2003 οὐσίγαρδος,
1570 1931 1738 2002 ἄμφω
1789 1931 1888 2000 μὲν

308 2025 570 2098 βαρϐἁρω
611 2023 673 2076 τὸ
717 2022 902 2092 γένος,
948 2022 1276 2092 Ῥωμαϊκῶν
1317 2022 1374 2076 δέ
1424 2024 1722 2093 ταγμάτων
1754 2039 1887 2093 προ-

313 2118 596 2188 εστηκότε.
637 2117 697 2170 Οί
725 2115 782 2168 δὲ
815 2113 968 2169 ἄλλοι
1003 2115 1245 2178 ἅπαντες
1273 2111 1389 2185 ἃμα
1413 2117 1529 2178 τοῖς
1561 2119 1891 2188 στρατηγοῖς

310 2209 395 2281 τῷ
427 2209 660 2280 φρουρίῳ
684 2207 1104 2278 προσϐαλόντες,
1135 2207 1299 2272 εὐθὺς
1324 2207 1489 2278 ἔργου
1522 2208 1747 2280 εἴχοντο.
1778 2210 1890 2272 Τάς

306 2315 370 2354 τε
393 2300 502 2373 γὰρ
523 2299 765 2370 μηχανὰς
793 2298 1007 2352 ἐκίνουν
1033 2299 1128 2351 καὶ
1153 2299 1260 2353 τῶν
1281 2298 1466 2352 πυλῶν
1488 2301 1885 2371 ἀπεπειρῶντο,

302 2394 405 2448 καὶ
435 2391 962 2464 ἀμφικυκλώσαντες
988 2390 1064 2462 τῷ
1091 2391 1284 2463 πλήθει
1309 2393 1402 2447 τὸν
1427 2393 1730 2464 περίϐολον,
1753 2396 1889 2450 πάν-

299 2485 464 2539 τοθεν
509 2484 877 2556 ἐσηκόντιζον.
933 2486 996 2537 Oi
1038 2485 1095 2538 δὲ
1143 2485 1438 2556 Πέρσαιθδ,
1484 2485 1622 2539 ἀλλά
1650 2488 1758 2558 γὰρ
1799 2489 1892 2541 καὶ

299 2568 454 2630 οὗτοι
488 2575 591 2629 ἀνὰ
621 2574 724 2639 τὰς
771 2575 1028 2642 ἐπάλξεις
1068 2575 1394 2638 διαθέοντες,
1440 2574 1518 2638 ὡς
1560 2571 1672 2630 οἷόν
1701 2593 1761 2630 τε
1798 2573 1887 2649 ἦν,

301 2669 375 2722 ἐκ
407 2667 514 2722 τῶν
545 2668 830 2737 παρόντων
857 2668 1146 2739 ἠμύνοντο,
1189 2668 1318 2740 βέλη
1347 2686 1408 2724 τε
1442 2671 1694 2738 ἀφιέντες
1722 2671 1893 2742 συχνὰ

301 2755 405 2809 καὶ
430 2757 497 2811 τὰ
524 2756 746 2811 ἔκτοθεν
779 2758 1192 2830 φυλαττόμενοι.
1235 2759 1456 2825 ὐθόνας
1485 2759 1594 2832 γάρ
1622 2777 1773 2825 τινας
1797 2762 1892 2817 καὶ

307 2847 572 2910 ἁπλοΐδας
603 2849 668 2901 ἐκ
698 2849 792 2902 τοῦ
829 2848 1106 2921 μετεώρου
1145 2850 1544 2923 κρεμάσαντες,
1591 2852 1763 2926 ταύτῃ
1794 2857 1891 2918 τὰς

305 2938 476 3012 βολὰς
507 2939 902 3010 ἀσθενεστέρας
921 2943 967 2976 ⁸⁵
993 2943 1307 3010 ἀπετέλουν,
1337 2948 1396 3000 ἐν
1421 2945 1596 2999 τοῖσδε
1629 2947 1892 3018 πρότερον

299 3031 772 3102 περιειργομένας
797 3049 813 3064 ο
881 3034 1085 3104 σπουδῇ
1137 3052 1198 3088 τε
1251 3036 1422 3107 πολλῇ
1473 3035 1568 3090 καὶ
1616 3035 1893 3108 προθυμίᾳ

300 3121 432 3174 κατ’
457 3121 708 3192 ἀλλήλων
733 3123 1084 3194 διεμάχοντο.
1112 3123 1226 3178 Καὶ
1250 3127 1474 3182 εῐκασεν
1504 3127 1568 3181 ἄν
1597 3143 1684 3192 τις
1712 3141 1891 3199 παρα-

1990 1928 2224 1982 luerent.
2257 1924 2546 1980 Mittuntur
2575 1927 2721 1981 enim
2746 1926 2800 1980 in
2827 1927 2970 1994 illos,
2997 1927 3090 1996 qui
3121 1941 3185 1980 ex
3219 1925 3574 1981 Mucbiriside

1994 2018 2154 2090 150
2191 2018 2578 2085 adventabant,
2614 2018 2715 2072 viri
2741 2019 2955 2089 equites
2986 2034 3097 2099 non
3127 2019 3312 2089 plures
3345 2033 3575 2073 sexcen—

1991 2111 2096 2178 tis;
2126 2112 2320 2165 horum
2348 2111 2605 2166 ductores
2633 2120 2792 2166 erant
2814 2109 3152 2184 Dabragezas
3172 2119 3227 2166 et
3249 2109 3572 2181 Usigardus,

1991 2204 2154 2258 ambo
2189 2203 2412 2274 quidem
2457 2203 2676 2258 natione
2714 2203 3360 2270 barbari,,liomanorum
3392 2213 3573 2258 tamen

1992 2294 2306 2350 cohortium
2354 2293 2541 2349 duces.
2602 2291 2819 2362 Reliqui
2872 2307 3003 2348 vero
3052 2307 3247 2348 omnes
3299 2308 3406 2347 una
3448 2307 3575 2347 cum

1991 2385 2268 2456 praefectis
2303 2385 2771 2456 propugnaculum
2805 2384 3024 2450 adorti,
3067 2384 3252 2440 statim
3305 2397 3441 2453 opus
3488 2397 3578 2452 ag-

1991 2478 2165 2549 gressi
2193 2487 2340 2544 sunt,
2368 2477 2752 2548 machinisque
2784 2476 3022 2532 admotis
3055 2485 3245 2546 portas
3273 2482 3574 2538 tentarunt,

1993 2570 2276 2640 copiisque
2297 2583 2456 2624 muro
2478 2567 2830 2624 circumfusis
2848 2567 2999 2623 omni
3018 2582 3083 2622 ex
3104 2574 3258 2637 parte
3282 2566 3337 2620 in
3362 2567 3577 2620 hostem

1987 2661 2394 2733 iaculabantur.
2434 2659 2613 2717 Persae
2645 2671 2827 2716 autem
2867 2669 2920 2716 et
2945 2659 3049 2730 ipsi
3090 2675 3185 2730 per
3221 2658 3419 2730 pinnas
3466 2657 3581 2714 dis-

1993 2765 2274 2810 currentes
2299 2793 2314 2819 ,
2373 2753 2630 2814 omnibus
2668 2753 2879 2808 viribus
2917 2768 3034 2818 eos,
3069 2759 3233 2822 prout
3262 2766 3349 2805 res
3382 2759 3575 2821 postu—

1993 2845 2159 2910 labat,
2215 2845 2650 2916 propulsabant,
2699 2845 2898 2915 partim
2938 2844 3153 2915 sagittis
3202 2845 3422 2900 assidue
3466 2841 3578 2899 Ro-

1993 2950 2186 2991 manos
2213 2945 2477 3006 petentes,
2509 2935 2708 3005 partim
2733 2936 3059 2990 exteriorem
3085 2950 3308 2990 murum
3336 2943 3575 2990 tuentes.

1993 3029 2183 3083 Lintea
2213 3029 2357 3084 enim
2387 3028 2631 3098 quwdam
2659 3028 3012 3100 stragulaque
3036 3043 3066 3083 e
3093 3027 3316 3082 sublimi
3342 3042 3578 3096 suspen-

1995 3119 2209 3184 dentes,
2235 3136 2298 3175 ea
2318 3122 2528 3191 ratione
2552 3122 2783 3176 telorum
2803 3121 2944 3177 ictus
2966 3119 3357 3191 infringehant,
3381 3119 3584 3195 quippe

298 3208 462 3275 τάξει
496 3211 701 3280 μᾶλλον
748 3213 783 3283 ἢ
821 3214 1111 3286 πολιορκίᾳ
1152 3216 1214 3270 τὸ
1246 3218 1460 3288 χρῆμα.
1507 3218 1755 3290 Τοσαύτη
1788 3221 1892 3290 ἀρα

1999 3233 2120 3287 quae
2141 3218 2287 3273 hisce
2311 3220 2462 3289 prius
2491 3217 2692 3273 inflicta
2718 3218 3136 3274 intricabantur.
3170 3216 3364 3286 Magno
3400 3217 3585 3286 itaque

295 3297 380 3372 ἦν
402 3302 742 3374 ἑκατέρωθεν
772 3305 806 3375 ἡ
834 3305 1048 3377 ταραχὴ
1079 3308 1170 3361 καὶ
1199 3309 1360 3379 ἡτῶν
1385 3309 1562 3382 ἔργων
1599 3310 1859 3376 ἐπίδειξις
1879 3327 1894 3342 ο

297 3393 420 3449 τῶν
471 3395 575 3466 μέν
611 3395 754 3467 ὑπὲρ
787 3399 889 3468 τῆς
924 3398 1076 3466 σφῶν
1127 3400 1406 3471 σωτηρίας
1454 3401 1895 3471 ἀγωνιζομένων,

295 3484 386 3548 ὡς
432 3486 494 3538 οὐ
533 3487 756 3558 μετρίου
807 3490 1165 3561 περιστάντος
1203 3491 1476 3557 κινδύνου,
1527 3497 1640 3557 τοῖς
1689 3495 1747 3549 δὲ
1804 3497 1900 3551 καὶ

306 3575 462 3649 μάλα
485 3579 713 3650 αίσχρὸν
740 3575 882 3635 εἶναι
904 3581 1116 3647 δοκοῦν,
1143 3582 1291 3649 ἅπαξ
1318 3585 1640 3641 ἐπελθοῦσιν
1655 3589 1702 3621 ⁸⁸
1726 3589 1900 3660 ἀπρά-

302 3686 466 3734 κτοις
501 3670 800 3736 ἐπανιέναι,
836 3673 932 3726 καὶ
961 3673 1038 3744 μὴ
1066 3675 1187 3745 οὐχὶ
1217 3677 1672 3749 παραστήσασθαι
1697 3679 1758 3732 τὸ
1781 3681 1900 3733 ἐπι-

299 3761 596 3832 τείχισμα,
629 3763 724 3816 καὶ
754 3763 1066 3829 ἀπαλλάξαι
1099 3767 1201 3838 τὴν
1243 3767 1625 3839 ’Δρχαιόπολιν
1656 3773 1898 3844 γειτονή-

307 3868 490 3921 ματος
512 3852 774 3923 πολεμίου
797 3877 813 3893 ι

2003 3311 2184 3367 studio
2215 3326 2540 3381 summaque
2583 3310 2865 3366 alacritate
2908 3311 3167 3380 utrinque
3213 3308 3583 3379 pugnabatur,

2004 3403 2138 3458 adeo
2175 3412 2232 3458 ut
2261 3404 2522 3474 praelium
2565 3405 2746 3474 potius
2777 3420 2867 3460 res
2911 3420 2995 3478 ea,
3045 3419 3210 3474 quam
3252 3401 3464 3457 obsidio
3508 3401 3589 3456 vi-

2002 3495 2119 3551 deri
2148 3505 2336 3565 posset
2371 3511 2387 3550 :
2416 3503 2599 3550 tantus
2632 3507 2750 3552 erat
2777 3497 3036 3566 utrinque
3064 3495 3378 3550 animorum
3409 3494 3588 3549 ardor

2003 3596 2060 3643 et
2108 3588 2432 3643 militarium
2482 3588 2788 3644 facinorum
2832 3589 3146 3654 ostentatio,
3187 3589 3336 3644 hisce
3365 3588 3586 3658 quidem

2004 3695 2103 3751 pro
2142 3681 2321 3736 salute
2367 3697 2466 3737 sua
2503 3683 2935 3749 dccertanlibus,
2965 3692 3151 3752 utpote
3181 3698 3291 3736 non
3327 3680 3589 3736 mediocri

2005 3773 2325 3833 discrimine
2356 3790 2452 3830 eos
2484 3776 2906 3842 circumstante,
2945 3776 3032 3830 his
3064 3791 3192 3830 vero
3221 3774 3384 3830 etiam
3429 3779 3589 3843 turpe

2007 3865 2302 3922 admodum
2351 3883 2476 3924 esse
2530 3869 2916 3936 censentibus,
2965 3869 3041 3934 si,
3094 3883 3216 3922 cum
3271 3865 3438 3921 semel
3490 3879 3586 3920 eos

314 3944 502 3999 adorti
542 3956 742 4014 essent,
794 3947 996 4004 infecta
1051 3965 1112 4006 re
1164 3952 1503 4020 recederent,
1550 3968 1730 4025 neque
1775 3962 2244 4030 propugnaculum
2309 3962 2442 4018 illud
2514 3969 2790 4032 caperent,
2830 3956 2884 4016 et
2944 3958 3338 4030 Archzeopolim
3401 3957 3588 4013 hostili

313 4035 526 4094 vicinia
554 4038 865 4096 liberarent.

389 4125 460 4192 ζ’.
505 4131 565 4183 Oi
601 4130 658 4185 δὲ
708 4133 858 4188 ἄλλοι
910 4135 1120 4206 Πέρσαι
1174 4137 1232 4200 ἐς
1277 4137 1613 4209 τρισχιλίους
1667 4141 1898 4206 ἱππότας

308 4218 596 4292 μαχίμους
639 4219 1099 4297 ξυντεταγμένοι,
1149 4228 1381 4299 ἄραντες
1422 4229 1488 4284 ἐκ
1515 4249 1574 4285 τε
1604 4233 1898 4287 Κοταῖσίου

303 4310 415 4365 καὶ
458 4312 906 4385 Μουχειρίσιδος,
965 4316 1206 4389 ἐχώρουν
1257 4320 1351 4374 ἐπὶ
1403 4321 1503 4392 τὴν
1565 4323 1894 4394 Ὀνόγουριν.

302 4405 726 4476 Πορευομένοις
753 4407 811 4461 δέ
841 4411 1024 4472 αὐτοῖς
1072 4411 1488 4483 ἐκμελὲστερον,
1529 4415 1625 4468 καὶ
1664 4417 1899 4471 οὐδενότι

2079 4143 2130 4200 7.
2171 4143 2276 4199 Alii
2315 4160 2442 4202 vero
2468 4147 2648 4204 Persae.
2678 4147 2746 4202 ad
2772 4147 2875 4202 tria
2916 4146 3300 4203 bellicosorum
3339 4146 3586 4217 equitum

2007 4235 2175 4290 millia
2208 4252 2274 4291 ex
2304 4236 2540 4293 Cotaesio
2585 4247 2637 4292 et
2678 4237 3028 4296 Muchisiride
3059 4238 3358 4306 Onogurim
3393 4254 3587 4295 versus
3657 4227 3667 4235 ’

2007 4337 2331 4396 moverunt;
2365 4330 2419 4385 in
2447 4346 2584 4402 quos
2618 4331 2977 4403 negligentius
3013 4332 3167 4403 151
3203 4332 3590 4402 incautiusque

2007 4423 2356 4490 procedentes
2391 4423 2636 4493 nihilque
2675 4422 2872 4479 hostile
2913 4433 3184 4489 verentes,
3223 4432 3448 4493 repente
3483 4421 3589 4478 Da-

303 4495 579 4568 πολέμιον
626 4499 1058 4570 διανοουμένοις,
1121 4502 1476 4557 ἐσπίπτουσιν
1503 4505 1548 4536 ⁸⁷
1601 4505 1798 4576 ἀθρόον
1850 4508 1892 4560 oi

2009 4513 2270 4583 bragezas
2314 4522 2367 4568 et
2397 4513 2699 4585 Usigardus
2728 4531 2852 4571 cum
2885 4514 3002 4570 suis
3041 4516 3216 4585 capiis
3259 4515 3498 4577 irruunt,
3538 4521 3592 4567 et

303 4589 469 4659 ἀμφὶ
494 4589 588 4644 τὸν
615 4591 970 4662 Δαὸράγεζαν
997 4593 1092 4648 καὶ
1122 4595 1474 4668 Οὐσίγαρδον,
1504 4599 1596 4652 καὶ
1626 4599 1706 4670 τῷ
1729 4602 1903 4669 αἰφνι-

302 4681 424 4752 δίῳ
446 4698 510 4750 γε
536 4683 734 4747 αὐτοὺς
766 4685 1231 4757 καταπλήξαντες,
1259 4688 1422 4752 εὐθὺς
1453 4692 1508 4752 ἐς
1545 4691 1724 4762 φυγὴν
1757 4691 1908 4762 ἐτρε-

302 4773 455 4842 ψαν.
488 4773 693 4828 Τούτου
719 4775 776 4828 δέ
803 4776 1226 4848 ἀπηγγελμένου
1256 4781 1370 4843 τοῖς
1393 4779 1740 4851 πολιορκοῦσι
1773 4782 1906 4836 Ῥω-

311 4864 546 4934 μαίοις,
601 4867 802 4926 αὐτίκα
841 4868 985 4946 οἵγε
1018 4869 1463 4942 θαρραλεώτερον
1497 4874 1906 4944 ἐπιφερόμενοι,

303 4955 397 5010 τά
439 4973 499 5010 τε
553 4959 1036 5031 παραπετάσματα
1078 4963 1266 5016 ἐκεῖνα
1308 4963 1630 5028 καθεῖλκον,
1685 4967 1779 5020 καὶ
1814 4965 1908 5030 ξὺν

2011 4606 2294 4676 repentina
2334 4606 2422 4661 illa
2455 4607 2819 4678 impressione
2858 4607 3142 4677 perculsos
3184 4607 3365 4661 statim
3416 4607 3471 4660 in
3505 4605 3591 4660 fu—

2011 4713 2134 4768 gam
2176 4706 2410 4752 vertunt.
2461 4699 2614 4765 Quod
2649 4700 2739 4754 ubi
2779 4697 3044 4754 Romanis
3085 4699 3464 4756 obsidentibus
3511 4705 3596 4753 est

2012 4789 2346 4856 nuntiatum,
2392 4790 2680 4848 confestim
2715 4791 2981 4848 ferociore
3033 4792 3086 4846 iu
3128 4792 3593 4862 propugnaculum

2014 4880 2219 4951 impetu
2265 4881 2432 4949 facto,
2491 4883 2608 4939 vela
2670 4884 2784 4949 illa,
2837 4884 3037 4954 quibus
3081 4898 3274 4938 murus
3325 4883 3597 4937 obductus

2015 4979 2152 5036 erat,
2184 4973 2560 5037 detraxerunt,
2600 4983 2655 5030 et
2682 4975 2818 5029 citra
2851 4975 3022 5029 ullum
3056 4974 3302 5028 ordinem
3345 4971 3595 5040 complu-

304 5047 573 5120 ἀκοσμίᾳ
610 5049 884 5122 πολλαχοῦ
930 5051 1024 5105 τοῦ
1075 5053 1290 5124 τείχους
1334 5053 1795 5120 διεσκεδάννυντο,
1835 5057 1892 5117 ὡς

2017 5061 2172 5116 ribus
2202 5063 2255 5116 in
2286 5063 2422 5119 locis
2454 5079 2551 5134 per
2576 5081 2766 5122 muros
2796 5065 2977 5120 diffusi
3009 5075 3186 5132 erant,
3225 5073 3483 5133 tanquam
3516 5060 3598 5115 fa—
3651 5082 3660 5093 ν

311 5139 532 5211 ῥᾳδίως
575 5141 825 5198 τολοιπδν
853 5143 924 5198 τὰ
966 5143 1095 5215 τῇδε
1128 5145 1346 5202 ἅπαντα
1394 5147 1815 5220 διαρπασόμενοι
1842 5151 1908 5217 ’⁸,

2020 5151 2124 5208 cile
2159 5155 2415 5227 deinceps
2446 5157 2629 5212 omnia
2671 5157 2958 5228 direpturi,
2988 5165 3186 5228 Iutpote
3227 5154 3474 5210 hostibus
3503 5153 3598 5223 qui

1599 5352 1836 5410 VABUE
1863 5353 2271 5414 LECTIONES.

406 5523 768 5613 “ficari-igua:
789 5526 859 5582 R.
904 5529 981 5613 λθ
1013 5531 1155 5598 εἴγε
1182 5533 1391 5613 διπλῇ,
1420 5535 1719 5613 Bpanlp.
1751 5540 1899 5610 conj.
1934 5541 2048 5601 εἴγε
2077 5539 2189 5613 ἄρα
2233 5541 2414 5613 δοκείη
2448 5542 2571 5612 (sic)
2597 5540 2636 5598 ῐ.
2682 5543 2923 5613 Scaliger
2959 5562 2971 5598 :
3004 5542 3221 5613 ὀλίγους
3246 5542 3356 5613 εδει
3378 5555 3444 5613 γε
3470 5539 3601 5610 ἄρα.

321 5597 380 5678 Et
415 5595 614 5678 τάχους
637 5595 1242 5678 Βξιδιακωλ-ῦσονταςᾌῐὶ
1271 5595 1423 5678 (βί),
1442 5595 1888 5678 διακωλύσανταξ
1915 5595 2062 5678 vuig.

331 5666 383 5752 ξι
417 5667 474 5752 ξι.
499 5682 610 5750 ῃιε.
687 5668 732 5700 ει
763 5671 812 5724 οι
832 5669 888 5752 ξεῖ.
923 5669 1133 5752 nepam
1164 5670 1230 5752 ξι.
1257 5666 1306 5725 σε
1353 5666 1649 5752 Πέρσαι-δέ
1677 5680 1824 5751 vulg.
1857 5666 1966 5752 γὰρ
1991 5666 2098 5738 iiis.
2125 5698 2188 5738 ex
2226 5666 2293 5739 ιι,

326 5739 377 5771 ’⁷
415 5736 763 5793 ἐπίπτουσιν.
839 5739 888 5771 ’⁸
921 5736 1346 5812 διαπαρσόμενοι
1391 5736 1525 5815 Sph.
1556 5745 1680 5802 Par.

2161 5612 2207 5644 "
2226 5611 2346 5694 fro
2372 5609 2580 5694 sitsi
2605 5613 2658 5666 ’Β
2693 5609 2900 5694 ἐπειδὴ.
2944 5613 3023 5694 _”
3049 5609 3267 5694 minim
3293 5609 3606 5694 μφοῳς

2405 5683 2452 5714 ⁸⁸
2484 5677 2903 5753 ἀσθενεστέρους
2944 5681 3021 5735 Β.
3113 5682 3159 5714 ’⁸⁵
3185 5677 3606 5740 ἀπελθοῦσίνΊί,
