4060 6438
303 416 420 479 illi

1429 406 1973 471 HISTORIARUM
2004 404 2240 466 LIBER
2277 405 2390 465 Ιῐῐ.

3412 369 3594 470 μηδ’

365 533 421 596 η’.
451 515 611 577 οὗτοι
658 520 770 592 γὰρ
814 520 1024 591 ἀνδρῶν
1055 517 1234 591 ἔρημα
1261 517 1328 571 τὰ
1370 517 1552 588 ἐκείνῃ
1582 515 1738 568 πεδία
1769 514 1860 565 εὑ-

2038 511 2090 567 8.
2136 512 2200 565 Hi
2229 513 2373 566 enim
2410 525 2535 567 cum
2582 511 2689 568 illic
2731 525 2955 584 campos
2999 511 3316 569 hominibus
3350 528 3560 572 vacuos

304 616 481 689 ρόντες,
513 611 769 666 διέλυσαν
813 627 872 663 τε
915 612 978 664 τὸ
1023 610 1364 679 χαράκωμα,
1412 608 1506 660 καὶ
1541 606 1756 660 ἅπαντα
1799 604 1866 656 τὰ

300 706 430 769 ὲντὺς
465 703 813 774 ληῖσάμενοι,
862 699 1006 758 οὖτά)
1049 701 1114 770 δὴ
1163 698 1458 769 γεγηθότες
1491 697 1535 728 ¹⁰
1565 694 1869 764 ἐπανῆλθον

303 797 468 861 εἰςτά
512 795 715 858 οἰκεῖα,
769 796 863 846 καὶ
911 792 1010 862 τῆς
1062 789 1333 861 προτέρας
1387 785 1542 852 αὖθις
1589 786 1774 858 χώρας
1825 786 1864 816 ¹²

303 890 566 961 ἐκράτουν.
601 885 795 941 Καίτοι
827 885 945 948 πῶς
971 886 1030 938 οὐ
1061 885 1182 937 λίαν
1229 882 1499 953 ἀρίδηλον,
1543 881 1618 942 ὡς
1647 879 1788 932 θεῖόν
1817 895 1870 931 τι

310 985 493 1052 μήνιμα
527 978 625 1032 τοῦ
665 977 885 1032 ἀνοσίου
930 977 1163 1046 αἵματος
1215 977 1258 1008 ¹²
1287 975 1442 1028 ἕκατι
1473 972 1542 1026 τὰ
1584 971 1869 1041 Ῥωμαίων

302 1071 480 1142 ἔσφηλε
522 1068 732 1140 πλήθη,
765 1069 820 1120 οἵ
866 1084 930 1134 γε
967 1066 1360 1120 ὲϐουλεύσαντό
1392 1083 1451 1118 τε
1485 1065 1555 1118 τὰ
1599 1063 1867 1135 χείριστα,

306 1163 391 1216 καὶ
411 1161 556 1222 ὄντες
591 1159 652 1211 οὐ
689 1161 842 1228 μεῖον
871 1157 904 1228 ἢ
956 1158 1118 1210 πέντε
1149 1156 1406 1227 μαχίμων
1448 1155 1659 1226 ἀνδρῶν
1690 1154 1735 1185 ¹³
1763 1170 1871 1223 μυ-

305 1252 488 1320 ριάδες,
521 1247 629 1303 ὑπὸ
677 1247 991 1318 τρισχιλίων
1036 1247 1260 1318 Περσῶν
1306 1247 1545 1314 ἀγεννῶς
1583 1245 1726 1299 οὕτω
1773 1262 1873 1296 πε-

305 1341 542 1412 φεύγασι,
579 1337 868 1402 πλείστους
895 1339 1054 1400 ὅσους
1087 1336 1558 1405 ὰποόεδληκότεςς
1591 1334 1730 1406 πλὴν
1757 1333 1871 1386 ἀλλ’

303 1435 437 1488 αὐτοί
477 1449 541 1500 γε
571 1433 620 1484 οί
653 1430 756 1500 τῆς
790 1429 1103 1500 μιαιφονίας
1151 1430 1382 1500 ἐργάται
1411 1430 1512 1482 οὐκ
1553 1431 1610 1492 ἐς
1656 1425 1874 1498 μακρὰν

305 1529 393 1598 τὴν
418 1523 758 1592 τελεωτάτην
797 1521 1110 1591 ἀνέπλησαν
1139 1521 1315 1592 δίκην,
1358 1521 1433 1584 ὡς
1465 1522 1746 1592 προϊόντες
1778 1522 1877 1590 ἀφ-

305 1616 629 1686 ηγησόμεθα.
657 1615 791 1668 Τότε
835 1615 891 1666 δὲ
918 1614 1184 1685 χειμῶνος
1211 1614 1628 1684 ἐπιλαϐομένου,
1675 1615 1780 1670 ἀνά
1808 1615 1878 1667 τά

307 1708 602 1779 πολίσματά
649 1706 715 1778 [Ρ
744 1704 834 1776 81]
887 1722 946 1758 τε
981 1706 1079 1758 καὶ
1124 1704 1360 1778 φρούρια
1406 1704 1604 1767 ἆπαςό
1648 1704 1877 1776 στρατὸς

305 1802 669 1862 ἐσκεδάννυτο,
718 1793 865 1870 ᾗπερ
913 1798 1128 1864 ἑκάστῳ
1179 1797 1552 1866 διαχειμάζειν
1596 1796 1873 1848 ἐτέτακτο.

1977 603 2332 668 invenissent,
2376 605 2555 660 soluto
2583 605 2875 676 dirutoque
2913 605 3079 670 vallo,
3111 606 3294 661 omnia
3337 621 3460 677 quae
3505 609 3560 662 in

1977 710 2042 748 eo
2077 705 2234 750 erant
2269 697 2586 766 depraedati,
2621 698 2725 752 laeti
2769 698 2837 752 ad
2877 713 2974 753 sua
3008 698 3312 765 redierunt,
3344 699 3562 769 priora-

1977 802 2082 855 que
2127 787 2322 841 iterum
2369 789 2486 843 loca
2517 798 2875 859 occuparunt.
2921 791 3086 860 Atqui
3115 805 3226 860 quo
3261 801 3422 860 pacto
3455 807 3565 847 non

1979 877 2156 932 cuivis
2196 878 2350 932 valde
2387 881 2734 950 perspicuum
2776 881 2961 947 fuerit,
2985 882 3225 938 divinam
3269 883 3565 953 quamdam

1981 968 2115 1020 iram
2155 969 2371 1036 iniustae
2417 971 2582 1026 caedis
2629 987 2793 1028 causa
2831 973 3204 1028 Romanorum
3240 975 3428 1044 copias
3457 975 3538 1029 cir
3597 1008 3609 1012 -

1980 1060 2346 1123 cumvenisse,
2396 1074 2519 1114 cum
2551 1061 2786 1128 pessima
2823 1063 3049 1117 consilia
3092 1073 3294 1118 secuta:
3338 1064 3562 1129 fuerint,

1979 1155 2033 1200 et
2089 1147 2490 1216 quinquaginta
2551 1163 2660 1202 non
2713 1148 2900 1204 minus
2946 1152 3188 1206 virorum
3239 1151 3564 1208 bellatorum

1987 1235 2156 1288 millia
2191 1251 2221 1290 a
2252 1236 2428 1291 tribus
2455 1235 2748 1292 Persarum
2791 1239 3030 1294 millibus
3057 1243 3196 1296 adeo
3219 1242 3459 1311 turpiter.
3479 1241 3566 1296 fu-
3605 1221 3613 1234 ’

1982 1336 2128 1398 gata,
2170 1343 2334 1397 quam
2376 1329 2628 1398 plurimis
2652 1330 3018 1387 desideratis?
3062 1331 3234 1388 Porro
3268 1335 3371 1404 ipsi
3401 1336 3567 1392 etiam

1983 1422 2146 1476 caedis
2187 1430 2438 1477 auctores
2489 1437 2597 1477 non
2638 1424 2811 1478 multo
2857 1433 2982 1495 post
3017 1435 3312 1482 extremam
3347 1443 3566 1497 poenam

1986 1512 2229 1579 luerunt,
2289 1521 2348 1569 ut
2397 1514 2452 1568 in
2504 1531 2796 1588 progressu
2835 1519 3208 1574 narrabimus.
3257 1518 3396 1574 Tum
3436 1536 3568 1576 vero

1982 1604 2270 1676 ingruente
2315 1607 2493 1663 hieme
2523 1623 2620 1678 per
2652 1610 2850 1679 oppida
2894 1618 2949 1664 et
2985 1613 3394 1682 propugnacula
3446 1615 3568 1667 uni-

1983 1713 2177 1752 versus
2215 1699 2487 1756 exercitus
2539 1707 2623 1756 est
2661 1703 3013 1770 distributus,
3055 1714 3220 1773 prout
3259 1705 3460 1775 cuique
3502 1709 3568 1761 ad

1985 1788 2384 1845 hibernandum
2408 1791 2561 1848 locus
2589 1801 2674 1848 est
2704 1793 3044 1866 designatus.
3083 1795 3296 1852 Interea
3336 1796 3570 1855 Colcho-

317 1891 395 1945 Ἐν
415 1889 588 1960 τούτῳ
613 1888 670 1940 δὲ
796 1865 904 1940 τῶν
931 1886 1152 1956 Κόλχων
1181 1865 1482 1956 πράγματα
1511 1883 1790 1954 ἀμφίϐολά
1815 1899 1878 1950 γε

1987 1896 2104 1934 rum
2136 1897 2223 1936 res
2261 1883 2441 1938 dubia
2467 1884 2764 1940 admodum
2795 1865 3136 1957 turbataque
3155 1899 3334 1955 erant,
3363 1905 3489 1946 cum
3517 1901 3568 1946 et

301 1981 366 2053 ἦν
393 1985 444 2045 ὲς
488 1982 557 2034 τά
597 1981 837 2050 μάλιστα
889 1980 984 2032 καὶ
1015 1977 1422 2048 τεταραγμένα.
1463 1975 1754 2047 Τοιγάρτοι
1786 1975 1881 2030 καὶ

307 2077 527 2136 ἅπαντες
553 2073 602 2124 οί
635 2074 694 2125 ὲν
730 2070 874 2124 τέλει
904 2070 1220 2140 διηπόρουν,
1245 2070 1389 2133 τίνες
1420 2070 1487 2123 ἂν
1517 2068 1758 2137 γένοιντο
1787 2067 1882 2122 καὶ

308 2167 422 2218 ὅποι
446 2166 721 2235 τραπεϊεν.
756 2160 866 2214 Καὶ
891 2158 982 2215 οὖν
1015 2161 1118 2214 ὑπό
1161 2177 1283 2213 τινα
1315 2161 1578 2230 φάραγγα
1604 2157 1699 2210 τοῦ
1730 2159 1882 2210 Καυ-

309 2255 468 2309 κάσου
497 2253 820 2323 ἀγείραντες
865 2255 925 2306 έν
970 2252 1268 2323 ἀπορρήτῳ
1297 2251 1357 2304 τὸ
1389 2250 1639 2302 πλεῖστον
1663 2248 1758 2302 τοῦ
1791 2247 1882 2301 έθ-

299 2363 443 2410 νους,
486 2346 561 2407 ὡς
611 2321 680 2399 ἀν
732 2344 807 2415 μὴ
853 2321 1306 2413 ἔκπυσταγείηίεδ
1333 2345 1445 2408 τοῖς
1491 2343 1784 2413 Ῥωμαίοις
1815 2342 1884 2396 τά
1927 2321 1943 2334 ’

299 2435 674 2507 μελετώμενα,
723 2436 917 2506 βουλὴν
953 2435 1325 2504 προύτίθεντο,
1359 2434 1589 2506 πότερον
1621 2433 1716 2486 ἐπὶ
1744 2433 1885 2504 Πέρ-

291 2547 398 2594 σας
438 2528 877 2600 μεταχωρητέον,
910 2529 944 2598 ἢ
981 2527 1206 2598 μενετὲα
1251 2528 1331 2580 ἔτι
1363 2527 1516 2597 παρά
1569 2525 1882 2596 Ῥωμαίοις.

291 2620 503 2674 Αὐτίκα
547 2619 604 2672 δὲ
648 2619 838 2673 πολλοὶ
892 2619 1296 2690 ἀπερρίπτοντο
1339 2618 1509 2686 λόγοι,
1557 2618 1608 2670 ot
1659 2617 1759 2688 μὲν
1793 2617 1887 2670 ἐπὶ

293 2714 446 2780 τάδε,
473 2714 522 2767 οί
563 2712 620 2766 δὲ
651 2712 747 2766 ἐπὶ
777 2711 979 2783 θάτερα
1008 2711 1461 2783 προκαλούμενοι.
1489 2706 1598 2764 Ἦν
1631 2709 1688 2764 δὲ
1724 2708 1886 2780 ἄκρι-

289 2823 390 2869 τος
415 2806 449 2875 ὴ
484 2803 583 2875 βοὴ
631 2805 726 2857 καὶ
755 2803 1100 2875 ταραχώδης,
1151 2804 1288 2874 μήτε
1325 2801 1420 2856 τοῦ
1459 2801 1710 2871 λέγοντος
1736 2801 1888 2864 ὅστις

292 2896 411 2967 εἴη,
444 2898 583 2967 μήτε
627 2897 656 2949 ὅ
677 2913 732 2948 τι
772 2894 903 2947 ποτὲ
933 2893 1081 2965 λέγοι
1112 2894 1177 2958 ³⁸,
1211 2893 1744 2963 διαγιγνωσκομένου
1791 2909 1890 2947 σα-

291 2987 439 3056 φῶς.
490 2987 628 3040 Τότε
665 2984 732 3056 δὴ
781 2979 874 3039 οὖν
925 2985 973 3037 οί
1021 2982 1386 3038 δυνατώτατοι
1431 2984 1594 3053 σιγὴν
1644 2985 1742 3056 μὲν
1772 2986 1889 3049 τοῖς

1985 1969 2224 2026 universi
2282 1971 2555 2041 principes
2607 1973 2769 2048 154
2813 1976 2954 2031 inter
3003 1991 3099 2032 eos
3149 1979 3257 2034 viri
3297 1981 3571 2039 haererent

1982 2060 2172 2127 animi,
2210 2060 2340 2130 quid
2390 2075 2612 2134 agerent
2643 2081 2822 2136 quove
2863 2083 2921 2122 se
2948 2077 3246 2126 verterent.
3281 2072 3421 2127 Cum
3461 2074 3568 2128 ita-

1983 2167 2090 2222 que
2124 2153 2192 2208 ad
2230 2156 2522 2225 quamdam
2556 2157 2790 2214 Caucasi
2819 2162 3026 2216 montis
3061 2163 3363 2219 convallem
3394 2167 3567 2220 maxi-

1984 2259 2129 2298 mam
2170 2247 2351 2317 gentis
2416 2264 2534 2304 suae
2581 2259 2792 2320 partem
2835 2253 2976 2307 clam
3027 2265 3446 2324 convocassent,
3504 2275 3573 2312 ne

1984 2336 2222 2393 inaudiri
2259 2354 2290 2392 a
2319 2338 2583 2397 Romanis
2611 2357 2736 2412 qua:
2767 2344 3145 2400 tractabantur
3166 2358 3411 2417 possent,
3443 2365 3571 2420 pro-

1984 2441 2282 2500 posuerunt
2314 2435 2380 2488 ad
2408 2433 2845 2504 deliberandum,
2872 2445 3056 2492 utrum
3083 2438 3151 2493 ad
3177 2437 3371 2497 Persas
3393 2449 3574 2499 trans-

1985 2521 2225 2575 eundum
2257 2530 2420 2589 esset,
2460 2538 2528 2578 an
2565 2526 2878 2594 veroapud
2924 2524 3204 2584 Romanos
3246 2530 3424 2587 adhuc
3452 2548 3572 2587 ma-

1990 2612 2252 2669 nendum.
2283 2612 2476 2668 Statim
2507 2630 2637 2670 vero
2663 2616 2819 2670 multi
2847 2618 3242 2688 spargebantur
3266 2636 3569 2688 sermones,

1989 2703 2113 2759 aliis
2147 2705 2274 2771 hoc,
2306 2706 2430 2762 aliis
2460 2706 2593 2762 illud
2641 2708 2993 2779 urgentibus.
3034 2709 3418 2770 Confusaneus
3445 2731 3576 2770 vero

1988 2804 2043 2852 et
2075 2797 2423 2854 turbulentus
2469 2799 2680 2854 clamor
2725 2800 3087 2867 excitabatur,
3117 2803 3254 2859 adeo
3296 2814 3358 2860 ut
3399 2821 3576 2878 neque

1989 2889 2114 2959 quis
2157 2891 2382 2956 diceret,
2430 2905 2608 2962 neque
2655 2891 2788 2962 quid
2820 2893 3049 2961 diceret,
3102 2905 3290 2966 aperte
3334 2897 3573 2954 discerni

1991 2991 2201 3052 posset.
2233 2980 2371 3036 Tum
2406 2982 2682 3053 principes
2712 2983 2918 3040 indicto
2948 2986 3288 3043 multitudini
3335 2988 3573 3057 silentio,

290 3077 566 3140 πλήθεσιν
593 3076 738 3148 ἔχειν
776 3074 1226 3146 παρεκελεύοντο,
1259 3077 1516 3148 παριέναι
1546 3076 1604 3129 δὲ
1633 3075 1726 3130 τόν
1758 3076 1883 3147 βου-

1987 3071 2184 3144 jubent
2218 3081 2278 3129 ut
2306 3074 2398 3144 qui
2429 3073 2562 3144 quid
2594 3074 2739 3131 facto
2779 3091 2918 3147 opus
2960 3077 3236 3134 videretur
3274 3082 3578 3151 composite

287 3170 530 3242 λόμενον
574 3171 634 3222 έν
681 3169 872 3240 κόσμῳ
916 3169 1010 3221 καὶ
1048 3167 1109 3221 τὺ
1150 3168 1426 3239 πρακτέον
1456 3167 1710 3234 διεξιέναι
1739 3171 1883 3232 ὅστις

1987 3164 2299 3243 proponere
2338 3173 2520 3239 vellet,
2573 3176 2874 3243 accederet,
2902 3177 3217 3250 quicunque
3262 3180 3481 3236 tandem
3529 3181 3578 3236 is

285 3264 367 3318 ἂν
397 3258 513 3326 οἷός
543 3279 602 3314 τε
740 3261 902 3332 ’Δνὴρ
942 3259 998 3313 δέ
1046 3277 1132 3326 τις
1163 3259 1271 3314 τῶν
1301 3260 1714 3333 λογιμωτάτων,
1757 3260 1883 3332 Διή-

1993 3264 2077 3318 vel
2111 3264 2514 3335 qualiscunque
2546 3275 2713 3322 esset.
2751 3265 2847 3322 Vir
2885 3278 3064 3323 autem
3105 3269 3328 3340 quidam
3361 3281 3578 3340 specta-

282 3373 399 3427 της
451 3355 627 3424 ὄνομα
681 3353 745 3419 ³⁸,
798 3352 1081 3425 ἐδυσφόρει
1131 3352 1331 3423 μᾶλλόν
1388 3370 1442 3407 τι
1492 3354 1744 3408 ἁπάντων
1795 3354 1883 3408 καὶ

1993 3355 2138 3422 bilis,
2171 3354 2358 3413 Eetes
2389 3349 2632 3424 nomine,
2662 3359 2756 3430 qui
2787 3375 2896 3429 prae
2927 3361 3050 3416 aliis
3089 3339 3348 3418 omnibus
3374 3339 3577 3419 factum

281 3446 664 3518 ἐχαλέπαινεν
703 3444 798 3498 ἐπὶ
840 3443 919 3516 τῷ
955 3444 1344 3515 ξυνενεχθέντι,
1394 3444 1472 3499 ὣν
1521 3445 1622 3516 μὲν
1670 3446 1766 3500 καὶ
1798 3445 1883 3498 ἀλ-

1996 3447 2102 3502 lioc
2135 3448 2366 3503 moleste
2395 3447 2727 3520 indigneque
2757 3448 2985 3517 ierelmt,
3021 3461 3076 3507 et
3109 3453 3313 3523 alioqui
3349 3452 3579 3510 Romani

279 3541 405 3604 λως
439 3537 821 3610 μισορώμαιος
850 3537 914 3605 ³⁷,
958 3537 1054 3590 καὶ
1089 3537 1162 3591 τά
1206 3537 1433 3609 Περσῶν
1479 3538 1565 3592 ἀεὶ
1595 3538 1883 3609 προσιέμε-

1995 3539 2239 3596 nominis
2290 3554 2422 3595 osor
2469 3541 2818 3612 Persicisque
2867 3543 3034 3598 rebus
3085 3558 3302 3616 semper
3330 3547 3577 3615 studens,

273 3650 410 3696 νος.
443 3631 582 3684 Τότε
630 3630 688 3683 δὲ
737 3630 832 3683 καὶ
879 3628 1040 3684 πλέον
1070 3627 1149 3699 τῷ
1182 3628 1529 3702 εὐπροσὼπῳ
1565 3630 1662 3700 τῆς
1715 3629 1883 3694 αἰτίας

1996 3639 2130 3685 tunc
2157 3642 2212 3687 et
2235 3632 2454 3702 quidem
2482 3634 2658 3704 magis
2683 3633 2935 3704 specioso
2969 3651 3150 3692 causae
3175 3647 3437 3709 praetextu
3485 3639 3582 3695 ab-

273 3720 722 3793 ἀποχρώμενος,
753 3719 992 3790 ἐξαίρειν
1015 3721 1276 3790 ἐπειρᾶτο
1305 3721 1450 3790 πέρα
1475 3721 1570 3773 τοῦ
1598 3723 1883 3792 προσηκον

1998 3732 2159 3779 utens
2187 3722 2392 3779 factum
2444 3725 2626 3796 ipsum
2661 3742 2826 3797 supra
2867 3743 3031 3798 quam
3067 3745 3164 3798 par
3207 3741 3326 3787 erat
3347 3747 3582 3804 exagge-

275 3834 388 3882 τος
443 3817 507 3870 τὸ
538 3813 942 3884 γεγενημένον·
995 3811 1091 3866 καὶ
1124 3811 1246 3866 οὐδὲ
1288 3811 1486 3882 βουλῆς
1521 3811 1758 3882 ἔφασκεν
1782 3811 1883 3865 δεῖκ

1997 3829 2122 3869 rare
2144 3815 2454 3881 nitebatur,
2479 3832 2732 3872 asserens
2759 3833 2846 3874 res
2871 3828 3169 3888 praesentes
3190 3822 3583 3879 deliberatione

281 3910 399 3962 ἐπὶ
432 3911 542 3972 τοῖς
588 3905 874 3977 παροῦσιν,
905 3903 1022 3958 ἀλλ’
1067 3903 1231 3968 εὐθὺς
1261 3905 1319 3967 ἐς
1361 3901 1694 3958 τελεώτατον
1739 3903 1883 3973 μηδι-

1997 3921 2108 3962 non
2164 3923 2346 3978 egere,
2393 3908 2490 3963 sed
2536 3907 2826 3964 confestim
2880 3910 3229 3981 apertissime
3275 3911 3343 3967 ad
3385 3912 3582 3969 Persas

286 3999 452 4070 σμδν
479 3999 831 4069 καταστῆναι.
867 3996 988 4050 Τῶν
1031 3996 1088 4050 δὲ
1133 3996 1306 4049 ἄλλων
1357 3995 1434 4068 μὴ
1480 3997 1680 4067 χρῆναι
1710 3995 1883 4063 λεγόν·

1999 3999 2394 4056 transeundum
2441 4016 2608 4058 esse.-
2636 4002 2773 4058 Aliis
2818 4016 2949 4059 vero
3004 4011 3195 4059 contra
3245 4004 3579 4070 dicentibus,

278 4109 424 4149 wv
453 4091 598 4146 οὕτω
623 4092 684 4163 δή
715 4109 764 4145 τι
792 4089 1054 4160 ἐξαπίνης
1079 4090 1171 4143 τὸν
1197 4089 1312 4160 βίον
1337 4089 1456 4145 ὅλον
1488 4090 1530 4122 ¹⁸
1559 4088 1883 4159 μετασιιιιευά⁴

2001 4106 2110 4147 non
2158 4100 2412 4164 oportere
2448 4094 2524 4149 ita
2571 4103 2794 4165 repente
2833 4102 3003 4151 totam
3055 4095 3219 4150 vitam
3267 4097 3579 4163 immutare,

280 4185 535 4250 ξασθαι,
566 4185 696 4255 πρὶν
724 4184 788 4253 δὴ
831 4182 1173 4253 σχολαίτερον
1204 4182 1353 4250 σφίσι
1401 4181 1813 4252 βουλευομένοις
1838 4179 1883 4233 τὲ

1999 4184 2322 4256 priusquam
2393 4186 2625 4242 lentiore
2690 4186 3086 4243 deliberatione
3143 4186 3368 4255 habita,
3433 4189 3582 4260 quod

267 4281 448 4352 λῷον
477 4278 805 4347 ἀναφανείη,
833 4279 861 4330 ό
886 4275 943 4328 δὲ
971 4273 1208 4338 ἀναστὰς
1239 4274 1335 4331 σὺν
1362 4275 1519 4346 ὀργῇ,
1553 4274 1648 4328 καὶ
1679 4289 1883 4346 προπη-

2001 4276 2244 4332 maxime
2273 4291 2305 4332 e
2351 4291 2412 4332 re
2452 4275 2592 4333 foret
2623 4286 2962 4348 compertum
3008 4277 3458 4356 exploratumque
3495 4294 3588 4334 θεο-

261 4375 481 4443 ὃήσας
510 4371 552 4402 ¹⁹
566 4373 623 4433 ές
652 4369 868 4440 μέσους,
905 4367 1235 4439 ἐδημηγόρει
1267 4369 1520 4437 καθάπερ
1533 4369 1591 4420 ὲν
1619 4367 1883 4439 δημοκρα·

2003 4374 2114 4434 set;
2140 4375 2253 4421 tum
2291 4366 2382 4422 ille
2422 4367 2504 4422 ira
2541 4368 2848 4424 concitatus
2868 4382 2991 4424 cum
3015 4367 3172 4440 155
3191 4368 3587 4442 assurrexisset

265 4461 447 4534 ’τικῷ
479 4461 870 4534 βουλευτηρίῳ.
905 4455 1013 4513 τΗν
1045 4459 1154 4531 γὰρ
1198 4459 1292 4512 καὶ
1321 4459 1500 4527 λέγειν
1539 4458 1710 4521 δεινὸς
1741 4458 1883 4512 πλέοι

2003 4467 2059 4514 et
2091 4459 2146 4514 in
2182 4459 2390 4516 medios
2432 4459 2778 4531 prosiliisset,
2811 4460 3133 4517 concionem
3187 4461 3376 4516 habuit
3419 4461 3586 4518 veluti

265 4553 317 4626 ἢ
358 4553 522 4607 κατὰ
549 4550 882 4624 βαρόάρους,
913 4551 1005 4603 καὶ
1029 4545 1140 4614 οίος
1165 4552 1278 4612 τοῖς
1310 4550 1544 4620 νοήμασι
1583 4548 1883 4621 ῥητορεύειη

2007 4552 2060 4607 in
2106 4561 2299 4608 senatu
2345 4553 2616 4624 pepuleri.
2665 4552 2800 4608 Erat
2839 4553 2984 4608 enim
3028 4554 3392 4624 eloquentior,
3420 4570 3585 4625 quam

267 4646 532 4719 φύσεως
568 4645 858 4716 δεξιότητι.
898 4645 1008 4698 Καὶ
1032 4643 1212 4697 τοίνυν
1246 4643 1394 4710 ἔλεξε
1432 4643 1610 4698 τοιάδε
1633 4662 1644 4673 ·

2005 4645 2185 4700 solent
2219 4660 2342 4700 esse
2388 4644 2628 4710 barbari,
2661 4644 2865 4715 quique
2915 4644 3203 4701 sententiis
3237 4645 3374 4714 ipsis
3403 4655 3590 4701 orato-

2007 4752 2121 4791 rem
2170 4751 2331 4808 agere
2364 4746 2594 4807 poterat,
2644 4748 2852 4792 naturae
2893 4737 3215 4794 dexteritate
3249 4739 3488 4808 adjutus.
3529 4737 3584 4792 In

2009 4832 2154 4885 hunc
2183 4832 2366 4900 itaque
2395 4830 2616 4885 modum
2645 4830 2810 4884 verba
2841 4828 3004 4884 fecit:

2079 4922 2132 4976 9.
2177 4921 2238 4977 Si
2279 4922 2447 4976 verbis
2488 4938 2582 4976 nos
2623 4929 2716 4975 aut
2755 4921 2991 4978 consiliis
3037 4920 3299 4977 lesissent
3347 4921 3585 4985 Romani,

2010 5021 2146 5066 recte
2198 5013 2432 5082 profecto
2460 5013 2632 5066 ‘etiam
2675 5027 2769 5065 nos
2816 5010 3077 5066 similibus
3133 5009 3284 5066 rebus
3333 5009 3585 5079 injuriam

2009 5108 2418 5161 oindicaremus.
2452 5103 2611 5160 Nunc
2636 5121 2755 5162 vero
2775 5121 3002 5176 quonam
3030 5113 3186 5176 pacto
3223 5105 3319 5159 hoc
3363 5104 3433 5160 sit
3459 5103 3587 5160 talea

2011 5199 2257 5263 randum,
2300 5196 2421 5250 illos
2463 5197 2673 5266 quidem
2722 5197 3072 5252 atrocissimis
3116 5197 3272 5252 malis
3313 5212 3407 5252 nos
3456 5197 3588 5266 σίγα.

2010 5291 2166 5355 cisse,
2221 5289 2369 5344 nobis
2410 5304 2526 5345 vero
2566 5288 2967 5359 compensanda
3002 5289 3216 5360 injuria!
3259 5290 3588 5344 occasionem

368 4926 453 4978 ϐ’.
494 4927 568 4979 Et
592 4923 710 4993 μὲν
753 4921 823 4975 ἐν
861 4921 1067 4990 λόγοις
1101 4916 1260 4988 ἡμᾶς
1289 4919 1334 4951 ’θ
1359 4918 1458 4973 καὶ
1478 4918 1741 4985 ,βουλαῖς
1767 4919 1899 4986 ἠδί-

257 5031 469 5070 κουν
512 5014 808 5082 Ῥωμαῖοι,
839 5011 1038 5079 καλῶς
1082 5010 1159 5066 ἂν
1192 5015 1291 5065 καὶ
1317 5011 1488 5082 ἡμεῖς
1517 5011 1642 5078 τοῖς
1673 5013 1901 5079 ὁμοίοις

254 5104 540 5172 αὐτοὺς
575 5106 618 5136 ¹¹
647 5105 1011 5175 ἀμυνόμενοι
1045 5101 1427 5172 διετελοῦμεν
1450 5121 1462 5133 ·
1509 5103 1626 5159 νῦν
1673 5104 1742 5158 δὲ
1774 5104 1900 5171 πῶς

254 5197 596 5264 ἀνεκτὸν,
647 5197 791 5264 τοὺς
842 5196 961 5267 μὲν
1013 5197 1128 5266 ἤδη
1180 5199 1252 5252 τὰ
1303 5197 1546 5251 πάντων
1592 5198 1903 5252 δεινότατα

249 5288 696 5359 δεδρακέναι,
728 5289 874 5359 ἡμῖν
900 5289 968 5342 δὲ
1017 5290 1123 5344 τὸν
1152 5289 1260 5344 τοῦ
1303 5288 1656 5368 ἀντιδρᾶσαι
1691 5288 1901 5357 καιρὸν

3521 5405 3545 5457 ἡ

1629 5467 1866 5525 VARIE
1895 5466 2306 5525 LECTIONES.

371 5658 438 5691 ιο
461 5658 528 5728 δή
556 5674 610 5710 τι
648 5671 771 5724 γεγ.
799 5657 865 5710 R.
913 5655 983 5728 _”
1021 5650 1206 5728 χώρας
1237 5647 1395 5715 αὖθις
1553 5653 1622 5728 _"
1651 5650 1748 5704 τοῦ
1804 5651 1918 5728 ἀνω
1967 5649 2349 5728 ῥιιύματοςξὶΣ
2426 5652 2471 5686 ¹³
2506 5653 2772 5728 ἀνδρείιυν
2801 5651 2851 5707 R
2879 5667 2978 5728 pro
3009 5647 3242 5728 ἀνδρῶν.
3321 5654 3370 5728 ff
3404 5655 3489 5726 εἴη
3521 5651 3585 5719 Β,

252 5730 388 5786 los
428 5720 580 5797 vulg.
631 5796 636 5797 ν
662 5720 703 5797 ξε
731 5720 881 5797 λέγει
1021 5720 1279 5797 ᾀδιαγιγν.
1330 5722 1519 5797 σαφῶς
1553 5720 1616 5784 ῐὶ,
1661 5739 1793 5788 σαφ.
1816 5791 1825 5797 _
1845 5720 1994 5797 διαγ.
2019 5721 2168 5797 vulg.
2249 5723 2294 5754 ¹⁶
2325 5723 2499 5797 ὄνομα
2531 5720 2856 5797 ῌ,⁷τορνομα
2881 5720 3034 5797 vulg.
3109 5723 3148 5755 "
3178 5720 3590 5796 μισορῤῶμάιος

248 5791 597 5876 vuig._"°
619 5796 730 5876 βίον
757 5791 877 5850 ὅλον
920 5793 1136 5876 Ιῖζδλον
1169 5791 1284 5876 ﬂiov
1323 5793 1468 5876 vulg.
1491 5791 2144 5876 .ue'taoxeu‘doaooetﬁ,
2185 5791 2622 5876 μετασκεῖδάσθαι
2675 5791 2845 5876 Lugd.
2882 5802 2957 5876 et‘
2973 5791 3208 5876 ed‘..p-r.,
3255 5791 3578 5876 Permissa!»

249 5860 450 5928 οθσῖὶ
479 5860 632 5925 Ρατξ
683 5868 724 5898 ¹¹¹
755 5863 1148 5935 προσπηδήσας
1181 5861 1246 5914 R.
1323 5862 1368 5894 ¹⁰
1399 5860 1546 5934 ἡμᾶς
1579 5860 1695 5917 Ret
1731 5862 1920 5931 intpr.,
1966 5861 2120 5935 tua;
2149 5860 2290 5934 vnlg.
2368 5865 2409 5894 “
2435 5864 2630 5925 αὐτοὺς
2655 5860 2781 5917 add:
2819 5877 2883 5916 ex
2919 5861 2962 5916 Β
2990 5871 3042 5918 et
3071 5860 3298 5934 intprJn
3319 5880 3428 5920 eos.

659 5989 927 6050 PATROL.
959 5985 1074 6046 Gn.
1107 5982 1488 6046 Lxxxvut.
1687 6061 1708 6066 _
3303 5975 3380 6036 ιδ

1739 6051 1821 6074 us...
