4060 6462
579 411 723 486 me
1766 390 2146 483 Aenum:
2179 437 2182 479 π

2185 416 2670 488 SCHOLASTICI
3682 442 3788 517 um

574 528 874 586 cunctando
906 535 967 609 et
1007 524 1349 584 deliberando
1385 527 1631 599 optuere?
1670 526 1853 600 Neque
1892 529 2035 584 enim
2065 530 2174 584 dici

2203 536 2250 594 Α
2276 532 2367 595 εις
2394 532 2463 586 τὸ
2495 532 2751 602 μέλλειν
2776 532 2876 588 καὶ
2910 534 3320 600 βουλεύεσθαι
3355 539 3700 619 διαρῤυῆναις
3727 564 3790 614 οὐ

575 632 767 695 potest,
813 623 955 694 quod
988 622 1222 676 nondum
1259 619 1470 692 quidem
1500 620 1675 675 hostes
1722 621 1876 676 rebus
1924 622 2055 692 ipsis
2096 621 2178 691 {a-

2277 622 2393 693 τὰρ
2430 624 2508 695 δὴ
2562 624 2817 693 πάρεστι
2853 626 3061 698 λέγειν
3094 629 3177 696 ὡς
3222 632 3485 702 πολέμιοι
3520 638 3624 706 μὲν
3665 648 3796 705 οὔπω

575 716 779 785 ctisque
801 714 909 769 sint
940 711 1263 783 deprehensi,
1291 711 1383 765 sed
1416 718 1623 765 tantum
1658 711 1940 767 verisimile
1961 713 2052 779 sit,
2087 727 2176 766 eos

2276 713 2405 782 τοῖς
2433 715 2630 786 ἔργοις
2665 716 2843 785 ὄντες
2873 717 3279 790 πεφὼρανται,
3314 726 3622 784 εὶκᾱσθεῖεν
3646 732 3704 787 δὲ
3740 737 3798 792 ἂν

575 814 673 862 hoc
696 807 910 862 molitos
948 822 1061 861 esse
1087 814 1245 877 atque
1286 805 1343 859 in
1373 806 1553 859 animo
1582 803 1863 871 habuisse;
1893 819 2057 876 neque
2084 821 2175 859 ne-

2270 809 2468 878 μόνον
2514 810 2815 880 μελετῶσι
2862 811 3040 868 τοῦτο
3094 813 3199 868 καὶ
3237 814 3617 889 βουλομένοις
3632 865 3646 890 ,
3686 829 3801 883 οὐδὲ

572 916 717 956 cesse
756 909 831 954 est
877 909 1189 971 argumenta
1229 898 1475 970 quaedam
1532 912 1941 953 commemorare
1991 900 2061 953 ad
2092 898 2175 953 la-

2275 904 2612 974 τεκμηρίων
2679 902 2862 959 τινῶν
2925 907 3374 980 ἐπιμνησθῆναι
3436 914 3625 983 δεήσει
3682 925 3801 991 πρὸς

574 1002 739 1047 tentes
781 991 981 1046 scilicet
1013 1001 1065 1045 et
1090 999 1256 1045 tectas
1295 991 1532 1061 ipsorum
1562 990 1790 1045 insidias
1834 991 2176 1061 probandus;

2276 994 2535 1067 ἔλεγχον
2570 996 2759 1067 δῆθεν
2795 999 3129 1071 ἐπιϐουλῆς
3174 1005 3606 1078 λανθανούσης.
3655 990 3804 1071 Ἀλλὰ

570 1088 664 1139 sed
689 1082 932 1140 Gubazes
959 1084 1168 1156 quidem
1214 1085 1293 1137 vir
1325 1091 1507 1137 tantus
1552 1083 1685 1137 adeo
1730 1082 1917 1136 misere
1941 1098 1969 1136 e
2002 1081 2173 1137 medio

2275 1086 2586 1156 Γουδάζης
2606 1088 2745 1159 μὲν,
2774 1093 2809 1145 ό
2835 1091 3193 1161 τηλικοῦτος
3217 1094 3287 1161 ”,
3317 1095 3467 1151 οὕτω
3487 1112 3605 1166 πως
3626 1100 3805 1172 ἀθλίως

570 1174 819 1231 sublatus
848 1185 927 1232 est
951 1176 1114 1231 veluti
1153 1175 1350 1247 aliquis
1378 1191 1406 1229 e
1443 1174 1629 1229 multis
1657 1182 1707 1229 et
1739 1173 2171 1244 neglectioribus.

2275 1177 2609 1248 ἠφάνισται
2642 1177 2857 1249 ,ὥσπερ
2884 1198 2976 1249 τις
3013 1182 3135 1239 τῶν
3167 1184 3412 1240 πολλῶν
3437 1187 3535 1253 καὶ
3557 1190 3806 1262 ήμελημέ·

570 1266 805 1324 Evanuit
839 1268 960 1339 jam
990 1266 1152 1334 Qvetus
1201 1268 1302 1323 illa
1358 1267 1676 1324 Colchorum
1715 1267 1973 1339 dignitas,
2013 1283 2173 1338 neque

2274 1282 2418 1322 νων.
2452 1268 2691 1338 Οῑχεται
2737 1270 2809 1324 δέ
2852 1273 3123 1342 φροῦδον
3158 1275 3227 1329 τὸ
3269 1277 3524 1333 παλαιὸν
3554 1281 3665 1335 τῶν
3687 1286 3806 1340 Κόλ-

569 1361 817 1432 deinceps
858 1359 1008 1415 nobis
1051 1359 1236 1414 danda
1256 1370 1334 1415 est
1365 1376 1546 1430 opera,
1585 1367 1645 1413 ut
1675 1358 1802 1413 aliis
1835 1358 2171 1430 imperemus,

2276 1375 2405 1429 χων
2430 1359 2681 1432 ἀξίωμα,
2709 1365 2808 1419 καὶ
2839 1366 3128 1420 τολοιπὸν
3160 1369 3235 1422 ού
3264 1367 3372 1423 τοῦ
3410 1369 3607 1440 ἄρχειν
3629 1372 3808 1444 ἐτέρων

571 1451 667 1506 sed
696 1467 755 1506 eo
787 1450 1027 1506 contenti
1057 1450 1248 1515 simus,
1272 1451 1321 1505 si
1347 1449 1505 1506 liceat
1541 1449 1605 1504 ub
1638 1450 1731 1515 iis,
1754 1449 1847 1520 qui
1869 1449 1998 1503 olim
2025 1449 2174 1505 nobis

2275 1450 2602 1508 ἀνθεκτέον
2646 1454 2815 1524 ἡμῖν,
2867 1456 3009 1537 ἀλλ’
3055 1458 3403 1528 ἀγαπητέον
3442 1461 3488 1493 ’³
3534 1462 3686 1533 ειπερ
3723 1466 3810 1537 ἐξῇ

571 1542 775 1598 subditi
795 1543 1035 1614 fuerunt,
1064 1558 1167 1597 non
1188 1543 1413 1610 pessime
1438 1542 1683 1597 tractari.
1717 1542 1834 1608 Quo
1864 1551 2021 1613 pacto
2054 1558 2174 1597 vero

2276 1541 2398 1597 τῶν
2426 1545 2637 1615 πρώην
2674 1525 3080 1620 ὑπηκόωίμὴ
3105 1525 3346 1621 σφόδρα
3367 1525 3806 1621 μειονεκτεῑσθιιιῖ

571 1651 678 1692 non
710 1636 780 1692 sit
808 1636 963 1692 valde
993 1635 1311 1705 absurdum,
1341 1637 1387 1692 si
1420 1635 1486 1691 de
1515 1636 1603 1703 iis,
1630 1636 1722 1706 qui
1758 1634 1870 1691 htec
1901 1645 2174 1707 perpetra-

2278 1633 2411 1705 Πῶς
2465 1632 2581 1694 οὖν
2627 1640 2701 1694 ού
2757 1636 2842 1712 [Ρ.
2902 1639 2997 1713 82]
3036 1641 3182 1697 λίαν
3223 1643 3581 1716 παράλογον,
3617 1649 3663 1700 εὶ
3708 1650 3810 1717 περὶ

568 1738 717 1799 runt,
756 1730 1052 1802 sedeamus:
1071 1729 1444 1796 deliberantes,
1506 1738 1687 1783 utrum
1732 1745 1819 1785 eos
1858 1729 2171 1785 inimicissi-

2273 1725 2397 1783 τῶν
2433 1724 2524 1794 οῖς
2552 1730 2741 1785 ταῦτα
2763 1732 3188 1803 κατείργασται
3216 1735 3612 1806 καθεδούμεθα
3640 1738 3680 1770 ³⁸
3712 1739 3812 1793 διαί

567 1839 704 1891 mos,
731 1839 802 1878 an
832 1838 953 1880 vero
994 1825 1197 1877 amicos
1246 1823 1578 1878 declaremus
1598 1823 1624 1877 ἵ
1649 1822 1812 1894 Atqui
1841 1823 1920 1878 ita
1957 1832 2170 1878 statua-

2210 1883 2243 1899 _
2275 1818 2679 1888 σκοποῦντες,
2722 1823 2982 1891 πότερον
3034 1823 3260 1892 αὐτοὺς
3311 1824 3622 1896 ἐχθίστους
3663 1829 3698 1897 ἢ
3742 1833 3813 1899 φι-

564 1932 684 1972 mus
711 1925 938 1987 oportet,
971 1931 1074 1970 non
1106 1915 1255 1971 intra
1299 1913 1456 1969 hosce
1489 1915 1742 1970 terminos
1785 1931 1970 1970 eorum
1997 1916 2167 1972 auda-

2207 1883 2243 1939 Β
2269 1911 2424 1976 λους
2448 1906 2603 1965 εῖναι
2630 1883 3000 1984 κρινοῦμεν;
3030 1883 3615 1988 Καίτοι-γηίνώσκειιί
3636 1883 3810 1991 χρεων,

564 2009 707 2064 ciam
739 2008 1111 2077 substituram,
1139 2008 1231 2064 sed
1258 2007 1409 2063 nobis
1433 2007 1635 2062 crimen
1664 2007 1764 2062 hoc
1788 2008 2167 2080 negligentibus

2270 2001 2352 2068 ὡς
2388 2001 2533 2057 οὐδέ
2574 2002 2752 2074 μέχρι
2797 2007 3029 2062 τούτων
3059 2006 3269 2075 αὐτοῖς
3314 2008 3384 2063 τὸ
3417 2010 3633 2078 θράσος
3674 2012 3813 2079 ἐστι).

566 2101 731 2176 156
756 2100 879 2157 illos
929 2117 1035 2158 non
1077 2102 1385 2169 destituros,
1435 2104 1525 2156 sed
1564 2101 1768 2172 quietos
1820 2117 1917 2157 nos
1959 2104 2168 2159 minore

2271 2089 2363 2157 εει
2385 2106 2401 2121 ·
2432 2091 2598 2148 ἀλλὰ
2625 2096 2727 2149 καὶ
2750 2095 3081 2164 μεθιέντων
3104 2095 3278 2167 ἡμῶν
3302 2097 3372 2153 τὸ
3402 2098 3690 2170 ἐπίκλημα
3720 2103 3812 2157 οἶδε

563 2210 685 2249 cum
725 2205 868 2250 metu
892 2194 1186 2264 majoribus
1217 2193 1373 2249 malis
1405 2193 1712 2264 aﬁ'ecturos.
1749 2191 1889 2249 Sunt
1927 2195 2069 2249 enim
2102 2202 2164 2249 ut

2271 2182 2385 2238 οὐκ
2427 2182 2776 2254 ἀφέξονται,
2833 2185 2936 2241 καὶ
2989 2188 3370 2258 ἠρεμοῦντας
3417 2192 3464 2224 ⁸⁸
3504 2192 3812 2258 ἀδεέστερον

561 2287 853 2355 plurimum
878 2286 1201 2357 ferocissimi
1224 2287 1281 2341 in
1310 2284 1570 2353 subditos,
1597 2296 1647 2341 et
1686 2286 1903 2341 clientes
1925 2302 2049 2342 suos
2074 2288 2164 2342 de-

2267 2272 2705 2342 λυμανοῦνται.
2742 2275 2881 2330 Εἰσὶ
2923 2277 3036 2348 γὰρ
3064 2279 3275 2348 ἀμέλει
3312 2281 3749 2351 θαρραλεώτεροι
3780 2286 3812 2318 ’⁸

562 2378 768 2448 spectui
793 2376 983 2433 habere
1024 2375 1691 2433 consueverunt.'Habent
1720 2393 1842 2432 vero
1881 2377 2043 2433 etiam
2083 2392 2165 2433 re-

2268 2364 2420 2434 πρὸς
2450 2366 2595 2435 τοὺς
2625 2368 3018 2437 ὑπείκοντας,
3045 2372 3145 2424 καὶ
3173 2373 3576 2443 ὑπερφρονεῖν
3602 2376 3812 2445 εἰθισμέ-

563 2487 680 2542 gem
700 2471 1122 2526 versutissimum
1154 2470 1347 2542 quique
1371 2472 1716 2541 prasentium
1755 2487 1960 2543 semper
1990 2486 2166 2526 rerum

2266 2473 2363 2514 νοι
2392 2459 2460 2513 τὸ
2488 2459 2842 2530 θεραπεῦον.
2879 2463 3138 2532 Ἔχουσι
3176 2462 3247 2517 δὲ
3291 2465 3390 2519 καὶ
3417 2466 3674 2531 βασιλέα
3697 2484 3812 2521 παν-

559 2564 858 2619 mutatione
903 2562 1234 2629 delectatur;
1307 2562 1446 2618 unde
1489 2571 1541 2618 et
1578 2562 1783 2633 factum
1831 2573 1910 2617 est
1960 2574 2017 2618 ut
2055 2567 2162 2618 htec

2265 2551 2650 2619 ovppdzaror,
2695 2552 2795 2606 καὶ
2827 2550 2958 2617 ταῖς
2988 2554 3357 2623 μεταϐολαῖς
3405 2556 3524 2609 τῶν
3564 2558 3650 2611 ἀεὶ
3696 2575 3811 2627 nap-

559 2655 731 2711 ctedes
757 2655 1037 2725 confestim
1068 2655 1227 2725 fuerit
1258 2661 1585 2726 perpetrata,
1622 2654 1738 2724 ipso
1761 2654 1974 2726 quidem
2015 2655 2162 2708 acri-

2265 2636 2461 2690 όντων
2496 2638 2826 2708 ἡδόμενον·
2860 2639 3001 2696 ὅθεν
3028 2640 3106 2711 δὴ
3131 2643 3229 2697 καὶ
3269 2646 3344 2699 τὰ
3377 2644 3490 2714 τῆς
3516 2650 3812 2717 μιαιφονίας

559 2758 641 2802 ter
681 2748 960 2815 incitante,
1011 2747 1092 2802 his
1142 2760 1262 2801 vero
1291 2756 1533 2815 prompte
1591 2744 2048 2800 ministrantibus.
2093 2743 2162 2798 Et

2264 2728 2487 2799 ἀθρόον
2536 2729 2883 2800 διήνυσται,
2929 2734 3041 2790 τοῦ
3083 2735 3204 2806 μὲν
3242 2738 3534 2809 ἐμϐριθῶς
3585 2743 3811 2811 ἐγκελευ-

555 2840 824 2895 desastati
853 2847 1061 2893 tantum
1103 2853 1208 2893 non
1247 2836 1313 2891 ab
1342 2837 1472 2907 ipsis
1493 2852 1697 2904 sumus,
1726 2852 1848 2890 cum
1885 2835 2037 2890 nulla
2072 2851 2158 2891 eos

2262 2823 2554 2893 σαμένου,
2582 2824 2704 2881 τῶν
2730 2826 2800 2881 δέ
2830 2829 3147 2899 προθύμως
3178 2833 3701 2902 ὑπηρετησάντων.
3727 2837 3807 2891 Καὶ

555 2930 762 3001 injuria
783 2928 1267 3000 provocaverimus,
1300 2942 1465 2998 neque
1500 2924 1618 2980 ulla
1653 2925 1903 2981 simultas
1934 2942 2052 2980 cum
2085 2926 2158 2983 eis

2263 2918 2685 2988 πεπορθήμεθα
2720 2922 3055 2991 μονονουχὶ
3089 2921 3242 2993 πρὸς
3271 2925 3496 2992 αὐτῶν,
3545 2929 3677 2983 οὔτε
3716 2928 3809 2983 ἀδι-

555 3021 941 3085 intercesserit;
984 3018 1076 3075 sed
1111 3017 1293 3074 eadem
1322 3032 1429 3088 qua
1455 3015 1680 3071 antehac
1722 3015 1995 3070 nobiscum
2030 3031 2158 3070 con-

2263 3010 2535 3079 κήματος
2572 3011 2889 3082 ἄρξαντες,
2940 3017 3080 3071 οὔτε
3113 3017 3283 3084 τινὸς
3328 3019 3548 3089 ἔχθους
3591 3021 3807 3092 συμϐάν-

557 3112 841 3169 suetudine
868 3120 1094 3177 utentes,
1129 3109 1471 3166 atrocissima
1506 3108 1946 3178 iniquissimaque
1976 3107 2032 3161 in
2065 3122 2159 3181 nos

2258 3116 2386 3168 τος,
2438 3102 2579 3157 ἀλλ’
2627 3106 2844 3172 ὁποίας
2870 3108 3168 3177 πρότερον
3198 3109 3462 3179 ἐἴχοντο
3509 3113 3806 3181 συνηθείας,

554 3206 960 3268 commiserunt,
995 3214 1254 3276 tanquam
1284 3210 1491 3271 repente
1525 3215 1730 3270 unoque
1754 3199 2003 3268 temporis
2044 3172 2157 3252 mo:

2205 3240 2229 3301 Ξ
2260 3191 2371 3301 τῆς
2400 3194 2594 3301 αύτῆς
2617 3195 2865 3267 ἔχεσθαι
2897 3172 3249 3268 δοκούντες,
3276 3172 3672 3274 ’τιεπράτασιν
3691 3172 3808 3275 δμιέξ

553 3309 735 3354 mento
781 3296 1119 3363 crudelitate,
1160 3296 1397 3360 insania,
1447 3293 1589 3359 odio,
1624 3291 1986 3368 _omnibusque
2029 3289 2155 3344 aliis

2207 3284 2229 3301 "
2260 3284 2337 3339 τὰ
2396 3285 2642 3342 πάντων
2687 3289 3085 3358 ἀνοσιώτατα,
3145 3292 3358 3364 ὥσπερ
3406 3297 3668 3366 αύθωρὸν
3702 3297 3810 3351 ἆται

554 3391 615 3447 id
657 3406 822 3464 genus
852 3389 1011 3444 malis
1034 3386 1239 3457 repleti.
1277 3386 1346 3439 At
1387 3383 1671 3440 Persarum
1702 3399 1804 3438 non
1848 3383 2155 3438 istiusmodi

2260 3377 2641 3448 πλησθέντες
2667 3381 2971 3452 ὠμότητος
2996 3385 3097 3438 καὶ
3119 3387 3349 3456 μανίας
3365 3388 3466 3443 καὶ
3494 3390 3705 3460 μίσους
3736 3387 3806 3440 sal

556 3492 683 3541 sunt
717 3499 925 3548 mores;
955 3480 1247 3552 plurimum
1283 3478 1520 3549 profecto
1546 3478 1785 3532 interest.
1816 3476 1968 3543 Quos
2004 3477 2155 3532 enim

2258 3469 2507 3527 πάντων
2535 3473 2687 3543 ὁμοῦ
2730 3474 2852 3531 τῶν
2893 3475 3162 3538 τοιῶνδε.
3206 3480 3370 3537 Ἀλλ’
3406 3484 3479 3537 οὐ
3513 3484 3585 3537 τὰ
3608 3480 3812 3552 Περσῶν

555 3578 719 3636 semel
752 3576 955 3633 amicos
1001 3575 1198 3646 fuerint
1233 3574 1403 3638 nacti,
1444 3587 1530 3626 eos
1561 3571 1875 3641 ﬁrmissima
1914 3570 2157 3625 amicitia

2258 3561 2376 3633 ἤθη
2416 3563 2635 3632 τοιάδε,
2680 3567 2921 3624 πολλοῦ
2966 3586 3035 3641 τε
3081 3569 3182 3624 καὶ
3226 3571 3343 3629 δεῖ.
3386 3575 3604 3641 Φίλους
3633 3591 3691 3628 τε
3729 3574 3810 3643 γὰρ

553 3670 837 3743 complecti
872 3676 1131 3740 pergunt;
1164 3667 1221 3720 in
1254 3655 1457 3719 hostem
1493 3680 1634 3729 vero,
1669 3663 1909 3734 quandiu
1941 3672 2018 3717 est
2058 3663 2156 3717 ho-

2258 3653 2370 3723 οὓς
2396 3655 2475 3711 ἂν
2508 3655 2778 3727 ἐξαρχῆς
2804 3657 3137 3727 κτήσαιντο
3176 3662 3545 3727 βεϐαιότατα
3583 3664 3811 3732 στέργειν

556 3764 679 3830 stis,
730 3757 1329 3833 infensos‘infestosque
1383 3756 1589 3809 animos
1638 3763 1845 3824 gerunt.
1909 3752 2152 3824 Optarim

2258 3747 2596 3817 πειρῶνται,
2632 3752 2734 3805 καὶ
2778 3751 2895 3820 τὴν
2931 3751 3123 3823 ὀργὴν
3151 3756 3309 3823 πρὸς
3341 3757 3412 3812 τὸ
3442 3757 3488 3790 ⁸⁷
3521 3758 3811 3813 ἀντίπαλον

555 3852 803 3926 equidem
840 3848 1159 3907 Colchorum
1183 3845 1565 3916 rempublicam
1599 3844 1827 3914 pristina
1857 3845 2027 3915 vigere
2060 3861 2157 3915 po-

2256 3833 2653 3926 διατηροῦσιν
2677 3840 2806 3893 ἐστ’
2827 3839 2907 3895 ἂν
2938 3841 2986 3874 ’⁸
3010 3842 3358 3900 ἀντίπαλον
3485 3848 3810 3918 Ἠόουλόμην

558 3925 747 4011 tentia,
775 3945 854 4000 ita
876 3950 934 3998 ut
961 3940 1196 3998 externis
1217 3956 1280 3993 ac
1305 3939 1597 4010 peregrinis
1622 3936 1842 3992 auxiliis
1878 3953 1980 3990 non
2008 3938 2156 3992 indi-

2253 3927 2373 3998 μὲν
2403 3925 2521 3985 οὖν
2573 3930 2650 3999 τῇ
2677 3931 2950 4002 Κολχικῆ
2985 3936 3263 4002 πολιτεία
3312 3937 3433 4008 τὴν
3463 3940 3712 3995 παλαιὰν
3732 3937 3808 3991 δύ-

556 4042 722 4107 geret,
758 4030 849 4087 sed
875 4031 994 4101 ipsa
1018 4026 1122 4083 sibi
1148 4027 1303 4081 rebus
1332 4026 1577 4081 omnibus
1599 4040 1727 4095 pace
1755 4025 1991 4095 belloque
2015 4026 2157 4096 suni-

2256 4037 2442 4092 ναμιν
2492 4024 2961 4095 προσγενέσθαι,
3001 4028 3084 4095 ὡς
3104 4029 3404 4101 μηδαμῶς
3448 4031 3639 4101 αὐτὴν
3667 4031 3808 4098 ξένης

464 4120 470 4126 ’
554 4134 714 4183 ceret.
747 4124 884 4182 Cum
910 4138 1030 4179 vero
1071 4122 1179 4177 sive
1209 4120 1462 4190 temporis
1490 4120 1768 4183 varietate,
1797 4118 1903 4173 sive
1925 4119 2067 4188 furtu

2256 4115 2422 4182 τινὸς
2477 4116 2581 4171 καὶ
2645 4116 2960 4186 ἐπήλυδος
3018 4121 3375 4193 ἐπικουρίας
3438 4124 3805 4196 προσδεῖσθαι.

555 4218 989 4282 adversitatibus,
1020 4217 1129 4271 sive
1150 4215 1312 4269 etiam
1336 4222 1558 4283 utroque
1583 4210 1864 4281 compulsi,
1897 4226 1957 4265 eo
1983 4212 2156 4283 impo-

2255 4203 2396 4260 ἀλλ’
2437 4201 2598 4261 εἶναι
2636 4207 2763 4275 τοῖς
2801 4208 2995 4264 πᾶσιν
3038 4212 3107 4277 ἐς
3138 4229 3204 4266 τε
3253 4215 3530 4285 πόλεμον
3560 4216 3652 4270 καὶ
3690 4214 3729 4247 ’⁸
3763 4210 3808 4276 ἐς

556 4315 737 4369 tentia:
759 4310 1076 4375 venerimus,
1119 4319 1175 4361 ut
1201 4307 1329 4361 aliis
1359 4304 1567 4360 subditi
1602 4304 1789 4370 simus,
1826 4304 2158 4358 consultissi-

2256 4296 2509 4367 εἰρήνην
2549 4299 3064 4369 αὐταρκεστάτην.
3116 4303 3281 4357 Ἐπεὶ
3329 4304 3419 4369 δὲ,
3467 4305 3587 4360 εἴτε
3625 4302 3806 4374 χρόνου

554 4422 702 4461 mum
743 4402 991 4459 duxerim
1030 4398 1140 4454 illis
1187 4400 1416 4461 subesse,
1446 4395 1605 4467 157
1629 4396 1721 4466 qui
1773 4396 2151 4452 moderatiores

2236 4388 2515 4461 ¹διαφορᾷ
2555 4392 2625 4459 ³ο,
2674 4394 2796 4447 εἴτε
2844 4395 3039 4464 τύχης
3077 4395 3548 4468 ἐναντιώμασιν,
3601 4397 3709 4453 εἴτε
3736 4390 3804 4447 καὶ

555 4496 1033 4571 ιεᾳιιαὺὲιίοι-εδᾳιιε
1075 4501 1220 4556 sunt,
1262 4491 1455 4561 quique
1478 4490 1891 4544 benevolentiam
1927 4491 1984 4545 in
2027 4505 2151 4545 suos

2255 4484 2650 4554 ἀμφοτέροις,
2724 4485 3186 4554 ἐκϐιασθέντες,
3238 4491 3329 4556 εἰς
3388 4491 3567 4545 τοῦτο
3624 4490 3807 4559 ἥκομεν

467 4654 470 4658 ,
553 4603 604 4647 et
648 4592 704 4645 in
731 4589 1014 4662 foederatos
1050 4593 1256 4639 sartam
1303 4592 1494 4637 tectam
1535 4590 1868 4637 conservant.
1901 4580 1991 4636 Ita
2030 4599 2070 4636 vc

2202 4575 2596 4656 )datisrelac,
2650 4576 2733 4643 ὡς
2782 4577 2885 4647 ὑφ’
2921 4577 3147 4647 ἑτέροις
3195 4581 3502 4652 τετάχθαι,
3533 4581 3805 4654 κράτιστον

553 4684 858 4755 superiores
901 4680 1185 4753 evadentus
1226 4678 1314 4742 iis,
1343 4676 1435 4747 qui
1466 4691 1585 4729 vere
1621 4674 1770 4730 nobis
1802 4683 1926 4730 sunt
1956 4675 2152 4741 hostes,

2254 4663 2417 4737 οἶμαι
2466 4668 2848 4739 προσχωρεῖν
2876 4670 3003 4738 τοῖς
3033 4671 3560 4745 ἐμφρονεστέροις,
3604 4674 3694 4730 καὶ
3723 4670 3805 4737 τὴν

556 4777 604 4830 si
632 4791 796 4846 neque
838 4775 1052 4829 omnino
1087 4768 1430 4826 commissum
1474 4766 1687 4838 facinus
1721 4768 1938 4839 impune
1976 4768 2152 4834 abeat,

2255 4761 2504 4816 εὔνοιαν
2545 4764 2698 4832 πρὸς
2747 4765 2814 4818 τὸ
2854 4766 3078 4822 οἰκεῖον
3108 4769 3209 4823 καὶ
3270 4770 3616 4827 ἐνσπονδον
3648 4771 3711 4825 ἐν
3748 4761 3804 4829 τῷ

556 4869 817 4940 simulque
855 4869 914 4923 in
962 4875 1233 4938 posterum
1282 4863 1559 4918 securitati
1620 4878 1798 4918 rerum
1848 4871 2152 4917 nostrarum

2256 4853 2526 4923 ἀτρέπτῳ
2547 4856 3009 4927 παρεχομένοις.
3038 4860 3203 4915 Οὕτω
3220 4862 3301 4937 ,δὲ
3326 4864 3426 4921 καὶ
3457 4860 3805 4934 περιεσόμεθα

552 4959 999 5021 consuluerimus.
1030 4955 1177 5011 Nam
1211 4953 1423 5010 subdoli
1450 4967 1635 5008 eorum
1660 4962 1709 5008 et
1739 4953 1924 5007 blandi
1958 4968 2149 5021 mores,

2254 4944 2377 5002 τῶν
2419 4948 2501 5015 ὡς
2527 4948 2770 5017 ἀληθῶς
2806 4953 3133 5023 πολεμίων,
3185 4952 3267 5021 τῷ
3295 4957 3453 5027 μήτε
3501 4955 3805 5011 παντάπασι

550 5073 682 5132 quos
701 5070 812 5128 pra:
857 5069 910 5110 se
940 5051 1164 5123 ferentes
1206 5047 1392 5103 dolosa
1414 5047 1647 5119 quadam
1675 5045 1894 5100 lenitate
1929 5045 2151 5116 ﬁctitia-

2255 5039 2325 5132 τό
2368 5039 2615 5111 φθάσαν
2649 5043 3024 5113 ἀτιμώρητον
3048 5048 3555 5125 λιαταλειφθῆναι,
3589 5048 3679 5103 καὶ
3722 5040 3805 5097 τοῦ

549 5131 654 5221 que
672 5140 1051 5220 familiaritate
1072 5140 1317 5197 credulos
1334 5139 1534 5211 fallunt
1555 5137 1874 5207 injuriisque
1887 5136 2147 5206 aﬂiciunt,

2248 5131 2592 5200 μέλλοντος
2642 5132 2799 5201 πέρι,
2835 5133 2997 5201 ὅπως
3042 5135 3113 5190 ἐν
3142 5136 3222 5204 τῷ
3260 5139 3535 5209 ἀσφαλεῖ
3559 5138 3802 5194 κείσεται»

550 5241 699 5300 irriti
722 5239 889 5310 plane
928 5243 980 5294 et
1031 5233 1247 5291 inutiles
1289 5240 1484 5298 erunt;
1518 5246 1683 5301 neque
1730 5229 1863 5299 ipsis
1914 5228 2150 5297 facultas

2252 5222 2328 5276 τὰ
2359 5222 2577 5278 δέοντα
2618 5227 3137 5294 παρεσκευάσθαι.
3173 5229 3246 5285 Τὸ
3284 5231 3409 5301 μὲν
3434 5234 3544 5305 γὰρ
3570 5232 3804 5288 ὕπουλον

552 5342 791 5409 suppetet
824 5332 1074 5389 adversus
1102 5345 1196 5386 nos
1220 5327 1290 5384 iis
1325 5324 1532 5393 utendi,
1562 5339 1681 5379 cum
1716 5321 1867 5378 nulla
1892 5321 2046 5377 nobis
2084 5324 2149 5379 ob

2253 5317 2452 5374 ἐκεῖνο
2479 5318 2588 5375 τοῦ
2610 5321 2835 5389 τρόπου
2879 5320 2980 5376 καὶ
3024 5322 3410 5398 βωμολόχον,
3445 5325 3478 5381 δ
3508 5317 3803 5397 προσαυό·

1872 5507 2112 5567 ἾΑΒΙᾸΞ
2134 5504 2548 5567 LECTIONES.

690 5675 729 5758 ,δ
744 5669 1061 5758 τηλικοῦτος
1089 5670 1172 5758 ιιι
1193 5666 2117 5758 firm???
2151 5669 2220 5758 8;
2248 5667 2779 5758 ξφθεὲφσιεεθφ
2820 5668 2866 5725 Β
2917 5668 3069 5758 (QE):
3118 5667 3800 5758 καθεδουμέχωνιιιιεμῗτ

550 5742 752 5833 μιβά..
793 5736 1175 5833 ἷηηιιιλοιιῃκῖ
1199 5736 1442 5826 porrexit
1515 5736 1927 5833 xaﬂsbodpfvo‘t;
2164 5741 2215 5833 si
2235 5739 2463 5833 sedendo
2488 5736 2871 5833 co‘nstjltemus'.
2924 5736 2933 5743 ’
2965 5742 3010 5774 ⁸⁸
3025 5736 3381 5833 imisue-fine;
3408 5739 3476 5796 Β.
3530 5739 3594 5833 l"
3623 5736 3796 5833 ἒαρξῗ

551 5804 812 5888 ξειξὶηροι
841 5804 1377 5888 Βξθαρῤαλεώτατρι
1406 5809 1554 5888 νιιιεζ
1582 5809 1673 5888 _'1
1696 5804 1848 5888 ’πρὸς
1867 5810 1931 5863 τὸ
1960 5804 2266 5864 ἀντίπαλον
2289 5810 2356 5888 ἢ..
2403 5814 2464 5875 ις
2499 5811 2562 5864 τὸ
2619 5812 2739 5868 ἀντ.
2768 5811 2917 5888 vulg.
2936 5883 2949 5888 _
3025 5804 3171 5871 Wa»)
3215 5813 3282 5882 ιι,
3316 5804 3429 5871 oin.
3457 5810 3595 5882 vulg.
3630 5804 3696 5877 ἦιί
3716 5814 3796 5874 pro

444 5893 451 5901 '
551 5880 590 5957 ἦ
619 5882 688 5940 Β.
726 5879 739 5888 ’
761 5883 813 5920 ⁸ο
842 5884 936 5940 καὶ
964 5879 1076 5940 oin)
1107 5881 1176 5937 R.
1253 5880 1298 5913 ⁸ο
1322 5879 1557 5952 διαφορᾷ
1582 5879 1651 5950 R,
1696 5880 1863 5954 impr.
1901 5893 2196 5952 temporum
2226 5883 2507 5949 varietate,
2534 5884 2834 5957 παραφορᾷ
2861 5879 3007 5955 Vulg.
