  <div class='ocr_page' id='page_1' title='image "/cluster/home/n/w/nwhite01/storage/ocr_20150623/88/coo.31924054869924/729.png"; bbox 0 0 4060 6416; ppageno 0'>
   <div class='ocr_carea' id='block_1_1' title="bbox 460 373 598 450">
    <p class='ocr_par' dir='ltr' id='par_1_1' title="bbox 460 373 598 450">
     <span class='ocr_line' id='line_1_1' title="bbox 460 373 598 450; baseline 0.022 -10"><span class='ocrx_word' id='word_1_1' title='bbox 460 373 598 450; x_wconf 55' lang='grc'><strong><em>1423</em></strong></span> 
     </span>
    </p>
   </div>
   <div class='ocr_carea' id='block_1_2' title="bbox 1648 375 2532 441">
    <p class='ocr_par' dir='ltr' id='par_1_2' title="bbox 1648 375 2532 441">
     <span class='ocr_line' id='line_1_2' title="bbox 1648 375 2532 441; baseline 0.001 -3"><span class='ocrx_word' id='word_1_2' title='bbox 1648 375 2005 438; x_wconf 71' lang='lat' dir='ltr'><strong><em>AGATHL’E</em></strong></span> <span class='ocrx_word' id='word_1_3' title='bbox 2046 377 2532 441; x_wconf 81' lang='lat' dir='ltr'><strong><em>SCHOLASTICI</em></strong></span> 
     </span>
    </p>
   </div>
   <div class='ocr_carea' id='block_1_3' title="bbox 3594 375 3736 439">
    <p class='ocr_par' dir='ltr' id='par_1_3' title="bbox 3594 375 3736 439">
     <span class='ocr_line' id='line_1_3' title="bbox 3594 375 3736 439; baseline 0 -1"><span class='ocrx_word' id='word_1_4' title='bbox 3594 375 3736 439; x_wconf 58' lang='lat'><strong><em>112$</em></strong></span> 
     </span>
    </p>
   </div>
   <div class='ocr_carea' id='block_1_4' title="bbox 448 485 2040 566">
    <p class='ocr_par' dir='ltr' id='par_1_4' title="bbox 448 489 2040 566">
     <span class='ocr_line' id='line_1_4' title="bbox 448 489 2040 566; baseline -0.005 -15"><span class='ocrx_word' id='word_1_5' title='bbox 448 507 502 551; x_wconf 74' lang='lat' dir='ltr'><strong><em>et</em></strong></span> <span class='ocrx_word' id='word_1_6' title='bbox 529 507 780 566; x_wconf 86' lang='lat' dir='ltr'><strong><em>tanquam</em></strong></span> <span class='ocrx_word' id='word_1_7' title='bbox 809 496 865 548; x_wconf 90' lang='lat' dir='ltr'><strong><em>in</em></strong></span> <span class='ocrx_word' id='word_1_8' title='bbox 900 493 1067 549; x_wconf 89' lang='lat' dir='ltr'><strong><em>medio</em></strong></span> <span class='ocrx_word' id='word_1_9' title='bbox 1097 493 1254 562; x_wconf 79' lang='lat' dir='ltr'><strong><em>hujus</em></strong></span> <span class='ocrx_word' id='word_1_10' title='bbox 1287 492 1554 544; x_wconf 68' lang='lat' dir='ltr'><strong><em>cortctonis</em></strong></span> <span class='ocrx_word' id='word_1_11' title='bbox 1598 500 1747 544; x_wconf 86' lang='lat' dir='ltr'><strong><em>stans</em></strong></span> <span class='ocrx_word' id='word_1_12' title='bbox 1784 489 2040 543; x_wconf 82' lang='lat' dir='ltr'><strong><em>utentibus</em></strong></span> 
     </span>
    </p>
   </div>
   <div class='ocr_carea' id='block_1_5' title="bbox 2141 485 3746 566">
    <p class='ocr_par' dir='ltr' id='par_1_5' title="bbox 2148 485 3746 557">
     <span class='ocr_line' id='line_1_5' title="bbox 2148 485 3746 557; baseline 0 -15"><span class='ocrx_word' id='word_1_13' title='bbox 2148 494 2386 545; x_wconf 83' lang='grc' dir='ltr'><em>λανται.</em></span> <span class='ocrx_word' id='word_1_14' title='bbox 2435 491 2597 545; x_wconf 83' lang='grc' dir='ltr'><em>Ἐπεὶ</em></span> <span class='ocrx_word' id='word_1_15' title='bbox 2643 490 2711 544; x_wconf 83' lang='grc' dir='ltr'><em>δὲ</em></span> <span class='ocrx_word' id='word_1_16' title='bbox 2743 490 2882 544; x_wconf 74' lang='grc' dir='ltr'><em>οὔτε</em></span> <span class='ocrx_word' id='word_1_17' title='bbox 2919 485 3212 557; x_wconf 80' lang='grc' dir='ltr'><em>παρέσται</em></span> <span class='ocrx_word' id='word_1_18' title='bbox 3257 488 3563 552; x_wconf 80' lang='grc' dir='ltr'><em>τολοιπύν,</em></span> <span class='ocrx_word' id='word_1_19' title='bbox 3601 492 3746 542; x_wconf 79' lang='grc' dir='ltr'><em>οὔτε</em></span> 
     </span>
    </p>
   </div>
   <div class='ocr_carea' id='block_1_6' title="bbox 450 584 2044 659">
    <p class='ocr_par' dir='ltr' id='par_1_6' title="bbox 450 584 2044 659">
     <span class='ocr_line' id='line_1_6' title="bbox 450 584 2044 659; baseline -0.004 -17"><span class='ocrx_word' id='word_1_20' title='bbox 450 584 637 644; x_wconf 78' lang='lat' dir='ltr'><strong><em>vestris</em></strong></span> <span class='ocrx_word' id='word_1_21' title='bbox 666 589 1086 659; x_wconf 69' lang='lat' dir='ltr'><strong><em>reprmsetrtetur,</em></strong></span> <span class='ocrx_word' id='word_1_22' title='bbox 1126 586 1402 640; x_wconf 69' lang='lat' dir='ltr'><strong><em>ostenderas</em></strong></span> <span class='ocrx_word' id='word_1_23' title='bbox 1424 585 1636 654; x_wconf 81' lang='lat' dir='ltr'><strong><em>quidem</em></strong></span> <span class='ocrx_word' id='word_1_24' title='bbox 1666 584 1854 638; x_wconf 80' lang='lat' dir='ltr'><strong><em>vulnus</em></strong></span> <span class='ocrx_word' id='word_1_25' title='bbox 1882 593 1931 637; x_wconf 93' lang='lat' dir='ltr'><strong><em>et</em></strong></span> <span class='ocrx_word' id='word_1_26' title='bbox 1955 600 2044 652; x_wconf 90' lang='lat' dir='ltr'><strong><em>pe-</em></strong></span> 
     </span>
    </p>
   </div>
   <div class='ocr_carea' id='block_1_7' title="bbox 446 677 2047 751">
    <p class='ocr_par' dir='ltr' id='par_1_7' title="bbox 446 677 2047 751">
     <span class='ocr_line' id='line_1_7' title="bbox 446 677 2047 751; baseline -0.004 -16"><span class='ocrx_word' id='word_1_27' title='bbox 446 693 565 736; x_wconf 89' lang='lat' dir='ltr'><strong><em>ctus</em></strong></span> <span class='ocrx_word' id='word_1_28' title='bbox 592 692 642 737; x_wconf 91' lang='lat' dir='ltr'><strong><em>et</em></strong></span> <span class='ocrx_word' id='word_1_29' title='bbox 666 683 937 746; x_wconf 79' lang='lat' dir='ltr'><strong><em>cervicem,</em></strong></span> <span class='ocrx_word' id='word_1_30' title='bbox 966 679 1206 751; x_wconf 77' lang='lat' dir='ltr'><strong><em>gentique</em></strong></span> <span class='ocrx_word' id='word_1_31' title='bbox 1229 695 1340 733; x_wconf 82' lang='lat' dir='ltr'><strong><em>sute</em></strong></span> <span class='ocrx_word' id='word_1_32' title='bbox 1361 677 1692 747; x_wconf 83' lang='lat' dir='ltr'><strong><em>supplicans,</em></strong></span> <span class='ocrx_word' id='word_1_33' title='bbox 1720 685 1779 730; x_wconf 91' lang='lat' dir='ltr'><strong><em>ut</em></strong></span> <span class='ocrx_word' id='word_1_34' title='bbox 1810 677 1886 729; x_wconf 82' lang='lat' dir='ltr'><strong><em>uel</em></strong></span> <span class='ocrx_word' id='word_1_35' title='bbox 1909 691 2047 729; x_wconf 89' lang='lat' dir='ltr'><strong><em>nunc</em></strong></span> 
     </span>
    </p>
   </div>
   <div class='ocr_carea' id='block_1_8' title="bbox 447 769 2045 840">
    <p class='ocr_par' dir='ltr' id='par_1_8' title="bbox 447 769 2045 840">
     <span class='ocr_line' id='line_1_8' title="bbox 447 769 2045 840; baseline -0.004 -12"><span class='ocrx_word' id='word_1_36' title='bbox 447 775 739 829; x_wconf 69' lang='lat' dir='ltr'><strong><em>uindictam</em></strong></span> <span class='ocrx_word' id='word_1_37' title='bbox 767 774 833 828; x_wconf 89' lang='lat' dir='ltr'><strong><em>de</em></strong></span> <span class='ocrx_word' id='word_1_38' title='bbox 857 773 1092 827; x_wconf 76' lang='lat' dir='ltr'><strong><em>hostibus</em></strong></span> <span class='ocrx_word' id='word_1_39' title='bbox 1122 779 1358 826; x_wconf 87' lang='lat' dir='ltr'><strong><em>sumant.</em></strong></span> <span class='ocrx_word' id='word_1_40' title='bbox 1403 769 1635 825; x_wconf 78' lang='lat' dir='ltr'><strong><em>Proinde</em></strong></span> <span class='ocrx_word' id='word_1_41' title='bbox 1663 770 1781 840; x_wconf 89' lang='lat' dir='ltr'><strong><em>quis</em></strong></span> <span class='ocrx_word' id='word_1_42' title='bbox 1801 778 2045 828; x_wconf 80' lang='lat' dir='ltr'><strong><em>,vestrum</em></strong></span> 
     </span>
    </p>
   </div>
   <div class='ocr_carea' id='block_1_9' title="bbox 447 861 2040 936">
    <p class='ocr_par' dir='ltr' id='par_1_9' title="bbox 447 861 2040 936">
     <span class='ocr_line' id='line_1_9' title="bbox 447 861 2040 936; baseline -0.004 -16"><span class='ocrx_word' id='word_1_43' title='bbox 447 883 534 921; x_wconf 84' lang='lat' dir='ltr'><strong><em>eos</em></strong></span> <span class='ocrx_word' id='word_1_44' title='bbox 562 868 855 933; x_wconf 77' lang='lat' dir='ltr'><strong><em>admiserit,</em></strong></span> <span class='ocrx_word' id='word_1_45' title='bbox 895 866 986 936; x_wconf 90' lang='lat' dir='ltr'><strong><em>qui</em></strong></span> <span class='ocrx_word' id='word_1_46' title='bbox 1031 867 1083 918; x_wconf 88' lang='lat' dir='ltr'><strong><em>in</em></strong></span> <span class='ocrx_word' id='word_1_47' title='bbox 1122 865 1344 918; x_wconf 88' lang='lat' dir='ltr'><strong><em>dubium</em></strong></span> <span class='ocrx_word' id='word_1_48' title='bbox 1393 874 1584 918; x_wconf 84' lang='lat' dir='ltr'><strong><em>uocant</em></strong></span> <span class='ocrx_word' id='word_1_49' title='bbox 1624 873 1676 918; x_wconf 93' lang='lat' dir='ltr'><strong><em>et</em></strong></span> <span class='ocrx_word' id='word_1_50' title='bbox 1713 861 2040 925; x_wconf 73' lang='lat' dir='ltr'><strong><em>consultant,</em></strong></span> 
     </span>
    </p>
   </div>
   <div class='ocr_carea' id='block_1_10' title="bbox 417 954 2048 1031">
    <p class='ocr_par' dir='ltr' id='par_1_10' title="bbox 417 954 2048 1031">
     <span class='ocr_line' id='line_1_10' title="bbox 417 954 2048 1031; baseline -0.002 -21"><span class='ocrx_word' id='word_1_51' title='bbox 417 981 420 986; x_wconf 60' lang='grc' dir='ltr'><strong><em>ν</em></strong></span> <span class='ocrx_word' id='word_1_52' title='bbox 448 976 516 1012; x_wconf 91' lang='lat' dir='ltr'><strong><em>an</em></strong></span> <span class='ocrx_word' id='word_1_53' title='bbox 547 977 754 1031; x_wconf 63' lang='lat' dir='ltr'><strong><em>«equum</em></strong></span> <span class='ocrx_word' id='word_1_54' title='bbox 777 960 846 1012; x_wconf 89' lang='lat' dir='ltr'><strong><em>sit</em></strong></span> <span class='ocrx_word' id='word_1_55' title='bbox 871 957 1095 1012; x_wconf 85' lang='lat' dir='ltr'><strong><em>Colchos</em></strong></span> <span class='ocrx_word' id='word_1_56' title='bbox 1120 957 1354 1012; x_wconf 74' lang='lat' dir='ltr'><strong><em>Gubaztc</em></strong></span> <span class='ocrx_word' id='word_1_57' title='bbox 1380 956 1840 1012; x_wconf 84' lang='lat' dir='ltr'><strong><em>commiseratione</em></strong></span> <span class='ocrx_word' id='word_1_58' title='bbox 1871 954 2048 1025; x_wconf 80' lang='lat' dir='ltr'><strong><em>tangi?</em></strong></span> 
     </span>
    </p>
   </div>
   <div class='ocr_carea' id='block_1_11' title="bbox 457 1049 2044 1117">
    <p class='ocr_par' dir='ltr' id='par_1_11' title="bbox 457 1049 2044 1117">
     <span class='ocr_line' id='line_1_11' title="bbox 457 1049 2044 1117; baseline -0.003 -13"><span class='ocrx_word' id='word_1_59' title='bbox 457 1049 754 1106; x_wconf 83' lang='lat' dir='ltr'><strong><em>Verendum</em></strong></span> <span class='ocrx_word' id='word_1_60' title='bbox 791 1052 930 1105; x_wconf 91' lang='lat' dir='ltr'><strong><em>enim</em></strong></span> <span class='ocrx_word' id='word_1_61' title='bbox 961 1051 1106 1104; x_wconf 90' lang='lat' dir='ltr'><strong><em>nobis</em></strong></span> <span class='ocrx_word' id='word_1_62' title='bbox 1136 1059 1233 1115; x_wconf 92' lang='lat' dir='ltr'><strong><em>est,</em></strong></span> <span class='ocrx_word' id='word_1_63' title='bbox 1267 1066 1328 1103; x_wconf 89' lang='lat' dir='ltr'><strong><em>ne</em></strong></span> <span class='ocrx_word' id='word_1_64' title='bbox 1360 1066 1480 1102; x_wconf 89' lang='lat' dir='ltr'><strong><em>cum</em></strong></span> <span class='ocrx_word' id='word_1_65' title='bbox 1513 1052 1818 1111; x_wconf 83' lang='lat' dir='ltr'><strong><em>metuimus,</em></strong></span> <span class='ocrx_word' id='word_1_66' title='bbox 1856 1057 1914 1100; x_wconf 89' lang='lat' dir='ltr'><strong><em>ut</em></strong></span> <span class='ocrx_word' id='word_1_67' title='bbox 1945 1064 2044 1117; x_wconf 81' lang='lat' dir='ltr'><strong><em>pa-</em></strong></span> 
     </span>
    </p>
   </div>
   <div class='ocr_carea' id='block_1_12' title="bbox 445 1141 2047 1211">
    <p class='ocr_par' dir='ltr' id='par_1_12' title="bbox 445 1141 2047 1211">
     <span class='ocr_line' id='line_1_12' title="bbox 445 1141 2047 1211; baseline -0.002 -15"><span class='ocrx_word' id='word_1_68' title='bbox 445 1161 565 1197; x_wconf 84' lang='lat' dir='ltr'><strong><em>rum</em></strong></span> <span class='ocrx_word' id='word_1_69' title='bbox 591 1146 836 1199; x_wconf 87' lang='lat' dir='ltr'><strong><em>honestus</em></strong></span> <span class='ocrx_word' id='word_1_70' title='bbox 864 1153 1041 1198; x_wconf 89' lang='lat' dir='ltr'><strong><em>noster</em></strong></span> <span class='ocrx_word' id='word_1_71' title='bbox 1074 1143 1143 1196; x_wconf 90' lang='lat' dir='ltr'><strong><em>ad</em></strong></span> <span class='ocrx_word' id='word_1_72' title='bbox 1173 1141 1369 1197; x_wconf 88' lang='lat' dir='ltr'><strong><em>Persas</em></strong></span> <span class='ocrx_word' id='word_1_73' title='bbox 1410 1143 1666 1196; x_wconf 78' lang='lat' dir='ltr'><strong><em>transitus</em></strong></span> <span class='ocrx_word' id='word_1_74' title='bbox 1718 1141 1885 1196; x_wconf 81' lang='lat' dir='ltr'><strong><em>uideri</em></strong></span> <span class='ocrx_word' id='word_1_75' title='bbox 1924 1157 2047 1211; x_wconf 84' lang='lat' dir='ltr'><strong><em>pos-</em></strong></span> 
     </span>
    </p>
   </div>
   <div class='ocr_carea' id='block_1_13' title="bbox 446 1234 2046 1306">
    <p class='ocr_par' dir='ltr' id='par_1_13' title="bbox 446 1234 2046 1306">
     <span class='ocr_line' id='line_1_13' title="bbox 446 1234 2046 1306; baseline -0.001 -17"><span class='ocrx_word' id='word_1_76' title='bbox 446 1237 541 1303; x_wconf 90' lang='lat' dir='ltr'><strong><em>sit,</em></strong></span> <span class='ocrx_word' id='word_1_77' title='bbox 573 1237 776 1306; x_wconf 90' lang='lat' dir='ltr'><strong><em>piaculi</em></strong></span> <span class='ocrx_word' id='word_1_78' title='bbox 806 1236 1094 1306; x_wconf 84' lang='lat' dir='ltr'><strong><em>participes</em></strong></span> <span class='ocrx_word' id='word_1_79' title='bbox 1124 1235 1316 1301; x_wconf 88' lang='lat' dir='ltr'><strong><em>simus,</em></strong></span> <span class='ocrx_word' id='word_1_80' title='bbox 1348 1235 1637 1289; x_wconf 77' lang='lat' dir='ltr'><strong><em>deserentes</em></strong></span> <span class='ocrx_word' id='word_1_81' title='bbox 1663 1249 1780 1287; x_wconf 86' lang='lat' dir='ltr'><strong><em>eum</em></strong></span> <span class='ocrx_word' id='word_1_82' title='bbox 1815 1234 2046 1288; x_wconf 82' lang='lat' dir='ltr'><strong><em>mortui-</em></strong></span> 
     </span>
    </p>
   </div>
   <div class='ocr_carea' id='block_1_14' title="bbox 444 1325 2046 1400">
    <p class='ocr_par' dir='ltr' id='par_1_14' title="bbox 444 1325 2046 1400">
     <span class='ocr_line' id='line_1_14' title="bbox 444 1325 2046 1400; baseline -0.001 -18"><span class='ocrx_word' id='word_1_83' title='bbox 444 1342 545 1398; x_wconf 82' lang='lat' dir='ltr'><strong><em>que</em></strong></span> <span class='ocrx_word' id='word_1_84' title='bbox 587 1329 882 1384; x_wconf 79' lang='lat' dir='ltr'><strong><em>vindictam</em></strong></span> <span class='ocrx_word' id='word_1_85' title='bbox 926 1328 1287 1400; x_wconf 83' lang='lat' dir='ltr'><strong><em>negligentes;</em></strong></span> <span class='ocrx_word' id='word_1_86' title='bbox 1327 1328 1600 1398; x_wconf 81' lang='lat' dir='ltr'><strong><em>magisque</em></strong></span> <span class='ocrx_word' id='word_1_87' title='bbox 1640 1343 1706 1381; x_wconf 76' lang='lat' dir='ltr'><strong><em>ea:</em></strong></span> <span class='ocrx_word' id='word_1_88' title='bbox 1747 1342 1808 1381; x_wconf 92' lang='lat' dir='ltr'><strong><em>eo</em></strong></span> <span class='ocrx_word' id='word_1_89' title='bbox 1856 1325 2046 1396; x_wconf 82' lang='lat' dir='ltr'><strong><em>perﬁdi</em></strong></span> 
     </span>
    </p>
   </div>
   <div class='ocr_carea' id='block_1_15' title="bbox 445 1421 2046 1489">
    <p class='ocr_par' dir='ltr' id='par_1_15' title="bbox 445 1421 2046 1489">
     <span class='ocr_line' id='line_1_15' title="bbox 445 1421 2046 1489; baseline -0.001 -13"><span class='ocrx_word' id='word_1_90' title='bbox 445 1439 775 1487; x_wconf 82' lang='lat' dir='ltr'><strong><em>censeamur,</em></strong></span> <span class='ocrx_word' id='word_1_91' title='bbox 805 1424 851 1476; x_wconf 89' lang='lat' dir='ltr'><strong><em>si</em></strong></span> <span class='ocrx_word' id='word_1_92' title='bbox 881 1425 988 1476; x_wconf 81' lang='lat' dir='ltr'><strong><em>vita</em></strong></span> <span class='ocrx_word' id='word_1_93' title='bbox 1019 1432 1226 1476; x_wconf 88' lang='lat' dir='ltr'><strong><em>tantum</em></strong></span> <span class='ocrx_word' id='word_1_94' title='bbox 1261 1421 1408 1476; x_wconf 87' lang='lat' dir='ltr'><strong><em>illius</em></strong></span> <span class='ocrx_word' id='word_1_95' title='bbox 1439 1421 1678 1474; x_wconf 85' lang='lat' dir='ltr'><strong><em>studium</em></strong></span> <span class='ocrx_word' id='word_1_96' title='bbox 1712 1436 2046 1489; x_wconf 89' lang='lat' dir='ltr'><strong><em>amoremque</em></strong></span> 
     </span>
    </p>
   </div>
   <div class='ocr_carea' id='block_1_16' title="bbox 445 1515 2044 1587">
    <p class='ocr_par' dir='ltr' id='par_1_16' title="bbox 445 1515 2044 1587">
     <span class='ocr_line' id='line_1_16' title="bbox 445 1515 2044 1587; baseline -0.004 -16"><span class='ocrx_word' id='word_1_97' title='bbox 445 1527 692 1572; x_wconf 83' lang='lat' dir='ltr'><strong><em>nostrum</em></strong></span> <span class='ocrx_word' id='word_1_98' title='bbox 720 1531 848 1587; x_wconf 83' lang='lat' dir='ltr'><strong><em>erga</em></strong></span> <span class='ocrx_word' id='word_1_99' title='bbox 894 1517 1068 1584; x_wconf 89' lang='lat' dir='ltr'><strong><em>ipsum</em></strong></span> <span class='ocrx_word' id='word_1_100' title='bbox 1113 1516 1405 1577; x_wconf 86' lang='lat' dir='ltr'><strong><em>metientes,</em></strong></span> <span class='ocrx_word' id='word_1_101' title='bbox 1444 1530 1549 1566; x_wconf 88' lang='lat' dir='ltr'><strong><em>una</em></strong></span> <span class='ocrx_word' id='word_1_102' title='bbox 1581 1529 1697 1566; x_wconf 89' lang='lat' dir='ltr'><strong><em>cum</em></strong></span> <span class='ocrx_word' id='word_1_103' title='bbox 1741 1515 1854 1582; x_wconf 87' lang='lat' dir='ltr'><strong><em>ipso</em></strong></span> <span class='ocrx_word' id='word_1_104' title='bbox 1883 1515 2044 1566; x_wconf 88' lang='lat' dir='ltr'><strong><em>etiam</em></strong></span> 
     </span>
    </p>
   </div>
   <div class='ocr_carea' id='block_1_17' title="bbox 445 1606 2043 1677">
    <p class='ocr_par' dir='ltr' id='par_1_17' title="bbox 445 1606 2043 1677">
     <span class='ocr_line' id='line_1_17' title="bbox 445 1606 2043 1677; baseline -0.003 -16"><span class='ocrx_word' id='word_1_105' title='bbox 445 1609 758 1664; x_wconf 87' lang='lat' dir='ltr'><strong><em>memoriam</em></strong></span> <span class='ocrx_word' id='word_1_106' title='bbox 799 1607 1140 1677; x_wconf 87' lang='lat' dir='ltr'><strong><em>abjiciamus.</em></strong></span> <span class='ocrx_word' id='word_1_107' title='bbox 1190 1606 1361 1661; x_wconf 84' lang='lat' dir='ltr'><strong><em>Rebus</em></strong></span> <span class='ocrx_word' id='word_1_108' title='bbox 1405 1609 1546 1660; x_wconf 91' lang='lat' dir='ltr'><strong><em>enim</em></strong></span> <span class='ocrx_word' id='word_1_109' title='bbox 1589 1622 1832 1675; x_wconf 85' lang='lat' dir='ltr'><strong><em>prospere</em></strong></span> <span class='ocrx_word' id='word_1_110' title='bbox 1861 1622 2043 1658; x_wconf 80' lang='lat' dir='ltr'><strong><em>succe-</em></strong></span> 
     </span>
    </p>
   </div>
   <div class='ocr_carea' id='block_1_18' title="bbox 445 1699 2042 1772">
    <p class='ocr_par' dir='ltr' id='par_1_18' title="bbox 445 1699 2042 1772">
     <span class='ocr_line' id='line_1_18' title="bbox 445 1699 2042 1772; baseline -0.001 -20"><span class='ocrx_word' id='word_1_111' title='bbox 445 1700 710 1768; x_wconf 78' lang='lat' dir='ltr'><strong><em>dentibus,</em></strong></span> <span class='ocrx_word' id='word_1_112' title='bbox 744 1717 935 1772; x_wconf 88' lang='lat' dir='ltr'><strong><em>magna</em></strong></span> <span class='ocrx_word' id='word_1_113' title='bbox 965 1701 1227 1755; x_wconf 88' lang='lat' dir='ltr'><strong><em>dementia</em></strong></span> <span class='ocrx_word' id='word_1_114' title='bbox 1258 1699 1420 1769; x_wconf 86' lang='lat' dir='ltr'><strong><em>fuerit</em></strong></span> <span class='ocrx_word' id='word_1_115' title='bbox 1452 1700 1632 1768; x_wconf 89' lang='lat' dir='ltr'><strong><em>priora</em></strong></span> <span class='ocrx_word' id='word_1_116' title='bbox 1662 1700 1908 1752; x_wconf 88' lang='lat' dir='ltr'><strong><em>instituta</em></strong></span> <span class='ocrx_word' id='word_1_117' title='bbox 1938 1699 2042 1750; x_wconf 91' lang='lat' dir='ltr'><strong><em>im-</em></strong></span> 
     </span>
    </p>
   </div>
   <div class='ocr_carea' id='block_1_19' title="bbox 447 1793 2045 1864">
    <p class='ocr_par' dir='ltr' id='par_1_19' title="bbox 447 1793 2045 1864">
     <span class='ocr_line' id='line_1_19' title="bbox 447 1793 2045 1864; baseline -0.002 -15"><span class='ocrx_word' id='word_1_118' title='bbox 447 1807 656 1851; x_wconf 90' lang='lat' dir='ltr'><strong><em>mutare</em></strong></span> <span class='ocrx_word' id='word_1_119' title='bbox 679 1813 696 1852; x_wconf 91' lang='lat'><em>:</em></span> <span class='ocrx_word' id='word_1_120' title='bbox 720 1813 838 1850; x_wconf 91' lang='lat' dir='ltr'><strong><em>cum</em></strong></span> <span class='ocrx_word' id='word_1_121' title='bbox 866 1813 983 1850; x_wconf 89' lang='lat' dir='ltr'><strong><em>vero</em></strong></span> <span class='ocrx_word' id='word_1_122' title='bbox 1007 1797 1275 1849; x_wconf 86' lang='lat' dir='ltr'><strong><em>contrario</em></strong></span> <span class='ocrx_word' id='word_1_123' title='bbox 1297 1794 1451 1848; x_wconf 91' lang='lat' dir='ltr'><strong><em>modo</em></strong></span> <span class='ocrx_word' id='word_1_124' title='bbox 1477 1810 1558 1848; x_wconf 90' lang='lat' dir='ltr'><strong><em>res</em></strong></span> <span class='ocrx_word' id='word_1_125' title='bbox 1587 1794 1850 1864; x_wconf 82' lang='lat' dir='ltr'><strong><em>feruntur,</em></strong></span> <span class='ocrx_word' id='word_1_126' title='bbox 1886 1793 2045 1863; x_wconf 79' lang='lat'><strong><em>160</em></strong></span> 
     </span>
    </p>
   </div>
   <div class='ocr_carea' id='block_1_20' title="bbox 443 1883 2032 1954">
    <p class='ocr_par' dir='ltr' id='par_1_20' title="bbox 443 1883 2032 1954">
     <span class='ocr_line' id='line_1_20' title="bbox 443 1883 2032 1954; baseline -0.003 -15"><span class='ocrx_word' id='word_1_127' title='bbox 443 1887 802 1941; x_wconf 86' lang='lat' dir='ltr'><strong><em>inconsultum</em></strong></span> <span class='ocrx_word' id='word_1_128' title='bbox 831 1887 1067 1954; x_wconf 78' lang='lat' dir='ltr'><strong><em>putarint</em></strong></span> <span class='ocrx_word' id='word_1_129' title='bbox 1102 1900 1205 1938; x_wconf 86' lang='lat' dir='ltr'><strong><em>non</em></strong></span> <span class='ocrx_word' id='word_1_130' title='bbox 1245 1884 1427 1936; x_wconf 86' lang='lat' dir='ltr'><strong><em>statim</em></strong></span> <span class='ocrx_word' id='word_1_131' title='bbox 1455 1883 1718 1937; x_wconf 86' lang='lat' dir='ltr'><strong><em>eventibus</em></strong></span> <span class='ocrx_word' id='word_1_132' title='bbox 1745 1899 2032 1936; x_wconf 87' lang='lat' dir='ltr'><strong><em>accommo-</em></strong></span> 
     </span>
    </p>
   </div>
   <div class='ocr_carea' id='block_1_21' title="bbox 444 1975 2040 2031">
    <p class='ocr_par' dir='ltr' id='par_1_21' title="bbox 444 1975 2040 2031">
     <span class='ocr_line' id='line_1_21' title="bbox 444 1975 2040 2031; baseline -0.001 -1"><span class='ocrx_word' id='word_1_133' title='bbox 444 1978 586 2031; x_wconf 82' lang='lat' dir='ltr'><strong><em>dari.</em></strong></span> <span class='ocrx_word' id='word_1_134' title='bbox 614 1977 690 2031; x_wconf 87' lang='lat' dir='ltr'><strong><em>De</em></strong></span> <span class='ocrx_word' id='word_1_135' title='bbox 711 1976 1012 2031; x_wconf 83' lang='lat' dir='ltr'><strong><em>constantia</em></strong></span> <span class='ocrx_word' id='word_1_136' title='bbox 1033 1975 1170 2029; x_wconf 79' lang='lat' dir='ltr'><strong><em>enim</em></strong></span> <span class='ocrx_word' id='word_1_137' title='bbox 1189 1991 1253 2028; x_wconf 77' lang='lat' dir='ltr'><strong><em>ea:</em></strong></span> <span class='ocrx_word' id='word_1_138' title='bbox 1280 1975 1430 2028; x_wconf 87' lang='lat' dir='ltr'><strong><em>rebus</em></strong></span> <span class='ocrx_word' id='word_1_139' title='bbox 1455 1975 1654 2028; x_wconf 88' lang='lat' dir='ltr'><strong><em>rationi</em></strong></span> <span class='ocrx_word' id='word_1_140' title='bbox 1677 1976 2040 2029; x_wconf 85' lang='lat' dir='ltr'><strong><em>consentaneis</em></strong></span> 
     </span>
    </p>
   </div>
   <div class='ocr_carea' id='block_1_22' title="bbox 442 2068 2043 2141">
    <p class='ocr_par' dir='ltr' id='par_1_22' title="bbox 442 2068 2043 2141">
     <span class='ocr_line' id='line_1_22' title="bbox 442 2068 2043 2141; baseline -0.003 -16"><span class='ocrx_word' id='word_1_141' title='bbox 442 2071 503 2138; x_wconf 77' lang='lat' dir='ltr'><strong><em>fit</em></strong></span> <span class='ocrx_word' id='word_1_142' title='bbox 530 2070 818 2141; x_wconf 80' lang='lat' dir='ltr'><strong><em>judicium.</em></strong></span> <span class='ocrx_word' id='word_1_143' title='bbox 847 2068 1202 2125; x_wconf 69' lang='lat' dir='ltr'><strong><em>Prwsentium</em></strong></span> <span class='ocrx_word' id='word_1_144' title='bbox 1221 2084 1339 2123; x_wconf 83' lang='lat' dir='ltr'><strong><em>vero</em></strong></span> <span class='ocrx_word' id='word_1_145' title='bbox 1367 2083 1540 2122; x_wconf 88' lang='lat' dir='ltr'><strong><em>rerum</em></strong></span> <span class='ocrx_word' id='word_1_146' title='bbox 1565 2077 1770 2121; x_wconf 87' lang='lat' dir='ltr'><strong><em>statum</em></strong></span> <span class='ocrx_word' id='word_1_147' title='bbox 1794 2076 2043 2122; x_wconf 86' lang='lat' dir='ltr'><strong><em>constan-</em></strong></span> 
     </span>
    </p>
   </div>
   <div class='ocr_carea' id='block_1_23' title="bbox 443 2159 2041 2230">
    <p class='ocr_par' dir='ltr' id='par_1_23' title="bbox 443 2159 2041 2230">
     <span class='ocr_line' id='line_1_23' title="bbox 443 2159 2041 2230; baseline -0.001 -15"><span class='ocrx_word' id='word_1_148' title='bbox 443 2173 524 2215; x_wconf 90' lang='lat' dir='ltr'><strong><em>ter</em></strong></span> <span class='ocrx_word' id='word_1_149' title='bbox 549 2161 796 2225; x_wconf 87' lang='lat' dir='ltr'><strong><em>tolerare,</em></strong></span> <span class='ocrx_word' id='word_1_150' title='bbox 823 2178 928 2215; x_wconf 88' lang='lat' dir='ltr'><strong><em>non</em></strong></span> <span class='ocrx_word' id='word_1_151' title='bbox 948 2177 1151 2230; x_wconf 83' lang='lat' dir='ltr'><strong><em>semper</em></strong></span> <span class='ocrx_word' id='word_1_152' title='bbox 1172 2169 1248 2215; x_wconf 89' lang='lat' dir='ltr'><strong><em>est</em></strong></span> <span class='ocrx_word' id='word_1_153' title='bbox 1271 2159 1562 2226; x_wconf 72' lang='lat' dir='ltr'><strong><em>laudabile,</em></strong></span> <span class='ocrx_word' id='word_1_154' title='bbox 1585 2160 1675 2214; x_wconf 87' lang='lat' dir='ltr'><strong><em>sed</em></strong></span> <span class='ocrx_word' id='word_1_155' title='bbox 1698 2161 1912 2230; x_wconf 81' lang='lat' dir='ltr'><strong><em>quando</em></strong></span> <span class='ocrx_word' id='word_1_156' title='bbox 1934 2177 2041 2214; x_wconf 88' lang='lat' dir='ltr'><strong><em>una</em></strong></span> 
     </span>
    </p>
   </div>
   <div class='ocr_carea' id='block_1_24' title="bbox 442 2249 2042 2322">
    <p class='ocr_par' dir='ltr' id='par_1_24' title="bbox 442 2249 2042 2322">
     <span class='ocr_line' id='line_1_24' title="bbox 442 2249 2042 2322; baseline 0.001 -18"><span class='ocrx_word' id='word_1_157' title='bbox 442 2253 594 2306; x_wconf 86' lang='lat' dir='ltr'><strong><em>adest</em></strong></span> <span class='ocrx_word' id='word_1_158' title='bbox 621 2251 925 2322; x_wconf 78' lang='lat' dir='ltr'><strong><em>prudentia.</em></strong></span> <span class='ocrx_word' id='word_1_159' title='bbox 965 2249 1065 2304; x_wconf 86' lang='lat' dir='ltr'><strong><em>Ubi</em></strong></span> <span class='ocrx_word' id='word_1_160' title='bbox 1105 2259 1283 2304; x_wconf 85' lang='lat' dir='ltr'><strong><em>autem</em></strong></span> <span class='ocrx_word' id='word_1_161' title='bbox 1313 2250 1570 2320; x_wconf 89' lang='lat' dir='ltr'><strong><em>contingit</em></strong></span> <span class='ocrx_word' id='word_1_162' title='bbox 1601 2266 1718 2320; x_wconf 74' lang='lat' dir='ltr'><strong><em>quae</em></strong></span> <span class='ocrx_word' id='word_1_163' title='bbox 1747 2266 1889 2304; x_wconf 67' lang='lat' dir='ltr'><strong><em>curre</em></strong></span> <span class='ocrx_word' id='word_1_164' title='bbox 1929 2267 2042 2305; x_wconf 86' lang='lat' dir='ltr'><strong><em>esse</em></strong></span> 
     </span>
    </p>
   </div>
   <div class='ocr_carea' id='block_1_25' title="bbox 439 2339 2040 2411">
    <p class='ocr_par' dir='ltr' id='par_1_25' title="bbox 439 2339 2040 2411">
     <span class='ocr_line' id='line_1_25' title="bbox 439 2339 2040 2411; baseline -0.001 -15"><span class='ocrx_word' id='word_1_165' title='bbox 439 2341 714 2409; x_wconf 85' lang='lat' dir='ltr'><strong><em>oportebat</em></strong></span> <span class='ocrx_word' id='word_1_166' title='bbox 757 2341 1036 2411; x_wconf 88' lang='lat' dir='ltr'><strong><em>negligere,</em></strong></span> <span class='ocrx_word' id='word_1_167' title='bbox 1065 2349 1114 2394; x_wconf 85' lang='lat' dir='ltr'><strong><em>et</em></strong></span> <span class='ocrx_word' id='word_1_168' title='bbox 1157 2355 1277 2410; x_wconf 75' lang='lat' dir='ltr'><strong><em>qua:</em></strong></span> <span class='ocrx_word' id='word_1_169' title='bbox 1316 2355 1420 2394; x_wconf 87' lang='lat' dir='ltr'><strong><em>non</em></strong></span> <span class='ocrx_word' id='word_1_170' title='bbox 1458 2339 1603 2394; x_wconf 85' lang='lat' dir='ltr'><strong><em>decet</em></strong></span> <span class='ocrx_word' id='word_1_171' title='bbox 1639 2341 1908 2410; x_wconf 83' lang='lat' dir='ltr'><strong><em>amplecti,</em></strong></span> <span class='ocrx_word' id='word_1_172' title='bbox 1967 2342 2040 2396; x_wconf 91' lang='lat' dir='ltr'><strong><em>ibi</em></strong></span> 
     </span>
    </p>
   </div>
   <div class='ocr_carea' id='block_1_26' title="bbox 442 2431 2042 2503">
    <p class='ocr_par' dir='ltr' id='par_1_26' title="bbox 442 2431 2042 2503">
     <span class='ocr_line' id='line_1_26' title="bbox 442 2431 2042 2503; baseline 0 -16"><span class='ocrx_word' id='word_1_173' title='bbox 442 2433 611 2503; x_wconf 85' lang='lat' dir='ltr'><strong><em>magis</em></strong></span> <span class='ocrx_word' id='word_1_174' title='bbox 643 2433 938 2502; x_wconf 87' lang='lat' dir='ltr'><strong><em>culpandus</em></strong></span> <span class='ocrx_word' id='word_1_175' title='bbox 962 2433 1122 2498; x_wconf 83' lang='lat' dir='ltr'><strong><em>venit,</em></strong></span> <span class='ocrx_word' id='word_1_176' title='bbox 1145 2431 1235 2502; x_wconf 89' lang='lat' dir='ltr'><strong><em>qui</em></strong></span> <span class='ocrx_word' id='word_1_177' title='bbox 1257 2431 1523 2502; x_wconf 83' lang='lat' dir='ltr'><strong><em>prioribus</em></strong></span> <span class='ocrx_word' id='word_1_178' title='bbox 1548 2431 1863 2487; x_wconf 66' lang='lat' dir='ltr'><strong><em>adhaerescit</em></strong></span> <span class='ocrx_word' id='word_1_179' title='bbox 1885 2442 2042 2502; x_wconf 89' lang='lat' dir='ltr'><strong><em>atque</em></strong></span> 
     </span>
    </p>
   </div>
   <div class='ocr_carea' id='block_1_27' title="bbox 438 2523 2041 2598">
    <p class='ocr_par' dir='ltr' id='par_1_27' title="bbox 438 2523 2041 2598">
     <span class='ocr_line' id='line_1_27' title="bbox 438 2523 2041 2598; baseline -0.002 -16"><span class='ocrx_word' id='word_1_180' title='bbox 438 2527 662 2591; x_wconf 82' lang='lat' dir='ltr'><strong><em>insistit,</em></strong></span> <span class='ocrx_word' id='word_1_181' title='bbox 684 2543 843 2598; x_wconf 87' lang='lat' dir='ltr'><strong><em>quam</em></strong></span> <span class='ocrx_word' id='word_1_182' title='bbox 863 2526 1037 2597; x_wconf 83' lang='lat' dir='ltr'><strong><em>quiad</em></strong></span> <span class='ocrx_word' id='word_1_183' title='bbox 1063 2525 1173 2579; x_wconf 88' lang='lat' dir='ltr'><strong><em>alia</em></strong></span> <span class='ocrx_word' id='word_1_184' title='bbox 1201 2542 1255 2580; x_wconf 88' lang='lat' dir='ltr'><strong><em>se</em></strong></span> <span class='ocrx_word' id='word_1_185' title='bbox 1278 2525 1552 2594; x_wconf 77' lang='lat' dir='ltr'><strong><em>transfert.</em></strong></span> <span class='ocrx_word' id='word_1_186' title='bbox 1579 2523 1706 2580; x_wconf 55' lang='lat' dir='ltr'><strong><em>Haec</em></strong></span> <span class='ocrx_word' id='word_1_187' title='bbox 1726 2525 1899 2595; x_wconf 87' lang='lat' dir='ltr'><strong><em>itaque</em></strong></span> <span class='ocrx_word' id='word_1_188' title='bbox 1923 2541 2041 2580; x_wconf 87' lang='lat' dir='ltr'><strong><em>cum</em></strong></span> 
     </span>
    </p>
   </div>
   <div class='ocr_carea' id='block_1_28' title="bbox 439 2617 2041 2688">
    <p class='ocr_par' dir='ltr' id='par_1_28' title="bbox 439 2617 2041 2688">
     <span class='ocr_line' id='line_1_28' title="bbox 439 2617 2041 2688; baseline -0.003 -12"><span class='ocrx_word' id='word_1_189' title='bbox 439 2638 467 2676; x_wconf 91' lang='lat' dir='ltr'><strong><em>e</em></strong></span> <span class='ocrx_word' id='word_1_190' title='bbox 506 2623 653 2677; x_wconf 87' lang='lat' dir='ltr'><strong><em>nobis</em></strong></span> <span class='ocrx_word' id='word_1_191' title='bbox 688 2621 955 2675; x_wconf 86' lang='lat' dir='ltr'><strong><em>audierint</em></strong></span> <span class='ocrx_word' id='word_1_192' title='bbox 997 2618 1458 2688; x_wconf 75' lang='lat' dir='ltr'><strong><em>iutcllexerintque</em></strong></span> <span class='ocrx_word' id='word_1_193' title='bbox 1499 2617 1698 2681; x_wconf 79' lang='lat' dir='ltr'><strong><em>Persw,</em></strong></span> <span class='ocrx_word' id='word_1_194' title='bbox 1734 2634 1914 2674; x_wconf 92' lang='lat' dir='ltr'><strong><em>amore</em></strong></span> <span class='ocrx_word' id='word_1_195' title='bbox 1945 2635 2041 2673; x_wconf 87' lang='lat' dir='ltr'><strong><em>suo</em></strong></span> 
     </span>
    </p>
   </div>
   <div class='ocr_carea' id='block_1_29' title="bbox 439 2710 2040 2785">
    <p class='ocr_par' dir='ltr' id='par_1_29' title="bbox 439 2710 2040 2785">
     <span class='ocr_line' id='line_1_29' title="bbox 439 2710 2040 2785; baseline -0.001 -18"><span class='ocrx_word' id='word_1_196' title='bbox 439 2717 628 2770; x_wconf 85' lang='lat' dir='ltr'><strong><em>merito</em></strong></span> <span class='ocrx_word' id='word_1_197' title='bbox 660 2731 755 2770; x_wconf 91' lang='lat' dir='ltr'><strong><em>nos</em></strong></span> <span class='ocrx_word' id='word_1_198' title='bbox 786 2713 1202 2785; x_wconf 86' lang='lat' dir='ltr'><strong><em>complectentur</em></strong></span> <span class='ocrx_word' id='word_1_199' title='bbox 1238 2720 1289 2766; x_wconf 93' lang='lat' dir='ltr'><strong><em>et</em></strong></span> <span class='ocrx_word' id='word_1_200' title='bbox 1326 2710 1753 2781; x_wconf 80' lang='lat' dir='ltr'><strong><em>propugnabant,</em></strong></span> <span class='ocrx_word' id='word_1_201' title='bbox 1786 2728 1905 2765; x_wconf 90' lang='lat' dir='ltr'><strong><em>cum</em></strong></span> <span class='ocrx_word' id='word_1_202' title='bbox 1935 2713 2040 2766; x_wconf 89' lang='lat' dir='ltr'><strong><em>sint</em></strong></span> 
     </span>
    </p>
   </div>
   <div class='ocr_carea' id='block_1_30' title="bbox 439 2801 2040 2875">
    <p class='ocr_par' dir='ltr' id='par_1_30' title="bbox 439 2801 2040 2875">
     <span class='ocr_line' id='line_1_30' title="bbox 439 2801 2040 2875; baseline -0.002 -17"><span class='ocrx_word' id='word_1_203' title='bbox 439 2807 658 2860; x_wconf 90' lang='lat' dir='ltr'><strong><em>humani</em></strong></span> <span class='ocrx_word' id='word_1_204' title='bbox 695 2807 898 2875; x_wconf 89' lang='lat' dir='ltr'><strong><em>pariter</em></strong></span> <span class='ocrx_word' id='word_1_205' title='bbox 939 2813 990 2858; x_wconf 94' lang='lat' dir='ltr'><strong><em>et</em></strong></span> <span class='ocrx_word' id='word_1_206' title='bbox 1036 2803 1406 2872; x_wconf 88' lang='lat' dir='ltr'><strong><em>magnanimi,</em></strong></span> <span class='ocrx_word' id='word_1_207' title='bbox 1457 2803 1650 2872; x_wconf 86' lang='lat' dir='ltr'><strong><em>quique</em></strong></span> <span class='ocrx_word' id='word_1_208' title='bbox 1689 2801 2040 2871; x_wconf 83' lang='lat' dir='ltr'><strong><em>ﬁnitimorum</em></strong></span> 
     </span>
    </p>
   </div>
   <div class='ocr_carea' id='block_1_31' title="bbox 441 2893 2040 2967">
    <p class='ocr_par' dir='ltr' id='par_1_31' title="bbox 441 2893 2040 2967">
     <span class='ocr_line' id='line_1_31' title="bbox 441 2893 2040 2967; baseline -0.002 -15"><span class='ocrx_word' id='word_1_209' title='bbox 441 2900 646 2953; x_wconf 90' lang='lat' dir='ltr'><strong><em>animos</em></strong></span> <span class='ocrx_word' id='word_1_210' title='bbox 692 2898 886 2967; x_wconf 88' lang='lat' dir='ltr'><strong><em>optime</em></strong></span> <span class='ocrx_word' id='word_1_211' title='bbox 925 2895 1204 2964; x_wconf 65' lang='lat' dir='ltr'><strong><em>explorare</em></strong></span> <span class='ocrx_word' id='word_1_212' title='bbox 1256 2904 1496 2959; x_wconf 89' lang='lat' dir='ltr'><strong><em>norunt;</em></strong></span> <span class='ocrx_word' id='word_1_213' title='bbox 1542 2904 1592 2947; x_wconf 91' lang='lat' dir='ltr'><strong><em>et</em></strong></span> <span class='ocrx_word' id='word_1_214' title='bbox 1626 2893 1765 2962; x_wconf 85' lang='lat' dir='ltr'><strong><em>quod</em></strong></span> <span class='ocrx_word' id='word_1_215' title='bbox 1809 2893 2040 2962; x_wconf 84' lang='lat' dir='ltr'><strong><em>amplius</em></strong></span> 
     </span>
    </p>
   </div>
   <div class='ocr_carea' id='block_1_32' title="bbox 439 2985 2038 3060">
    <p class='ocr_par' dir='ltr' id='par_1_32' title="bbox 439 2985 2038 3060">
     <span class='ocr_line' id='line_1_32' title="bbox 439 2985 2038 3060; baseline -0.004 -14"><span class='ocrx_word' id='word_1_216' title='bbox 439 3001 538 3056; x_wconf 86' lang='lat' dir='ltr'><strong><em>est,</em></strong></span> <span class='ocrx_word' id='word_1_217' title='bbox 571 2990 714 3060; x_wconf 88' lang='lat' dir='ltr'><strong><em>regio</em></strong></span> <span class='ocrx_word' id='word_1_218' title='bbox 743 2988 876 3044; x_wconf 88' lang='lat' dir='ltr'><strong><em>adeo</em></strong></span> <span class='ocrx_word' id='word_1_219' title='bbox 899 2996 1218 3058; x_wconf 87' lang='lat' dir='ltr'><strong><em>opportuna,</em></strong></span> <span class='ocrx_word' id='word_1_220' title='bbox 1250 2987 1482 3056; x_wconf 86' lang='lat' dir='ltr'><strong><em>adeoque</em></strong></span> <span class='ocrx_word' id='word_1_221' title='bbox 1506 2985 1732 3057; x_wconf 89' lang='lat' dir='ltr'><strong><em>insignis</em></strong></span> <span class='ocrx_word' id='word_1_222' title='bbox 1754 2987 2038 3053; x_wconf 74' lang='lat' dir='ltr'><strong><em>exercitus,</em></strong></span> 
     </span>
    </p>
   </div>
   <div class='ocr_carea' id='block_1_33' title="bbox 439 3077 2038 3153">
    <p class='ocr_par' dir='ltr' id='par_1_33' title="bbox 439 3077 2038 3153">
     <span class='ocr_line' id='line_1_33' title="bbox 439 3077 2038 3153; baseline -0.003 -17"><span class='ocrx_word' id='word_1_223' title='bbox 439 3099 595 3153; x_wconf 86' lang='lat' dir='ltr'><strong><em>quem</em></strong></span> <span class='ocrx_word' id='word_1_224' title='bbox 624 3082 708 3136; x_wconf 89' lang='lat' dir='ltr'><strong><em>illi</em></strong></span> <span class='ocrx_word' id='word_1_225' title='bbox 751 3081 934 3135; x_wconf 89' lang='lat' dir='ltr'><strong><em>multis</em></strong></span> <span class='ocrx_word' id='word_1_226' title='bbox 976 3079 1216 3150; x_wconf 86' lang='lat' dir='ltr'><strong><em>pecuniis</em></strong></span> <span class='ocrx_word' id='word_1_227' title='bbox 1253 3078 1542 3147; x_wconf 87' lang='lat' dir='ltr'><strong><em>opibusque</em></strong></span> <span class='ocrx_word' id='word_1_228' title='bbox 1583 3078 1839 3146; x_wconf 87' lang='lat' dir='ltr'><strong><em>potiorem</em></strong></span> <span class='ocrx_word' id='word_1_229' title='bbox 1870 3077 2038 3132; x_wconf 74' lang='lat' dir='ltr'><strong><em>duae-</em></strong></span> 
     </span>
    </p>
   </div>
   <div class='ocr_carea' id='block_1_34' title="bbox 2149 579 3744 652">
    <p class='ocr_par' dir='ltr' id='par_1_34' title="bbox 2149 579 3744 652">
     <span class='ocr_line' id='line_1_34' title="bbox 2149 579 3744 652; baseline -0.002 -17"><span class='ocrx_word' id='word_1_230' title='bbox 2149 582 2486 652; x_wconf 70' lang='grc' dir='ltr'><em>φθέγξεται,</em></span> <span class='ocrx_word' id='word_1_231' title='bbox 2513 581 2683 651; x_wconf 81' lang='grc' dir='ltr'><strong><em>ὑμεῖς</em></strong></span> <span class='ocrx_word' id='word_1_232' title='bbox 2705 581 3164 651; x_wconf 67' lang='grc' dir='ltr'><strong><em>ἀναλογίσασθε</em></strong></span> <span class='ocrx_word' id='word_1_233' title='bbox 3192 582 3237 612; x_wconf 64' lang='grc' dir='ltr'><em>θ’</em></span> <span class='ocrx_word' id='word_1_234' title='bbox 3267 581 3372 633; x_wconf 80' lang='grc' dir='ltr'><em>τὸν</em></span> <span class='ocrx_word' id='word_1_235' title='bbox 3398 579 3615 647; x_wconf 73' lang='grc' dir='ltr'><em>ἄνδρα,</em></span> <span class='ocrx_word' id='word_1_236' title='bbox 3645 580 3744 632; x_wconf 76' lang='grc' dir='ltr'><em>καί</em></span> 
     </span>
    </p>
   </div>
   <div class='ocr_carea' id='block_1_35' title="bbox 2147 670 3748 742">
    <p class='ocr_par' dir='ltr' id='par_1_35' title="bbox 2147 670 3748 742">
     <span class='ocr_line' id='line_1_35' title="bbox 2147 670 3748 742; baseline -0.001 -19"><span class='ocrx_word' id='word_1_237' title='bbox 2147 671 2230 737; x_wconf 87' lang='grc' dir='ltr'><em>ὼς</em></span> <span class='ocrx_word' id='word_1_238' title='bbox 2265 673 2336 725; x_wconf 79' lang='grc' dir='ltr'><em>ἐν</em></span> <span class='ocrx_word' id='word_1_239' title='bbox 2367 672 2540 742; x_wconf 81' lang='grc' dir='ltr'><em>μέσῳ</em></span> <span class='ocrx_word' id='word_1_240' title='bbox 2573 673 2680 726; x_wconf 86' lang='grc' dir='ltr'><em>τοῦ</em></span> <span class='ocrx_word' id='word_1_241' title='bbox 2720 673 3034 742; x_wconf 79' lang='grc' dir='ltr'><strong><em>συλλόγου</em></strong></span> <span class='ocrx_word' id='word_1_242' title='bbox 3077 670 3390 741; x_wconf 86' lang='grc' dir='ltr'><em>παρεστὼς</em></span> <span class='ocrx_word' id='word_1_243' title='bbox 3423 671 3580 724; x_wconf 75' lang='grc' dir='ltr'><em>οὕτω</em></span> <span class='ocrx_word' id='word_1_244' title='bbox 3613 670 3748 734; x_wconf 83' lang='grc' dir='ltr'><em>ταῖς</em></span> 
     </span>
    </p>
   </div>
   <div class='ocr_carea' id='block_1_36' title="bbox 2145 761 3746 832">
    <p class='ocr_par' dir='ltr' id='par_1_36' title="bbox 2145 761 3746 832">
     <span class='ocr_line' id='line_1_36' title="bbox 2145 761 3746 832; baseline -0.002 -16"><span class='ocrx_word' id='word_1_245' title='bbox 2145 763 2409 829; x_wconf 78' lang='grc' dir='ltr'><strong><em>ἐννοίαις</em></strong></span> <span class='ocrx_word' id='word_1_246' title='bbox 2443 763 2610 832; x_wconf 85' lang='grc' dir='ltr'><em>ὑμῶν</em></span> <span class='ocrx_word' id='word_1_247' title='bbox 2631 763 3093 826; x_wconf 73' lang='grc' dir='ltr'><em>ἀνατιιπούσθω,</em></span> <span class='ocrx_word' id='word_1_248' title='bbox 3116 762 3458 827; x_wconf 82' lang='grc' dir='ltr'><em>ἐπιδεικνὺς</em></span> <span class='ocrx_word' id='word_1_249' title='bbox 3479 762 3599 829; x_wconf 86' lang='grc' dir='ltr'><em>μὲν</em></span> <span class='ocrx_word' id='word_1_250' title='bbox 3627 761 3746 828; x_wconf 81' lang='grc' dir='ltr'><em>τὴν</em></span> 
     </span>
    </p>
   </div>
   <div class='ocr_carea' id='block_1_37' title="bbox 2147 851 3744 924">
    <p class='ocr_par' dir='ltr' id='par_1_37' title="bbox 2147 851 3744 924">
     <span class='ocr_line' id='line_1_37' title="bbox 2147 851 3744 924; baseline -0.003 -16"><span class='ocrx_word' id='word_1_251' title='bbox 2147 853 2398 924; x_wconf 78' lang='grc' dir='ltr'><em>σφαγὴν</em></span> <span class='ocrx_word' id='word_1_252' title='bbox 2441 855 2538 908; x_wconf 80' lang='grc' dir='ltr'><em>καὶ</em></span> <span class='ocrx_word' id='word_1_253' title='bbox 2581 855 2647 912; x_wconf 87' lang='grc' dir='ltr'><em>τὸ</em></span> <span class='ocrx_word' id='word_1_254' title='bbox 2676 853 2899 921; x_wconf 84' lang='grc' dir='ltr'><em>στῆθος</em></span> <span class='ocrx_word' id='word_1_255' title='bbox 2930 854 2976 885; x_wconf 68' lang='grc'>⁸³</span> <span class='ocrx_word' id='word_1_256' title='bbox 3014 853 3113 908; x_wconf 79' lang='grc' dir='ltr'><strong><em>καὶ</em></strong></span> <span class='ocrx_word' id='word_1_257' title='bbox 3165 854 3272 906; x_wconf 85' lang='grc' dir='ltr'><em>τὸν</em></span> <span class='ocrx_word' id='word_1_258' title='bbox 3324 851 3576 921; x_wconf 90' lang='grc' dir='ltr'><em>αὺχένα,</em></span> <span class='ocrx_word' id='word_1_259' title='bbox 3621 853 3744 904; x_wconf 73' lang='grc' dir='ltr'><em>ἰκε-</em></span> 
     </span>
    </p>
   </div>
   <div class='ocr_carea' id='block_1_38' title="bbox 2145 940 3742 1014">
    <p class='ocr_par' dir='ltr' id='par_1_38' title="bbox 2145 940 3742 1014">
     <span class='ocr_line' id='line_1_38' title="bbox 2145 940 3742 1014; baseline -0.002 -18"><span class='ocrx_word' id='word_1_260' title='bbox 2145 946 2336 997; x_wconf 87' lang='grc' dir='ltr'><strong><em>τεύων</em></strong></span> <span class='ocrx_word' id='word_1_261' title='bbox 2366 943 2435 997; x_wconf 81' lang='grc' dir='ltr'><em>δὲ</em></span> <span class='ocrx_word' id='word_1_262' title='bbox 2463 944 2528 998; x_wconf 87' lang='grc' dir='ltr'><strong><em>τὸ</em></strong></span> <span class='ocrx_word' id='word_1_263' title='bbox 2572 945 2886 1013; x_wconf 74' lang='grc' dir='ltr'><em>ὁμόφυλον</em></span> <span class='ocrx_word' id='word_1_264' title='bbox 2915 944 3034 998; x_wconf 88' lang='grc' dir='ltr'><em>νῦν</em></span> <span class='ocrx_word' id='word_1_265' title='bbox 3067 943 3218 1014; x_wconf 86' lang='grc' dir='ltr'><em>γοῦν</em></span> <span class='ocrx_word' id='word_1_266' title='bbox 3274 943 3560 996; x_wconf 75' lang='grc' dir='ltr'><em>τίσασθαι</em></span> <span class='ocrx_word' id='word_1_267' title='bbox 3601 940 3742 1007; x_wconf 84' lang='grc' dir='ltr'><em>τοὺς</em></span> 
     </span>
    </p>
   </div>
   <div class='ocr_carea' id='block_1_39' title="bbox 2146 1030 3742 1103">
    <p class='ocr_par' dir='ltr' id='par_1_39' title="bbox 2146 1030 3742 1103">
     <span class='ocr_line' id='line_1_39' title="bbox 2146 1030 3742 1103; baseline -0.001 -17"><span class='ocrx_word' id='word_1_268' title='bbox 2146 1035 2494 1103; x_wconf 87' lang='grc' dir='ltr'><em>πολεμίους.</em></span> <span class='ocrx_word' id='word_1_269' title='bbox 2527 1030 2673 1088; x_wconf 81' lang='grc' dir='ltr'><em>Εϊτα</em></span> <span class='ocrx_word' id='word_1_270' title='bbox 2718 1036 2809 1101; x_wconf 88' lang='grc' dir='ltr'><strong><em>τίς</em></strong></span> <span class='ocrx_word' id='word_1_271' title='bbox 2843 1031 2921 1088; x_wconf 86' lang='grc' dir='ltr'><em>ἂν</em></span> <span class='ocrx_word' id='word_1_272' title='bbox 2951 1032 3121 1102; x_wconf 86' lang='grc' dir='ltr'><em>ὑμῶν</em></span> <span class='ocrx_word' id='word_1_273' title='bbox 3151 1033 3196 1064; x_wconf 61' lang='grc'><strong><em>⁸³</em></strong></span> <span class='ocrx_word' id='word_1_274' title='bbox 3229 1032 3584 1098; x_wconf 81' lang='grc' dir='ltr'><em>άποδέξοιτο</em></span> <span class='ocrx_word' id='word_1_275' title='bbox 3613 1033 3742 1085; x_wconf 80' lang='grc' dir='ltr'><em>δια-</em></span> 
     </span>
    </p>
   </div>
   <div class='ocr_carea' id='block_1_40' title="bbox 2147 1123 3743 1196">
    <p class='ocr_par' dir='ltr' id='par_1_40' title="bbox 2147 1123 3743 1196">
     <span class='ocr_line' id='line_1_40' title="bbox 2147 1123 3743 1196; baseline -0.002 -17"><span class='ocrx_word' id='word_1_276' title='bbox 2147 1127 2499 1194; x_wconf 87' lang='grc' dir='ltr'><em>πορούντων</em></span> <span class='ocrx_word' id='word_1_277' title='bbox 2547 1127 2646 1180; x_wconf 80' lang='grc' dir='ltr'><em>καὶ</em></span> <span class='ocrx_word' id='word_1_278' title='bbox 2678 1125 3117 1196; x_wconf 79' lang='grc' dir='ltr'><em>σκοπουμένων</em></span> <span class='ocrx_word' id='word_1_279' title='bbox 3146 1125 3212 1191; x_wconf 69' lang='grc'><strong><em>⁸⁵,</em></strong></span> <span class='ocrx_word' id='word_1_280' title='bbox 3243 1127 3296 1178; x_wconf 84' lang='grc' dir='ltr'><em>εὶ</em></span> <span class='ocrx_word' id='word_1_281' title='bbox 3325 1124 3559 1178; x_wconf 86' lang='grc' dir='ltr'><em>δίκαιον</em></span> <span class='ocrx_word' id='word_1_282' title='bbox 3590 1123 3743 1192; x_wconf 87' lang='grc' dir='ltr'><em>πρὸς</em></span> 
     </span>
    </p>
   </div>
   <div class='ocr_carea' id='block_1_41' title="bbox 2147 1220 3741 1293">
    <p class='ocr_par' dir='ltr' id='par_1_41' title="bbox 2147 1220 3741 1293">
     <span class='ocr_line' id='line_1_41' title="bbox 2147 1220 3741 1293; baseline -0.001 -18"><span class='ocrx_word' id='word_1_283' title='bbox 2147 1220 2265 1276; x_wconf 86' lang='grc' dir='ltr'><strong><em>τῶν</em></strong></span> <span class='ocrx_word' id='word_1_284' title='bbox 2286 1224 2538 1290; x_wconf 81' lang='grc' dir='ltr'><em>Κόλχων</em></span> <span class='ocrx_word' id='word_1_285' title='bbox 2569 1224 2773 1278; x_wconf 82' lang='grc' dir='ltr'><em>οίιιτου</em></span> <span class='ocrx_word' id='word_1_286' title='bbox 2797 1222 3008 1293; x_wconf 78' lang='grc' dir='ltr'><strong><em>τυχεῖν</em></strong></span> <span class='ocrx_word' id='word_1_287' title='bbox 3029 1222 3138 1277; x_wconf 83' lang='grc' dir='ltr'><em>τὸν</em></span> <span class='ocrx_word' id='word_1_288' title='bbox 3167 1220 3481 1290; x_wconf 81' lang='grc' dir='ltr'><em>Γουϐἁζην</em></span> <span class='ocrx_word' id='word_1_289' title='bbox 3502 1239 3521 1284; x_wconf 88' lang='grc'><strong><em>;</em></strong></span> <span class='ocrx_word' id='word_1_290' title='bbox 3545 1223 3741 1275; x_wconf 83' lang='grc' dir='ltr'><em>Εὐλα-</em></span> 
     </span>
    </p>
   </div>
   <div class='ocr_carea' id='block_1_42' title="bbox 2145 1311 3737 1384">
    <p class='ocr_par' dir='ltr' id='par_1_42' title="bbox 2145 1311 3737 1384">
     <span class='ocr_line' id='line_1_42' title="bbox 2145 1311 3737 1384; baseline 0.001 -20"><span class='ocrx_word' id='word_1_291' title='bbox 2145 1313 2362 1380; x_wconf 82' lang='grc' dir='ltr'><em>ϐητέον</em></span> <span class='ocrx_word' id='word_1_292' title='bbox 2398 1314 2508 1383; x_wconf 84' lang='grc' dir='ltr'><strong><em>γὰρ</em></strong></span> <span class='ocrx_word' id='word_1_293' title='bbox 2541 1314 2708 1383; x_wconf 78' lang='grc' dir='ltr'><em>ἡμῖν,</em></span> <span class='ocrx_word' id='word_1_294' title='bbox 2744 1313 2905 1381; x_wconf 86' lang='grc' dir='ltr'><em>ὅπως</em></span> <span class='ocrx_word' id='word_1_295' title='bbox 2932 1311 3021 1384; x_wconf 78' lang='grc' dir='ltr'><em>μὴ</em></span> <span class='ocrx_word' id='word_1_296' title='bbox 3049 1312 3118 1367; x_wconf 84' lang='grc' dir='ltr'><em>τὸ</em></span> <span class='ocrx_word' id='word_1_297' title='bbox 3155 1315 3266 1368; x_wconf 82' lang='grc' dir='ltr'><strong><em>οὐκ</em></strong></span> <span class='ocrx_word' id='word_1_298' title='bbox 3292 1312 3592 1379; x_wconf 81' lang='grc' dir='ltr'><em>εὐπρεπὲς</em></span> <span class='ocrx_word' id='word_1_299' title='bbox 3626 1312 3737 1382; x_wconf 56' lang='lat'><strong><em>6:7-</em></strong></span> 
     </span>
    </p>
   </div>
   <div class='ocr_carea' id='block_1_43' title="bbox 2144 1403 3739 1475">
    <p class='ocr_par' dir='ltr' id='par_1_43' title="bbox 2144 1403 3739 1475">
     <span class='ocr_line' id='line_1_43' title="bbox 2144 1403 3739 1475; baseline 0.002 -17"><span class='ocrx_word' id='word_1_300' title='bbox 2144 1407 2252 1458; x_wconf 86' lang='grc' dir='ltr'><strong><em>θεν</em></strong></span> <span class='ocrx_word' id='word_1_301' title='bbox 2306 1403 2418 1473; x_wconf 86' lang='grc' dir='ltr'><em>τῆς</em></span> <span class='ocrx_word' id='word_1_302' title='bbox 2457 1405 2886 1474; x_wconf 80' lang='grc' dir='ltr'><em>μεταστάσεως</em></span> <span class='ocrx_word' id='word_1_303' title='bbox 2927 1405 3210 1472; x_wconf 83' lang='grc' dir='ltr'><em>δεδιότες,</em></span> <span class='ocrx_word' id='word_1_304' title='bbox 3247 1405 3582 1475; x_wconf 73' lang='grc' dir='ltr'><em>μεθέξομεν</em></span> <span class='ocrx_word' id='word_1_305' title='bbox 3628 1407 3739 1462; x_wconf 82' lang='grc' dir='ltr'><strong><em>τοῦ</em></strong></span> 
     </span>
    </p>
   </div>
   <div class='ocr_carea' id='block_1_44' title="bbox 2141 1493 3741 1567">
    <p class='ocr_par' dir='ltr' id='par_1_44' title="bbox 2141 1493 3741 1567">
     <span class='ocr_line' id='line_1_44' title="bbox 2141 1493 3741 1567; baseline 0.003 -19"><span class='ocrx_word' id='word_1_306' title='bbox 2141 1493 2501 1565; x_wconf 81' lang='grc' dir='ltr'><em>μιάσματος,</em></span> <span class='ocrx_word' id='word_1_307' title='bbox 2554 1496 3023 1567; x_wconf 81' lang='grc' dir='ltr'><em>καταπροέμενοι</em></span> <span class='ocrx_word' id='word_1_308' title='bbox 3073 1497 3173 1552; x_wconf 77' lang='lat' dir='ltr'><strong><em>real</em></strong></span> <span class='ocrx_word' id='word_1_309' title='bbox 3209 1498 3502 1567; x_wconf 80' lang='grc' dir='ltr'><em>παρέντες</em></span> <span class='ocrx_word' id='word_1_310' title='bbox 3544 1497 3611 1552; x_wconf 83' lang='grc' dir='ltr'><em>τὸ</em></span> <span class='ocrx_word' id='word_1_311' title='bbox 3655 1516 3741 1553; x_wconf 85' lang='grc' dir='ltr'><em>τι-</em></span> 
     </span>
    </p>
   </div>
   <div class='ocr_carea' id='block_1_45' title="bbox 2139 1587 3738 1658">
    <p class='ocr_par' dir='ltr' id='par_1_45' title="bbox 2139 1587 3738 1658">
     <span class='ocr_line' id='line_1_45' title="bbox 2139 1587 3738 1658; baseline 0.004 -19"><span class='ocrx_word' id='word_1_312' title='bbox 2139 1587 2360 1657; x_wconf 81' lang='grc' dir='ltr'><em>μωρεῖν</em></span> <span class='ocrx_word' id='word_1_313' title='bbox 2417 1587 2500 1653; x_wconf 86' lang='grc' dir='ltr'><em>τῷ</em></span> <span class='ocrx_word' id='word_1_314' title='bbox 2559 1590 2872 1657; x_wconf 81' lang='grc' dir='ltr'><em>τεθνηκότι</em></span> <span class='ocrx_word' id='word_1_315' title='bbox 2893 1629 2910 1655; x_wconf 97' lang='grc'><strong><em>,</em></strong></span> <span class='ocrx_word' id='word_1_316' title='bbox 2979 1588 3078 1644; x_wconf 85' lang='lat' dir='ltr'><strong><em>real</em></strong></span> <span class='ocrx_word' id='word_1_317' title='bbox 3140 1589 3383 1658; x_wconf 85' lang='grc' dir='ltr'><em>μᾶλλον</em></span> <span class='ocrx_word' id='word_1_318' title='bbox 3448 1589 3738 1646; x_wconf 81' lang='grc' dir='ltr'><em>ἐντεῦθεν</em></span> 
     </span>
    </p>
   </div>
   <div class='ocr_carea' id='block_1_46' title="bbox 2143 1677 3742 1752">
    <p class='ocr_par' dir='ltr' id='par_1_46' title="bbox 2143 1677 3742 1752">
     <span class='ocr_line' id='line_1_46' title="bbox 2143 1677 3742 1752; baseline 0.003 -21"><span class='ocrx_word' id='word_1_319' title='bbox 2143 1677 2384 1733; x_wconf 79' lang='grc' dir='ltr'><em>ἄπιστοι</em></span> <span class='ocrx_word' id='word_1_320' title='bbox 2425 1679 2682 1750; x_wconf 79' lang='grc' dir='ltr'><em>δόξομεν</em></span> <span class='ocrx_word' id='word_1_321' title='bbox 2710 1681 2775 1748; x_wconf 71' lang='grc'><strong><em>⁸⁸,</em></strong></span> <span class='ocrx_word' id='word_1_322' title='bbox 2813 1681 2867 1735; x_wconf 84' lang='lat' dir='ltr'><strong><em>el</em></strong></span> <span class='ocrx_word' id='word_1_323' title='bbox 2913 1697 2981 1752; x_wconf 84' lang='grc' dir='ltr'><strong><em>γε</em></strong></span> <span class='ocrx_word' id='word_1_324' title='bbox 3039 1679 3120 1746; x_wconf 82' lang='grc' dir='ltr'><em>τῷ</em></span> <span class='ocrx_word' id='word_1_325' title='bbox 3173 1681 3292 1745; x_wconf 83' lang='grc' dir='ltr'><strong><em>βίῳ</em></strong></span> <span class='ocrx_word' id='word_1_326' title='bbox 3331 1681 3528 1750; x_wconf 86' lang='grc' dir='ltr'><em>μόνον</em></span> <span class='ocrx_word' id='word_1_327' title='bbox 3584 1683 3742 1736; x_wconf 79' lang='grc' dir='ltr'><em>ἐκει-</em></span> 
     </span>
    </p>
   </div>
   <div class='ocr_carea' id='block_1_47' title="bbox 2144 1768 3738 1842">
    <p class='ocr_par' dir='ltr' id='par_1_47' title="bbox 2144 1768 3738 1842">
     <span class='ocr_line' id='line_1_47' title="bbox 2144 1768 3738 1842; baseline 0.004 -21"><span class='ocrx_word' id='word_1_328' title='bbox 2144 1784 2257 1822; x_wconf 88' lang='grc' dir='ltr'><strong><em>νου</em></strong></span> <span class='ocrx_word' id='word_1_329' title='bbox 2292 1768 2404 1836; x_wconf 51' lang='lat' dir='ltr'><strong><em>ripe</em></strong></span> <span class='ocrx_word' id='word_1_330' title='bbox 2431 1769 2582 1839; x_wconf 88' lang='grc' dir='ltr'><em>πρὸς</em></span> <span class='ocrx_word' id='word_1_331' title='bbox 2609 1771 2795 1826; x_wconf 81' lang='grc' dir='ltr'><em>αὐτὸν</em></span> <span class='ocrx_word' id='word_1_332' title='bbox 2841 1773 3144 1828; x_wconf 71' lang='grc' dir='ltr'><em>οἰκείοισιν</em></span> <span class='ocrx_word' id='word_1_333' title='bbox 3182 1772 3738 1842; x_wconf 81' lang='grc' dir='ltr'><em>ἁναμετρήσαντες,</em></span> 
     </span>
    </p>
   </div>
   <div class='ocr_carea' id='block_1_48' title="bbox 2076 1847 3742 1934">
    <p class='ocr_par' dir='ltr' id='par_1_48' title="bbox 2076 1847 3742 1934">
     <span class='ocr_line' id='line_1_48' title="bbox 2076 1847 3742 1934; baseline 0.004 -21"><span class='ocrx_word' id='word_1_334' title='bbox 2076 1847 2117 1901; x_wconf 80' lang='grc' dir='ltr'><strong>Β</strong></span> <span class='ocrx_word' id='word_1_335' title='bbox 2144 1862 2660 1933; x_wconf 84' lang='grc' dir='ltr'><em>συναποϐάλωμεν</em></span> <span class='ocrx_word' id='word_1_336' title='bbox 2715 1861 2876 1930; x_wconf 85' lang='grc' dir='ltr'><strong><em>αὺτῷ</em></strong></span> <span class='ocrx_word' id='word_1_337' title='bbox 2941 1865 3040 1919; x_wconf 79' lang='lat' dir='ltr'><strong><em>real</em></strong></span> <span class='ocrx_word' id='word_1_338' title='bbox 3107 1863 3222 1932; x_wconf 81' lang='grc' dir='ltr'><em>τὴν</em></span> <span class='ocrx_word' id='word_1_339' title='bbox 3287 1865 3561 1934; x_wconf 82' lang='grc' dir='ltr'><em>μνήμην.</em></span> <span class='ocrx_word' id='word_1_340' title='bbox 3621 1869 3742 1920; x_wconf 83' lang='grc' dir='ltr'><strong><em>Κα-</em></strong></span> 
     </span>
    </p>
   </div>
   <div class='ocr_carea' id='block_1_49' title="bbox 2141 1951 3740 2027">
    <p class='ocr_par' dir='ltr' id='par_1_49' title="bbox 2141 1951 3740 2027">
     <span class='ocr_line' id='line_1_49' title="bbox 2141 1951 3740 2027; baseline 0.005 -22"><span class='ocrx_word' id='word_1_341' title='bbox 2141 1951 2265 2019; x_wconf 84' lang='grc' dir='ltr'><em>λῶς</em></span> <span class='ocrx_word' id='word_1_342' title='bbox 2290 1954 2408 2023; x_wconf 77' lang='grc' dir='ltr'><em>μὲν</em></span> <span class='ocrx_word' id='word_1_343' title='bbox 2438 1955 2549 2025; x_wconf 86' lang='grc' dir='ltr'><em>γὰρ</em></span> <span class='ocrx_word' id='word_1_344' title='bbox 2583 1954 2702 2010; x_wconf 84' lang='grc' dir='ltr'><em>τῶν</em></span> <span class='ocrx_word' id='word_1_345' title='bbox 2727 1956 3087 2027; x_wconf 75' lang='grc' dir='ltr'><em>πραγμάτων</em></span> <span class='ocrx_word' id='word_1_346' title='bbox 3127 1958 3504 2026; x_wconf 74' lang='grc' dir='ltr'><em>χωρούντων,</em></span> <span class='ocrx_word' id='word_1_347' title='bbox 3531 1959 3740 2026; x_wconf 82' lang='grc' dir='ltr'><em>πολλὴ</em></span> 
     </span>
    </p>
   </div>
   <div class='ocr_carea' id='block_1_50' title="bbox 2142 2047 3741 2118">
    <p class='ocr_par' dir='ltr' id='par_1_50' title="bbox 2142 2047 3741 2118">
     <span class='ocr_line' id='line_1_50' title="bbox 2142 2047 3741 2118; baseline 0.002 -18"><span class='ocrx_word' id='word_1_348' title='bbox 2142 2047 2316 2101; x_wconf 83' lang='grc' dir='ltr'><em>ἄνοια</em></span> <span class='ocrx_word' id='word_1_349' title='bbox 2376 2047 2446 2102; x_wconf 79' lang='grc' dir='ltr'><em>τὰ</em></span> <span class='ocrx_word' id='word_1_350' title='bbox 2506 2048 2971 2118; x_wconf 79' lang='grc' dir='ltr'><em>προεγνωσμένα</em></span> <span class='ocrx_word' id='word_1_351' title='bbox 3003 2047 3504 2118; x_wconf 75' lang='grc' dir='ltr'><em>μεταμανθάνεινο</em></span> <span class='ocrx_word' id='word_1_352' title='bbox 3557 2048 3741 2103; x_wconf 75' lang='grc' dir='ltr'><em>ἐναν·</em></span> 
     </span>
    </p>
   </div>
   <div class='ocr_carea' id='block_1_51' title="bbox 2143 2137 3776 2210">
    <p class='ocr_par' dir='ltr' id='par_1_51' title="bbox 2143 2137 3776 2210">
     <span class='ocr_line' id='line_1_51' title="bbox 2143 2137 3776 2210; baseline 0.002 -20"><span class='ocrx_word' id='word_1_353' title='bbox 2143 2138 2280 2204; x_wconf 87' lang='grc' dir='ltr'><em>τίως</em></span> <span class='ocrx_word' id='word_1_354' title='bbox 2314 2138 2382 2192; x_wconf 89' lang='grc' dir='ltr'><strong><em>δέ</em></strong></span> <span class='ocrx_word' id='word_1_355' title='bbox 2417 2153 2535 2194; x_wconf 90' lang='grc' dir='ltr'><strong><em>που</em></strong></span> <span class='ocrx_word' id='word_1_356' title='bbox 2565 2139 2929 2209; x_wconf 68' lang='grc' dir='ltr'><em>φερομένων,</em></span> <span class='ocrx_word' id='word_1_357' title='bbox 2960 2141 3318 2209; x_wconf 74' lang='grc' dir='ltr'><em>ἀσύμφορον</em></span> <span class='ocrx_word' id='word_1_358' title='bbox 3344 2137 3506 2210; x_wconf 79' lang='grc' dir='ltr'><em>οἶμαι</em></span> <span class='ocrx_word' id='word_1_359' title='bbox 3536 2140 3604 2193; x_wconf 84' lang='grc' dir='ltr'><em>τὸ</em></span> <span class='ocrx_word' id='word_1_360' title='bbox 3647 2139 3738 2209; x_wconf 77' lang='grc' dir='ltr'><em>μὴ</em></span> <span class='ocrx_word' id='word_1_361' title='bbox 3773 2179 3776 2181; x_wconf 51' lang='grc' dir='ltr'><strong><em>μ</em></strong></span> 
     </span>
    </p>
   </div>
   <div class='ocr_carea' id='block_1_52' title="bbox 2140 2227 3740 2299">
    <p class='ocr_par' dir='ltr' id='par_1_52' title="bbox 2140 2227 3740 2299">
     <span class='ocr_line' id='line_1_52' title="bbox 2140 2227 3740 2299; baseline 0.002 -19"><span class='ocrx_word' id='word_1_362' title='bbox 2140 2228 2279 2297; x_wconf 76' lang='grc' dir='ltr'><em>οὐχὶ</em></span> <span class='ocrx_word' id='word_1_363' title='bbox 2334 2227 2550 2284; x_wconf 85' lang='grc' dir='ltr'><em>θᾶττον</em></span> <span class='ocrx_word' id='word_1_364' title='bbox 2610 2227 2962 2299; x_wconf 77' lang='grc' dir='ltr'><em>ἁρμόζεσθαι</em></span> <span class='ocrx_word' id='word_1_365' title='bbox 3006 2228 3086 2294; x_wconf 83' lang='grc' dir='ltr'><em>τῷ</em></span> <span class='ocrx_word' id='word_1_366' title='bbox 3133 2228 3598 2296; x_wconf 85' lang='grc' dir='ltr'><em>προσπίπτοντι.</em></span> <span class='ocrx_word' id='word_1_367' title='bbox 3667 2227 3740 2283; x_wconf 80' lang='grc' dir='ltr'><strong><em>Τὸ</em></strong></span> 
     </span>
    </p>
   </div>
   <div class='ocr_carea' id='block_1_53' title="bbox 2143 2318 3742 2390">
    <p class='ocr_par' dir='ltr' id='par_1_53' title="bbox 2143 2318 3742 2390">
     <span class='ocr_line' id='line_1_53' title="bbox 2143 2318 3742 2390; baseline 0.001 -17"><span class='ocrx_word' id='word_1_368' title='bbox 2143 2318 2252 2390; x_wconf 82' lang='grc' dir='ltr'><em>γὰρ</em></span> <span class='ocrx_word' id='word_1_369' title='bbox 2295 2319 2544 2384; x_wconf 79' lang='grc' dir='ltr'><em>,βέϐαιον</em></span> <span class='ocrx_word' id='word_1_370' title='bbox 2580 2319 2649 2374; x_wconf 82' lang='grc' dir='ltr'><em>ἐν</em></span> <span class='ocrx_word' id='word_1_371' title='bbox 2682 2319 2762 2386; x_wconf 85' lang='grc' dir='ltr'><em>τῷ</em></span> <span class='ocrx_word' id='word_1_372' title='bbox 2799 2322 3032 2390; x_wconf 83' lang='grc' dir='ltr'><em>εὐλόγῳ</em></span> <span class='ocrx_word' id='word_1_373' title='bbox 3089 2320 3396 2389; x_wconf 80' lang='grc' dir='ltr'><em>κρίνεσθαι</em></span> <span class='ocrx_word' id='word_1_374' title='bbox 3441 2319 3582 2388; x_wconf 75' lang='grc' dir='ltr'><em>χρὴ,</em></span> <span class='ocrx_word' id='word_1_375' title='bbox 3638 2319 3742 2374; x_wconf 71' lang='grc' dir='ltr'><strong><em>καὶ</em></strong></span> 
     </span>
    </p>
   </div>
   <div class='ocr_carea' id='block_1_54' title="bbox 2142 2410 3741 2481">
    <p class='ocr_par' dir='ltr' id='par_1_54' title="bbox 2142 2410 3741 2481">
     <span class='ocr_line' id='line_1_54' title="bbox 2142 2410 3741 2481; baseline 0 -17"><span class='ocrx_word' id='word_1_376' title='bbox 2142 2412 2206 2464; x_wconf 84' lang='grc' dir='ltr'><em>τὸ</em></span> <span class='ocrx_word' id='word_1_377' title='bbox 2267 2411 2640 2480; x_wconf 77' lang='grc' dir='ltr'><em>ἐγκαρτερεῖν</em></span> <span class='ocrx_word' id='word_1_378' title='bbox 2680 2411 2806 2477; x_wconf 87' lang='grc' dir='ltr'><em>τοῖς</em></span> <span class='ocrx_word' id='word_1_379' title='bbox 2863 2411 3167 2481; x_wconf 79' lang='grc' dir='ltr'><em>παροῦσιν</em></span> <span class='ocrx_word' id='word_1_380' title='bbox 3221 2413 3332 2466; x_wconf 84' lang='grc' dir='ltr'><strong><em>οὐκ</em></strong></span> <span class='ocrx_word' id='word_1_381' title='bbox 3383 2410 3741 2464; x_wconf 79' lang='grc' dir='ltr'><em>ἐπαινετέον</em></span> 
     </span>
    </p>
   </div>
   <div class='ocr_carea' id='block_1_55' title="bbox 2141 2499 3741 2570">
    <p class='ocr_par' dir='ltr' id='par_1_55' title="bbox 2141 2499 3741 2570">
     <span class='ocr_line' id='line_1_55' title="bbox 2141 2499 3741 2570; baseline 0.001 -16"><span class='ocrx_word' id='word_1_382' title='bbox 2141 2500 2255 2564; x_wconf 80' lang='grc' dir='ltr'><em>ἀεὶ,</em></span> <span class='ocrx_word' id='word_1_383' title='bbox 2288 2500 2424 2556; x_wconf 77' lang='grc' dir='ltr'><em>ἀλλ’</em></span> <span class='ocrx_word' id='word_1_384' title='bbox 2453 2499 2551 2553; x_wconf 85' lang='grc' dir='ltr'><em>ὅτε</em></span> <span class='ocrx_word' id='word_1_385' title='bbox 2593 2500 2893 2569; x_wconf 72' lang='grc' dir='ltr'><em>φρονήσει·</em></span> <span class='ocrx_word' id='word_1_386' title='bbox 2929 2502 3503 2570; x_wconf 84' lang='grc' dir='ltr'><em>συμπαραγίγνεται.</em></span> <span class='ocrx_word' id='word_1_387' title='bbox 3553 2502 3741 2555; x_wconf 76' lang='grc' dir='ltr'><em>Ἔνθα</em></span> 
     </span>
    </p>
   </div>
   <div class='ocr_carea' id='block_1_56' title="bbox 2141 2587 3738 2664">
    <p class='ocr_par' dir='ltr' id='par_1_56' title="bbox 2141 2587 3738 2664">
     <span class='ocr_line' id='line_1_56' title="bbox 2141 2587 3738 2664; baseline 0.003 -19"><span class='ocrx_word' id='word_1_388' title='bbox 2141 2592 2211 2645; x_wconf 82' lang='grc' dir='ltr'><em>δὲ</em></span> <span class='ocrx_word' id='word_1_389' title='bbox 2259 2594 2575 2662; x_wconf 83' lang='grc' dir='ltr'><em>συμϐαίνει</em></span> <span class='ocrx_word' id='word_1_390' title='bbox 2619 2587 2705 2646; x_wconf 89' lang='grc' dir='ltr'><em>ὧν</em></span> <span class='ocrx_word' id='word_1_391' title='bbox 2757 2593 2876 2663; x_wconf 85' lang='grc' dir='ltr'><strong><em>μὲν</em></strong></span> <span class='ocrx_word' id='word_1_392' title='bbox 2928 2594 3025 2648; x_wconf 84' lang='grc' dir='ltr'><strong><em>δεῖ</em></strong></span> <span class='ocrx_word' id='word_1_393' title='bbox 3050 2593 3394 2664; x_wconf 79' lang='grc' dir='ltr'><em>μεμνῆσθαι</em></span> <span class='ocrx_word' id='word_1_394' title='bbox 3428 2592 3738 2664; x_wconf 83' lang='grc' dir='ltr'><em>περιορᾲν,</em></span> 
     </span>
    </p>
   </div>
   <div class='ocr_carea' id='block_1_57' title="bbox 2141 2681 3739 2752">
    <p class='ocr_par' dir='ltr' id='par_1_57' title="bbox 2141 2681 3739 2752">
     <span class='ocr_line' id='line_1_57' title="bbox 2141 2681 3739 2752; baseline 0.001 -17"><span class='ocrx_word' id='word_1_395' title='bbox 2141 2681 2386 2752; x_wconf 75' lang='grc' dir='ltr'><em>ἔχεσθαι</em></span> <span class='ocrx_word' id='word_1_396' title='bbox 2437 2681 2505 2735; x_wconf 86' lang='grc' dir='ltr'><em>δὲ</em></span> <span class='ocrx_word' id='word_1_397' title='bbox 2557 2682 2674 2735; x_wconf 87' lang='grc' dir='ltr'><em>τῶν</em></span> <span class='ocrx_word' id='word_1_398' title='bbox 2710 2685 2782 2736; x_wconf 85' lang='grc' dir='ltr'><em>οὐ</em></span> <span class='ocrx_word' id='word_1_399' title='bbox 2823 2685 3276 2752; x_wconf 80' lang='grc' dir='ltr'><em>προσηκόντων,</em></span> <span class='ocrx_word' id='word_1_400' title='bbox 3307 2681 3571 2737; x_wconf 74' lang='grc' dir='ltr'><em>ἐνταῦθα</em></span> <span class='ocrx_word' id='word_1_401' title='bbox 3627 2683 3739 2737; x_wconf 83' lang='grc' dir='ltr'><em>τοῦ</em></span> 
     </span>
    </p>
   </div>
   <div class='ocr_carea' id='block_1_58' title="bbox 2136 2773 3738 2844">
    <p class='ocr_par' dir='ltr' id='par_1_58' title="bbox 2136 2773 3738 2844">
     <span class='ocr_line' id='line_1_58' title="bbox 2136 2773 3738 2844; baseline 0.001 -17"><span class='ocrx_word' id='word_1_402' title='bbox 2136 2774 2504 2844; x_wconf 75' lang='grc' dir='ltr'><em>μεταϐάντες</em></span> <span class='ocrx_word' id='word_1_403' title='bbox 2554 2775 2646 2844; x_wconf 68' lang='grc' dir='ltr'><strong><em>ἐφ’</em></strong></span> <span class='ocrx_word' id='word_1_404' title='bbox 2694 2774 2866 2844; x_wconf 81' lang='grc' dir='ltr'><em>ἕτερα</em></span> <span class='ocrx_word' id='word_1_405' title='bbox 2908 2778 2942 2830; x_wconf 87' lang='grc' dir='ltr'><strong><em>ό</em></strong></span> <span class='ocrx_word' id='word_1_406' title='bbox 2981 2774 3255 2842; x_wconf 77' lang='grc' dir='ltr'><em>βεϐηκὼς</em></span> <span class='ocrx_word' id='word_1_407' title='bbox 3295 2775 3396 2828; x_wconf 79' lang='grc' dir='ltr'><strong><em>ἐπὶ</em></strong></span> <span class='ocrx_word' id='word_1_408' title='bbox 3431 2773 3558 2840; x_wconf 86' lang='grc' dir='ltr'><em>τοῖς</em></span> <span class='ocrx_word' id='word_1_409' title='bbox 3588 2789 3738 2842; x_wconf 86' lang='grc' dir='ltr'><em>προ-</em></span> 
     </span>
    </p>
   </div>
   <div class='ocr_carea' id='block_1_59' title="bbox 2141 2860 3736 2934">
    <p class='ocr_par' dir='ltr' id='par_1_59' title="bbox 2141 2860 3736 2934">
     <span class='ocr_line' id='line_1_59' title="bbox 2141 2860 3736 2934; baseline 0.001 -17"><span class='ocrx_word' id='word_1_410' title='bbox 2141 2865 2334 2934; x_wconf 86' lang='grc' dir='ltr'><em>τέροις</em></span> <span class='ocrx_word' id='word_1_411' title='bbox 2383 2866 2807 2934; x_wconf 85' lang='grc' dir='ltr'><em>μεμπτότερος.</em></span> <span class='ocrx_word' id='word_1_412' title='bbox 2861 2865 3051 2920; x_wconf 84' lang='grc' dir='ltr'><em>Ταῦτα</em></span> <span class='ocrx_word' id='word_1_413' title='bbox 3105 2864 3183 2934; x_wconf 79' lang='grc' dir='ltr'><em>δὴ</em></span> <span class='ocrx_word' id='word_1_414' title='bbox 3237 2860 3350 2920; x_wconf 88' lang='grc' dir='ltr'><em>οὖν</em></span> <span class='ocrx_word' id='word_1_415' title='bbox 3389 2868 3442 2919; x_wconf 79' lang='grc' dir='ltr'><em>οἱ</em></span> <span class='ocrx_word' id='word_1_416' title='bbox 3505 2865 3736 2934; x_wconf 81' lang='grc' dir='ltr'><em>Πέρσαι</em></span> 
     </span>
    </p>
   </div>
   <div class='ocr_carea' id='block_1_60' title="bbox 2145 2957 3739 3028">
    <p class='ocr_par' dir='ltr' id='par_1_60' title="bbox 2145 2957 3739 3028">
     <span class='ocr_line' id='line_1_60' title="bbox 2145 2957 3739 3028; baseline 0.002 -19"><span class='ocrx_word' id='word_1_417' title='bbox 2145 2959 2590 3027; x_wconf 81' lang='grc' dir='ltr'><em>πυνθανόμενοι</em></span> <span class='ocrx_word' id='word_1_418' title='bbox 2637 2958 2788 3026; x_wconf 85' lang='grc' dir='ltr'><em>πρὸς</em></span> <span class='ocrx_word' id='word_1_419' title='bbox 2825 2957 2996 3028; x_wconf 76' lang='grc' dir='ltr'><em>ἡμῶν</em></span> <span class='ocrx_word' id='word_1_420' title='bbox 3043 2957 3145 3012; x_wconf 77' lang='grc' dir='ltr'><em>καὶ</em></span> <span class='ocrx_word' id='word_1_421' title='bbox 3177 2958 3518 3024; x_wconf 85' lang='grc' dir='ltr'><em>συνίεντες,</em></span> <span class='ocrx_word' id='word_1_422' title='bbox 3561 2958 3739 3026; x_wconf 80' lang='grc' dir='ltr'><em>στέρ-</em></span> 
     </span>
    </p>
   </div>
   <div class='ocr_carea' id='block_1_61' title="bbox 2142 3052 3734 3124">
    <p class='ocr_par' dir='ltr' id='par_1_61' title="bbox 2142 3052 3734 3124">
     <span class='ocr_line' id='line_1_61' title="bbox 2142 3052 3734 3124; baseline 0.001 -17"><span class='ocrx_word' id='word_1_423' title='bbox 2142 3055 2363 3118; x_wconf 78' lang='grc' dir='ltr'><em>ξουσιν</em></span> <span class='ocrx_word' id='word_1_424' title='bbox 2426 3052 2693 3122; x_wconf 56' lang='lat' dir='ltr'><strong><em>quac.&quot;</em></strong></span> <span class='ocrx_word' id='word_1_425' title='bbox 2750 3055 3010 3120; x_wconf 74' lang='grc' dir='ltr'><em>εἰκότως,</em></span> <span class='ocrx_word' id='word_1_426' title='bbox 3063 3055 3164 3108; x_wconf 77' lang='lat' dir='ltr'><strong><em>real</em></strong></span> <span class='ocrx_word' id='word_1_427' title='bbox 3212 3053 3734 3124; x_wconf 83' lang='grc' dir='ltr'><em>ὑπερμαχοῦνται,</em></span> 
     </span>
    </p>
   </div>
   <div class='ocr_carea' id='block_1_62' title="bbox 440 3153 2040 3252">
    <p class='ocr_par' dir='ltr' id='par_1_62' title="bbox 440 3169 2040 3244">
     <span class='ocr_line' id='line_1_62' title="bbox 440 3169 2040 3244; baseline -0.003 -15"><span class='ocrx_word' id='word_1_428' title='bbox 440 3179 574 3243; x_wconf 87' lang='lat' dir='ltr'><strong><em>rint,</em></strong></span> <span class='ocrx_word' id='word_1_429' title='bbox 611 3185 902 3244; x_wconf 84' lang='lat' dir='ltr'><strong><em>spontanea</em></strong></span> <span class='ocrx_word' id='word_1_430' title='bbox 937 3172 1341 3228; x_wconf 87' lang='lat' dir='ltr'><strong><em>denuntiatione</em></strong></span> <span class='ocrx_word' id='word_1_431' title='bbox 1375 3171 1432 3224; x_wconf 86' lang='lat' dir='ltr'><strong><em>in</em></strong></span> <span class='ocrx_word' id='word_1_432' title='bbox 1476 3169 1600 3224; x_wconf 89' lang='lat' dir='ltr'><strong><em>belli</em></strong></span> <span class='ocrx_word' id='word_1_433' title='bbox 1643 3170 1946 3224; x_wconf 86' lang='lat' dir='ltr'><strong><em>societatem</em></strong></span> <span class='ocrx_word' id='word_1_434' title='bbox 1975 3172 2040 3225; x_wconf 92' lang='lat' dir='ltr'><strong><em>ab</em></strong></span> 
     </span>
    </p>
   </div>
   <div class='ocr_carea' id='block_1_63' title="bbox 2141 3153 3734 3252">
    <p class='ocr_par' dir='ltr' id='par_1_63' title="bbox 2144 3153 3734 3238">
     <span class='ocr_line' id='line_1_63' title="bbox 2144 3153 3734 3238; baseline 0.001 -31"><span class='ocrx_word' id='word_1_435' title='bbox 2144 3154 2404 3238; x_wconf 87' lang='grc' dir='ltr'><em>χρηστοί</em></span> <span class='ocrx_word' id='word_1_436' title='bbox 2443 3170 2507 3208; x_wconf 91' lang='grc' dir='ltr'><strong><em>τε</em></strong></span> <span class='ocrx_word' id='word_1_437' title='bbox 2549 3153 2594 3186; x_wconf 67' lang='grc'><strong><em>⁸⁸</em></strong></span> <span class='ocrx_word' id='word_1_438' title='bbox 2629 3154 2802 3220; x_wconf 82' lang='grc' dir='ltr'><em>ὄντες</em></span> <span class='ocrx_word' id='word_1_439' title='bbox 2842 3153 2940 3208; x_wconf 77' lang='grc' dir='ltr'><em>καὶ</em></span> <span class='ocrx_word' id='word_1_440' title='bbox 2973 3154 3446 3223; x_wconf 72' lang='grc' dir='ltr'><em>μεγαλόφρονες,</em></span> <span class='ocrx_word' id='word_1_441' title='bbox 3480 3154 3581 3209; x_wconf 79' lang='lat' dir='ltr'><strong><em>real</em></strong></span> <span class='ocrx_word' id='word_1_442' title='bbox 3612 3154 3734 3209; x_wconf 68' lang='grc' dir='ltr'><em>δεισ</em></span> 
     </span>
    </p>
   </div>
   <div class='ocr_carea' id='block_1_64' title="bbox 440 3249 2040 3337">
    <p class='ocr_par' dir='ltr' id='par_1_64' title="bbox 440 3260 2040 3337">
     <span class='ocr_line' id='line_1_64' title="bbox 440 3260 2040 3337; baseline -0.002 -17"><span class='ocrx_word' id='word_1_443' title='bbox 440 3268 572 3337; x_wconf 83' lang='lat' dir='ltr'><strong><em>ipsis</em></strong></span> <span class='ocrx_word' id='word_1_444' title='bbox 599 3266 758 3336; x_wconf 74' lang='lat' dir='ltr'><strong><em>fuerit</em></strong></span> <span class='ocrx_word' id='word_1_445' title='bbox 786 3264 1043 3319; x_wconf 84' lang='lat' dir='ltr'><strong><em>admissa.</em></strong></span> <span class='ocrx_word' id='word_1_446' title='bbox 1077 3261 1161 3316; x_wconf 87' lang='lat' dir='ltr'><strong><em>Ne</em></strong></span> <span class='ocrx_word' id='word_1_447' title='bbox 1184 3261 1310 3332; x_wconf 89' lang='lat' dir='ltr'><strong><em>quid</em></strong></span> <span class='ocrx_word' id='word_1_448' title='bbox 1341 3262 1506 3332; x_wconf 83' lang='lat' dir='ltr'><strong><em>igitur</em></strong></span> <span class='ocrx_word' id='word_1_449' title='bbox 1537 3260 1686 3314; x_wconf 89' lang='lat' dir='ltr'><strong><em>aliud</em></strong></span> <span class='ocrx_word' id='word_1_450' title='bbox 1713 3270 1907 3331; x_wconf 68' lang='lat' dir='ltr'><strong><em>printer</em></strong></span> <span class='ocrx_word' id='word_1_451' title='bbox 1929 3262 2040 3317; x_wconf 73' lang='lat' dir='ltr'><strong><em>haec</em></strong></span> 
     </span>
    </p>
   </div>
   <div class='ocr_carea' id='block_1_65' title="bbox 2141 3249 3736 3337">
    <p class='ocr_par' dir='ltr' id='par_1_65' title="bbox 2143 3249 3736 3322">
     <span class='ocr_line' id='line_1_65' title="bbox 2143 3249 3736 3322; baseline 0.001 -16"><span class='ocrx_word' id='word_1_452' title='bbox 2143 3251 2238 3306; x_wconf 76' lang='grc' dir='ltr'><em>νοὶ</em></span> <span class='ocrx_word' id='word_1_453' title='bbox 2298 3253 2718 3321; x_wconf 82' lang='grc' dir='ltr'><em>τεκμαίρεσθαι</em></span> <span class='ocrx_word' id='word_1_454' title='bbox 2769 3254 2877 3319; x_wconf 89' lang='grc' dir='ltr'><strong><em>τὰς</em></strong></span> <span class='ocrx_word' id='word_1_455' title='bbox 2925 3251 3163 3322; x_wconf 86' lang='grc' dir='ltr'><em>γνώμας</em></span> <span class='ocrx_word' id='word_1_456' title='bbox 3200 3249 3320 3306; x_wconf 85' lang='grc' dir='ltr'><em>τῶν</em></span> <span class='ocrx_word' id='word_1_457' title='bbox 3366 3251 3582 3320; x_wconf 82' lang='grc' dir='ltr'><em>πέλας,</em></span> <span class='ocrx_word' id='word_1_458' title='bbox 3633 3253 3736 3307; x_wconf 77' lang='lat' dir='ltr'><strong><em>real</em></strong></span> 
     </span>
    </p>
   </div>
   <div class='ocr_carea' id='block_1_66' title="bbox 441 3356 2040 3430">
    <p class='ocr_par' dir='ltr' id='par_1_66' title="bbox 441 3356 2040 3430">
     <span class='ocr_line' id='line_1_66' title="bbox 441 3356 2040 3430; baseline -0.003 -16"><span class='ocrx_word' id='word_1_459' title='bbox 441 3361 703 3430; x_wconf 85' lang='lat' dir='ltr'><strong><em>cogitetis,</em></strong></span> <span class='ocrx_word' id='word_1_460' title='bbox 739 3359 828 3414; x_wconf 83' lang='lat' dir='ltr'><strong><em>sed</em></strong></span> <span class='ocrx_word' id='word_1_461' title='bbox 849 3358 1038 3412; x_wconf 89' lang='lat' dir='ltr'><strong><em>statim</em></strong></span> <span class='ocrx_word' id='word_1_462' title='bbox 1066 3372 1172 3410; x_wconf 89' lang='lat' dir='ltr'><strong><em>rem</em></strong></span> <span class='ocrx_word' id='word_1_463' title='bbox 1211 3356 1384 3425; x_wconf 91' lang='lat' dir='ltr'><strong><em>ipsam</em></strong></span> <span class='ocrx_word' id='word_1_464' title='bbox 1425 3356 1801 3426; x_wconf 83' lang='lat' dir='ltr'><strong><em>aggredimini,</em></strong></span> <span class='ocrx_word' id='word_1_465' title='bbox 1826 3365 1874 3410; x_wconf 90' lang='lat' dir='ltr'><strong><em>et</em></strong></span> <span class='ocrx_word' id='word_1_466' title='bbox 1901 3356 2040 3426; x_wconf 89' lang='lat' dir='ltr'><strong><em>quod</em></strong></span> 
     </span>
    </p>
   </div>
   <div class='ocr_carea' id='block_1_67' title="bbox 442 3443 2040 3519">
    <p class='ocr_par' dir='ltr' id='par_1_67' title="bbox 442 3443 2040 3519">
     <span class='ocr_line' id='line_1_67' title="bbox 442 3443 2040 3519; baseline -0.001 -16"><span class='ocrx_word' id='word_1_467' title='bbox 442 3450 626 3503; x_wconf 87' lang='lat' dir='ltr'><strong><em>animo</em></strong></span> <span class='ocrx_word' id='word_1_468' title='bbox 654 3449 900 3519; x_wconf 85' lang='lat' dir='ltr'><strong><em>agitastis</em></strong></span> <span class='ocrx_word' id='word_1_469' title='bbox 924 3447 1170 3517; x_wconf 88' lang='lat' dir='ltr'><strong><em>detegite.</em></strong></span> <span class='ocrx_word' id='word_1_470' title='bbox 1199 3443 1289 3500; x_wconf 85' lang='lat' dir='ltr'><strong><em>Ita</em></strong></span> <span class='ocrx_word' id='word_1_471' title='bbox 1309 3446 1449 3500; x_wconf 88' lang='lat' dir='ltr'><strong><em>enim</em></strong></span> <span class='ocrx_word' id='word_1_472' title='bbox 1469 3457 1515 3500; x_wconf 92' lang='lat' dir='ltr'><strong><em>et</em></strong></span> <span class='ocrx_word' id='word_1_473' title='bbox 1537 3462 1800 3500; x_wconf 88' lang='lat' dir='ltr'><strong><em>summam</em></strong></span> <span class='ocrx_word' id='word_1_474' title='bbox 1826 3446 2040 3501; x_wconf 89' lang='lat' dir='ltr'><strong><em>laudem</em></strong></span> 
     </span>
    </p>
   </div>
   <div class='ocr_carea' id='block_1_68' title="bbox 443 3540 2040 3615">
    <p class='ocr_par' dir='ltr' id='par_1_68' title="bbox 443 3540 2040 3615">
     <span class='ocr_line' id='line_1_68' title="bbox 443 3540 2040 3615; baseline -0.002 -17"><span class='ocrx_word' id='word_1_475' title='bbox 443 3543 828 3615; x_wconf 85' lang='lat' dir='ltr'><strong><em>consequemini</em></strong></span> <span class='ocrx_word' id='word_1_476' title='bbox 871 3557 1022 3613; x_wconf 80' lang='lat' dir='ltr'><strong><em>tequa</em></strong></span> <span class='ocrx_word' id='word_1_477' title='bbox 1036 3540 1292 3611; x_wconf 86' lang='lat' dir='ltr'><strong><em>justaque</em></strong></span> <span class='ocrx_word' id='word_1_478' title='bbox 1321 3540 1596 3608; x_wconf 83' lang='lat' dir='ltr'><strong><em>facientes,</em></strong></span> <span class='ocrx_word' id='word_1_479' title='bbox 1625 3548 1674 3594; x_wconf 88' lang='lat' dir='ltr'><strong><em>et</em></strong></span> <span class='ocrx_word' id='word_1_480' title='bbox 1713 3541 1783 3594; x_wconf 91' lang='lat' dir='ltr'><strong><em>ad</em></strong></span> <span class='ocrx_word' id='word_1_481' title='bbox 1813 3550 2040 3596; x_wconf 80' lang='lat' dir='ltr'><strong><em>uestram</em></strong></span> 
     </span>
    </p>
   </div>
   <div class='ocr_carea' id='block_1_69' title="bbox 441 3633 1341 3706">
    <p class='ocr_par' dir='ltr' id='par_1_69' title="bbox 441 3633 1341 3706">
     <span class='ocr_line' id='line_1_69' title="bbox 441 3633 1341 3706; baseline -0.004 -14"><span class='ocrx_word' id='word_1_482' title='bbox 441 3653 555 3692; x_wconf 81' lang='lat' dir='ltr'><strong><em>rem</em></strong></span> <span class='ocrx_word' id='word_1_483' title='bbox 590 3637 974 3706; x_wconf 80' lang='lat' dir='ltr'><strong><em>utilitatemque</em></strong></span> <span class='ocrx_word' id='word_1_484' title='bbox 1001 3633 1341 3704; x_wconf 84' lang='lat' dir='ltr'><strong><em>pertinentia.</em></strong></span> 
     </span>
    </p>
   </div>
   <div class='ocr_carea' id='block_1_70' title="bbox 2141 3348 3737 3419">
    <p class='ocr_par' dir='ltr' id='par_1_70' title="bbox 2141 3348 3737 3419">
     <span class='ocr_line' id='line_1_70' title="bbox 2141 3348 3737 3419; baseline 0.001 -17"><span class='ocrx_word' id='word_1_485' title='bbox 2141 3351 2290 3416; x_wconf 81' lang='grc' dir='ltr'><em>πρός</em></span> <span class='ocrx_word' id='word_1_486' title='bbox 2325 3365 2391 3418; x_wconf 73' lang='grc' dir='ltr'><strong><em>γε</em></strong></span> <span class='ocrx_word' id='word_1_487' title='bbox 2419 3349 2617 3418; x_wconf 69' lang='grc' dir='ltr'><em>χόῳαν</em></span> <span class='ocrx_word' id='word_1_488' title='bbox 2643 3349 2832 3415; x_wconf 85' lang='grc' dir='ltr'><em>οὕτως</em></span> <span class='ocrx_word' id='word_1_489' title='bbox 2858 3348 3324 3418; x_wconf 83' lang='grc' dir='ltr'><em>ἐπικαιροτάτην</em></span> <span class='ocrx_word' id='word_1_490' title='bbox 3343 3349 3442 3404; x_wconf 79' lang='lat' dir='ltr'><strong><em>real</em></strong></span> <span class='ocrx_word' id='word_1_491' title='bbox 3473 3349 3737 3419; x_wconf 83' lang='grc' dir='ltr'><em>δύναμιν</em></span> 
     </span>
    </p>
   </div>
   <div class='ocr_carea' id='block_1_71' title="bbox 2141 3442 3734 3516">
    <p class='ocr_par' dir='ltr' id='par_1_71' title="bbox 2141 3442 3734 3516">
     <span class='ocr_line' id='line_1_71' title="bbox 2141 3442 3734 3516; baseline 0.002 -18"><span class='ocrx_word' id='word_1_492' title='bbox 2141 3442 2490 3512; x_wconf 80' lang='grc' dir='ltr'><em>ἀξιόχρεων,</em></span> <span class='ocrx_word' id='word_1_493' title='bbox 2525 3444 2608 3512; x_wconf 84' lang='grc' dir='ltr'><em>ἢν</em></span> <span class='ocrx_word' id='word_1_494' title='bbox 2636 3446 2805 3499; x_wconf 72' lang='grc' dir='ltr'><em>αὐτοὶ</em></span> <span class='ocrx_word' id='word_1_495' title='bbox 2837 3446 2952 3514; x_wconf 86' lang='grc' dir='ltr'><em>πρὸ</em></span> <span class='ocrx_word' id='word_1_496' title='bbox 2993 3444 3242 3500; x_wconf 77' lang='grc' dir='ltr'><em>πολλῶν</em></span> <span class='ocrx_word' id='word_1_497' title='bbox 3272 3446 3594 3516; x_wconf 83' lang='grc' dir='ltr'><em>χρημάτων</em></span> <span class='ocrx_word' id='word_1_498' title='bbox 3631 3449 3734 3501; x_wconf 69' lang='grc' dir='ltr'><em>καὶ</em></span> 
     </span>
    </p>
   </div>
   <div class='ocr_carea' id='block_1_72' title="bbox 2142 3535 3737 3613">
    <p class='ocr_par' dir='ltr' id='par_1_72' title="bbox 2142 3535 3737 3613">
     <span class='ocr_line' id='line_1_72' title="bbox 2142 3535 3737 3613; baseline 0.002 -19"><span class='ocrx_word' id='word_1_499' title='bbox 2142 3542 2346 3595; x_wconf 86' lang='grc' dir='ltr'><em>πόνων</em></span> <span class='ocrx_word' id='word_1_500' title='bbox 2373 3541 2418 3574; x_wconf 65' lang='grc' dir='ltr'><em>δ’</em></span> <span class='ocrx_word' id='word_1_501' title='bbox 2448 3542 2615 3612; x_wconf 76' lang='grc' dir='ltr'><em>ἔχειν</em></span> <span class='ocrx_word' id='word_1_502' title='bbox 2643 3535 2944 3613; x_wconf 84' lang='grc' dir='ltr'><em>τιμῶνται,</em></span> <span class='ocrx_word' id='word_1_503' title='bbox 2986 3544 3075 3608; x_wconf 82' lang='grc' dir='ltr'><strong><em>είς</em></strong></span> <span class='ocrx_word' id='word_1_504' title='bbox 3113 3543 3468 3613; x_wconf 78' lang='grc' dir='ltr'><em>συμμαχίαν</em></span> <span class='ocrx_word' id='word_1_505' title='bbox 3511 3545 3737 3598; x_wconf 71' lang='grc' dir='ltr'><em>αὐτεπο</em></span> 
     </span>
    </p>
   </div>
   <div class='ocr_carea' id='block_1_73' title="bbox 2143 3636 3737 3710">
    <p class='ocr_par' dir='ltr' id='par_1_73' title="bbox 2143 3636 3737 3710">
     <span class='ocr_line' id='line_1_73' title="bbox 2143 3636 3737 3710; baseline 0.002 -18"><span class='ocrx_word' id='word_1_506' title='bbox 2143 3636 2438 3707; x_wconf 81' lang='grc' dir='ltr'><em>άγγελτον</em></span> <span class='ocrx_word' id='word_1_507' title='bbox 2483 3638 3081 3709; x_wconf 84' lang='grc' dir='ltr'><em>προσλαμϐάνοντες.</em></span> <span class='ocrx_word' id='word_1_508' title='bbox 3130 3638 3228 3707; x_wconf 79' lang='grc' dir='ltr'><strong><em>Μὴ</em></strong></span> <span class='ocrx_word' id='word_1_509' title='bbox 3276 3640 3490 3694; x_wconf 84' lang='grc' dir='ltr'><em>τοίνυν</em></span> <span class='ocrx_word' id='word_1_510' title='bbox 3527 3639 3737 3710; x_wconf 80' lang='grc' dir='ltr'><em>ἔτερόν</em></span> 
     </span>
    </p>
   </div>
   <div class='ocr_carea' id='block_1_74' title="bbox 444 3728 3732 3804">
    <p class='ocr_par' dir='ltr' id='par_1_74' title="bbox 444 3728 3732 3804">
     <span class='ocr_line' id='line_1_74' title="bbox 444 3728 3732 3804; baseline 0.002 -21"><span class='ocrx_word' id='word_1_511' title='bbox 444 3747 503 3785; x_wconf 78' lang='grc' dir='ltr'><strong><em>τι</em></strong></span> <span class='ocrx_word' id='word_1_512' title='bbox 529 3730 689 3800; x_wconf 85' lang='grc' dir='ltr'><em>παρὰ</em></span> <span class='ocrx_word' id='word_1_513' title='bbox 730 3730 918 3786; x_wconf 87' lang='grc' dir='ltr'><em>ταῦτα</em></span> <span class='ocrx_word' id='word_1_514' title='bbox 957 3728 1314 3793; x_wconf 85' lang='grc' dir='ltr'><em>διανοεῖσθε,</em></span> <span class='ocrx_word' id='word_1_515' title='bbox 1346 3729 1485 3784; x_wconf 84' lang='grc' dir='ltr'><em>ἀλλ’</em></span> <span class='ocrx_word' id='word_1_516' title='bbox 1516 3728 1695 3796; x_wconf 87' lang='grc' dir='ltr'><em>εὐθὺς</em></span> <span class='ocrx_word' id='word_1_517' title='bbox 1735 3729 2058 3801; x_wconf 84' lang='grc' dir='ltr'><em>ἐπιχειρεῖν</em></span> <span class='ocrx_word' id='word_1_518' title='bbox 2089 3734 2215 3801; x_wconf 87' lang='grc' dir='ltr'><em>τοῖς</em></span> <span class='ocrx_word' id='word_1_519' title='bbox 2242 3735 2567 3804; x_wconf 77' lang='grc' dir='ltr'><em>πράγμασι,</em></span> <span class='ocrx_word' id='word_1_520' title='bbox 2607 3735 2707 3790; x_wconf 83' lang='lat' dir='ltr'><strong><em>real</em></strong></span> <span class='ocrx_word' id='word_1_521' title='bbox 2767 3735 2835 3788; x_wconf 86' lang='grc' dir='ltr'><em>τὸ</em></span> <span class='ocrx_word' id='word_1_522' title='bbox 2882 3734 3219 3804; x_wconf 74' lang='grc' dir='ltr'><em>μελετηθέν</em></span> <span class='ocrx_word' id='word_1_523' title='bbox 3254 3735 3732 3791; x_wconf 84' lang='grc' dir='ltr'><em>ἀνακαλύπτειν·</em></span> 
     </span>
    </p>
   </div>
   <div class='ocr_carea' id='block_1_75' title="bbox 451 3820 3733 3896">
    <p class='ocr_par' dir='ltr' id='par_1_75' title="bbox 451 3820 3733 3896">
     <span class='ocr_line' id='line_1_75' title="bbox 451 3820 3733 3896; baseline 0 -17"><span class='ocrx_word' id='word_1_524' title='bbox 451 3825 609 3879; x_wconf 82' lang='grc' dir='ltr'><em>οὕτω</em></span> <span class='ocrx_word' id='word_1_525' title='bbox 660 3824 770 3894; x_wconf 82' lang='grc' dir='ltr'><strong><em>γὰρ</em></strong></span> <span class='ocrx_word' id='word_1_526' title='bbox 820 3822 1108 3878; x_wconf 81' lang='grc' dir='ltr'><em>εὔκλειαν</em></span> <span class='ocrx_word' id='word_1_527' title='bbox 1151 3820 1452 3892; x_wconf 79' lang='grc' dir='ltr'><em>μεγίστην</em></span> <span class='ocrx_word' id='word_1_528' title='bbox 1477 3820 1523 3855; x_wconf 75' lang='grc' dir='ltr'><strong><em>⁸ο</em></strong></span> <span class='ocrx_word' id='word_1_529' title='bbox 1551 3820 1857 3893; x_wconf 85' lang='grc' dir='ltr'><em>άροίμεθα,</em></span> <span class='ocrx_word' id='word_1_530' title='bbox 1882 3823 2023 3880; x_wconf 86' lang='grc' dir='ltr'><em>ὅσιά</em></span> <span class='ocrx_word' id='word_1_531' title='bbox 2055 3841 2118 3880; x_wconf 85' lang='grc' dir='ltr'><strong><em>τε</em></strong></span> <span class='ocrx_word' id='word_1_532' title='bbox 2155 3824 2412 3896; x_wconf 83' lang='grc' dir='ltr'><em>δρῶντες</em></span> <span class='ocrx_word' id='word_1_533' title='bbox 2448 3825 2548 3881; x_wconf 74' lang='grc' dir='ltr'><em>καὶ</em></span> <span class='ocrx_word' id='word_1_534' title='bbox 2574 3825 2794 3896; x_wconf 79' lang='grc' dir='ltr'><em>δίκαια,</em></span> <span class='ocrx_word' id='word_1_535' title='bbox 2823 3825 2923 3881; x_wconf 76' lang='grc' dir='ltr'><em>καὶ</em></span> <span class='ocrx_word' id='word_1_536' title='bbox 2960 3824 3110 3894; x_wconf 86' lang='grc' dir='ltr'><em>πρὸς</em></span> <span class='ocrx_word' id='word_1_537' title='bbox 3133 3824 3200 3879; x_wconf 87' lang='grc' dir='ltr'><em>τὸ</em></span> <span class='ocrx_word' id='word_1_538' title='bbox 3224 3825 3526 3882; x_wconf 84' lang='grc' dir='ltr'><em>συνοῖσον</em></span> <span class='ocrx_word' id='word_1_539' title='bbox 3555 3827 3733 3894; x_wconf 79' lang='grc' dir='ltr'><em>ἐξευ-</em></span> 
     </span>
    </p>
   </div>
   <div class='ocr_carea' id='block_1_76' title="bbox 541 3920 688 3978">
    <p class='ocr_par' dir='ltr' id='par_1_76' title="bbox 541 3920 688 3978">
     <span class='ocr_line' id='line_1_76' title="bbox 541 3920 688 3978; baseline 0.014 -3"><span class='ocrx_word' id='word_1_540' title='bbox 541 3920 688 3978; x_wconf 85' lang='grc' dir='ltr'><em>ιένα.</em></span> 
     </span>
    </p>
   </div>
   <div class='ocr_carea' id='block_1_77' title="bbox 436 3938 2036 4074">
    <p class='ocr_par' dir='ltr' id='par_1_77' title="bbox 436 3938 2036 4074">
     <span class='ocr_line' id='line_1_77' title="bbox 541 3938 688 3978; baseline 0.014 -3"><span class='ocrx_word' id='word_1_541' title='bbox 541 3938 688 3978; x_wconf 86' lang='grc' dir='ltr'><em>ιενα.</em></span> 
     </span>
     <span class='ocr_line' id='line_1_78' title="bbox 436 3938 2036 4074; baseline -0.001 -6"><span class='ocrx_word' id='word_1_542' title='bbox 436 3938 604 4068; x_wconf 52' lang='grc' dir='ltr'><em>ρηίί.</em></span> <span class='ocrx_word' id='word_1_543' title='bbox 621 4011 748 4069; x_wconf 68' lang='lat' dir='ltr'><strong><em>Haec</em></strong></span> <span class='ocrx_word' id='word_1_544' title='bbox 771 4028 895 4069; x_wconf 90' lang='lat' dir='ltr'><strong><em>cum</em></strong></span> <span class='ocrx_word' id='word_1_545' title='bbox 922 4013 1154 4072; x_wconf 83' lang='lat' dir='ltr'><strong><em>dixisset</em></strong></span> <span class='ocrx_word' id='word_1_546' title='bbox 1181 4010 1390 4074; x_wconf 57' lang='lat' dir='ltr'><strong><em>Aletes,</em></strong></span> <span class='ocrx_word' id='word_1_547' title='bbox 1415 4012 1671 4068; x_wconf 82' lang='lat' dir='ltr'><strong><em>universa</em></strong></span> <span class='ocrx_word' id='word_1_548' title='bbox 1693 4011 1878 4068; x_wconf 82' lang='lat' dir='ltr'><strong><em>statim</em></strong></span> <span class='ocrx_word' id='word_1_549' title='bbox 1903 4011 2036 4067; x_wconf 89' lang='lat' dir='ltr'><strong><em>mul-</em></strong></span> 
     </span>
    </p>
   </div>
   <div class='ocr_carea' id='block_1_78' title="bbox 444 4103 2038 4172">
    <p class='ocr_par' dir='ltr' id='par_1_78' title="bbox 444 4103 2038 4172">
     <span class='ocr_line' id='line_1_79' title="bbox 444 4103 2038 4172; baseline -0.001 -12"><span class='ocrx_word' id='word_1_550' title='bbox 444 4105 621 4161; x_wconf 85' lang='lat' dir='ltr'><strong><em>titudo</em></strong></span> <span class='ocrx_word' id='word_1_551' title='bbox 653 4105 923 4161; x_wconf 84' lang='lat' dir='ltr'><strong><em>concitata</em></strong></span> <span class='ocrx_word' id='word_1_552' title='bbox 953 4112 1060 4171; x_wconf 89' lang='lat' dir='ltr'><strong><em>est,</em></strong></span> <span class='ocrx_word' id='word_1_553' title='bbox 1093 4113 1148 4160; x_wconf 91' lang='lat' dir='ltr'><strong><em>et</em></strong></span> <span class='ocrx_word' id='word_1_554' title='bbox 1195 4103 1554 4166; x_wconf 84' lang='lat' dir='ltr'><strong><em>acclamavit,</em></strong></span> <span class='ocrx_word' id='word_1_555' title='bbox 1601 4117 1773 4172; x_wconf 88' lang='lat' dir='ltr'><strong><em>eoque</em></strong></span> <span class='ocrx_word' id='word_1_556' title='bbox 1802 4103 1919 4171; x_wconf 91' lang='lat' dir='ltr'><strong><em>ipso</em></strong></span> <span class='ocrx_word' id='word_1_557' title='bbox 1948 4103 2038 4159; x_wconf 89' lang='lat' dir='ltr'><strong><em>die</em></strong></span> 
     </span>
    </p>
   </div>
   <div class='ocr_carea' id='block_1_79' title="bbox 440 4195 2036 4260">
    <p class='ocr_par' dir='ltr' id='par_1_79' title="bbox 440 4195 2036 4260">
     <span class='ocr_line' id='line_1_80' title="bbox 440 4195 2036 4260; baseline -0.003 -8"><span class='ocrx_word' id='word_1_558' title='bbox 440 4197 511 4252; x_wconf 86' lang='lat' dir='ltr'><strong><em>ad</em></strong></span> <span class='ocrx_word' id='word_1_559' title='bbox 544 4199 738 4254; x_wconf 83' lang='lat' dir='ltr'><strong><em>Persas</em></strong></span> <span class='ocrx_word' id='word_1_560' title='bbox 773 4195 1010 4252; x_wconf 88' lang='lat' dir='ltr'><strong><em>transire</em></strong></span> <span class='ocrx_word' id='word_1_561' title='bbox 1038 4195 1404 4260; x_wconf 80' lang='lat' dir='ltr'><strong><em>desiderabat,</em></strong></span> <span class='ocrx_word' id='word_1_562' title='bbox 1429 4210 1554 4250; x_wconf 89' lang='lat' dir='ltr'><strong><em>cum</em></strong></span> <span class='ocrx_word' id='word_1_563' title='bbox 1589 4209 1690 4250; x_wconf 89' lang='lat' dir='ltr'><strong><em>nec</em></strong></span> <span class='ocrx_word' id='word_1_564' title='bbox 1725 4195 1802 4248; x_wconf 89' lang='lat' dir='ltr'><strong><em>illi</em></strong></span> <span class='ocrx_word' id='word_1_565' title='bbox 1836 4195 2036 4250; x_wconf 87' lang='lat' dir='ltr'><strong><em>certio-</em></strong></span> 
     </span>
    </p>
   </div>
   <div class='ocr_carea' id='block_1_80' title="bbox 442 4281 2037 4352">
    <p class='ocr_par' dir='ltr' id='par_1_80' title="bbox 442 4281 2037 4352">
     <span class='ocr_line' id='line_1_81' title="bbox 442 4281 2037 4352; baseline -0.003 -11"><span class='ocrx_word' id='word_1_566' title='bbox 442 4301 532 4341; x_wconf 88' lang='lat' dir='ltr'><strong><em>res</em></strong></span> <span class='ocrx_word' id='word_1_567' title='bbox 575 4292 761 4340; x_wconf 85' lang='lat' dir='ltr'><strong><em>essent</em></strong></span> <span class='ocrx_word' id='word_1_568' title='bbox 809 4282 936 4339; x_wconf 74' lang='lat' dir='ltr'><strong><em>l‘acti</em></strong></span> <span class='ocrx_word' id='word_1_569' title='bbox 961 4321 978 4350; x_wconf 93' lang='lat'><strong><em>,</em></strong></span> <span class='ocrx_word' id='word_1_570' title='bbox 1029 4297 1208 4352; x_wconf 88' lang='lat' dir='ltr'><strong><em>neque</em></strong></span> <span class='ocrx_word' id='word_1_571' title='bbox 1260 4282 1362 4352; x_wconf 86' lang='lat' dir='ltr'><strong><em>ipsi</em></strong></span> <span class='ocrx_word' id='word_1_572' title='bbox 1393 4282 1467 4337; x_wconf 88' lang='lat' dir='ltr'><strong><em>ita</em></strong></span> <span class='ocrx_word' id='word_1_573' title='bbox 1505 4283 1831 4352; x_wconf 84' lang='lat' dir='ltr'><strong><em>comparati,</em></strong></span> <span class='ocrx_word' id='word_1_574' title='bbox 1865 4291 1924 4336; x_wconf 90' lang='lat' dir='ltr'><strong><em>ut</em></strong></span> <span class='ocrx_word' id='word_1_575' title='bbox 1953 4281 2037 4337; x_wconf 86' lang='lat' dir='ltr'><strong><em>vel</em></strong></span> 
     </span>
    </p>
   </div>
   <div class='ocr_carea' id='block_1_81' title="bbox 440 4368 2034 4440">
    <p class='ocr_par' dir='ltr' id='par_1_81' title="bbox 440 4368 2034 4440">
     <span class='ocr_line' id='line_1_82' title="bbox 440 4368 2034 4440; baseline -0.003 -12"><span class='ocrx_word' id='word_1_576' title='bbox 440 4374 613 4428; x_wconf 83' lang='lat' dir='ltr'><strong><em>latere</em></strong></span> <span class='ocrx_word' id='word_1_577' title='bbox 640 4373 920 4426; x_wconf 83' lang='lat' dir='ltr'><strong><em>Romanos</em></strong></span> <span class='ocrx_word' id='word_1_578' title='bbox 946 4368 1030 4426; x_wconf 87' lang='lat' dir='ltr'><strong><em>vel</em></strong></span> <span class='ocrx_word' id='word_1_579' title='bbox 1069 4384 1164 4426; x_wconf 88' lang='lat' dir='ltr'><strong><em>eos</em></strong></span> <span class='ocrx_word' id='word_1_580' title='bbox 1203 4369 1544 4440; x_wconf 83' lang='lat' dir='ltr'><strong><em>propulsare,</em></strong></span> <span class='ocrx_word' id='word_1_581' title='bbox 1577 4368 1622 4423; x_wconf 89' lang='lat' dir='ltr'><strong><em>si</em></strong></span> <span class='ocrx_word' id='word_1_582' title='bbox 1659 4369 2034 4439; x_wconf 85' lang='lat' dir='ltr'><strong><em>prohiberent,</em></strong></span> 
     </span>
    </p>
   </div>
   <div class='ocr_carea' id='block_1_82' title="bbox 439 4462 2033 4538">
    <p class='ocr_par' dir='ltr' id='par_1_82' title="bbox 439 4462 2033 4538">
     <span class='ocr_line' id='line_1_83' title="bbox 439 4462 2033 4538; baseline -0.005 -15"><span class='ocrx_word' id='word_1_583' title='bbox 439 4476 705 4538; x_wconf 83' lang='lat' dir='ltr'><strong><em>possent;</em></strong></span> <span class='ocrx_word' id='word_1_584' title='bbox 757 4465 911 4536; x_wconf 78' lang='lat'><strong><em>161</em></strong></span> <span class='ocrx_word' id='word_1_585' title='bbox 948 4463 1041 4520; x_wconf 86' lang='lat' dir='ltr'><strong><em>sed</em></strong></span> <span class='ocrx_word' id='word_1_586' title='bbox 1084 4462 1221 4518; x_wconf 86' lang='lat' dir='ltr'><strong><em>nihil</em></strong></span> <span class='ocrx_word' id='word_1_587' title='bbox 1265 4463 1424 4532; x_wconf 80' lang='lat' dir='ltr'><strong><em>plane</em></strong></span> <span class='ocrx_word' id='word_1_588' title='bbox 1461 4477 1677 4526; x_wconf 85' lang='lat' dir='ltr'><strong><em>eorum,</em></strong></span> <span class='ocrx_word' id='word_1_589' title='bbox 1709 4477 1832 4532; x_wconf 49' lang='lat' dir='ltr'><strong><em>quas.</em></strong></span> <span class='ocrx_word' id='word_1_590' title='bbox 1869 4477 2033 4516; x_wconf 86' lang='lat' dir='ltr'><strong><em>even-</em></strong></span> 
     </span>
    </p>
   </div>
   <div class='ocr_carea' id='block_1_83' title="bbox 2221 4010 3733 4084">
    <p class='ocr_par' dir='ltr' id='par_1_83' title="bbox 2221 4010 3733 4084">
     <span class='ocr_line' id='line_1_84' title="bbox 2221 4010 3733 4084; baseline 0.004 -20"><span class='ocrx_word' id='word_1_591' title='bbox 2221 4018 2307 4066; x_wconf 89' lang='grc' dir='ltr'><em>ια’.</em></span> <span class='ocrx_word' id='word_1_592' title='bbox 2339 4010 2578 4066; x_wconf 82' lang='grc' dir='ltr'><em>Τοιαῦτα</em></span> <span class='ocrx_word' id='word_1_593' title='bbox 2607 4012 2701 4066; x_wconf 78' lang='grc' dir='ltr'><em>τοῦ</em></span> <span class='ocrx_word' id='word_1_594' title='bbox 2740 4013 2940 4084; x_wconf 80' lang='grc' dir='ltr'><em>Αἰήτου</em></span> <span class='ocrx_word' id='word_1_595' title='bbox 2978 4013 3248 4078; x_wconf 84' lang='grc' dir='ltr'><em>εἰπόντος,</em></span> <span class='ocrx_word' id='word_1_596' title='bbox 3286 4012 3484 4068; x_wconf 81' lang='grc' dir='ltr'><em>αὐτίκα</em></span> <span class='ocrx_word' id='word_1_597' title='bbox 3522 4013 3671 4078; x_wconf 74' lang='grc' dir='ltr'><em>ἄπας</em></span> <span class='ocrx_word' id='word_1_598' title='bbox 3702 4019 3733 4070; x_wconf 82' lang='grc' dir='ltr'>ὁ</span> 
     </span>
    </p>
   </div>
   <div class='ocr_carea' id='block_1_84' title="bbox 2145 4102 3738 4177">
    <p class='ocr_par' dir='ltr' id='par_1_84' title="bbox 2145 4102 3738 4177">
     <span class='ocr_line' id='line_1_85' title="bbox 2145 4102 3738 4177; baseline 0.003 -21"><span class='ocrx_word' id='word_1_599' title='bbox 2145 4102 2334 4172; x_wconf 76' lang='grc' dir='ltr'><em>ὅμιλος</em></span> <span class='ocrx_word' id='word_1_600' title='bbox 2358 4103 2566 4176; x_wconf 79' lang='grc' dir='ltr'><em>ἐπῆρτο</em></span> <span class='ocrx_word' id='word_1_601' title='bbox 2615 4106 2712 4158; x_wconf 77' lang='grc' dir='ltr'><strong><em>καὶ</em></strong></span> <span class='ocrx_word' id='word_1_602' title='bbox 2772 4105 2992 4170; x_wconf 76' lang='grc' dir='ltr'><em>ἀνεϐόα,</em></span> <span class='ocrx_word' id='word_1_603' title='bbox 3049 4105 3144 4158; x_wconf 83' lang='grc' dir='ltr'><strong><em>καὶ</em></strong></span> <span class='ocrx_word' id='word_1_604' title='bbox 3202 4103 3520 4177; x_wconf 79' lang='grc' dir='ltr'><em>αὐθημερὸν</em></span> <span class='ocrx_word' id='word_1_605' title='bbox 3586 4106 3738 4160; x_wconf 67' lang='grc' dir='ltr'><em>ἵεντο</em></span> 
     </span>
    </p>
   </div>
   <div class='ocr_carea' id='block_1_85' title="bbox 2148 4195 3757 4273">
    <p class='ocr_par' dir='ltr' id='par_1_85' title="bbox 2148 4195 3757 4273">
     <span class='ocr_line' id='line_1_86' title="bbox 2148 4195 3757 4273; baseline 0.004 -26"><span class='ocrx_word' id='word_1_606' title='bbox 2148 4195 2600 4266; x_wconf 80' lang='grc' dir='ltr'><em>μετανίστασθαι,</em></span> <span class='ocrx_word' id='word_1_607' title='bbox 2637 4196 2761 4251; x_wconf 77' lang='grc' dir='ltr'><em>οὔτε</em></span> <span class='ocrx_word' id='word_1_608' title='bbox 2808 4201 2922 4262; x_wconf 82' lang='grc' dir='ltr'><em>τοῖς</em></span> <span class='ocrx_word' id='word_1_609' title='bbox 2961 4197 3204 4270; x_wconf 78' lang='grc' dir='ltr'><em>Πέρσαις</em></span> <span class='ocrx_word' id='word_1_610' title='bbox 3250 4203 3757 4273; x_wconf 64' lang='grc' dir='ltr'><em>προεγνωσμένου,</em></span> 
     </span>
    </p>
   </div>
   <div class='ocr_carea' id='block_1_86' title="bbox 2143 4287 3728 4365">
    <p class='ocr_par' dir='ltr' id='par_1_86' title="bbox 2143 4287 3728 4365">
     <span class='ocr_line' id='line_1_87' title="bbox 2143 4287 3728 4365; baseline 0.004 -25"><span class='ocrx_word' id='word_1_611' title='bbox 2143 4287 2270 4340; x_wconf 77' lang='grc' dir='ltr'><em>οὕτε</em></span> <span class='ocrx_word' id='word_1_612' title='bbox 2301 4287 2444 4341; x_wconf 75' lang='grc' dir='ltr'><em>οὕτω</em></span> <span class='ocrx_word' id='word_1_613' title='bbox 2471 4289 2516 4322; x_wconf 81' lang='grc'><strong><em>⁸¹</em></strong></span> <span class='ocrx_word' id='word_1_614' title='bbox 2549 4290 3058 4362; x_wconf 80' lang='grc' dir='ltr'><em>παρεσκευασμένοι</em></span> <span class='ocrx_word' id='word_1_615' title='bbox 3089 4290 3166 4354; x_wconf 84' lang='grc' dir='ltr'><em>ὡς</em></span> <span class='ocrx_word' id='word_1_616' title='bbox 3197 4290 3472 4346; x_wconf 82' lang='grc' dir='ltr'><em>διαλαθεῖν</em></span> <span class='ocrx_word' id='word_1_617' title='bbox 3505 4294 3666 4363; x_wconf 74' lang='grc' dir='ltr'><em>τυχὸν</em></span> <span class='ocrx_word' id='word_1_618' title='bbox 3691 4295 3728 4365; x_wconf 82' lang='grc' dir='ltr'><strong>ἢ</strong></span> 
     </span>
    </p>
   </div>
   <div class='ocr_carea' id='block_1_87' title="bbox 2143 4379 3733 4451">
    <p class='ocr_par' dir='ltr' id='par_1_87' title="bbox 2143 4379 3733 4451">
     <span class='ocr_line' id='line_1_88' title="bbox 2143 4379 3733 4451; baseline 0.002 -17"><span class='ocrx_word' id='word_1_619' title='bbox 2143 4379 2240 4434; x_wconf 76' lang='grc' dir='ltr'><strong><em>καὶ</em></strong></span> <span class='ocrx_word' id='word_1_620' title='bbox 2276 4379 2587 4449; x_wconf 81' lang='grc' dir='ltr'><em>ἀμύνασθαι</em></span> <span class='ocrx_word' id='word_1_621' title='bbox 2629 4381 2758 4444; x_wconf 83' lang='grc' dir='ltr'><em>τοὺς</em></span> <span class='ocrx_word' id='word_1_622' title='bbox 2800 4380 3106 4450; x_wconf 84' lang='grc' dir='ltr'><em>Ῥωμαίους</em></span> <span class='ocrx_word' id='word_1_623' title='bbox 3135 4381 3560 4451; x_wconf 81' lang='grc' dir='ltr'><em>διακωλύοντας,</em></span> <span class='ocrx_word' id='word_1_624' title='bbox 3593 4384 3733 4438; x_wconf 73' lang='grc' dir='ltr'><strong><em>ἀλλὰ</em></strong></span> 
     </span>
    </p>
   </div>
   <div class='ocr_carea' id='block_1_88' title="bbox 2145 4471 3732 4548">
    <p class='ocr_par' dir='ltr' id='par_1_88' title="bbox 2145 4471 3732 4548">
     <span class='ocr_line' id='line_1_89' title="bbox 2145 4471 3732 4548; baseline 0.004 -24"><span class='ocrx_word' id='word_1_625' title='bbox 2145 4471 2316 4542; x_wconf 80' lang='grc' dir='ltr'><em>μηδὲν</em></span> <span class='ocrx_word' id='word_1_626' title='bbox 2376 4472 2555 4526; x_wconf 82' lang='grc' dir='ltr'><em>ὁτιοῦν</em></span> <span class='ocrx_word' id='word_1_627' title='bbox 2628 4473 2738 4527; x_wconf 87' lang='grc' dir='ltr'><em>τῶν</em></span> <span class='ocrx_word' id='word_1_628' title='bbox 2801 4473 3078 4545; x_wconf 76' lang='grc' dir='ltr'><em>ἐσομένων</em></span> <span class='ocrx_word' id='word_1_629' title='bbox 3139 4474 3531 4546; x_wconf 83' lang='grc' dir='ltr'><em>διανοούμενοι,</em></span> <span class='ocrx_word' id='word_1_630' title='bbox 3589 4478 3732 4548; x_wconf 84' lang='grc' dir='ltr'><em>μήτε</em></span> 
     </span>
    </p>
   </div>
   <div class='ocr_carea' id='block_1_89' title="bbox 440 4552 2040 4638">
    <p class='ocr_par' dir='ltr' id='par_1_89' title="bbox 440 4552 2036 4624">
     <span class='ocr_line' id='line_1_90' title="bbox 440 4552 2036 4624; baseline -0.003 -11"><span class='ocrx_word' id='word_1_631' title='bbox 440 4569 566 4614; x_wconf 82' lang='lat' dir='ltr'><strong><em>tura</em></strong></span> <span class='ocrx_word' id='word_1_632' title='bbox 597 4569 799 4623; x_wconf 85' lang='lat' dir='ltr'><strong><em>essent,</em></strong></span> <span class='ocrx_word' id='word_1_633' title='bbox 833 4571 959 4612; x_wconf 89' lang='lat' dir='ltr'><strong><em>cum</em></strong></span> <span class='ocrx_word' id='word_1_634' title='bbox 999 4553 1198 4610; x_wconf 85' lang='lat' dir='ltr'><strong><em>animis</em></strong></span> <span class='ocrx_word' id='word_1_635' title='bbox 1241 4555 1359 4610; x_wconf 87' lang='lat' dir='ltr'><strong><em>suis</em></strong></span> <span class='ocrx_word' id='word_1_636' title='bbox 1403 4552 1822 4624; x_wconf 86' lang='lat' dir='ltr'><strong><em>perpendentes,</em></strong></span> <span class='ocrx_word' id='word_1_637' title='bbox 1860 4567 2036 4623; x_wconf 88' lang='lat' dir='ltr'><strong><em>neque</em></strong></span> 
     </span>
    </p>
   </div>
   <div class='ocr_carea' id='block_1_90' title="bbox 2141 4552 3732 4638">
    <p class='ocr_par' dir='ltr' id='par_1_90' title="bbox 2141 4561 3732 4638">
     <span class='ocr_line' id='line_1_91' title="bbox 2141 4561 3732 4638; baseline 0.003 -22"><span class='ocrx_word' id='word_1_638' title='bbox 2141 4563 2263 4616; x_wconf 79' lang='grc' dir='ltr'><em>ὅποι</em></span> <span class='ocrx_word' id='word_1_639' title='bbox 2314 4561 2360 4594; x_wconf 87' lang='grc'><strong><em>⁸¹</em></strong></span> <span class='ocrx_word' id='word_1_640' title='bbox 2407 4563 2591 4626; x_wconf 78' lang='grc' dir='ltr'><em>αὐτοῖς</em></span> <span class='ocrx_word' id='word_1_641' title='bbox 2635 4564 2931 4635; x_wconf 78' lang='grc' dir='ltr'><em>ἐκϐήσεται</em></span> <span class='ocrx_word' id='word_1_642' title='bbox 2978 4567 3012 4636; x_wconf 84' lang='grc' dir='ltr'>ή</span> <span class='ocrx_word' id='word_1_643' title='bbox 3064 4566 3428 4638; x_wconf 76' lang='grc' dir='ltr'><em>ἐπιχείρησις,</em></span> <span class='ocrx_word' id='word_1_644' title='bbox 3475 4567 3732 4631; x_wconf 82' lang='grc' dir='ltr'><em>ἀτάκτως</em></span> 
     </span>
    </p>
   </div>
   <div class='ocr_carea' id='block_1_91' title="bbox 442 4645 2031 4723">
    <p class='ocr_par' dir='ltr' id='par_1_91' title="bbox 442 4645 2031 4723">
     <span class='ocr_line' id='line_1_92' title="bbox 442 4645 2031 4723; baseline -0.003 -17"><span class='ocrx_word' id='word_1_645' title='bbox 442 4667 609 4723; x_wconf 83' lang='lat' dir='ltr'><strong><em>quem</em></strong></span> <span class='ocrx_word' id='word_1_646' title='bbox 637 4651 842 4707; x_wconf 75' lang='lat' dir='ltr'><strong><em>exitum</em></strong></span> <span class='ocrx_word' id='word_1_647' title='bbox 884 4650 1130 4721; x_wconf 88' lang='lat' dir='ltr'><strong><em>ipsorum</em></strong></span> <span class='ocrx_word' id='word_1_648' title='bbox 1161 4657 1390 4704; x_wconf 85' lang='lat' dir='ltr'><strong><em>conatus</em></strong></span> <span class='ocrx_word' id='word_1_649' title='bbox 1415 4654 1560 4703; x_wconf 83' lang='lat' dir='ltr'><strong><em>esset</em></strong></span> <span class='ocrx_word' id='word_1_650' title='bbox 1589 4645 1876 4702; x_wconf 85' lang='lat' dir='ltr'><strong><em>habiturus</em></strong></span> <span class='ocrx_word' id='word_1_651' title='bbox 1901 4663 1915 4712; x_wconf 93' lang='lat'><strong>;</strong></span> <span class='ocrx_word' id='word_1_652' title='bbox 1945 4645 2031 4702; x_wconf 81' lang='lat' dir='ltr'><strong><em>fa-</em></strong></span> 
     </span>
    </p>
   </div>
   <div class='ocr_carea' id='block_1_92' title="bbox 441 4741 2035 4818">
    <p class='ocr_par' dir='ltr' id='par_1_92' title="bbox 441 4741 2035 4818">
     <span class='ocr_line' id='line_1_93' title="bbox 441 4741 2035 4818; baseline -0.004 -15"><span class='ocrx_word' id='word_1_653' title='bbox 441 4748 658 4804; x_wconf 87' lang='lat' dir='ltr'><strong><em>miliare</em></strong></span> <span class='ocrx_word' id='word_1_654' title='bbox 687 4746 928 4818; x_wconf 87' lang='lat' dir='ltr'><strong><em>alioquin</em></strong></span> <span class='ocrx_word' id='word_1_655' title='bbox 971 4746 1076 4801; x_wconf 87' lang='lat' dir='ltr'><strong><em>hoc</em></strong></span> <span class='ocrx_word' id='word_1_656' title='bbox 1106 4753 1192 4800; x_wconf 87' lang='lat' dir='ltr'><strong><em>est</em></strong></span> <span class='ocrx_word' id='word_1_657' title='bbox 1223 4742 1562 4814; x_wconf 87' lang='lat' dir='ltr'><strong><em>insitumque</em></strong></span> <span class='ocrx_word' id='word_1_658' title='bbox 1588 4741 1925 4797; x_wconf 88' lang='lat' dir='ltr'><strong><em>multitudini</em></strong></span> <span class='ocrx_word' id='word_1_659' title='bbox 1954 4742 2035 4797; x_wconf 86' lang='lat' dir='ltr'><strong><em>vi-</em></strong></span> 
     </span>
    </p>
   </div>
   <div class='ocr_carea' id='block_1_93' title="bbox 444 4835 2032 4906">
    <p class='ocr_par' dir='ltr' id='par_1_93' title="bbox 444 4835 2032 4906">
     <span class='ocr_line' id='line_1_94' title="bbox 444 4835 2032 4906; baseline -0.004 -10"><span class='ocrx_word' id='word_1_660' title='bbox 444 4842 604 4906; x_wconf 89' lang='lat' dir='ltr'><strong><em>tium,</em></strong></span> <span class='ocrx_word' id='word_1_661' title='bbox 633 4850 691 4896; x_wconf 89' lang='lat' dir='ltr'><strong><em>ut</em></strong></span> <span class='ocrx_word' id='word_1_662' title='bbox 723 4839 948 4896; x_wconf 84' lang='lat' dir='ltr'><strong><em>novitati</em></strong></span> <span class='ocrx_word' id='word_1_663' title='bbox 977 4837 1196 4895; x_wconf 85' lang='lat' dir='ltr'><strong><em>studeat</em></strong></span> <span class='ocrx_word' id='word_1_664' title='bbox 1219 4845 1274 4893; x_wconf 89' lang='lat' dir='ltr'><strong><em>et</em></strong></span> <span class='ocrx_word' id='word_1_665' title='bbox 1298 4835 1694 4892; x_wconf 86' lang='lat' dir='ltr'><strong><em>mutationibus</em></strong></span> <span class='ocrx_word' id='word_1_666' title='bbox 1720 4849 1906 4891; x_wconf 88' lang='lat' dir='ltr'><strong><em>rerum</em></strong></span> <span class='ocrx_word' id='word_1_667' title='bbox 1935 4836 2032 4891; x_wconf 91' lang='lat' dir='ltr'><strong><em>de-</em></strong></span> 
     </span>
    </p>
   </div>
   <div class='ocr_carea' id='block_1_94' title="bbox 442 4928 2035 4998">
    <p class='ocr_par' dir='ltr' id='par_1_94' title="bbox 442 4928 2035 4998">
     <span class='ocr_line' id='line_1_95' title="bbox 442 4928 2035 4998; baseline -0.004 -8"><span class='ocrx_word' id='word_1_668' title='bbox 442 4934 694 4991; x_wconf 82' lang='lat' dir='ltr'><strong><em>lectetur.</em></strong></span> <span class='ocrx_word' id='word_1_669' title='bbox 728 4932 795 4988; x_wconf 82' lang='lat' dir='ltr'><strong><em>Hi</em></strong></span> <span class='ocrx_word' id='word_1_670' title='bbox 833 4947 964 4988; x_wconf 87' lang='lat' dir='ltr'><strong><em>vero</em></strong></span> <span class='ocrx_word' id='word_1_671' title='bbox 1003 4932 1166 4986; x_wconf 88' lang='lat' dir='ltr'><strong><em>etiam</em></strong></span> <span class='ocrx_word' id='word_1_672' title='bbox 1186 4930 1383 4986; x_wconf 71' lang='lat' dir='ltr'><strong><em>acrius</em></strong></span> <span class='ocrx_word' id='word_1_673' title='bbox 1426 4928 1625 4984; x_wconf 85' lang='lat' dir='ltr'><strong><em>irritati</em></strong></span> <span class='ocrx_word' id='word_1_674' title='bbox 1666 4929 2035 4998; x_wconf 85' lang='lat' dir='ltr'><strong><em>concitatique</em></strong></span> 
     </span>
    </p>
   </div>
   <div class='ocr_carea' id='block_1_95' title="bbox 439 5020 2035 5096">
    <p class='ocr_par' dir='ltr' id='par_1_95' title="bbox 439 5020 2035 5096">
     <span class='ocr_line' id='line_1_96' title="bbox 439 5020 2035 5096; baseline -0.006 -13"><span class='ocrx_word' id='word_1_675' title='bbox 439 5037 623 5096; x_wconf 85' lang='lat' dir='ltr'><strong><em>erant,</em></strong></span> <span class='ocrx_word' id='word_1_676' title='bbox 646 5043 756 5083; x_wconf 92' lang='lat' dir='ltr'><strong><em>non</em></strong></span> <span class='ocrx_word' id='word_1_677' title='bbox 779 5026 981 5090; x_wconf 85' lang='lat' dir='ltr'><strong><em>solum,</em></strong></span> <span class='ocrx_word' id='word_1_678' title='bbox 1007 5031 1068 5079; x_wconf 88' lang='lat' dir='ltr'><strong><em>ut</em></strong></span> <span class='ocrx_word' id='word_1_679' title='bbox 1090 5022 1330 5088; x_wconf 88' lang='lat' dir='ltr'><strong><em>barbari,</em></strong></span> <span class='ocrx_word' id='word_1_680' title='bbox 1359 5024 1452 5077; x_wconf 89' lang='lat' dir='ltr'><strong><em>sed</em></strong></span> <span class='ocrx_word' id='word_1_681' title='bbox 1471 5021 1634 5078; x_wconf 88' lang='lat' dir='ltr'><strong><em>etiam</em></strong></span> <span class='ocrx_word' id='word_1_682' title='bbox 1656 5020 1800 5091; x_wconf 89' lang='lat' dir='ltr'><strong><em>quod</em></strong></span> <span class='ocrx_word' id='word_1_683' title='bbox 1825 5037 2035 5091; x_wconf 70' lang='lat' dir='ltr'><strong><em>sequam</em></strong></span> 
     </span>
    </p>
   </div>
   <div class='ocr_carea' id='block_1_96' title="bbox 443 5113 2040 5182">
    <p class='ocr_par' dir='ltr' id='par_1_96' title="bbox 443 5113 2040 5182">
     <span class='ocr_line' id='line_1_97' title="bbox 443 5113 2040 5182; baseline -0.005 -6"><span class='ocrx_word' id='word_1_684' title='bbox 443 5136 669 5177; x_wconf 80' lang='lat' dir='ltr'><strong><em>causam</em></strong></span> <span class='ocrx_word' id='word_1_685' title='bbox 713 5134 839 5176; x_wconf 87' lang='lat' dir='ltr'><strong><em>esse</em></strong></span> <span class='ocrx_word' id='word_1_686' title='bbox 876 5116 1192 5182; x_wconf 90' lang='lat' dir='ltr'><strong><em>censebant,</em></strong></span> <span class='ocrx_word' id='word_1_687' title='bbox 1232 5123 1287 5170; x_wconf 87' lang='lat' dir='ltr'><strong><em>et</em></strong></span> <span class='ocrx_word' id='word_1_688' title='bbox 1325 5113 1500 5170; x_wconf 65' lang='lat' dir='ltr'><strong><em>IEetae</em></strong></span> <span class='ocrx_word' id='word_1_689' title='bbox 1542 5115 1844 5170; x_wconf 86' lang='lat' dir='ltr'><strong><em>orationem</em></strong></span> <span class='ocrx_word' id='word_1_690' title='bbox 1890 5129 2040 5169; x_wconf 90' lang='lat' dir='ltr'><strong><em>sum-</em></strong></span> 
     </span>
    </p>
   </div>
   <div class='ocr_carea' id='block_1_97' title="bbox 441 5205 2042 5286">
    <p class='ocr_par' dir='ltr' id='par_1_97' title="bbox 441 5205 2042 5286">
     <span class='ocr_line' id='line_1_98' title="bbox 441 5205 2042 5286; baseline -0.005 -16"><span class='ocrx_word' id='word_1_691' title='bbox 441 5220 882 5286; x_wconf 28' lang='lat' dir='ltr'><strong><em>moperelessent</em></strong></span> <span class='ocrx_word' id='word_1_692' title='bbox 918 5207 1209 5275; x_wconf 85' lang='lat' dir='ltr'><strong><em>admirati;</em></strong></span> <span class='ocrx_word' id='word_1_693' title='bbox 1245 5207 1393 5278; x_wconf 88' lang='lat' dir='ltr'><strong><em>quod</em></strong></span> <span class='ocrx_word' id='word_1_694' title='bbox 1432 5206 1653 5278; x_wconf 88' lang='lat' dir='ltr'><strong><em>quidem</em></strong></span> <span class='ocrx_word' id='word_1_695' title='bbox 1690 5207 1853 5263; x_wconf 87' lang='lat' dir='ltr'><strong><em>etiam</em></strong></span> <span class='ocrx_word' id='word_1_696' title='bbox 1880 5205 2042 5262; x_wconf 83' lang='lat' dir='ltr'><strong><em>vehe-</em></strong></span> 
     </span>
    </p>
   </div>
   <div class='ocr_carea' id='block_1_98' title="bbox 445 5298 2042 5377">
    <p class='ocr_par' dir='ltr' id='par_1_98' title="bbox 445 5298 2042 5377">
     <span class='ocr_line' id='line_1_99' title="bbox 445 5298 2042 5377; baseline -0.003 -19"><span class='ocrx_word' id='word_1_697' title='bbox 445 5305 684 5364; x_wconf 84' lang='lat' dir='ltr'><strong><em>mentius</em></strong></span> <span class='ocrx_word' id='word_1_698' title='bbox 729 5306 882 5377; x_wconf 89' lang='lat' dir='ltr'><strong><em>ipsos</em></strong></span> <span class='ocrx_word' id='word_1_699' title='bbox 922 5301 1224 5360; x_wconf 89' lang='lat' dir='ltr'><strong><em>commovit</em></strong></span> <span class='ocrx_word' id='word_1_700' title='bbox 1271 5309 1436 5371; x_wconf 84' lang='lat' dir='ltr'><strong><em>atque</em></strong></span> <span class='ocrx_word' id='word_1_701' title='bbox 1482 5299 1740 5356; x_wconf 84' lang='lat' dir='ltr'><strong><em>turbavit.</em></strong></span> <span class='ocrx_word' id='word_1_702' title='bbox 1790 5298 1866 5355; x_wconf 84' lang='lat' dir='ltr'><strong><em>lla</em></strong></span> <span class='ocrx_word' id='word_1_703' title='bbox 1909 5315 2042 5354; x_wconf 76' lang='lat' dir='ltr'><strong><em>vero</em></strong></span> 
     </span>
    </p>
   </div>
   <div class='ocr_carea' id='block_1_99' title="bbox 2141 4655 3726 4729">
    <p class='ocr_par' dir='ltr' id='par_1_99' title="bbox 2141 4655 3726 4729">
     <span class='ocr_line' id='line_1_100' title="bbox 2141 4655 3726 4729; baseline 0.002 -21"><span class='ocrx_word' id='word_1_704' title='bbox 2141 4655 2449 4724; x_wconf 81' lang='grc' dir='ltr'><em>ἠπείγοντο.</em></span> <span class='ocrx_word' id='word_1_705' title='bbox 2487 4657 2705 4728; x_wconf 50' lang='grc' dir='ltr'><em>Προσδν.</em></span> <span class='ocrx_word' id='word_1_706' title='bbox 2729 4657 2829 4727; x_wconf 83' lang='grc' dir='ltr'><em>μὲν</em></span> <span class='ocrx_word' id='word_1_707' title='bbox 2867 4657 3028 4710; x_wconf 81' lang='grc' dir='ltr'><em>τοῦτο</em></span> <span class='ocrx_word' id='word_1_708' title='bbox 3076 4659 3172 4711; x_wconf 74' lang='grc' dir='ltr'><strong><em>καὶ</em></strong></span> <span class='ocrx_word' id='word_1_709' title='bbox 3214 4657 3390 4723; x_wconf 79' lang='grc' dir='ltr'><em>ἄλλως</em></span> <span class='ocrx_word' id='word_1_710' title='bbox 3440 4658 3726 4729; x_wconf 83' lang='grc' dir='ltr'><em>πλήθεσιν,</em></span> 
     </span>
    </p>
   </div>
   <div class='ocr_carea' id='block_1_100' title="bbox 2138 4747 3727 4821">
    <p class='ocr_par' dir='ltr' id='par_1_100' title="bbox 2138 4747 3727 4821">
     <span class='ocr_line' id='line_1_101' title="bbox 2138 4747 3727 4821; baseline 0.003 -21"><span class='ocrx_word' id='word_1_711' title='bbox 2138 4747 2362 4817; x_wconf 76' lang='grc' dir='ltr'><em>ἥδεσθαι</em></span> <span class='ocrx_word' id='word_1_712' title='bbox 2413 4747 2492 4818; x_wconf 80' lang='grc' dir='ltr'><em>τῷ</em></span> <span class='ocrx_word' id='word_1_713' title='bbox 2539 4748 2891 4820; x_wconf 86' lang='grc' dir='ltr'><em>νεωτερισμῷ</em></span> <span class='ocrx_word' id='word_1_714' title='bbox 2941 4749 3035 4803; x_wconf 82' lang='grc' dir='ltr'><strong><em>καὶ</em></strong></span> <span class='ocrx_word' id='word_1_715' title='bbox 3073 4751 3196 4814; x_wconf 82' lang='grc' dir='ltr'><em>ταῖς</em></span> <span class='ocrx_word' id='word_1_716' title='bbox 3241 4749 3568 4821; x_wconf 77' lang='grc' dir='ltr'><em>μεταϐολαῖς</em></span> <span class='ocrx_word' id='word_1_717' title='bbox 3615 4751 3727 4804; x_wconf 83' lang='grc' dir='ltr'><em>τῶν</em></span> 
     </span>
    </p>
   </div>
   <div class='ocr_carea' id='block_1_101' title="bbox 2141 4831 3730 4910">
    <p class='ocr_par' dir='ltr' id='par_1_101' title="bbox 2141 4831 3730 4910">
     <span class='ocr_line' id='line_1_102' title="bbox 2141 4831 3730 4910; baseline 0.001 -20"><span class='ocrx_word' id='word_1_718' title='bbox 2141 4837 2504 4909; x_wconf 81' lang='grc' dir='ltr'><em>πραγμάτων,</em></span> <span class='ocrx_word' id='word_1_719' title='bbox 2537 4831 2682 4891; x_wconf 75' lang='grc' dir='ltr'><em>οὗτοι</em></span> <span class='ocrx_word' id='word_1_720' title='bbox 2711 4839 2767 4892; x_wconf 85' lang='grc' dir='ltr'><em>δὲ</em></span> <span class='ocrx_word' id='word_1_721' title='bbox 2791 4839 2884 4892; x_wconf 76' lang='grc' dir='ltr'><strong><em>καὶ</em></strong></span> <span class='ocrx_word' id='word_1_722' title='bbox 2905 4838 3106 4909; x_wconf 81' lang='grc' dir='ltr'><em>μᾶλλον</em></span> <span class='ocrx_word' id='word_1_723' title='bbox 3132 4838 3510 4910; x_wconf 79' lang='grc' dir='ltr'><em>ὴρεθισμένοι,</em></span> <span class='ocrx_word' id='word_1_724' title='bbox 3537 4841 3599 4892; x_wconf 84' lang='grc' dir='ltr'><em>οὐ</em></span> <span class='ocrx_word' id='word_1_725' title='bbox 3630 4840 3730 4910; x_wconf 73' lang='grc' dir='ltr'><strong><em>μ6‹</em></strong></span> 
     </span>
    </p>
   </div>
   <div class='ocr_carea' id='block_1_102' title="bbox 2141 4923 3730 5001">
    <p class='ocr_par' dir='ltr' id='par_1_102' title="bbox 2141 4923 3730 5001">
     <span class='ocr_line' id='line_1_103' title="bbox 2141 4923 3730 5001; baseline 0.002 -19"><span class='ocrx_word' id='word_1_726' title='bbox 2141 4947 2230 4982; x_wconf 87' lang='grc' dir='ltr'><strong><em>νον</em></strong></span> <span class='ocrx_word' id='word_1_727' title='bbox 2264 4923 2353 4982; x_wconf 76' lang='grc' dir='ltr'><em>οἷα</em></span> <span class='ocrx_word' id='word_1_728' title='bbox 2383 4929 2447 5000; x_wconf 86' lang='grc' dir='ltr'><em>δὴ</em></span> <span class='ocrx_word' id='word_1_729' title='bbox 2481 4928 2769 5000; x_wconf 76' lang='grc' dir='ltr'><em>βάρϐαροι,</em></span> <span class='ocrx_word' id='word_1_730' title='bbox 2795 4929 2909 4983; x_wconf 84' lang='grc' dir='ltr'><em>ἀλλ’</em></span> <span class='ocrx_word' id='word_1_731' title='bbox 2933 4932 3016 4984; x_wconf 84' lang='grc' dir='ltr'><em>ὅτι</em></span> <span class='ocrx_word' id='word_1_732' title='bbox 3058 4932 3157 5001; x_wconf 82' lang='grc' dir='ltr'><em>τήν</em></span> <span class='ocrx_word' id='word_1_733' title='bbox 3185 4948 3245 4985; x_wconf 90' lang='grc' dir='ltr'><strong><em>τε</em></strong></span> <span class='ocrx_word' id='word_1_734' title='bbox 3279 4931 3462 4986; x_wconf 84' lang='grc' dir='ltr'><em>αἰτίαν</em></span> <span class='ocrx_word' id='word_1_735' title='bbox 3506 4930 3730 5001; x_wconf 69' lang='grc' dir='ltr'><em>εὔλογον</em></span> 
     </span>
    </p>
   </div>
   <div class='ocr_carea' id='block_1_103' title="bbox 2137 5019 3729 5095">
    <p class='ocr_par' dir='ltr' id='par_1_103' title="bbox 2137 5019 3729 5095">
     <span class='ocr_line' id='line_1_104' title="bbox 2137 5019 3729 5095; baseline 0.001 -21"><span class='ocrx_word' id='word_1_736' title='bbox 2137 5019 2277 5074; x_wconf 83' lang='grc' dir='ltr'><em>εἶναι</em></span> <span class='ocrx_word' id='word_1_737' title='bbox 2305 5021 2534 5090; x_wconf 83' lang='grc' dir='ltr'><em>ἡγοῦντο</em></span> <span class='ocrx_word' id='word_1_738' title='bbox 2575 5024 2668 5074; x_wconf 76' lang='grc' dir='ltr'><strong><em>καὶ</em></strong></span> <span class='ocrx_word' id='word_1_739' title='bbox 2707 5025 2835 5086; x_wconf 81' lang='grc' dir='ltr'><em>τοὺς</em></span> <span class='ocrx_word' id='word_1_740' title='bbox 2876 5022 3068 5091; x_wconf 84' lang='grc' dir='ltr'><em>λόγους</em></span> <span class='ocrx_word' id='word_1_741' title='bbox 3104 5023 3162 5076; x_wconf 84' lang='grc' dir='ltr'><em>ὲν</em></span> <span class='ocrx_word' id='word_1_742' title='bbox 3207 5023 3453 5095; x_wconf 82' lang='grc' dir='ltr'><em>μεγίστῳ</em></span> <span class='ocrx_word' id='word_1_743' title='bbox 3482 5023 3729 5093; x_wconf 83' lang='grc' dir='ltr'><em>θαύματι</em></span> 
     </span>
    </p>
   </div>
   <div class='ocr_carea' id='block_1_104' title="bbox 2138 5113 3732 5187">
    <p class='ocr_par' dir='ltr' id='par_1_104' title="bbox 2138 5113 3732 5187">
     <span class='ocr_line' id='line_1_105' title="bbox 2138 5113 3732 5187; baseline 0.001 -19"><span class='ocrx_word' id='word_1_744' title='bbox 2138 5113 2441 5181; x_wconf 78' lang='grc' dir='ltr'><em>ἐποιοῦντο,</em></span> <span class='ocrx_word' id='word_1_745' title='bbox 2467 5114 2497 5167; x_wconf 79' lang='grc' dir='ltr'>ὃ</span> <span class='ocrx_word' id='word_1_746' title='bbox 2528 5115 2593 5187; x_wconf 80' lang='grc' dir='ltr'><em>δὴ</em></span> <span class='ocrx_word' id='word_1_747' title='bbox 2619 5116 2710 5168; x_wconf 77' lang='grc' dir='ltr'><strong><em>καὶ</em></strong></span> <span class='ocrx_word' id='word_1_748' title='bbox 2747 5115 2949 5186; x_wconf 84' lang='grc' dir='ltr'><em>μᾶλλον</em></span> <span class='ocrx_word' id='word_1_749' title='bbox 2978 5116 3174 5180; x_wconf 83' lang='grc' dir='ltr'><em>αὐτοὺς</em></span> <span class='ocrx_word' id='word_1_750' title='bbox 3219 5117 3459 5170; x_wconf 84' lang='grc' dir='ltr'><em>ἀνεκίνει</em></span> <span class='ocrx_word' id='word_1_751' title='bbox 3506 5117 3602 5170; x_wconf 77' lang='grc' dir='ltr'><strong><em>καὶ</em></strong></span> <span class='ocrx_word' id='word_1_752' title='bbox 3649 5116 3732 5170; x_wconf 77' lang='lat' dir='ltr'><strong><em>6t-</em></strong></span> 
     </span>
    </p>
   </div>
   <div class='ocr_carea' id='block_1_105' title="bbox 2139 5206 3727 5280">
    <p class='ocr_par' dir='ltr' id='par_1_105' title="bbox 2139 5206 3727 5280">
     <span class='ocr_line' id='line_1_106' title="bbox 2139 5206 3727 5280; baseline 0.003 -22"><span class='ocrx_word' id='word_1_753' title='bbox 2139 5206 2319 5259; x_wconf 84' lang='grc' dir='ltr'><em>εσόϐει</em></span> <span class='ocrx_word' id='word_1_754' title='bbox 2348 5207 2416 5261; x_wconf 81' lang='grc'><strong><em>⁸³.</em></strong></span> <span class='ocrx_word' id='word_1_755' title='bbox 2453 5207 2611 5261; x_wconf 75' lang='grc' dir='ltr'><em>Οὕτω</em></span> <span class='ocrx_word' id='word_1_756' title='bbox 2649 5208 2706 5261; x_wconf 85' lang='grc' dir='ltr'><em>δὲ</em></span> <span class='ocrx_word' id='word_1_757' title='bbox 2752 5207 2932 5261; x_wconf 84' lang='grc' dir='ltr'><em>αὐτῶν</em></span> <span class='ocrx_word' id='word_1_758' title='bbox 2975 5209 3416 5280; x_wconf 83' lang='grc' dir='ltr'><em>ταραττομένων,</em></span> <span class='ocrx_word' id='word_1_759' title='bbox 3457 5211 3601 5280; x_wconf 81' lang='grc' dir='ltr'><em>ἀνήρ</em></span> <span class='ocrx_word' id='word_1_760' title='bbox 3639 5226 3727 5271; x_wconf 88' lang='grc' dir='ltr'><strong><em>τις</em></strong></span> 
     </span>
    </p>
   </div>
   <div class='ocr_carea' id='block_1_106' title="bbox 2139 5299 3727 5373">
    <p class='ocr_par' dir='ltr' id='par_1_106' title="bbox 2139 5299 3727 5373">
     <span class='ocr_line' id='line_1_107' title="bbox 2139 5299 3727 5373; baseline 0.001 -21"><span class='ocrx_word' id='word_1_761' title='bbox 2139 5299 2427 5370; x_wconf 76' lang='grc' dir='ltr'><em>Φαρτὰζης</em></span> <span class='ocrx_word' id='word_1_762' title='bbox 2459 5301 2506 5332; x_wconf 67' lang='grc'><strong><em>⁵⁸</em></strong></span> <span class='ocrx_word' id='word_1_763' title='bbox 2544 5301 2736 5373; x_wconf 75' lang='grc' dir='ltr'><em>ὄνομα,</em></span> <span class='ocrx_word' id='word_1_764' title='bbox 2777 5299 2853 5356; x_wconf 84' lang='grc' dir='ltr'><em>ὢν</em></span> <span class='ocrx_word' id='word_1_765' title='bbox 2891 5303 2991 5372; x_wconf 80' lang='grc' dir='ltr'><em>μὲν</em></span> <span class='ocrx_word' id='word_1_766' title='bbox 3043 5303 3101 5356; x_wconf 80' lang='grc' dir='ltr'><em>ἐν</em></span> <span class='ocrx_word' id='word_1_767' title='bbox 3143 5305 3257 5367; x_wconf 83' lang='grc' dir='ltr'><em>τοῖς</em></span> <span class='ocrx_word' id='word_1_768' title='bbox 3301 5301 3538 5373; x_wconf 79' lang='grc' dir='ltr'><em>μάλιστα</em></span> <span class='ocrx_word' id='word_1_769' title='bbox 3575 5303 3727 5372; x_wconf 71' lang='grc' dir='ltr'><em>παρὰ</em></span> 
     </span>
    </p>
   </div>
   <div class='ocr_carea' id='block_1_107' title="bbox 1743 5452 2417 5512">
    <p class='ocr_par' dir='ltr' id='par_1_107' title="bbox 1743 5452 2417 5512">
     <span class='ocr_line' id='line_1_108' title="bbox 1743 5452 2417 5512; baseline 0.001 -2"><span class='ocrx_word' id='word_1_770' title='bbox 1743 5454 1979 5512; x_wconf 62' lang='grc' dir='ltr'><strong><em>ΥΑΒΙᾸΞ</em></strong></span> <span class='ocrx_word' id='word_1_771' title='bbox 2005 5452 2417 5511; x_wconf 84' lang='lat' dir='ltr'><strong><em>LECTIONES.</em></strong></span> 
     </span>
    </p>
   </div>
   <div class='ocr_carea' id='block_1_108' title="bbox 521 5613 3721 5691">
    <p class='ocr_par' dir='ltr' id='par_1_108' title="bbox 521 5613 3721 5691">
     <span class='ocr_line' id='line_1_109' title="bbox 521 5613 3721 5691; baseline -0.003 -15"><span class='ocrx_word' id='word_1_772' title='bbox 521 5613 568 5649; x_wconf 77' lang='grc'><strong><em>⁸⁸</em></strong></span> <span class='ocrx_word' id='word_1_773' title='bbox 611 5619 1036 5691; x_wconf 79' lang='grc' dir='ltr'><em>ἀναλογίσασθαι</em></span> <span class='ocrx_word' id='word_1_774' title='bbox 1081 5617 1190 5691; x_wconf 31' lang='lat' dir='ltr'><strong><em>RL</em></strong></span> <span class='ocrx_word' id='word_1_775' title='bbox 1254 5616 1515 5691; x_wconf 43' lang='lat' dir='ltr'><strong><em>&quot;scalae</em></strong></span> <span class='ocrx_word' id='word_1_776' title='bbox 1563 5615 1759 5691; x_wconf 60' lang='grc' dir='ltr'><em>στῆθος</em></span> <span class='ocrx_word' id='word_1_777' title='bbox 1807 5613 1880 5691; x_wconf 78' lang='lat' dir='ltr'><strong><em>_R,</em></strong></span> <span class='ocrx_word' id='word_1_778' title='bbox 1929 5613 2036 5691; x_wconf 68' lang='grc' dir='ltr'><em>ύπὸ</em></span> <span class='ocrx_word' id='word_1_779' title='bbox 2065 5613 2252 5691; x_wconf 50' lang='grc' dir='ltr'><strong><em>τὸσεζ</em></strong></span> <span class='ocrx_word' id='word_1_780' title='bbox 2277 5613 2423 5691; x_wconf 62' lang='lat' dir='ltr'><strong><em>vulg.</em></strong></span> <span class='ocrx_word' id='word_1_781' title='bbox 2451 5622 2512 5691; x_wconf 67' lang='lat' dir='ltr'><strong><em>et</em></strong></span> <span class='ocrx_word' id='word_1_782' title='bbox 2558 5613 2782 5691; x_wconf 73' lang='lat' dir='ltr'><strong><em>intpr._</em></strong></span> <span class='ocrx_word' id='word_1_783' title='bbox 2840 5613 2885 5645; x_wconf 72' lang='lat'><strong>“</strong></span> <span class='ocrx_word' id='word_1_784' title='bbox 2921 5613 3092 5691; x_wconf 48' lang='lat' dir='ltr'><strong><em>by.th</em></strong></span> <span class='ocrx_word' id='word_1_785' title='bbox 3132 5614 3199 5691; x_wconf 20' lang='lat' dir='ltr'><strong><em>HR</em></strong></span> <span class='ocrx_word' id='word_1_786' title='bbox 3249 5623 3303 5691; x_wconf 80' lang='lat' dir='ltr'><strong><em>et</em></strong></span> <span class='ocrx_word' id='word_1_787' title='bbox 3335 5615 3525 5691; x_wconf 81' lang='lat' dir='ltr'><strong><em>in_tpr.,</em></strong></span> <span class='ocrx_word' id='word_1_788' title='bbox 3561 5617 3721 5691; x_wconf 68' lang='grc' dir='ltr'><em>ἡμῶν</em></span> 
     </span>
    </p>
   </div>
   <div class='ocr_carea' id='block_1_109' title="bbox 443 5686 1624 5763">
    <p class='ocr_par' dir='ltr' id='par_1_109' title="bbox 443 5686 1624 5763">
     <span class='ocr_line' id='line_1_110' title="bbox 443 5686 1624 5763; baseline -0.007 -19"><span class='ocrx_word' id='word_1_789' title='bbox 443 5692 592 5763; x_wconf 70' lang='lat' dir='ltr'><strong><em>vulg.</em></strong></span> <span class='ocrx_word' id='word_1_790' title='bbox 668 5691 712 5763; x_wconf 45' lang='grc' dir='ltr'><strong><em>δέ</em></strong></span> <span class='ocrx_word' id='word_1_791' title='bbox 743 5686 1135 5763; x_wconf 71' lang='grc' dir='ltr'><em>σι’ωπουμένων</em></span> <span class='ocrx_word' id='word_1_792' title='bbox 1162 5689 1228 5744; x_wconf 77' lang='grc' dir='ltr'><strong><em>Β.</em></strong></span> <span class='ocrx_word' id='word_1_793' title='bbox 1306 5686 1352 5763; x_wconf 63' lang='grc' dir='ltr'>ξ⁶</span> <span class='ocrx_word' id='word_1_794' title='bbox 1381 5686 1624 5763; x_wconf 74' lang='grc' dir='ltr'><em>δόξωμεν</em></span> 
     </span>
    </p>
   </div>
   <div class='ocr_carea' id='block_1_110' title="bbox 1724 5681 3719 5753">
    <p class='ocr_par' dir='ltr' id='par_1_110' title="bbox 1724 5681 3719 5753">
     <span class='ocr_line' id='line_1_111' title="bbox 1724 5681 3719 5753; baseline 0.001 -14"><span class='ocrx_word' id='word_1_795' title='bbox 1724 5692 1777 5739; x_wconf 75' lang='lat' dir='ltr'><strong><em>et</em></strong></span> <span class='ocrx_word' id='word_1_796' title='bbox 1807 5684 1984 5753; x_wconf 82' lang='lat' dir='ltr'><strong><em>Lugd.</em></strong></span> <span class='ocrx_word' id='word_1_797' title='bbox 2063 5684 2105 5714; x_wconf 71' lang='lat'><strong><em>‘7</em></strong></span> <span class='ocrx_word' id='word_1_798' title='bbox 2139 5685 2286 5753; x_wconf 76' lang='grc' dir='ltr'><em>ὑμᾶς</em></span> <span class='ocrx_word' id='word_1_799' title='bbox 2307 5681 2395 5737; x_wconf 54' lang='grc' dir='ltr'><strong><em>Β(</em></strong></span> <span class='ocrx_word' id='word_1_800' title='bbox 2437 5682 2493 5753; x_wconf 16' lang='lat'><strong><em>7“</em></strong></span> <span class='ocrx_word' id='word_1_801' title='bbox 2524 5699 2583 5735; x_wconf 83' lang='grc' dir='ltr'><strong><em>τε</em></strong></span> <span class='ocrx_word' id='word_1_802' title='bbox 2611 5681 2720 5738; x_wconf 76' lang='lat' dir='ltr'><strong><em>om.</em></strong></span> <span class='ocrx_word' id='word_1_803' title='bbox 2746 5681 2810 5736; x_wconf 69' lang='grc' dir='ltr'><strong><em>Β.</em></strong></span> <span class='ocrx_word' id='word_1_804' title='bbox 2849 5684 2944 5738; x_wconf 77' lang='grc' dir='ltr'><strong><em>καὶ</em></strong></span> <span class='ocrx_word' id='word_1_805' title='bbox 2975 5681 3101 5738; x_wconf 79' lang='lat' dir='ltr'><strong><em>ante</em></strong></span> <span class='ocrx_word' id='word_1_806' title='bbox 3127 5686 3292 5738; x_wconf 77' lang='grc' dir='ltr'><em>δεινοὶ</em></span> <span class='ocrx_word' id='word_1_807' title='bbox 3335 5681 3461 5739; x_wconf 81' lang='lat' dir='ltr'><strong><em>add.</em></strong></span> <span class='ocrx_word' id='word_1_808' title='bbox 3485 5701 3550 5741; x_wconf 76' lang='lat' dir='ltr'><strong><em>ex</em></strong></span> <span class='ocrx_word' id='word_1_809' title='bbox 3581 5681 3633 5738; x_wconf 66' lang='grc' dir='ltr'><strong><em>’Β</em></strong></span> <span class='ocrx_word' id='word_1_810' title='bbox 3663 5696 3719 5740; x_wconf 85' lang='lat' dir='ltr'><strong><em>et</em></strong></span> 
     </span>
    </p>
   </div>
   <div class='ocr_carea' id='block_1_111' title="bbox 443 5752 3716 5830">
    <p class='ocr_par' dir='ltr' id='par_1_111' title="bbox 443 5752 3716 5830">
     <span class='ocr_line' id='line_1_112' title="bbox 443 5752 3716 5830; baseline -0.002 -14"><span class='ocrx_word' id='word_1_811' title='bbox 443 5752 612 5830; x_wconf 67' lang='lat' dir='ltr'><strong><em>impr.</em></strong></span> <span class='ocrx_word' id='word_1_812' title='bbox 686 5761 730 5793; x_wconf 67' lang='grc'><strong><em>⁸³</em></strong></span> <span class='ocrx_word' id='word_1_813' title='bbox 764 5752 1144 5830; x_wconf 64' lang='grc' dir='ltr'><em>πόνωνῖιυςιΙ.</em></span> <span class='ocrx_word' id='word_1_814' title='bbox 1177 5769 1232 5830; x_wconf 84' lang='lat' dir='ltr'><strong><em>et</em></strong></span> <span class='ocrx_word' id='word_1_815' title='bbox 1263 5757 1351 5830; x_wconf 72' lang='lat' dir='ltr'><strong><em>e_d.</em></strong></span> <span class='ocrx_word' id='word_1_816' title='bbox 1384 5772 1497 5830; x_wconf 77' lang='lat' dir='ltr'><strong><em>pr.,</em></strong></span> <span class='ocrx_word' id='word_1_817' title='bbox 1525 5752 1830 5830; x_wconf 47' lang='lat' dir='ltr'><strong><em>adv-muli,</em></strong></span> <span class='ocrx_word' id='word_1_818' title='bbox 1861 5752 2044 5830; x_wconf 48' lang='lat' dir='ltr'><strong><em>7:35pm}</em></strong></span> <span class='ocrx_word' id='word_1_819' title='bbox 2079 5752 2202 5830; x_wconf 61' lang='lat' dir='ltr'><strong><em>Par.</em></strong></span> <span class='ocrx_word' id='word_1_820' title='bbox 2235 5770 2313 5830; x_wconf 81' lang='lat' dir='ltr'><strong><em>ex_</em></strong></span> <span class='ocrx_word' id='word_1_821' title='bbox 2330 5752 2473 5830; x_wconf 82' lang='lat' dir='ltr'><strong><em>conj.</em></strong></span> <span class='ocrx_word' id='word_1_822' title='bbox 2504 5753 2852 5830; x_wconf 87' lang='lat' dir='ltr'><strong><em>Bon._Vu1c.,</em></strong></span> <span class='ocrx_word' id='word_1_823' title='bbox 2877 5755 3051 5830; x_wconf 68' lang='lat' dir='ltr'><strong><em>impr.</em></strong></span> <span class='ocrx_word' id='word_1_824' title='bbox 3103 5755 3293 5830; x_wconf 65' lang='lat' dir='ltr'><strong><em>omisit</em></strong></span> <span class='ocrx_word' id='word_1_825' title='bbox 3365 5755 3412 5787; x_wconf 80' lang='grc' dir='ltr'><strong><em>⁵ο</em></strong></span> <span class='ocrx_word' id='word_1_826' title='bbox 3441 5757 3716 5830; x_wconf 59' lang='grc' dir='ltr'><em>μεγίστην</em></span> 
     </span>
    </p>
   </div>
   <div class='ocr_carea' id='block_1_112' title="bbox 442 5829 698 5903">
    <p class='ocr_par' dir='ltr' id='par_1_112' title="bbox 442 5829 698 5903">
     <span class='ocr_line' id='line_1_113' title="bbox 442 5829 698 5903; baseline 0 -19"><span class='ocrx_word' id='word_1_827' title='bbox 442 5829 512 5903; x_wconf 58' lang='grc' dir='ltr'><em>ᾗ,</em></span> <span class='ocrx_word' id='word_1_828' title='bbox 534 5829 698 5903; x_wconf 66' lang='lat' dir='ltr'><strong><em>apio-1:</em></strong></span> 
     </span>
    </p>
   </div>
   <div class='ocr_carea' id='block_1_113' title="bbox 739 5822 3713 5901">
    <p class='ocr_par' dir='ltr' id='par_1_113' title="bbox 739 5822 3713 5901">
     <span class='ocr_line' id='line_1_114' title="bbox 739 5822 3713 5901; baseline -0.002 -17"><span class='ocrx_word' id='word_1_829' title='bbox 739 5848 767 5884; x_wconf 86' lang='grc' dir='ltr'><strong><em>ν</em></strong></span> <span class='ocrx_word' id='word_1_830' title='bbox 797 5831 944 5901; x_wconf 72' lang='lat' dir='ltr'><strong><em>vulg.</em></strong></span> <span class='ocrx_word' id='word_1_831' title='bbox 977 5822 1248 5901; x_wconf 78' lang='grc' dir='ltr'><em>ἀρόίμεθα</em></span> <span class='ocrx_word' id='word_1_832' title='bbox 1286 5827 1353 5901; x_wconf 80' lang='lat' dir='ltr'><strong><em>R_,</em></strong></span> <span class='ocrx_word' id='word_1_833' title='bbox 1384 5822 1818 5901; x_wconf 38' lang='grc' dir='ltr'><em>ἑλοίμεθα-νοις.</em></span> <span class='ocrx_word' id='word_1_834' title='bbox 1885 5822 2268 5901; x_wconf 30' lang='lat' dir='ltr'><strong><em>fcitis-061m</em></strong></span> <span class='ocrx_word' id='word_1_835' title='bbox 2295 5824 2465 5901; x_wconf 77' lang='lat' dir='ltr'><strong><em>Lugd.</em></strong></span> <span class='ocrx_word' id='word_1_836' title='bbox 2502 5823 2677 5901; x_wconf 73' lang='lat' dir='ltr'><strong><em>et_ed.</em></strong></span> <span class='ocrx_word' id='word_1_837' title='bbox 2710 5840 2816 5893; x_wconf 89' lang='lat' dir='ltr'><strong><em>pr.,</em></strong></span> <span class='ocrx_word' id='word_1_838' title='bbox 2843 5822 2982 5879; x_wconf 72' lang='grc' dir='ltr'><em>οὒτε</em></span> <span class='ocrx_word' id='word_1_839' title='bbox 2999 5826 3106 5900; x_wconf 81' lang='grc' dir='ltr'><strong><em>ὅτῳ</em></strong></span> <span class='ocrx_word' id='word_1_840' title='bbox 3136 5822 3202 5893; x_wconf 79' lang='lat' dir='ltr'><strong><em>R,</em></strong></span> <span class='ocrx_word' id='word_1_841' title='bbox 3235 5824 3362 5880; x_wconf 77' lang='grc' dir='ltr'><em>οὔτε</em></span> <span class='ocrx_word' id='word_1_842' title='bbox 3394 5822 3548 5881; x_wconf 81' lang='grc' dir='ltr'><strong><em>αὗτοὶ</em></strong></span> <span class='ocrx_word' id='word_1_843' title='bbox 3575 5822 3713 5888; x_wconf 64' lang='grc' dir='ltr'><em>οὕτω</em></span> 
     </span>
    </p>
   </div>
   <div class='ocr_carea' id='block_1_114' title="bbox 439 5849 2833 5974">
    <p class='ocr_par' dir='ltr' id='par_1_114' title="bbox 439 5849 2833 5974">
     <span class='ocr_line' id='line_1_115' title="bbox 443 5849 2816 5903; baseline -0.004 -17"><span class='ocrx_word' id='word_1_844' title='bbox 443 5849 512 5898; x_wconf 73' lang='grc' dir='ltr'><strong><em>ιι,</em></strong></span> <span class='ocrx_word' id='word_1_845' title='bbox 538 5849 767 5903; x_wconf 69' lang='grc' dir='ltr'><em>αρισττιν</em></span> <span class='ocrx_word' id='word_1_846' title='bbox 797 5849 944 5901; x_wconf 79' lang='lat' dir='ltr'><strong><em>vulg.</em></strong></span> <span class='ocrx_word' id='word_1_847' title='bbox 977 5849 1248 5899; x_wconf 86' lang='grc' dir='ltr'><em>αοοιμευα</em></span> <span class='ocrx_word' id='word_1_848' title='bbox 1286 5849 1352 5888; x_wconf 76' lang='grc' dir='ltr'><strong><em>ιι,</em></strong></span> <span class='ocrx_word' id='word_1_849' title='bbox 1384 5849 1644 5895; x_wconf 71' lang='grc' dir='ltr'><em>εωιμευα</em></span> <span class='ocrx_word' id='word_1_850' title='bbox 1674 5849 1818 5895; x_wconf 68' lang='lat' dir='ltr'><strong><em>vmg.</em></strong></span> <span class='ocrx_word' id='word_1_851' title='bbox 1897 5849 1941 5854; x_wconf 80' lang='grc'><strong><em>--</em></strong></span> <span class='ocrx_word' id='word_1_852' title='bbox 1969 5849 2094 5877; x_wconf 78' lang='grc' dir='ltr'><em>υυτε</em></span> <span class='ocrx_word' id='word_1_853' title='bbox 2125 5849 2268 5877; x_wconf 75' lang='grc' dir='ltr'><em>ουτω</em></span> <span class='ocrx_word' id='word_1_854' title='bbox 2295 5849 2465 5894; x_wconf 66' lang='lat' dir='ltr'><strong><em>Lugu.</em></strong></span> <span class='ocrx_word' id='word_1_855' title='bbox 2502 5849 2556 5878; x_wconf 69' lang='lat' dir='ltr'><strong><em>Cl.</em></strong></span> <span class='ocrx_word' id='word_1_856' title='bbox 2589 5849 2677 5878; x_wconf 77' lang='lat' dir='ltr'><strong><em>cu.</em></strong></span> <span class='ocrx_word' id='word_1_857' title='bbox 2711 5849 2816 5893; x_wconf 79' lang='lat' dir='ltr'><strong><em>pr.,</em></strong></span> 
     </span>
     <span class='ocr_line' id='line_1_116' title="bbox 439 5869 2833 5974; baseline -0.003 -16"><span class='ocrx_word' id='word_1_858' title='bbox 439 5901 568 5958; x_wconf 80' lang='lat' dir='ltr'><strong><em>Par.</em></strong></span> <span class='ocrx_word' id='word_1_859' title='bbox 641 5903 688 5936; x_wconf 82' lang='lat'><strong>&quot;</strong></span> <span class='ocrx_word' id='word_1_860' title='bbox 712 5869 820 5974; x_wconf 65' lang='grc' dir='ltr'><strong><em>δπη</em></strong></span> <span class='ocrx_word' id='word_1_861' title='bbox 846 5899 910 5956; x_wconf 80' lang='lat' dir='ltr'><strong><em>R.</em></strong></span> <span class='ocrx_word' id='word_1_862' title='bbox 987 5879 1033 5934; x_wconf 68' lang='grc' dir='ltr'><em>δδ</em></span> <span class='ocrx_word' id='word_1_863' title='bbox 1060 5898 1294 5954; x_wconf 66' lang='grc' dir='ltr'><em>δῖεσόϐει</em></span> <span class='ocrx_word' id='word_1_864' title='bbox 1323 5897 1388 5967; x_wconf 77' lang='grc' dir='ltr'><em>Β,</em></span> <span class='ocrx_word' id='word_1_865' title='bbox 1419 5897 1564 5970; x_wconf 75' lang='lat' dir='ltr'><strong><em>vulg.</em></strong></span> <span class='ocrx_word' id='word_1_866' title='bbox 1634 5896 1690 5964; x_wconf 18' lang='grc'><strong><em>,⁵⁸</em></strong></span> <span class='ocrx_word' id='word_1_867' title='bbox 1717 5894 2006 5968; x_wconf 78' lang='grc' dir='ltr'><em>Φαρτάξης</em></span> <span class='ocrx_word' id='word_1_868' title='bbox 2040 5894 2085 5950; x_wconf 69' lang='lat' dir='ltr'><strong><em>ll</em></strong></span> <span class='ocrx_word' id='word_1_869' title='bbox 2116 5897 2166 5952; x_wconf 88' lang='lat' dir='ltr'><strong><em>in</em></strong></span> <span class='ocrx_word' id='word_1_870' title='bbox 2191 5909 2326 5967; x_wconf 72' lang='lat'><strong><em>1113.,</em></strong></span> <span class='ocrx_word' id='word_1_871' title='bbox 2353 5895 2516 5968; x_wconf 85' lang='lat' dir='ltr'><strong><em>impr.</em></strong></span> <span class='ocrx_word' id='word_1_872' title='bbox 2541 5892 2833 5951; x_wconf 74' lang='lat' dir='ltr'><strong><em>Pharazes.</em></strong></span> 
     </span>
    </p>
   </div>
  </div>
