4060 6430
356 388 506 458 ιιιδ

1527 375 2072 456 HISTORIARUM
2097 388 2336 455 LIBER
2369 390 2487 455 III.

3413 379 3661 451 ,ιιεσ

351 499 612 573 Κόλχοις,
664 500 891 576 ἔμφρων
935 503 992 558 δὲ
1037 504 1127 560 καὶ
1156 505 1450 579 δημοτικὸς
1488 504 1633 577 μάλα
1675 505 1801 569 τοὺς
1823 504 1948 577 τρό-

2054 502 2189 575 ipsis
2209 499 2699 570 tumultuantibus,
2722 499 2809 558 vir
2834 497 3058 573 quidem
3082 496 3381 559 Phsrtuos
3401 492 3651 564 nomine,-

353 610 517 658 πους,
540 594 771 665 ἐπέσχεν
795 596 995 660 αὐτοὺς
1023 598 1121 669 τῆς
1146 598 1322 670 ὁρμῆς
1352 598 1447 653 καὶ
1490 598 1778 667 ἀνέκοψεν,
1823 598 1940 650 ἱκε-

351 680 562 747 τεύσας
590 682 666 753 μὴ
689 684 960 758 πρότερον
996 688 1091 742 ἐπὶ
1140 688 1239 760 τὴν
1280 688 1479 760 πρᾶξιν
1508 689 1773 760 χωρῆσαι,
1816 689 1947 759 πρίν

348 791 415 828 τι
445 776 538 828 καὶ
563 775 734 830 αὑτοῦ
765 776 1017 846 λέγοντος
1060 779 1429 836 διακούσαιεν.
1459 781 1630 845 Μόλις
1660 781 1718 835 δὲ
1762 780 1947 835 αὐτῶν

354 866 751 936 πεπεισμένων
776 872 842 941 τῇ
871 871 1009 941 πρὸς
1042 871 1136 924 τὸν
1187 871 1359 943 ἄνδρα
1399 872 1560 936 αἰδοῖ,
1587 872 1682 926 καὶ
1725 871 1868 926 κατὰ
1898 871 1946 905 ⁸⁸

349 956 543 1033 χώραν
574 956 965 1032 μεμενηκότων
1000 961 1088 1034 (Ρ.
1114 962 1207 1036 85]
1242 962 1531 1035 παρελθὼν
1564 964 1657 1018 καὶ
1695 963 1858 1027 αὐτὸς
1888 964 1948 1027 ἐς

352 1048 554 1124 μέσον,
582 1052 764 1119 ἔλεξεν
791 1054 991 1109 τοιάδε·
1019 1057 1238 1111 Εἰκότα
1277 1056 1415 1127 μὲν,
1458 1052 1506 1113 ὦ
1546 1056 1761 1125 ἄνδρες
1795 1059 1945 1111 Κόλ-

346 1161 478 1215 χοι,
534 1145 894 1215 πεπόνθατε,
954 1147 1157 1219 λόγων
1215 1148 1509 1217 δεινότητι
1561 1148 1798 1219 σφόδρα
1847 1165 1947 1202 κε-

344 1235 795 1307 κομψευμένων
835 1235 944 1305 τὰς
982 1236 1221 1309 γνώμας
1259 1239 1745 1308 ἐκταραχθέντες.
1790 1241 1946 1293 Δυσ-

339 1327 713 1399 μαχώτατον
734 1328 848 1400 γάρ
867 1345 924 1382 τι
948 1330 1015 1383 τὸ
1041 1329 1245 1400 χρῆμα
1271 1331 1371 1385 καὶ
1395 1325 1526 1386 οἷον
1552 1330 1825 1398 ἅπαντας
1849 1330 1946 1385 ἀν-

343 1419 632 1489 θρώπους
666 1420 1056 1491 ἐκπλήττειν,
1090 1424 1204 1491 οὐχ
1240 1422 1467 1492 ἥκιστα
1507 1422 1578 1477 δὲ
1607 1422 1751 1489 τοὺς
1776 1423 1945 1477 οὔπω

346 1512 652 1582 πρότερον
676 1514 744 1579 ἐς
767 1513 982 1584 πεῖραν
1008 1514 1212 1571 αὐτῶν
1249 1515 1686 1584 καταστάντας’
1715 1517 1788 1571 οὐ
1814 1514 1945 1586 μὴν

345 1604 753 1660 παντάπασιν
791 1605 1322 1678 ἀνανταγώνιστον
1349 1608 1618 1679 σώφρονι
1645 1607 1941 1678 λογισμῷ,

346 1695 460 1749 καὶ
487 1694 687 1765 τῆςοέκ
711 1695 834 1752 τῶν
855 1687 1217 1771 πραγμάτων
1237 1701 1498 1769 κρίσεως
1524 1700 1807 1771 ἐχομένῳ.
1842 1698 1941 1771 Μὴ

347 1786 571 1841 τοίνυν
596 1787 985 1856 ἀρεσκόντων
1008 1788 1168 1858 ὑμᾶς
1192 1790 1266 1845 τὰ
1303 1791 1607 1861 εἰρημένα,
1642 1790 1942 1862 λογιζομέ-

348 1894 506 1945 νους
539 1850 736 1945 ὡς-τῷ
772 1879 965 1949 άθρόφ
1217 1882 1317 1936 καὶ
1350 1850 1661 1951 ⁷ἀσυνήθει
1692 1850 1741 1917 ’ί
1766 1850 1943 1938 ὲέπι.
1971 1850 2017 1908 Β

349 1986 627 2037 armat,
664 1970 805 2026 ἀλλ’
842 1973 917 2027 οὐ
962 1971 1046 2038 τῷ
1086 1972 1378 2043 πρέποντι
1427 1976 1528 2030 καὶ
1572 1974 1850 2046 ὠφελίμῳ
1872 1976 1942 2034 ³⁷.

362 2059 701 2116 Γινώσκετε
730 2060 800 2116 δέ
816 2060 1084 2133 μᾶλλον,
1112 2065 1196 2133 ὡς
1220 2066 1275 2120 el
1304 2064 1407 2120 και
1432 2066 1578 2120 λίαν
1601 2066 1747 2137 ὑμῖν
1768 2083 1948 2138 κεχαο

355 2153 620 2224 ρισμένα
667 2152 868 2224 δοκεῖ,
918 2155 1060 2220 ἀλλ’
1104 2156 1307 2213 ἔνεστι
1355 2159 1669 2228 κρείττονα
1716 2160 1947 2215 τούτων

358 2242 627 2300 ἑλέσθαιο
669 2247 771 2301 καὶ
801 2247 870 2302 τὸ
888 2248 1114 2317 ῥᾳδίως
1152 2250 1595 2320 ἀναπεισθῆναι
1622 2253 1948 2324 τεκμήριον

353 2334 507 2404 ὑμῖν
530 2335 933 2407 έναργὲςτῆς
959 2338 1199 2409 ἀπάτης
1227 2338 1480 2410 γινέσθω
1511 2341 1577 2396 ⁸⁸.
1615 2341 1700 2408 Τῷ
1731 2343 1843 2414 γὰρ
1872 2343 1948 2398 τὰ

350 2423 563 2497 ⁴ψευδῆ
605 2430 1092 2498 συμϐουλεύοντι
1134 2430 1409 2502 μείζονός
1448 2449 1514 2488 τε
1560 2436 1795 2504 κόσμου
1842 2436 1944 2490 και

349 2522 669 2589 ποικιλίας
693 2521 984 2593 ῥημάτων
1029 2523 1301 2594 προσδεῖ·
1348 2525 1680 2581 κάντεῦθεν
1736 2527 1947 2593 πολλῷ

349 2610 444 2677 τῷ
467 2611 741 2683 θέλγοντι
772 2614 1100 2685 χρώμενος,
1136 2614 1358 2671 θᾶττον
1385 2616 1699 2686 ἐφέλκεται
1725 2618 1771 2652 ⁵⁸
1802 2619 1947 2686 τοὺς

349 2704 824 2772 εὐηθεστέρους.
849 2706 1016 2760 Οὕτω
1038 2706 1110 2760 δὲ
1130 2707 1233 2761 καὶ
1258 2707 1449 2778 ὑμεῖς,
1473 2709 1581 2764 τοῦ
1599 2709 1821 2780 Αἰήτου
1848 2726 1946 2765 σο-

348 2796 635 2866 φίσματα
681 2796 1010 2866 προθέντος
1056 2798 1105 2832 ⁸⁸
1150 2800 1429 2871 ἐπαγωγὰ
1460 2800 1558 2855 και
1606 2801 1941 2873 παράλογα,

350 2888 475 2941 οὐκ
509 2887 643 2941 ιστε
673 2885 835 2954 ὅπως
852 2887 1306 2959 ἐφενακίσθητε·
1339 2892 1531 2947 καίτοι
1550 2894 1605 2947 ει
1623 2893 1725 2947 καὶ
1749 2893 1946 2963 μηδὲν

348 2978 584 3047 ἕτερον,
613 2979 753 3034 ἀλλ’
780 2978 980 3035 ἐκεῖνό
1012 2997 1081 3050 γε
1108 2982 1208 3036 καὶ
1239 2984 1384 3039 λίαν
1402 2984 1476 3039 έν
1494 2984 1780 3054 προδήλῳ
1819 2987 1943 3040 κεί-

347 3085 547 3140 μενον
569 3068 735 3137 εὕροι
757 3085 847 3136 τις
862 3069 960 3136 ἂν,
989 3070 1071 3139 ὡς
1102 3070 1299 3141 ἄλλης
1324 3073 1490 3141 τινὸς
1512 3073 1814 3144 ζητήσεως
1839 3077 1944 3146 ἀρ-

2046 599 2342 669 praacipue
2373 598 2662 670 cujusdam
2688 597 2833 654 inter
2852 594 3090 653 Colchos
3118 590 3492 655 auctoritatis,
3514 604 3652 662 pru-

2047 692 2185 746 dens
2222 690 2393 746 etiam
2422 705 2488 746 ac
2519 689 2836 747 moderatus
2867 696 2922 744 et
2954 687 3114 743 valde
3152 683 3457 757 popularis,
3491 696 3652 739 com-

2047 783 2260 851 pescuit
2279 796 2471 837 eorum
2494 781 2780 853 impetum,
2802 780 3169 850 ardoremque
3190 775 3497 842 restrinxit,
3521 789 3652 845 pre-

2045 882 2205 929 catus
2249 887 2319 928 ne
2364 874 2469 930 hoc
2506 874 2785 945 negotium
2820 870 3276 944 aggrederentur,
3313 876 3648 937 anteaquam

2046 966 2212 1021 etiam
2256 981 2319 1022 se
2361 967 2569 1037 aliquid
2609 966 2880 1022 dicentem
2924 965 3231 1020 audissent.
3265 960 3434 1031 Egre
3463 969 3646 1017 autem

2047 1056 2183 1127 ipsis
2231 1058 2539 1114 reverentia
2585 1058 2736 1114 illius
2779 1058 2883 1112 viri
2932 1056 3233 1127 persuasis,
3265 1068 3480 1124 suoque
3522 1054 3665 1109 loco

2046 1147 2425 1212 manentibus,
2471 1162 2798 1219 progressus
2834 1146 2999 1203 etiam
3042 1147 3160 1215 ipse
3197 1144 3254 1199 in
3288 1142 3554 1209 medium,
3587 1143 3648 1197 in

2046 1238 2197 1295 hunc
2230 1240 2455 1295 modum
2490 1240 2654 1295 verba
2695 1238 2863 1294 fecit:
2900 1236 3052 1291 Nihil
3082 1235 3200 1290 novi
3239 1235 3380 1289 vobis
3414 1232 3643 1297 accidit,

2046 1347 2078 1384 o
2102 1329 2310 1399 Colchi,
2335 1332 2475 1403 quod
2509 1332 2559 1386 vi
2588 1331 2866 1386 verborum
2893 1329 3048 1385 ualde
3070 1329 3423 1397 speciosorusn
3446 1326 3654 1382 animis.

2045 1423 2166 1479 sitis
2187 1424 2506 1493 perturbati.
2556 1421 2766 1478 Invicta
2791 1422 2930 1477 enim
2953 1435 3036 1475 res
3056 1428 3134 1473 est
3159 1418 3478 1489 eloquentia,
3501 1432 3647 1488 quat-

2043 1532 2143 1587 que
2171 1532 2348 1571 omnes
2376 1516 2615 1571 homines
2643 1515 2916 1585 percellit,
2950 1513 3217 1583 praecipue
3249 1526 3366 1564 vero
3404 1526 3515 1575 eos,
3554 1512 3649 1580 qui

2045 1625 2315 1681 nunquam
2342 1618 2499 1664 antea
2527 1609 2644 1680 ejus
2670 1607 2964 1678 periculum
2993 1606 3273 1675 fecerunt;
3305 1619 3408 1657 non
3439 1603 3517 1656 ita
3561 1612 3647 1656 ta-

2044 1714 2195 1765 men,
2236 1699 2365 1770 quin
2405 1699 2456 1753 ei
2504 1698 2681 1753 resisti
2721 1697 2892 1768 possit
2933 1696 3183 1765 prudenti
3221 1692 3651 1749 consideratione

2042 1805 2350 1863 quasqueea:
2381 1806 2557 1845 rerum
2582 1789 2788 1845 delectu
2815 1789 3062 1859 pendeat.
3102 1786 3185 1842 Ne
3215 1788 3385 1858 igitur
3410 1801 3528 1856 quat
3558 1785 3647 1839 di-

2045 1892 2132 1937 cta
2164 1881 2323 1953 162
2344 1892 2491 1948 sunt,
2518 1898 2551 1936 a
2580 1881 2724 1937 vobis
2751 1880 3132 1952 approbentur,
3151 1878 3658 1942 considerantibus,

2044 1975 2182 2047 quod
2211 1976 2481 2045 repentino
2514 1983 2722 2030 tantum
2754 1982 2804 2028 et
2831 1975 3059 2040 insueto,
3085 1989 3189 2027 non
3219 1980 3397 2026 autem
3423 1970 3641 2025 honesto

2043 2082 2095 2129 et
2130 2072 2255 2127 utili
2289 2071 2584 2143 probabilia
2617 2072 2728 2127 sint
2767 2071 2903 2126 visa.
2949 2068 3245 2139 Intelligite
3278 2082 3397 2123 vero
3432 2068 3638 2135 potius,

2043 2167 2183 2238 quod
2214 2166 2423 2221 tametsi
2450 2164 2562 2220 hac
2584 2165 2739 2220 valde
2760 2164 2906 2220 vobis
2921 2174 3077 2235 grata
3093 2162 3392 2227 uideantur,
3417 2160 3652 2216 meliora:

2046 2271 2222 2316 tamen
2260 2261 2343 2316 bis
2390 2260 2640 2332 amplecti
2681 2260 2847 2315 licet:
2886 2259 3200 2330 eoidensque
3237 2256 3384 2311 vobis
3430 2255 3640 2324 (raudis

2045 2364 2415 2426 argumentum
2441 2355 2513 2409 sit
2540 2354 2703 2425 facile
2738 2353 3087 2423 persuaderi;
3112 2351 3258 2406 Nam
3286 2351 3337 2404 ei
3373 2349 3467 2420 qui
3497 2347 3643 2419 falsa

2044 2448 2165 2503 velit
2196 2447 2451 2513 suadere,
2484 2447 2691 2517 majore
2733 2455 2927 2500 ornatu
2966 2445 3320 2513 uarietateque
3362 2439 3643 2497 verborum

2044 2549 2122 2596 est
2165 2556 2334 2607 opus;
2357 2540 2611 2611 quocirca
2647 2539 2817 2594 multo
2856 2537 3116 2593 orationis
3161 2534 3422 2591 lenocinio
3465 2540 3640 2597 utens,

2045 2634 2393 2701 simpliciores
2432 2634 2593 2688 citius
2624 2633 2872 2687 attrahit.
2901 2631 2992 2686 Ita
3022 2647 3139 2685 vero
3180 2630 3343 2684 etiam
3380 2642 3491 2691 vos,
3520 2641 3644 2680 cum

2044 2723 2226 2781 Eetes
2253 2724 2589 2780 illecebrosas
2618 2724 2882 2795 quasdam
2911 2722 3235 2792 fallacesque
3269 2719 3509 2789 argutias
3537 2715 3644 2770 ad-v

2044 2816 2297 2881 hibuerit,
2338 2816 2550 2871 nescitis
2580 2816 2704 2886 ipsi,
2729 2813 2989 2887 quomodo
3016 2813 3223 2883 decepti
3251 2812 3394 2866 sitis.
3428 2809 3498 2863 Et
3518 2808 3651 2880 qui-

2044 2908 2162 2963 dem
2188 2916 2246 2961 ut
2281 2907 2413 2961 nihil
2444 2906 2615 2971 aliud,
2642 2906 2779 2961 illud
2801 2914 2939 2960 certe
2968 2905 3301 2974 apertissime
3324 2903 3489 2956 cuivis
3513 2916 3669 2954 con-..

2043 3009 2187 3055 stare
2210 3008 2399 3070 potest,
2421 3000 2559 3070 quod
2581 2998 2749 3053 aliam
2779 2997 3066 3069 quamdam
3097 2997 3281 3051 statim
3314 2994 3467 3050 initio
3494 3007 3652 3063 quas

2045 3092 2267 3146 stionem
2300 3091 2558 3160 injecerit,
2587 3090 2651 3145 ab
2686 3090 2774 3156 iis,
2814 3104 3041 3161 quorum
3077 3103 3242 3142 causa
3283 3085 3652 3149 convenimus,

352 3161 487 3229 χὴν
517 3159 845 3255 ἐμϐάλλειν
863 3160 1140 3255 προήχθη
1169 3162 1288 3219 τῶν
1305 3165 1398 3236 ἐφ’
1422 3164 1461 3220 d
1489 3166 1801 3238 πάρεσμεν
1832 3170 1939 3226 ἀλ-

2048 3159 2456 3238 alienissimam.
2481 3179 2711 3237 Perinde
2731 3159 2869 3235 enim
2892 3188 3049 3251 atque
3076 3179 3220 3235 vobis
3243 3176 3509 3243 omnibus,
3539 3190 3650 3229 non

348 3250 787 3322 λοτριωτάτην.
822 3253 1105 3325 Καθάπερ
1156 3258 1270 3327 γὰρ
1319 3257 1488 3328 ὑμῶν
1528 3258 1814 3317 ἀπάντων
1866 3266 1942 3319 οὐ

353 3342 533 3397 δεινὰ
576 3345 944 3402 καθεστάναι
993 3348 1067 3403 τὰ
1093 3351 1515 3420 συμϐεϐηκότα
1556 3355 1941 3426 φασκόντων,

356 3433 466 3491 καὶ
504 3432 617 3504 τῆς
645 3435 875 3492 ἀτόπου
911 3440 1262 3509 μιαιφονίας
1301 3441 1524 3511 ἣκιστα
1566 3462 1945 3518 καταμεμφο-

347 3525 582 3592 μένων,
607 3525 708 3579 καὶ
733 3528 910 3582 τοῦτο
943 3530 1132 3596 μόνον
1156 3530 1652 3591 διασκοπούντων
1669 3538 1837 3607 εἴπερ
1861 3539 1944 3607 ὡς

355 3611 602 3681 ἀληθῶς
627 3612 1049 3684 ἀμαρτήκασιν
1076 3620 1133 3674 ol
1158 3618 1265 3675 τὸν
1287 3623 1601 3694 Γουϐάζην
1623 3627 1947 3685 ἀπεκτονό-

355 3721 476 3771 τες,
507 3704 822 3775 παρῆλθεν
836 3711 1183 3781 κατηγορῶν
1200 3710 1470 3779 ἐκείνων,
1493 3716 1591 3770 καὶ
1614 3720 1946 3789 πλείστους

357 3796 557 3865 ὅσους
597 3803 1049 3871 προφερόμενος
1085 3802 1129 3836 ⁸⁸
1157 3804 1383 3875 λόγους
1416 3808 1520 3862 ἐπὶ
1552 3810 1680 3877 τοῖς
1712 3812 1828 3882 ἤδη
1855 3813 1945 3870 δι-

359 3889 785 3960 εγνωσμένοις.
829 3890 981 3965 Ἐγὼ
1024 3893 1095 3949 δέ
1142 3896 1519 3968 καταράτους
1554 3902 1673 3972 μὲν
1702 3905 1748 3937 ⁸³
1790 3902 1948 3964 εἶναι

361 3994 523 4046 φημι
542 3980 638 4034 καὶ
656 3982 1119 4054 κακοδαίμονας,
1143 3987 1243 4041 καὶ
1271 3989 1440 4057 οἵους
1465 3991 1685 4061 ἣδιστα
1705 3998 1949 4052 θεασαί-

350 4081 498 4138 μην
523 4065 598 4122 ἂν
630 4070 855 4140 ὀλέθρῳ
881 4072 964 4139 τῷ
984 4073 1227 4131 πάντων
1255 4081 1657 4151 χαλεπωτάτῳ
1688 4084 1948 4142 διωλλυσ

350 4155 608 4250 μένους,
638 4163 711 4217 οὺ
737 4163 933 4234 μόνον
951 4165 1096 4236 τοὺς
1120 4169 1498 4240 πλήξαντας,
1524 4176 1622 4231 καὶ
1653 4177 1769 4246 τὴν
1794 4194 1951 4250 σφα-

354 4248 488 4344 γὴν
522 4251 651 4321 ταῖς
689 4257 901 4325 χερσὶν
940 4258 1400 4333 ἐπενεγκόντας,
1438 4267 1603 4324 ἀλλὰ
1646 4272 1747 4325 καὶ
1803 4248 1950 4344 τοὺς

354 4342 727 4436 ὅσοιπαρὸν
747 4350 1023 4416 κωλύειν,
1040 4351 1299 4423 έφῆκαν,
1326 4357 1478 4426 πρὸς
1504 4359 1573 4415 δέ
1592 4379 1660 4433 γε
1684 4364 1782 4419 καὶ
1807 4342 1951 4436 τοὺς

353 4435 690 4529 ἡσθέντας,
742 4442 842 4498 καὶ
884 4443 1027 4512 τοὺς
1055 4445 1144 4517 μὴ
1181 4448 1327 4504 λίαν
1373 4435 1945 4529 ύπεραλγήσανταςι

2046 3289 2159 3329 esse
2195 3274 2404 3328 atrocia
2445 3289 2564 3344 qua:
2604 3272 2952 3338 acciderunt,
2996 3269 3314 3334 dicentibus,
3350 3279 3401 3323 et
3437 3278 3646 3337 turpem

2046 3364 2182 3418 hanc
2216 3362 2406 3419 cadem
2450 3379 2776 3434 nequaquam
2807 3361 3205 3428 accusantibus,
3236 3370 3397 3431 atque
3432 3359 3530 3412 hoc
3558 3373 3645 3410 so-

2048 3453 2159 3507 lum
2190 3453 2670 3517 considerantibus,
2701 3468 2787 3506 an.
2811 3467 2992 3507 revera
3032 3449 3349 3521 deliquerint
3389 3448 3483 3520 qui
3536 3444 3648 3501 Gut-

2049 3547 2231 3600 basem
2262 3545 2660 3615 interfecerunt,
2695 3544 2913 3599 illorum
2940 3543 3335 3598 accusationem
3362 3540 3653 3610 praeteriit,

2048 3639 2320 3708 multaque
2341 3637 2496 3692 verba
2527 3637 2592 3692 de
2619 3637 2687 3692 iis
2709 3652 2827 3707 qua:
2847 3636 2971 3706 jam
2999 3634 3213 3705 cognita
3236 3630 3381 3698 sunt,
3406 3647 3647 3684 consum-

2046 3734 2175 3801 psit.
2204 3730 2319 3801 Ego
2344 3746 2465 3786 vero
2495 3727 2850 3784 easecrabiles
2888 3742 3002 3784 esse
3031 3727 3152 3780 dico
3184 3723 3395 3795 Deoque
3427 3724 3647 3788 invisos,

2047 3839 2278 3895 quosque
2314 3822 2662 3877 libentissime
2691 3819 2913 3875 uiderim
2945 3835 3067 3874 nece
3105 3818 3339 3872 omnium
3369 3816 3648 3871 atrocissi-

2049 3933 2139 3971 ma
2165 3916 2399 3985 periisse,
2424 3926 2528 3968 non
2557 3923 2768 3968 tantum
2790 3925 3142 3982 percussores,
3165 3909 3357 3979 quique
3377 3908 3492 3962 suis
3508 3908 3650 3977 ipso-

2049 4023 2169 4062 rum
2198 4006 2441 4060 manibus
2469 4006 2666 4060 credens
2700 4009 3095 4073 penpetrarunt,
3126 4014 3304 4054 verum
3330 3998 3494 4053 etiam
3534 4015 3649 4054 om-

2048 4116 2139 4156 nes
2166 4114 2276 4163 eos,
2304 4097 2397 4168 qui
2434 4113 2555 4151 cum
2594 4094 2870 4166 prohibere
2907 4098 3141 4163 possent,
3185 4092 3559 4162 permiserunt,
3593 4101 3649 4148 et

2048 4208 2135 4248 eos
2162 4191 2375 4258 insuper
2398 4189 2489 4261 qui
2518 4188 2687 4259 gavisi
2715 4194 2860 4250 sunt,
2895 4193 2947 4240 et
2969 4184 3062 4255 qui
3094 4199 3201 4238 non
3224 4199 3535 4254 magnopere
3562 4185 3649 4239 in?

2049 4282 2352 4338 doluerunt.
2401 4279 2583 4351 Neque
2628 4275 2787 4349 163
2833 4287 3029 4343 tamen,
3070 4291 3374 4346 quanquam
3408 4275 3501 4331 ita.
3524 4292 3650 4337 sum

2051 4376 2294 4445 affectus,
2331 4373 2401 4427 ad
2430 4371 2627 4427 Persas
2655 4371 2881 4426 transire
2902 4370 3153 4439 expedit;
3185 4385 3347 4440 neque
3363 4370 3650 4441 quisquam

2057 4466 2156 4520 hoc
2203 4463 2282 4519 ita
2321 4461 2550 4531 accipiat
2603 4470 2858 4531 tanquam
2905 4467 3304 4514 consectaneum
3350 4459 3546 4513 rationi
3596 4468 3651 4517 et

354 4527 545 4597 Πλὴν
583 4530 721 4624 ἀλλ’
754 4534 887 4601 οὐκ,
933 4535 1143 4607 ἐπειδὴ
1194 4539 1384 4598 ταῦτα
1440 4544 1772 4614 γιγνώσκω,
1829 4527 1948 4621 ἤδη

2066 4571 2350 4621 annexum,
2372 4527 2534 4624 quod,
2565 4552 2691 4623 quia
2708 4527 2796 4605 illi
2828 4550 2963 4621 leges
2990 4548 3384 4618 proculcarunt,
3408 4558 3655 4619 oporteat

357 4637 490 4675 που
518 4622 618 4681 καὶ
655 4628 1033 4697 προσχωρεῖν
1065 4630 1189 4699 τοῖς
1225 4632 1486 4704 Πέρσαις
1522 4641 1824 4695 συνοίσει·
1849 4644 1953 4701 οὐ·

356 4712 438 4767 δὲ
466 4714 640 4771 τοῦτο
666 4718 843 4776 λάϐοι
883 4738 977 4790 τις
1007 4722 1085 4778 ἂν
1109 4723 1315 4796 ὥσπερ
1354 4728 1653 4799 ἑπόμενον
1683 4732 1764 4799 τῷ
1791 4737 1953 4806 λόγῳ

359 4807 471 4861 καὶ
501 4812 911 4883 συνημμένον,
939 4816 1042 4883 ὡς,
1083 4818 1336 4875 ἐκείνων
1367 4827 1951 4896 παρανομησάντων,

357 4903 575 4972 δεήσει
597 4907 699 4961 καὶ
720 4908 879 4979 ἡμᾶς
919 4910 993 4965 τὰ
1012 4912 1204 4967 οἰκεῖα
1233 4916 1455 4985 νόμιμα
1482 4920 1947 4988 καταπροέσθαι·

358 4996 514 5052 οὐδὲ
540 5000 618 5065 ὡς
643 5000 926 5071 ἀπίστοις
943 5004 1064 5075 μέν
1082 5005 1290 5073 αὐτοῖς
1310 5007 1621 5077 ἄχθεσθαι,
1646 5015 1957 5080 παραπληο

334 5090 517 5147 ,σιἀν
539 5091 611 5145 δέ
635 5093 978 5162 κτήσασθαι
1001 5098 1209 5163 δόξαν.
1237 5099 1369 5155 Νῦν
1389 5100 1500 5171 γὰρ
1521 5104 1594 5157 οὐ
1620 5101 1687 5157 τὸ
1711 5103 1957 5173 φθάσαν

359 5183 470 5237 καὶ
508 5184 938 5258 διηνυσμένον,
966 5192 1064 5247 καὶ
1093 5191 1297 5248 οὐκέτι
1327 5192 1445 5263 τὴν
1475 5195 1583 5249 τοῦ
1601 5194 1689 5265 μὴ
1717 5196 1957 5267 γεγονέ-

359 5294 474 5333 ναι
501 5278 695 5347 φύσιν
730 5281 1184 5354 ἐπιδεχόμενον,
1215 5286 1673 5359 ἀναλογίζεσθαι
1708 5287 1850 5359 χρὴ,
1873 5288 1956 5356 ὡς

360 5368 452 5424 ἂν
470 5368 582 5441 μὴ,
611 5371 737 5427 σὺν
769 5373 817 5407 ⁸⁸
842 5373 923 5442 τῷ
950 5375 1302 5447 θυμουμένῳ
1330 5376 1438 5447 τῆς
1460 5377 1670 5449 ψυχῆς
1699 5379 1798 5434 καὶ
1846 5395 1953 5448 κα⁸

2058 4649 2222 4704 etiam
2245 4663 2340 4702 nos
2360 4645 2551 4715 patriis
2577 4642 2836 4698 institutis
2858 4641 3164 4707 valedicere,
3191 4656 3355 4711 neque
3381 4640 3510 4710 ipsis
3530 4641 3651 4711 qui-

2058 4741 2177 4795 dem
2215 4748 2273 4793 ut
2299 4738 2516 4809 perﬁdis
2546 4735 2779 4806 infensos
2808 4751 2942 4802 esse,
2965 4734 3203 4789 eamdem
3229 4749 3346 4789 vero
3366 4749 3526 4803 quam
3548 4733 3652 4803 ipsi

2057 4832 2356 4902 opinionem
2399 4839 2590 4885 tenere.
2629 4825 2813 4897 Neque
2843 4826 2983 4905 enim
3026 4841 3163 4880 nunc
3196 4824 3289 4888 id,
3329 4823 3469 4894 quod
3511 4838 3651 4893 prato

2057 4923 2273 4977 teritum
2300 4928 2673 4990 peractumque
2701 4926 2781 4973 est
2818 4916 3174 4987 infectumque
3212 4914 3362 4969 reddi
3404 4930 3509 4969 non
3551 4928 3651 4981 po-

2060 5020 2179 5077 test,
2211 5022 2456 5080 reputare
2481 5018 2704 5081 oportet,
2734 5024 2797 5063 ne
2822 5007 3063 5063 uidelicet
3084 5008 3260 5063 animo
3286 5006 3370 5060 ira
3398 5005 3649 5075 indigna-

2044 5103 2299 5172 -tioneque
2326 5117 2577 5157 succenso
2605 5099 2977 5164 deliberantes,
2997 5099 3350 5168 imprudentes
3378 5095 3650 5167 judicium

2062 5203 2300 5250 nostrum
2327 5194 2680 5263 obfuscemus,
2711 5193 2939 5249 sanioris
2976 5193 3299 5263 patiarisque
3330 5189 3536 5244 consilii
3565 5189 3653 5241 in.

2063 5287 2355 5342 cantionem
2386 5285 2534 5341 nobis
2561 5286 2918 5357 prteripientes
2943 5301 2963 5351 ;
2985 5283 3076 5338 sed
3104 5283 3181 5337 ita
3204 5281 3302 5335 hoc
3331 5279 3470 5334 malo
3490 5279 3651 5347 aﬂici,

2064 5387 2121 5432 ut
2154 5394 2257 5433 non
2293 5376 2581 5447 neglexisse
2620 5375 2678 5431 id
2717 5375 3026 5440 videamur,
3074 5370 3368 5443 prospicere
3404 5384 3544 5433 sero,
3590 5376 3657 5424 ut

1670 5552 1908 5608 VARIAE
1939 5551 2348 5608 LEC'I'IONICS.

450 5700 500 5735 ”
526 5702 667 5787 “me
680 5705 866 5787 χώρας
892 5707 1247 5787 detraxit“?
1285 5708 1351 5787 κέ

362 5787 494 5827 om.
526 5774 650 5846 lict
684 5774 865 5846 intpr.

977 5779 1023 5850 fl“
1058 5778 1296 5845 γινέσθω
1324 5780 1416 5841 IL,
1435 5778 1679 5847 γενέσθω
1704 5784 1853 5850 \‘U'S-

368 5843 716 5919 προσθέντος
750 5843 898 5919 vulg.

976 5849 1016 5879 ιι
1054 5850 1495 5920 προσφερόμενος
1523 5851 1559 5904 Β
1572 5891 1584 5903 .

1425 5709 1473 5742 ⁵⁸
1504 5710 1724 5781 συνήθει
1757 5709 1820 5773 Ii,
1862 5711 1948 5766 inti

2080 5713 2474 5766 consuetudine.
2552 5711 2596 5743 ⁸⁷
2619 5709 2826 5781 enim»
2851 5707 2930 5779 τῷ
2960 5705 3232 5781 πρέποντι
3258 5704 3353 5757 καὶ
3384 5703 3648 5773 ὠφελίμῳ

1959 5783 2002 5812 ⁵³
2024 5781 2348 5848 ἐφέλκεσθαι
2382 5781 2446 5834 Ii.

1664 5845 1824 5920 ⁶⁹μὲῦ
1852 5863 1969 5920 post
1996 5845 2336 5921 καταράτους
2370 5853 2475 5911 ins.
2509 5851 2599 5917 R.,
2636 5845 2746 5906 (im.
2776 5849 2924 5920 vulg.
3002 5848 3047 5880 ”
3099 5847 3198 5900 σὺν
3227 5860 3340 5902 om.
3375 5845 3438 5900 Β.

2549 5782 2593 5813 ιο
2618 5775 2915 5871 προθέντρέ
2960 5775 3084 5871 ιιέι
3111 5776 3278 5860 intpr.
3308 5782 3655 5871 prgponente.
