4060 6448
519 380 658 444 14⁶2τ
755 433 758 436 .

1713 387 2076 450 ΑϐΑΤΗΙίΕ
2113 389 2608 452 SCHOLASTICI
2641 398 2646 404 '

3621 400 3736 473 1428

511 494 728 565 reliquae
767 507 850 550 res
887 511 1048 568 nam
1078 495 1272 567 optime
1303 499 1722 554 constituantur.
1770 497 2101 554 Dementium

2215 501 2552 554 πεπαίνοντι
2584 499 3050 570 βουλευόμενοι,
3087 499 3370 572 λάθοιμεν
3411 502 3637 579 ἑαυτοὺς
3681 519 3742 571 τὸ

511 587 654 639 enim
682 595 779 651 est,
807 589 870 642 ab
898 588 1171 656 praterita
1205 589 1351 643 mala
1381 601 1629 661 perpetuo
1660 591 1784 662 angi
1815 600 1971 661 atque
1999 593 2114 646 dis-

513 681 786 747 ernciari;
826 682 1145 748 sapientium
1184 698 1325 748 vero,
1371 684 1684 738 inordinata
1727 685 1960 752 fortuna
2001 700 2114 738 mo-

512 783 688 825 menta
711 789 1036 843 cognoscere,
1061 784 1109 827 et
1135 775 1427 828 mutatione
1452 775 1913 844 vicissitudineque
1938 790 2113 827 rerum

514 877 616 916 non
649 865 981 928 commoveri,
1019 880 1181 934 neque
1214 863 1482 933 prioribus
1517 865 1778 934 privatos,
1809 865 2114 934 futurorum

512 967 559 1005 et
585 972 672 1006 am
699 970 841 1024 spem
872 972 1079 1010 omnem
1113 956 1364 1026 abjicere.

2214 591 2423 660 κρῖνον
2452 589 2901 657 ἐπιθολοῦντες,
2935 591 3036 645 καί
3075 589 3192 659 τὴν
3220 591 3322 646 τοῦ
3349 593 3634 666 ἀμείνονος
3657 606 3741 657 εὖ-

2205 696 2386 748 ρεσιν
2412 677 2920 749 προαφῃρημένοι·
2944 679 3109 735 ἀλλὰ
3149 679 3254 735 τοῦ
3283 680 3395 750 μὲν
3423 683 3627 755 πάθους
3647 694 3744 760 ὑφ.

2212 770 2399 835 ελεῒν,
2424 771 2678 824 είσόσον
2705 769 2790 840 μὴ
2830 771 3035 826 δοκεῖν
3069 772 3451 842 ἠμεληκέναι·
3495 781 3749 846 πρόνοιαν

2213 862 2281 916 δὲ
2319 862 2437 916 τῶν
2479 862 2630 932 γοῦν
2671 863 2904 916 λοιπῶν
2934 864 3145 919 θέσθαι
3179 863 3261 936 [Ρ.
3292 864 3382 937 861
3413 872 3749 942 πραγμάτων,

2213 955 2374 1020 ὅπως
2411 953 2629 1022 ἄριστα
2665 955 3034 1024 κώεστήξῃ.
3086 955 3382 1023 Ἀνοήτων
3408 961 3516 1028 μὲν
3546 965 3644 1032 γὰρ
3665 968 3754 1020 ἀν.

511 1046 672 1113 δρῶν
707 1048 806 1101 ἐπὶ
848 1049 973 1116 τοῖς
1006 1050 1459 1121 παρῳχημένοις
1495 1051 1704 1118 κακοῖς
1740 1049 2102 1121 ἀγανακτεῖν
2134 1049 2310 1119 μέχρι
2376 1050 2607 1115 παντὸς
2681 1050 2778 1102 καί
2821 1049 3126 1112 ἀνιᾶσθαι,
3187 1055 3506 1119 σωφρόνων
3546 1055 3608 1109 δὲ
3657 1059 3750 1126 τὰς

511 1142 810 1207 ἀτάκτους
836 1141 1038 1210 ῥοπὰς
1067 1144 1425 1214 γιγνώσκειν
1487 1143 1600 1211 τῆς
1639 1145 1852 1212 τύχης,
1889 1144 1987 1197 καὶ
2056 1141 2189 1208 ταῖς
2223 1141 2586 1212 μεταϐολαῖς
2610 1141 2696 1212 μὴ
2729 1142 3142 1212 ταράττεσθαι,
3159 1141 3334 1213 μηδὲ,
3359 1143 3474 1198 τῶν
3498 1149 3760 1217 προτέρων

512 1237 979 1305 εστερημένους,
1025 1239 1485 1309 συνδιαφθεῖραι
1526 1241 1627 1294 καὶ
1666 1242 1774 1304 τὰς
1803 1238 1925 1293 τῶν
1955 1239 2314 1308 μελλόντων
2345 1236 2622 1302 ἐλπίδας.

589 1335 673 1386 Η.
709 1332 814 1387 Sed
837 1335 922 1386 hic
945 1334 1157 1402 quidem
1183 1333 1456 1388 consultor
1488 1349 1608 1387 cum
1628 1332 1953 1402 jamdudum
1981 1330 2115 1386 Per-

514 1443 698 1479 sarum
724 1429 791 1480 sit
814 1427 1106 1492 studiosus,
1133 1443 1328 1498 nosque
1359 1428 1428 1480 ad
1454 1426 1575 1480 illos
1603 1427 1832 1480 transire
1853 1433 2111 1494 peroptet,

514 1518 920 1586 perterrefacere
952 1535 1046 1573 nos
1093 1529 1154 1573 ut
1191 1537 1382 1590 pueros
1422 1528 1690 1584 conatur;
1715 1519 1854 1588 quod
1884 1517 2112 1571 Romani

515 1611 608 1675 iis,
644 1626 762 1679 quae
779 1609 898 1679 jam
933 1612 987 1664 in
1014 1629 1108 1666 nos
1139 1614 1260 1667 ausi
1299 1622 1444 1679 sunt,
1476 1613 1708 1668 contenti
1748 1628 1851 1666 non
1889 1612 1995 1664 sint
2026 1609 2114 1677 fu-

517 1705 648 1769 turi,
685 1703 776 1757 sed
816 1704 1170 1759 atrocioribus
1211 1705 1367 1759 malis
1405 1704 1700 1773 aﬁ'ecturi;
1739 1702 1980 1773 quodque
2020 1715 2114 1753 res

517 1797 646 1863 ipsis
689 1796 754 1848 sit
786 1811 1041 1850 novarum
1073 1812 1249 1849 rerum
1285 1795 1735 1858 studiosissimus,
1773 1795 1983 1862 ipseque
2012 1807 2115 1844 au-

516 1899 632 1942 etor
671 1889 1029 1958 impulsorque
1061 1889 1220 1958 fuerit
1264 1890 1424 1943 credis
1474 1888 1643 1942 multo
1683 1896 1842 1940 antea
1887 1895 2115 1953 tempore

515 1982 822 2035 deliberata:
857 1991 905 2034 et
951 1990 1292 2050 procurata};
1338 1990 1494 2051 atque
1544 1978 1704 2050 164
1742 1979 1852 2032 Ιιιεε
1895 1978 2111 2040 dicens,

517 2070 714 2125 Persas
749 2069 898 2124 miris
930 2070 1177 2124 laudibus
1211 2070 1442 2134 extollit,
1475 2084 1853 2138 persuasurum
1883 2083 1936 2120 se
1965 2065 2114 2119 nobis

516 2161 616 2214 hac
641 2162 846 2215 ratione
876 2162 1112 2226 credens,
1143 2171 1200 2215 ut
1228 2163 1488 2231 supplices
1527 2161 1904 2231 spontaneique
1934 2171 2113 2211 trans—

515 2252 658 2322 fugat
697 2253 891 2321 fiamus
933 2253 1020 2318 iis,
1050 2255 1140 2323 qui
1180 2253 1329 2307 nobis
1371 2262 1568 2308 natura
1609 2265 1733 2308 sunt
1775 2251 2111 2320 infestissimi

514 2346 711 2399 hostes.
747 2343 890 2398 Nam
921 2345 991 2398 ad
1019 2345 1160 2398 hunc
1200 2345 1413 2399 unicum
1459 2361 1677 2415 scopum
1717 2343 1980 2407 collimat,
2013 2343 2111 2396 hoc

504 2436 626 2506 jam
655 2437 720 2489 ab
751 2436 905 2490 initio
947 2436 1179 2505 parturit
1218 2447 1266 2490 et
1303 2438 1564 2501 enititur,
1617 2446 1674 2490 ut
1716 2452 1833 2507 quia
1874 2435 2112 2489 studiose

511 2529 842 2595 procuravit,
873 2529 1263 2598 perﬁciantur;
1300 2537 1350 2582 et
1388 2529 1684 2582 inconsulte
1719 2528 1945 2582 suadens
1983 2543 2113 2580 con-

475 2621 822 2675 'sultationis
858 2621 1095 2675 ordinem
1136 2621 1416 2690 confundit
1459 2638 1521 2674 ac
1559 2625 1761 2685 turbat,
1804 2621 2114 2690 inutilisque

514 2722 570 2764 ut
599 2712 668 2765 sit
697 2712 869 2781 efﬁcit.
904 2711 1240 2766 Consultatio
1262 2713 1400 2767 enim
1432 2728 1650 2781 semper.
1668 2713 1962 2782 prtecedere
1987 2729 2114 2765 cnn-

513 2805 702 2869 suevit,
740 2821 821 2858 res
851 2821 953 2858 non
989 2804 1144 2874 plane
1187 2806 1503 2875 manifestas
1535 2806 1916 2860 examinationi
1946 2805 2114 2874 subji-

513 2901 677 2952 ciens.
717 2895 818 2951 Ubi
846 2914 962 2951 vero
989 2899 1197 2951 tandem
1236 2899 1365 2968 quid
1399 2898 1542 2967 facto
1583 2899 1651 2952 sit
1688 2913 1840 2967 opus,
1870 2907 1948 2951 est
1989 2913 2113 2966 per-

2294 1329 2383 1400 ιβ’.
2425 1331 2588 1385 Ἀλλ’
2631 1333 2665 1384 ό
2707 1328 2826 1398 μὲν
2865 1329 3218 1398 σύμϐουλος
3247 1327 3429 1383 πάλαι
3478 1333 3545 1385 τὰ
3570 1333 3764 1400 Μήδων

2219 1420 2480 1491 φρονῶν,
2511 1421 2608 1475 καὶ
2629 1419 2926 1490 μεθιστᾷν
2962 1419 3122 1490 ἡμᾶς
3167 1421 3263 1474 ἐπ’
3293 1421 3560 1490 ἐκείνους
3590 1429 3765 1497 τλιχό.

2213 1531 2422 1584 μενος,
2462 1515 2903 1583 μορμολύττειν
2941 1513 3208 1582 καθάπερ
3239 1513 3378 1579 τοὺς
3409 1515 3616 1582 παῖδας
3658 1535 3764 1573 πει-

2210 1604 2413 1676 ρᾶται,
2449 1606 2530 1672 ὡς
2564 1604 2641 1674 δὴ
2681 1606 2726 1638 ⁸⁸
2756 1605 2883 1672 τοῖς
2927 1605 3235 1674 Ῥωμαίοις
3267 1607 3339 1659 οὐ
3365 1605 3482 1660 τῶν
3517 1613 3766 1678 τετολμη-

2211 1699 2415 1770 μένων
2455 1699 2962 1768 ἀποχρησόντων,
2999 1696 3162 1753 ἀλλὰ
3187 1697 3474 1768 μειζόνων
3502 1716 3767 1768 προσεσο-

2211 1793 2416 1862 μένων
2438 1793 2484 1824 ⁸⁸
2502 1808 2515 1824 ο
2543 1793 2644 1846 καί
2677 1793 2759 1858 ὡς
2786 1794 2820 1846 ό
2835 1791 3142 1857 ,βασιλεὺς
3163 1791 3368 1858 αὐτοῖς
3388 1795 3768 1862 ιιαινουργότα⁶

2216 1900 2320 1945 τος
2349 1883 2415 1948 “⁶,
2453 1882 2553 1936 καὶ
2599 1882 2674 1937 τὰ
2702 1881 2811 1950 τῆς
2839 1882 3192 1952 μιαιφονίας
3227 1883 3412 1949 αὐτὸς
3447 1883 3768 1952 ἐγκελευσά-

2211 1993 2396 2046 μενος
2421 1976 2538 2044 ein,
2577 1975 2976 2031 σπουδασθὲν
3012 1976 3083 2029 ἐκ
3123 1975 3420 2030 πλείστου
3462 1976 3555 2029 καί
3583 1977 3769 2040 ,βεϐουο

2214 2069 2538 2138 λευμένον⁸
2569 2069 2667 2123 καὶ
2687 2069 2876 2124 ταῦτα
2899 2067 3178 2138 φάσκων,
3209 2067 3472 2138 ἀνυμνεῖ
3489 2069 3624 2135 τοὺς
3645 2070 3768 2138 Πέρ-

2217 2177 2335 2228 σας
2363 2162 2463 2216 καί
2494 2161 2883 2233 ὑπεράγαται,
2915 2161 3147 2216 πείθειν
3186 2158 3349 2230 ἡμᾶς
3376 2161 3648 2216 ἐντεῦθεν
3674 2163 3771 2215 οίό-

2211 2272 2398 2324 μενος
2452 2254 2651 2322 ἱκέτας
2703 2254 2888 2321 εὐθὺς
2943 2255 3044 2308 καὶ
3097 2255 3475 2325 αὐτομόλους
3526 2253 3771 2324 γενέσθαι

2217 2346 2339 2402 τῶν
2375 2349 2558 2416 φύσει
2599 2347 3076 2416 πολεμιωτάτων.
3113 2347 3273 2416 Πρὸς
3297 2345 3475 2400 τοῦτο
3511 2347 3616 2416 γὰρ
3641 2346 3770 2400 ἅπα-

2218 2455 2341 2496 σαν
2367 2440 2493 2510 ἕχει
2519 2441 2639 2508 τὴν
2661 2441 2998 2509 ἀναφορὰν,
3023 2439 3256 2494 ὠδίνων
3287 2437 3545 2507 ἐξιιρχῆς
3577 2437 3666 2492 καί
3685 2455 3772 2507 pn-

2216 2534 2563 2603 χανώμενος
2603 2534 2685 2599 ὠς
2733 2531 2812 2587 ἂν
2855 2532 3017 2599 αὐτῷ
3053 2532 3128 2587 τὰ
3170 2531 3615 2602 μεμελετημένα
3649 2531 3773 2598 πρὸς

2215 2626 2394 2696 ἔργον
2443 2627 2674 2695 ἐκϐαίη,
2725 2626 2826 2680 καὶ
2862 2626 2987 2681 σὺν
3031 2623 3114 2691 τῷ
3154 2625 3536 2690 ἀνεξετάστῳ
3564 2620 3772 2692 προτρέ-

2217 2737 2368 2785 πων,
2417 2719 2536 2787 τὴν
2575 2719 2683 2787 τῆς
2703 2717 2949 2787 ,ϐουλῆς
2986 2718 3156 2781 τάξιν
3185 2715 3412 2787 συγχεῖ
3453 2715 3547 2769 καὶ
3595 2715 3774 2783 raper

2215 2828 2323 2875 τει,
2357 2811 2454 2865 καὶ
2485 2811 2636 2879 πρὸς
2668 2810 2732 2864 τὸ
2763 2813 3064 2877 ἀνόνητον
3103 2810 3145 2842 ⁸⁷
3170 2808 3556 2880 μεταϐάλλει.
3594 2807 3658 2862 Ἡ
3682 2804 3776 2874 μὲν

2217 2905 2326 2974 γὰρ
2361 2906 2743 2972 προτερεύειν
2771 2905 2995 2974 ἔλαχεν
3027 2903 3118 2958 ἀεί
3149 2904 3249 2957 καὶ
3283 2902 3575 2970 ἡγεῖσθαι,
3604 2899 3771 2964 ,βάσο-

511 2991 801 3060 cognitum,
845 3001 957 3044 tant
1003 3007 1130 3045 sane
1175 3007 1382 3046 necesse
1409 3001 1485 3045 est
1518 3001 1574 3044 ut
1609 2992 1752 3045 adsit
1778 2991 2023 3045 voluntas
2063 2999 2114 3044 et

2220 3015 2332 3051 νον
2374 2997 2710 3066 ἐμποιοῦσα
2749 2997 2874 3064 τοῖς
2916 2998 3082 3052 οὔπω
3125 2996 3478 3066 προδήλοις·
3523 2996 3688 3064 μόλις
3724 2988 3776 3044 δὲ

511 3084 835 3136 desiderium
875 3085 1222 3153 consequendi
1265 3101 1348 3147 ea,
1384 3100 1504 3154 qua
1545 3093 1672 3138 sunt
1709 3085 1914 3154 placita
1955 3093 2114 3153 atque

510 3179 740 3232 decreta.
766 3177 869 3231 llic
891 3187 1068 3232 autem
1087 3194 1150 3232 ex
1170 3171 1276 3248 ﬁne
1303 3178 1626 3246 principium
1650 3177 1802 3247 facit,
1831 3178 2113 3232 decernens

504 3269 646 3338 jam,
676 3270 989 3338 priusquam
1027 3268 1231 3340 aliquid
1267 3269 1619 3338 perpenderit.
1659 3269 1922 3335 Quisnam
1951 3270 2116 3340 igitur

513 3361 677 3430 fuerit
715 3361 1117 3415 consultationis
1151 3362 1381 3431 fructus,
1414 3363 1459 3416 si
1484 3361 1694 3431 judicio
1725 3371 1801 3416 est
1826 3355 2152 3432 posteriori.

526 3453 628 3508 Vos
658 3464 856 3520 autem,
900 3472 930 3508 ο
958 3453 1162 3520 Colchi,
1196 3456 1390 3509 animis
1429 3455 1578 3510 nullo
1608 3457 1923 3526 prajudicio
1953 3471 2115 3509 occu-

511 3547 676 3614 patis,
705 3557 752 3600 et
785 3547 855 3599 ad
884 3561 1049 3598 unum
1086 3547 1313 3616 aliquem
1347 3549 1700 3616 praestitutum
1727 3549 1884 3616 finem
1913 3563 1999 3600 vos
2029 3545 2117 3600 di-

515 3639 760 3708 rigentes.
790 3639 867 3690 ita
897 3638 965 3690 ad
986 3639 1398 3694 consultationes
1419 3639 1672 3694 accedite.
1696 3638 1802 3704 Qui
1831 3639 1970 3692 enim
1993 3653 2116 3707 pos-

513 3739 636 3782 sunt
670 3745 849 3783 rerum
885 3731 1271 3785 vicissitudines
1308 3733 1356 3786 vi
1396 3731 1593 3785 arcessi
1631 3739 1681 3784 et
1725 3732 1796 3784 ad
1824 3732 1991 3784 animi
2021 3747 2114 3784 vo-

515 3825 772 3876 luntatem
792 3825 1046 3878 traduci?
1068 3823 1412 3880 Contrarium
1439 3826 1580 3880 enim
1600 3825 1683 3880 his
1709 3825 1948 3880 ordinem
1968 3829 2114 3895 sequi

512 3927 739 3986 oportet,
769 3919 1190 3990 intellectumque
1215 3935 1410 3989 purum
1435 3937 1498 3974 ac
1525 3919 1753 3974 liberum
1776 3921 1958 3990 suique
1969 3921 2114 3990 juris

511 4014 726 4082 afferre,
759 4022 839 4080 ut,
873 4014 1028 4068 rebus
1057 4025 1310 4067 accurate
1335 4013 1625 4082 perpensis,
1658 4013 1796 4082 quod
1827 4013 2115 4068 consultis-

513 4110 652 4159 simu
673 4124 706 4159 ιι
735 4108 1065 4176 maximeque
1090 4123 1156 4162 ea:
1195 4123 1252 4160 re
1276 4118 1376 4170 est,
1409 4121 1782 4177 exsequamur.
1817 4107 1906 4162 Sic
1939 4108 2117 4178 itaque

515 4199 939 4253 consultantibus
969 4199 1117 4253 nobis
1141 4200 1325 4252 statim
1357 4199 1631 4268 apparebit
1665 4198 1824 4272 165
1860 4200 1998 4270 quod
2025 4216 2116 4254 ne-

513 4309 613 4363 que
649 4309 684 4346 a
721 4291 972 4346 Romanis
1009 4292 1320 4363 legionibus,
1349 4307 1510 4361 neque
1542 4308 1576 4345 a
1601 4292 1870 4361 praefectis
1909 4295 2117 4348 univer-

513 4389 611 4451 sis,
632 4387 801 4440 multo
832 4401 952 4440 vero
983 4386 1155 4439 minus
1186 4385 1251 4439 ab
1279 4387 1395 4454 ipso
1428 4399 1611 4437 eorum
1635 4385 1957 4454 imperatore
1979 4387 2115 4444 insi-

513 4479 620 4532 dia:
655 4475 861 4532 Gubazi
901 4476 1098 4546 fuerint
1134 4485 1372 4531 structte.
1418 4473 1798 4543 Pervulgatum
1830 4477 1971 4530 enim
1995 4476 2118 4545 jam

515 4568 657 4637 apud
689 4569 830 4637 ipsos
861 4579 906 4622 et
945 4569 998 4623 in
1030 4569 1269 4638 confesso
1299 4579 1400 4638 est,
1435 4569 1574 4642 quod
1619 4569 1867 4625 Rusticus
1898 4579 1948 4623 et
1977 4567 2121 4623 Mar-

515 4663 656 4715 tinus
684 4677 950 4731 prospem
985 4662 1133 4716 illius
1159 4663 1394 4733 fortunte
1423 4663 1713 4719 invidentes
1741 4663 1796 4717 in
1820 4665 2119 4717 ultroneam

515 4755 683 4809 animi
714 4755 985 4826 feritatem
1012 4759 1118 4812 sint
1148 4756 1374 4826 abrepti,
1411 4758 1628 4824 reliquis
1653 4755 1876 4812 ducibus
1908 4773 2013 4810 non
2043 4773 2126 4812 so-

513 4858 625 4912 lum
650 4871 753 4908 non
787 4854 1187 4925 adjuvantibus,
1212 4870 1392 4909 verum
1416 4854 1579 4909 etiam
1601 4855 1784 4908 acerbe
1812 4852 2122 4923 ferentibus.

516 4941 771 5014 Iniquum
810 4943 994 5014 itaque
1033 4951 1084 4999 et
1121 4951 1380 5014 praeterea
1413 4942 1604 4997 inutile
1637 4943 1819 5012 fuerit.
1864 4941 1926 4996 ob
1964 4942 2122 4996 unius

517 5037 765 5105 fortassis
807 5046 963 5108 atque
995 5037 1219 5093 alterius
1251 5036 1468 5108 culpam
1507 5035 1745 5108 publicas
1785 5035 1944 5107 leges,
1986 5051 2120 5106 quas

515 5130 793 5185 observare
824 5131 1222 5200 constituimus,
1253 5140 1491 5202 proterve
1528 5129 1753 5198 violare,
1785 5130 2118 5184 universum-

2216 3091 2323 3145 τοῦ
2363 3091 2661 3159 πρακτέου
2702 3089 3206 3160 διαγνωσθέντος,
3248 3093 3386 3144 τότε
3424 3088 3500 3155 δὴ
3542 3083 3776 3155 παρεῖναι

2217 3185 2411 3254 χρεὼν
2453 3185 2518 3238 τὸ
2548 3183 2782 3240 ἐθέλειν
2809 3183 3018 3254 τυχεῖν
3061 3185 3161 3238 καὶ
3199 3184 3478 3252 ἐφίεσθαι
3517 3180 3630 3235 τῶν
3653 3181 3783 3246 αίρεη.

2216 3277 2464 3331 θέντων.
2503 3275 2564 3328 '0
2588 3274 2656 3328 δὲ
2683 3275 2748 3328 τὸ
2781 3275 2969 3344 πέρας
2999 3273 3199 3344 ἀρχὴν
3229 3274 3572 3340 πεποίηται,
3599 3269 3775 3336 έλόμε⁴

2216 3387 2326 3436 νος
2360 3368 2478 3438 ἤδη
2509 3369 2654 3437 πρίν
2679 3385 2734 3421 τι
2756 3367 2968 3438 σαφῶς
2991 3365 3432 3435 διασκοπῆσιιι.
3477 3363 3650 3418 Ποῖον
3676 3358 3753 3413 τοί
3759 3383 3774 3397 ο

2215 3479 2335 3517 νυν
2381 3461 2451 3517 τὸ
2491 3463 2559 3516 ἐκ
2593 3459 2706 3528 τῆς
2732 3461 2976 3528 ,βουλῆς
3003 3459 3332 3529 ὠφέλιμον,
3363 3459 3531 3524 ειπερ
3551 3453 3648 3522 τῆς
3677 3451 3776 3519 κρί-

2216 3572 2374 3622 σεως
2420 3556 2492 3610 ἐν
2542 3553 2779 3624 ὑστέρῳ
2826 3551 2990 3622 παρῇ
3009 3568 3029 3618 ;
3061 3552 3250 3622 Ὑμεῖς
3285 3551 3338 3585 ⁸⁸-
3374 3551 3462 3615 δὲ,
3505 3545 3552 3603 ὦ
3602 3544 3777 3611 ἄνδρες

2217 3649 2464 3716 Κόλχοι,
2511 3643 2800 3714 μηδαμῶς
2847 3642 2957 3709 τὰς
2991 3641 3231 3712 γνώμας
3275 3641 3459 3709 ἑτέρῳ
3509 3654 3588 3703 τῳ
3619 3650 3776 3688 κατει-

2216 3738 2532 3809 λημμένοι,
2573 3735 2673 3792 καὶ
2705 3735 2964 3805 πρὸς,ἐν
2994 3752 3051 3789 τι
3078 3735 3261 3799 τέλος
3300 3726 3776 3802 προδιωρισμῶσω·

2218 3832 2495 3903 όρῶντες,
2525 3831 2714 3897 οὕτως
2753 3829 2855 3884 ἐπὶ
2896 3829 3007 3895 τὰς
3045 3825 3328 3897 ζητήσεις
3373 3825 3630 3903 χωρεῖτε.
3671 3815 3776 3881 Πῶς

2217 3925 2330 3998 γὰρ
2370 3925 2471 3980 καί
2519 3924 2723 3979 ἔνεστι
2760 3924 2805 3956 ⁸³
2838 3920 2992 3994 [τὰς]
3024 3921 3144 3974 τῶν
3173 3919 3540 3991 πραγμάτων
3565 3907 3777 3983 μεταϐά-

2217 4035 2350 4086 σεις
2377 4017 2689 4084 ,βιάζεσθαι
2731 4015 2831 4070 καί
2873 4015 3022 4084 πρὸς
3046 4013 3114 4068 τὸ
3139 4013 3415 4083 ἀρέσκον
3436 4001 3776 4081 μετασκευά-

2218 4112 2376 4175 (seu;
2425 4109 2791 4165 Τοὺναντίον
2837 4107 2949 4178 γὰρ
2998 4107 3238 4172 τούτοις
3261 4105 3518 4159 ἔπεσθαι
3550 4093 3775 4165 κοσμίως

2217 4203 2535 4273 προσήκει,
2587 4201 2685 4255 καί
2729 4198 2841 4254 τὸν
2876 4197 3175 4268 λογισμὸν
3211 4196 3308 4251 ἐπ’
3342 4193 3498 4249 αὐτὰ
3548 4185 3779 4262 μεθιέναι

2219 4296 2485 4366 καθαρὸν
2525 4293 2624 4348 καί
2673 4292 3034 4361 αὐτόνομον,
3076 4288 3233 4344 ὥστε
3282 4287 3437 4343 κατὰ
3473 4281 3699 4355 σχολὴν
3721 4273 3781 4328 τὰ

2218 4387 2647 4457 προστυχόντα
2685 4385 2732 4417 ⁷⁸
2771 4381 3304 4453 διευκρινήσαντα,
3346 4379 3455 4434 τοῦ
3489 4373 3774 4457 συνοίσωξο

2220 4455 2324 4546 τος
2375 4455 2710 4549 ἐφικέσθαι.
2781 4476 2946 4531 Οὕτω
2998 4476 3109 4546 γὰρ
3169 4473 3316 4544 ἡμῖν
3356 4474 3402 4533 ⁷3
3449 4455 3774 4536 ,βουλευομέ-

2219 4592 2369 4641 νοις,
2405 4573 2624 4628 αὐτίκα
2658 4570 2956 4642 φανεῖται,
2992 4569 3074 4635 ὡς
3103 4567 3244 4622 οὔτε
3295 4566 3374 4620 ἐκ
3407 4560 3527 4617 τῶν
3571 4553 3774 4642 Ῥωμαῖ-

2220 4665 2345 4721 κῶν
2369 4641 2704 4736 ταπιιάτων,
2745 4663 2888 4717 οὔτε
2930 4661 3059 4731 μὴν
3091 4659 3212 4714 τῶν
3242 4651 3600 4727 στρατηγῶν
3623 4641 3776 4701 ἀπάν-

2223 4778 2343 4814 των
2383 4757 2597 4824 πολλῷ
2630 4757 2698 4812 δέ
2725 4775 2790 4828 γε
2822 4755 3066 4826 μᾶλλον
3107 4751 3252 4807 οὐδὲ
3284 4750 3394 4805 τοῦ
3429 4743 3600 4816 σφῶν
3631 4739 3775 4806 βασι·

2219 4853 2374 4919 λέως
2415 4853 2487 4906 τὰ
2516 4849 2627 4919 τῆς
2651 4845 2984 4916 ἐπιϐουλῆς
3025 4845 3126 4900 ἐπὶ
3163 4841 3479 4908 Γουϐάζην
3514 4833 3772 4893 συνέστη.

2219 4945 2728 5013 Διατεθρύλληται
2762 4942 2876 5013 γὰρ
2911 4940 3028 5010 ἤδη
3059 4939 3198 5008 παρ’
3223 4935 3431 5002 αὐτοῖς
3460 4931 3556 4987 καί
3585 4929 3774 5013 drop?

2217 5011 2491 5110 λόγηται,
2527 5011 2624 5104 ὡς
2657 5011 3012 5103 Ῥοῦσίτικος
3047 5033 3150 5088 καὶ
3188 5029 3510 5101 Μαρτῖνος,
3563 5011 3770 5088 βασκῆ⁶

2215 5146 2442 5198 σαντες
2490 5129 2653 5210 αὐτῷ
2703 5129 2817 5209 τῆς
2868 5127 3178 5198 εὐτυχίας,
3206 5127 3295 5192 είς
3325 5113 3771 5188 αὐτεπάγγελτον

1824 5326 2057 5383 YARUE
2089 5325 2385 5383 LECTION
2395 5325 2497 5382 ES.

588 5504 630 5534 οδ
667 5504 742 5566 ὡς
769 5503 834 5574 δὴ
860 5502 930 5576 ᾖ,
959 5503 1130 5576 Lugd.
1169 5503 1324 5576 (CL).
1350 5504 1426 5576 ὡς
1447 5503 1503 5558 δὲ
1520 5503 1648 5576 βςιάε

519 5574 694 5628 Βοηιι.
748 5591 802 5628 v.
868 5575 920 5628 5.

517 5645 564 5676 "
586 5645 743 5717 ὑμεῖς
844 5644 904 5717 ei
925 5644 1117 5717 inlpr.,
1144 5648 1306 5717 ἡμεῖς
1339 5646 1487 5711 vulg.

1027 5504 1130 5567 Iﬁd.
1169 5503 1324 5576 (CL).
1350 5504 1426 5567 ὡς
1447 5503 1503 5558 δὲ
1520 5503 1648 5563 edd.
1749 5502 1794 5534 ⁸⁵
1819 5501 2216 5572 παρεσομένων
2246 5497 2314 5555 ﬂ.
2424 5498 2470 5531 “
2517 5497 2734 5552 Mallem
2778 5497 3222 5566 πανουργότατος
3280 5509 3302 5557 ε,
3346 5497 3419 5546 cf.
3448 5502 3502 5556 p.
3562 5497 3757 5573 wo'eu.

1027 5575 1070 5607 ⁸⁷
1110 5576 1370 5644 ἀνόνητον
1400 5575 1468 5642 R,
1523 5574 1686 5644 idque
1725 5573 1869 5642 conj.
1920 5571 1980 5644 Β.
2017 5571 2359 5644 νιιῐρειιὶ-ιιει
2388 5569 2556 5638 inlpr.
2593 5568 2669 5644 ad_
2710 5567 2787 5634 id,
2817 5567 2958 5638 quod
2981 5565 3218 5644 inutile“
3249 5570 3348 5644 est.
3386 5545 3757 5644 Λάνόηῖρνῼχξξξςξ

1565 5609 1686 5644 ..ρης
1725 5609 1869 5642 ww.
1920 5609 1980 5626 ν.
2032 5609 2360 5653 "manum,-
2593 5609 2664 5622 ..π
2711 5609 2787 5634 ...,
2817 5609 2955 5638 την..
3006 5609 3190 5632 ....-.-,-
3251 5609 3348 5656 7;.
3521 5609 3530 5623 ,
3705 5609 3757 5659 ,η

1565 5646 1610 5677 ⁶⁹
1635 5645 1744 5714 γὰρ
1772 5647 1867 5698 καὶ
1904 5642 2083 5696 ἔνεστι
2115 5641 2258 5714 [τὰς]
2291 5657 2401 5714 των
2443 5639 2789 5714 πραγμάτων
2817 5636 3161 5714 μεταϐάσεις
3193 5624 3586 5714 βιαξεσθαιαξὶ
3613 5617 3758 5714 Sitti",

2424 5498 2470 5531 “
2517 5495 2734 5552 Mallem
2778 5495 3222 5566 πανουργότατος
3280 5509 3302 5557 :,
3346 5487 3425 5566 εἷς
3448 5502 3502 5566 P;
3562 5470 3759 5566 ‘56

516 5731 600 5788 es
622 5687 664 5769 ﬁ
703 5687 819 5784 (Ima
846 5687 1620 5788 (izsideiruiu’r)'gi'inlpr.
1647 5687 1880 5784 'Eo'lslm
1919 5687 2143 5788 uanique
2173 5687 2348 5788 nes'cio
2374 5687 2684 5788 quofpatrfto
2722 5687 2916 5788 υἱοίὲτί
2940 5687 3382 5788 nerunt-eventus
3409 5707 3483 5788 net
3509 5692 3757 5788 a'duqlnutf:

518 5779 840 5865 voluptatem
871 5786 1106 5865 traduci,
1161 5787 1270 5865 nisi
1301 5779 1482 5865 lumen
1519 5779 1733 5865 liic_pro_
1764 5779 2121 5865 μεταϐάσεις,
2163 5779 2724 5865 ἀποϐάσειςιιρεεῢει.

1606 5851 1649 5890 τί
1711 5851 1843 5928 ἡμῖν
1877 5856 1924 5910 R
1962 5865 2015 5908 cl
2045 5854 2214 5925 impr.
2236 5854 2366 5924 ὑμῖν
2397 5851 2542 5920 vulg.

517 5854 686 5928 impr.
721 5872 900 5924 casus,
932 5855 1002 5911 τὰ
1027 5857 1338 5930 προσχόντα
1380 5857 1526 5928 \ulg.

2821 5755 3369 5848 ﬁ'ks'ipzsesgavm
3408 5768 3473 5838 ἰῇ,
3528 5758 3682 5836 Lugd-
3717 5755 3757 5804 ει
