4060 6434
377 355 520 421 H33

1535 363 2080 428 HISTORIARUM
2115 370 2348 431 LIBER
2381 372 2502 434 ΠΙ.

3517 371 3656 436 1434

370 470 743 540 πραγμάτων
787 472 1022 540 κινήσει
1051 473 1247 544 μόνης
1276 473 1572 546 ἠρτῆσθαι
1608 481 1718 547 τῆς
1755 482 1963 550 τύχης,

2080 484 2301 538 pravitas
2327 485 2485 554 hujus
2507 485 2716 540 consilii
2742 491 2793 540 et
2823 484 2967 539 mala
2999 484 3120 538 inde
3142 483 3491 554 exspectanda
3515 486 3657 538 omni

370 560 545 628 πλὴν
575 562 713 616 ἀλλ’
741 562 894 632 ἐξῆν
938 565 1085 634 ἴσως
1123 566 1249 634 τοῖς
1293 566 1479 622 ταῦτα
1525 572 1963 641 προῃρημένοις

367 650 742 722 ἀδεέστερον
767 655 918 724 γοῦν
938 657 1447 726 ἀναισχυντῆσαι.
1472 661 1541 714 El
1569 659 1636 713 δὲ
1667 665 1965 731 πανταχό-

367 747 482 796 θεν
517 744 564 776 ³⁷
590 741 904 813 προῦπτον
927 747 1233 804 δείκνυται
1257 749 1324 802 τὸ
1350 750 1561 815 κακὸν,
1591 751 1675 824 [Ρ.
1705 751 1796 823 89]
1837 754 1965 821 πῶς

269 835 274 840 ’
367 837 447 887 οὐ
481 836 776 904 μισητέον
812 840 1034 906 αὐτοὺς
1074 843 1356 910 τοιαύτην
1394 844 1640 896 ἔννοιαν
1687 844 1968 912 ἐμϐα-ἰόν-

369 943 486 992 τας
523 929 566 960 ⁸⁸
595 947 614 993 ;
672 929 770 998 Ὧς
808 931 926 999 μὲν
971 929 1085 988 οὖν
1117 935 1414 1003 ἀφεκτέον
1443 937 1586 1004 ἡμῖν
1619 939 1662 969 ⁹⁹
1698 937 1963 1001 ἐκείνων,

375 1021 482 1074 καὶ
537 1020 614 1088 δὴ
663 1025 917 1091 μετρίως
975 1027 1221 1094 ἐῤῥήθη.
1261 1029 1410 1097 Φημὶ
1451 1029 1518 1081 δὲ
1564 1029 1691 1082 δεῖν
1718 1030 1973 1094 βασιλεῖ

374 1111 504 1165 τῶν
538 1113 844 1182 Ῥωμαίων
871 1115 938 1170 τὸ
975 1119 1213 1186 συμϐὰν
1238 1119 1605 1189 ἀναγγεῖλαι,
1647 1122 1725 1186 ὡς
1756 1120 1835 1175 ἄν
1868 1121 1968 1174 ἐν·

377 1201 678 1257 ὃικώτατα
696 1204 956 1274 μετέλθῃ
981 1207 997 1236 ¹
1027 1207 1167 1274 τοὺς
1206 1208 1314 1263 τοῦ
1339 1210 1680 1278 μιάσματος
1700 1209 1969 1264 αἰτιωτά-

376 1311 549 1362 τους,
578 1296 676 1350 καὶ
718 1299 770 1351 ει
810 1297 928 1366 μὲν
962 1299 1264 1368 ἐθελήσει,
1298 1301 1644 1355 πεπαῦσθαι
1684 1303 1970 1356 τολοιπὸν

380 1387 499 1456 τῆς
523 1387 674 1455 πρὸς
697 1389 1025 1458 Ῥωμαίους
1055 1391 1360 1460 διαφορᾶς,
1383 1393 1482 1446 καὶ
1517 1393 1838 1462 συνεργεῖν
1861 1388 1970 1449 αὖ·

382 1483 482 1544 θις
513 1478 610 1532 καὶ
649 1482 1191 1549 συστρατεύεσθαι,
1224 1484 1324 1538 καὶ
1355 1484 1474 1537 τῶν
1503 1483 1807 1553 προτέρων
1829 1501 1970 1554 μετ-

379 1571 609 1640 έχομεν
653 1573 676 1602 ⁸
723 1571 1263 1644 συνδιαιτημάτων.
1299 1578 1369 1633 Et
1413 1575 1482 1629 δὲ
1521 1576 1820 1632 ἀπώσοιτο
1855 1575 1974 1645 τὴν

380 1667 664 1732 ἀξίωσιν,
699 1666 834 1720 τότε
879 1664 958 1734 δὴ
1003 1667 1380 1731 ,ϐουλευτέον
1411 1667 1579 1736 ἡμῖν,
1633 1669 1801 1736 εἴπερ
1847 1668 1972 1722 ἐτέ-

371 1776 503 1830 ραν
531 1759 678 1813 ὁδὸν
709 1757 1012 1827 τραπῆναι
1046 1759 1345 1815 συνοίσει.
1385 1761 1550 1814 Οὕτω
1583 1760 1694 1831 γὰρ
1729 1760 1972 1815 ποιοῦν-

2065 591 2132 629 ea:
2165 585 2318 645 parte
2346 588 2467 633 sunt
2504 579 2789 648 conspicua
2823 587 2874 632 et
2901 578 3210 648 manifesta,
3246 593 3346 646 quo
3377 584 3530 644 pasto
3557 590 3660 629 non

2069 670 2178 726 sint
2205 672 2351 742 digni
2377 674 2520 738 odio,
2555 674 2646 742 qui
2677 689 2764 727 vos
2794 675 2850 727 in
2881 673 3016 727 hanc
3045 674 3413 744 cogitationem
3436 671 3661 725 induxe-

2065 764 2229 816 runt?
2253 762 2528 828 Quomodo
2551 765 2714 834 igitur
2753 764 3124 818 abstinendum
3161 763 3314 817 nobis
3342 762 3404 816 ab
3430 761 3539 814 illis
3565 763 3657 825 sit,

2064 862 2114 906 et
2138 854 2350 923 quidem
2378 855 2644 910 moderate
2682 855 2884 909 dictum
2909 867 3011 910 est.
3047 855 3159 925 Ego
3193 873 3312 910 vero
3358 858 3434 908 ita
3465 855 3658 920 sentio,

2067 945 2270 1013 factum
2289 947 2482 1014 ipsum,
2511 950 2584 1000 ita
2604 958 2660 1001 ut
2691 950 2906 1011 accidit,
2935 950 3244 1015 imperatori
3270 965 3378 1002 esse
3405 948 3660 1001 nuntian-

2066 1034 2213 1100 dum,
2245 1045 2302 1088 ut
2332 1039 2584 1090 nimirum
2622 1038 2924 1106 justissima
2967 1039 3351 1090 animadvertat
3388 1040 3442 1089 in
3471 1037 3662 1104 praxi-

2073 1142 2206 1196 puos
2239 1127 2398 1181 ccedis
2424 1136 2687 1181 auctores.
2734 1127 2886 1194 Quod
2924 1129 3132 1198 quidem
3161 1130 3208 1181 si
3235 1128 3440 1196 fecerit,
3477 1137 3663 1179 nostra

2070 1233 2189 1270 cum
2215 1216 2471 1272 Romanis
2495 1219 2738 1272 simultas
2770 1221 3120 1286 consopietur,
3152 1227 3200 1272 et
3232 1218 3474 1272 laborant
3499 1231 3660 1285 expe-

2072 1307 2436 1378 ditionumque
2465 1310 2766 1362 societatem
2793 1310 3177 1378 pristinamque
3212 1325 3330 1361 cum
3358 1309 3487 1377 ipsis
3532 1323 3662 1360 con-

2071 1400 2400 1454 suetudinem
2430 1389 2926 1470 redintegrabimu's.
2959 1398 3018 1453 Si
3043 1414 3160 1452 vero
3190 1398 3446 1466 repulsam
3479 1399 3659 1467 potia.

2078 1506 2217 1554 mur,
2270 1491 2675 1560 netitionentque
2727 1499 2961 1543 nostram
3009 1489 3239 1558 rejiciat,
3297 1497 3406 1540 tum
3448 1489 3660 1540 demum

2071 1583 2473 1638 deliberandum
2519 1585 2620 1638 erit
2684 1600 2754 1637 an
2802 1583 2966 1636 aliam
2996 1584 3136 1636 uiam
3168 1580 3368 1649 ingredi
3397 1579 3661 1648 eayiediat.

2076 1672 2170 1727 Ita
2196 1676 2332 1729 enim
2366 1675 2642 1741 facientes,
2670 1690 2834 1745 neque
2865 1674 3065 1727 mortui
3109 1670 3342 1726 Gubaza:
3376 1669 3528 1723 obliti
3555 1685 3664 1722 esse

2074 1766 2389 1832 videbimur,
2424 1782 2590 1836 neque
2623 1767 2918 1820 temeritate
2947 1765 3124 1835 potius
3149 1778 3308 1834 quam
3334 1760 3556 1816 consilio
3583 1776 3663 1815 res

383 1869 510 1919 τες.
539 1853 678 1906 οὔτε
721 1851 826 1906 τοῦ
857 1852 1220 1918 τεθνηκότος
1249 1853 1646 1920 ἐπιλελῆσθαι
1691 1851 1973 1921 δόξωμεν

2080 1866 2286 1912 nostras
2317 1857 2614 1911 instituere.

383 1944 488 2008 ἂν,
517 1943 657 1997 οὔτε
695 1942 1015 2014 προπετείᾳ
1041 1941 1281 2012 μᾶλλον
1311 1943 1349 2011 ἣ
1377 1942 1580 2013 γνώμῃ
1615 1942 1686 1997 τὰ
1711 1943 1970 2012 ἡμέτερα
2003 2015 2011 2022 ⁸

387 2036 734 2091 διατιθέναι.

468 2127 546 2183 ιδ’.
571 2127 891 2199 Είρημένων
924 2125 980 2180 δέ
1009 2122 1355 2190 καὶτούτων,
1392 2123 1743 2196 παλινῳδίαν,
1786 2125 1846 2179 τὸ
1880 2123 1970 2177 λε-

390 2219 638 2286 γόμενον,
669 2211 795 2289 ᾖδον
818 2217 867 2268 οἱ
887 2214 1105 2285 Κόλχοι,
1146 2212 1239 2267 καὶ
1272 2214 1676 2284 μετεπείθοντο.
1713 2213 1967 2268 Μάλιστα

387 2307 500 2377 γάρ
523 2306 720 2370 αὐτοὺς
752 2307 832 2368 είς
864 2303 1025 2359 τοῦτο
1046 2304 1315 2376 συνήλασε
1349 2303 1411 2358 τὸ
1439 2303 1693 2369 δεδιέναι,
1735 2305 1808 2375 μή
1834 2321 1968 2359 ποτε

383 2401 520 2472 ἄρα,
548 2401 597 2452 εἰ
627 2400 980 2471 μετασταῖεν,
1003 2395 1118 2450 ’καὶ
1143 2397 1242 2468 τὴν
1277 2397 1371 2450 ἐπὶ
1411 2395 1488 2467 τῷ
1513 2396 1783 2468 κρείττονι
1815 2397 1974 2461 δόξαν

383 2490 760 2563 ἀφαιρεθεῖεν.
799 2491 1018 2563 Ἐπειδὴ
1067 2485 1162 2544 οὖν
1201 2491 1234 2560 ή
1281 2489 1376 2543 τοῦ
1423 2489 1707 2560 Φαρτάζου
1735 2489 1754 2520 ³
1781 2489 1976 2559 γνώμη

383 2585 567 2650 ἐνίκα,
596 2583 792 2638 αὐτίκα
828 2585 876 2638 οἱ
917 2583 1132 2654 ἄριστοι
1174 2583 1270 2636 καὶ
1299 2583 1625 2654 εὐπατρίδαι
1657 2582 1750 2636 τοῦ
1788 2582 1976 2646 ἔθνους

397 2676 764 2747 Ἰουστινιανῷ
800 2675 1011 2744 βασιλεῖ
1047 2675 1113 2727 τὰ
1155 2673 1176 2706 ⁸
1204 2673 1296 2727 ἐπὶ
1319 2674 1565 2746 Γουϐάζῃ
1591 2673 1976 2745 ξυνενεχθέντα

385 2767 709 2841 διήγγειλαν
730 2809 746 2834 ,
777 2769 996 2824 ἅπασάν
1025 2768 1086 2822 τέ
1115 2768 1166 2821 oi
1209 2767 1558 2840 ἀνεκάλυψαν
1599 2768 1696 2838 τὴν
1733 2768 1974 2836 ἀπάτην,

385 2862 465 2924 ὼς
493 2862 697 2924 ἐκεῖνος
727 2860 826 2932 μὲν
857 2858 982 2912 οὔτε
1016 2858 1250 2929 μηδίσας
1298 2857 1543 2925 πώποτε,
1586 2857 1710 2911 οὔτε
1764 2857 1894 2912 ἄλλο
1926 2873 1978 2909 τι

386 2951 593 3022 ἄχαρι⁸
636 2951 777 3005 κατὰ
828 2951 1117 3021 Ῥωμαίων
1161 2949 1593 3020 βουλευσάμενος
1649 2949 1784 3017 ἥλω,
1824 2949 1874 2999 οἱ
1919 2947 1976 2999 δὲ

386 3043 540 3114 ἀμφὶ
561 3043 834 3115 Μαρτῖνόν
851 3059 908 3095 τε
943 3043 1037 3096 καὶ
1079 3041 1414 3106 Ῥούστικον,
1450 3040 1639 3112 ἐπειδὴ
1666 3041 1845 3102 αὐτοῖς
1873 3038 1978 3091 ὑπὸ

389 3134 681 3211 ῥᾳστώνης
704 3133 855 3204 θαμὰ
885 3127 1276 3203 σφαλλομένοις
1305 3131 1564 3185 ἐπεκάλει
1596 3148 1656 3184 τε
1681 3132 1749 3186 τὰ
1783 3130 1971 3184 εἰκότα

387 3227 491 3283 καὶ
521 3225 898 3297 ἐχαλέπαινεν,
946 3225 996 3278 οἱ
1030 3223 1086 3277 δὲ
1125 3222 1330 3295 ταύτην
1368 3239 1428 3275 τε
1470 3221 1567 3293 τὴν
1613 3221 1978 3290 συκοφαντίαν

385 3316 833 3392 ἐμηχανήσαντο,
851 3314 945 3367 καὶ
974 3313 1065 3368 τὸν
1086 3313 1236 3366 οὐδὲν
1258 3314 1619 3385 ἡμαρτηκότα
1640 3311 1975 3383 διέφθειραν.

2149 2109 2233 2163 Η,
2268 2107 2364 2164 His
2401 2108 2582 2172 dictis,
2623 2105 2812 2162 Colchi
2851 2103 3211 2175 palinodiam,
3248 2109 3309 2156 ut
3339 2109 3425 2156 est
3454 2101 3510 2155 in
3539 2115 3668 2170 pro-

2071 2202 2282 2265 verbio,
2314 2184 2628 2256 cecinerunt
2648 2241 2663 2264 ,
2703 2197 2864 2271 170
2885 2196 3323 2264 sententiamque
3351 2187 3663 2258 muta‘funt;

2074 2294 2344 2365 praecipue
2390 2307 2520 2347 vero
2574 2292 2723 2363 ipsos
2762 2305 2829 2344 eo
2889 2289 3138 2349 adduxit.
3177 2285 3323 2357 quod
3363 2293 3670 2340 metuerent

2075 2400 2164 2451 ne,
2205 2386 2249 2440 si
2284 2384 2504 2456 quando
2541 2383 2608 2438 ad
2647 2383 2841 2438 Persas
2870 2381 3258 2442 desciscerent,
3311 2387 3452 2432 recta
3501 2377 3666 2430 etiam

2077 2478 2142 2532 de
2173 2477 2281 2532 Deo
2312 2477 2566 2546 opinione
2593 2475 2961 2545 religioneque
2990 2487 3091 2528 sua
3117 2472 3484 2542 privarentur.
3511 2467 3668 2522 Post-

2077 2585 2242 2640 quam
2278 2569 2442 2639 igitur
2480 2568 2766 2624 Phartazis
2801 2565 3072 2621 sententia
3115 2563 3264 2628 vicit,
3309 2563 3492 2617 statim
3521 2560 3668 2630 opti-

2081 2663 2154 2717 mi
2195 2663 2417 2733 quidam
2457 2659 2896 2730 nobilissimique
2927 2657 3197 2712 Colchicas
3233 2657 3412 2727 gentis
3440 2654 3543 2708 viri
3574 2657 3670 2708 de-

2078 2758 2202 2814 lecti
2239 2767 2389 2823 sunt,
2437 2757 2528 2827 qui
2565 2755 2876 2812 Justiniano
2919 2752 3258 2824 imperatori,
3312 2767 3435 2821 quae
3466 2751 3520 2805 in
3551 2750 3670 2806 Gu-

2080 2851 2272 2906 bazem
2323 2857 2628 2920 perpetrata
2661 2848 3205 2909 essentnuntiarent,
3251 2857 3577 2911 omnemque
3619 2842 3672 2896 ei

2081 2941 2334 2995 fraudem
2378 2940 2728 3008 detegerem;
2769 2939 3024 3006 quodque
3068 2935 3154 2988 ille
3212 2933 3434 3004 quidem
3477 2931 3671 2986 Persa-

2083 3045 2204 3084 rum
2242 3027 2489 3098 partibus
2537 3039 2819 3095 nunquam
2853 3021 3174 3083 studuisset,
3205 3035 3382 3090 neque
3407 3019 3672 3073 adversus

2082 3120 2364 3176 Romanos
2402 3117 2609 3189 aliquid
2658 3123 2802 3173 esset
2842 3115 3104 3181 molitus;
3146 3112 3410 3168 Martinus
3446 3125 3578 3165 vero
3620 3118 3674 3164 et

2081 3223 2361 3293 Rusticus,
2390 3223 2535 3296 quod
2582 3223 2704 3278 illos
2744 3237 2856 3292 prae
2888 3220 3107 3293 ignavia
3145 3219 3514 3288 vecordiaque
3551 3215 3663 3272 fre-

2082 3327 2308 3388 quenter
2345 3325 2596 3372 errantes
2639 3315 2835 3370 merito
2863 3314 3168 3383 increparet
3213 3311 3402 3379 eisque
3441 3324 3673 3364 succen-

400 3409 652 3462 Ἐδέοντο
675 3407 739 3478 δὴ
764 3400 859 3459 οὖν
891 3407 956 3476 τῇ
984 3402 1082 3458 τοῦ
1118 3404 1510 3476 κατοιχομένου
1540 3403 1686 3475 ψυχῇ
1722 3403 1884 3457 τοῦτο
1917 3403 1977 3474 δὴ

2085 3420 2252 3474 seret,
2289 3411 2431 3464 hanc
2460 3409 2563 3479 ipsi
2590 3407 2922 3464 calumniam
2955 3405 3300 3470 struxissent,
3323 3411 3378 3458 et
3417 3401 3678 3456 innocen-

386 3503 701 3574 παρασχεῖν
738 3498 799 3552 τὺ
843 3497 1230 3570 χαριστήριονο
1283 3496 1472 3564 ἔλεγον
1515 3495 1573 3549 δὲ
1621 3496 1722 3549 οὐκ
1767 3495 1896 3549 ἄλλο
1929 3513 1982 3548 τι

384 3596 504 3667 ἄρα
531 3593 563 3664 ἢ
597 3592 740 3645 ὥστε
769 3590 844 3662 μὴ
879 3590 1228 3660 ἀτιμώρητον
1267 3589 1592 3642 καταλιπεῖν
1627 3589 1688 3642 τὸ
1713 3589 1981 3660 ἀδίκημα,

387 3685 624 3759 βασιλέα
663 3683 722 3738 δὲ
768 3683 952 3752 σφίσιν
990 3682 1285 3752 ἐπιστῆσαι
1313 3681 1415 3734 οὐκ
1453 3680 1661 3735 ὀθνεῖόν
1687 3697 1830 3742 τινα,
1859 3679 1985 3732 οὐδὲ

387 3781 694 3853 ἐπηλύτην,
723 3776 858 3832 ἀλλὰ
888 3765 1216 3848 Τζάθηντὸν
1243 3776 1514 3840 Γουὸάζου
1537 3776 1805 3847 νεώτερον
1829 3775 1984 3828 ἀδελ-

391 3873 533 3942 φδνθ
555 3873 612 3925 ἐν
636 3869 918 3941 Βυζαντίῳ
945 3871 1067 3925 κατ’
1086 3870 1262 3922 ἐκεῖνο
1283 3868 1376 3922 τοῦ
1400 3867 1596 3941 καιροῦ
1614 3868 1984 3939 διατρίϐοντα,

392 3966 479 4028 ὡς
507 3963 571 4019 ἂν
596 3965 776 4027 αὐτοῖς
814 3963 977 4016 πάλιν
1005 3964 1033 4015 ὁ
1061 3960 1290 4032 πάτριος
1333 3960 1656 4037 διασώζοιτο
1691 3961 1858 4031 νόμος
1891 3963 1987 4014 καὶ

397 4059 437 4128 ἡ
469 4053 724 4108 ἀνέκαθεν
748 4053 843 4108 τοῦ
881 4053 1154 4124 βασιλείου
1202 4052 1395 4122 γένους
1424 4049 1738 4122 ἀκραιφνὴς
1778 4053 1973 4122 ὁμολο-

393 4148 519 4223 γία,
567 4147 622 4202 ὀ
649 4147 706 4201 δὲ
743 4148 888 4217 (ὅσια
917 4149 1027 4217 γάρ
1055 4143 1206 4216 αὐτῷ
1243 4144 1416 4197 ἐδόκει
1445 4144 1538 4198 καὶ
1564 4144 1746 4197 δίκαια
1765 4145 1807 4214 ⁷)
1839 4186 1854 4211 ,
1899 4143 1976 4208 ὡς

387 4242 632 4313 τάχιστα
654 4238 922 4305 ἐπετέλει,
956 4238 1050 4292 καὶ
1072 4235 1165 4292 οὖν
1200 4235 1536 4301 Ἀθανάσιον,
1570 4235 1668 4288 ἕνα
1692 4236 1802 4290 τῶν
1827 4235 1984 4308 πρῶ-

379 4353 470 4398 τα
501 4334 776 4406 λαχόντων
805 4334 862 4386 ἐν
891 4333 957 4403 τῇ
990 4331 1284 4401 συγκλήτῳ
1309 4329 1495 4400 βουλῇ,
1523 4329 1734 4382 ἔστειλε
1761 4329 1984 4383 διασκο-

384 4428 650 4501 πήσοντά
667 4444 727 4481 τε
756 4427 816 4480 τὺ
846 4425 1087 4497 πραχθὲν
1110 4424 1169 4487 ἐς
1194 4423 1256 4476 τὸ
1281 4423 1529 4494 ἀκριϐὲς,
1553 4424 1649 4476 καὶ
1672 4422 1818 4476 κατὰ
1850 4423 1979 4486 τοὺς

402 4521 702 4593 Ῥωμαίων
724 4519 920 4590 νόμους
941 4515 1250 4589 κρινοῦντα.
1281 4515 1392 4568 Καὶ
1411 4515 1476 4584 δὴ
1505 4515 1980 4586 παραγενόμενος,

400 4613 731 4674 Ῥούττικον
771 4610 871 4682 μὲν
902 4609 1064 4672 εὐθὺς
1101 4609 1195 4671 ἐς⁸
1241 4607 1586 4677 Ἀψαροῦντα
1639 4605 1848 4658 ἔστειλε
1887 4605 1989 4676 τὴν

2089 3511 2196 3556 tem
2259 3499 2649 3554 trucidassent.
2714 3495 2996 3566 Supplices
3052 3495 3238 3564 itaque
3293 3494 3677 3562 imperatorem

2087 3603 2338 3660 orarum,
2383 3601 2442 3647 ut
2478 3590 2723 3647 defuncti
2775 3589 3030 3644 manibus
3083 3587 3187 3642 hoc
3241 3585 3674 3658 gratificaretur;

2089 3687 2226 3742 nihil
2267 3702 2403 3746 vero,
2457 3684 2605 3739 aliud
2645 3685 2925 3748 dixerunt,
2965 3695 3129 3751 quam
3185 3691 3246 3734 ut
3293 3677 3507 3734 facinus
3545 3675 3678 3730 illud

2088 3780 2418 3850 impunitum
2458 3793 2529 3833 ne
2563 3777 2912 3846 relinqueret,
2947 3786 3240 3844 regemque
3281 3771 3386 3825 sibi
3425 3769 3679 3838 designa-

2089 3880 2174 3927 rct
2212 3887 2320 3926 non
2373 3861 3041 3938 alienigenam'aliquem,
3090 3879 3268 3933 neque
3297 3863 3672 3932 peregrinum,

2092 3965 2186 4020 sed
2225 3962 2486 4017 Tzatltem
2538 3959 2810 4030 juniorem
2860 3957 3096 4012 Cubazaz
3133 3954 3381 4022 fratrem,
3423 3954 3514 4023 qui
3557 3964 3675 4008 tum

2089 4056 2352 4126 temporis
2407 4052 2647 4126 Byzantii
2693 4051 2940 4119 degebat,
2982 4059 3149 4117 utque
3202 4047 3274 4100 ita
3321 4047 3453 4116 ipsis
3494 4047 3676 4101 denuo

2089 4149 2266 4220 patria
2307 4148 2392 4202 lex
2425 4153 2864 4205 conservaretur,
2900 4151 2956 4196 et
2990 4140 3122 4210 regii
3167 4140 3383 4209 generis
3406 4139 3520 4208 jam
3551 4137 3677 4193 inde

2091 4242 2162 4296 ab
2201 4241 2424 4310 antiquo
2451 4237 2767 4294 continuata
2799 4235 3012 4303 sibique
3040 4241 3300 4287 constans
3333 4241 3387 4286 et
3411 4231 3676 4286 inviolata

2090 4331 2386 4390 successio.
2441 4331 2744 4401 Imperator
2782 4328 2968 4396 itaque
3013 4324 3251 4396 (atquum
3289 4323 3435 4378 enim
3479 4323 3533 4381 id
3575 4323 3677 4392 ipsi

2088 4427 2380 4483 videbatur
2431 4433 2488 4480 et
2527 4423 2761 4494 justum)
2799 4435 2963 4490 quam
3001 4418 3270 4474 citissime
3307 4432 3497 4472 eorum
3537 4416 3675 4478 peti-

2091 4520 2227 4574 tioni
2260 4516 2552 4578 satisfecit.
2594 4527 2650 4570 et
2675 4513 3063 4578 Athanasium,
3092 4525 3260 4564 unum
3292 4525 3359 4564 ex
3401 4507 3678 4578 primariis

2091 4611 2460 4675 senatoribus,
2493 4609 2588 4679 qui
2626 4615 2881 4663 accurate
2922 4606 2975 4660 in
3014 4603 3221 4659 factum
3257 4602 3574 4671 inquireret,
3625 4610 3682 4654 et

390 4706 581 4768 πόλιν,
657 4704 754 4756 καὶ
798 4699 876 4772 τῷ
941 4699 1124 4771 ἐκείνῃ
1195 4697 1556 4768 δεσμωτηρίῳ
1618 4695 1977 4767 ἐγκαθείρξας

2089 4703 2159 4760 de
2194 4718 2259 4759 eo
2291 4717 2358 4758 ex
2387 4702 2541 4773 171
2574 4700 2894 4771 praescripto
2934 4697 3310 4752 Romanarum
3346 4695 3522 4764 legum
3550 4707 3678 4748 sen-

391 4797 681 4868 ἐφρῡύρει.
721 4795 946 4864 Ἰωάννῃ
983 4792 1038 4845 δὲ
1088 4789 1165 4862 τῷ
1209 4790 1435 4861 βασιλέα
1470 4791 1566 4861 μὲν
1600 4790 1978 4859 φενακίσαντι,

389 4889 697 4959 αὐτουργῷ
735 4887 792 4940 δὲ
835 4884 929 4939 τοῦ
977 4885 1286 4956 μιάσματος
1330 4881 1704 4952 γεγενημένῳ,
1750 4881 1989 4951 ἀποδρά-

395 4981 562 5042 σαντί
588 4997 703 5042 πως
725 4979 782 5032 ὲν
809 4975 886 5047 τῷ
900 4975 1023 5029 τότε
1044 4974 1428 5047 λαθραιότατα,
1461 4976 1554 5026 καὶ
1583 4977 1728 5044 φυγῇ
1755 4972 1854 5044 τὴν
1879 4990 1988 5026 σω-

393 5070 604 5144 τηρίαν
639 5065 1038 5141 καρπώσασθαι
1072 5067 1420 5138 πειρωμένῳ,
1450 5065 1565 5119 ἀλλ’
1589 5066 1782 5135 ἐκείνῳ
1805 5083 1869 5134 γε
1905 5065 1980 5137 τῷ

407 5163 641 5234 Ἰωάννῃ
691 5161 784 5215 ἐπὶ
831 5159 1006 5214 τοῖσδε
1053 5158 1408 5230 πορευομένῳ
1453 5157 1792 5222 ὑπαντιάζει,
1844 5157 1988 5211 οὕτω

402 5257 729 5334 παρασχὸν,
764 5256 794 5308 ὀ
843 5241 1150 5325 Μετριανὸς
1184 5254 1205 5285 ⁹
1237 5245 1341 5321 (εἷς
1376 5250 1432 5304 δέ
1473 5267 1536 5318 γε
1578 5245 1646 5322 ἦν
1675 5242 1832 5312 οὗτος
1874 5250 1986 5303 τῶν

2088 4795 2311 4851 tentiam
2349 4793 2536 4849 ferret.
2574 4792 2676 4858 Qui
2710 4807 2835 4846 cum
2863 4789 3194 4853 advenisset,
3233 4787 3518 4841 Rusticum
3552 4785 3680 4854 qui-

2085 4887 2208 4942 dem
2258 4886 2444 4942 statim
2482 4886 2830 4955 Apsarunten
2893 4882 3066 4946 misit,
3123 4879 3383 4948 atquein
3409 4878 3554 4932 illius
3587 4890 3679 4929 ur-

2087 4979 2173 5033 bis
2209 4991 2430 5034 carcere
2469 4975 2732 5033 custodiri
2775 4975 2964 5043 jussit.
3017 4972 3215 5028 Joanni
3258 4987 3412 5035 vero,
3461 4971 3554 5038 qui
3590 4984 3677 5022 re-

2086 5085 2206 5140 gem
2239 5067 2523 5135 fefellerat,
2560 5076 2616 5122 et
2658 5076 2770 5122 tum
2805 5063 3066 5136 temporis
3111 5062 3403 5118 admodum
3450 5059 3587 5114 clam
3619 5073 3680 5114 se

2085 5163 2212 5218 inde
2271 5161 2644 5230 subripuerat,
2697 5166 2751 5213 et
2787 5156 2918 5227 fuga
2975 5155 3202 5210 salutem
3251 5166 3441 5224 parere
3477 5150 3683 5206 niteba-

2093 5263 2212 5321 tur;
2251 5253 2397 5318 huic,
2430 5252 2677 5323 inquam,
2705 5247 2930 5314 Joanni,
2959 5247 3056 5321 qui
3082 5247 3187 5303 hac
3223 5245 3292 5302 de
3321 5258 3490 5300 causa
3532 5257 3592 5300 se
3619 5243 3679 5299 in

1708 5425 1946 5481 VARle
1985 5423 2402 5482 LECTIONES.

483 5597 528 5628 "
557 5593 895 5665 πανταχόθεν
912 5593 1038 5665 add.
1064 5608 1129 5646 ex
1159 5591 1198 5644 ll
1219 5602 1268 5665 ct
1306 5592 1467 5665 impr.
1501 5591 1890 5665 undequaun
1931 5590 1989 5665 A’”
2018 5587 2387 5665 ép6a9._).6vza_.;
2419 5587 2543 5665 edd.
2584 5585 2975 5665 _”_{ip.I1Pat:.
2993 5591 3048 5665 et
3079 5582 3244 5650 intpr.
3271 5649 3284 5665 ‘
3309 5578 3338 5665 _‘
3362 5573 3678 5665 psréldlqR.

404 5647 843 5740 μετέλθοι
962 5647 1102 5740 μυξη
1139 5647 1426 5740 μετέχει·ίῖ
1499 5647 1816 5740 ’Φαρξάξδυ
1847 5647 2420 5740 Βληιρὶκηρίιανατὶε,
2461 5661 2517 5740 ἧς
2541 5655 2619 5726 τῷ
2673 5647 2864 5740 [δἐἰ.
2918 5647 3457 5740 ὐἱᾶχαρίηειιόαίιεκ
3512 5647 3678 5740 iltlp‘l'.

401 5733 562 5807 'vulg.
594 5736 738 5790 facit.
799 5733 838 5807 ’ξ
869 5733 1244 5807 άδελφόπαιδα.
1267 5734 1308 5784 ll
1342 5733 1393 5785 in
1433 5748 1536 5801 mg.

409 5809 461 5864 ll
491 5803 548 5862 et
577 5807 773 5880 intpr.,
805 5803 1137 5875 Λαστριανδς
1159 5803 1302 5878 vulg.

829 5993 876 6033 δ

1615 5724 1636 5756 ἦ
1659 5732 1779 5782 ὅσια
1809 5739 1862 5784 et
1889 5724 2074 5786 δίκαια
2105 5728 2142 5780 [ι
2197 5731 2342 5781 ὅσιον
2375 5736 2428 5784 et.
2457 5724 2664 5780 δίκαιον
2697 5724 2845 5795 vulg.

2918 5722 2938 5752 "
2972 5716 3148 5786 t;"oin
3177 5718 3240 5774 Il.
3318 5719 3339 5750 ’
3373 5716 3681 5788 Μετριανδς
