4060 6468
422 381 564 449 1435

1614 392 1976 453 AGATHI/‘E
2017 382 2513 459 SCHOLASTICI

3568 397 3710 461 1436

423 505 529 560 iter
566 497 813 569 dederat,
854 499 995 561 forte
1038 503 1258 561 fortuna
1315 505 1513 563 obvius
1567 515 1653 564 est
1693 506 1872 565 factus
1906 507 2019 565 Me-

2131 509 2267 581 ἀμφὶ
2319 513 2388 567 τὰ
2411 513 2661 584 βασίλεια
2685 514 3026 588 δορυφόρων,
3053 488 3149 582 οὓς
3199 515 3264 588 δὴ
3316 514 3636 586 Σκριϐωνίας
3663 512 3708 544 ⁸⁸

424 591 663 660 triauus,
718 609 863 651 unus
893 611 925 650 e
964 598 1129 667 regiis
1166 599 1513 667 satellitibus,
1546 615 1691 671 quos
1726 602 2013 659 scribonas

424 693 647 753 vocant,
703 686 908 744 missus
945 697 1123 744 autem
1172 701 1291 745 erat
1341 692 1494 756 illuc,
1541 701 1603 749 ut
1648 693 2014 750 Athanasium

425 777 786 844 ministraret,
810 788 1005 850 etquae
1030 782 1117 837 ille
1140 782 1443 852 judicasset
1466 796 1877 857 exsequeretur.
1904 786 2016 843 Me-

430 870 644 925 trianus
676 870 862 942 itaque
898 888 1021 928 eum
1053 874 1455 945 apprehensum
1483 880 1549 934 ad
1577 879 1817 950 judicem
1844 880 2016 936 Atha-

429 962 646 1018 nasium
686 963 863 1030 duxit,
895 965 986 1034 qui
1013 968 1176 1022 etiam
1205 968 1350 1024 hunc
1384 969 1729 1040 Apsarunten
1758 973 1925 1038 misit,
1957 980 2017 1029 ut

430 1054 506 1110 ibi
534 1055 586 1109 in
620 1071 838 1111 carcere
857 1067 909 1111 et
933 1057 1092 1128 cippo
1121 1059 1354 1116 haereret
1386 1063 1652 1133 tantisper
1679 1065 1808 1119 dum
1838 1065 2017 1121 disce-

430 1148 602 1218 ptatio
620 1148 916 1218 judicialis,
957 1167 1080 1221 qua:
1100 1151 1215 1223 jam
1254 1156 1643 1225 apparabatur,
1677 1164 1822 1212 esset
1845 1157 2012 1214 abso-

431 1240 568 1296 luta.

502 1334 589 1388 15.
629 1332 826 1390 Statim
875 1336 1020 1391 enim
1058 1336 1279 1393 ineunte
1322 1353 1451 1395 vere
1495 1338 1852 1413 Naehoragan
1896 1340 2017 1398 Mu-

432 1426 677 1483 chirisim
712 1429 882 1493 venit,
915 1437 968 1485 et
999 1430 1284 1486 confestim
1322 1433 1510 1503 copias
1547 1434 1741 1506 coegit,
1782 1444 2019 1505 quanta-

430 1534 540 1589 que
572 1529 784 1591 poterat
801 1522 1076 1593 diligentia
1110 1538 1169 1578 se
1190 1525 1256 1578 ad
1288 1525 1484 1579 bellum
1517 1528 1892 1597 comparabat.
1922 1527 2018 1582 Ni-

433 1610 730 1669 hilosecius
769 1629 898 1669 vero
939 1614 1102 1669 etiam
1128 1615 1358 1671 Romani
1384 1617 1588 1672 circum
1620 1619 1853 1674 insulam
1884 1635 2018 1675 con-

433 1705 663 1773 gregati,
714 1719 838 1761 sese
886 1721 1100 1761 summa
1156 1708 1204 1762 vi
1243 1709 1610 1778 apparabant;
1655 1721 1709 1766 et
1755 1712 2022 1781 judicium

435 1795 634 1850 merito
679 1783 1121 1866 protrahebatur.
1172 1797 1314 1865 Quid
1370 1800 1516 1855 enim
1561 1802 1695 1871 ipsis
1733 1819 1799 1857 eo
1841 1817 2021 1858 rerum

434 1895 579 1941 statu
608 1888 802 1959 majori
835 1904 980 1944 curae
1014 1904 1136 1945 esse
1151 1890 1400 1957 debebat,
1425 1907 1588 1962 quam
1616 1910 1702 1949 res
1730 1894 1797 1949 ad
1822 1894 2020 1948 bellum

436 1978 775 2033 necessarias
813 1994 977 2048 quam
1033 1979 1237 2050 optime
1284 1982 1847 2054 constituerc?172
1901 1982 2021 2038 1am

437 2084 564 2125 vero
586 2069 749 2124 etiam
775 2068 1011 2127 Tzatbes
1051 2087 1157 2126 una
1189 2088 1314 2127 eum
1349 2072 1601 2129 Soterico
1636 2074 1898 2146 Byzantio
1925 2077 2023 2131 ad-

438 2170 681 2225 venerat,
730 2168 959 2228 paterno
1015 2177 1183 2234 regno
1233 2165 1461 2237 ejusque
1499 2165 1807 2236 insignibus
1843 2182 1874 2221 a
1912 2164 2026 2220 Ro-

436 2264 724 2307 manorum
759 2253 1087 2323 imperatore
1135 2254 1302 2311 veteri
1335 2271 1489 2313 more
1521 2271 1587 2312 ac
1616 2259 1721 2311 ritu
1756 2258 2020 2327 acceptis.

438 2341 582 2398 Sunt
620 2356 801 2400 autem
852 2345 968 2401 lucc
1015 2361 1218 2403 corona
1263 2362 1429 2407 aurea
1483 2349 1739 2420 pretiosis
1768 2349 2026 2405 distincta

435 2437 728 2508 lapidibus,
752 2448 806 2494 et
824 2440 968 2511 palla
994 2440 1060 2496 ad
1095 2442 1234 2497 talos
1250 2441 1511 2507 demissa,
1543 2457 1679 2499 auro
1709 2442 2025 2512 intertexta,

439 2528 609 2584 calcei
646 2529 856 2586 murice
890 2530 1066 2599 tincti,
1090 2539 1145 2587 et
1177 2532 1340 2587 mitra
1365 2533 1619 2590 similiter
1646 2551 1782 2592 auro
1811 2545 1865 2592 et
1893 2537 2029 2608 lapi-

435 2621 603 2678 dibus
642 2622 869 2679 variata.
901 2623 1260 2696 Chlamydem
1304 2640 1431 2679 vero
1474 2641 1803 2697 purpuream
1852 2627 2029 2684 Lazo-

437 2730 562 2769 rum
584 2716 801 2786 regibus
832 2724 1045 2788 gestare
1067 2715 1151 2773 fas
1169 2732 1277 2773 non
1304 2729 1407 2786 est,
1436 2719 1533 2776 sed
1555 2728 1769 2776 tantum
1825 2721 2026 2790 albam,

438 2817 548 2859 non
579 2811 760 2858 tamen
786 2805 1040 2861 omnibus
1070 2820 1416 2862 communem
1446 2816 1500 2864 et
1531 2818 1872 2865 consuetam.
1908 2810 2029 2866 Cir-

438 2911 505 2951 ca
540 2896 780 2952 medium
827 2896 973 2952 enim
1018 2897 1163 2954 illius
1209 2913 1435 2954 aureum
1490 2901 1765 2972 quoddam
1823 2909 2029 2958 textum

438 2986 702 3056 utrinque
732 2987 1079 3058 resplendet;
1112 2991 1260 3060 regia
1297 2991 1461 3047 etiam
1513 2991 1677 3048 fibula
1704 2993 2029 3066 chlamydis,

438 3076 715 3148 lapidibus
749 3080 937 3136 aureis
966 3080 1091 3137 inde
1116 3082 1369 3151 pendulis
1394 3086 1613 3156 alioque
1653 3095 1916 3158 apparatu
1946 3088 2033 3144 in-

2114 605 2476 675 ὀνομάζουσιν
2497 603 2585 679 [Ρ.
2621 606 2749 681 90]·
2785 607 3014 662 ἔσταλτο
3045 607 3101 661 δὲ
3126 608 3319 662 αὐτόσε
3344 607 3537 661 τούτου
3569 605 3637 676 δὴ
3664 605 3710 636 ¹⁸

2113 694 2298 761 ἕνεκα,
2331 697 2419 767 ἐφ’
2447 690 2492 765 ᾧ
2511 696 3031 771 ὲξυπηρετήσασθαί
3055 716 3117 752 τε
3138 698 3218 771 τῷ
3254 697 3585 768 ’Δθανασίῳ,
3614 695 3715 751 καὶ

2116 789 2254 844 ἄττα
2287 789 2355 843 ἂν
2389 790 2486 843 ὑπ’
2539 789 2751 844 ἐκείνου
2787 789 3004 864 κριθείη
3064 790 3215 846 τόνδε
3242 788 3415 843 ταῦτα
3460 787 3714 841 ἐπιτελέ-

2117 895 2209 934 σαι
2231 879 2319 950 ¹¹)·
2339 878 2617 953 ξυλλαϐὼν
2641 880 2707 953 δὴ
2728 876 2822 936 οὖν
2845 883 2873 935 6
2891 880 3199 953 Μετριανὸς
3228 882 3271 913 ι’
3299 881 3390 934 τὸν
3428 877 3711 949 Ἰωάννην,

2117 974 2273 1047 παρὰ
2303 974 2397 1030 τὸν
2434 952 2715 1048 διαιτητὴν
2759 952 3122 1047 ἀπεκόμισεν.
3179 976 3238 1029 '0
3277 975 3335 1030 δὲ
3374 975 3472 1029 καὶ
3516 971 3711 1027 τοῦτον

2117 1067 2176 1129 ὲς
2216 1066 2553 1137 Ἀψαροῦντα
2586 1068 2918 1140 ἐξέπεμψεν,
2947 1068 3006 1122 ὲν
3037 1069 3229 1140 εἱρκτῇ
3260 1084 3320 1121 τε
3350 1067 3445 1121 καὶ
3469 1064 3709 1121 ποδοκά-

2119 1174 2193 1233 κῃ
2227 1158 2493 1230 μενοῦντα
2511 1161 2577 1226 ⁸³,
2607 1160 2712 1226 ἕως
2734 1159 2764 1214 6
2792 1164 2849 1216 ὲν
2885 1161 3044 1216 ποσὶν
3082 1159 3234 1231 ἀγὼν
3265 1158 3599 1229 διανυσθείη.
3670 1226 3677 1233 δ

2193 1342 2280 1414 (Α.
2302 1342 2365 1399 C.
2391 1343 2543 1413 555.)
2582 1349 2663 1398 ιε’.
2692 1345 2847 1414 ’Ἅμα
2871 1345 2980 1415 γὰρ
3006 1342 3084 1416 τῷ
3113 1338 3209 1415 ἦρι
3238 1340 3534 1415 ἀρξαμένῳ
3565 1358 3715 1414 παρ-

2120 1433 2188 1505 ῆν
2216 1436 2243 1487 ό
2272 1434 2602 1505 Ναχοραγὰν
2633 1436 2690 1497 ἐς
2728 1435 3106 1505 Μουχείρισιν,
3157 1435 3253 1489 καὶ
3294 1433 3495 1489 αὐτίκα
3533 1433 3604 1487 τά
3650 1450 3715 1487 τε

2125 1526 2512 1597 στρατεύματα
2552 1526 2774 1599 ἥθροιζε
2801 1528 2862 1590 ’⁵,
2901 1527 2995 1581 καὶ
3035 1526 3266 1599 πλείστῃ
3293 1529 3394 1599 ὅσῃ
3426 1523 3717 1597 χρώμενος

2123 1613 2405 1687 προθυμίᾳ
2453 1614 2521 1670 τὰ
2557 1618 2615 1679 ἐς
2656 1616 2748 1669 τὸν
2793 1615 3033 1687 πόλεμον
3067 1614 3382 1686 ἐξηρτύετο.
3416 1613 3719 1683 Τοιγάρτοι

2123 1706 2216 1760 καὶ
2237 1707 2287 1759 οἱ
2317 1684 2585 1778 Ῥωμαῖοι
2628 1707 2774 1777 ἀμφὶ
2820 1684 3130 1780 τὴνΝῆσον
3154 1684 3161 1686 ν
3184 1705 3537 1776 ἀγειρόμενοι
3574 1720 3715 1775 παρ-

2124 1794 2503 1860 εσκευάζοντο,
2533 1797 2630 1849 καὶ
2659 1795 2729 1848 τὰ
2748 1795 2849 1866 τῆς
2874 1797 3108 1866 κρίσεως
3148 1792 3379 1855 είκὸτως
3402 1790 3715 1844 ἀνεκόπτε-

2122 1904 2206 1941 το.
2236 1888 2302 1939 Τί
2332 1886 2441 1958 γὰρ
2489 1886 2557 1940 ἂν
2599 1885 2786 1949 αὐτοῖς
2840 1886 2900 1939 ὲν
2944 1884 3024 1954 τῷ
3070 1885 3194 1938 τότε
3251 1881 3723 1953 προύργιαίτερον

2126 1981 2411 2050 κατεφάνη
2453 1978 2555 2049 τῆς
2587 1979 2718 2050 περὶ
2748 1978 2842 2031 τὸν
2875 1977 3113 2049 πόλεμον
3149 1976 3491 2046 εὐκοσμίαςς
3524 1972 3627 2044 ἤδη
3660 1972 3725 2026 δὲ

2125 2073 2222 2126 καὶ
2274 2075 2303 2126 6
2346 2070 2565 2140 Τζάθης
2620 2071 2736 2141 ἅμα
2778 2070 3079 2141 Σωτηρίχῳ
3109 2069 3256 2140 rip"
3304 2065 3601 2140 στρατηγῷ
3651 2066 3725 2118 ἐκ

2126 2164 2427 2229 Βυζαντίου
2454 2164 2677 2234 ἀφῖκτο,
2708 2164 2812 2235 τήν
2851 2181 2913 2218 τε
2947 2160 3270 2234 πατρῴανη
3296 2162 3471 2235 ἀρχὴν
3509 2160 3605 2214 καὶ
3646 2158 3723 2217 τὰ

2125 2256 2334 2329 ταύτης
2360 2257 2672 2328 παράσημα
2703 2257 2842 2328 πρὸς
2873 2255 2969 2311 τοῦ
3001 2257 3046 2288 ⁸⁷
3080 2255 3349 2327 βασιλέως
3398 2253 3719 2323 Ῥωμαίων,

2125 2344 2274 2421 ᾗπερ
2304 2349 2369 2401 ἐκ
2398 2347 2632 2403 παλαιοῦ
2666 2348 3002 2419 νενόμισται,
3033 2347 3378 2417 δεδεγμένος.
3410 2343 3536 2399 Εἰσὶ
3562 2343 3623 2397 δέ
3651 2358 3724 2412 τι

2126 2440 2298 2496 ταῦτα
2329 2442 2594 2510 στέφανος
2626 2439 2867 2513 χρυσοῦς
2885 2439 3289 2510 λιθοκόλλητος,
3332 2437 3429 2492 καὶ
3463 2434 3724 2508 χιτώνων

2130 2533 2366 2607 ποδῆρες
2389 2534 2723 2604 ὑπόχρυσον,
2749 2532 2943 2586 πέδιλά
2961 2550 3021 2585 τε
3043 2529 3391 2601 κοκκοϐαφῆ,
3428 2529 3523 2588 καὶ
3549 2529 3723 2600 μίτρα

2128 2624 2330 2697 ὁμοίως
2354 2624 2540 2697 χρυσῷ
2566 2641 2625 2679 τε
2659 2624 2754 2677 καὶ
2783 2622 2954 2687 λίθοις
2982 2621 3408 2693 πεποικιλμένη.
3448 2618 3726 2691 Χλαμύδα

2128 2715 2183 2770 δὲ
2216 2715 2456 2788 ἁλουργῆ
2485 2717 2602 2780 τοῖς
2636 2713 2916 2786 βασιλεῦσι
2945 2714 3055 2770 τῶν
3091 2712 3292 2778 Λαζῶν
3314 2713 3376 2768 οὺ
3419 2711 3581 2785 θέμις
3612 2712 3727 2782 ἀμιι

2131 2808 2446 2880 πίσχεσθαι,
2495 2805 2697 2880 λευκὴν
2726 2805 2784 2861 δὲ
2829 2806 3025 2878 μόνον·
3057 2806 3121 2860 οὗ
3164 2804 3355 2878 μέντοι
3398 2799 3727 2858 παντάπασί

2131 2919 2195 2973 γε
2229 2903 2416 2974 κοινὴν
2448 2899 2591 2955 οὕτω
2612 2899 2710 2955 καὶ
2741 2899 3082 2971 εἰθισμένην,
3117 2899 3262 2970 ἀμφὶ
3288 2896 3401 2967 γὰρ
3433 2896 3495 2951 τὸ
3526 2892 3730 2967 μεσαί-

2130 3010 2292 3049 τατον
2318 2993 2501 3064 ἐκείνη
2535 2991 2719 3064 χρυσῷ
2746 2991 3029 3063 ὑφάσματι
3054 2988 3399 3062 ἑκατέρωθεν
3428 2984 3725 3055 καταλάμ-

2134 3102 2317 3141 πεται.
2350 3085 2640 3139 Βασιλικὸν
2670 3084 2728 3139 δὲ
2759 3083 2854 3137 καὶ
2874 3083 2918 3116 ’⁸
2950 3081 3012 3136 τὺ
3041 3081 3410 3153 ὲμπερόνημα
3438 3078 3545 3149 τῆς
3588 3076 3729 3148 χλα-

437 3171 633 3242 signis.
660 3170 1051 3241 Ingredientem
1075 3173 1260 3246 itaque
1282 3176 1395 3247 jam
1426 3191 1582 3233 suam
1610 3178 1869 3234 ditionem
1894 3177 2028 3234 Τιθ-

2142 3177 2324 3251 μύδος,
2355 3175 2529 3240 λίθοις
2557 3193 2617 3230 τε
2655 3172 2957 3246 ὲκκρεμέσι
2977 3171 3360 3264 Βιαίτῇῗαλλῃ
3401 3168 3728 3264 κατασκευῇ

440 3264 590 3316 them
633 3272 689 3318 et
718 3263 868 3334 regio
920 3264 1107 3320 habitu
1142 3277 1419 3334 ornatum,
1453 3267 1745 3324 confestim
1792 3268 2035 3341 praefecti

433 3364 498 3409 et
534 3355 824 3412 universus
856 3359 1130 3415 exercitus
1165 3358 1446 3416 Romanus
1475 3362 1776 3419 salutantes
1804 3363 2035 3420 debilis-

441 3460 553 3516 que
579 3446 884 3504 hunoribus
906 3449 1222 3516 allicientes,
1253 3453 1303 3508 ei
1331 3455 1619 3524 praeibam,
1654 3455 2036 3527 splendidissi-

441 3540 553 3595 mis
591 3541 762 3597 armis
789 3542 989 3610 induti,
1012 3551 1067 3599 et
1093 3546 1253 3616 equis
1281 3546 1529 3619 plerique
1555 3549 1717 3605 vecti.
1744 3547 1875 3605 Lazi
1905 3564 2035 3607 vero

443 3635 512 3689 ad
543 3633 782 3690 laetitiam
822 3637 1097 3703 conversi,
1126 3652 1270 3709 aegre
1321 3640 1542 3695 tandem
1585 3639 1839 3710 deposito
1891 3656 2035 3697 mm-

446 3740 594 3794 rure,
649 3727 891 3783 seriatim
941 3728 1121 3800 ipsum
1167 3729 1544 3798 deducebant,
1588 3733 1736 3789 tubis
1777 3735 2035 3810 omni_ex

443 3827 602 3891 parte
650 3820 1049 3893 clangentibus,
1097 3830 1152 3878 et
1203 3823 1374 3896 signis
1430 3826 1491 3881 in
1542 3827 1713 3884 altum
1762 3828 2030 3898 sublatis;

442 3921 676 3984 eratque
725 3928 925 3985 pompa
966 3914 1248 3984 splendida
1282 3917 1580 3974 admodum
1625 3927 1791 3990 atque
1823 3921 2038 3992 magni-

444 4004 569 4069 fica,
594 4012 649 4060 et
682 4006 858 4077 magis
883 4021 1050 4076 quam
1080 4004 1353 4064 Lazorum
1378 4023 1602 4081 regnum
1633 4011 1738 4067 fert
1767 4010 2033 4070 fastuosa.

445 4096 685 4154 Tzathes
715 4099 899 4169 itaque
918 4098 1033 4169 jam
1063 4115 1233 4172 regno
1262 4102 1642 4174 inauguratus,
1688 4105 2039 4163 administra-

443 4191 542 4247 bat
572 4191 830 4262 deinceps
859 4193 1045 4248 omnia
1072 4204 1398 4266 gentemque
1421 4209 1577 4251 suam
1603 4198 1843 4270 regebat,
1874 4209 2039 4270 prout

443 4281 552 4339 sibi
574 4283 750 4339 visum
781 4292 902 4338 erat
930 4290 983 4338 et
1009 4284 1221 4355 patrius
1249 4302 1370 4343 mos
1397 4287 1680 4344 suadebat.
1718 4288 2037 4346 Suterichus

448 4375 608 4447 173
633 4384 814 4431 autem
845 4377 1134 4446 praefectus
1164 4378 1347 4447 statim
1375 4379 1495 4440 iter,
1550 4380 1619 4435 ad
1660 4383 1805 4452 quod
1832 4386 2036 4440 missus

444 4477 587 4528 erat.
609 4468 858 4537 arripuit.
877 4469 1149 4525 Afferehat
1166 4471 1313 4526 enim
1331 4472 1618 4542 pecuniam
1642 4488 1672 4528 a
1702 4489 1846 4545 rege,
1869 4489 2033 4544 quam

2136 3268 2460 3339 διαπρέπον.
2505 3265 2805 3321 Ἐπιϐάντα
2834 3265 2898 3334 δὴ
2943 3259 3038 3320 οὖν
3066 3263 3160 3316 τὸν
3189 3260 3410 3333 Τζὰθην
3435 3261 3538 3331 τῆς
3577 3261 3731 3332 ὑπη-

2135 3361 2266 3416 κόου
2306 3360 2402 3415 καὶ
2448 3361 2515 3432 τῇ
2558 3358 2815 3430 βασιλείῳ
2849 3357 3011 3428 στολῇ
3049 3352 3492 3425 κεκοσμημένον,
3525 3353 3731 3408 αὐτίκα

2134 3454 2191 3511 οἶ
2218 3470 2280 3508 τε
2313 3452 2614 3525 στρατηγώ⁵
2639 3452 2735 3507 καὶ
2767 3453 2913 3516 ἅπας
2941 3454 2970 3506 6
3001 3451 3113 3506 τῶν
3152 3448 3445 3520 Ῥωμαίων
3496 3446 3730 3519 στρατὸς

2134 3545 2469 3617 δεξιούμενοί
2494 3563 2554 3599 τε
2585 3545 2680 3601 καὶ
2701 3543 2771 3598 τὰ
2796 3543 2982 3598 εἰκότα
3014 3542 3370 3615 γεραίροντες
3405 3539 3725 3610 προηγοῦν-

2123 3628 2218 3704 so,
2246 3636 2644 3707 ἐξωπλισμένοι
2688 3635 2765 3700 ὡς
2807 3634 3233 3707 εὐπρεπέστατα
3257 3634 3324 3697 η,
3360 3633 3459 3686 καὶ¹
3489 3630 3584 3684 ἐπὶ
3615 3629 3733 3684 τῶν

2137 3730 2324 3784 ἵππων
2353 3729 2404 3782 οἱ
2434 3726 2673 3781 πλεῖστοι
2705 3726 3013 3798 ὀχούμενοι.
3049 3725 3112 3779 Οἱ
3142 3723 3200 3778 δὲ
3224 3722 3399 3787 Λαξοὶ
3424 3721 3484 3786 ἐς
3514 3720 3577 3775 τδ
3600 3720 3731 3791 χαῖ-

2139 3838 2232 3892 ρον
2283 3819 2682 3893 μεταϐαλόντες
2706 3859 2721 3883 ,
2785 3817 2882 3872 καὶ
2921 3816 3075 3889 μόλις
3125 3814 3583 3884 ἀππαυσὰμενοι
3627 3810 3735 3881 τῆς

2136 3912 2313 3978 ἀνίας,
2350 3910 2630 3983 στοιχηδὸν
2670 3912 2720 3965 oi
2760 3907 3192 3982 παρωμάρτουν,
3235 3904 3541 3974 σάλπιγγές
3572 3905 3621 3937 ³⁸
3663 3920 3732 3960 τι

2137 4001 2477 4074 πανταχόθεν
2505 4000 2769 4073 ὲπήχουν,
2804 4000 2900 4053 καὶ
2926 3998 2997 4052 τὰ
3020 3998 3225 4070 σημεῖα
3248 3998 3308 4061 ἐς
3332 3994 3468 4067 ὕψος
3490 3996 3728 4068 ἐπῆρτο.

2137 4096 2248 4152 Καὶ
2279 4092 2347 4167 ἦν
2374 4096 2407 4167 ἡ
2432 4093 2627 4166 πομπὴ
2644 4089 2847 4164 φαιδρά
2874 4109 2935 4145 τε
2968 4088 3230 4154 ἐπιεικῶς
3261 4090 3358 4144 καὶ⁸
3386 4089 3733 4162 γαυροτὼτη,

2138 4191 2234 4245 καὶ
2266 4189 2429 4243 πλέον
2462 4188 2495 4261 ἢ
2531 4186 2672 4242 κατά
2697 4187 2798 4257 τὴν
2837 4184 3036 4250 Λαζῶν
3071 4182 3354 4256 βασιλείαν
3383 4181 3731 4252 ἐξωγκωμέ-

2136 4299 2226 4351 νη.
2262 4279 2482 4354 Τζὰθης
2519 4281 2617 4350 μὲν
2647 4275 2741 4334 οὗν
2770 4279 2827 4343 ἐς
2843 4279 2887 4310 ⁸⁸
2915 4276 3015 4350 τὴν
3039 4276 3217 4349 ἀρχὴν
3241 4275 3543 4341 καταστὰς,
3578 4274 3736 4329 ἔτατη

2137 4392 2228 4428 τεν
2253 4375 2462 4428 ἕκαστα
2485 4371 2755 4437 τολοιπὸν,
2792 4372 2889 4426 καὶ
2915 4370 3200 4442 διεκόσμει
3232 4367 3293 4423 τὸ
3323 4367 3622 4440 ὁμόφυλον,
3651 4366 3734 4432 ὡς

2138 4466 2290 4536 αὐτῷ
2321 4483 2383 4519 τε
2423 4461 2493 4538 ἦν
2525 4463 2860 4536 βουλομένῳ,
2913 4462 3009 4517 καὶ
3039 4462 3068 4516 6
3117 4461 3352 4533 πάτριος
3385 4460 3736 4533 ὑπηγόρευεν

445 4560 695 4617 finitimis
734 4560 983 4618 barbaris
1040 4563 1248 4620 bellicae
1300 4565 1581 4621 societatis
1616 4580 1783 4621 causa
1844 4566 2028 4621 distri-

2140 4560 2362 4628 τρόπος.
2390 4557 2701 4628 Σωτήριχος
2723 4555 2781 4609 δὲ
2807 4557 2835 4609 6
2864 4554 3172 4627 στρατηγὸς
3198 4550 3401 4608 οῖῦτίκα
3429 4554 3608 4623 εἴχετο
3630 4553 3739 4622 τῆς

446 4654 677 4721 bueret;
706 4654 853 4724 quod
898 4654 1123 4725 quidem
1160 4663 1216 4712 et
1243 4670 1308 4712 ea
1340 4657 1513 4712 multo
1544 4665 1790 4729 tempore
1811 4668 1896 4714 est
1922 4657 2037 4713 usi-

446 4754 621 4801 tatum
649 4748 1017 4817 etquotannis
1041 4748 1119 4805 fit.
1157 4746 1575 4806 Comitabantur
1596 4764 1727 4806 vero
1757 4750 1937 4822 ipsum
1968 4766 2036 4806 ex

446 4838 574 4894 filiis
607 4837 715 4893 duo
748 4840 987 4911 majores
1007 4850 1162 4911 natu,
1201 4840 1515 4915 Philagrius
1554 4852 1610 4899 et
1633 4841 1906 4901 Romulus
1929 4884 1944 4909 ,
1977 4853 2039 4900 ut

446 4928 630 4985 statim
660 4930 825 4986 domo
855 4932 1061 5002 egressi
1094 4933 1393 4991 moderatis
1421 4933 1704 4992 laboribus
1745 4951 2036 4993 assuesce-

446 5030 589 5089 rent,
626 5022 898 5094 siquidem
939 5025 1102 5081 ambo
1125 5025 1242 5097 jam
1273 5041 1340 5083 ex
1383 5026 1611 5098 ephebis
1657 5035 2032 5091 excesserant,

445 5126 503 5172 et
531 5117 705 5172 labori
736 5115 959 5173 ferendo
974 5132 1135 5189 pares
1162 5128 1340 5175 erant.
1366 5118 1586 5177 Tertius
1614 5120 1761 5176 enim
1788 5120 2030 5189 illorum,

445 5208 778 5275 Eustratius,
824 5209 1071 5284 Byzantii
1121 5212 1347 5270 relictus
1382 5221 1521 5279 erat,
1560 5212 1712 5284 quod
1761 5222 1818 5271 et
1856 5213 2036 5270 adhuc

443 5302 742 5360 admodum
773 5312 920 5361 esset
947 5304 1187 5377 juvenis,
1213 5313 1270 5362 et
1306 5320 1536 5378 corpore
1571 5306 1796 5378 insuper
1822 5321 2035 5378 nequa-

2138 4652 2383 4724 πορείας,
2414 4649 2498 4720 ἐφ’
2527 4644 2674 4725 ᾗπερ
2708 4648 2801 4703 καὶ
2832 4640 3080 4703 ἔσταλτο.
3122 4645 3364 4719 Χρυσίον
3396 4645 3507 4716 γὰρ
3535 4648 3603 4699 ὲκ
3636 4645 3739 4716 βα-

2140 4745 2334 4809 σιλέως
2377 4743 2656 4815 ἐκόμιζεν,
2691 4741 2777 4813 ἐφ’
2820 4735 2866 4812 ᾧ
2913 4744 3028 4806 τοῖς
3070 4741 3385 4813 προσοίκοις
3427 4738 3737 4812 βαρϐάροις

2137 4839 2280 4895 κατὰ
2304 4838 2365 4892 τὸ
2396 4834 2746 4907 ξυμμαχικὸν
2767 4834 3097 4907 διανέμοι²¹,
3134 4833 3448 4904 εἰθισμένον
3470 4849 3535 4902 γε
3563 4832 3734 4887 τοῦτο

2137 4931 2205 4984 ὲκ
2228 4926 2485 4981 πλείστου
2513 4925 2610 4980 καὶ
2639 4925 2723 4980 ἀν’
2751 4925 2873 4991 ἔτος
2903 4924 3253 4997 γιγνόμενον.
3282 4923 3518 4979 Εἴποντο
3538 4922 3598 4977 δὲ
3629 4923 3734 4977 a6-

2137 5024 2216 5095 τῷ
2245 5023 2341 5077 καὶ
2370 5019 2480 5073 τῶν
2509 5018 2720 5072 παίδων
2744 5019 2796 5072 οἱ
2819 5018 3207 5090 πρεσὸύτεροι,
3228 5015 3526 5089 Φιλάγριός
3549 5033 3614 5070 τε
3636 5019 3737 5073 καὶ

2150 5114 2452 5188 Ῥωμύλος,
2473 5112 2549 5178 ὡς
2571 5111 2638 5167 ἂν
2663 5110 2826 5176 εὐθὺς
2862 5111 2957 5181 ἀφ’
2987 5110 3178 5176 ἑστίας
3208 5110 3430 5189 μοχθεῖν
3454 5111 3515 5165 ὲν
3546 5108 3736 5169 δέοντι

2140 5206 2506 5272 παιδευθεῖεν,
2546 5202 2674 5258 ἐπεὶ
2728 5202 2825 5257 καὶ
2870 5202 2931 5267 ἐς
2968 5199 3113 5274 ἥϐης
3154 5200 3358 5272 μέτρον
3409 5199 3513 5272 ἢδη
3558 5197 3738 5271 ἄμφω

2141 5296 2495 5373 ὲληλυθέτην,
2529 5295 2628 5352 καὶ
2661 5296 2837 5369 ἦστην
2858 5293 2906 5333 ’³
2941 5292 3041 5349 οἴω
3079 5291 3474 5349 διαπονεῖσθαι.
3517 5291 3578 5348 '0
3623 5291 3738 5364 γὰρ

1634 5516 1637 5519 -
1746 5478 1986 5538 VARLE
2018 5475 2433 5537 LECTIONES.

518 5646 563 5678 ¹⁶
592 5644 891 5718 Σκρίδονας
938 5645 1118 5719 Lugd;
1196 5647 1239 5680 ιι
1267 5645 1363 5702 τοῦ
1393 5649 1459 5719 δὴ
1491 5647 1557 5704 R.
1635 5650 1680 5682 “
1708 5646 2061 5772 Μαπῇιανὸς
2082 5648 2240 5730 ταῖς.
2319 5644 2363 5678 ¹⁹
2388 5644 2695 5768 ἕενοΰὶδτας
2741 5644 2810 5699 Β.
2887 5644 2933 5676 ¹⁵
2956 5644 3244 5724 ῂθροίζετο
3272 5644 3366 5720 Β..
3418 5644 3463 5670 ³⁵
3494 5644 3728 5692 δοιινεηι

518 5712 652 5786 rique
678 5724 838 5771 vocat
865 5717 1034 5786 intpr.
1058 5717 1138 5786 τῷ
1174 5734 1263 5773 om
1289 5717 1356 5772 Β.
1434 5776 1438 5780 ,
1471 5720 1515 5751 ¹⁶
1566 5720 1821 5786 πατρῴου
1927 5762 1940 5785 ,
1972 5727 2029 5774 et
2081 5735 2137 5772 ιη
2196 5733 2302 5786 mg.
2351 5716 2387 5769 ἀ
2419 5715 2584 5784 ελφου
2622 5784 2646 5786 _
2680 5712 2724 5745 "
2751 5712 3028 5786 npbgjtmv
3061 5719 3119 5766 et
3154 5705 3497 5786 pau|o__lnfra
3553 5705 3728 5786 καθα-

446 5776 727 5853 λάμῖκεται
752 5795 808 5843 et
833 5776 1050 5859 Τζάῖεην
1076 5776 1212 5859 Sph.
1247 5788 1366 5844 Par.
1434 5776 1491 5822 ἰ’
1515 5791 1611 5844 καὶ
1637 5776 1763 5845 add.
1804 5805 1870 5843 ex
1927 5776 1991 5842 li.
2073 5787 2115 5819 π’
2139 5776 2585 5859 εὐπρεπέστατον
2620 5784 2685 5838 R.
2761 5776 2808 5815 ’δ
2835 5776 3137 5868 σάλπιγγες

447 5854 789 5926 ¹πανταχόθεν
810 5857 1161 5923 Β,πὰντοθεν
1186 5859 1309 5930 γυῖα
1423 5864 1462 5894 ¹¹
1491 5864 1567 5925 εἰς
1587 5861 1747 5918 codd.
1774 5868 1827 5917 ct
1848 5859 1974 5916 edd.
2051 5859 2095 5889 ”
2126 5858 2371 5930 διανέμοι
2397 5856 2464 5923 Β,
2488 5855 2732 5929 διανέμει
2752 5854 2900 5927 vulg.
3000 5853 3046 5885 ’³
3076 5869 3137 5925 ηε

448 5712 652 5788 ubique
674 5712 838 5771 'vocat
865 5712 1138 5788 ἰηιρτῖτῷ
1174 5734 1263 5773 om
1289 5717 1356 5772 Β.

1471 5720 1515 5751 ¹⁶
1566 5720 1821 5791 πατρῴου

447 5854 789 5926 ¹πανταχόθεν
810 5857 877 5923 Β,
893 5854 1161 5917 πάντοθεν
1186 5859 1309 5932 vulg
1423 5864 1462 5894 ¹¹
1491 5864 1567 5925 εἰς
1587 5861 1747 5918 codd.
1774 5868 1827 5917 ct
1848 5859 1974 5916 edd.

2469 5641 2724 5724 νοῢὶιτας.
2741 5640 2810 5699 Β.
2831 5712 2844 5724 _
2887 5642 2933 5676 “
2956 5637 3244 5724 ῇθροίζετο
3414 5633 3733 5724 ίσῗδοίξ-ςςιη

3214 5820 3233 5845 ,
3271 5779 3551 5850 σάλπιγγα
3573 5777 3727 5850 vulg.

3000 5849 3063 5885 "V
3076 5851 3250 5925 ἥσθην
3285 5850 3421 5921 Spb.
3456 5849 3583 5909 Par.
