4060 6434
332 393 470 458 M37
1460 389 2010 452 HISTORIARUM
2063 390 2297 452 LIBER
2327 392 2443 453 III.
3476 388 3621 459 1438

320 509 590 584 δὴτρίτος
606 506 809 569 αὐτῶν,
833 505 1163 577 Εὐστράτιος
1211 503 1277 573 ⁸⁸,
1309 508 1366 559 ἐν
1416 504 1695 577 Βυζαντίῳ
1727 505 1929 560 ἐλέλει-

2047 519 2197 574 quam
2227 505 2428 560 valido.
2469 503 2835 577 Posteaquam
2864 512 3046 562 autem
3074 504 3139 562 ad
3187 504 3623 561 Misimianorum

324 621 454 665 πτο,
480 601 598 664 νέος
633 617 696 669 γε
723 600 800 652 ὢν
823 599 903 652 ἔτι
940 599 1160 670 κομιδῇ,
1214 598 1311 651 καὶ
1349 597 1526 661 ἄλλως
1553 597 1617 650 τὸ
1655 597 1817 667 σῶμα
1849 597 1911 650 οὐ

2047 595 2293 651 litinnem
2327 598 2574 666 pervenit
2607 596 2927 654 Soterichus
2975 595 3092 669 (qui
3132 596 3355 667 quidem
3389 593 3622 652 Colcho-

325 691 635 766 ρωμαλᾶος.
692 692 781 753 Ὠ;
817 691 873 743 δέ
914 694 970 753 ἐς
1020 690 1118 758 τὴν
1160 688 1273 743 τῶν
1299 688 1382 761 [Ρ.
1420 687 1515 760 91]
1560 687 1915 758 καλουμένων

2047 702 2148 740 ὐιιι
2183 688 2295 756 regi
2325 697 2539 757 parent,
2567 697 2706 743 utet
2744 689 2957 760 Apsilii,
2998 690 3214 745 diversa
3241 700 3425 745 tamen
3459 697 3626 743 utun-

322 784 745 856 Μισιμιανῶνυ
784 782 970 854 χώραν
1016 785 1045 836 ό
1088 783 1401 852 Σωτήριχος
1457 781 1706 851 ἀφίκετο,
1752 780 1803 834 οἳ
1847 780 1911 852 δὴ

2047 794 2111 833 nr
2142 779 2327 849 lingua
2350 781 2585 851 aliisque
2610 777 2855 851 legibus;
2890 792 3017 838 sunt
3042 797 3173 837 vero
3206 782 3258 835 hi
3285 782 3620 851 Apsiliorum

283 878 297 899 ‘
322 879 591 949 κατήκοοι
620 877 718 945 μὲν
750 874 844 927 τοῦ
873 874 1140 944 βασιλέως
1159 872 1268 926 τῶν
1299 873 1524 942 Κόλχων
1548 873 1913 942 τυγχάνουσιν

2047 882 2186 937 gente
2245 872 2576 928 horealiores
2635 882 2689 927 et
2726 873 2793 928 ad
2832 875 3098 930 orientem
3151 875 3324 930 solem
3374 865 3626 927 nonnihil

322 970 484 1032 ὄντες
540 968 791 1020 καθάπου
834 968 929 1019 καὶ
976 968 1027 1019 οἱ
1083 964 1334 1034 Ἀψίλιοι,
1390 964 1605 1035 γλώττῃ
1666 964 1723 1018 δὲ
1769 966 1921 1035 ὅμως

326 1060 577 1131 χρῶνται
622 1058 1040 1130 ἀποκεκριμένῃ
1079 1056 1175 1109 καὶ
1204 1056 1388 1126 νόμοις
1422 1057 1634 1127 ἑτέροις
1662 1072 1675 1085 ’
1716 1057 1823 1109 εἰσὶ
1862 1056 1921 1109 δὲ

326 1149 528 1204 τούτου
562 1147 628 1217 δὴ
656 1146 752 1200 τοῦ
798 1147 1055 1216 Ἀψιλίων
1081 1146 1275 1214 γένους
1308 1147 1662 1218 βορειότεροι,
1708 1148 1803 1200 καὶ
1828 1163 1920 1199 τε-

321 1238 642 1308 τραμμένοι
675 1236 862 1307 ἠρέμα
899 1238 958 1299 ἐς
987 1237 1141 1307 ἥλιον
1180 1236 1420 1290 ἀνιόντα.
1475 1236 1694 1307 Ἐπειδὴ
1740 1232 1835 1290 οὖν
1860 1238 1919 1300 ἐς

322 1329 524 1384 τούσδε
557 1329 957 1397 παραγέγονεν,
982 1328 1159 1382 ἔννοιά
1180 1345 1265 1391 τις
1297 1329 1499 1392 αὐτοὺς
1536 1327 1808 1398 εἰσῆλθεν,
1843 1327 1922 1391 ὡς

324 1423 448 1493 ἄρα
474 1422 533 1474 ἐν
555 1439 607 1474 τι
630 1423 741 1474 τῶν
770 1422 1050 1492 σφετέρων
1074 1421 1353 1492 φρουρίων
1393 1421 1533 1491 ἀμφ’
1563 1421 1705 1474 αὐτὰ
1737 1420 1803 1492 δὴ
1852 1419 1925 1472 τά

326 1513 532 1580 Λαζῶν
562 1515 687 1585 ὅρια
715 1513 1022 1584 ἱδρυμένον,
1048 1512 1078 1565 ὂ
1099 1513 1163 1582 δὴ
1192 1510 1457 1582 Βούχλοον
1470 1514 1518 1545 ⁸⁸
1538 1510 1921 1581 ὀνομάζουσιν,

325 1606 495 1663 τοῦτο
521 1605 580 1659 δὲ
626 1607 721 1673 ὅγε
765 1604 1012 1675 βούλοιτο
1041 1606 1157 1667 τοῖς
1197 1603 1443 1665 ’Δλανοῖς
1486 1602 1920 1674 καταπροέσθαι,

324 1699 412 1763 ὡς
433 1698 500 1752 ἂν
528 1699 579 1751 οἱ
617 1699 726 1751 τῶν
754 1697 925 1752 ἐθνῶν
959 1696 1222 1767 πρέσϐεις
1252 1695 1361 1750 τῶν
1400 1696 1673 1767 ἀπωτέρω
1709 1694 1926 1749 οἰκούν-

2027 965 2357 1033 vergentes).
2388 965 2452 1019 ad
2482 965 2603 1030 hos,
2635 965 2879 1035 inquam,
2910 983 3032 1021 cum
3069 967 3334 1030 venisset,
3363 964 3628 1036 cogitatio

2028 1056 2277 1124 quaedam
2305 1055 2438 1125 ipsis
2477 1057 2686 1122 incidit,
2716 1061 2862 1127 quod
2907 1060 3094 1129 utique
3130 1074 3299 1113 unum
3349 1058 3625 1128 quoddam

2029 1162 2095 1201 ex
2121 1148 2368 1217 ipsorum
2402 1149 2826 1218 propugnaculis
2847 1150 2992 1205 circa
3018 1151 3165 1221 ipsos
3194 1151 3462 1205 Lazarum
3490 1147 3628 1202 lines

2028 1237 2216 1303 situm,
2269 1238 2571 1293 Bnehloum
2608 1247 2885 1304 vocatum,
2933 1241 3121 1297 Alanis
3160 1242 3388 1312 prodere
3441 1240 3624 1299 vellet.

2032 1337 2096 1384 ut
2141 1331 2425 1401 gentium,
2478 1346 2600 1400 quae
2652 1333 2917 1388 remotius
2950 1332 3295 1397 habitarent,
3348 1332 3506 1402 legati
3549 1330 3625 1385 ibi

2032 1422 2348 1492 congregati
2388 1423 2655 1492 stipendia
2702 1423 2998 1490 deferrent,
3031 1438 3207 1493 neque
3252 1424 3485 1491 amplius
3531 1437 3628 1476 ne-
3668 1438 3684 1453 ·

2030 1515 2259 1569 cessitas
2290 1514 2397 1569 ulla
2437 1522 2601 1579 esset,
2634 1524 2712 1581 ut,
2762 1515 2856 1586 qui
2898 1515 3160 1585 pecunias
3190 1514 3431 1577 alierret,
3487 1512 3630 1566 Cau-

2036 1605 2152 1660 casi
2212 1606 2417 1661 montis
2460 1606 2672 1662 radices
2709 1607 3058 1671 circumiret,
3108 1607 3335 1677 ipseque
3384 1605 3450 1660 ad
3507 1604 3632 1659 illos

2035 1696 2162 1751 iret.

328 1795 467 1856 των,
506 1789 675 1843 αὑτοῦ
719 1791 1091 1861 ἀγειρόμενοι,
1137 1791 1230 1844 τὸν
1307 1790 1502 1861 μισθὸν
1570 1791 1956 1860 ἀποφέροιντο,
1997 1791 2094 1844 καὶ
2126 1790 2324 1862 μηκέτι
2359 1793 2572 1865 ἀνάγκη
2602 1811 2686 1857 τις
2714 1795 2799 1863 εἴη
2839 1794 2919 1865 τῷ
2962 1794 3032 1848 τά
3060 1794 3325 1865 χρήματα
3393 1804 3634 1862 παρεχο-

334 1885 490 1956 μένῳ
531 1884 634 1948 τὰς
679 1887 774 1936 τοῦ
829 1884 1127 1938 Καυκάσου
1170 1887 1514 1956 περινοστεῖν
1567 1884 1612 1916 ⁸⁷
1656 1883 1958 1955 ὑπωρείας,
2001 1886 2095 1938 καὶ
2119 1886 2164 1917 ’³
2193 1886 2359 1938 αὑτὸν
2396 1887 2483 1939 ἐπ’
2514 1888 2762 1950 ἐκείνους
2796 1886 2955 1941 ἱέναι.

411 1983 509 2041 ις’.
541 1974 728 2029 Ταῦτα
749 1975 814 2046 δὴ
845 1976 895 2029 οἱ
925 1976 1257 2045 Μισιμιανοὶ
1285 1975 1397 2029 εἴτε
1428 1975 1673 2043 γνόντες,
1697 1975 1806 2027 εῐτε
1833 1973 1929 2027 καὶ

2108 1975 2267 2047 174.
2301 1976 2382 2030 ιϐ.
2416 1976 2545 2031 Haec
2578 1992 2703 2031 cum
2749 1975 3045 2031 Misimiani
3086 1976 3201 2030 sive
3248 1971 3636 2045 cognovissent

339 2068 830 2139 ὑποτοπήσαντες,
879 2067 1199 2122 στέλλουσιν
1240 2066 1445 2139 ἄνδρας
1490 2066 1584 2120 δύο
1629 2065 1739 2120 τῶν
1783 2065 1934 2137 παρά

346 2159 500 2229 σφίσι
537 2158 983 2228 λογίμων,Χάδον
1012 2158 1181 2230 ὄνομα
1205 2158 1301 2211 καὶ
1321 2158 1558 2229 Θυάνην.
1578 2157 1713 2211 01δέ
1743 2158 1934 2229 εὑρόν-

338 2268 436 2315 τες
456 2252 618 2305 αὐτὸν
638 2251 812 2321 ἀγχοῦ
827 2269 928 2305 που
946 2250 1155 2306 ἐκείνου
1175 2251 1238 2321 δὴ
1253 2250 1349 2304 τοῦ
1370 2251 1649 2322 ἐρύματος
1665 2249 1937 2316 ἐναυλιζό-

338 2359 506 2414 μενον
519 2344 586 2407 ’³,
600 2344 694 2396 καὶ
711 2342 872 2396 πλέον
883 2345 940 2407 ἐς
952 2343 1052 2410 τὴν
1063 2342 1194 2413 δόκη
1202 2359 1286 2396 σιν
1297 2344 1388 2396 ἐπι
1394 2344 1509 2415 ρῤω
1516 2341 1732 2406 σθέντες
1741 2358 1754 2372 ·
1772 2341 1932 2396 Ἀλλ’

333 2433 415 2488 οὐ
441 2431 642 2486 δίκαια
687 2431 937 2501 δράσειν
970 2433 1016 2465 ³⁸
1048 2430 1228 2502 ἡμᾶς,
1259 2431 1489 2500 ἔφασαν,
1527 2426 1575 2485 ὦ
1611 2430 1932 2500 στρατηγέ,

332 2522 661 2591 διενοήθης
680 2542 693 2554 ·
722 2526 839 2592 χρὴ
867 2522 980 2593 γάρ
1005 2536 1081 2577 σε
1102 2522 1260 2593 μηδὲ
1297 2522 1467 2589 ἄλλῳ
1497 2521 1578 2589 τῷ
1605 2523 1836 2592 ἐφιέναι
1862 2522 1936 2577 τὰ

333 2615 600 2686 ἡμέτερα
637 2615 1116 2685 παραιρουμένῳ,
1158 2615 1304 2684 μήτι
1346 2632 1410 2684 τε
1453 2616 1552 2669 καὶ
1603 2614 1791 2669 αὐτὸν
1834 2614 1933 2668 οὔ·

338 2726 460 2773 τως
488 2709 532 2743 ³³
561 2708 812 2762 ἐθέλειν.
848 2709 919 2762 El
966 2707 1034 2761 es
1079 2721 1155 2761 σε
1198 2708 1279 2773 ὠς
1322 2706 1563 2774 ἀληθῶς
1618 2706 1699 2774 μὴ
1749 2706 1937 2761 ταῦτα

340 2799 615 2868 ἀρέσκει,
645 2800 754 2867 ἄγε
793 2799 954 2864 ὅπως
984 2798 1229 2854 ἐνθένδε
1256 2799 1337 2865 ὡς
1372 2798 1629 2868 τάχιστα
1654 2799 1932 2864 μεταϐὰς,

342 2892 418 2945 ἐν
453 2891 632 2961 ἑτέρῳ
666 2891 1120 2959 ἁποδιατρίψεις
1134 2892 1179 2923 ³³
1212 2892 1424 2960 χωρίῳ,
1462 2892 1563 2945 καί
1590 2906 1666 2945 σε
1697 2892 1763 2944 τι
1805 2892 1934 2945 ἐπι-

344 2982 556 3057 τήδεια
587 2983 814 3052 ἥκιστα
840 2982 1270 3053 ἐπιλείψουσιν
1290 2983 1358 3049 ³³,
1394 2983 1530 3038 ἀλλ’
1555 2983 1725 3053 ἡμεῖς
1748 2982 1938 3038 ᾶπαν-

340 3091 424 3132 τα
449 3077 726 3145 οἴσομεν.
768 3074 1057 3132 Ἐνταῦθα
1079 3073 1190 3144 γάρ
1214 3090 1314 3129 σοι
1338 3078 1411 3128 οὐ
1440 3072 1694 3144 μενετέα
1712 3075 1938 3128 παντά-

346 3183 564 3233 πασιν,
609 3166 754 3222 οὐδὲ
793 3167 1127 3237 άνεξόμεθά
1158 3181 1276 3222 σου
1319 3166 1653 3235 μέλλοντος
1691 3167 1758 3232 ἐς
1804 3166 1939 3221 τόδε

346 3262 455 3315 καὶ
478 3257 928 3329 σκηπτομένου.
960 3258 1118 3312 Οὕτω
1142 3257 1200 3311 δὲ
1223 3258 1405 3311 αὐτῶν
1431 3257 1937 3329 αὐθαδιαζομένων,

345 3354 454 3406 οὐκ
506 3352 711 3405 ἀνεκτά
767 3350 1117 3422 ἡγησάμενος
1144 3352 1174 3404 ὁ
1224 3350 1554 3422 Σωτήριχος,
1600 3352 1650 3405 εί
1676 3353 1787 3415 τοῖς
1831 3350 1943 3403 τῶν

345 3443 580 3513 Κόλχων
620 3442 916 3511 κατηκόοις
954 3442 1102 3513 ἐξείη
1127 3442 1175 3476 ³⁸
1208 3442 1350 3497 κατά
1401 3443 1696 3513 Ῥωμαίων
1737 3442 1947 3515 θρασύ-

345 3535 544 3591 νεσθαι
565 3535 674 3588 τῶν
698 3536 787 3604 ὑφ’
808 3534 901 3600 οὓς
925 3536 976 3590 οἱ
1001 3535 1200 3605 Κόλχοι
1224 3536 1542 3607 τετάχαται,
1570 3535 1946 3607 παρακελεύε-

343 3648 447 3686 ται
474 3631 587 3694 τοῖς
616 3630 833 3691 ὀπαδοῖς
862 3628 1043 3683 παίειν
1072 3629 1271 3692 αὐτοὺς
1314 3625 1401 3687 αἷς
1432 3629 1764 3701 ἐπεφέροντο
1809 3628 1946 3700 βακ-

343 3718 599 3792 τηρίαις.
637 3724 699 3774 Οί
745 3722 803 3775 δέ
835 3720 1126 3775 καθίκοντο
1164 3720 1348 3775 αὐτῶν
1394 3720 1652 3789 ἀφειδῶς,
1688 3721 1785 3774 καὶ
1800 3722 1846 3754 ³³
1889 3723 1951 3786 ἐς

347 3815 605 3869 τούπίσω
626 3814 936 3886 ἡμιθνῆτας
974 3813 1332 3884 ἀπέπεμψαν.
1374 3814 1579 3867 Τούτου
1618 3813 1676 3867 δὲ
1716 3831 1949 3884 γεγενη-

361 3906 551 3977 μένου,
580 3907 891 3977 Σωτήριχος
922 3906 1023 3977 μὲν
1050 3905 1188 3978 ᾤετο
1210 3905 1380 3977 μηδὲν
1418 3904 1719 3960 ἀντίπαλον
1752 3905 1798 3938 ³⁸
1829 3906 1950 3959 ἐσε-

364 3997 518 4062 σθαι,
558 3999 667 4053 ἀλλ’
698 3998 890 4069 ὥσπερ
915 3998 1108 4070 ἀμέλει
1141 3998 1363 4062 οἰκέτας
1406 3998 1645 4062 οἰκείους
1689 4000 1950 4069 ἡμαρτη-

360 4089 535 4153 κότας
556 4090 1049 4161 διαχειρισάμενος,
1082 4090 1178 4143 καὶ
1210 4090 1364 4143 οὐδὲν
1392 4088 1573 4144 ὁτιοῦν
1618 4087 1952 4160 εὐλαϐητέον

355 4179 536 4253 αὐτῷ,
564 4181 723 4252 ἔμενέ
756 4198 814 4235 τε
841 4182 986 4235 κατά
1034 4179 1240 4253 χώραν,
1281 4181 1375 4233 καὶ
1412 4175 1553 4242 εἶτα,
1582 4179 1778 4241 νυκτὸς
1828 4182 1952 4231 ἐπι-

353 4275 691 4346 γενομένης.
719 4272 982 4328 ὲκάθευδε
1014 4273 1221 4345 σφόδρα
1248 4273 1423 4337 ἀδεῶς
1453 4274 1547 4326 καὶ
1583 4271 1913 4341 ἀφυλάκτως
1934 4284 1948 4297 ⁸

349 4368 512 4425 οὕτω
532 4368 589 4421 δὲ
614 4368 671 4422 οῖ
690 4384 750 4420 τε
781 4367 967 4430 παῖδες
984 4366 1077 4420 καὶ
1102 4368 1151 4419 oi.
1180 4365 1469 4436 δορυφόροι
1494 4366 1589 4417 καὶ
1608 4364 1805 4417 ὁπόσον
1827 4363 1956 4417 ἄλλο

352 4459 522 4529 αὐτῷ
539 4459 581 4491 ³⁷
610 4458 833 4528 θητικὸν
876 4458 1063 4511 εἵπετο
1093 4455 1126 4526 ἢ
1172 4455 1270 4510 καὶ
1305 4454 1515 4519 δοῦλον,
1560 4452 1957 4525 ὲκμελέστερον

349 4553 467 4608 καὶ
492 4544 637 4604 οὗτοι
662 4549 903 4612 ἅπαντες
927 4548 961 4621 ἢ
988 4548 1065 4611 ὡς
1089 4550 1147 4601 ἐν
1178 4547 1455 4617 πολεμίων
1468 4547 1513 4579 ³⁸
1536 4546 1958 4617 κατεσκηνημέ-

352 4660 475 4707 νοι,
510 4640 864 4695 ἀνεπαύοντο.
924 4639 1013 4691 Ἐν
1058 4635 1235 4706 τούτῳ
1267 4635 1324 4688 δὲ
1352 4636 1401 4687 οἱ
1453 4631 1804 4704 Μισιμιανοὶ,
1856 4632 1958 4705 τὴν
1992 4670 2032 4723 D

354 4737 535 4807 ὖὸριν
566 4735 666 4788 οὐκ
698 4732 1035 4802 ἐνεγκόντες,
1072 4729 1429 4799 ἐπιφοιτῶσιν
1457 4728 1645 4790 αὐτοῖς
1672 4723 1958 4796 καρτερῶς-

351 4846 511 4884 τατα
533 4825 951 4896 ἐξωπλισμένοι,
978 4825 1072 4878 καὶ
1101 4822 1301 4878 αὐτίκα
1338 4823 1429 4875 ἐπὶ
1462 4821 1524 4874 τὸ
1552 4820 1823 4889 δωμάτιον
1847 4837 1957 4891 χω-

358 4912 664 4995 ρήσαντες,
694 4913 756 4975 οὗ
783 4917 848 4990 δὴ
876 4918 906 4971 ό
939 4916 1248 4989 στρατηγὸς
1277 4913 1630 4978 ἀνεκέκλιτο,
1668 4911 1960 4967 κατακτεί-

354 5028 526 5068 νουσι
567 5011 866 5084 προτέρους
909 5009 1035 5073 τοὺς
1063 5007 1523 5080 παρευναστῆρας
1552 5005 1661 5059 τῶν
1692 5002 1960 5075 θεραπόν-

360 5122 505 5160 των.
528 5102 769 5174 Θορύσου
795 5100 874 5164 δὲ,
906 5098 1100 5169 ῶσπερ
1125 5097 1296 5161 εἰκὸς,
1334 5098 1431 5150 καὶ
1473 5095 1723 5163 πατάγου
1759 5091 1959 5147 πολλοῦ

358 5193 717 5265 κινηθέντος,
769 5191 1122 5260 ξυναίσθησις
1176 5187 1274 5259 μὲν
1330 5185 1424 5240 τοῦ
1485 5184 1661 5239 κακοῦ
1704 5182 1856 5254 αὐτῷ
1900 5199 1962 5236 τε

362 5284 679 5356 Σωτηρίχῳ
711 5284 806 5338 καὶ
843 5284 955 5346 τοῖς
991 5281 1134 5352 ἀμφ’
1160 5277 1327 5337 αὐτὸν
1354 5280 1559 5337 ἅπασιν
1597 5275 1849 5344 ἐγίγνετο
1864 5274 1910 5308 ³⁹
1944 5291 1959 5305 ·

2037 2067 2151 2120 sive
2186 2069 2450 2138 suspicati
2485 2079 2694 2136 essent,
2728 2069 2868 2127 duos
2888 2084 2956 2124 ex
2985 2069 3103 2124 suis
3165 2068 3407 2137 insignes
3459 2066 3633 2130 viros,

2034 2158 2280 2214 Chadum
2327 2162 2553 2217 nomine
2600 2171 2654 2216 et
2699 2159 3009 2227 Thuanem,
3047 2161 3307 2226 mittunt,
3350 2158 3445 2226 qui
3505 2173 3633 2213 cum

2034 2251 2212 2322 ipsum
2249 2253 2763 2325 reperissentjuxta
2811 2251 2945 2308 illud
2993 2251 3470 2322 pr0pugnaculum
3515 2258 3632 2305 sta-

2035 2343 2244 2397 tionem
2279 2344 2592 2410 habentem,
2632 2344 2950 2415 suspicione
2999 2342 3235 2397 validius
3265 2341 3586 2397 conlirmata
3615 2355 3631 2394 :

2037 2433 2275 2504 lnjuria,
2309 2435 2654 2505 inquiebant,
2700 2453 2793 2491 nos
2828 2435 3045 2505 afﬁcere
3088 2434 3311 2504 cogitas,
3363 2432 3632 2501 pra’fccte.

2038 2528 2256 2598 Oportet
2280 2529 2420 2582 enim
2473 2536 2521 2582 te
2546 2544 2714 2598 neque
2750 2527 2908 2582 alteri
2965 2527 3178 2581 cuidam
3217 2525 3540 2594 permittere,
3572 2530 3634 2576 ut

2036 2633 2221 2676 nostra
2266 2620 2414 2675 nobis
2465 2620 2732 2685 adimant,
2773 2620 2967 2675 nedum
3011 2620 3182 2688 ipsum
3231 2618 3330 2671 hoc
3365 2616 3518 2672 velle.
3569 2611 3635 2670 Si

2036 2730 2154 2772 vero
2199 2715 2289 2769 hoc
2336 2715 2430 2768 tibi
2458 2713 2785 2783 propositum
2807 2728 2912 2767 non
2949 2722 3045 2777 est,
3085 2711 3174 2782 [ac
3228 2726 3345 2781 age,
3388 2723 3638 2780 utquam

2036 2805 2290 2859 citissime
2312 2803 2436 2861 hinc
2462 2801 2737 2857 discedens
2765 2802 2874 2856 alio
2911 2804 2966 2858 in
3002 2802 3117 2856 loco
3140 2800 3501 2855 commoraris.
3527 2795 3663 2853 Ne-l

2036 2912 2135 2966 que
2165 2894 2256 2948 tibi
2285 2893 2698 2963 defutura‘sttnt
2728 2892 3044 2959 necessaria,
3074 2892 3165 2947 sed
3196 2906 3291 2944 nos
3324 2888 3505 2944 omnia
3538 2887 3635 2942 de-

2039 2986 2295 3055 ferentur.
2345 2982 2450 3037 Hic
2496 2983 2637 3037 enim
2662 2982 2809 3037 nullo
2859 2981 3014 3035 modo
3048 2980 3146 3035 tibi
3187 2989 3265 3036 est
3296 2977 3638 3044 manendum,

2045 3093 2207 3147 neque
2239 3075 2468 3145 feremus
2497 3083 2546 3129 te
2571 3073 2657 3129 hic
2687 3090 2865 3129 moras
2891 3073 3183 3128 trahentem
3213 3081 3262 3125 et
3292 3071 3640 3140 tergiversan-

2045 3176 2170 3221 tem.
2207 3164 2343 3237 lpsis
2378 3177 2511 3220 vero
2555 3164 2629 3219 ita
2672 3163 2980 3234 procaciter
3013 3159 3385 3232 loquentibus,
3431 3152 3640 3210 Soteri-

2043 3257 2181 3311 chus
2231 3270 2580 3326 nequaquam
2613 3254 2953 3310 tolerandum
2990 3261 3162 3317 ratus,
3215 3249 3261 3305 si
3309 3246 3643 3304 Colchorum

2048 3348 2281 3404 subditis
2313 3348 2389 3404 ita
2420 3348 2684 3404 adversus
2705 3346 3006 3411 Romanos,
3039 3343 3239 3414 quibus
3276 3346 3488 3412 parent,
3515 3336 3647 3393 lice-

2048 3449 2133 3496 ret
2170 3439 2421 3508 ferocire,
2470 3438 2830 3510 stipatoribus
2868 3438 2985 3493 suis
3054 3434 3279 3490 mandat
3312 3440 3371 3487 ut
3413 3429 3647 3494 baculis,

2051 3549 2191 3604 quos
2221 3534 2532 3603 gestabant,
2561 3546 2659 3588 eos
2676 3529 2971 3587 caderent.
2995 3527 3097 3594 Qui
3124 3526 3382 3581 atrociter
3412 3525 3465 3578 in
3497 3521 3650 3594 ipsos

2051 3628 2277 3691 invecti.
2313 3626 2614 3682 semineces
2640 3623 2990 3680 remiserunt.
3018 3619 3229 3687 Quibus
3257 3615 3516 3689 peractis,
3546 3612 3651 3671 So-

2060 3717 2305 3772 terichus
2340 3715 2560 3785 quidem
2600 3711 2739 3767 nihil
2784 3710 2984 3767 hostile
3020 3715 3343 3764 eventurum
3381 3714 3554 3771 ratus,
3594 3709 3653 3759 et

2053 3807 2284 3878 perinde
2340 3805 2452 3861 fere
2483 3818 2548 3860 ac
2579 3803 2627 3859 si
2668 3816 2860 3860 servos
2904 3815 3036 3857 suos
3069 3798 3448 3869 delinquentes
3476 3791 3654 3866 plagis

2060 3898 2386 3970 excepisset,
2417 3896 2552 3952 nihil
2584 3895 2713 3950 inde
2744 3894 2849 3951 sibi
2887 3891 3185 3948 verendum
3215 3887 3560 3951 existimans,
3585 3899 3656 3942 eo

2052 3991 2159 4046 loci
2194 3990 2432 4054 mansit;
2467 3996 2525 4042 et
2559 3986 2757 4042 deinde
2785 3985 2978 4041 oborta
3010 3990 3170 4036 nocte
3203 3977 3359 4033 valde
3385 3975 3657 4046 intrepido

2054 4085 2262 4153 absque
2289 4081 2414 4137 ullis
2446 4079 2693 4137 excubiis
2731 4076 2805 4133 ibi
2836 4073 3096 4132 dormivit
3125 4091 3137 4126 :
3165 4069 3424 4128 similiter
3447 4081 3578 4124 vero
3600 4073 3657 4123 et

2059 4175 2216 4246 175
2257 4174 2352 4228 lilii
2398 4181 2454 4228 et
2495 4170 2778 4234 satellites,
2819 4178 2872 4222 et
2914 4171 3186 4236 quotquot
3212 4176 3336 4216 eum
3364 4156 3657 4214 domestici

2056 4266 2243 4337 famuli
2276 4276 2330 4319 et
2376 4263 2516 4319 servi
2559 4260 2953 4331 sequebantur,
2986 4256 3154 4310 etiam
3186 4253 3242 4307 hi
3267 4265 3462 4308 omnes
3494 4263 3657 4306 secu-

2062 4361 2201 4422 rius,
2226 4372 2391 4427 quam
2422 4356 2475 4409 in
2499 4354 2684 4409 hostili
2716 4362 2858 4407 terra
2888 4342 3270 4409 conveniebat,
3293 4343 3654 4398 dormiebant.

2061 4451 2271 4505 Interea
2306 4462 2434 4503 vero
2463 4444 2780 4509 Misimiani,
2819 4442 3076 4513 injuriam
3123 4447 3403 4510 acceptam
3436 4453 3543 4492 non
3576 4435 3658 4492 fe-

2061 4552 2268 4607 rentes,
2310 4536 2648 4593 validissime
2679 4535 2873 4590 armati
2910 4532 2966 4587 in
3023 4547 3119 4587 eos
3150 4531 3389 4594 irrnunt,
3443 4527 3661 4585 statim-

2062 4650 2173 4706 que
2200 4635 2254 4688 in
2285 4630 2701 4697 domunculam,
2733 4629 2789 4684 in
2829 4643 2937 4699 qua
2969 4627 3207 4683 cubabat
3240 4625 3553 4695 przefectus,
3582 4622 3660 4678 ir-

2065 4735 2405 4797 rumpentes,
2428 4724 2674 4795 proxime
2693 4722 3024 4778 accubantes
3048 4717 3283 4773 famulos
3308 4716 3659 4771 obtruncant.

2064 4818 2321 4874 Tumultu
2362 4817 2568 4887 itaque,
2623 4815 2700 4870 uti
2742 4829 2842 4884 par
2883 4821 2989 4878 est,
3056 4811 3398 4880 strepituque
3454 4807 3662 4878 ingenti

2065 4909 2334 4971 excitato,
2390 4921 2589 4963 sensus
2632 4905 2761 4961 mali
2799 4904 2865 4959 ad
2914 4902 3259 4958 Soterichum
3312 4900 3663 4969 reliquosque

2066 5005 2159 5072 qui
2192 5002 2296 5073 ipsi
2319 5000 2547 5057 aderant
2584 5014 2779 5055 omnes
2806 4997 3067 5069 pervenit.
3100 4993 3371 5062 Quocirca
3400 5006 3525 5046 cum
3550 5004 3663 5060 pra;

2066 5108 2214 5151 metu
2244 5093 2397 5149 lectis
2420 5091 2659 5158 excussi,
2686 5084 2883 5147 som‘no
2912 5096 3096 5145 tamen
3124 5086 3308 5141 adhuc
3336 5079 3663 5153 praegravati

2067 5195 2123 5243 et
2155 5184 2400 5255 languidi
2448 5192 2653 5248 essent,
2709 5195 2818 5237 non
2845 5178 3139 5235 admodum
3173 5189 3297 5231 sese
3324 5171 3467 5228 tueri
3505 5177 3664 5241 pote-

2070 5287 2223 5347 rant;
2262 5277 2354 5333 alii
2383 5277 2529 5334 enim
2570 5290 2696 5332 cum
2731 5273 2900 5346 pedes
2922 5269 3157 5344 pellibus
3187 5267 3464 5324 involutos
3490 5261 3664 5319 habe-

1688 5456 1925 5513 νΑῐὶῐᾸζ
1954 5454 2350 5523 LECTIONES
2364 5491 2383 5511 .

454 5564 498 5595 ’⁸
534 5559 853 5631 samem;
884 5558 949 5624 ﬂ,
977 5558 1154 5631 impr,
1205 5556 1500 5631 Estratius.

371 5633 430 5667 ¹⁷
464 5633 568 5686 Prn
591 5628 931 5701 περινοστεῖν
966 5629 1020 5701 ΔΒ
1076 5628 1224 5701 πέρι,
1257 5629 1354 5701 sed
1390 5629 1444 5683 in
1498 5644 1607 5701 mg.
1663 5630 1858 5701 περᾷν.

374 5703 428 5737 οι
458 5669 1992 5771 85$???"33%[azﬂéiiiﬁ'EnEsi‘gizéieﬁ'ﬁtg.

378 5774 434 5829 ιι
464 5772 580 5843 οὓς.
655 5773 726 5843 Α³⁶
750 5770 890 5843 ᾤετο
914 5764 1398 5843 μηδέν’-ἀντίπαλον
1412 5769 1495 5843 Β,
1509 5764 1664 5821 οὐδὲν
1685 5764 1804 5843 ἀντ.
1825 5764 1961 5837 ᾤετο
1998 5765 2146 5835 vulg.

380 5844 451 5917 ξν
470 5839 704 5927 πολεμίᾳ
723 5838 872 5912 vulg.
916 5838 993 5875 ’³³
1019 5839 1270 5909 ἐγίγνετο
1302 5839 1377 5913 Β,
1407 5840 1622 5906 ἐγένετο
1657 5838 1800 5906 vulg.

1610 5557 1656 5589 ³⁸
1686 5554 1903 5610 Misiani
1933 5561 2062 5609 sunt
2089 5553 2228 5624 apud
2262 5553 2429 5621 intpr.
2455 5558 2513 5606 et
2542 5549 2682 5606 infra
2716 5548 2768 5605 in
2803 5546 2939 5602 Exc.
2974 5545 3108 5599 Bav.

1663 5630 1858 5677 περᾶν.
1963 5624 2011 5656 ³⁸
2038 5624 2135 5677 καὶ
2164 5638 2273 5677 om.
2313 5621 2378 5677 Β.
2483 5622 2528 5654 ³³
2554 5618 2910 5677 αὐλιζόμενοι)
2939 5614 3009 5671 R.

3218 5542 3263 5573 ¹⁶
3293 5534 3562 5609 Βούχλοος
3585 5533 3658 5609 ξ.

2483 5603 2910 5711 resera;
2939 5612 3335 5711 ιέιῷἶέξξαι
3364 5603 3661 5711 ξέἐῗίζὲς

2330 5674 2451 5745 υσιν
2473 5689 2539 5745 Ii.
2564 5674 2567 5675 ν
2616 5690 2662 5722 ³³
2691 5674 2841 5758 ἐξείη
2868 5683 3289 5758 Βεὲξῄει-Ϋυμε.
3366 5674 3412 5758 ³⁸
3440 5676 3544 5758 Pro
3567 5674 3669 5758 καὶ

2103 5694 2149 5725 ³³
2173 5693 2451 5762 λείψουσιν
2473 5693 2539 5745 Il.
2616 5693 2662 5722 "
2692 5693 2841 5758 ἐξείη
2868 5693 2934 5748 Ιί,
2962 5693 3111 5757 ἐξῄει
3140 5693 3289 5753 vulg.
3366 5693 3412 5712 "
3442 5693 3544 5733 vro
3567 5693 3669 5749 και

2103 5782 2146 5830 ;.
2246 5765 2287 5796 ³⁷
2312 5764 2509 5817 ὁπόσον
2540 5758 2689 5830 αὑτῷ
2709 5756 2836 5812 ἄλλο
2865 5756 3015 5828 vulg.
3122 5754 3166 5788 ³³
3208 5753 3266 5806 ὲν
3296 5749 3570 5824 πολεμίων
3595 5743 3675 5830 ﬁ‘

2246 5756 2287 5796 "7
2312 5764 2509 5817 ὁπόσον
2540 5758 2689 5831 αὑτῷ
2709 5756 2838 5812 ἄλλο
2865 5756 3015 5828 vulg.
