4060 6472
523 393 543 458 i
560 395 661 457 439

1722 389 2078 453 AGATIII/E
2107 389 2593 452 SCHOLASTICI

3620 384 3736 451 Σίῗο

515 515 659 569 rent,
715 499 929 556 incessu
965 499 1429 571 prohibebantur;
1464 498 1553 553 alii
1587 513 1714 553 vero
1743 514 1863 553 cum
1891 500 2004 569 jam
2041 515 2087 552 at

2214 481 2319 555 καί
2337 501 2519 553 τοίνυν
2543 497 2650 551 ὑπὸ
2675 496 2830 560 δέους
2863 494 2928 548 lx
2954 493 3062 548 τῶν
3089 493 3258 548 εὐνῶν
3279 493 3643 564 ἀνεπάλλοντο,
3673 499 3744 556 ἐτι

516 610 677 651 enses
697 593 1037 664 arripiendos
1058 600 1406 663 proruerent,
1432 599 1490 646 et
1523 591 1939 646 tumultuarium
1967 605 2095 644 con-

2207 590 2262 643 δέ
2295 589 2374 659 τῷ
2427 589 2579 658 ὕπνῳ
2618 587 3062 659 καρηϐαροῦντες
3100 587 3194 640 καὶ
3243 586 3579 656 παρειμένοι,
3616 591 3744 660 ape.

516 686 722 741 ﬂictum
765 691 1062 748 tentarent,
1115 682 1408 740 errabundi
1437 683 1743 737 miserrime
1770 682 2101 748 ferebantur,

519 786 703 847 utpote
735 777 791 832 in
823 776 1059 830 tenebris
1097 783 1151 830 et
1185 790 1396 831 summa
1431 775 1647 830 consilii
1695 775 1896 844 inopia,
1931 775 1983 828 in
2016 789 2105 843 pa-

515 869 677 923 rietes
725 867 1106 935 impingentes,
1147 874 1204 919 et
1258 865 1482 920 ubinam
1535 881 1687 922 arma
1725 866 2106 935 deposuissent

515 957 690 1012 obliti.
727 956 980 1010 Nonnulli
1005 970 1136 1010 vero
1156 956 1423 1024 ipsorum,
1453 971 1519 1010 eo
1549 957 1692 1026 quod
1713 956 1822 1024 jam
1855 959 2104 1025 oppressi

514 1055 700 1103 essent
731 1047 1104 1116 desperantes,
1139 1047 1270 1100 nihil
1303 1047 1461 1116 plane
1489 1048 1852 1110 attentahant,
1895 1048 2102 1102 clama-

516 1139 652 1191 bant
691 1147 898 1192 tantum
930 1137 1072 1193 alius
1095 1138 1222 1192 alibi
1247 1146 1411 1206 atque
1444 1138 1741 1207 ejulabaut,
1774 1138 1946 1208 ignari
1970 1139 2100 1206 quid

514 1237 756 1298 agerent.
790 1228 882 1282 Sic
911 1229 1095 1298 itaque
1124 1228 1390 1298 perculsis
1413 1229 1568 1296 ipsis,
1606 1228 1844 1292 barbari,
1881 1228 2102 1282 irruen-

516 1330 601 1375 tes
674 1330 728 1376 et
793 1319 1136 1376 Soterichum
1181 1321 1358 1391 ipsum
1406 1322 1734 1376 obtruncant
1766 1322 2006 1392 176m
2041 1321 2104 1374 ti-

517 1409 630 1466 lios
666 1421 722 1467 et
777 1412 1018 1482 reliquos
1051 1427 1264 1478 omnes,
1302 1413 1406 1466 nisi
1440 1413 1565 1482 quis
1604 1412 1742 1467 forte
1790 1428 1886 1481 per
1911 1413 2106 1466 editio-

516 1519 634 1558 rem
691 1504 928 1574 aliquam
958 1505 1184 1574 januam
1235 1513 1330 1558 aut
1372 1504 1478 1558 alio
1526 1503 1706 1573 aliquo
1752 1504 1914 1557 modo
1961 1505 2100 1559 clam

513 1596 798 1649 evasisset.
831 1594 953 1652 [late
975 1609 1099 1651 cum
1125 1594 1370 1648 scelerati
1397 1602 1826 1664 perpetrassent.
1853 1603 2102 1650 mortuos

517 1686 847 1756 spoliarunt,
897 1688 1214 1758 reliquaque
1261 1687 1442 1741 omnia
1473 1701 1663 1740 eorum
1696 1686 1856 1751 bona,
1889 1699 1942 1739 et
1967 1703 2102 1755 prae-

515 1787 664 1833 tcrca
709 1780 872 1834 etiam
916 1781 1115 1849 regiam
1151 1779 1436 1849 pecuniam
1468 1777 1829 1846 diripuerunt,
1857 1791 1978 1832 cum
2009 1793 2102 1834 eos

2204 681 2388 735 νεσοαι
2419 681 2602 743 αὐτοῖς
2628 677 2689 731 ού
2716 696 2765 730 τι
2798 677 2940 747 μάλα
2967 679 3170 748 παρῆν.
3204 678 3268 730 Οἱ
3302 674 3385 747 [Ρ.
3418 675 3508 748 9⁸2]
3541 679 3630 746 μὲν
3654 681 3747 752 γὰρ

2204 775 2325 835 ταῖς
2347 771 2653 842 σισύραιςδο
2675 770 2752 824 τὼ
2770 773 2897 826 πόδε
2923 771 3405 842 περιελιττόμενοι,
3427 772 3654 842 εἴργοντο
3666 777 3751 844 τῆς

2207 862 2453 932 πορείας,
2487 864 2537 915 oi
2568 863 2626 916 δὲ
2657 865 2750 916 καὶ
2789 864 2886 935 ἢδη
2915 865 3006 916 ἐπὶ
3028 865 3096 916 τά
3130 863 3256 933 ξίφη
3289 865 3638 933 ὁρμήσαντες,
3672 868 3754 919 καὶ

2207 953 2508 1023 σχεδιάζειν
2533 954 2863 1025 πειρώμενοι
2896 957 2964 1009 τὰ
2999 955 3256 1025 πολέμια,
3285 954 3540 1019 ἀλύοντες
3573 956 3612 987 ⁸¹
3633 952 3753 1027 ἦσαν

2204 1047 2528 1114 οἰκτρότατα
2543 1044 2630 1098 οἶα
2646 1049 2700 1100 ὲν
2721 1049 2894 1116 σκότῳ
2913 1047 3006 1099 καὶ
3029 1047 3253 1118 ἀπορίᾳ,
3271 1047 3326 1107 ἔς
3345 1064 3405 1099 τε
3422 1049 3543 1108 τοὺς
3566 1049 3755 1118 τοίχους

2210 1138 2709 1208 περιρρηγνύμενοι
2752 1133 2952 1204 ⁴⁸,”καὶ
2983 1142 3086 1209 ὅπη
3123 1138 3422 1208 ἐτύγχανον
3463 1139 3675 1208 κείμενα
3699 1145 3756 1197 τὰ

2205 1233 2346 1286 ὅπλα
2367 1233 2804 1304 ἐπιλελησμένοιο
2823 1234 2952 1287 ἔνιοι
2982 1233 3037 1286 δὲ
3060 1233 3236 1286 αὐτῶν
3265 1232 3448 1303 καὶτῷ
3477 1235 3572 1304 ἢδη
3603 1234 3756 1300 ξυνει-

2203 1324 2402 1394 λῆφοαι
2432 1325 2816 1396 ἀπειρηκότες,
2848 1325 3083 1379 οὐδενότι
3114 1325 3467 1397 ἐμηχανῶντο
3490 1368 3503 1390 ,
3526 1325 3682 1379 ἐϐόων
3709 1345 3759 1382 τε

2209 1416 2367 1484 μόνον
2407 1415 2568 1478 ἀλλος
2629 1415 2813 1469 ἄλλοθι
2853 1416 2946 1468 καὶ
2993 1415 3363 1486 ὠλοφύροντο,
3420 1417 3518 1468 ούκ
3571 1416 3760 1485 ἔχοντες

2203 1506 2232 1558 ὅ
2259 1523 2311 1559 τι
2353 1506 2447 1558 καὶ
2481 1506 2760 1576 δράσαιεν.
2807 1505 2963 1559 Οὕτω
2997 1506 3052 1558 δὲ
3092 1507 3274 1560 αὐτῶν
3318 1505 3760 1574 καταπεπληγμέι

2205 1611 2331 1654 νων,
2371 1595 2787 1656 ἐπεισπεσόντες
2815 1596 2866 1646 οἱ
2897 1593 3168 1664 βάρϐαροι
3197 1594 3364 1647 αὐτόν
3388 1611 3448 1645 τε
3479 1595 3760 1663 Σωτήριχον

2204 1686 2720 1739 κατακτείνουσικαὶ
2739 1687 2863 1748 τοὺς
2878 1687 3073 1749 παῖδας
3097 1685 3190 1738 καὶ
3217 1686 3357 1753 πρός
3374 1701 3439 1753 γε
3474 1685 3760 1752 ξύμπαντας

2202 1779 2326 1837 τοὺς
2359 1777 2570 1841 ἀλλους,
2598 1778 2736 1849 πλὴν
2766 1779 2814 1830 εί
2845 1779 2920 1848 μή
2955 1794 3039 1841 τις
3064 1777 3127 1830 ἐκ
3154 1795 3302 1840 τινος
3330 1777 3492 1846 τυχὸν
3521 1776 3762 1845 ἁλάμενος

515 1878 775 1939 tanquam
832 1871 1017 1926 hostes
1065 1873 1329 1940 quosdam
1381 1884 1586 1936 revera,
1639 1885 1749 1924 non
1797 1881 1976 1926 autem
2028 1882 2088 1927 ut

2198 1870 2493 1941 ὀρσοθύρης
2523 1871 2633 1941 “ﬂ
2677 1871 2770 1924 xui.
2814 1869 2987 1941 ἑτέρῳ
3030 1869 3207 1941 ὁποίῳ
3251 1870 3318 1937 δὴ
3377 1869 3564 1938 τρόπῳ
3607 1867 3760 1920 λαθὼν

517 1960 726 2015 amicos
753 1969 809 2016 et
847 1962 1014 2016 duces
1037 1976 1166 2017 suos
1193 1960 1624 2015 interfecissent.

2207 1961 2458 2034 διεσώθη.
2489 1963 2674 2020 Ταῦτα
2704 1963 2761 2016 δέ
2791 1962 3091 2034 δράσαντες
3116 1963 3166 2015 ot
3195 1961 3488 2032 ἀλιτήριοι,
3531 1961 3761 2013 ἐσκύλευ-

517 2071 615 2108 σαν
635 2057 760 2120 τοὺς
783 2057 1090 2127 κειμένους,
1117 2055 1188 2111 τά
1211 2073 1272 2110 τε
1300 2056 1435 2111 ἄλλα
1462 2055 1636 2110 ὁπόσα
1667 2056 1936 2128 ἐπήγοντο
1963 2058 2246 2126 κτήματα,
2312 2059 2409 2112 καὶ
2468 2059 2606 2130 πρός
2665 2075 2730 2127 γε
2757 2057 2818 2112 τὸ
2850 2057 3114 2127 βασιλέως
3144 2057 3474 2129 ἀφελόμενοι
3527 2056 3727 2128 χρυσίον
3747 2093 3762 2120 ,

516 2145 765 2217 καθάπερ
820 2145 974 2210 τινὰς
1047 2148 1340 2218 πολεμίους
1389 2146 1466 2210 ὡς
1523 2146 1771 2217 ἀληθῶς,
1828 2147 1944 2201 ἀλλ’
1998 2149 2120 2220 οὐχὶ
2154 2149 2340 2220 φίλους
2372 2167 2432 2202 τε
2453 2149 2547 2204 καὶ
2567 2150 2846 2222 ἡγεμόνας
2877 2151 3257 2214 ἀπεκτονότες.

586 2239 676 2294 17.
720 2239 1076 2310 Posteaquam
1127 2256 1254 2296 vero
1311 2249 1527 2311 peracta
1583 2241 1697 2310 jam
1757 2243 1933 2296 atroci
1994 2243 2097 2299 hac

513 2340 695 2400 strage
724 2332 1179 2387 excandescentia
1210 2332 1299 2387 illa
1332 2333 1644 2388 animorum
1692 2347 1858 2403 atque
1906 2337 1986 2389 ira
2020 2337 2099 2390 vi-

512 2423 745 2479 debatur
769 2423 1108 2480 deferbuisse
1152 2426 1452 2496 sedataque
1491 2443 1634 2493 esse,
1675 2428 1890 2498 expleto
1935 2431 2097 2484 nimi«

513 2531 636 2570 rum
666 2529 835 2585 pravo
887 2516 1134 2586 ipsorum
1188 2519 1498 2585 desiderio;
1548 2527 1663 2573 tum
1707 2520 1912 2574 nudum
1953 2523 2004 2576 in
2038 2537 2097 2576 se

512 2603 716 2660 factum
749 2607 1184 2673 considerantes,
1222 2623 1406 2665 secum
1456 2620 1776 2679 reputarunt
1820 2623 1980 2682 atque
2012 2613 2087 2667 in-

514 2695 861 2763 tellexerunt,
899 2699 1078 2768 qualis
1108 2700 1223 2755 alea
1255 2701 1389 2771 ipsis
1435 2713 1578 2758 esset
1605 2703 1791 2773 jacta;
1827 2709 2086 2774 quodque

513 2801 626 2841 non
659 2789 834 2843 multo
869 2797 992 2858 post
1024 2789 1254 2845 Romani
1286 2803 1473 2848 essent
1503 2795 1716 2848 venturi
1755 2795 1918 2865 idque
1949 2798 2096 2850 ultu-

513 2874 594 2940 ri;
629 2891 806 2945 neque
834 2878 936 2948 ipsi
972 2879 1191 2934 illorum
1234 2880 1338 2934 vim
1367 2883 1638 2958 sustinere
1665 2895 1906 2952 possent.
1942 2884 2096 2951 Quo-

511 2967 659 3022 circa
691 2978 879 3038 aperta
935 2969 1238 3026 defectione
1285 2972 1450 3036 facta,
1511 2973 1707 3029 Persas
1747 2976 2002 3030 adierunt
2041 2985 2095 3032 et

512 3068 763 3114 oratores
784 3061 1070 3126 miserunt,
1093 3064 1431 3132 postulantes
1461 3075 1518 3120 ut
1545 3066 1694 3136 ipsos
1711 3068 1942 3122 tuendos
1967 3083 2096 3123 sus-

510 3147 780 3216 ciperent,
832 3156 888 3202 et
914 3157 1176 3219 tanquam
1208 3151 1443 3206 subditis
1467 3152 1724 3222 deinceps
1755 3153 2094 3222 Opilttlal‘ell-

513 3247 625 3298 tur.
655 3239 782 3296 Haec
805 3257 934 3297 vero
964 3244 1148 3300 omnia
1175 3255 1529 3316 posteaquam
1561 3244 1933 3300 Romanorum
1962 3262 2097 3314 pra:-

513 3330 672 3388 feetis
703 3342 831 3387 sunt
867 3337 1202 3401 renuntiata,
1231 3336 1456 3408 indigne
1489 3337 1709 3408 quidem
1735 3353 1798 3393 ea
1825 3338 2097 3393 molestis-

515 3422 761 3508 simeque
783 3425 1048 3489 tulerunt,
1075 3425 1268 3481 ulcisci
1295 3436 1476 3482 tamen
1509 3442 1540 3481 e
1564 3428 1794 3497 vestigio
1826 3443 1935 3482 non
1959 3429 2094 3484 satis

2271 2243 2356 2309 ιζ’.
2399 2244 2552 2298 Ἐπεὶ
2577 2245 2633 2297 δὲ
2655 2244 2839 2307 αὐτοῖς
2854 2244 2922 2298 τὰ
2949 2243 3049 2314 τῆς
3080 2241 3399 2313 μιαιφονίας
3427 2240 3757 2311 ἀπείργαστο,

2197 2335 2292 2388 καὶ
2327 2336 2388 2388 τὸ
2416 2335 2714 2388 ἀνοιδαῖνον
2744 2334 2886 2396 τέως
2914 2333 2962 2366 δι
2991 2336 3088 2405 τῆς
3140 2332 3375 2403 γνώμης
3421 2333 3519 2386 καί⁹
3570 2332 3756 2402 ὀργιζό-

2201 2441 2382 2493 μενον,
2420 2424 2496 2495 τῷ
2529 2425 2955 2495 ἀποπλησθῆναι
2988 2425 3089 2491 τὴν
3113 2422 3439 2494 ἐπιθυμίαν,
3507 2422 3758 2492 ὑποχαλᾷν

2198 2517 2373 2570 ἐδόκει
2403 2518 2498 2570 καὶ
2528 2534 2593 2569 πε
2605 2516 3142 2587 ριστέλλεσθαι,τότε
3171 2516 3237 2585 δὴ
3267 2516 3322 2548 ⁸⁸
3349 2516 3508 2585 μόνον
3532 2514 3590 2567 τὸ
3608 2531 3758 2584 πραχ-

2198 2607 2288 2662 θὲν
2327 2610 2410 2677 ἐφ’
2443 2608 2589 2678 αὐτῷ
2627 2608 3068 2672 διασκοποῦντες,
3109 2607 3508 2675 ἀνελογίζοντο,
3535 2608 3624 2659 καὶ
3657 2605 3756 2670 ξυν-

2201 2700 2350 2751 ίεσαν
2409 2701 2591 2762 ὁποῖος
2643 2700 2829 2764 αὐτοῖς
2869 2699 3167 2772 ἀνέῤῥιπτο
3230 2698 3278 2731 ⁸⁸
3331 2699 3517 2762 κύϐος,
3579 2698 3654 2751 ὅτι
3705 2713 3753 2749 τε

2196 2793 2298 2844 οὐκ
2328 2792 2385 2848 ἐς
2416 2791 2636 2861 μακρὰν
2669 2792 2889 2863 ἥξουσιν
2924 2793 2975 2844 oi
3019 2791 3282 2860 Ῥωμαῖοι
3314 2789 3753 2859 τιμωρησείοντες

2197 2880 2241 2912 ³⁵⁷
2275 2882 2368 2934 καὶ
2399 2883 2481 2934 ὅτι
2509 2883 2706 2944 αὐτοὺς
2738 2884 2936 2936 ἐκεῖνοι
2968 2883 3070 2936 οὐκ
3101 2881 3523 2951 ύποστήσονται.
3549 2879 3754 2948 Τοιγάρ-

2196 2989 2278 3024 τοι
2317 2973 2616 3042 ἀναφανδὺν
2651 2975 3008 3037 ἀποστάντες,
3040 2971 3432 3043 προσεχώρουν
3463 2973 3574 3033 τοῖς
3635 2970 3754 3038 Πέρ-

2200 3082 2340 3128 σαις,
2381 3067 2475 3118 καὶ
2502 3065 2923 3137 ἐπρεσϐεύοντο,
2958 3062 3324 3135 ὑποδέχεσθαί
3380 3079 3442 3116 τε
3499 3063 3632 3130 σφᾶς
3680 3061 3750 3113 ai-

2196 3155 2467 3225 τούμενοι,
2495 3157 2590 3209 καὶ
2621 3155 2696 3218 ὡς
2725 3155 2790 3226 δὴ
2817 3155 3110 3226 κατηκόοις
3162 3153 3419 3208 τολοιπὸν
3453 3153 3749 3222 ἐπαρήγειν.

2197 3247 2415 3300 Τούτων
2444 3247 2502 3300 δὲ
2551 3247 2811 3301 ἀπάντων
2856 3247 2970 3309 τοῖς
3024 3244 3135 3298 τῶν
3196 3244 3490 3314 Ῥωμαίων
3542 3257 3750 3312 στρατη·

2195 3341 2312 3406 γοίς
2349 3338 2789 3408 ἀπηγγελμένων
2836 3337 2902 3401 ⁸⁸,
2961 3336 3322 3408 ἐχαλέπαινον
3379 3336 3481 3406 μὲν
3533 3334 3640 3402 οίγε
3675 3333 3754 3385 καὶ

2196 3429 2548 3500 ἐδυσφόρουν,
2579 3428 2834 3482 τίσασθαι
2887 3428 2946 3482 δὲ
2981 3427 3304 3499 παραυτίκα
3332 3428 3461 3490 τοὺς
3513 3426 3749 3494 Μισιμια-

514 3503 788 3585 poterant,
814 3519 1178 3588 occupatione
1209 3518 1357 3573 circa
1412 3519 1635 3590 majoris
1679 3520 1938 3574 momenti
1973 3535 2092 3575 rem

2198 3521 2318 3582 νοὺς
2348 3520 2409 3572 ού
2457 3519 2603 3590 μάλα
2667 3519 2957 3590 ἠδύναντο,
3010 3520 3332 3589 πιεζόμενοι
3383 3520 3450 3589 τῇ
3499 3518 3622 3587 περὶ
3670 3513 3746 3566 τοῦ

513 3608 816 3680 praepediti.
852 3606 972 3662 Jam
1003 3609 1150 3665 enim
1203 3610 1558 3681 Nachoragan
1605 3612 1886 3682 sexaginta
1927 3612 2095 3666 bella-

512 3705 694 3751 torum
725 3699 893 3754 millia
923 3700 991 3754 ad
1027 3700 1260 3756 insulam
1308 3702 1585 3769 ductabat,
1619 3719 1783 3774 quam
1825 3702 2094 3759 Martinus

511 3799 568 3844 et
602 3787 851 3846 Justinus
897 3789 1155 3847 Germani
1198 3793 1358 3864 177
1398 3794 1545 3850 ﬁlius
1575 3810 1877 3864 eorumque
1923 3796 2095 3866 copiae

511 3881 850 3950 insidebant;
877 3883 1079 3938 milites
1098 3892 1279 3939 autem
1305 3887 1630 3941 mercenarii
1651 3888 1868 3941 natione
1884 3885 2090 3955 Hunni,

509 3974 606 4046 qui
633 3972 812 4030 Sabiri
841 3984 1106 4031 vocantur
1131 3977 1344 4043 (aderat
1372 3979 1518 4033 enim
1561 3978 1826 4036 Romanis
1857 3980 2090 4036 militum

508 4067 776 4136 gravioris
795 4079 1089 4124 armatura:
1114 4069 1296 4139 portio
1323 4069 1560 4125 duorum
1595 4072 1813 4127 circiter
1835 4072 2090 4138 millium;

507 4173 648 4228 quos
675 4161 972 4215 ductabant
1000 4159 1258 4216 Balmach
1296 4171 1349 4217 et
1369 4163 1631 4218 Coutilsis
1666 4173 1721 4217 et
1745 4163 1924 4233 lliger,
1949 4163 2094 4217 cele-

507 4249 807 4309 bratissimi
848 4251 991 4321 apud
1042 4252 1166 4307 illos
1211 4252 1362 4320 viri),
1399 4255 1453 4308 hi
1504 4254 1687 4325 itaque
1725 4254 1903 4308 Sabiri
1941 4253 2097 4308 circa

508 4340 909 4410 Archaeopolim
938 4350 993 4396 et
1021 4342 1473 4412 eircumjacentes
1502 4359 1749 4413 campos,
1774 4354 1939 4416 prout
1963 4344 2093 4413 ipsis

505 4419 776 4486 Martinus
823 4432 1128 4501 mandarat,
1179 4444 1356 4490 castra
1403 4445 1735 4505 posuerant;
1797 4446 1854 4490 ut
1909 4437 2093 4490 hostes

511 4520 860 4594 (videbantur
886 4525 1031 4578 enim
1068 4526 1190 4581 illac
1224 4527 1530 4599 transituri)
1556 4530 1736 4598 quoad
1765 4537 1987 4598 possent
2010 4528 2092 4582 iu-

507 4613 816 4681 festarent,
869 4625 923 4672 et
973 4619 1332 4675 difﬁciliorem
1383 4621 1668 4692 magisque
1717 4621 2090 4691 periculosum

505 4701 643 4771 ipsis
678 4703 963 4759 transitum
1008 4707 1321 4763 redderent.
1359 4708 1720 4779 Nachoragau
1765 4724 1894 4762 vero
1941 4717 2092 4778 post-

505 4811 670 4866 quam
691 4796 913 4851 Sabiros
939 4813 999 4852 ea
1026 4799 1148 4854 loca
1187 4799 1456 4856 insedisse
1485 4803 1756 4869 cognovit,
1792 4802 1998 4858 delecta
2021 4818 2087 4856 ex

2198 3608 2443 3678 μείζονος
2470 3608 2716 3680 ἀσχολίᾳ.
2750 3607 2887 3680 Ἤδη
2936 3609 3045 3681 γὰρ
3079 3609 3107 3660 ὁ
3134 3609 3473 3680 Ναχοραγάν
3511 3604 3749 3678 ἐξήκοντά

2196 3717 2299 3753 που
2330 3700 2574 3769 χιλιάδας
2620 3701 2878 3771 μαχίμων
2935 3700 3150 3772 ἀνδρῶν
3177 3700 3226 3733 ⁸⁸
3262 3701 3618 3770 ἐπαγόμενος,
3673 3697 3747 3750 ἐπὶ

2193 3789 2292 3860 τὴν
2326 3791 2508 3861 Νῆσον
2540 3792 2754 3862 ἐφοίτα,
2784 3791 2872 3845 ἵνα
2903 3791 3181 3858 Μαρτίνός
3205 3809 3272 3844 τε
3325 3795 3423 3847 καὶ
3495 3791 3748 3850 ’Ῑουστῖνος

2193 3883 2238 3914 ⁵ο
2271 3885 2298 3935 ὁ
2348 3882 2630 3953 Γερμανοῦ
2677 3884 2772 3937 καὶ
2831 3883 2904 3937 τὰ
2962 3885 3101 3954 ἀμφ’
3141 3884 3346 3947 αὐτοὺς
3395 3881 3749 3955 στρατεύματα

2194 3973 2489 4042 ἐτύγχανον
2523 3971 2909 4042 ξυνειλεγμένα
2929 3991 2941 4004 ·
2984 3977 3032 4028 οἱ
3061 3975 3119 4028 δέ
3153 3976 3218 4028 ἐκ
3249 3975 3359 4029 τῶν
3387 3974 3598 4028 Ούννων
3645 3988 3743 4042 μισ·

2193 4064 2434 4136 θοφόροι,
2470 4067 2577 4118 τῶν
2605 4066 2669 4137 δὴ
2702 4066 2978 4138 Σαὸείρων
3026 4066 3448 4138 ὀνομαζομένων
3501 4065 3746 4136 (παρῆσαν

2190 4157 2301 4228 γὰρ
2353 4160 2464 4219 τοῖς
2509 4159 2804 4228 Ῥωμαίοις
2846 4159 3082 4212 ὁπλιτῶν
3132 4160 3418 4230 ἀπόμοιρα
3471 4159 3531 4212 οὐ
3588 4153 3742 4224 πολλῷ

2193 4248 2453 4310 ἐλάσσους
2475 4248 2582 4302 τῶν
2595 4249 2871 4319 δισχιλίων
2886 4267 2898 4280 ο
2926 4250 3156 4319 ἡγοῦντο
3175 4250 3233 4303 δέ
3255 4251 3436 4304 αὐτῶν
3464 4249 3672 4319 Βαλμάχ
3687 4262 3736 4297 τε

2192 4341 2287 4394 καὶ
2324 4342 2614 4408 Κούτιλξις
2665 4345 2760 4396 καὶ
2813 4344 3018 4415 ’Ἱλιγερ
3081 4344 3146 4408 ⁸³,
3205 4343 3400 4412 ἄνδρες
3449 4342 3553 4396 τῶν
3614 4337 3740 4409 παρά

2193 4431 2376 4499 σφίσιν
2434 4432 2926 4503 ὁνομαστοτάτων),
2959 4427 3104 4487 οὗτοι
3165 4433 3231 4504 δὴ
3269 4429 3364 4487 οὖν
3417 4436 3465 4487 οἱ
3521 4431 3738 4499 Σάσειροι

2191 4525 2335 4594 ἀμφὶ
2386 4525 2485 4597 τὴν
2536 4525 2594 4578 Ἀ
2607 4525 2919 4595 ρχαιόπολιν
2963 4526 3058 4579 καὶ
3085 4524 3154 4579 τὰ
3183 4527 3374 4599 ἐκείνῃ
3398 4525 3569 4583 πεδία,
3593 4535 3736 4592 προσ·

2191 4618 2523 4686 τεταγμένον
2561 4617 2740 4678 αὐτοῖς
2770 4617 2875 4670 ὑπὸ
2892 4617 3191 4689 Μαρτίνου,
3210 4615 3736 4690 ἐστρατοπεδεύσαντο

2193 4713 2278 4779 ἐφ’
2310 4705 2354 4778 ᾧ
2404 4712 2532 4774 τοὺς
2584 4710 2876 4780 πολεμίους
2931 4709 3168 4781 (ἐνθένδε
3220 4712 3330 4783 γὰρ
3371 4707 3596 4780 ἤμελλον
3642 4705 3735 4757 δια-

2193 4799 2503 4871 ϐήσεσθαι),
2543 4798 2618 4862 ὡς
2645 4797 2710 4853 ἂν
2745 4793 2849 4851 οἷοί
2902 4816 2960 4852 τε
3020 4795 3130 4853 εἷεν
3188 4799 3548 4870 πημαίνοντες
3596 4792 3732 4864 χαλε·

506 4883 814 4937 auxiliariis
845 4882 1249 4942 Dilimnitarum
1291 4887 1467 4958 copiis
1499 4889 1744 4946 virorum
1787 4890 1888 4944 tria
1913 4890 2082 4944 millia

2198 4892 2444 4960 πωτέραν
2474 4891 2657 4952 αὐτοῖς
2684 4889 2780 4944 καὶ
2809 4889 3228 4962 σφαλερωτέραν
3255 4892 3301 4922 ⁸⁸
3326 4890 3621 4960 ποιήσοιντο
3649 4882 3730 4950 τὴν

503 4972 792 5028 confestim
830 4973 883 5028 in
913 4990 1010 5031 eos
1032 4977 1202 5046 misit,
1258 4994 1382 5034 cum
1435 4980 1709 5037 mandatis
1755 4981 1898 5052 (erat
1935 4983 2080 5038 enim

505 5079 770 5143 arrogans
798 5074 853 5123 et
876 5067 1272 5143 jactabundus)
1320 5080 1382 5129 ut
1419 5086 1614 5130 omnes
1659 5075 1879 5146 penitus
1915 5075 2084 5131 inter-

2190 4985 2436 5057 πορείαν.
2482 4985 2540 5036 ’0
2569 4983 2627 5037 δέ
2677 4983 3029 5055 Ναχοραγάν,
3073 4983 3262 5052 ἐπειδὴ
3296 4984 3353 5046 ἐς
3390 4980 3542 5035 τοῦτο
3565 4975 3728 5041 τετάχ·

2191 5075 2280 5130 θαι
2317 5075 2444 5138 τοὺς
2501 5074 2805 5146 Σαὸείρους
2869 5076 3170 5144 ἐπέπυστο,
3217 5073 3609 5145 ἀπολεξάμενος
3675 5066 3730 5118 ἐκ

1801 5251 2042 5308 VARIIE
2079 5249 2471 5308 LECTIONES

571 5382 618 5464 ξ’
657 5381 908 5464 σισύραις
941 5383 1019 5464 Β...
1047 5385 1279 5464 σκύραις
1306 5387 1454 5458 vulg.
1507 5388 1677 5464 intpr.
1698 5400 1836 5464 ueste
1874 5391 2119 5464 oblonga.

2231 5391 2276 5423 “
2302 5391 2560 5464 ἀλύοντες
2618 5390 2819 5464 scripsi
2853 5406 2966 5464 quo
2987 5394 3116 5464 vulg
3142 5393 3379 5456 ἁλόντες,
3425 5385 3625 5464 ἁλόντες
3665 5379 3717 5442 Β.

501 5452 672 5522 intpr.
733 5455 1019 5535 errabundi
1061 5452 1476 5535 diehgabantrt'r,
1523 5452 1680 5535 quasi
1725 5452 2275 5535 Ιεεθτίιηάὶῖώμενοι.
2326 5461 2466 5516 Num
2523 5452 2691 5535 ᾔεσαν
2712 5452 3113 5535 ξ’-υηῖνοιῄειιηῖ
3144 5452 3716 5535 locum‘emendatio'nti

499 5537 663 5614 egere
701 5525 993 5614 perspicio,
1015 5525 1202 5614 _s_at‘is'
1228 5525 1581 5614 prqbab'ilenlt‘
1605 5525 1824 5614 invenio
1863 5525 2120 5614 nullan}:
2167 5525 2626 5614 “_1tsptpnyv‘."ﬂ.

981 5598 1236 5674 et_intpr.
1313 5598 1360 5630 "
1383 5598 1505 5674 τότε
1535 5598 1592 5652 δὲ
1631 5601 1695 5674 B.
1731 5601 1816 5670 ἐφ’
1853 5602 2001 5674 αὐτῷ
2030 5601 2193 5671 Β,ἐφ.
2219 5598 2574 5674 ἑαυτῷμνυγιε.

500 5592 548 5622 ⁸⁵
575 5591 718 5652 τέωξ
741 5591 850 5648 om:
889 5594 936 5648 Β

2725 5530 2772 5604 ’ξ
2795 5533 3100 5604 ὀρσοθύρης
3142 5532 3208 5597 Β,
3257 5529 3544 5604 ὀρσοθύρας
3590 5521 3712 5604 vulg.

2671 5601 2717 5634 to
2740 5587 3039 5675 4,495,733
3055 5587 3304 5675 correxi;
3323 5587 3624 5675 avééltmfa.‘
3658 5587 3712 5675 1ξῖ

501 5660 790 5743 eam
815 5664 999 5743 ιρις-ι
1040 5664 1095 5743 ιζ
1121 5655 1582 5743 τῖμεορηςεεεοντες
1607 5671 1700 5743 __n.
1743 5655 2158 5743 τὶμωρή
2180 5655 2327 5737 ιρις.
2370 5655 2456 5704 πθ
2473 5655 2890 5743 amarae
2918 5655 3037 5743 ερίιῑ
3332 5655 3436 5725 ρης
3455 5655 3707 5743 ’ἀνδρῶν

500 5728 749 5813 Πετρῶν.
769 5734 869 5813 “se
901 5728 1200 5813 οἰουστῖνοξ
1220 5728 1342 5794 [ἰόἰ
1365 5728 1577 5813 ἰ-ηιιηκ,⁷
1605 5728 1979 5806 verissimis;
2012 5728 2156 5812 vung
2233 5728 2960 5812 “'"Bamalclt:C'rrpitsesque'
2982 5754 3032 5798 et
3052 5743 3222 5813 Lnger
3242 5742 3398 5811 intpr.
3469 5737 3509 5768 ⁸³
3541 5728 3713 5800 σἐἓσίλθ⁸

503 5796 748 5867 ρωτεραν
769 5799 834 5868 Β,
865 5796 1288 5877 σφαλερωτάτην
1309 5796 1451 5880 vulg.
