4060 6436
294 395 438 464 Mli]

1442 384 1986 446 IIISTORIARUM
2045 382 2278 442 LIBER
2304 382 2417 442 IlI.

3429 379 3575 450 1442

286 513 410 567 τῶν
444 506 958 577 ξυστρατευομένων
990 499 1034 536 ⁸³
1067 502 1390 572 Διλιμνιτὼν
1423 501 1625 571 ἄνδρας
1655 504 1712 564 ἐς
1733 517 1887 572 τρισο

2005 501 2236 563 lleerent,
2264 513 2331 552 ne
2371 498 2473 552 sibi
2514 498 2592 552 οὐ
2607 498 2852 568 praelium
2902 499 3052 554 eunti
3100 499 3230 555 illia
3261 507 3415 570 tergo
3445 500 3570 556 insi.

287 605 526 675 χιλίους.
577 599 774 652 αὐτίκα
807 598 894 650 ἐπ’
952 597 1151 658 αὐτους
1206 593 1434 658 ἔστειλε,
1468 591 1888 662 παρακελευσὰο

294 710 463 765 μενος
495 688 585 762 (ἦν
619 693 727 761 γὰρ
757 688 974 751 ἀλαζὼν
1029 688 1123 740 καὶ
1160 685 1458 756 ύψηγόρος)
1485 685 1654 754 ἄρδην
1711 683 1890 736 ᾶπαν-

291 803 401 848 τας
443 783 778 854 διαφθεῖραι,
806 782 881 846 ὡς
912 781 976 833 ἂν
1027 782 1074 833 ot
1139 779 1272 832 ἰόντι
1311 779 1357 810 ⁵³
1391 777 1474 850 [Ρ.
1502 777 1593 847 95]
1647 777 1741 829 ἐπὶ
1799 775 1890 830 τὸν

291 875 537 944 πόλεμον
565 871 788 925 ὄπισθεν
817 873 1013 924 ἐκεῖνοι
1048 870 1429 940 ἐφεδρεύοντες
1463 867 1839 936 ὑπολειφθεῖεν
1867 883 1882 899 ο

289 967 350 1020 οἱ
399 966 456 1020 δὲ
494 965 824 1034 Διλιμνίται,
853 963 1109 1033 μέγιστον
1147 962 1298 1025 ἔθνος
1327 961 1434 1014 τῶν
1497 960 1646 1023 ἐντὸς
1679 959 1889 1030 Τίγρη-

287 1075 393 1120 τος
412 1058 458 1090 ιι
518 1054 770 1125 ποταμοῦ
817 1057 884 1124 τῇ
949 1054 1171 1126 Περσίδι
1225 1054 1380 1126 χώρᾳ
1428 1053 1887 1126 προσοικούντων,

295 1147 684 1219 μαχιμώτατοί
714 1147 775 1200 τέ
815 1149 954 1200 εἰσιν
991 1148 1050 1199 ἐν
1079 1149 1192 1209 τοῖς
1223 1146 1479 1216 μάλιστα,
1514 1145 1610 1198 καὶ
1665 1145 1725 1197 ού
1766 1144 1890 1198 λίαν

291 1241 520 1305 τοξόται
551 1240 646 1294 καὶ
705 1239 978 1311 ἐκηϐόλοι,
1035 1237 1224 1309 ὥσπερ
1297 1238 1489 1308 ἀμέλει
1544 1240 1593 1290 ot
1645 1236 1888 1290 πλεῖστοι

286 1332 408 1384 τῶν
469 1329 671 1401 Μήδων
695 1343 708 1356 ⁸
748 1329 974 1394 ξυστούς
1002 1340 1062 1382 τε
1111 1327 1222 1398 γὰρ
1273 1329 1629 1398 ἐπιφέρονται
1667 1327 1760 1381 καὶ
1788 1343 1884 1378 σα-

294 1424 519 1493 ρίσσας,
570 1423 665 1474 καὶ
696 1419 852 1490 ξίφος
902 1420 1174 1491 ἐκκρεμὲς
1219 1419 1330 1473 ἀπὸ
1362 1419 1456 1472 τοῦ
1519 1417 1669 1488 ὤμου
1698 1435 1712 1448 ·
1764 1423 1888 1488 ’μα-

294 1513 523 1585 χαιρίδα
559 1511 621 1564 τέ
665 1529 790 1565 τινα
834 1510 1128 1580 ἐλαχίστην
1158 1509 1237 1579 τῷ
1286 1508 1426 1578 λαιῷ
1460 1508 1704 1580 βραχίονι
1755 1509 1889 1560 ἀναο

293 1604 577 1674 δούμενοι,
617 1602 850 1664 ἀσπίδας
874 1603 968 1654 καὶ
996 1601 1200 1663 πέλτας
1241 1600 1644 1670 προϐέϐληνται
1667 1615 1682 1630 ο
1724 1597 1890 1668 φαίης

289 1714 360 1749 τε
393 1696 460 1750 ἂν
499 1697 698 1758 αὐτοὺς
745 1694 870 1748 οὕτε
914 1695 1235 1748 παντάπασι
1265 1693 1477 1763 ψιλοὺς,
1510 1693 1635 1747 οὔτε
1669 1693 1768 1763 μὲν
1795 1689 1890 1747 οὖν

291 1786 348 1817 ⁵⁸
383 1785 611 1847 ὁπλίτας
643 1783 738 1837 καὶ
793 1783 1170 1852 ἀγχεμάχους.
1220 1781 1514 1854 Πὸρῤωθέν
1570 1799 1630 1834 τε
1663 1783 1769 1852 γὰρ
1800 1782 1890 1836 οὓ-

1995 589 2213 644 diantes
2245 589 2708 658 relinquerentur.
2757 588 3049 645 Dilimnilaa
3103 597 3305 652 autem.
3339 593 3578 645 maxima

1995 681 2150 734 natio
2203 694 2412 743 earum,
2440 695 2563 748 qua:
2603 679 2749 735 intra
2804 679 3010 751 Tigrim
3053 679 3278 735 ﬂuvium
3333 679 3577 736 Persiam

1997 766 2278 831 accolunt,
2313 766 2716 822 bellicosissimi
2774 767 2827 820 in
2868 767 3059 836 primis
3101 777 3249 827 sunt.
3280 781 3453 837 neque
3482 772 3578 821 ad-

1993 856 2221 910 modum
2245 855 2535 924 sagittarii,
2559 855 2886 910 autcminus
2920 854 3198 917 ferientes,
3219 855 3573 925 quemadmo-

1995 946 2126 1000 dum
2158 943 2274 999 fere
2323 944 2568 1014 plerique
2591 943 2907 1010 Medorum;
2949 945 3320 1012 hastasenim
3365 951 3578 1014 gestant

1995 1035 2073 1092 et'
2119 1035 2355 1091 sarissas
2386 1044 2440 1090 et
2487 1051 2675 1090 ensem
2723 1050 2792 1089 ex
2851 1035 3083 1091 humero
3144 1035 3579 1106 dependentem;

1997 1124 2292 1197 pugionem
2340 1132 2603 1194 praeterea
2681 1124 2906 1180 sinistro
2969 1125 3199 1180 brachio
3265 1126 3578 1194 alligantes,

1997 1219 2158 1273 scuta
2185 1224 2239 1270 et
2276 1216 2450 1285 peltas
2484 1215 2860 1285 praetendunt;
2885 1217 3088 1272 dixeris
3122 1232 3252 1271 sane
3285 1231 3380 1272 eos
3405 1231 3581 1285 neque

1995 1309 2222 1364 omnino
2255 1307 2474 1362 levioris
2495 1315 2792 1361 armaturae
2817 1307 2978 1378 178
2993 1323 3134 1374 esse,
3156 1324 3330 1378 neque
3356 1323 3580 1377 prorsus

1995 1400 2282 1471 gravioris,
2314 1409 2369 1452 et
2422 1399 2681 1454 statarios
2732 1400 2965 1460 milites;
3016 1413 3141 1452 nam
3169 1407 3224 1452 et
3251 1399 3490 1464 eminus,
3531 1399 3578 1453 si

1996 1493 2073 1547 ita
2101 1507 2187 1546 res
2215 1493 2477 1561 postulet,
2507 1491 2611 1544 tela
2633 1490 2869 1559 jaciunt,
2890 1498 2944 1545 et
2967 1492 3221 1546 cominus
3266 1507 3430 1544 manu
3464 1505 3579 1545 rem

1997 1590 2234 1650 gerunt;
2279 1582 2565 1636 exercitati
2615 1583 2780 1636 etiam
2821 1583 2886 1636 ad
2943 1581 3144 1638 infesta
3181 1583 3298 1636 acie
3329 1582 3578 1651 pralian-

1999 1673 2152 1735 dum,
2192 1687 2519 1741 summaque
2550 1673 2598 1726 vi
2629 1672 2800 1728 densa
2834 1673 3051 1743 agmina
3085 1673 3580 1744 perrumpendum;

1997 1761 2243 1830 expediti
2279 1777 2496 1830 quoque
2519 1772 2573 1816 et
2602 1760 2793 1816 faciles
2823 1763 2877 1816 in
2923 1763 3184 1816 mutanda
3215 1763 3352 1817 aciei
3383 1760 3582 1823 forma,

291 1891 381 1927 τω
409 1873 571 1942 τυχὸν
604 1871 978 1936 ἀκοντίζουσι,
1037 1869 1131 1924 καὶ
1177 1870 1240 1922 ἐκ
1305 1870 1506 1940 ’χειρὸς
1566 1866 1634 1922 αὖ
1702 1870 1897 1940 διαμά-

2005 1862 2055 1908 et
2082 1855 2146 1908 ad
2181 1856 2431 1923 quemvis
2462 1863 2714 1908 eventum
2751 1869 2871 1908 sese
2895 1853 3384 1918 accommodandi;
3422 1852 3584 1908 facile

295 1965 583 2036 χονται⁸⁷,
627 1963 822 2031 ἀγαθοὶ
855 1962 912 2015 δὲ
964 1961 1058 2015 καὶ
1107 1959 1378 2032 συρῤἀξαι
1438 1961 1678 2029 φάλαγγι
1734 1961 1894 2014 πολε-

1994 1946 2160 2000 etiam
2184 1946 2385 2001 arduos
2411 1945 2583 2000 colles
2621 1960 2785 2000 cursu
2821 1956 3167 2013 superantes,
3208 1943 3442 1999 editiora
3464 1944 3581 1998 loca

305 2033 433 2128 μία,
477 2057 572 2109 καὶ
625 2053 858 2125 ὠθισμῷ
909 2052 1186 2125 χρώμενοι
1236 2052 1338 2115 τὰς
1375 2052 1686 2116 πυκνώσεις
1735 2052 1892 2124 διαρο

2005 2046 2403 2108 pra-occupanl,
2425 2037 2822 2106 celerrimeque
2839 2051 2963 2114 cum
2994 2051 3133 2105 opus
3157 2044 3239 2091 est
3276 2033 3579 2104 refugiunt,

311 2147 562 2220 ρηνύναι,
609 2146 666 2210 ἐς
735 2163 796 2199 τε
873 2147 933 2198 τὸ
999 2143 1409 2216 μετατάξασθαι
1464 2144 1734 2209 εὐπετεῖς,
1796 2143 1892 2197 καὶ

2005 2146 2303 2198 rursusque
2335 2129 2582 2184 conversi
2627 2128 2895 2184 acerrime
2939 2128 3278 2183 insectantur
3300 2135 3462 2196 atque
3491 2140 3585 2178 ur-

303 2219 655 2310 ἆρμοσθῆναι
687 2235 762 2304 τῷ
810 2235 1196 2304 προσπεσόντι.
1261 2233 1426 2286 Αὐτοὶ
1476 2234 1532 2287 δὲ
1577 2234 1670 2286 καὶ
1710 2234 1765 2296 ἐς
1825 2233 1892 2286 τὰ

2005 2229 2144 2291 gent,
2179 2231 2343 2291 atque
2377 2221 2430 2275 in
2465 2223 2616 2275 omni
2654 2220 2768 2276 fere
2799 2220 2927 2275 belli
2961 2219 3143 2290 specie
3190 2219 3389 2273 versati
3425 2231 3584 2271 excr-

299 2326 589 2397 προσάντη
648 2323 898 2393 γεώλοφα
945 2314 1143 2394 ραδίως
1200 2322 1550 2387 ἀναθέοντες,
1614 2339 1892 2393 προκατα-

2005 2312 2419 2382 cilatissimique
2447 2311 2770 2381 gravissime
2795 2309 2983 2365 hostes
2999 2309 3203 2364 laedunt
3222 2324 3238 2374 ;
3257 2306 3583 2377 jamdudum

298 2396 736 2490 λαμϐάνουσιτά
774 2415 1070 2488 ὑπερδέξια
1126 2414 1235 2467 τῶν
1268 2415 1507 2484 χωρίων,
1567 2413 1895 2484 τρεπόμενοι

2005 2404 2142 2457 enim
2179 2403 2320 2458 bello
2353 2410 2669 2468 assuerunt,
2697 2401 3024 2471 jampridem
3063 2399 3166 2456 sub
3218 2397 3408 2452 Persis
3440 2396 3584 2450 mili-

297 2528 368 2564 ’τε
431 2509 688 2563 ὠκύτατα
712 2507 1086 2576 διαφεύγουσι,
1123 2506 1219 2561 καὶ
1272 2506 1518 2569 ἐπιόντες
1574 2506 1782 2575 ἑτέροις
1847 2505 1892 2537 ⁵⁸

2005 2501 2204 2555 tantes.
2235 2509 2342 2547 non
2375 2503 2556 2547 tamen
2596 2490 2773 2546 coacti
2818 2499 3081 2560 tauquam
3124 2486 3354 2544 subditi.
3397 2484 3582 2540 Liberi

299 2601 696 2672 ἐμμελέστατα
752 2601 812 2663 ἐς
866 2598 964 2669 τὴν
1008 2598 1194 2665 δίωξιν
1239 2597 1536 2666 ἐγκεινται,
1589 2599 1683 2650 καὶ
1708 2597 1895 2666 σχεδόν

2005 2585 2139 2640 enim
2174 2594 2303 2640 sunt
2321 2586 2518 2654 suique
2539 2584 2705 2655 juris,
2739 2597 2917 2653 neque
2940 2586 3009 2638 ad
3031 2580 3266 2653 alicujus
3290 2576 3582 2634 arbitrium

299 2712 367 2748 τι
400 2693 618 2747 ἅπασαν
657 2692 800 2745 ἰδέαν
833 2692 880 2722 ⁸³
938 2689 1178 2761 πολέμου
1227 2692 1505 2760 μετιόντες
1569 2692 1663 2743 καὶ
1739 2691 1896 2761 ἐξησ-
1996 2693 2094 2746 Per
2126 2678 2235 2732 Vim
2263 2679 2859 2732 ll'ahiCUnSllevel'lml.

302 2787 566 2857 κημένοι,
625 2785 857 2855 μέγιστα
914 2782 1148 2835 σίνονται
1211 2783 1338 2846 τοὺς
1389 2783 1756 2846 ἀντιπάλους·
1817 2785 1892 2848 ὡς
1963 2786 2023 2839 δέ
2067 2789 2110 2820 ⁶⁰
2163 2787 2510 2841 ἐπιπλεῖστον
2548 2785 2918 2858 ξυμπολεμεῖν
2975 2787 3089 2850 τοῖς
3163 2785 3402 2857 Πέρσαις
3458 2780 3584 2837 εἰώ-

305 2880 497 2944 θασιν,
564 2877 624 2930 οὐ
658 2877 763 2946 μὴν
817 2875 1240 2946 ἠναγκασμένοι,
1321 2875 1510 2946 ὥσπερ
1558 2878 1833 2947 κατήκοοι.
1887 2879 2185 2951 Λύτόνομοί
2246 2898 2305 2935 τε
2353 2881 2461 2953 γάρ
2515 2881 2623 2933 stat
2676 2880 2772 2934 καὶ
2821 2877 3136 2951 ἐλεύθεροι,
3203 2879 3298 2934 καὶ
3353 2878 3586 2948 ἄγεσθαι

306 2970 422 3028 ὑπὸ
452 2967 548 3022 τοῦ
593 2968 728 3038 πρὸς
760 2966 879 3036 βίας
913 2965 974 3017 οὐ
1005 2965 1329 3034 πεφυκότες.

405 3068 504 3131 ιη’.
548 3060 770 3115 Τούτων
796 3058 862 3125 δὴ
909 3053 1002 3111 οὖν
1035 3057 1144 3110 τῶν
1175 3057 1502 3128 Διλιμνιτῶν
1527 3061 1555 3111 ὁ
1581 3059 1901 3130 ἀποδασμὺς

306 3155 514 3218 νυκτὸς
547 3151 907 3222 ἐπελθούσης,
956 3150 1097 3203 κατά
1141 3148 1250 3202 τῶν
1302 3149 1579 3221 Σαϐείρων
1633 3150 1892 3223 ἐχώρουν,

305 3250 542 3318 ἄμεινον
580 3243 722 3298 εἶναι
752 3241 967 3308 δοκοῦν,
1001 3241 1083 3295 ἔτι
1130 3241 1482 3295 καθεύδουσιν
1535 3245 1719 3307 αὐτοῖς
1779 3245 1897 3296 ἐπι-

2005 3240 2138 3310 ipsis
2168 3240 2475 3302 videbatur,
2526 3239 2572 3295 si
2596 3255 2692 3296 eos
2741 3241 2922 3294 adhuc
2980 3239 3314 3294 dormientes
3362 3237 3591 3292 invade-

307 3339 532 3407 στῆναι,
568 3334 711 3388 οὕτω
739 3349 797 3386 τε
832 3332 1078 3394 ἅπαντας
1113 3331 1485 3404 εὐκολώτερον
1515 3333 1558 3364 ⁸⁸
1591 3336 1888 3388 κατακτεῖ-

2005 3342 2146 3400 rent,
2180 3344 2344 3403 atque
2375 3335 2450 3386 ita
2486 3331 2746 3388 facillime
2774 3347 2968 3387 omnes
2996 3331 3586 3400 trucidarentmeque,

307 3447 406 3483 ναι
435 3446 451 3460 ο
499 3427 616 3492 καὶ,
668 3421 843 3495 οἶμαι,
908 3424 1010 3478 οὐκ
1054 3424 1120 3478 ἀν
1174 3424 1476 3496 διήμαρτον
1517 3426 1616 3496 τῆς
1663 3426 1897 3491 ἐλπίδος,

2005 3427 2220 3496 opinor,
2251 3425 2498 3480 frustrati
2555 3423 2784 3479 fuissent
2818 3437 2918 3478 sua
2951 3439 3066 3492 spe,
3095 3423 3201 3478 nisi
3231 3423 3479 3494 quaedam
3508 3423 3590 3492 ip-

307 3525 366 3576 εἱ
425 3520 502 3591 μή
559 3535 643 3582 τις
675 3516 876 3579 αὐτοὺς
905 3512 1108 3585 ἔσφηλε
1139 3514 1278 3584 τύχη
1298 3555 1312 3568 .
1357 3517 1548 3579 Ἰόντες
1588 3517 1697 3588 γὰρ
1722 3516 1896 3587 δήπου

2005 3533 2094 3574 sos
2135 3517 2354 3574 fortuna
2395 3517 2699 3571 fefellisset.
2732 3515 2865 3570 Nam
2910 3517 3046 3585 ipsis
3075 3516 3141 3570 ad
3191 3515 3299 3571 hoc
3330 3515 3591 3570 euntibus

308 3617 375 3678 ἐς
413 3611 598 3674 τοῦτο,
656 3610 795 3680 ἀνήρ
828 3625 911 3672 τις
969 3608 1154 3671 αὐτοῖς
1210 3607 1418 3678 Κόλχος
1460 3610 1517 3660 ἐν
1557 3607 1734 3679 σκότῳ
1806 3608 1897 3662 καὶ

2005 3612 2086 3665 vir
2115 3612 2342 3681 quidam
2373 3611 2612 3664 Colchus
2636 3611 2690 3664 in
2727 3609 2970 3664 tenebris
3012 3617 3069 3664 et
3108 3608 3404 3664 solitudine
3453 3608 3592 3662 forte

308 3703 552 3777 ἐρημίᾳ,
585 3695 685 3771 ᾧδέ
733 3718 852 3764 πως
885 3699 1224 3770 ξυνενεχθέν,
1277 3699 1632 3764 ὑπαντιάζει·
1665 3701 1762 3754 καὶ
1809 3699 1897 3752 τὸν

2005 3703 2222 3758 fortuna
2255 3705 2315 3758 lit
2346 3703 2562 3767 obvius,
2594 3717 2758 3772 quem
2802 3702 2877 3754 illi
2923 3701 3107 3756 statim
3152 3701 3468 3755 avidissime
3492 3716 3592 3768 ap-

310 3797 701 3869 ἀεμενέστατα
724 3791 1100 3860 ξυλλαϐόντες,
1125 3791 1498 3861 ἀναγκάζουσι
1530 3792 1628 3861 τῆς
1655 3792 1749 3846 ἐπὶ
1777 3791 1897 3854 τοὺς

2005 3799 2357 3866 prehensum,
2394 3806 2454 3850 ut
2494 3795 2710 3849 itineris
2743 3795 2808 3847 ad
2837 3793 3063 3848 Sabiros
3091 3793 3288 3847 ducem
3325 3808 3384 3847 se
3421 3793 3584 3862 179

314 3887 622 3956 Σαϐείρους
666 3881 916 3954 ἡγεῖσθαι
965 3879 1214 3950 πορείας.
1292 3879 1352 3932 '0
1398 3878 1456 3932 δέ
1514 3878 1897 3951 προθυμότατα

2005 3890 2260 3958 praebeat,
2286 3897 2487 3957 cogunt
2517 3911 2528 3942 ;
2559 3886 2704 3956 quod
2731 3886 2950 3954 quidem
2977 3885 3294 3938 mandatum
3320 3899 3444 3937 cum
3468 3885 3600 3952 ipse

326 3977 566 4038 ὑποστὰς
611 3973 674 4028 τὺ
735 3973 1036 4041 ἐπίταγμα,
1094 3970 1189 4023 καὶ
1248 3969 1349 4041 ἤδη
1403 3968 1897 4041 προπορευόμενος,

2005 3971 2361 4026 libentissime
2386 3971 2668 4036 subiisset,
2704 3981 2758 4024 et
2796 3969 2910 4038 jam
2943 3969 3024 4024 eis
3064 3969 3318 4036 praairet;
3359 3975 3600 4037 postea-'

329 4067 522 4138 ἐπειδὴ
549 4067 728 4136 νάπης
765 4063 908 4126 τινὸς
944 4061 1135 4126 λασίας
1185 4061 1472 4132 ἐκύρησεν,
1544 4060 1791 4127 ὑφιζάνει
1843 4075 1897 4111 τε

2005 4080 2168 4133 quam
2198 4065 2426 4119 densam
2455 4065 2749 4134 quamdam
2791 4063 2984 4117 silvam
3021 4060 3122 4114 fuit
3154 4071 3368 4125 nactus,
3403 4060 3595 4130 paula-

323 4161 518 4232 ἡρέμα
551 4160 646 4212 καὶ
675 4155 969 4210 ὑποδύεται
992 4169 1005 4182 ⁶
1047 4153 1190 4207 οὕτω
1221 4169 1281 4204 τε
1327 4152 1550 4223 διαδρὰς
1598 4155 1722 4215 τοὺς
1773 4154 1897 4204 ἐποι

2009 4161 2104 4212 ιὶηι
2138 4175 2196 4213 se
2225 4158 2293 4211 ab
2328 4158 2410 4212 eis
2459 4157 2666 4226 recepit
2699 4167 2862 4224 atque
2917 4153 3200 4217 subduxit,
3224 4151 3230 4157 ’
3256 4167 3320 4206 ac
3375 4151 3593 4206 tandem

320 4253 531 4324 μένους
568 4250 662 4303 καὶ
712 4247 1080 4319 προτερήσας,
1151 4239 1251 4315 ἧκε
1333 4243 1590 4314 δρομαῖος
1644 4243 1687 4274 ⁸⁸
1754 4243 1897 4313 παρὰ

2007 4249 2271 4317 eﬂ'ugiens
2303 4257 2596 4320 sequentes
2625 4261 2788 4319 atque
2824 4258 3191 4312 antevertens,
3229 4246 3398 4301 citato
3429 4262 3595 4303 cursu

314 4346 456 4407 τοὺς
513 4341 749 4404 Οὖννους
780 4356 794 4369 ·
832 4337 1009 4409 εὑρὼν
1058 4337 1116 4390 δέ
1179 4336 1426 4399 ἅπαντας
1474 4335 1777 4405 ἀνειμένως
1819 4334 1897 4388 ού·

2010 4345 2076 4400 ad
2105 4344 2330 4398 Sabiros
2367 4342 2650 4412 pervenit;
2706 4355 2846 4410 quos
2895 4354 3019 4395 cum
3080 4341 3367 4395 universos
3405 4341 3600 4410 supine

317 4437 467 4492 τωσὶ
509 4433 960 4504 ἀναπαυομένους
994 4431 1090 4484 καὶ
1122 4429 1528 4501 ὑπορέγχοντας
1557 4429 1630 4460 ⁸³⁸
1672 4424 1746 4482 Ὦ
1789 4427 1897 4481 δεί-

2010 4436 2347 4492 dormientes
2383 4444 2792 4504 sterlentesque
2837 4434 3152 4503 reperisset:
3197 4433 3241 4488 0
3285 4435 3486 4497 miseri,
3514 4433 3601 4487 iu-

315 4537 511 4596 .Iawt,
552 4529 678 4599 ἔφη,
723 4527 940 4582 αὐτίκα
961 4523 1128 4596 μάλα
1157 4522 1502 4588 ἀπολεῖσθε,
1544 4521 1700 4592 τορὸν
1733 4539 1786 4575 τι
1813 4523 1897 4591 ἐμ-

2012 4531 2154 4599 quit,
2191 4529 2425 4598 jamjam
2455 4528 2712 4596 periistis,
2771 4525 2879 4580 alta
2927 4529 3185 4596 claraque
3236 4542 3369 4581 voce
3427 4527 3601 4581 incla-

324 4625 542 4694 ϐοήσας
573 4621 668 4675 καὶ
711 4617 1057 4691 διαπρύσιον.
1100 4615 1257 4670 Οὕτω
1300 4633 1359 4668 τε
1393 4617 1593 4678 αὐτοὺς
1617 4615 1769 4686 μόλις
1791 4615 1897 4667 ἀνα·

2019 4635 2200 4675 mans.
2248 4618 2525 4686 Egreque
2582 4617 2718 4687 ipsis
2781 4617 2856 4671 ita
2916 4616 3336 4686 expergefactis,
3388 4619 3604 4672 nuntiat

323 4714 709 4784 καλεσάμενος
741 4713 798 4776 ἐς
821 4707 1445 4781 ἐγρήγορσιν,ἀγγέλλει
1469 4709 1593 4770 τοὺς
1620 4707 1897 4777 πολεμίους

2015 4713 2228 4768 hostem
2259 4727 2290 4766 e
2318 4709 2547 4781 vestigio
2601 4710 2943 4765 adfuturum.
2979 4708 3047 4763 Hi
3086 4725 3219 4764 vero
3247 4709 3607 4764 tumultuarie

2070 3055 2160 3110 18.
2196 3054 2403 3109 Horum
2434 3053 2619 3124 itaque
2643 3052 3054 3108 Dilimnitarum
3094 3051 3278 3123 portio
3302 3047 3582 3123 quaedam,

2001 3163 2124 3204 cum
2145 3149 2259 3218 jam
2293 3162 2400 3202 nox
2421 3155 2589 3213 esset,
2613 3147 2668 3202 in
2702 3147 2930 3203 Sabiros
2956 3146 3085 3214 ivit;
3111 3145 3416 3201 consultius
3437 3146 3585 3201 enim

323 4811 460 4863 ὅσον
503 4805 658 4859 οὔπω
690 4802 1125 4873 παρεσομένους.
1158 4802 1219 4854 Ol
1247 4799 1306 4852 δέ
1337 4799 1431 4864 ξὺν
1469 4798 1684 4870 θορύϐῳ
1727 4799 1914 4854 διανα-

333 4901 566 4963 στάντες
585 4939 597 4958 ,
631 4896 727 4950 καὶ
755 4893 826 4949 τά
854 4893 996 4968 ὅπλα
1035 4889 1481 4964 περιϐαλόμενοι,
1505 4891 1663 4954 ἐκτὸς
1697 4890 1792 4944 τοῦ
1820 4908 1916 4960 χα-

333 4987 672 5060 ρακώματος
728 4985 1073 5056 ἀπεχώρουν,
1133 4983 1230 5036 καὶ
1300 4981 1732 5053 ὑπεκρύπτοντο,
1793 4982 1918 5054 διχῆ

336 5081 770 5154 μεμερισμένον
807 5078 1100 5132 κατέλιπον
1132 5075 1191 5130 δέ
1243 5076 1346 5146 τήν
1378 5091 1437 5128 τε
1467 5075 1671 5128 εἴσοδον
1708 5074 1919 5144 ἀφύλα-

334 5191 490 5240 κτον,
533 5174 628 5226 καὶ
661 5171 806 5225 οὕτω
831 5168 973 5224 κατά
1011 5167 1195 5240 χώραν
1224 5165 1467 5231 ἑστῶτας
1497 5167 1624 5230 τοὺς
1687 5167 1752 5220 ἐκ
1811 5166 1920 5220 τῶν

334 5263 516 5331 ξύλων
570 5279 627 5316 τε
662 5261 757 5314 καὶ⁵
785 5257 1116 5331 ἐφεστρίδων
1144 5257 1585 5328 ἐσκευασμένους
1620 5257 1918 5321 οίκίσκους.

335 5356 406 5410 Οἱ
441 5354 501 5408 δὲ
528 5353 834 5426 Διλιμνῖται
878 5349 1140 5412 πλείστας
1177 5348 1276 5420 μὲν
1330 5349 1462 5412 ὅσας
1510 5349 1794 5418 ἀτραποὺς
1852 5351 1918 5420 τῇ

2021 4820 2145 4861 cum
2179 4804 2556 4860 surrexissent
2603 4818 2774 4872 seque
2819 4811 3148 4870 armassent,
3171 4802 3314 4858 vallo
3357 4818 3610 4859 excesse-

2023 4909 2172 4960 runt,
2203 4907 2258 4950 et
2290 4893 2544 4950 bifariam
2567 4894 2730 4950 divisi
2763 4893 2991 4950 insidias
3015 4893 3290 4960 locarunt,
3315 4893 3525 4950 aditum
3551 4894 3608 4948 in

2024 4989 2226 5042 vallum
2271 4994 2577 5042 castrorum
2613 4986 3010 5042 incustoditum
3040 4985 3435 5056 relinquentes,
3453 4986 3609 5040 simi-

2026 5080 2258 5148 literque
2283 5079 2448 5134 etiam
2497 5079 2714 5148 tuguria
2759 5080 2963 5148 passim
3004 5093 3071 5133 ex
3100 5079 3241 5149 palis
3285 5086 3341 5133 et
3377 5078 3612 5147 pellibus

2030 5172 2304 5228 confecta.
2389 5173 2460 5226 At
2486 5171 2784 5227 Dilimnita‘.
2851 5171 3288 5242 quamplurimas
3353 5171 3613 5240 ambages

2032 5263 2243 5318 viarqu
2281 5277 2390 5331 prae
2413 5262 2662 5319 locorum
2698 5262 2966 5332 imperitia
2990 5262 3220 5327 emensi,
3255 5261 3618 5316 nihilominus

2031 5361 2213 5407 tamen
2249 5361 2374 5406 ante
2406 5351 2712 5407 diluculum
2766 5367 2888 5408 cum
2942 5352 3008 5408 ad
3055 5359 3240 5407 castra
3285 5349 3622 5406 Hunnorum

1619 5502 1709 5558 VA
1723 5503 1866 5559 Rle
1908 5505 2326 5564 LECTIONES.

415 5643 466 5678 ”
494 5661 682 5732 συστρ.
713 5642 781 5697 R.
810 5643 970 5732 "'20,!
1003 5642 1135 5696 ἰόντι
1157 5633 1463 5732 egregio?
1495 5641 1610 5732 όντι
1636 5642 1712 5732 Ill,
1739 5640 1850 5732 οἷόν
1871 5661 1922 5697 τι
1952 5644 2129 5732 Lugd;
2160 5648 2260 5732 red.
2291 5663 2398 5732 pr.,
2427 5648 2732 5732 iittpr._sibi,
2756 5665 2874 5732 cum
2905 5650 3018 5732 acie
3045 5651 3445 5732 necfrneretur,
3485 5647 3615 5732 ἰόντι

337 5716 470 5773 sine
511 5717 561 5768 οἱ
612 5710 733 5769 Par.
809 5713 855 5745 "
887 5713 1160 5782 Πίγρητος
1185 5713 1260 5775 Ἠ,
1295 5712 1462 5779 intpr.
1498 5710 1762 5783 Pigrilum
1784 5716 2005 5785 ﬂumen.
2041 5710 2131 5749 ’⁵⁸
2160 5717 2266 5770 Pro
2293 5710 2400 5786 ’μὲν
2443 5710 2538 5771 052,
2598 5719 2662 5771 ιι,

339 5788 392 5822 ³³
427 5787 635 5841 ἑτέροις
666 5784 898 5841 correxi.
922 5784 1113 5841 ἐτέρας
1141 5780 1207 5841 Β,
1233 5783 1433 5841 ἑτέρως
1464 5783 1606 5841 vulg.
1721 5785 1765 5817 ⁸³
1792 5785 1933 5838 ἰδέαν
1953 5786 2192 5841 πολέμου
2219 5787 2284 5841 li.
2306 5787 2426 5839 πολ.
2453 5789 2521 5841 ίδ.
2553 5790 2677 5841 vulg

1796 5805 1933 5838 ιοεαν
1953 5805 2192 5856 πολεμου
2220 5805 2284 5856 l‘,
2306 5805 2426 5839 πολ.
2453 5805 2521 5841 ιο.
2553 5805 2696 5856 V'Ulg.
2804 5805 2848 5818 ’ν

1796 5857 1839 5888 ⁶²
1866 5855 2146 5928 δρομαίως
2182 5856 2244 5913 ll.
2322 5859 2365 5890 ⁸³
2399 5859 2697 5930 ὑπορρέγχ.
2727 5858 2872 5929 vulg.

339 5788 392 5822 ³³
427 5787 635 5856 ἑτέροις
666 5784 898 5856 correxi,
922 5780 1113 5856 ἐτέρας
1141 5780 1433 5856 Β,έτέρως
1464 5780 1606 5852 vulg.

337 5873 507 5928 τερον
523 5852 600 5926 Β,
626 5863 683 5911 et
709 5855 880 5926 impr.
913 5852 1148 5924 facilius,
1183 5852 1532 5908 εύκολώτατα
1569 5855 1714 5926 vulg.

2701 5719 2880 5787 μόνον.
2960 5721 3002 5751 ⁸⁷
3041 5720 3108 5774 ἂν
3138 5720 3517 5824 διαμάχωνται
3551 5719 3620 5774 κε

2804 5789 2848 5818 ιο
2873 5788 2948 5824 ,ζμ
2972 5789 3034 5824 si.
3069 5790 3171 5824 ri...
3334 5791 3349 5823 ι
3382 5790 3619 5824 unum“

2873 5789 2948 5852 ὠς
2972 5789 3035 5860 δὴ
3069 5790 3192 5844 Par.
3235 5789 3244 5791 “
3306 5789 3349 5824 ⁴¹
3381 5790 3619 5850 some.
