  <div class='ocr_page' id='page_1' title='image "/cluster/home/n/w/nwhite01/storage/ocr_20150623/88/coo.31924054869924/739.png"; bbox 0 0 4060 6438; ppageno 0'>
   <div class='ocr_carea' id='block_1_1' title="bbox 561 368 704 438">
    <p class='ocr_par' dir='ltr' id='par_1_1' title="bbox 561 368 704 438">
     <span class='ocr_line' id='line_1_1' title="bbox 561 368 704 438; baseline 0.028 -4"><span class='ocrx_word' id='word_1_1' title='bbox 561 368 585 434; x_wconf 87' lang='grc'><strong>1</strong></span> <span class='ocrx_word' id='word_1_2' title='bbox 597 371 704 438; x_wconf 80' lang='grc'><strong>443</strong></span> 
     </span>
    </p>
   </div>
   <div class='ocr_carea' id='block_1_2' title="bbox 1753 364 2639 432">
    <p class='ocr_par' dir='ltr' id='par_1_2' title="bbox 1753 364 2639 432">
     <span class='ocr_line' id='line_1_2' title="bbox 1753 364 2639 432; baseline 0.002 -4"><span class='ocrx_word' id='word_1_3' title='bbox 1753 366 2113 430; x_wconf 69' lang='grc' dir='ltr'><strong>ΑϐΑΤΗΙᾹΞ</strong></span> <span class='ocrx_word' id='word_1_4' title='bbox 2155 370 2344 431; x_wconf 82' lang='lat' dir='ltr'>SCHO</span> <span class='ocrx_word' id='word_1_5' title='bbox 2353 364 2639 432; x_wconf 83' lang='lat' dir='ltr'><strong>LASTlCI</strong></span> 
     </span>
    </p>
   </div>
   <div class='ocr_carea' id='block_1_3' title="bbox 3650 372 3758 444">
    <p class='ocr_par' dir='ltr' id='par_1_3' title="bbox 3650 372 3758 444">
     <span class='ocr_line' id='line_1_3' title="bbox 3650 372 3758 444; baseline 0.074 -9"><span class='ocrx_word' id='word_1_6' title='bbox 3650 372 3758 444; x_wconf 68' lang='lat' dir='ltr'><strong>illi</strong></span> 
     </span>
    </p>
   </div>
   <div class='ocr_carea' id='block_1_4' title="bbox 556 479 2148 558">
    <p class='ocr_par' dir='ltr' id='par_1_4' title="bbox 556 482 2142 557">
     <span class='ocr_line' id='line_1_4' title="bbox 556 482 2142 557; baseline -0.003 -16"><span class='ocrx_word' id='word_1_7' title='bbox 556 485 954 557; x_wconf 74' lang='lat' dir='ltr'><strong>pervenissent,</strong></span> <span class='ocrx_word' id='word_1_8' title='bbox 991 485 1327 540; x_wconf 80' lang='lat' dir='ltr'><strong>conﬁdenter</strong></span> <span class='ocrx_word' id='word_1_9' title='bbox 1373 497 1474 538; x_wconf 89' lang='lat' dir='ltr'><strong>suo</strong></span> <span class='ocrx_word' id='word_1_10' title='bbox 1499 483 1744 552; x_wconf 89' lang='lat' dir='ltr'><strong>ipsorum</strong></span> <span class='ocrx_word' id='word_1_11' title='bbox 1797 482 1944 537; x_wconf 92' lang='lat' dir='ltr'><strong>malo</strong></span> <span class='ocrx_word' id='word_1_12' title='bbox 1983 482 2038 536; x_wconf 94' lang='lat' dir='ltr'><strong>in</strong></span> <span class='ocrx_word' id='word_1_13' title='bbox 2077 497 2142 538; x_wconf 88' lang='lat' dir='ltr'><strong>ea</strong></span> 
     </span>
    </p>
   </div>
   <div class='ocr_carea' id='block_1_5' title="bbox 2248 479 3762 558">
    <p class='ocr_par' dir='ltr' id='par_1_5' title="bbox 2250 479 3762 558">
     <span class='ocr_line' id='line_1_5' title="bbox 2250 479 3762 558; baseline 0.006 -22"><span class='ocrx_word' id='word_1_14' title='bbox 2250 482 2477 553; x_wconf 73' lang='grc' dir='ltr'>ἀπειρίᾳ</span> <span class='ocrx_word' id='word_1_15' title='bbox 2539 483 2650 534; x_wconf 80' lang='grc' dir='ltr'><strong>τῶν</strong></span> <span class='ocrx_word' id='word_1_16' title='bbox 2719 481 2898 534; x_wconf 86' lang='grc' dir='ltr'>τόπων</span> <span class='ocrx_word' id='word_1_17' title='bbox 2945 479 3434 551; x_wconf 77' lang='grc' dir='ltr'>ἀναμετρήσαντες,</span> <span class='ocrx_word' id='word_1_18' title='bbox 3500 484 3623 558; x_wconf 79' lang='grc' dir='ltr'>πλὴν</span> <span class='ocrx_word' id='word_1_19' title='bbox 3667 491 3762 545; x_wconf 81' lang='grc' dir='ltr'>ἀλλ’</span> 
     </span>
    </p>
   </div>
   <div class='ocr_carea' id='block_1_6' title="bbox 555 574 2139 648">
    <p class='ocr_par' dir='ltr' id='par_1_6' title="bbox 555 574 2139 648">
     <span class='ocr_line' id='line_1_6' title="bbox 555 574 2139 648; baseline -0.003 -16"><span class='ocrx_word' id='word_1_20' title='bbox 555 589 891 648; x_wconf 80' lang='lat' dir='ltr'><strong>irrumpunt,</strong></span> <span class='ocrx_word' id='word_1_21' title='bbox 918 579 1192 648; x_wconf 80' lang='lat' dir='ltr'><strong>simulque</strong></span> <span class='ocrx_word' id='word_1_22' title='bbox 1224 590 1415 630; x_wconf 90' lang='lat' dir='ltr'><strong>omnes</strong></span> <span class='ocrx_word' id='word_1_23' title='bbox 1446 575 1592 628; x_wconf 90' lang='lat' dir='ltr'><strong>intro</strong></span> <span class='ocrx_word' id='word_1_24' title='bbox 1631 589 1691 628; x_wconf 89' lang='lat' dir='ltr'><strong>se</strong></span> <span class='ocrx_word' id='word_1_25' title='bbox 1737 574 2028 643; x_wconf 88' lang='lat' dir='ltr'><strong>rccipiunt,</strong></span> <span class='ocrx_word' id='word_1_26' title='bbox 2053 583 2139 628; x_wconf 88' lang='lat' dir='ltr'><strong>at-</strong></span> 
     </span>
    </p>
   </div>
   <div class='ocr_carea' id='block_1_7' title="bbox 555 666 2143 740">
    <p class='ocr_par' dir='ltr' id='par_1_7' title="bbox 555 666 2143 740">
     <span class='ocr_line' id='line_1_7' title="bbox 555 666 2143 740; baseline -0.003 -16"><span class='ocrx_word' id='word_1_27' title='bbox 555 686 664 740; x_wconf 91' lang='lat' dir='ltr'><strong>que</strong></span> <span class='ocrx_word' id='word_1_28' title='bbox 696 672 766 724; x_wconf 90' lang='lat' dir='ltr'><strong>ita</strong></span> <span class='ocrx_word' id='word_1_29' title='bbox 817 671 980 725; x_wconf 88' lang='lat' dir='ltr'><strong>tacite</strong></span> <span class='ocrx_word' id='word_1_30' title='bbox 1007 672 1251 737; x_wconf 84' lang='lat' dir='ltr'><strong>citraque</strong></span> <span class='ocrx_word' id='word_1_31' title='bbox 1308 668 1482 722; x_wconf 89' lang='lat' dir='ltr'><strong>ullum</strong></span> <span class='ocrx_word' id='word_1_32' title='bbox 1513 666 1802 736; x_wconf 73' lang='lat' dir='ltr'><strong>strepitum</strong></span> <span class='ocrx_word' id='word_1_33' title='bbox 1844 668 2143 737; x_wconf 81' lang='lat' dir='ltr'><strong>progressi,</strong></span> 
     </span>
    </p>
   </div>
   <div class='ocr_carea' id='block_1_8' title="bbox 557 759 2144 830">
    <p class='ocr_par' dir='ltr' id='par_1_8' title="bbox 557 759 2144 830">
     <span class='ocr_line' id='line_1_8' title="bbox 557 759 2144 830; baseline -0.001 -16"><span class='ocrx_word' id='word_1_34' title='bbox 557 776 626 815; x_wconf 90' lang='lat' dir='ltr'><strong>ne</strong></span> <span class='ocrx_word' id='word_1_35' title='bbox 650 761 902 816; x_wconf 84' lang='lat' dir='ltr'><strong>videlicet</strong></span> <span class='ocrx_word' id='word_1_36' title='bbox 932 761 1009 815; x_wconf 88' lang='lat' dir='ltr'><strong>illi</strong></span> <span class='ocrx_word' id='word_1_37' title='bbox 1059 761 1109 814; x_wconf 92' lang='lat' dir='ltr'><strong>id</strong></span> <span class='ocrx_word' id='word_1_38' title='bbox 1157 759 1624 830; x_wconf 88' lang='lat' dir='ltr'><strong>persentiscerent</strong></span> <span class='ocrx_word' id='word_1_39' title='bbox 1664 766 1830 826; x_wconf 89' lang='lat' dir='ltr'><strong>atque</strong></span> <span class='ocrx_word' id='word_1_40' title='bbox 1878 772 2144 828; x_wconf 77' lang='lat' dir='ltr'><strong>experge-</strong></span> 
     </span>
    </p>
   </div>
   <div class='ocr_carea' id='block_1_9' title="bbox 559 850 2146 920">
    <p class='ocr_par' dir='ltr' id='par_1_9' title="bbox 559 850 2146 920">
     <span class='ocr_line' id='line_1_9' title="bbox 559 850 2146 920; baseline -0.002 -12"><span class='ocrx_word' id='word_1_41' title='bbox 559 853 774 920; x_wconf 86' lang='lat' dir='ltr'><strong>lierent,</strong></span> <span class='ocrx_word' id='word_1_42' title='bbox 809 855 995 908; x_wconf 84' lang='lat' dir='ltr'><strong>hastas</strong></span> <span class='ocrx_word' id='word_1_43' title='bbox 1026 853 1080 906; x_wconf 89' lang='lat' dir='ltr'><strong>in</strong></span> <span class='ocrx_word' id='word_1_44' title='bbox 1112 867 1303 907; x_wconf 89' lang='lat' dir='ltr'><strong>eorum</strong></span> <span class='ocrx_word' id='word_1_45' title='bbox 1357 851 1584 904; x_wconf 89' lang='lat' dir='ltr'><strong>latibula</strong></span> <span class='ocrx_word' id='word_1_46' title='bbox 1629 859 1685 905; x_wconf 89' lang='lat' dir='ltr'><strong>et</strong></span> <span class='ocrx_word' id='word_1_47' title='bbox 1718 850 1993 919; x_wconf 81' lang='lat' dir='ltr'><strong>tuguriola</strong></span> <span class='ocrx_word' id='word_1_48' title='bbox 2031 859 2146 907; x_wconf 85' lang='lat' dir='ltr'><strong>tor-</strong></span> 
     </span>
    </p>
   </div>
   <div class='ocr_carea' id='block_1_10' title="bbox 556 943 2142 1016">
    <p class='ocr_par' dir='ltr' id='par_1_10' title="bbox 556 943 2142 1016">
     <span class='ocr_line' id='line_1_10' title="bbox 556 943 2142 1016; baseline -0.002 -15"><span class='ocrx_word' id='word_1_49' title='bbox 556 954 749 1016; x_wconf 83' lang='lat' dir='ltr'><strong>quent,</strong></span> <span class='ocrx_word' id='word_1_50' title='bbox 795 957 1054 1015; x_wconf 80' lang='lat' dir='ltr'><strong>tanquam</strong></span> <span class='ocrx_word' id='word_1_51' title='bbox 1103 943 1447 999; x_wconf 81' lang='lat' dir='ltr'><strong>interfecturi</strong></span> <span class='ocrx_word' id='word_1_52' title='bbox 1501 943 1878 1009; x_wconf 85' lang='lat' dir='ltr'><strong>dormientes;</strong></span> <span class='ocrx_word' id='word_1_53' title='bbox 1931 953 1987 998; x_wconf 90' lang='lat' dir='ltr'><strong>et</strong></span> <span class='ocrx_word' id='word_1_54' title='bbox 2028 944 2142 1012; x_wconf 87' lang='lat' dir='ltr'><strong>jam</strong></span> 
     </span>
    </p>
   </div>
   <div class='ocr_carea' id='block_1_11' title="bbox 558 1024 2145 1107">
    <p class='ocr_par' dir='ltr' id='par_1_11' title="bbox 558 1024 2145 1107">
     <span class='ocr_line' id='line_1_11' title="bbox 558 1024 2145 1107; baseline -0.001 -15"><span class='ocrx_word' id='word_1_55' title='bbox 558 1039 824 1107; x_wconf 85' lang='lat' dir='ltr'><strong>putabant</strong></span> <span class='ocrx_word' id='word_1_56' title='bbox 853 1054 962 1091; x_wconf 92' lang='lat' dir='ltr'><strong>rem</strong></span> <span class='ocrx_word' id='word_1_57' title='bbox 996 1046 1165 1092; x_wconf 77' lang='lat' dir='ltr'><strong>totam</strong></span> <span class='ocrx_word' id='word_1_58' title='bbox 1216 1037 1354 1107; x_wconf 87' lang='lat' dir='ltr'><strong>ipsis</strong></span> <span class='ocrx_word' id='word_1_59' title='bbox 1398 1051 1524 1091; x_wconf 90' lang='lat' dir='ltr'><strong>esse</strong></span> <span class='ocrx_word' id='word_1_60' title='bbox 1576 1024 1904 1091; x_wconf 85' lang='lat' dir='ltr'><strong>confectam.</strong></span> <span class='ocrx_word' id='word_1_61' title='bbox 1963 1036 2145 1092; x_wconf 87' lang='lat' dir='ltr'><strong>Sabiri</strong></span> 
     </span>
    </p>
   </div>
   <div class='ocr_carea' id='block_1_12' title="bbox 561 1125 2148 1199">
    <p class='ocr_par' dir='ltr' id='par_1_12' title="bbox 561 1125 2148 1199">
     <span class='ocr_line' id='line_1_12' title="bbox 561 1125 2148 1199; baseline -0.001 -15"><span class='ocrx_word' id='word_1_62' title='bbox 561 1130 768 1184; x_wconf 86' lang='lat' dir='ltr'><strong>interea</strong></span> <span class='ocrx_word' id='word_1_63' title='bbox 822 1131 1081 1199; x_wconf 92' lang='lat' dir='ltr'><strong>utrinque</strong></span> <span class='ocrx_word' id='word_1_64' title='bbox 1113 1145 1179 1184; x_wconf 83' lang='lat' dir='ltr'><strong>ex</strong></span> <span class='ocrx_word' id='word_1_65' title='bbox 1248 1125 1468 1183; x_wconf 89' lang='lat' dir='ltr'><strong>insidiis</strong></span> <span class='ocrx_word' id='word_1_66' title='bbox 1505 1129 1878 1198; x_wconf 89' lang='lat' dir='ltr'><strong>prosilientes,</strong></span> <span class='ocrx_word' id='word_1_67' title='bbox 1925 1137 2148 1198; x_wconf 89' lang='lat' dir='ltr'><strong>repente</strong></span> 
     </span>
    </p>
   </div>
   <div class='ocr_carea' id='block_1_13' title="bbox 557 1221 2148 1290">
    <p class='ocr_par' dir='ltr' id='par_1_13' title="bbox 557 1221 2148 1290">
     <span class='ocr_line' id='line_1_13' title="bbox 557 1221 2148 1290; baseline -0.002 -12"><span class='ocrx_word' id='word_1_68' title='bbox 557 1223 614 1278; x_wconf 87' lang='lat' dir='ltr'><strong>in</strong></span> <span class='ocrx_word' id='word_1_69' title='bbox 644 1238 740 1278; x_wconf 85' lang='lat' dir='ltr'><strong>eos</strong></span> <span class='ocrx_word' id='word_1_70' title='bbox 769 1223 1018 1288; x_wconf 89' lang='lat' dir='ltr'><strong>irruunt;</strong></span> <span class='ocrx_word' id='word_1_71' title='bbox 1050 1231 1106 1276; x_wconf 84' lang='lat' dir='ltr'><strong>at</strong></span> <span class='ocrx_word' id='word_1_72' title='bbox 1136 1221 1214 1275; x_wconf 91' lang='lat' dir='ltr'><strong>illi</strong></span> <span class='ocrx_word' id='word_1_73' title='bbox 1243 1221 1427 1276; x_wconf 91' lang='lat' dir='ltr'><strong>subito</strong></span> <span class='ocrx_word' id='word_1_74' title='bbox 1457 1222 1550 1274; x_wconf 90' lang='lat' dir='ltr'><strong>illo</strong></span> <span class='ocrx_word' id='word_1_75' title='bbox 1587 1231 1750 1290; x_wconf 83' lang='lat' dir='ltr'><strong>atque</strong></span> <span class='ocrx_word' id='word_1_76' title='bbox 1774 1221 2148 1290; x_wconf 86' lang='lat' dir='ltr'><strong>inexspectato</strong></span> 
     </span>
    </p>
   </div>
   <div class='ocr_carea' id='block_1_14' title="bbox 562 1307 2150 1377">
    <p class='ocr_par' dir='ltr' id='par_1_14' title="bbox 562 1307 2150 1377">
     <span class='ocr_line' id='line_1_14' title="bbox 562 1307 2150 1377; baseline -0.001 -14"><span class='ocrx_word' id='word_1_77' title='bbox 562 1310 770 1377; x_wconf 83' lang='lat' dir='ltr'><strong>impetu</strong></span> <span class='ocrx_word' id='word_1_78' title='bbox 813 1309 1176 1374; x_wconf 86' lang='lat' dir='ltr'><strong>consternati,</strong></span> <span class='ocrx_word' id='word_1_79' title='bbox 1219 1317 1273 1362; x_wconf 89' lang='lat' dir='ltr'><strong>et</strong></span> <span class='ocrx_word' id='word_1_80' title='bbox 1305 1323 1401 1376; x_wconf 89' lang='lat' dir='ltr'><strong>spe</strong></span> <span class='ocrx_word' id='word_1_81' title='bbox 1444 1308 1601 1374; x_wconf 85' lang='lat' dir='ltr'><strong>plane</strong></span> <span class='ocrx_word' id='word_1_82' title='bbox 1651 1307 1704 1360; x_wconf 89' lang='lat' dir='ltr'><strong>in</strong></span> <span class='ocrx_word' id='word_1_83' title='bbox 1744 1308 1906 1377; x_wconf 75' lang='lat'><strong>180</strong></span> <span class='ocrx_word' id='word_1_84' title='bbox 1930 1317 2150 1363; x_wconf 87' lang='lat' dir='ltr'><strong>contra-</strong></span> 
     </span>
    </p>
   </div>
   <div class='ocr_carea' id='block_1_15' title="bbox 559 1401 2148 1470">
    <p class='ocr_par' dir='ltr' id='par_1_15' title="bbox 559 1401 2148 1470">
     <span class='ocr_line' id='line_1_15' title="bbox 559 1401 2148 1470; baseline 0 -14"><span class='ocrx_word' id='word_1_85' title='bbox 559 1403 707 1457; x_wconf 89' lang='lat' dir='ltr'><strong>rium</strong></span> <span class='ocrx_word' id='word_1_86' title='bbox 737 1417 920 1465; x_wconf 87' lang='lat' dir='ltr'><strong>versa,</strong></span> <span class='ocrx_word' id='word_1_87' title='bbox 957 1403 1010 1456; x_wconf 89' lang='lat' dir='ltr'><strong>in</strong></span> <span class='ocrx_word' id='word_1_88' title='bbox 1045 1417 1259 1457; x_wconf 91' lang='lat' dir='ltr'><strong>summa</strong></span> <span class='ocrx_word' id='word_1_89' title='bbox 1288 1401 1506 1457; x_wconf 90' lang='lat' dir='ltr'><strong>consilii</strong></span> <span class='ocrx_word' id='word_1_90' title='bbox 1563 1401 1746 1470; x_wconf 91' lang='lat' dir='ltr'><strong>inopia</strong></span> <span class='ocrx_word' id='word_1_91' title='bbox 1777 1409 1831 1454; x_wconf 91' lang='lat' dir='ltr'><strong>et</strong></span> <span class='ocrx_word' id='word_1_92' title='bbox 1859 1402 2148 1470; x_wconf 88' lang='lat' dir='ltr'><strong>perturba-</strong></span> 
     </span>
    </p>
   </div>
   <div class='ocr_carea' id='block_1_16' title="bbox 557 1491 2147 1563">
    <p class='ocr_par' dir='ltr' id='par_1_16' title="bbox 557 1491 2147 1563">
     <span class='ocr_line' id='line_1_16' title="bbox 557 1491 2147 1563; baseline -0.001 -13"><span class='ocrx_word' id='word_1_93' title='bbox 557 1496 712 1551; x_wconf 89' lang='lat' dir='ltr'><strong>tione</strong></span> <span class='ocrx_word' id='word_1_94' title='bbox 745 1513 929 1550; x_wconf 83' lang='lat' dir='ltr'><strong>rerum</strong></span> <span class='ocrx_word' id='word_1_95' title='bbox 967 1496 1349 1551; x_wconf 85' lang='lat' dir='ltr'><strong>versabantur.</strong></span> <span class='ocrx_word' id='word_1_96' title='bbox 1405 1495 1590 1562; x_wconf 83' lang='lat' dir='ltr'><strong>Neque</strong></span> <span class='ocrx_word' id='word_1_97' title='bbox 1623 1493 1769 1547; x_wconf 87' lang='lat' dir='ltr'><strong>enim</strong></span> <span class='ocrx_word' id='word_1_98' title='bbox 1819 1491 1979 1548; x_wconf 85' lang='lat' dir='ltr'><strong>facile</strong></span> <span class='ocrx_word' id='word_1_99' title='bbox 2013 1493 2147 1563; x_wconf 89' lang='lat' dir='ltr'><strong>ipsis</strong></span> 
     </span>
    </p>
   </div>
   <div class='ocr_carea' id='block_1_17' title="bbox 555 1587 2148 1661">
    <p class='ocr_par' dir='ltr' id='par_1_17' title="bbox 555 1587 2148 1661">
     <span class='ocr_line' id='line_1_17' title="bbox 555 1587 2148 1661; baseline -0.001 -18"><span class='ocrx_word' id='word_1_100' title='bbox 555 1601 672 1644; x_wconf 82' lang='lat' dir='ltr'><strong>erat</strong></span> <span class='ocrx_word' id='word_1_101' title='bbox 701 1589 884 1661; x_wconf 80' lang='lat' dir='ltr'><strong>fugam</strong></span> <span class='ocrx_word' id='word_1_102' title='bbox 918 1605 1228 1659; x_wconf 82' lang='lat' dir='ltr'><strong>capessere,</strong></span> <span class='ocrx_word' id='word_1_103' title='bbox 1258 1590 1310 1643; x_wconf 92' lang='lat' dir='ltr'><strong>in</strong></span> <span class='ocrx_word' id='word_1_104' title='bbox 1342 1599 1552 1644; x_wconf 91' lang='lat' dir='ltr'><strong>arctum</strong></span> <span class='ocrx_word' id='word_1_105' title='bbox 1580 1588 1993 1657; x_wconf 85' lang='lat' dir='ltr'><strong>coactis,nequc</strong></span> <span class='ocrx_word' id='word_1_106' title='bbox 2014 1587 2148 1642; x_wconf 86' lang='lat' dir='ltr'><strong>satis</strong></span> 
     </span>
    </p>
   </div>
   <div class='ocr_carea' id='block_1_18' title="bbox 557 1681 2151 1751">
    <p class='ocr_par' dir='ltr' id='par_1_18' title="bbox 557 1681 2151 1751">
     <span class='ocr_line' id='line_1_18' title="bbox 557 1681 2151 1751; baseline 0 -15"><span class='ocrx_word' id='word_1_107' title='bbox 557 1681 752 1736; x_wconf 89' lang='lat' dir='ltr'><strong>hostes</strong></span> <span class='ocrx_word' id='word_1_108' title='bbox 800 1683 1112 1737; x_wconf 85' lang='lat' dir='ltr'><strong>internosse</strong></span> <span class='ocrx_word' id='word_1_109' title='bbox 1155 1689 1426 1751; x_wconf 88' lang='lat' dir='ltr'><strong>poterant,</strong></span> <span class='ocrx_word' id='word_1_110' title='bbox 1483 1689 1669 1749; x_wconf 92' lang='lat' dir='ltr'><strong>utpote</strong></span> <span class='ocrx_word' id='word_1_111' title='bbox 1724 1695 1849 1734; x_wconf 90' lang='lat' dir='ltr'><strong>cum</strong></span> <span class='ocrx_word' id='word_1_112' title='bbox 1906 1689 2061 1736; x_wconf 85' lang='lat' dir='ltr'><strong>nocte</strong></span> <span class='ocrx_word' id='word_1_113' title='bbox 2095 1690 2151 1736; x_wconf 90' lang='lat' dir='ltr'><strong>et</strong></span> 
     </span>
    </p>
   </div>
   <div class='ocr_carea' id='block_1_19' title="bbox 557 1765 2140 1837">
    <p class='ocr_par' dir='ltr' id='par_1_19' title="bbox 557 1765 2140 1837">
     <span class='ocr_line' id='line_1_19' title="bbox 557 1765 2140 1837; baseline 0 -12"><span class='ocrx_word' id='word_1_114' title='bbox 557 1782 706 1825; x_wconf 89' lang='lat' dir='ltr'><strong>metu</strong></span> <span class='ocrx_word' id='word_1_115' title='bbox 739 1769 1139 1825; x_wconf 86' lang='lat' dir='ltr'><strong>conllictantes.</strong></span> <span class='ocrx_word' id='word_1_116' title='bbox 1177 1770 1387 1824; x_wconf 90' lang='lat' dir='ltr'><strong>Passim</strong></span> <span class='ocrx_word' id='word_1_117' title='bbox 1437 1769 1620 1837; x_wconf 86' lang='lat' dir='ltr'><strong>itaque</strong></span> <span class='ocrx_word' id='word_1_118' title='bbox 1657 1784 1687 1822; x_wconf 87' lang='lat' dir='ltr'><strong>a</strong></span> <span class='ocrx_word' id='word_1_119' title='bbox 1737 1765 1945 1824; x_wconf 87' lang='lat' dir='ltr'><strong>Sabiris</strong></span> <span class='ocrx_word' id='word_1_120' title='bbox 1981 1769 2140 1825; x_wconf 90' lang='lat' dir='ltr'><strong>truci-</strong></span> 
     </span>
    </p>
   </div>
   <div class='ocr_carea' id='block_1_20' title="bbox 555 1859 2150 1930">
    <p class='ocr_par' dir='ltr' id='par_1_20' title="bbox 555 1859 2150 1930">
     <span class='ocr_line' id='line_1_20' title="bbox 555 1859 2150 1930; baseline 0 -15"><span class='ocrx_word' id='word_1_121' title='bbox 555 1860 854 1926; x_wconf 87' lang='lat' dir='ltr'><strong>dabantur,</strong></span> <span class='ocrx_word' id='word_1_122' title='bbox 896 1875 965 1915; x_wconf 91' lang='lat' dir='ltr'><strong>ne</strong></span> <span class='ocrx_word' id='word_1_123' title='bbox 999 1868 1203 1914; x_wconf 88' lang='lat' dir='ltr'><strong>tentata</strong></span> <span class='ocrx_word' id='word_1_124' title='bbox 1238 1859 1464 1929; x_wconf 85' lang='lat' dir='ltr'><strong>quidem</strong></span> <span class='ocrx_word' id='word_1_125' title='bbox 1498 1860 1581 1913; x_wconf 91' lang='lat' dir='ltr'><strong>sui</strong></span> <span class='ocrx_word' id='word_1_126' title='bbox 1603 1859 1953 1927; x_wconf 82' lang='lat' dir='ltr'><strong>defensione;</strong></span> <span class='ocrx_word' id='word_1_127' title='bbox 1984 1867 2150 1930; x_wconf 92' lang='lat' dir='ltr'><strong>atque</strong></span> 
     </span>
    </p>
   </div>
   <div class='ocr_carea' id='block_1_21' title="bbox 561 1951 2150 2023">
    <p class='ocr_par' dir='ltr' id='par_1_21' title="bbox 561 1951 2150 2023">
     <span class='ocr_line' id='line_1_21' title="bbox 561 1951 2150 2023; baseline 0 -17"><span class='ocrx_word' id='word_1_128' title='bbox 561 1952 861 2023; x_wconf 83' lang='lat' dir='ltr'><strong>octingenti</strong></span> <span class='ocrx_word' id='word_1_129' title='bbox 891 1952 1110 2018; x_wconf 87' lang='lat' dir='ltr'><strong>quidem</strong></span> <span class='ocrx_word' id='word_1_130' title='bbox 1145 1951 1250 2005; x_wconf 89' lang='lat' dir='ltr'><strong>viri</strong></span> <span class='ocrx_word' id='word_1_131' title='bbox 1296 1951 1439 2005; x_wconf 85' lang='lat' dir='ltr'><strong>intra</strong></span> <span class='ocrx_word' id='word_1_132' title='bbox 1467 1959 1645 2006; x_wconf 88' lang='lat' dir='ltr'><strong>castra</strong></span> <span class='ocrx_word' id='word_1_133' title='bbox 1692 1951 1993 2020; x_wconf 88' lang='lat' dir='ltr'><strong>perierunt,</strong></span> <span class='ocrx_word' id='word_1_134' title='bbox 2019 1952 2150 2006; x_wconf 90' lang='lat' dir='ltr'><strong>reli-</strong></span> 
     </span>
    </p>
   </div>
   <div class='ocr_carea' id='block_1_22' title="bbox 559 2043 2150 2113">
    <p class='ocr_par' dir='ltr' id='par_1_22' title="bbox 559 2043 2150 2113">
     <span class='ocr_line' id='line_1_22' title="bbox 559 2043 2150 2113; baseline 0.002 -16"><span class='ocrx_word' id='word_1_135' title='bbox 559 2044 652 2113; x_wconf 84' lang='lat' dir='ltr'><strong>qui</strong></span> <span class='ocrx_word' id='word_1_136' title='bbox 686 2043 973 2098; x_wconf 81' lang='lat' dir='ltr'><strong>diliiculter</strong></span> <span class='ocrx_word' id='word_1_137' title='bbox 1003 2044 1175 2112; x_wconf 89' lang='lat' dir='ltr'><strong>elapsi</strong></span> <span class='ocrx_word' id='word_1_138' title='bbox 1210 2043 1442 2112; x_wconf 86' lang='lat' dir='ltr'><strong>sparsim</strong></span> <span class='ocrx_word' id='word_1_139' title='bbox 1477 2046 1752 2108; x_wconf 87' lang='lat' dir='ltr'><strong>errabant,</strong></span> <span class='ocrx_word' id='word_1_140' title='bbox 1789 2043 1962 2098; x_wconf 88' lang='lat' dir='ltr'><strong>nescii</strong></span> <span class='ocrx_word' id='word_1_141' title='bbox 1994 2044 2150 2113; x_wconf 85' lang='lat' dir='ltr'><strong>plane</strong></span> 
     </span>
    </p>
   </div>
   <div class='ocr_carea' id='block_1_23' title="bbox 558 2135 2152 2207">
    <p class='ocr_par' dir='ltr' id='par_1_23' title="bbox 558 2135 2152 2207">
     <span class='ocr_line' id='line_1_23' title="bbox 558 2135 2152 2207; baseline 0.001 -19"><span class='ocrx_word' id='word_1_142' title='bbox 558 2151 670 2206; x_wconf 92' lang='lat' dir='ltr'><strong>quo</strong></span> <span class='ocrx_word' id='word_1_143' title='bbox 701 2151 761 2190; x_wconf 92' lang='lat' dir='ltr'><strong>se</strong></span> <span class='ocrx_word' id='word_1_144' title='bbox 788 2135 1139 2200; x_wconf 80' lang='lat' dir='ltr'><strong>conferrent;</strong></span> <span class='ocrx_word' id='word_1_145' title='bbox 1175 2151 1412 2205; x_wconf 89' lang='lat' dir='ltr'><strong>cumque</strong></span> <span class='ocrx_word' id='word_1_146' title='bbox 1436 2135 1548 2204; x_wconf 84' lang='lat' dir='ltr'><strong>jam</strong></span> <span class='ocrx_word' id='word_1_147' title='bbox 1564 2137 1755 2206; x_wconf 90' lang='lat' dir='ltr'><strong>procul</strong></span> <span class='ocrx_word' id='word_1_148' title='bbox 1785 2135 2062 2207; x_wconf 77' lang='lat' dir='ltr'><strong>aufugisse</strong></span> <span class='ocrx_word' id='word_1_149' title='bbox 2079 2137 2152 2191; x_wconf 82' lang='lat' dir='ltr'><strong>vi-</strong></span> 
     </span>
    </p>
   </div>
   <div class='ocr_carea' id='block_1_24' title="bbox 555 2227 2149 2299">
    <p class='ocr_par' dir='ltr' id='par_1_24' title="bbox 555 2227 2149 2299">
     <span class='ocr_line' id='line_1_24' title="bbox 555 2227 2149 2299; baseline 0.002 -18"><span class='ocrx_word' id='word_1_150' title='bbox 555 2227 843 2293; x_wconf 87' lang='lat' dir='ltr'><strong>derentur,</strong></span> <span class='ocrx_word' id='word_1_151' title='bbox 895 2227 1212 2283; x_wconf 81' lang='lat' dir='ltr'><strong>circumacti</strong></span> <span class='ocrx_word' id='word_1_152' title='bbox 1257 2243 1452 2282; x_wconf 90' lang='lat' dir='ltr'><strong>rursus</strong></span> <span class='ocrx_word' id='word_1_153' title='bbox 1494 2238 1548 2282; x_wconf 79' lang='lat' dir='ltr'><strong>et</strong></span> <span class='ocrx_word' id='word_1_154' title='bbox 1598 2229 1785 2283; x_wconf 87' lang='lat' dir='ltr'><strong>eodem</strong></span> <span class='ocrx_word' id='word_1_155' title='bbox 1838 2230 2064 2299; x_wconf 87' lang='lat' dir='ltr'><strong>relapsi,</strong></span> <span class='ocrx_word' id='word_1_156' title='bbox 2094 2231 2149 2284; x_wconf 92' lang='lat' dir='ltr'><strong>in</strong></span> 
     </span>
    </p>
   </div>
   <div class='ocr_carea' id='block_1_25' title="bbox 559 2317 2151 2388">
    <p class='ocr_par' dir='ltr' id='par_1_25' title="bbox 559 2317 2151 2388">
     <span class='ocr_line' id='line_1_25' title="bbox 559 2317 2151 2388; baseline 0.003 -16"><span class='ocrx_word' id='word_1_157' title='bbox 559 2318 746 2374; x_wconf 78' lang='lat' dir='ltr'><strong>hostes</strong></span> <span class='ocrx_word' id='word_1_158' title='bbox 776 2319 1105 2374; x_wconf 88' lang='lat' dir='ltr'><strong>incidebant.</strong></span> <span class='ocrx_word' id='word_1_159' title='bbox 1127 2317 1240 2374; x_wconf 85' lang='lat' dir='ltr'><strong>Hoc</strong></span> <span class='ocrx_word' id='word_1_160' title='bbox 1268 2328 1424 2388; x_wconf 90' lang='lat' dir='ltr'><strong>pacto</strong></span> <span class='ocrx_word' id='word_1_161' title='bbox 1450 2328 1561 2374; x_wconf 89' lang='lat' dir='ltr'><strong>tota</strong></span> <span class='ocrx_word' id='word_1_162' title='bbox 1600 2321 1691 2375; x_wconf 90' lang='lat' dir='ltr'><strong>illa</strong></span> <span class='ocrx_word' id='word_1_163' title='bbox 1721 2336 1827 2376; x_wconf 80' lang='lat' dir='ltr'><strong>nox</strong></span> <span class='ocrx_word' id='word_1_164' title='bbox 1851 2331 1936 2376; x_wconf 90' lang='lat' dir='ltr'><strong>est</strong></span> <span class='ocrx_word' id='word_1_165' title='bbox 1967 2331 2151 2377; x_wconf 88' lang='lat' dir='ltr'><strong>trans-</strong></span> 
     </span>
    </p>
   </div>
   <div class='ocr_carea' id='block_1_26' title="bbox 557 2409 2151 2483">
    <p class='ocr_par' dir='ltr' id='par_1_26' title="bbox 557 2409 2151 2483">
     <span class='ocr_line' id='line_1_26' title="bbox 557 2409 2151 2483; baseline 0.003 -19"><span class='ocrx_word' id='word_1_166' title='bbox 557 2418 699 2466; x_wconf 80' lang='lat' dir='ltr'><strong>acta.</strong></span> <span class='ocrx_word' id='word_1_167' title='bbox 732 2409 885 2465; x_wconf 80' lang='lat' dir='ltr'><strong>Mane</strong></span> <span class='ocrx_word' id='word_1_168' title='bbox 913 2426 1043 2464; x_wconf 84' lang='lat' dir='ltr'><strong>vero</strong></span> <span class='ocrx_word' id='word_1_169' title='bbox 1073 2426 1196 2465; x_wconf 91' lang='lat' dir='ltr'><strong>cum</strong></span> <span class='ocrx_word' id='word_1_170' title='bbox 1223 2410 1337 2480; x_wconf 85' lang='lat' dir='ltr'><strong>jam</strong></span> <span class='ocrx_word' id='word_1_171' title='bbox 1393 2411 1683 2474; x_wconf 81' lang='lat' dir='ltr'><strong>illuxisset,</strong></span> <span class='ocrx_word' id='word_1_172' title='bbox 1732 2413 2021 2468; x_wconf 84' lang='lat' dir='ltr'><strong>confestim</strong></span> <span class='ocrx_word' id='word_1_173' title='bbox 2056 2415 2151 2483; x_wconf 90' lang='lat' dir='ltr'><strong>qui</strong></span> 
     </span>
    </p>
   </div>
   <div class='ocr_carea' id='block_1_27' title="bbox 555 2501 2148 2573">
    <p class='ocr_par' dir='ltr' id='par_1_27' title="bbox 555 2501 2148 2573">
     <span class='ocr_line' id='line_1_27' title="bbox 555 2501 2148 2573; baseline 0.003 -16"><span class='ocrx_word' id='word_1_174' title='bbox 555 2510 884 2570; x_wconf 85' lang='lat' dir='ltr'><strong>supererant</strong></span> <span class='ocrx_word' id='word_1_175' title='bbox 920 2501 1216 2557; x_wconf 74' lang='lat' dir='ltr'><strong>Dilimnita:</strong></span> <span class='ocrx_word' id='word_1_176' title='bbox 1246 2503 1545 2573; x_wconf 79' lang='lat' dir='ltr'><strong>recognitis</strong></span> <span class='ocrx_word' id='word_1_177' title='bbox 1581 2504 1688 2557; x_wconf 84' lang='lat' dir='ltr'><strong>viis</strong></span> <span class='ocrx_word' id='word_1_178' title='bbox 1741 2515 1887 2559; x_wconf 80' lang='lat' dir='ltr'><strong>recta</strong></span> <span class='ocrx_word' id='word_1_179' title='bbox 1921 2505 1987 2559; x_wconf 86' lang='lat' dir='ltr'><strong>ad</strong></span> <span class='ocrx_word' id='word_1_180' title='bbox 2020 2507 2148 2561; x_wconf 88' lang='lat' dir='ltr'><strong>Per-</strong></span> 
     </span>
    </p>
   </div>
   <div class='ocr_carea' id='block_1_28' title="bbox 557 2595 2148 2664">
    <p class='ocr_par' dir='ltr' id='par_1_28' title="bbox 557 2595 2148 2664">
     <span class='ocr_line' id='line_1_28' title="bbox 557 2595 2148 2664; baseline 0.003 -19"><span class='ocrx_word' id='word_1_181' title='bbox 557 2605 744 2645; x_wconf 87' lang='lat' dir='ltr'><strong>sarum</strong></span> <span class='ocrx_word' id='word_1_182' title='bbox 799 2600 977 2647; x_wconf 88' lang='lat' dir='ltr'><strong>castra</strong></span> <span class='ocrx_word' id='word_1_183' title='bbox 1047 2603 1434 2658; x_wconf 90' lang='lat' dir='ltr'><strong>cucurrerunt,</strong></span> <span class='ocrx_word' id='word_1_184' title='bbox 1492 2595 1948 2663; x_wconf 83' lang='lat' dir='ltr'><strong>persequentibus</strong></span> <span class='ocrx_word' id='word_1_185' title='bbox 2000 2595 2148 2664; x_wconf 88' lang='lat' dir='ltr'><strong>ipsos</strong></span> 
     </span>
    </p>
   </div>
   <div class='ocr_carea' id='block_1_29' title="bbox 557 2683 2149 2755">
    <p class='ocr_par' dir='ltr' id='par_1_29' title="bbox 557 2683 2149 2755">
     <span class='ocr_line' id='line_1_29' title="bbox 557 2683 2149 2755; baseline 0.004 -19"><span class='ocrx_word' id='word_1_186' title='bbox 557 2683 918 2740; x_wconf 89' lang='lat' dir='ltr'><strong>nihilominus</strong></span> <span class='ocrx_word' id='word_1_187' title='bbox 974 2694 1234 2755; x_wconf 79' lang='lat' dir='ltr'><strong>tergaque</strong></span> <span class='ocrx_word' id='word_1_188' title='bbox 1280 2686 1657 2754; x_wconf 82' lang='lat' dir='ltr'><strong>prementibus</strong></span> <span class='ocrx_word' id='word_1_189' title='bbox 1705 2685 1932 2741; x_wconf 85' lang='lat' dir='ltr'><strong>Sabiris.</strong></span> <span class='ocrx_word' id='word_1_190' title='bbox 1972 2686 2149 2743; x_wconf 86' lang='lat' dir='ltr'><strong>Babas</strong></span> 
     </span>
    </p>
   </div>
   <div class='ocr_carea' id='block_1_30' title="bbox 555 2769 2150 2844">
    <p class='ocr_par' dir='ltr' id='par_1_30' title="bbox 555 2769 2150 2844">
     <span class='ocr_line' id='line_1_30' title="bbox 555 2769 2150 2844; baseline 0.004 -18"><span class='ocrx_word' id='word_1_191' title='bbox 555 2769 768 2828; x_wconf 81' lang='lat' dir='ltr'><strong>interea</strong></span> <span class='ocrx_word' id='word_1_192' title='bbox 821 2771 1164 2843; x_wconf 66' lang='lat' dir='ltr'><strong>praefectus,</strong></span> <span class='ocrx_word' id='word_1_193' title='bbox 1222 2774 1317 2844; x_wconf 90' lang='lat' dir='ltr'><strong>qui</strong></span> <span class='ocrx_word' id='word_1_194' title='bbox 1355 2774 1468 2843; x_wconf 86' lang='lat' dir='ltr'><strong>jam</strong></span> <span class='ocrx_word' id='word_1_195' title='bbox 1511 2775 1636 2830; x_wconf 89' lang='lat' dir='ltr'><strong>inde</strong></span> <span class='ocrx_word' id='word_1_196' title='bbox 1690 2791 1720 2830; x_wconf 89' lang='lat' dir='ltr'><strong>a</strong></span> <span class='ocrx_word' id='word_1_197' title='bbox 1779 2777 1951 2830; x_wconf 90' lang='lat' dir='ltr'><strong>multo</strong></span> <span class='ocrx_word' id='word_1_198' title='bbox 2007 2788 2150 2832; x_wconf 85' lang='lat' dir='ltr'><strong>tem-</strong></span> 
     </span>
    </p>
   </div>
   <div class='ocr_carea' id='block_1_31' title="bbox 554 2864 2151 2946">
    <p class='ocr_par' dir='ltr' id='par_1_31' title="bbox 554 2864 2151 2946">
     <span class='ocr_line' id='line_1_31' title="bbox 554 2864 2151 2946; baseline 0.003 -26"><span class='ocrx_word' id='word_1_199' title='bbox 554 2880 692 2936; x_wconf 83' lang='lat' dir='ltr'><strong>pore</strong></span> <span class='ocrx_word' id='word_1_200' title='bbox 742 2864 1143 2946; x_wconf 78' lang='lat' dir='ltr'><strong>Romanorum,</strong></span> <span class='ocrx_word' id='word_1_201' title='bbox 1215 2868 1309 2937; x_wconf 80' lang='lat' dir='ltr'><strong>qui</strong></span> <span class='ocrx_word' id='word_1_202' title='bbox 1347 2865 1661 2922; x_wconf 86' lang='lat' dir='ltr'><strong>Colchicam</strong></span> <span class='ocrx_word' id='word_1_203' title='bbox 1719 2870 2002 2938; x_wconf 74' lang='lat' dir='ltr'><strong>regionem</strong></span> <span class='ocrx_word' id='word_1_204' title='bbox 2061 2871 2151 2924; x_wconf 84' lang='lat' dir='ltr'><strong>in-</strong></span> 
     </span>
    </p>
   </div>
   <div class='ocr_carea' id='block_1_32' title="bbox 555 2951 2151 3023">
    <p class='ocr_par' dir='ltr' id='par_1_32' title="bbox 555 2951 2151 3023">
     <span class='ocr_line' id='line_1_32' title="bbox 555 2951 2151 3023; baseline 0.003 -16"><span class='ocrx_word' id='word_1_205' title='bbox 555 2951 762 3016; x_wconf 85' lang='lat' dir='ltr'><strong>sident,</strong></span> <span class='ocrx_word' id='word_1_206' title='bbox 798 2951 910 3005; x_wconf 79' lang='lat' dir='ltr'><strong>dux</strong></span> <span class='ocrx_word' id='word_1_207' title='bbox 945 2951 1144 3017; x_wconf 80' lang='lat' dir='ltr'><strong>fuerat,</strong></span> <span class='ocrx_word' id='word_1_208' title='bbox 1189 2967 1313 3007; x_wconf 90' lang='lat' dir='ltr'><strong>cum</strong></span> <span class='ocrx_word' id='word_1_209' title='bbox 1351 2968 1446 3022; x_wconf 89' lang='lat' dir='ltr'><strong>per</strong></span> <span class='ocrx_word' id='word_1_210' title='bbox 1491 2954 1543 3008; x_wconf 90' lang='lat' dir='ltr'><strong>id</strong></span> <span class='ocrx_word' id='word_1_211' title='bbox 1591 2955 1848 3023; x_wconf 88' lang='lat' dir='ltr'><strong>temporis</strong></span> <span class='ocrx_word' id='word_1_212' title='bbox 1892 2955 2151 3012; x_wconf 60' lang='lat' dir='ltr'><strong>Arabico—</strong></span> 
     </span>
    </p>
   </div>
   <div class='ocr_carea' id='block_1_33' title="bbox 559 3043 2148 3119">
    <p class='ocr_par' dir='ltr' id='par_1_33' title="bbox 559 3043 2148 3119">
     <span class='ocr_line' id='line_1_33' title="bbox 559 3043 2148 3119; baseline 0.004 -23"><span class='ocrx_word' id='word_1_213' title='bbox 559 3043 673 3114; x_wconf 90' lang='lat' dir='ltr'><strong>poli</strong></span> <span class='ocrx_word' id='word_1_214' title='bbox 727 3053 1124 3119; x_wconf 83' lang='lat' dir='ltr'><strong>pernoctasset,</strong></span> <span class='ocrx_word' id='word_1_215' title='bbox 1162 3054 1217 3100; x_wconf 91' lang='lat' dir='ltr'><strong>et</strong></span> <span class='ocrx_word' id='word_1_216' title='bbox 1273 3045 1547 3100; x_wconf 89' lang='lat' dir='ltr'><strong>tumultus</strong></span> <span class='ocrx_word' id='word_1_217' title='bbox 1604 3062 1671 3101; x_wconf 85' lang='lat' dir='ltr'><strong>ac</strong></span> <span class='ocrx_word' id='word_1_218' title='bbox 1710 3047 1920 3100; x_wconf 83' lang='lat' dir='ltr'><strong>clamor</strong></span> <span class='ocrx_word' id='word_1_219' title='bbox 1970 3048 2148 3117; x_wconf 92' lang='lat' dir='ltr'><strong>ipsum</strong></span> 
     </span>
    </p>
   </div>
   <div class='ocr_carea' id='block_1_34' title="bbox 559 3136 2150 3208">
    <p class='ocr_par' dir='ltr' id='par_1_34' title="bbox 559 3136 2150 3208">
     <span class='ocr_line' id='line_1_34' title="bbox 559 3136 2150 3208; baseline 0.002 -16"><span class='ocrx_word' id='word_1_220' title='bbox 559 3136 714 3192; x_wconf 78' lang='lat' dir='ltr'><strong>omni</strong></span> <span class='ocrx_word' id='word_1_221' title='bbox 768 3152 833 3192; x_wconf 80' lang='lat' dir='ltr'><strong>ex</strong></span> <span class='ocrx_word' id='word_1_222' title='bbox 886 3146 1040 3208; x_wconf 88' lang='lat' dir='ltr'><strong>parte</strong></span> <span class='ocrx_word' id='word_1_223' title='bbox 1069 3138 1593 3205; x_wconf 89' lang='lat' dir='ltr'><strong>circumsonuisset;</strong></span> <span class='ocrx_word' id='word_1_224' title='bbox 1625 3138 1866 3208; x_wconf 85' lang='lat' dir='ltr'><strong>quandiu</strong></span> <span class='ocrx_word' id='word_1_225' title='bbox 1912 3140 2150 3196; x_wconf 65' lang='lat' dir='ltr'><strong>tenebrae</strong></span> 
     </span>
    </p>
   </div>
   <div class='ocr_carea' id='block_1_35' title="bbox 555 3230 2150 3301">
    <p class='ocr_par' dir='ltr' id='par_1_35' title="bbox 555 3230 2150 3301">
     <span class='ocr_line' id='line_1_35' title="bbox 555 3230 2150 3301; baseline 0.003 -17"><span class='ocrx_word' id='word_1_226' title='bbox 555 3236 741 3292; x_wconf 85' lang='lat' dir='ltr'><strong>erant,</strong></span> <span class='ocrx_word' id='word_1_227' title='bbox 773 3238 826 3284; x_wconf 92' lang='lat' dir='ltr'><strong>et</strong></span> <span class='ocrx_word' id='word_1_228' title='bbox 863 3231 994 3300; x_wconf 83' lang='lat' dir='ltr'><strong>quid</strong></span> <span class='ocrx_word' id='word_1_229' title='bbox 1026 3239 1279 3300; x_wconf 83' lang='lat' dir='ltr'><strong>ageretur</strong></span> <span class='ocrx_word' id='word_1_230' title='bbox 1310 3230 1554 3286; x_wconf 89' lang='lat' dir='ltr'><strong>incertus</strong></span> <span class='ocrx_word' id='word_1_231' title='bbox 1600 3239 1763 3295; x_wconf 87' lang='lat' dir='ltr'><strong>esset,</strong></span> <span class='ocrx_word' id='word_1_232' title='bbox 1818 3233 2036 3301; x_wconf 89' lang='lat' dir='ltr'><strong>quietus</strong></span> <span class='ocrx_word' id='word_1_233' title='bbox 2069 3243 2150 3288; x_wconf 88' lang='lat' dir='ltr'><strong>ta-</strong></span> 
     </span>
    </p>
   </div>
   <div class='ocr_carea' id='block_1_36' title="bbox 556 3319 2150 3389">
    <p class='ocr_par' dir='ltr' id='par_1_36' title="bbox 556 3319 2150 3389">
     <span class='ocr_line' id='line_1_36' title="bbox 556 3319 2150 3389; baseline 0.003 -14"><span class='ocrx_word' id='word_1_234' title='bbox 556 3319 813 3389; x_wconf 89' lang='lat' dir='ltr'><strong>citusque</strong></span> <span class='ocrx_word' id='word_1_235' title='bbox 842 3321 914 3375; x_wconf 91' lang='lat' dir='ltr'><strong>ibi</strong></span> <span class='ocrx_word' id='word_1_236' title='bbox 947 3323 1276 3387; x_wconf 86' lang='lat' dir='ltr'><strong>subsistens,</strong></span> <span class='ocrx_word' id='word_1_237' title='bbox 1322 3323 1470 3378; x_wconf 83' lang='lat' dir='ltr'><strong>intus</strong></span> <span class='ocrx_word' id='word_1_238' title='bbox 1509 3337 1569 3377; x_wconf 91' lang='lat' dir='ltr'><strong>se</strong></span> <span class='ocrx_word' id='word_1_239' title='bbox 1613 3323 1946 3378; x_wconf 81' lang='lat' dir='ltr'><strong>continebat.</strong></span> <span class='ocrx_word' id='word_1_240' title='bbox 1973 3324 2150 3379; x_wconf 89' lang='lat' dir='ltr'><strong>Simul</strong></span> 
     </span>
    </p>
   </div>
   <div class='ocr_carea' id='block_1_37' title="bbox 558 3413 2150 3486">
    <p class='ocr_par' dir='ltr' id='par_1_37' title="bbox 558 3413 2150 3486">
     <span class='ocr_line' id='line_1_37' title="bbox 558 3413 2150 3486; baseline 0.004 -22"><span class='ocrx_word' id='word_1_241' title='bbox 558 3419 724 3479; x_wconf 88' lang='lat' dir='ltr'><strong>atque</strong></span> <span class='ocrx_word' id='word_1_242' title='bbox 753 3427 880 3466; x_wconf 86' lang='lat' dir='ltr'><strong>vero</strong></span> <span class='ocrx_word' id='word_1_243' title='bbox 911 3413 994 3467; x_wconf 89' lang='lat' dir='ltr'><strong>sol</strong></span> <span class='ocrx_word' id='word_1_244' title='bbox 1046 3413 1317 3467; x_wconf 87' lang='lat' dir='ltr'><strong>montium</strong></span> <span class='ocrx_word' id='word_1_245' title='bbox 1367 3413 1518 3484; x_wconf 79' lang='lat' dir='ltr'><strong>jugis</strong></span> <span class='ocrx_word' id='word_1_246' title='bbox 1575 3413 1804 3479; x_wconf 82' lang='lat' dir='ltr'><strong>all&#39;ulsit,</strong></span> <span class='ocrx_word' id='word_1_247' title='bbox 1841 3429 1970 3471; x_wconf 85' lang='lat' dir='ltr'><strong>vere</strong></span> <span class='ocrx_word' id='word_1_248' title='bbox 2015 3416 2150 3486; x_wconf 84' lang='lat' dir='ltr'><strong>quid</strong></span> 
     </span>
    </p>
   </div>
   <div class='ocr_carea' id='block_1_38' title="bbox 561 3504 2148 3574">
    <p class='ocr_par' dir='ltr' id='par_1_38' title="bbox 561 3504 2148 3574">
     <span class='ocr_line' id='line_1_38' title="bbox 561 3504 2148 3574; baseline 0.004 -18"><span class='ocrx_word' id='word_1_249' title='bbox 561 3511 815 3571; x_wconf 76' lang='lat' dir='ltr'><strong>ageretur</strong></span> <span class='ocrx_word' id='word_1_250' title='bbox 853 3504 1153 3574; x_wconf 74' lang='lat' dir='ltr'><strong>prospexit,</strong></span> <span class='ocrx_word' id='word_1_251' title='bbox 1207 3504 1518 3560; x_wconf 87' lang='lat' dir='ltr'><strong>Dilimnitas</strong></span> <span class='ocrx_word' id='word_1_252' title='bbox 1571 3505 1832 3560; x_wconf 89' lang='lat' dir='ltr'><strong>nimirum</strong></span> <span class='ocrx_word' id='word_1_253' title='bbox 1867 3521 1900 3560; x_wconf 90' lang='lat' dir='ltr'><strong>a</strong></span> <span class='ocrx_word' id='word_1_254' title='bbox 1937 3505 2148 3564; x_wconf 89' lang='lat' dir='ltr'><strong>Sabiris</strong></span> 
     </span>
    </p>
   </div>
   <div class='ocr_carea' id='block_1_39' title="bbox 558 3592 2144 3668">
    <p class='ocr_par' dir='ltr' id='par_1_39' title="bbox 558 3592 2144 3668">
     <span class='ocr_line' id='line_1_39' title="bbox 558 3592 2144 3668; baseline 0.006 -21"><span class='ocrx_word' id='word_1_255' title='bbox 558 3592 763 3665; x_wconf 78' lang='lat' dir='ltr'><strong>fugari.</strong></span> <span class='ocrx_word' id='word_1_256' title='bbox 797 3593 937 3649; x_wconf 90' lang='lat' dir='ltr'><strong>Tum</strong></span> <span class='ocrx_word' id='word_1_257' title='bbox 991 3597 1176 3666; x_wconf 83' lang='lat' dir='ltr'><strong>itaque</strong></span> <span class='ocrx_word' id='word_1_258' title='bbox 1227 3597 1388 3652; x_wconf 90' lang='lat' dir='ltr'><strong>etiam</strong></span> <span class='ocrx_word' id='word_1_259' title='bbox 1421 3599 1537 3668; x_wconf 85' lang='lat' dir='ltr'><strong>ipse</strong></span> <span class='ocrx_word' id='word_1_260' title='bbox 1587 3599 1722 3654; x_wconf 87' lang='lat' dir='ltr'><strong>urbe</strong></span> <span class='ocrx_word' id='word_1_261' title='bbox 1777 3599 1985 3654; x_wconf 73' lang='lat' dir='ltr'><strong>eﬂ‘usus</strong></span> <span class='ocrx_word' id='word_1_262' title='bbox 2016 3617 2144 3656; x_wconf 90' lang='lat' dir='ltr'><strong>cum</strong></span> 
     </span>
    </p>
   </div>
   <div class='ocr_carea' id='block_1_40' title="bbox 557 3687 2142 3762">
    <p class='ocr_par' dir='ltr' id='par_1_40' title="bbox 557 3687 2142 3762">
     <span class='ocr_line' id='line_1_40' title="bbox 557 3687 2142 3762; baseline 0.006 -22"><span class='ocrx_word' id='word_1_263' title='bbox 557 3687 798 3756; x_wconf 75' lang='lat' dir='ltr'><strong>agmine,</strong></span> <span class='ocrx_word' id='word_1_264' title='bbox 836 3687 976 3758; x_wconf 78' lang='lat' dir='ltr'><strong>quod</strong></span> <span class='ocrx_word' id='word_1_265' title='bbox 1005 3688 1074 3742; x_wconf 87' lang='lat' dir='ltr'><strong>ad</strong></span> <span class='ocrx_word' id='word_1_266' title='bbox 1111 3704 1335 3744; x_wconf 90' lang='lat' dir='ltr'><strong>manum</strong></span> <span class='ocrx_word' id='word_1_267' title='bbox 1365 3698 1503 3750; x_wconf 86' lang='lat' dir='ltr'><strong>erat.</strong></span> <span class='ocrx_word' id='word_1_268' title='bbox 1540 3691 1696 3760; x_wconf 77' lang='lat'><strong>181</strong></span> <span class='ocrx_word' id='word_1_269' title='bbox 1741 3707 1852 3746; x_wconf 91' lang='lat' dir='ltr'><strong>non</strong></span> <span class='ocrx_word' id='word_1_270' title='bbox 1885 3693 2142 3762; x_wconf 79' lang='lat' dir='ltr'><strong>exiguam</strong></span> 
     </span>
    </p>
   </div>
   <div class='ocr_carea' id='block_1_41' title="bbox 557 3777 2142 3851">
    <p class='ocr_par' dir='ltr' id='par_1_41' title="bbox 557 3777 2142 3851">
     <span class='ocr_line' id='line_1_41' title="bbox 557 3777 2142 3851; baseline 0.005 -17"><span class='ocrx_word' id='word_1_271' title='bbox 557 3777 617 3834; x_wconf 87' lang='lat' dir='ltr'><strong>in</strong></span> <span class='ocrx_word' id='word_1_272' title='bbox 652 3779 721 3834; x_wconf 79' lang='lat' dir='ltr'><strong>iis</strong></span> <span class='ocrx_word' id='word_1_273' title='bbox 769 3789 1004 3851; x_wconf 80' lang='lat' dir='ltr'><strong>stragem</strong></span> <span class='ocrx_word' id='word_1_274' title='bbox 1066 3782 1257 3847; x_wconf 89' lang='lat' dir='ltr'><strong>edidit,</strong></span> <span class='ocrx_word' id='word_1_275' title='bbox 1299 3783 1437 3838; x_wconf 88' lang='lat' dir='ltr'><strong>adeo</strong></span> <span class='ocrx_word' id='word_1_276' title='bbox 1489 3795 1548 3839; x_wconf 94' lang='lat' dir='ltr'><strong>ut</strong></span> <span class='ocrx_word' id='word_1_277' title='bbox 1597 3785 1684 3838; x_wconf 75' lang='lat' dir='ltr'><strong>vix</strong></span> <span class='ocrx_word' id='word_1_278' title='bbox 1729 3785 1784 3840; x_wconf 93' lang='lat' dir='ltr'><strong>in</strong></span> <span class='ocrx_word' id='word_1_279' title='bbox 1822 3788 2142 3842; x_wconf 85' lang='lat' dir='ltr'><strong>universum</strong></span> 
     </span>
    </p>
   </div>
   <div class='ocr_carea' id='block_1_42' title="bbox 559 3869 1590 3942">
    <p class='ocr_par' dir='ltr' id='par_1_42' title="bbox 559 3869 1590 3942">
     <span class='ocr_line' id='line_1_42' title="bbox 559 3869 1590 3942; baseline 0.006 -19"><span class='ocrx_word' id='word_1_280' title='bbox 559 3869 707 3924; x_wconf 90' lang='lat' dir='ltr'><strong>mille</strong></span> <span class='ocrx_word' id='word_1_281' title='bbox 734 3873 799 3924; x_wconf 82' lang='lat' dir='ltr'><strong>ad</strong></span> <span class='ocrx_word' id='word_1_282' title='bbox 836 3870 1188 3942; x_wconf 80' lang='lat' dir='ltr'><strong>Nacltoragan</strong></span> <span class='ocrx_word' id='word_1_283' title='bbox 1224 3873 1334 3929; x_wconf 92' lang='lat' dir='ltr'><strong>sint</strong></span> <span class='ocrx_word' id='word_1_284' title='bbox 1363 3876 1590 3930; x_wconf 78' lang='lat' dir='ltr'><strong>reversi.</strong></span> 
     </span>
    </p>
   </div>
   <div class='ocr_carea' id='block_1_43' title="bbox 2248 571 3765 644">
    <p class='ocr_par' dir='ltr' id='par_1_43' title="bbox 2248 571 3765 644">
     <span class='ocr_line' id='line_1_43' title="bbox 2248 571 3765 644; baseline 0.002 -17"><span class='ocrx_word' id='word_1_285' title='bbox 2248 574 2332 627; x_wconf 73' lang='grc' dir='ltr'>ἔτι</span> <span class='ocrx_word' id='word_1_286' title='bbox 2386 575 2494 627; x_wconf 82' lang='grc' dir='ltr'>ὑπὸ</span> <span class='ocrx_word' id='word_1_287' title='bbox 2518 574 2580 626; x_wconf 80' lang='grc' dir='ltr'>τὸ</span> <span class='ocrx_word' id='word_1_288' title='bbox 2630 574 2835 641; x_wconf 79' lang='grc' dir='ltr'><strong>κνέφας</strong></span> <span class='ocrx_word' id='word_1_289' title='bbox 2872 575 2929 635; x_wconf 89' lang='grc' dir='ltr'><strong>ἐς</strong></span> <span class='ocrx_word' id='word_1_290' title='bbox 2969 573 3031 625; x_wconf 88' lang='grc' dir='ltr'>τὸ</span> <span class='ocrx_word' id='word_1_291' title='bbox 3057 571 3166 626; x_wconf 86' lang='grc' dir='ltr'><strong>τῶν</strong></span> <span class='ocrx_word' id='word_1_292' title='bbox 3194 573 3405 626; x_wconf 81' lang='grc' dir='ltr'>Οῠννων</span> <span class='ocrx_word' id='word_1_293' title='bbox 3455 579 3765 644; x_wconf 75' lang='grc' dir='ltr'>στρατόπεδον</span> 
     </span>
    </p>
   </div>
   <div class='ocr_carea' id='block_1_44' title="bbox 2249 662 3766 736">
    <p class='ocr_par' dir='ltr' id='par_1_44' title="bbox 2249 662 3766 736">
     <span class='ocr_line' id='line_1_44' title="bbox 2249 662 3766 736; baseline 0.005 -18"><span class='ocrx_word' id='word_1_294' title='bbox 2249 665 2564 734; x_wconf 77' lang='grc' dir='ltr'><strong>ἀφιγμένοι,</strong></span> <span class='ocrx_word' id='word_1_295' title='bbox 2623 664 2944 718; x_wconf 76' lang='grc' dir='ltr'>ἐσϐάλλουσι</span> <span class='ocrx_word' id='word_1_296' title='bbox 2979 662 3070 736; x_wconf 87' lang='grc' dir='ltr'><strong>[Ρ.</strong></span> <span class='ocrx_word' id='word_1_297' title='bbox 3116 662 3208 736; x_wconf 73' lang='grc'><strong>94]</strong></span> <span class='ocrx_word' id='word_1_298' title='bbox 3263 664 3540 736; x_wconf 77' lang='grc' dir='ltr'>θαρραλέοι</span> <span class='ocrx_word' id='word_1_299' title='bbox 3566 670 3646 723; x_wconf 71' lang='grc' dir='ltr'><strong>ἐπὶ</strong></span> <span class='ocrx_word' id='word_1_300' title='bbox 3681 689 3766 726; x_wconf 85' lang='grc' dir='ltr'>κα-</span> 
     </span>
    </p>
   </div>
   <div class='ocr_carea' id='block_1_45' title="bbox 2248 755 3769 828">
    <p class='ocr_par' dir='ltr' id='par_1_45' title="bbox 2248 755 3769 828">
     <span class='ocr_line' id='line_1_45' title="bbox 2248 755 3769 828; baseline 0.005 -16"><span class='ocrx_word' id='word_1_301' title='bbox 2248 757 2331 828; x_wconf 82' lang='grc' dir='ltr'>κῷ</span> <span class='ocrx_word' id='word_1_302' title='bbox 2384 757 2463 828; x_wconf 82' lang='grc' dir='ltr'>τῷ</span> <span class='ocrx_word' id='word_1_303' title='bbox 2551 757 2820 828; x_wconf 81' lang='grc' dir='ltr'>σφετέρῳ,</span> <span class='ocrx_word' id='word_1_304' title='bbox 2872 757 2968 810; x_wconf 77' lang='grc' dir='ltr'>καὶ</span> <span class='ocrx_word' id='word_1_305' title='bbox 3022 757 3155 810; x_wconf 73' lang='grc' dir='ltr'>εἵσω</span> <span class='ocrx_word' id='word_1_306' title='bbox 3218 755 3450 821; x_wconf 78' lang='grc' dir='ltr'>ἅπαντες</span> <span class='ocrx_word' id='word_1_307' title='bbox 3510 760 3769 828; x_wconf 77' lang='grc' dir='ltr'>γίγνονται.</span> 
     </span>
    </p>
   </div>
   <div class='ocr_carea' id='block_1_46' title="bbox 2249 845 3772 920">
    <p class='ocr_par' dir='ltr' id='par_1_46' title="bbox 2249 845 3772 920">
     <span class='ocr_line' id='line_1_46' title="bbox 2249 845 3772 920; baseline 0.002 -16"><span class='ocrx_word' id='word_1_308' title='bbox 2249 851 2503 918; x_wconf 81' lang='grc' dir='ltr'>Πάταγος</span> <span class='ocrx_word' id='word_1_309' title='bbox 2531 849 2588 902; x_wconf 89' lang='grc' dir='ltr'><strong>δέ</strong></span> <span class='ocrx_word' id='word_1_310' title='bbox 2613 850 2714 904; x_wconf 77' lang='grc' dir='ltr'><strong>οὐκ</strong></span> <span class='ocrx_word' id='word_1_311' title='bbox 2758 845 2849 920; x_wconf 86' lang='grc' dir='ltr'>ἦν,</span> <span class='ocrx_word' id='word_1_312' title='bbox 2883 849 3005 902; x_wconf 84' lang='grc' dir='ltr'><strong>οὐδέ</strong></span> <span class='ocrx_word' id='word_1_313' title='bbox 3034 848 3155 920; x_wconf 82' lang='grc' dir='ltr'>βοὴ,</span> <span class='ocrx_word' id='word_1_314' title='bbox 3211 849 3287 911; x_wconf 87' lang='grc' dir='ltr'>ὼς</span> <span class='ocrx_word' id='word_1_315' title='bbox 3324 849 3388 902; x_wconf 86' lang='grc' dir='ltr'>ἂν</span> <span class='ocrx_word' id='word_1_316' title='bbox 3423 850 3464 881; x_wconf 81' lang='lat'><strong>“</strong></span> <span class='ocrx_word' id='word_1_317' title='bbox 3504 852 3571 920; x_wconf 80' lang='grc' dir='ltr'>μὴ</span> <span class='ocrx_word' id='word_1_318' title='bbox 3608 854 3772 910; x_wconf 85' lang='grc' dir='ltr'>ἐκεῖνοι</span> 
     </span>
    </p>
   </div>
   <div class='ocr_carea' id='block_1_47' title="bbox 2249 941 3775 1016">
    <p class='ocr_par' dir='ltr' id='par_1_47' title="bbox 2249 941 3775 1016">
     <span class='ocr_line' id='line_1_47' title="bbox 2249 941 3775 1016; baseline 0.001 -18"><span class='ocrx_word' id='word_1_319' title='bbox 2249 943 2618 1009; x_wconf 81' lang='grc' dir='ltr'>ξυναίσθοιντο</span> <span class='ocrx_word' id='word_1_320' title='bbox 2655 942 2816 1013; x_wconf 85' lang='grc' dir='ltr'>δῆθεν</span> <span class='ocrx_word' id='word_1_321' title='bbox 2851 943 2945 995; x_wconf 76' lang='grc' dir='ltr'>καὶ</span> <span class='ocrx_word' id='word_1_322' title='bbox 2971 941 3378 1010; x_wconf 80' lang='grc' dir='ltr'>ἀφυπνισθείεν,</span> <span class='ocrx_word' id='word_1_323' title='bbox 3410 942 3518 995; x_wconf 81' lang='grc' dir='ltr'>ἀλλ’</span> <span class='ocrx_word' id='word_1_324' title='bbox 3555 945 3775 1016; x_wconf 72' lang='grc' dir='ltr'>ἠρεμαῖοι</span> 
     </span>
    </p>
   </div>
   <div class='ocr_carea' id='block_1_48' title="bbox 2246 1031 3774 1106">
    <p class='ocr_par' dir='ltr' id='par_1_48' title="bbox 2246 1031 3774 1106">
     <span class='ocr_line' id='line_1_48' title="bbox 2246 1031 3774 1106; baseline -0.001 -18"><span class='ocrx_word' id='word_1_325' title='bbox 2246 1035 2316 1088; x_wconf 82' lang='grc' dir='ltr'>τὰ</span> <span class='ocrx_word' id='word_1_326' title='bbox 2347 1035 2551 1106; x_wconf 88' lang='grc' dir='ltr'>δόρατα</span> <span class='ocrx_word' id='word_1_327' title='bbox 2582 1034 2641 1097; x_wconf 77' lang='grc' dir='ltr'><strong>ἐς</strong></span> <span class='ocrx_word' id='word_1_328' title='bbox 2668 1051 2729 1086; x_wconf 89' lang='grc' dir='ltr'><strong>τε</strong></span> <span class='ocrx_word' id='word_1_329' title='bbox 2767 1035 2865 1096; x_wconf 84' lang='grc' dir='ltr'>τὰς</span> <span class='ocrx_word' id='word_1_330' title='bbox 2896 1033 3058 1095; x_wconf 80' lang='grc' dir='ltr'>εὐνὰς</span> <span class='ocrx_word' id='word_1_331' title='bbox 3088 1032 3182 1086; x_wconf 75' lang='grc' dir='ltr'>καὶ</span> <span class='ocrx_word' id='word_1_332' title='bbox 3209 1031 3308 1096; x_wconf 86' lang='grc' dir='ltr'>τὰς</span> <span class='ocrx_word' id='word_1_333' title='bbox 3355 1032 3587 1094; x_wconf 79' lang='grc' dir='ltr'>καλύϐας</span> <span class='ocrx_word' id='word_1_334' title='bbox 3636 1037 3774 1104; x_wconf 68' lang='grc' dir='ltr'>ἠκόν-</span> 
     </span>
    </p>
   </div>
   <div class='ocr_carea' id='block_1_49' title="bbox 2245 1123 3778 1195">
    <p class='ocr_par' dir='ltr' id='par_1_49' title="bbox 2245 1123 3778 1195">
     <span class='ocr_line' id='line_1_49' title="bbox 2245 1123 3778 1195; baseline 0.001 -17"><span class='ocrx_word' id='word_1_335' title='bbox 2245 1125 2418 1190; x_wconf 80' lang='grc' dir='ltr'>τιζον,</span> <span class='ocrx_word' id='word_1_336' title='bbox 2477 1125 2553 1188; x_wconf 79' lang='grc' dir='ltr'>ὡς</span> <span class='ocrx_word' id='word_1_337' title='bbox 2579 1124 2709 1188; x_wconf 76' lang='grc' dir='ltr'>τοὺς</span> <span class='ocrx_word' id='word_1_338' title='bbox 2735 1123 3102 1186; x_wconf 80' lang='grc' dir='ltr'><strong>καθεύδοντας</strong></span> <span class='ocrx_word' id='word_1_339' title='bbox 3154 1123 3515 1193; x_wconf 81' lang='grc' dir='ltr'><strong>ἀναιροῦντες.</strong></span> <span class='ocrx_word' id='word_1_340' title='bbox 3553 1126 3681 1195; x_wconf 85' lang='grc' dir='ltr'><strong>Ἤδη</strong></span> <span class='ocrx_word' id='word_1_341' title='bbox 3729 1145 3778 1180; x_wconf 84' lang='grc' dir='ltr'><strong>τε</strong></span> 
     </span>
    </p>
   </div>
   <div class='ocr_carea' id='block_1_50' title="bbox 2246 1215 3780 1288">
    <p class='ocr_par' dir='ltr' id='par_1_50' title="bbox 2246 1215 3780 1288">
     <span class='ocr_line' id='line_1_50' title="bbox 2246 1215 3780 1288; baseline 0.001 -16"><span class='ocrx_word' id='word_1_342' title='bbox 2246 1217 2417 1288; x_wconf 78' lang='grc' dir='ltr'>ᾤοντο</span> <span class='ocrx_word' id='word_1_343' title='bbox 2471 1218 2618 1272; x_wconf 81' lang='grc' dir='ltr'>διπαν</span> <span class='ocrx_word' id='word_1_344' title='bbox 2647 1218 2833 1280; x_wconf 73' lang='grc' dir='ltr'>αὐτοῖς</span> <span class='ocrx_word' id='word_1_345' title='bbox 2861 1215 3092 1287; x_wconf 76' lang='grc' dir='ltr'>ἠνύσθαι</span> <span class='ocrx_word' id='word_1_346' title='bbox 3124 1215 3187 1268; x_wconf 88' lang='grc' dir='ltr'><strong>τὸ</strong></span> <span class='ocrx_word' id='word_1_347' title='bbox 3235 1215 3396 1286; x_wconf 77' lang='grc' dir='ltr'>ἔργον</span> <span class='ocrx_word' id='word_1_348' title='bbox 3425 1216 3490 1277; x_wconf 75' lang='grc'><strong>⁵⁵,</strong></span> <span class='ocrx_word' id='word_1_349' title='bbox 3540 1216 3666 1269; x_wconf 79' lang='grc' dir='ltr'>ἀλλὰ</span> <span class='ocrx_word' id='word_1_350' title='bbox 3682 1219 3780 1273; x_wconf 81' lang='grc' dir='ltr'>τότε</span> 
     </span>
    </p>
   </div>
   <div class='ocr_carea' id='block_1_51' title="bbox 2247 1305 3780 1379">
    <p class='ocr_par' dir='ltr' id='par_1_51' title="bbox 2247 1305 3780 1379">
     <span class='ocr_line' id='line_1_51' title="bbox 2247 1305 3780 1379; baseline 0 -17"><span class='ocrx_word' id='word_1_351' title='bbox 2247 1310 2298 1362; x_wconf 84' lang='lat' dir='ltr'><strong>oi</strong></span> <span class='ocrx_word' id='word_1_352' title='bbox 2333 1308 2586 1379; x_wconf 79' lang='grc' dir='ltr'>Σάὸειροι</span> <span class='ocrx_word' id='word_1_353' title='bbox 2617 1310 2681 1361; x_wconf 85' lang='grc' dir='ltr'><strong>ἐκ</strong></span> <span class='ocrx_word' id='word_1_354' title='bbox 2718 1310 2818 1377; x_wconf 85' lang='grc' dir='ltr'><strong>τῆς</strong></span> <span class='ocrx_word' id='word_1_355' title='bbox 2847 1307 3071 1376; x_wconf 75' lang='grc' dir='ltr'><strong>ἐνέδρας</strong></span> <span class='ocrx_word' id='word_1_356' title='bbox 3108 1305 3445 1376; x_wconf 78' lang='grc' dir='ltr'>ἑκατέρωθεν</span> <span class='ocrx_word' id='word_1_357' title='bbox 3468 1308 3780 1376; x_wconf 67' lang='grc' dir='ltr'><strong>ὁρμηθέντες,</strong></span> 
     </span>
    </p>
   </div>
   <div class='ocr_carea' id='block_1_52' title="bbox 2248 1400 3784 1470">
    <p class='ocr_par' dir='ltr' id='par_1_52' title="bbox 2248 1400 3784 1470">
     <span class='ocr_line' id='line_1_52' title="bbox 2248 1400 3784 1470; baseline 0.001 -16"><span class='ocrx_word' id='word_1_358' title='bbox 2248 1401 2604 1455; x_wconf 79' lang='grc' dir='ltr'><strong>ἐσπίπτουσιν</strong></span> <span class='ocrx_word' id='word_1_359' title='bbox 2631 1403 2819 1463; x_wconf 79' lang='grc' dir='ltr'>αὐτοῖς</span> <span class='ocrx_word' id='word_1_360' title='bbox 2846 1401 3175 1464; x_wconf 80' lang='grc' dir='ltr'><strong>ἐξαπιναίως</strong></span> <span class='ocrx_word' id='word_1_361' title='bbox 3213 1400 3307 1452; x_wconf 72' lang='grc' dir='ltr'>καὶ</span> <span class='ocrx_word' id='word_1_362' title='bbox 3347 1401 3696 1470; x_wconf 74' lang='grc' dir='ltr'><strong>ἐπιφέρονται.</strong></span> <span class='ocrx_word' id='word_1_363' title='bbox 3733 1405 3784 1456; x_wconf 78' lang='lat' dir='ltr'><strong>Ol</strong></span> 
     </span>
    </p>
   </div>
   <div class='ocr_carea' id='block_1_53' title="bbox 2247 1491 3784 1565">
    <p class='ocr_par' dir='ltr' id='par_1_53' title="bbox 2247 1491 3784 1565">
     <span class='ocr_line' id='line_1_53' title="bbox 2247 1491 3784 1565; baseline 0 -20"><span class='ocrx_word' id='word_1_364' title='bbox 2247 1493 2305 1546; x_wconf 76' lang='grc' dir='ltr'>δὲ</span> <span class='ocrx_word' id='word_1_365' title='bbox 2339 1492 2535 1564; x_wconf 83' lang='grc' dir='ltr'>ἁθρόον</span> <span class='ocrx_word' id='word_1_366' title='bbox 2563 1493 2642 1562; x_wconf 82' lang='grc' dir='ltr'>τῷ</span> <span class='ocrx_word' id='word_1_367' title='bbox 2680 1493 3079 1565; x_wconf 82' lang='grc' dir='ltr'><strong>ἀπροσδοκήτῳ</strong></span> <span class='ocrx_word' id='word_1_368' title='bbox 3115 1491 3568 1558; x_wconf 75' lang='grc' dir='ltr'>καταπλαγέντες,</span> <span class='ocrx_word' id='word_1_369' title='bbox 3608 1495 3691 1544; x_wconf 81' lang='grc' dir='ltr'>καὶ</span> <span class='ocrx_word' id='word_1_370' title='bbox 3739 1496 3784 1557; x_wconf 81' lang='grc' dir='ltr'><strong>ἐς</strong></span> 
     </span>
    </p>
   </div>
   <div class='ocr_carea' id='block_1_54' title="bbox 2247 1583 3785 1660">
    <p class='ocr_par' dir='ltr' id='par_1_54' title="bbox 2247 1583 3785 1660">
     <span class='ocr_line' id='line_1_54' title="bbox 2247 1583 3785 1660; baseline 0 -24"><span class='ocrx_word' id='word_1_371' title='bbox 2247 1585 2508 1639; x_wconf 83' lang='grc' dir='ltr'>τάναντία</span> <span class='ocrx_word' id='word_1_372' title='bbox 2554 1586 2664 1639; x_wconf 83' lang='grc' dir='ltr'><strong>τῶν</strong></span> <span class='ocrx_word' id='word_1_373' title='bbox 2721 1583 3496 1660; x_wconf 51' lang='grc' dir='ltr'>ἐλπισθέντωηπεριηγμένοι,</span> <span class='ocrx_word' id='word_1_374' title='bbox 3534 1584 3785 1652; x_wconf 73' lang='grc' dir='ltr'>διηπόρουν</span> 
     </span>
    </p>
   </div>
   <div class='ocr_carea' id='block_1_55' title="bbox 2249 1675 3788 1748">
    <p class='ocr_par' dir='ltr' id='par_1_55' title="bbox 2249 1675 3788 1748">
     <span class='ocr_line' id='line_1_55' title="bbox 2249 1675 3788 1748; baseline -0.001 -19"><span class='ocrx_word' id='word_1_375' title='bbox 2249 1677 2345 1730; x_wconf 70' lang='grc' dir='ltr'>καὶ</span> <span class='ocrx_word' id='word_1_376' title='bbox 2393 1677 2756 1747; x_wconf 80' lang='grc' dir='ltr'>ἐταράττοντο</span> <span class='ocrx_word' id='word_1_377' title='bbox 2783 1692 2796 1706; x_wconf 83' lang='lat'><strong>&#39;</strong></span> <span class='ocrx_word' id='word_1_378' title='bbox 2826 1675 2951 1729; x_wconf 81' lang='grc' dir='ltr'>οὔτε</span> <span class='ocrx_word' id='word_1_379' title='bbox 2977 1676 3083 1748; x_wconf 83' lang='grc' dir='ltr'>γὰρ</span> <span class='ocrx_word' id='word_1_380' title='bbox 3111 1675 3334 1745; x_wconf 82' lang='grc' dir='ltr'><strong>φεύγειν</strong></span> <span class='ocrx_word' id='word_1_381' title='bbox 3397 1675 3586 1738; x_wconf 76' lang='grc' dir='ltr'>αὐτοὺς</span> <span class='ocrx_word' id='word_1_382' title='bbox 3645 1678 3788 1746; x_wconf 75' lang='grc' dir='ltr'>ῥᾷστα</span> 
     </span>
    </p>
   </div>
   <div class='ocr_carea' id='block_1_56' title="bbox 2251 1765 3788 1839">
    <p class='ocr_par' dir='ltr' id='par_1_56' title="bbox 2251 1765 3788 1839">
     <span class='ocr_line' id='line_1_56' title="bbox 2251 1765 3788 1839; baseline -0.001 -19"><span class='ocrx_word' id='word_1_383' title='bbox 2251 1768 2379 1839; x_wconf 86' lang='grc' dir='ltr'>ἐνῆν</span> <span class='ocrx_word' id='word_1_384' title='bbox 2405 1770 2464 1820; x_wconf 86' lang='grc' dir='ltr'><strong>ἐν</strong></span> <span class='ocrx_word' id='word_1_385' title='bbox 2511 1769 2783 1839; x_wconf 85' lang='grc' dir='ltr'>ἐλαχίστῳ</span> <span class='ocrx_word' id='word_1_386' title='bbox 2815 1768 3002 1839; x_wconf 86' lang='grc' dir='ltr'>χωρίῳ</span> <span class='ocrx_word' id='word_1_387' title='bbox 3037 1767 3517 1837; x_wconf 83' lang='grc' dir='ltr'>ξυνειλημμένους,</span> <span class='ocrx_word' id='word_1_388' title='bbox 3549 1765 3661 1819; x_wconf 82' lang='grc' dir='ltr'>οὕτε</span> <span class='ocrx_word' id='word_1_389' title='bbox 3703 1770 3788 1836; x_wconf 78' lang='grc' dir='ltr'>μὴν</span> 
     </span>
    </p>
   </div>
   <div class='ocr_carea' id='block_1_57' title="bbox 2179 1838 3789 1930">
    <p class='ocr_par' dir='ltr' id='par_1_57' title="bbox 2179 1838 3789 1930">
     <span class='ocr_line' id='line_1_57' title="bbox 2179 1838 3789 1930; baseline -0.002 -19"><span class='ocrx_word' id='word_1_390' title='bbox 2179 1838 2224 1894; x_wconf 70' lang='grc' dir='ltr'><strong>Β</strong></span> <span class='ocrx_word' id='word_1_391' title='bbox 2253 1861 2312 1922; x_wconf 89' lang='grc' dir='ltr'><strong>ἐς</strong></span> <span class='ocrx_word' id='word_1_392' title='bbox 2338 1838 2421 1911; x_wconf 81' lang='grc' dir='ltr'><strong>τὸ</strong></span> <span class='ocrx_word' id='word_1_393' title='bbox 2457 1860 2685 1930; x_wconf 77' lang='grc' dir='ltr'>ἀκριϐὲς</span> <span class='ocrx_word' id='word_1_394' title='bbox 2718 1838 2848 1922; x_wconf 79' lang='grc' dir='ltr'>τοὺς</span> <span class='ocrx_word' id='word_1_395' title='bbox 2880 1838 3170 1929; x_wconf 80' lang='grc' dir='ltr'>δυσμενεῖς</span> <span class='ocrx_word' id='word_1_396' title='bbox 3202 1857 3600 1926; x_wconf 79' lang='grc' dir='ltr'>διαγινώσκειν,</span> <span class='ocrx_word' id='word_1_397' title='bbox 3627 1851 3706 1908; x_wconf 75' lang='grc' dir='ltr'>οἷα</span> <span class='ocrx_word' id='word_1_398' title='bbox 3742 1859 3789 1907; x_wconf 81' lang='grc' dir='ltr'><strong>ἐν</strong></span> 
     </span>
    </p>
   </div>
   <div class='ocr_carea' id='block_1_58' title="bbox 2253 1948 3790 2023">
    <p class='ocr_par' dir='ltr' id='par_1_58' title="bbox 2253 1948 3790 2023">
     <span class='ocr_line' id='line_1_58' title="bbox 2253 1948 3790 2023; baseline -0.003 -19"><span class='ocrx_word' id='word_1_399' title='bbox 2253 1952 2592 2023; x_wconf 73' lang='grc' dir='ltr'>νυκτομαχίᾳ</span> <span class='ocrx_word' id='word_1_400' title='bbox 2623 1953 2718 2006; x_wconf 74' lang='grc' dir='ltr'><strong>καὶ</strong></span> <span class='ocrx_word' id='word_1_401' title='bbox 2768 1953 2936 2022; x_wconf 78' lang='grc' dir='ltr'>φόϐῳ.</span> <span class='ocrx_word' id='word_1_402' title='bbox 2995 1951 3290 2022; x_wconf 84' lang='grc' dir='ltr'>Τοιγάρτοι</span> <span class='ocrx_word' id='word_1_403' title='bbox 3340 1949 3504 2020; x_wconf 80' lang='grc' dir='ltr'>χύδην</span> <span class='ocrx_word' id='word_1_404' title='bbox 3559 1948 3656 2001; x_wconf 82' lang='grc' dir='ltr'>ὑπὸ</span> <span class='ocrx_word' id='word_1_405' title='bbox 3704 1950 3790 2000; x_wconf 79' lang='grc' dir='ltr'><strong>τῶν</strong></span> 
     </span>
    </p>
   </div>
   <div class='ocr_carea' id='block_1_59' title="bbox 2253 2040 3790 2115">
    <p class='ocr_par' dir='ltr' id='par_1_59' title="bbox 2253 2040 3790 2115">
     <span class='ocr_line' id='line_1_59' title="bbox 2253 2040 3790 2115; baseline -0.001 -20"><span class='ocrx_word' id='word_1_406' title='bbox 2253 2043 2532 2115; x_wconf 78' lang='grc' dir='ltr'>Σαϐείρων</span> <span class='ocrx_word' id='word_1_407' title='bbox 2585 2045 2892 2098; x_wconf 82' lang='grc' dir='ltr'>ἐκτείνοντο</span> <span class='ocrx_word' id='word_1_408' title='bbox 2935 2044 3046 2098; x_wconf 81' lang='grc' dir='ltr'>οὐδ’</span> <span class='ocrx_word' id='word_1_409' title='bbox 3079 2045 3202 2097; x_wconf 83' lang='grc' dir='ltr'>ὅσον</span> <span class='ocrx_word' id='word_1_410' title='bbox 3249 2045 3307 2106; x_wconf 87' lang='grc' dir='ltr'><strong>ἐς</strong></span> <span class='ocrx_word' id='word_1_411' title='bbox 3380 2045 3570 2113; x_wconf 82' lang='grc' dir='ltr'>πεῖραν</span> <span class='ocrx_word' id='word_1_412' title='bbox 3648 2040 3790 2094; x_wconf 75' lang='grc' dir='ltr'>ἐλθεῖν</span> 
     </span>
    </p>
   </div>
   <div class='ocr_carea' id='block_1_60' title="bbox 2251 2131 3790 2205">
    <p class='ocr_par' dir='ltr' id='par_1_60' title="bbox 2251 2131 3790 2205">
     <span class='ocr_line' id='line_1_60' title="bbox 2251 2131 3790 2205; baseline -0.004 -17"><span class='ocrx_word' id='word_1_413' title='bbox 2251 2133 2588 2205; x_wconf 81' lang='grc' dir='ltr'>ἀμυνόμενοι</span> <span class='ocrx_word' id='word_1_414' title='bbox 2625 2151 2640 2165; x_wconf 72' lang='grc' dir='ltr'><strong><em>ν</em></strong></span> <span class='ocrx_word' id='word_1_415' title='bbox 2684 2135 2780 2188; x_wconf 63' lang='grc' dir='ltr'><strong>καὶ¹</strong></span> <span class='ocrx_word' id='word_1_416' title='bbox 2817 2135 3127 2188; x_wconf 82' lang='grc' dir='ltr'>ὀκτακόσιοι</span> <span class='ocrx_word' id='word_1_417' title='bbox 3193 2134 3294 2203; x_wconf 82' lang='grc' dir='ltr'><strong>μὲν</strong></span> <span class='ocrx_word' id='word_1_418' title='bbox 3331 2132 3521 2202; x_wconf 86' lang='grc' dir='ltr'>ἄνδρες</span> <span class='ocrx_word' id='word_1_419' title='bbox 3572 2131 3702 2185; x_wconf 71' lang='grc' dir='ltr'>ἔνδον</span> <span class='ocrx_word' id='word_1_420' title='bbox 3747 2133 3790 2183; x_wconf 76' lang='grc' dir='ltr'><strong>ἐν</strong></span> 
     </span>
    </p>
   </div>
   <div class='ocr_carea' id='block_1_61' title="bbox 2251 2225 3790 2304">
    <p class='ocr_par' dir='ltr' id='par_1_61' title="bbox 2251 2225 3790 2304">
     <span class='ocr_line' id='line_1_61' title="bbox 2251 2225 3790 2304; baseline -0.001 -26"><span class='ocrx_word' id='word_1_421' title='bbox 2251 2228 2330 2296; x_wconf 81' lang='grc' dir='ltr'>τῷ</span> <span class='ocrx_word' id='word_1_422' title='bbox 2364 2229 2714 2299; x_wconf 88' lang='grc' dir='ltr'>στρατοπέδῳ</span> <span class='ocrx_word' id='word_1_423' title='bbox 2748 2228 3143 2299; x_wconf 83' lang='grc' dir='ltr'>διεφθάρησαν,</span> <span class='ocrx_word' id='word_1_424' title='bbox 3183 2230 3231 2280; x_wconf 83' lang='grc' dir='ltr'>οἱ</span> <span class='ocrx_word' id='word_1_425' title='bbox 3269 2227 3325 2279; x_wconf 79' lang='grc' dir='ltr'>δὲ</span> <span class='ocrx_word' id='word_1_426' title='bbox 3347 2225 3498 2304; x_wconf 78' lang='grc' dir='ltr'>ἄλλοι</span> <span class='ocrx_word' id='word_1_427' title='bbox 3519 2225 3663 2295; x_wconf 84' lang='grc' dir='ltr'>μόλις</span> <span class='ocrx_word' id='word_1_428' title='bbox 3708 2226 3790 2276; x_wconf 79' lang='grc' dir='ltr'>ὑπο</span> 
     </span>
    </p>
   </div>
   <div class='ocr_carea' id='block_1_62' title="bbox 2253 2317 3791 2391">
    <p class='ocr_par' dir='ltr' id='par_1_62' title="bbox 2253 2317 3791 2391">
     <span class='ocr_line' id='line_1_62' title="bbox 2253 2317 3791 2391; baseline -0.001 -21"><span class='ocrx_word' id='word_1_429' title='bbox 2253 2319 2517 2382; x_wconf 78' lang='grc' dir='ltr'>ἐκϐάντες</span> <span class='ocrx_word' id='word_1_430' title='bbox 2543 2319 2751 2390; x_wconf 82' lang='grc' dir='ltr'>ὴλῶντο</span> <span class='ocrx_word' id='word_1_431' title='bbox 2782 2320 3060 2391; x_wconf 84' lang='grc' dir='ltr'>σποράδην</span> <span class='ocrx_word' id='word_1_432' title='bbox 3084 2360 3099 2384; x_wconf 96' lang='grc'><strong>,</strong></span> <span class='ocrx_word' id='word_1_433' title='bbox 3131 2319 3229 2372; x_wconf 77' lang='grc' dir='ltr'><strong>οὐκ</strong></span> <span class='ocrx_word' id='word_1_434' title='bbox 3250 2321 3600 2388; x_wconf 79' lang='grc' dir='ltr'>ἐπιστάμενοι</span> <span class='ocrx_word' id='word_1_435' title='bbox 3626 2318 3731 2369; x_wconf 81' lang='grc' dir='ltr'>ὅποι</span> <span class='ocrx_word' id='word_1_436' title='bbox 3756 2317 3791 2349; x_wconf 76' lang='grc'>⁸⁸</span> 
     </span>
    </p>
   </div>
   <div class='ocr_carea' id='block_1_63' title="bbox 2252 2405 3792 2484">
    <p class='ocr_par' dir='ltr' id='par_1_63' title="bbox 2252 2405 3792 2484">
     <span class='ocr_line' id='line_1_63' title="bbox 2252 2405 3792 2484; baseline -0.003 -19"><span class='ocrx_word' id='word_1_437' title='bbox 2252 2405 2606 2483; x_wconf 74' lang='grc' dir='ltr'>χωρήσαιενο</span> <span class='ocrx_word' id='word_1_438' title='bbox 2663 2413 2763 2484; x_wconf 70' lang='grc' dir='ltr'>ἤδη</span> <span class='ocrx_word' id='word_1_439' title='bbox 2824 2429 2884 2465; x_wconf 89' lang='grc' dir='ltr'><strong>τε</strong></span> <span class='ocrx_word' id='word_1_440' title='bbox 2932 2413 3122 2484; x_wconf 75' lang='grc' dir='ltr'>πόρρω</span> <span class='ocrx_word' id='word_1_441' title='bbox 3176 2421 3282 2464; x_wconf 85' lang='grc' dir='ltr'><strong>που</strong></span> <span class='ocrx_word' id='word_1_442' title='bbox 3352 2410 3669 2477; x_wconf 81' lang='grc' dir='ltr'>πεφευγέναι</span> <span class='ocrx_word' id='word_1_443' title='bbox 3725 2408 3792 2460; x_wconf 80' lang='grc' dir='ltr'>δο-</span> 
     </span>
    </p>
   </div>
   <div class='ocr_carea' id='block_1_64' title="bbox 2253 2498 3792 2570">
    <p class='ocr_par' dir='ltr' id='par_1_64' title="bbox 2253 2498 3792 2570">
     <span class='ocr_line' id='line_1_64' title="bbox 2253 2498 3792 2570; baseline -0.003 -14"><span class='ocrx_word' id='word_1_444' title='bbox 2253 2503 2494 2568; x_wconf 83' lang='grc' dir='ltr'>κοῦντες,</span> <span class='ocrx_word' id='word_1_445' title='bbox 2525 2499 2682 2567; x_wconf 78' lang='grc' dir='ltr'>αὖθις</span> <span class='ocrx_word' id='word_1_446' title='bbox 2708 2506 2764 2568; x_wconf 86' lang='grc' dir='ltr'><strong>ἐς</strong></span> <span class='ocrx_word' id='word_1_447' title='bbox 2797 2504 2993 2558; x_wconf 80' lang='grc' dir='ltr'>ταύτὸν</span> <span class='ocrx_word' id='word_1_448' title='bbox 3020 2498 3442 2566; x_wconf 79' lang='grc' dir='ltr'>ἀνεκυκλοῦντο,</span> <span class='ocrx_word' id='word_1_449' title='bbox 3479 2502 3571 2555; x_wconf 73' lang='grc' dir='ltr'><strong>καὶ</strong></span> <span class='ocrx_word' id='word_1_450' title='bbox 3600 2501 3792 2570; x_wconf 77' lang='grc' dir='ltr'>περιέπο</span> 
     </span>
    </p>
   </div>
   <div class='ocr_carea' id='block_1_65' title="bbox 2252 2592 3792 2666">
    <p class='ocr_par' dir='ltr' id='par_1_65' title="bbox 2252 2592 3792 2666">
     <span class='ocr_line' id='line_1_65' title="bbox 2252 2592 3792 2666; baseline -0.001 -21"><span class='ocrx_word' id='word_1_451' title='bbox 2252 2609 2406 2646; x_wconf 85' lang='grc' dir='ltr'>ταιον</span> <span class='ocrx_word' id='word_1_452' title='bbox 2453 2596 2566 2658; x_wconf 80' lang='grc' dir='ltr'>τοῖς</span> <span class='ocrx_word' id='word_1_453' title='bbox 2605 2594 2906 2666; x_wconf 89' lang='grc' dir='ltr'>πολεμίοις.</span> <span class='ocrx_word' id='word_1_454' title='bbox 2967 2596 3077 2650; x_wconf 82' lang='grc' dir='ltr'>Καὶ</span> <span class='ocrx_word' id='word_1_455' title='bbox 3102 2595 3277 2648; x_wconf 78' lang='grc' dir='ltr'>ταῦτα</span> <span class='ocrx_word' id='word_1_456' title='bbox 3347 2596 3444 2666; x_wconf 79' lang='grc' dir='ltr'><strong>μὲν</strong></span> <span class='ocrx_word' id='word_1_457' title='bbox 3491 2594 3586 2664; x_wconf 84' lang='grc' dir='ltr'>τῆς</span> <span class='ocrx_word' id='word_1_458' title='bbox 3635 2592 3792 2653; x_wconf 73' lang='grc' dir='ltr'>νυκτὸς</span> 
     </span>
    </p>
   </div>
   <div class='ocr_carea' id='block_1_66' title="bbox 2253 2683 3792 2758">
    <p class='ocr_par' dir='ltr' id='par_1_66' title="bbox 2253 2683 3792 2758">
     <span class='ocr_line' id='line_1_66' title="bbox 2253 2683 3792 2758; baseline 0.006 -21"><span class='ocrx_word' id='word_1_459' title='bbox 2253 2684 2472 2756; x_wconf 85' lang='grc' dir='ltr'>ἁπάσης</span> <span class='ocrx_word' id='word_1_460' title='bbox 2503 2686 2748 2754; x_wconf 88' lang='grc' dir='ltr'>ἐγίγνετο</span> <span class='ocrx_word' id='word_1_461' title='bbox 2769 2703 2785 2720; x_wconf 70' lang='grc' dir='ltr'><strong>θ</strong></span> <span class='ocrx_word' id='word_1_462' title='bbox 2811 2686 2913 2758; x_wconf 72' lang='grc' dir='ltr'>ἤδη</span> <span class='ocrx_word' id='word_1_463' title='bbox 2956 2686 3013 2740; x_wconf 78' lang='grc' dir='ltr'>δὲ</span> <span class='ocrx_word' id='word_1_464' title='bbox 3051 2687 3144 2741; x_wconf 77' lang='grc' dir='ltr'>τοῦ</span> <span class='ocrx_word' id='word_1_465' title='bbox 3170 2687 3370 2758; x_wconf 70' lang='grc' dir='ltr'>ὄρθρου</span> <span class='ocrx_word' id='word_1_466' title='bbox 3402 2683 3792 2756; x_wconf 74' lang='grc' dir='ltr'>χαρασσομένῦυο</span> 
     </span>
    </p>
   </div>
   <div class='ocr_carea' id='block_1_67' title="bbox 2252 2775 3792 2848">
    <p class='ocr_par' dir='ltr' id='par_1_67' title="bbox 2252 2775 3792 2848">
     <span class='ocr_line' id='line_1_67' title="bbox 2252 2775 3792 2848; baseline -0.002 -20"><span class='ocrx_word' id='word_1_467' title='bbox 2252 2777 2346 2829; x_wconf 77' lang='grc' dir='ltr'>καὶ</span> <span class='ocrx_word' id='word_1_468' title='bbox 2373 2777 2588 2848; x_wconf 80' lang='grc' dir='ltr'>ἡμέρας</span> <span class='ocrx_word' id='word_1_469' title='bbox 2613 2778 2995 2848; x_wconf 83' lang='grc' dir='ltr'>ἐπιφανείσης,</span> <span class='ocrx_word' id='word_1_470' title='bbox 3029 2778 3228 2831; x_wconf 81' lang='grc' dir='ltr'>αὐτίκα</span> <span class='ocrx_word' id='word_1_471' title='bbox 3260 2777 3372 2830; x_wconf 86' lang='grc' dir='ltr'><strong>τῶν</strong></span> <span class='ocrx_word' id='word_1_472' title='bbox 3416 2775 3719 2846; x_wconf 85' lang='grc' dir='ltr'>Διλιμνιτῶν</span> <span class='ocrx_word' id='word_1_473' title='bbox 3755 2776 3792 2825; x_wconf 83' lang='grc' dir='ltr'><strong>οί</strong></span> 
     </span>
    </p>
   </div>
   <div class='ocr_carea' id='block_1_68' title="bbox 2254 2866 3793 2943">
    <p class='ocr_par' dir='ltr' id='par_1_68' title="bbox 2254 2866 3793 2943">
     <span class='ocr_line' id='line_1_68' title="bbox 2254 2866 3793 2943; baseline -0.003 -22"><span class='ocrx_word' id='word_1_474' title='bbox 2254 2867 2558 2940; x_wconf 82' lang='grc' dir='ltr'>σωζόμενοι</span> <span class='ocrx_word' id='word_1_475' title='bbox 2589 2871 2997 2941; x_wconf 83' lang='grc' dir='ltr'>ἐπεγίγνωσκον</span> <span class='ocrx_word' id='word_1_476' title='bbox 3028 2871 3128 2934; x_wconf 82' lang='grc' dir='ltr'>τὰς</span> <span class='ocrx_word' id='word_1_477' title='bbox 3171 2871 3425 2943; x_wconf 87' lang='grc' dir='ltr'>πορείας,</span> <span class='ocrx_word' id='word_1_478' title='bbox 3459 2870 3550 2924; x_wconf 77' lang='grc' dir='ltr'>καὶ</span> <span class='ocrx_word' id='word_1_479' title='bbox 3583 2867 3661 2921; x_wconf 79' lang='grc' dir='ltr'><strong>ίθὺ</strong></span> <span class='ocrx_word' id='word_1_480' title='bbox 3709 2866 3793 2919; x_wconf 83' lang='grc' dir='ltr'>τῶν</span> 
     </span>
    </p>
   </div>
   <div class='ocr_carea' id='block_1_69' title="bbox 2253 2958 3793 3035">
    <p class='ocr_par' dir='ltr' id='par_1_69' title="bbox 2253 2958 3793 3035">
     <span class='ocr_line' id='line_1_69' title="bbox 2253 2958 3793 3035; baseline -0.002 -22"><span class='ocrx_word' id='word_1_481' title='bbox 2253 2961 2540 3031; x_wconf 83' lang='grc' dir='ltr'>Περσικῶν</span> <span class='ocrx_word' id='word_1_482' title='bbox 2574 2962 2726 3017; x_wconf 74' lang='grc' dir='ltr'>ἔθεον</span> <span class='ocrx_word' id='word_1_483' title='bbox 2788 2965 3235 3035; x_wconf 85' lang='grc' dir='ltr'>στρατευμάτων,</span> <span class='ocrx_word' id='word_1_484' title='bbox 3288 2961 3623 3032; x_wconf 79' lang='grc' dir='ltr'>ἐγκειμένων</span> <span class='ocrx_word' id='word_1_485' title='bbox 3672 2958 3793 3026; x_wconf 81' lang='grc' dir='ltr'>σφίσι</span> 
     </span>
    </p>
   </div>
   <div class='ocr_carea' id='block_1_70' title="bbox 2253 3052 3792 3127">
    <p class='ocr_par' dir='ltr' id='par_1_70' title="bbox 2253 3052 3792 3127">
     <span class='ocr_line' id='line_1_70' title="bbox 2253 3052 3792 3127; baseline -0.001 -20"><span class='ocrx_word' id='word_1_486' title='bbox 2253 3055 2348 3108; x_wconf 75' lang='grc' dir='ltr'><strong>καὶ</strong></span> <span class='ocrx_word' id='word_1_487' title='bbox 2373 3053 2451 3118; x_wconf 83' lang='grc' dir='ltr'><strong>ὣς</strong></span> <span class='ocrx_word' id='word_1_488' title='bbox 2478 3055 2589 3109; x_wconf 86' lang='grc' dir='ltr'><strong>τῶν</strong></span> <span class='ocrx_word' id='word_1_489' title='bbox 2634 3055 2929 3127; x_wconf 79' lang='grc' dir='ltr'>Σαὸείρων.</span> <span class='ocrx_word' id='word_1_490' title='bbox 2976 3055 3156 3121; x_wconf 76' lang='grc' dir='ltr'>Βάδας</span> <span class='ocrx_word' id='word_1_491' title='bbox 3186 3056 3244 3109; x_wconf 87' lang='grc' dir='ltr'><strong>δέ</strong></span> <span class='ocrx_word' id='word_1_492' title='bbox 3305 3057 3334 3108; x_wconf 87' lang='grc' dir='ltr'>ὁ</span> <span class='ocrx_word' id='word_1_493' title='bbox 3407 3053 3697 3126; x_wconf 76' lang='grc' dir='ltr'>στρατηγὸς</span> <span class='ocrx_word' id='word_1_494' title='bbox 3741 3052 3792 3113; x_wconf 74' lang='grc'><strong>⁸⁷.</strong></span> 
     </span>
    </p>
   </div>
   <div class='ocr_carea' id='block_1_71' title="bbox 2178 3139 3794 3231">
    <p class='ocr_par' dir='ltr' id='par_1_71' title="bbox 2178 3139 3794 3231">
     <span class='ocr_line' id='line_1_71' title="bbox 2178 3139 3794 3231; baseline -0.008 -30"><span class='ocrx_word' id='word_1_495' title='bbox 2178 3174 2220 3231; x_wconf 79' lang='lat' dir='ltr'>C</span> <span class='ocrx_word' id='word_1_496' title='bbox 2257 3147 2316 3209; x_wconf 85' lang='grc' dir='ltr'><strong>ὃς</strong></span> <span class='ocrx_word' id='word_1_497' title='bbox 2369 3145 2436 3216; x_wconf 86' lang='grc' dir='ltr'><strong>δὴ</strong></span> <span class='ocrx_word' id='word_1_498' title='bbox 2470 3148 2582 3200; x_wconf 85' lang='grc' dir='ltr'><strong>τῶν</strong></span> <span class='ocrx_word' id='word_1_499' title='bbox 2622 3148 2682 3200; x_wconf 88' lang='grc' dir='ltr'><strong>ἐν</strong></span> <span class='ocrx_word' id='word_1_500' title='bbox 2722 3150 2789 3218; x_wconf 80' lang='grc' dir='ltr'>τῇ</span> <span class='ocrx_word' id='word_1_501' title='bbox 2839 3148 3058 3218; x_wconf 85' lang='grc' dir='ltr'>Κολχίδι</span> <span class='ocrx_word' id='word_1_502' title='bbox 3087 3145 3241 3217; x_wconf 84' lang='grc' dir='ltr'>χώρᾳ</span> <span class='ocrx_word' id='word_1_503' title='bbox 3278 3145 3573 3230; x_wconf 71' lang='grc' dir='ltr'>ἱδρυμένων</span> <span class='ocrx_word' id='word_1_504' title='bbox 3616 3139 3794 3194; x_wconf 84' lang='grc' dir='ltr'>ἐκπλεί-</span> 
     </span>
    </p>
   </div>
   <div class='ocr_carea' id='block_1_72' title="bbox 2259 3233 3795 3312">
    <p class='ocr_par' dir='ltr' id='par_1_72' title="bbox 2259 3233 3795 3312">
     <span class='ocr_line' id='line_1_72' title="bbox 2259 3233 3795 3312; baseline -0.006 -19"><span class='ocrx_word' id='word_1_505' title='bbox 2259 3257 2387 3294; x_wconf 86' lang='grc' dir='ltr'>στου</span> <span class='ocrx_word' id='word_1_506' title='bbox 2429 3241 2717 3311; x_wconf 88' lang='grc' dir='ltr'>Ῥωμαίων</span> <span class='ocrx_word' id='word_1_507' title='bbox 2763 3244 2968 3312; x_wconf 83' lang='grc' dir='ltr'>ἡγεῖτο,</span> <span class='ocrx_word' id='word_1_508' title='bbox 3001 3239 3116 3294; x_wconf 87' lang='grc' dir='ltr'>ἀλλ’</span> <span class='ocrx_word' id='word_1_509' title='bbox 3159 3241 3204 3272; x_wconf 71' lang='grc'><strong>⁵⁸</strong></span> <span class='ocrx_word' id='word_1_510' title='bbox 3251 3233 3409 3302; x_wconf 77' lang='grc' dir='ltr'>οὗτός</span> <span class='ocrx_word' id='word_1_511' title='bbox 3455 3254 3517 3305; x_wconf 88' lang='grc' dir='ltr'><strong>γε</strong></span> <span class='ocrx_word' id='word_1_512' title='bbox 3576 3238 3604 3290; x_wconf 82' lang='grc' dir='ltr'><strong>ό</strong></span> <span class='ocrx_word' id='word_1_513' title='bbox 3649 3234 3795 3292; x_wconf 68' lang='lat' dir='ltr'><strong>Bitia:</strong></span> 
     </span>
    </p>
   </div>
   <div class='ocr_carea' id='block_1_73' title="bbox 2256 3326 3795 3404">
    <p class='ocr_par' dir='ltr' id='par_1_73' title="bbox 2256 3326 3795 3404">
     <span class='ocr_line' id='line_1_73' title="bbox 2256 3326 3795 3404; baseline -0.007 -20"><span class='ocrx_word' id='word_1_514' title='bbox 2256 3332 2547 3403; x_wconf 80' lang='grc' dir='ltr'>(ἐτύγχανε</span> <span class='ocrx_word' id='word_1_515' title='bbox 2577 3333 2686 3404; x_wconf 84' lang='grc' dir='ltr'>γὰρ</span> <span class='ocrx_word' id='word_1_516' title='bbox 2722 3335 2779 3387; x_wconf 82' lang='grc' dir='ltr'><strong>ἐν</strong></span> <span class='ocrx_word' id='word_1_517' title='bbox 2835 3333 2913 3404; x_wconf 83' lang='grc' dir='ltr'><strong>τῷ</strong></span> <span class='ocrx_word' id='word_1_518' title='bbox 2942 3335 3063 3386; x_wconf 83' lang='grc' dir='ltr'>τότε</span> <span class='ocrx_word' id='word_1_519' title='bbox 3116 3331 3261 3386; x_wconf 80' lang='grc' dir='ltr'>κατὰ</span> <span class='ocrx_word' id='word_1_520' title='bbox 3306 3333 3406 3403; x_wconf 83' lang='grc' dir='ltr'>τὴν</span> <span class='ocrx_word' id='word_1_521' title='bbox 3460 3326 3795 3399; x_wconf 82' lang='grc' dir='ltr'>Ἀρχαιόπολιν</span> 
     </span>
    </p>
   </div>
   <div class='ocr_carea' id='block_1_74' title="bbox 2253 3419 3795 3496">
    <p class='ocr_par' dir='ltr' id='par_1_74' title="bbox 2253 3419 3795 3496">
     <span class='ocr_line' id='line_1_74' title="bbox 2253 3419 3795 3496; baseline -0.004 -20"><span class='ocrx_word' id='word_1_522' title='bbox 2253 3423 2714 3496; x_wconf 81' lang='grc' dir='ltr'>διανυκτερεύσας</span> <span class='ocrx_word' id='word_1_523' title='bbox 2737 3425 2777 3496; x_wconf 91' lang='grc'>),</span> <span class='ocrx_word' id='word_1_524' title='bbox 2815 3425 2891 3495; x_wconf 81' lang='grc' dir='ltr'><strong>τῷ</strong></span> <span class='ocrx_word' id='word_1_525' title='bbox 2926 3425 3025 3496; x_wconf 84' lang='grc' dir='ltr'><strong>μὲν</strong></span> <span class='ocrx_word' id='word_1_526' title='bbox 3063 3424 3280 3496; x_wconf 81' lang='grc' dir='ltr'>θορύϐῳ</span> <span class='ocrx_word' id='word_1_527' title='bbox 3310 3426 3406 3478; x_wconf 68' lang='grc' dir='ltr'>καὶ</span> <span class='ocrx_word' id='word_1_528' title='bbox 3454 3426 3517 3493; x_wconf 85' lang='grc' dir='ltr'><strong>τῇ</strong></span> <span class='ocrx_word' id='word_1_529' title='bbox 3559 3422 3645 3492; x_wconf 81' lang='grc' dir='ltr'><strong>βοῇ</strong></span> <span class='ocrx_word' id='word_1_530' title='bbox 3687 3419 3795 3471; x_wconf 81' lang='grc' dir='ltr'>πάν-</span> 
     </span>
    </p>
   </div>
   <div class='ocr_carea' id='block_1_75' title="bbox 2253 3510 3796 3587">
    <p class='ocr_par' dir='ltr' id='par_1_75' title="bbox 2253 3510 3796 3587">
     <span class='ocr_line' id='line_1_75' title="bbox 2253 3510 3796 3587; baseline -0.003 -21"><span class='ocrx_word' id='word_1_531' title='bbox 2253 3515 2410 3568; x_wconf 85' lang='grc' dir='ltr'>τοθεν</span> <span class='ocrx_word' id='word_1_532' title='bbox 2436 3515 2877 3587; x_wconf 81' lang='grc' dir='ltr'>περιεὸομϐεῖτο.</span> <span class='ocrx_word' id='word_1_533' title='bbox 2939 3518 3086 3580; x_wconf 83' lang='grc' dir='ltr'>Ἕως</span> <span class='ocrx_word' id='word_1_534' title='bbox 3141 3517 3198 3570; x_wconf 88' lang='grc' dir='ltr'><strong>δέ</strong></span> <span class='ocrx_word' id='word_1_535' title='bbox 3231 3517 3428 3578; x_wconf 83' lang='grc' dir='ltr'>σκότος</span> <span class='ocrx_word' id='word_1_536' title='bbox 3475 3510 3542 3584; x_wconf 80' lang='grc' dir='ltr'>ἢν</span> <span class='ocrx_word' id='word_1_537' title='bbox 3573 3513 3660 3565; x_wconf 73' lang='grc' dir='ltr'>καὶ</span> <span class='ocrx_word' id='word_1_538' title='bbox 3696 3510 3796 3574; x_wconf 77' lang='grc' dir='ltr'>ἀδη-</span> 
     </span>
    </p>
   </div>
   <div class='ocr_carea' id='block_1_76' title="bbox 2257 3597 3795 3680">
    <p class='ocr_par' dir='ltr' id='par_1_76' title="bbox 2257 3597 3795 3680">
     <span class='ocr_line' id='line_1_76' title="bbox 2257 3597 3795 3680; baseline -0.005 -21"><span class='ocrx_word' id='word_1_539' title='bbox 2257 3606 2348 3659; x_wconf 87' lang='grc' dir='ltr'><strong>λία</strong></span> <span class='ocrx_word' id='word_1_540' title='bbox 2385 3607 2497 3660; x_wconf 84' lang='grc' dir='ltr'>τῶν</span> <span class='ocrx_word' id='word_1_541' title='bbox 2529 3609 2888 3678; x_wconf 85' lang='grc' dir='ltr'>ποιουμένων,</span> <span class='ocrx_word' id='word_1_542' title='bbox 2920 3612 2948 3662; x_wconf 82' lang='grc' dir='ltr'>ὁ</span> <span class='ocrx_word' id='word_1_543' title='bbox 2975 3609 3033 3663; x_wconf 81' lang='grc' dir='ltr'><strong>δὲ</strong></span> <span class='ocrx_word' id='word_1_544' title='bbox 3067 3610 3282 3680; x_wconf 74' lang='grc' dir='ltr'>ἀφασίᾳ</span> <span class='ocrx_word' id='word_1_545' title='bbox 3321 3608 3500 3678; x_wconf 71' lang='grc' dir='ltr'>εἴχετο</span> <span class='ocrx_word' id='word_1_546' title='bbox 3523 3603 3697 3673; x_wconf 85' lang='grc' dir='ltr'>πολλῇ,</span> <span class='ocrx_word' id='word_1_547' title='bbox 3722 3597 3795 3652; x_wconf 71' lang='grc' dir='ltr'>καὶ</span> 
     </span>
    </p>
   </div>
   <div class='ocr_carea' id='block_1_77' title="bbox 2251 3691 3796 3771">
    <p class='ocr_par' dir='ltr' id='par_1_77' title="bbox 2251 3691 3796 3771">
     <span class='ocr_line' id='line_1_77' title="bbox 2251 3691 3796 3771; baseline -0.001 -19"><span class='ocrx_word' id='word_1_548' title='bbox 2251 3697 2399 3752; x_wconf 75' lang='grc' dir='ltr'>ἔνδον</span> <span class='ocrx_word' id='word_1_549' title='bbox 2446 3699 2645 3771; x_wconf 81' lang='grc' dir='ltr'>ἠρέμει</span> <span class='ocrx_word' id='word_1_550' title='bbox 2673 3716 2690 3732; x_wconf 74' lang='grc' dir='ltr'><strong>ο</strong></span> <span class='ocrx_word' id='word_1_551' title='bbox 2720 3701 2796 3765; x_wconf 85' lang='grc' dir='ltr'>ὡς</span> <span class='ocrx_word' id='word_1_552' title='bbox 2836 3702 2912 3765; x_wconf 85' lang='grc' dir='ltr'><strong>δὲ,</strong></span> <span class='ocrx_word' id='word_1_553' title='bbox 2959 3701 3053 3755; x_wconf 80' lang='grc' dir='ltr'>τοῦ</span> <span class='ocrx_word' id='word_1_554' title='bbox 3100 3702 3254 3771; x_wconf 77' lang='grc' dir='ltr'>ἡλίου</span> <span class='ocrx_word' id='word_1_555' title='bbox 3290 3700 3686 3768; x_wconf 84' lang='grc' dir='ltr'>ἐπαυγάσαντος</span> <span class='ocrx_word' id='word_1_556' title='bbox 3717 3691 3796 3751; x_wconf 75' lang='grc' dir='ltr'><strong>τὰς</strong></span> 
     </span>
    </p>
   </div>
   <div class='ocr_carea' id='block_1_78' title="bbox 2250 3787 3794 3866">
    <p class='ocr_par' dir='ltr' id='par_1_78' title="bbox 2250 3787 3794 3866">
     <span class='ocr_line' id='line_1_78' title="bbox 2250 3787 3794 3866; baseline -0.001 -18"><span class='ocrx_word' id='word_1_557' title='bbox 2250 3794 2588 3865; x_wconf 84' lang='grc' dir='ltr'>ἀκρωρείας,</span> <span class='ocrx_word' id='word_1_558' title='bbox 2636 3795 2847 3848; x_wconf 85' lang='grc' dir='ltr'>κατεῖδε</span> <span class='ocrx_word' id='word_1_559' title='bbox 2899 3795 2960 3848; x_wconf 74' lang='grc' dir='ltr'>τὸ</span> <span class='ocrx_word' id='word_1_560' title='bbox 3011 3794 3246 3866; x_wconf 81' lang='grc' dir='ltr'>ἀτρεκὲς</span> <span class='ocrx_word' id='word_1_561' title='bbox 3304 3793 3415 3846; x_wconf 82' lang='grc' dir='ltr'><strong>τῶν</strong></span> <span class='ocrx_word' id='word_1_562' title='bbox 3475 3787 3794 3856; x_wconf 61' lang='grc' dir='ltr'>τελουμένων,</span> 
     </span>
    </p>
   </div>
   <div class='ocr_carea' id='block_1_79' title="bbox 2250 3872 3795 3956">
    <p class='ocr_par' dir='ltr' id='par_1_79' title="bbox 2250 3872 3795 3956">
     <span class='ocr_line' id='line_1_79' title="bbox 2250 3872 3795 3956; baseline -0.006 -18"><span class='ocrx_word' id='word_1_563' title='bbox 2250 3885 2347 3938; x_wconf 74' lang='grc' dir='ltr'>καὶ</span> <span class='ocrx_word' id='word_1_564' title='bbox 2382 3885 2507 3949; x_wconf 73' lang='grc' dir='ltr'>τοὺς</span> <span class='ocrx_word' id='word_1_565' title='bbox 2541 3884 2855 3956; x_wconf 86' lang='grc' dir='ltr'>Διλιμνίτας</span> <span class='ocrx_word' id='word_1_566' title='bbox 2900 3885 3004 3939; x_wconf 80' lang='grc' dir='ltr'>ὑπὸ</span> <span class='ocrx_word' id='word_1_567' title='bbox 3039 3887 3148 3939; x_wconf 82' lang='grc' dir='ltr'>τῶν</span> <span class='ocrx_word' id='word_1_568' title='bbox 3204 3885 3484 3955; x_wconf 77' lang='grc' dir='ltr'>Σαϐείρων</span> <span class='ocrx_word' id='word_1_569' title='bbox 3545 3872 3795 3944; x_wconf 75' lang='grc' dir='ltr'>ἐλαυνομέ-</span> 
     </span>
    </p>
   </div>
   <div class='ocr_carea' id='block_1_80' title="bbox 558 3962 3793 4052">
    <p class='ocr_par' dir='ltr' id='par_1_80' title="bbox 558 3962 3793 4052">
     <span class='ocr_line' id='line_1_80' title="bbox 558 3962 3793 4052; baseline 0 -37"><span class='ocrx_word' id='word_1_570' title='bbox 558 3976 707 4052; x_wconf 74' lang='grc' dir='ltr'>νους,</span> <span class='ocrx_word' id='word_1_571' title='bbox 738 3962 860 4016; x_wconf 80' lang='grc' dir='ltr'>τότε</span> <span class='ocrx_word' id='word_1_572' title='bbox 902 3963 965 4018; x_wconf 80' lang='grc' dir='ltr'>δὲ</span> <span class='ocrx_word' id='word_1_573' title='bbox 1003 3965 1097 4020; x_wconf 74' lang='grc' dir='ltr'>καὶ</span> <span class='ocrx_word' id='word_1_574' title='bbox 1141 3966 1306 4031; x_wconf 80' lang='grc' dir='ltr'>αὐτὸς</span> <span class='ocrx_word' id='word_1_575' title='bbox 1349 3967 1648 4038; x_wconf 86' lang='grc' dir='ltr'>ἐκδραμὼν</span> <span class='ocrx_word' id='word_1_576' title='bbox 1687 3967 1782 4022; x_wconf 84' lang='grc' dir='ltr'>τοῦ</span> <span class='ocrx_word' id='word_1_577' title='bbox 1845 3970 2037 4035; x_wconf 83' lang='grc' dir='ltr'>ἄστεος</span> <span class='ocrx_word' id='word_1_578' title='bbox 2102 3972 2221 4045; x_wconf 74' lang='grc' dir='ltr'>ἅμα.</span> <span class='ocrx_word' id='word_1_579' title='bbox 2270 3975 2353 4045; x_wconf 85' lang='grc' dir='ltr'><strong>τῷ</strong></span> <span class='ocrx_word' id='word_1_580' title='bbox 2407 3977 2749 4052; x_wconf 81' lang='grc' dir='ltr'>ξυμπαρόντι</span> <span class='ocrx_word' id='word_1_581' title='bbox 2807 3979 3006 4050; x_wconf 85' lang='grc' dir='ltr'>ὁμίλῳ,</span> <span class='ocrx_word' id='word_1_582' title='bbox 3053 3979 3156 4032; x_wconf 76' lang='grc' dir='ltr'>οὐκ</span> <span class='ocrx_word' id='word_1_583' title='bbox 3207 3977 3494 4050; x_wconf 82' lang='grc' dir='ltr'>ἐλάχιστόν</span> <span class='ocrx_word' id='word_1_584' title='bbox 3550 3991 3600 4027; x_wconf 85' lang='grc' dir='ltr'><strong>τι</strong></span> <span class='ocrx_word' id='word_1_585' title='bbox 3651 3967 3793 4022; x_wconf 72' lang='grc' dir='ltr'>αὐτῶν</span> 
     </span>
    </p>
   </div>
   <div class='ocr_carea' id='block_1_81' title="bbox 555 4049 2142 4125">
    <p class='ocr_par' dir='ltr' id='par_1_81' title="bbox 555 4049 2142 4125">
     <span class='ocr_line' id='line_1_81' title="bbox 555 4049 2142 4125; baseline 0.006 -21"><span class='ocrx_word' id='word_1_586' title='bbox 555 4049 886 4123; x_wconf 82' lang='grc' dir='ltr'>διεχρήσατο</span> <span class='ocrx_word' id='word_1_587' title='bbox 923 4053 1109 4124; x_wconf 86' lang='grc' dir='ltr'>μέρος,</span> <span class='ocrx_word' id='word_1_588' title='bbox 1171 4055 1248 4117; x_wconf 80' lang='grc' dir='ltr'>ὡς</span> <span class='ocrx_word' id='word_1_589' title='bbox 1317 4055 1471 4125; x_wconf 86' lang='grc' dir='ltr'>μόλις</span> <span class='ocrx_word' id='word_1_590' title='bbox 1535 4058 1601 4109; x_wconf 85' lang='grc' dir='ltr'><strong>ἐκ</strong></span> <span class='ocrx_word' id='word_1_591' title='bbox 1659 4055 1931 4111; x_wconf 85' lang='grc' dir='ltr'>τοσούτων</span> <span class='ocrx_word' id='word_1_592' title='bbox 1989 4057 2142 4114; x_wconf 76' lang='grc' dir='ltr'>οὔπω</span> 
     </span>
    </p>
   </div>
   <div class='ocr_carea' id='block_1_82' title="bbox 559 4144 878 4216">
    <p class='ocr_par' dir='ltr' id='par_1_82' title="bbox 559 4144 878 4216">
     <span class='ocr_line' id='line_1_82' title="bbox 559 4144 878 4216; baseline 0 -18"><span class='ocrx_word' id='word_1_593' title='bbox 559 4144 878 4216; x_wconf 85' lang='grc' dir='ltr'>ἀφικέσθαι.</span> 
     </span>
    </p>
   </div>
   <div class='ocr_carea' id='block_1_83' title="bbox 633 4242 2145 4309">
    <p class='ocr_par' dir='ltr' id='par_1_83' title="bbox 633 4242 2145 4309">
     <span class='ocr_line' id='line_1_83' title="bbox 633 4242 2145 4309; baseline 0.005 -13"><span class='ocrx_word' id='word_1_594' title='bbox 633 4242 722 4296; x_wconf 80' lang='lat' dir='ltr'><strong>l9.</strong></span> <span class='ocrx_word' id='word_1_595' title='bbox 749 4242 1009 4309; x_wconf 81' lang='lat' dir='ltr'><strong>Quicum</strong></span> <span class='ocrx_word' id='word_1_596' title='bbox 1035 4252 1266 4300; x_wconf 90' lang='lat' dir='ltr'><strong>conatus</strong></span> <span class='ocrx_word' id='word_1_597' title='bbox 1300 4245 1391 4299; x_wconf 85' lang='lat' dir='ltr'><strong>hic</strong></span> <span class='ocrx_word' id='word_1_598' title='bbox 1436 4261 1547 4299; x_wconf 92' lang='lat' dir='ltr'><strong>non</strong></span> <span class='ocrx_word' id='word_1_599' title='bbox 1599 4260 1668 4300; x_wconf 78' lang='lat' dir='ltr'><strong>ex</strong></span> <span class='ocrx_word' id='word_1_600' title='bbox 1709 4247 1977 4302; x_wconf 90' lang='lat' dir='ltr'><strong>sententia</strong></span> <span class='ocrx_word' id='word_1_601' title='bbox 2015 4263 2145 4304; x_wconf 86' lang='lat' dir='ltr'><strong>sue-</strong></span> 
     </span>
    </p>
   </div>
   <div class='ocr_carea' id='block_1_84' title="bbox 561 4335 2148 4408">
    <p class='ocr_par' dir='ltr' id='par_1_84' title="bbox 561 4335 2148 4408">
     <span class='ocr_line' id='line_1_84' title="bbox 561 4335 2148 4408; baseline 0.003 -16"><span class='ocrx_word' id='word_1_602' title='bbox 561 4336 846 4403; x_wconf 87' lang='lat' dir='ltr'><strong>cessisset,</strong></span> <span class='ocrx_word' id='word_1_603' title='bbox 899 4335 1187 4390; x_wconf 83' lang='lat' dir='ltr'><strong>confestim</strong></span> <span class='ocrx_word' id='word_1_604' title='bbox 1222 4337 1289 4390; x_wconf 91' lang='lat' dir='ltr'><strong>ad</strong></span> <span class='ocrx_word' id='word_1_605' title='bbox 1322 4337 1559 4392; x_wconf 87' lang='lat' dir='ltr'><strong>Insulam</strong></span> <span class='ocrx_word' id='word_1_606' title='bbox 1595 4353 1655 4394; x_wconf 90' lang='lat' dir='ltr'><strong>se</strong></span> <span class='ocrx_word' id='word_1_607' title='bbox 1688 4339 1925 4408; x_wconf 89' lang='lat' dir='ltr'><strong>recepit;</strong></span> <span class='ocrx_word' id='word_1_608' title='bbox 1955 4341 2148 4396; x_wconf 89' lang='lat' dir='ltr'><strong>catris-</strong></span> 
     </span>
    </p>
   </div>
   <div class='ocr_carea' id='block_1_85' title="bbox 560 4427 2147 4499">
    <p class='ocr_par' dir='ltr' id='par_1_85' title="bbox 560 4427 2147 4499">
     <span class='ocr_line' id='line_1_85' title="bbox 560 4427 2147 4499; baseline 0.002 -16"><span class='ocrx_word' id='word_1_609' title='bbox 560 4445 671 4499; x_wconf 88' lang='lat' dir='ltr'><strong>que</strong></span> <span class='ocrx_word' id='word_1_610' title='bbox 713 4430 870 4497; x_wconf 77' lang='lat' dir='ltr'><strong>juxta</strong></span> <span class='ocrx_word' id='word_1_611' title='bbox 906 4427 1184 4484; x_wconf 82' lang='lat' dir='ltr'><strong>Romanos</strong></span> <span class='ocrx_word' id='word_1_612' title='bbox 1242 4431 1457 4496; x_wconf 87' lang='lat' dir='ltr'><strong>locatis,</strong></span> <span class='ocrx_word' id='word_1_613' title='bbox 1495 4430 1784 4485; x_wconf 82' lang='lat' dir='ltr'><strong>Martinum</strong></span> <span class='ocrx_word' id='word_1_614' title='bbox 1844 4433 1911 4486; x_wconf 89' lang='lat' dir='ltr'><strong>ad</strong></span> <span class='ocrx_word' id='word_1_615' title='bbox 1977 4447 2056 4496; x_wconf 91' lang='lat' dir='ltr'><strong>se,</strong></span> <span class='ocrx_word' id='word_1_616' title='bbox 2093 4432 2147 4486; x_wconf 89' lang='lat' dir='ltr'><strong>in</strong></span> 
     </span>
    </p>
   </div>
   <div class='ocr_carea' id='block_1_86' title="bbox 561 4520 2145 4592">
    <p class='ocr_par' dir='ltr' id='par_1_86' title="bbox 561 4520 2145 4592">
     <span class='ocr_line' id='line_1_86' title="bbox 561 4520 2145 4592; baseline 0.004 -17"><span class='ocrx_word' id='word_1_617' title='bbox 561 4520 902 4590; x_wconf 88' lang='lat' dir='ltr'><strong>colloquium</strong></span> <span class='ocrx_word' id='word_1_618' title='bbox 929 4530 988 4575; x_wconf 93' lang='lat' dir='ltr'><strong>ut</strong></span> <span class='ocrx_word' id='word_1_619' title='bbox 1012 4521 1241 4588; x_wconf 89' lang='lat' dir='ltr'><strong>veniret,</strong></span> <span class='ocrx_word' id='word_1_620' title='bbox 1263 4523 1500 4586; x_wconf 79' lang='lat' dir='ltr'><strong>excivit;</strong></span> <span class='ocrx_word' id='word_1_621' title='bbox 1531 4524 1625 4592; x_wconf 88' lang='lat' dir='ltr'><strong>qui</strong></span> <span class='ocrx_word' id='word_1_622' title='bbox 1656 4539 1780 4578; x_wconf 90' lang='lat' dir='ltr'><strong>cum</strong></span> <span class='ocrx_word' id='word_1_623' title='bbox 1803 4523 2145 4581; x_wconf 87' lang='lat' dir='ltr'><strong>advenisset:</strong></span> 
     </span>
    </p>
   </div>
   <div class='ocr_carea' id='block_1_87' title="bbox 565 4611 2150 4688">
    <p class='ocr_par' dir='ltr' id='par_1_87' title="bbox 565 4611 2150 4688">
     <span class='ocr_line' id='line_1_87' title="bbox 565 4611 2150 4688; baseline 0.004 -22"><span class='ocrx_word' id='word_1_624' title='bbox 565 4611 647 4667; x_wconf 83' lang='lat' dir='ltr'><strong>Tu</strong></span> <span class='ocrx_word' id='word_1_625' title='bbox 676 4654 691 4678; x_wconf 94' lang='lat'><strong>,</strong></span> <span class='ocrx_word' id='word_1_626' title='bbox 755 4613 950 4682; x_wconf 88' lang='lat' dir='ltr'><strong>inquit,</strong></span> <span class='ocrx_word' id='word_1_627' title='bbox 1002 4615 1439 4688; x_wconf 27' lang='lat' dir='ltr'><strong>prwfectetcum</strong></span> <span class='ocrx_word' id='word_1_628' title='bbox 1486 4617 1565 4669; x_wconf 83' lang='lat' dir='ltr'><strong>ita</strong></span> <span class='ocrx_word' id='word_1_629' title='bbox 1620 4617 1694 4670; x_wconf 86' lang='lat' dir='ltr'><strong>sis</strong></span> <span class='ocrx_word' id='word_1_630' title='bbox 1737 4617 2032 4671; x_wconf 76' lang='lat' dir='ltr'><strong>industrius</strong></span> <span class='ocrx_word' id='word_1_631' title='bbox 2087 4635 2150 4672; x_wconf 87' lang='lat' dir='ltr'><strong>ac</strong></span> 
     </span>
    </p>
   </div>
   <div class='ocr_carea' id='block_1_88' title="bbox 561 4709 2155 4780">
    <p class='ocr_par' dir='ltr' id='par_1_88' title="bbox 561 4709 2155 4780">
     <span class='ocr_line' id='line_1_88' title="bbox 561 4709 2155 4780; baseline 0.004 -21"><span class='ocrx_word' id='word_1_632' title='bbox 561 4709 815 4778; x_wconf 81' lang='lat' dir='ltr'><strong>prudens,</strong></span> <span class='ocrx_word' id='word_1_633' title='bbox 861 4723 1095 4776; x_wconf 87' lang='lat' dir='ltr'><strong>unusque</strong></span> <span class='ocrx_word' id='word_1_634' title='bbox 1129 4711 1202 4763; x_wconf 79' lang='lat' dir='ltr'><strong>sis</strong></span> <span class='ocrx_word' id='word_1_635' title='bbox 1230 4725 1294 4764; x_wconf 77' lang='lat' dir='ltr'><strong>ea:</strong></span> <span class='ocrx_word' id='word_1_636' title='bbox 1324 4711 1411 4776; x_wconf 86' lang='lat' dir='ltr'><strong>iis,</strong></span> <span class='ocrx_word' id='word_1_637' title='bbox 1445 4710 1534 4779; x_wconf 85' lang='lat' dir='ltr'><strong>qui</strong></span> <span class='ocrx_word' id='word_1_638' title='bbox 1561 4711 1838 4780; x_wconf 65' lang='lat' dir='ltr'><strong>praecipua:</strong></span> <span class='ocrx_word' id='word_1_639' title='bbox 1863 4720 1986 4764; x_wconf 88' lang='lat' dir='ltr'><strong>sunt</strong></span> <span class='ocrx_word' id='word_1_640' title='bbox 2015 4712 2155 4766; x_wconf 89' lang='lat' dir='ltr'><strong>inter</strong></span> 
     </span>
    </p>
   </div>
   <div class='ocr_carea' id='block_1_89' title="bbox 562 4799 2154 4872">
    <p class='ocr_par' dir='ltr' id='par_1_89' title="bbox 562 4799 2154 4872">
     <span class='ocr_line' id='line_1_89' title="bbox 562 4799 2154 4872; baseline 0.002 -17"><span class='ocrx_word' id='word_1_641' title='bbox 562 4799 830 4855; x_wconf 83' lang='lat' dir='ltr'><strong>Romanos</strong></span> <span class='ocrx_word' id='word_1_642' title='bbox 856 4803 1124 4870; x_wconf 66' lang='lat' dir='ltr'><strong>potentiae,</strong></span> <span class='ocrx_word' id='word_1_643' title='bbox 1157 4820 1224 4857; x_wconf 87' lang='lat' dir='ltr'><strong>an</strong></span> <span class='ocrx_word' id='word_1_644' title='bbox 1258 4820 1362 4856; x_wconf 86' lang='lat' dir='ltr'><strong>non</strong></span> <span class='ocrx_word' id='word_1_645' title='bbox 1393 4803 1469 4856; x_wconf 78' lang='lat' dir='ltr'><strong>vis</strong></span> <span class='ocrx_word' id='word_1_646' title='bbox 1501 4813 1780 4872; x_wconf 82' lang='lat' dir='ltr'><strong>utrumque</strong></span> <span class='ocrx_word' id='word_1_647' title='bbox 1807 4813 2046 4857; x_wconf 84' lang='lat' dir='ltr'><strong>nostrum</strong></span> <span class='ocrx_word' id='word_1_648' title='bbox 2070 4821 2154 4859; x_wconf 89' lang='lat' dir='ltr'><strong>re-</strong></span> 
     </span>
    </p>
   </div>
   <div class='ocr_carea' id='block_1_90' title="bbox 563 4894 2157 4966">
    <p class='ocr_par' dir='ltr' id='par_1_90' title="bbox 563 4894 2157 4966">
     <span class='ocr_line' id='line_1_90' title="bbox 563 4894 2157 4966; baseline 0.003 -19"><span class='ocrx_word' id='word_1_649' title='bbox 563 4909 676 4966; x_wconf 63' lang='lat' dir='ltr'><strong>gem</strong></span> <span class='ocrx_word' id='word_1_650' title='bbox 707 4894 887 4949; x_wconf 88' lang='lat' dir='ltr'><strong>labore</strong></span> <span class='ocrx_word' id='word_1_651' title='bbox 910 4895 1070 4950; x_wconf 81' lang='lat' dir='ltr'><strong>simul</strong></span> <span class='ocrx_word' id='word_1_652' title='bbox 1101 4903 1258 4966; x_wconf 89' lang='lat' dir='ltr'><strong>atque</strong></span> <span class='ocrx_word' id='word_1_653' title='bbox 1310 4895 1605 4949; x_wconf 78' lang='lat' dir='ltr'><strong>hostilitate</strong></span> <span class='ocrx_word' id='word_1_654' title='bbox 1655 4903 1840 4948; x_wconf 86' lang='lat' dir='ltr'><strong>mutua</strong></span> <span class='ocrx_word' id='word_1_655' title='bbox 1889 4896 2157 4951; x_wconf 79' lang='lat' dir='ltr'><strong>liberare?</strong></span> 
     </span>
    </p>
   </div>
   <div class='ocr_carea' id='block_1_91' title="bbox 562 4987 2154 5058">
    <p class='ocr_par' dir='ltr' id='par_1_91' title="bbox 562 4987 2154 5058">
     <span class='ocr_line' id='line_1_91' title="bbox 562 4987 2154 5058; baseline 0.001 -18"><span class='ocrx_word' id='word_1_656' title='bbox 562 4988 864 5043; x_wconf 70' lang='lat' dir='ltr'><strong>Palici-isne</strong></span> <span class='ocrx_word' id='word_1_657' title='bbox 886 4988 1029 5057; x_wconf 77' lang='lat' dir='ltr'><strong>ipsos</strong></span> <span class='ocrx_word' id='word_1_658' title='bbox 1057 5005 1214 5058; x_wconf 79' lang='lat' dir='ltr'><strong>quam</strong></span> <span class='ocrx_word' id='word_1_659' title='bbox 1247 4987 1552 5041; x_wconf 77' lang='lat' dir='ltr'><strong>diutissime</strong></span> <span class='ocrx_word' id='word_1_660' title='bbox 1580 4989 1780 5041; x_wconf 80' lang='lat' dir='ltr'><strong>mutuis</strong></span> <span class='ocrx_word' id='word_1_661' title='bbox 1795 5005 1912 5051; x_wconf 81' lang='lat' dir='ltr'><strong>sese</strong></span> <span class='ocrx_word' id='word_1_662' title='bbox 1941 4989 2154 5043; x_wconf 85' lang='lat' dir='ltr'><strong>damnis</strong></span> 
     </span>
    </p>
   </div>
   <div class='ocr_carea' id='block_1_92' title="bbox 560 5078 2153 5150">
    <p class='ocr_par' dir='ltr' id='par_1_92' title="bbox 560 5078 2153 5150">
     <span class='ocr_line' id='line_1_92' title="bbox 560 5078 2153 5150; baseline 0 -17"><span class='ocrx_word' id='word_1_663' title='bbox 560 5079 813 5150; x_wconf 80' lang='lat' dir='ltr'><strong>afﬁcere?</strong></span> <span class='ocrx_word' id='word_1_664' title='bbox 830 5080 970 5145; x_wconf 84' lang='lat' dir='ltr'><strong>Quin</strong></span> <span class='ocrx_word' id='word_1_665' title='bbox 997 5081 1193 5148; x_wconf 80' lang='lat' dir='ltr'><strong>potius,</strong></span> <span class='ocrx_word' id='word_1_666' title='bbox 1217 5081 1264 5133; x_wconf 88' lang='lat' dir='ltr'><strong>si</strong></span> <span class='ocrx_word' id='word_1_667' title='bbox 1296 5079 1388 5133; x_wconf 84' lang='lat' dir='ltr'><strong>tibi</strong></span> <span class='ocrx_word' id='word_1_668' title='bbox 1417 5078 1699 5148; x_wconf 79' lang='lat' dir='ltr'><strong>placuerit,</strong></span> <span class='ocrx_word' id='word_1_669' title='bbox 1725 5090 1882 5150; x_wconf 80' lang='lat' dir='ltr'><strong>pacta</strong></span> <span class='ocrx_word' id='word_1_670' title='bbox 1911 5092 1959 5135; x_wconf 88' lang='lat' dir='ltr'><strong>et</strong></span> <span class='ocrx_word' id='word_1_671' title='bbox 1990 5081 2153 5149; x_wconf 68' lang='lat' dir='ltr'><strong>fade-</strong></span> 
     </span>
    </p>
   </div>
   <div class='ocr_carea' id='block_1_93' title="bbox 561 5169 2152 5240">
    <p class='ocr_par' dir='ltr' id='par_1_93' title="bbox 561 5169 2152 5240">
     <span class='ocr_line' id='line_1_93' title="bbox 561 5169 2152 5240; baseline -0.001 -14"><span class='ocrx_word' id='word_1_672' title='bbox 561 5187 625 5226; x_wconf 82' lang='lat' dir='ltr'><strong>ra</strong></span> <span class='ocrx_word' id='word_1_673' title='bbox 653 5172 809 5235; x_wconf 86' lang='lat' dir='ltr'><strong>inire,</strong></span> <span class='ocrx_word' id='word_1_674' title='bbox 846 5187 961 5240; x_wconf 85' lang='lat' dir='ltr'><strong>age,</strong></span> <span class='ocrx_word' id='word_1_675' title='bbox 1001 5171 1411 5238; x_wconf 78' lang='lat' dir='ltr'><strong>Trapezuntem,</strong></span> <span class='ocrx_word' id='word_1_676' title='bbox 1455 5169 1738 5224; x_wconf 85' lang='lat' dir='ltr'><strong>Ponticam</strong></span> <span class='ocrx_word' id='word_1_677' title='bbox 1795 5172 1977 5226; x_wconf 81' lang='lat' dir='ltr'><strong>urbem</strong></span> <span class='ocrx_word' id='word_1_678' title='bbox 2033 5187 2152 5225; x_wconf 91' lang='lat' dir='ltr'><strong>cum</strong></span> 
     </span>
    </p>
   </div>
   <div class='ocr_carea' id='block_1_94' title="bbox 558 5261 2152 5333">
    <p class='ocr_par' dir='ltr' id='par_1_94' title="bbox 558 5261 2152 5333">
     <span class='ocr_line' id='line_1_94' title="bbox 558 5261 2152 5333; baseline -0.001 -14"><span class='ocrx_word' id='word_1_679' title='bbox 558 5265 797 5319; x_wconf 70' lang='lat' dir='ltr'><strong>exercitu</strong></span> <span class='ocrx_word' id='word_1_680' title='bbox 843 5273 891 5318; x_wconf 86' lang='lat' dir='ltr'><strong>te</strong></span> <span class='ocrx_word' id='word_1_681' title='bbox 931 5264 1202 5333; x_wconf 79' lang='lat' dir='ltr'><strong>transfer;</strong></span> <span class='ocrx_word' id='word_1_682' title='bbox 1245 5279 1338 5316; x_wconf 81' lang='lat' dir='ltr'><strong>nos</strong></span> <span class='ocrx_word' id='word_1_683' title='bbox 1388 5279 1508 5318; x_wconf 80' lang='lat' dir='ltr'><strong>vero</strong></span> <span class='ocrx_word' id='word_1_684' title='bbox 1557 5261 1742 5319; x_wconf 68' lang='lat' dir='ltr'><strong>Persae</strong></span> <span class='ocrx_word' id='word_1_685' title='bbox 1789 5265 1874 5318; x_wconf 84' lang='lat' dir='ltr'><strong>hic</strong></span> <span class='ocrx_word' id='word_1_686' title='bbox 1914 5263 2152 5318; x_wconf 83' lang='lat' dir='ltr'><strong>manebi-</strong></span> 
     </span>
    </p>
   </div>
   <div class='ocr_carea' id='block_1_95' title="bbox 558 5356 2151 5428">
    <p class='ocr_par' dir='ltr' id='par_1_95' title="bbox 558 5356 2151 5428">
     <span class='ocr_line' id='line_1_95' title="bbox 558 5356 2151 5428; baseline 0.001 -18"><span class='ocrx_word' id='word_1_687' title='bbox 558 5372 718 5412; x_wconf 70' lang='lat' dir='ltr'><strong>mus:</strong></span> <span class='ocrx_word' id='word_1_688' title='bbox 759 5359 839 5410; x_wconf 85' lang='lat' dir='ltr'><strong>ita</strong></span> <span class='ocrx_word' id='word_1_689' title='bbox 871 5356 982 5426; x_wconf 85' lang='lat' dir='ltr'><strong>ﬁet,</strong></span> <span class='ocrx_word' id='word_1_690' title='bbox 1019 5367 1077 5410; x_wconf 92' lang='lat' dir='ltr'><strong>ut</strong></span> <span class='ocrx_word' id='word_1_691' title='bbox 1121 5359 1184 5411; x_wconf 89' lang='lat' dir='ltr'><strong>de</strong></span> <span class='ocrx_word' id='word_1_692' title='bbox 1230 5357 1464 5412; x_wconf 83' lang='lat' dir='ltr'><strong>induciis</strong></span> <span class='ocrx_word' id='word_1_693' title='bbox 1511 5367 1606 5412; x_wconf 88' lang='lat' dir='ltr'><strong>aut</strong></span> <span class='ocrx_word' id='word_1_694' title='bbox 1653 5374 1783 5428; x_wconf 82' lang='lat' dir='ltr'><strong>pace</strong></span> <span class='ocrx_word' id='word_1_695' title='bbox 1829 5357 2151 5412; x_wconf 77' lang='lat' dir='ltr'><strong>stabilienda</strong></span> 
     </span>
    </p>
   </div>
   <div class='ocr_carea' id='block_1_96' title="bbox 2212 4056 3794 4144">
    <p class='ocr_par' dir='ltr' id='par_1_96' title="bbox 2212 4056 3794 4144">
     <span class='ocr_line' id='line_1_96' title="bbox 2212 4056 3794 4144; baseline -0.018 -11"><span class='ocrx_word' id='word_1_696' title='bbox 2212 4063 2415 4133; x_wconf 78' lang='grc' dir='ltr'>χιλίους</span> <span class='ocrx_word' id='word_1_697' title='bbox 2490 4067 2616 4130; x_wconf 73' lang='grc' dir='ltr'>τοὺς</span> <span class='ocrx_word' id='word_1_698' title='bbox 2674 4066 2994 4144; x_wconf 78' lang='grc' dir='ltr'>ξύμπαντας</span> <span class='ocrx_word' id='word_1_699' title='bbox 3051 4064 3203 4136; x_wconf 80' lang='grc' dir='ltr'>παρὰ</span> <span class='ocrx_word' id='word_1_700' title='bbox 3267 4067 3312 4098; x_wconf 80' lang='grc' dir='ltr'><strong>ε⁹</strong></span> <span class='ocrx_word' id='word_1_701' title='bbox 3348 4064 3440 4118; x_wconf 87' lang='grc' dir='ltr'><strong>τὸν</strong></span> <span class='ocrx_word' id='word_1_702' title='bbox 3508 4056 3794 4130; x_wconf 73' lang='grc' dir='ltr'>Ναχοραγᾰν</span> 
     </span>
    </p>
   </div>
   <div class='ocr_carea' id='block_1_97' title="bbox 2329 4241 3789 4320">
    <p class='ocr_par' dir='ltr' id='par_1_97' title="bbox 2329 4241 3789 4320">
     <span class='ocr_line' id='line_1_97' title="bbox 2329 4241 3789 4320; baseline -0.003 -15"><span class='ocrx_word' id='word_1_703' title='bbox 2329 4251 2417 4306; x_wconf 88' lang='grc' dir='ltr'>ιθ’.</span> <span class='ocrx_word' id='word_1_704' title='bbox 2468 4252 2529 4305; x_wconf 87' lang='lat'><strong>&#39;0</strong></span> <span class='ocrx_word' id='word_1_705' title='bbox 2555 4250 2632 4315; x_wconf 86' lang='grc' dir='ltr'><strong>δὲ,</strong></span> <span class='ocrx_word' id='word_1_706' title='bbox 2668 4250 2854 4319; x_wconf 82' lang='grc' dir='ltr'>ἐπειδὴ</span> <span class='ocrx_word' id='word_1_707' title='bbox 2895 4249 3056 4320; x_wconf 78' lang='grc' dir='ltr'>τῇσδε</span> <span class='ocrx_word' id='word_1_708' title='bbox 3094 4249 3398 4320; x_wconf 82' lang='grc' dir='ltr'>διήμαρτεν</span> <span class='ocrx_word' id='word_1_709' title='bbox 3422 4251 3521 4319; x_wconf 81' lang='grc' dir='ltr'>τῆς</span> <span class='ocrx_word' id='word_1_710' title='bbox 3549 4246 3720 4314; x_wconf 84' lang='grc' dir='ltr'>πείρας</span> <span class='ocrx_word' id='word_1_711' title='bbox 3739 4241 3789 4300; x_wconf 71' lang='grc'><strong>’⁰.</strong></span> 
     </span>
    </p>
   </div>
   <div class='ocr_carea' id='block_1_98' title="bbox 2255 4337 3790 4415">
    <p class='ocr_par' dir='ltr' id='par_1_98' title="bbox 2255 4337 3790 4415">
     <span class='ocr_line' id='line_1_98' title="bbox 2255 4337 3790 4415; baseline -0.008 -16"><span class='ocrx_word' id='word_1_712' title='bbox 2255 4346 2452 4399; x_wconf 80' lang='grc' dir='ltr'>αὐτίκα</span> <span class='ocrx_word' id='word_1_713' title='bbox 2519 4343 2692 4415; x_wconf 78' lang='grc' dir='ltr'>ᾤχετο</span> <span class='ocrx_word' id='word_1_714' title='bbox 2742 4345 2836 4396; x_wconf 75' lang='grc' dir='ltr'>ἐπὶ</span> <span class='ocrx_word' id='word_1_715' title='bbox 2899 4343 2998 4414; x_wconf 82' lang='grc' dir='ltr'><strong>τὴν</strong></span> <span class='ocrx_word' id='word_1_716' title='bbox 3067 4341 3284 4410; x_wconf 82' lang='grc' dir='ltr'>Νῆσον,</span> <span class='ocrx_word' id='word_1_717' title='bbox 3348 4343 3444 4395; x_wconf 77' lang='grc' dir='ltr'>καὶ</span> <span class='ocrx_word' id='word_1_718' title='bbox 3504 4337 3663 4410; x_wconf 80' lang='grc' dir='ltr'>ἀγχοῦ</span> <span class='ocrx_word' id='word_1_719' title='bbox 3710 4349 3790 4385; x_wconf 81' lang='grc' dir='ltr'><strong>που</strong></span> 
     </span>
    </p>
   </div>
   <div class='ocr_carea' id='block_1_99' title="bbox 2254 4430 3793 4508">
    <p class='ocr_par' dir='ltr' id='par_1_99' title="bbox 2254 4430 3793 4508">
     <span class='ocr_line' id='line_1_99' title="bbox 2254 4430 3793 4508; baseline -0.009 -17"><span class='ocrx_word' id='word_1_720' title='bbox 2254 4437 2364 4491; x_wconf 82' lang='grc' dir='ltr'>τῶν</span> <span class='ocrx_word' id='word_1_721' title='bbox 2439 4437 2725 4507; x_wconf 86' lang='grc' dir='ltr'>Ῥωμαίων</span> <span class='ocrx_word' id='word_1_722' title='bbox 2786 4435 3424 4508; x_wconf 80' lang='grc' dir='ltr'>στρατοπεδευσάμενος,</span> <span class='ocrx_word' id='word_1_723' title='bbox 3481 4430 3793 4504; x_wconf 75' lang='grc' dir='ltr'>προύκαλεῖτο</span> 
     </span>
    </p>
   </div>
   <div class='ocr_carea' id='block_1_100' title="bbox 2257 4520 3790 4598">
    <p class='ocr_par' dir='ltr' id='par_1_100' title="bbox 2257 4520 3790 4598">
     <span class='ocr_line' id='line_1_100' title="bbox 2257 4520 3790 4598; baseline -0.012 -14"><span class='ocrx_word' id='word_1_724' title='bbox 2257 4532 2316 4595; x_wconf 88' lang='grc' dir='ltr'><strong>ἐς</strong></span> <span class='ocrx_word' id='word_1_725' title='bbox 2368 4530 2561 4598; x_wconf 87' lang='grc' dir='ltr'>λόγους</span> <span class='ocrx_word' id='word_1_726' title='bbox 2613 4528 2914 4598; x_wconf 78' lang='grc' dir='ltr'>ἀφικέσθαι</span> <span class='ocrx_word' id='word_1_727' title='bbox 2971 4529 3019 4580; x_wconf 77' lang='grc' dir='ltr'>οἱ</span> <span class='ocrx_word' id='word_1_728' title='bbox 3075 4526 3164 4579; x_wconf 84' lang='grc' dir='ltr'><strong>τὸν</strong></span> <span class='ocrx_word' id='word_1_729' title='bbox 3217 4526 3512 4594; x_wconf 87' lang='grc' dir='ltr'>Μαρτῖνον.</span> <span class='ocrx_word' id='word_1_730' title='bbox 3567 4520 3666 4575; x_wconf 77' lang='grc' dir='ltr'>Καὶ</span> <span class='ocrx_word' id='word_1_731' title='bbox 3714 4531 3790 4568; x_wconf 82' lang='grc' dir='ltr'>πα-</span> 
     </span>
    </p>
   </div>
   <div class='ocr_carea' id='block_1_101' title="bbox 2260 4609 3792 4691">
    <p class='ocr_par' dir='ltr' id='par_1_101' title="bbox 2260 4609 3792 4691">
     <span class='ocr_line' id='line_1_101' title="bbox 2260 4609 3792 4691; baseline -0.022 1"><span class='ocrx_word' id='word_1_732' title='bbox 2260 4619 2644 4691; x_wconf 75' lang='grc' dir='ltr'>ραγενομένῳο</span> <span class='ocrx_word' id='word_1_733' title='bbox 2711 4617 2797 4672; x_wconf 86' lang='grc' dir='ltr'><strong>Σὺ</strong></span> <span class='ocrx_word' id='word_1_734' title='bbox 2845 4615 2947 4683; x_wconf 80' lang='grc' dir='ltr'>δὲ,</span> <span class='ocrx_word' id='word_1_735' title='bbox 3004 4615 3131 4684; x_wconf 74' lang='grc' dir='ltr'>ἔφη,</span> <span class='ocrx_word' id='word_1_736' title='bbox 3181 4609 3229 4668; x_wconf 86' lang='grc' dir='ltr'><strong>ὦ</strong></span> <span class='ocrx_word' id='word_1_737' title='bbox 3274 4611 3585 4680; x_wconf 66' lang='grc' dir='ltr'>στρατηγέ,</span> <span class='ocrx_word' id='word_1_738' title='bbox 3622 4609 3681 4671; x_wconf 82' lang='grc' dir='ltr'><strong>ἐς</strong></span> <span class='ocrx_word' id='word_1_739' title='bbox 3719 4621 3792 4656; x_wconf 83' lang='grc' dir='ltr'>το·</span> 
     </span>
    </p>
   </div>
   <div class='ocr_carea' id='block_1_102' title="bbox 2258 4701 3790 4782">
    <p class='ocr_par' dir='ltr' id='par_1_102' title="bbox 2258 4701 3790 4782">
     <span class='ocr_line' id='line_1_102' title="bbox 2258 4701 3790 4782; baseline -0.007 -14"><span class='ocrx_word' id='word_1_740' title='bbox 2258 4713 2487 4770; x_wconf 77' lang='grc' dir='ltr'>σοῦτον</span> <span class='ocrx_word' id='word_1_741' title='bbox 2527 4711 3005 4782; x_wconf 76' lang='grc' dir='ltr'>ἀγχινούστατός</span> <span class='ocrx_word' id='word_1_742' title='bbox 3037 4726 3105 4778; x_wconf 78' lang='grc' dir='ltr'>τε</span> <span class='ocrx_word' id='word_1_743' title='bbox 3153 4708 3241 4763; x_wconf 83' lang='grc' dir='ltr'><strong>ὢν</strong></span> <span class='ocrx_word' id='word_1_744' title='bbox 3287 4709 3332 4740; x_wconf 72' lang='grc' dir='ltr'>τί</span> <span class='ocrx_word' id='word_1_745' title='bbox 3375 4709 3471 4762; x_wconf 78' lang='grc' dir='ltr'>καὶ</span> <span class='ocrx_word' id='word_1_746' title='bbox 3514 4701 3790 4775; x_wconf 67' lang='grc' dir='ltr'>φρενήρης.</span> 
     </span>
    </p>
   </div>
   <div class='ocr_carea' id='block_1_103' title="bbox 2260 4786 3791 4872">
    <p class='ocr_par' dir='ltr' id='par_1_103' title="bbox 2260 4786 3791 4872">
     <span class='ocr_line' id='line_1_103' title="bbox 2260 4786 3791 4872; baseline -0.009 -14"><span class='ocrx_word' id='word_1_747' title='bbox 2260 4804 2361 4860; x_wconf 79' lang='grc' dir='ltr'><strong>καί</strong></span> <span class='ocrx_word' id='word_1_748' title='bbox 2420 4802 2542 4857; x_wconf 77' lang='grc' dir='ltr'><strong>τῶν</strong></span> <span class='ocrx_word' id='word_1_749' title='bbox 2594 4801 2756 4871; x_wconf 78' lang='grc' dir='ltr'>παρὰ</span> <span class='ocrx_word' id='word_1_750' title='bbox 2821 4801 3127 4872; x_wconf 85' lang='grc' dir='ltr'>Ῥωμαίοις</span> <span class='ocrx_word' id='word_1_751' title='bbox 3190 4795 3642 4855; x_wconf 79' lang='grc' dir='ltr'>δυνατωτάτων,</span> <span class='ocrx_word' id='word_1_752' title='bbox 3692 4786 3791 4842; x_wconf 72' lang='grc' dir='ltr'>εἶτα</span> 
     </span>
    </p>
   </div>
   <div class='ocr_carea' id='block_1_104' title="bbox 2260 4880 3789 4962">
    <p class='ocr_par' dir='ltr' id='par_1_104' title="bbox 2260 4880 3789 4962">
     <span class='ocr_line' id='line_1_104' title="bbox 2260 4880 3789 4962; baseline -0.015 -9"><span class='ocrx_word' id='word_1_753' title='bbox 2260 4899 2373 4952; x_wconf 83' lang='grc' dir='ltr'>οὐκ</span> <span class='ocrx_word' id='word_1_754' title='bbox 2430 4895 2746 4962; x_wconf 77' lang='grc' dir='ltr'>ἐθελήσεις</span> <span class='ocrx_word' id='word_1_755' title='bbox 2805 4893 3154 4948; x_wconf 79' lang='grc' dir='ltr'>ἀποπαῦσαι</span> <span class='ocrx_word' id='word_1_756' title='bbox 3207 4893 3399 4944; x_wconf 82' lang='grc' dir='ltr'>πόνου</span> <span class='ocrx_word' id='word_1_757' title='bbox 3440 4905 3503 4941; x_wconf 81' lang='grc' dir='ltr'><strong>τε</strong></span> <span class='ocrx_word' id='word_1_758' title='bbox 3551 4884 3641 4939; x_wconf 79' lang='grc' dir='ltr'>καὶ</span> <span class='ocrx_word' id='word_1_759' title='bbox 3671 4880 3789 4933; x_wconf 82' lang='grc' dir='ltr'><strong>δυσ·</strong></span> 
     </span>
    </p>
   </div>
   <div class='ocr_carea' id='block_1_105' title="bbox 2259 4969 3786 5058">
    <p class='ocr_par' dir='ltr' id='par_1_105' title="bbox 2259 4969 3786 5058">
     <span class='ocr_line' id='line_1_105' title="bbox 2259 4969 3786 5058; baseline -0.004 -17"><span class='ocrx_word' id='word_1_760' title='bbox 2259 4989 2503 5058; x_wconf 70' lang='grc' dir='ltr'>μεν-δίας</span> <span class='ocrx_word' id='word_1_761' title='bbox 2567 4985 2741 5055; x_wconf 70' lang='grc' dir='ltr'>ἄμφω</span> <span class='ocrx_word' id='word_1_762' title='bbox 2809 4985 2892 5039; x_wconf 90' lang='grc' dir='ltr'>τὼ</span> <span class='ocrx_word' id='word_1_763' title='bbox 2963 4982 3225 5049; x_wconf 57' lang='lat' dir='ltr'><strong>ﬂatantes</strong></span> <span class='ocrx_word' id='word_1_764' title='bbox 3262 5020 3276 5046; x_wconf 92' lang='lat'><strong>,</strong></span> <span class='ocrx_word' id='word_1_765' title='bbox 3351 4981 3511 5036; x_wconf 73' lang='grc' dir='ltr'><em>ἀλλὰ</em></span> <span class='ocrx_word' id='word_1_766' title='bbox 3564 4969 3786 5044; x_wconf 71' lang='grc' dir='ltr'><strong>μεθῆκσε</strong></span> 
     </span>
    </p>
   </div>
   <div class='ocr_carea' id='block_1_106' title="bbox 2258 5062 3786 5145">
    <p class='ocr_par' dir='ltr' id='par_1_106' title="bbox 2258 5062 3786 5145">
     <span class='ocr_line' id='line_1_106' title="bbox 2258 5062 3786 5145; baseline -0.016 -11"><span class='ocrx_word' id='word_1_767' title='bbox 2258 5079 2480 5145; x_wconf 83' lang='grc' dir='ltr'>αὐτοὺς</span> <span class='ocrx_word' id='word_1_768' title='bbox 2544 5079 2697 5133; x_wconf 82' lang='grc' dir='ltr'>οὕτω</span> <span class='ocrx_word' id='word_1_769' title='bbox 2771 5077 2848 5144; x_wconf 81' lang='grc' dir='ltr'>δὴ</span> <span class='ocrx_word' id='word_1_770' title='bbox 2915 5076 3310 5131; x_wconf 78' lang='grc' dir='ltr'>ἐπιπλεῒστον</span> <span class='ocrx_word' id='word_1_771' title='bbox 3379 5072 3490 5139; x_wconf 80' lang='grc' dir='ltr'><strong>τὴν</strong></span> <span class='ocrx_word' id='word_1_772' title='bbox 3544 5062 3786 5129; x_wconf 70' lang='grc' dir='ltr'><strong>ἀλλήλων</strong></span> 
     </span>
    </p>
   </div>
   <div class='ocr_carea' id='block_1_107' title="bbox 2257 5154 3784 5240">
    <p class='ocr_par' dir='ltr' id='par_1_107' title="bbox 2257 5154 3784 5240">
     <span class='ocr_line' id='line_1_107' title="bbox 2257 5154 3784 5240; baseline -0.016 -16"><span class='ocrx_word' id='word_1_773' title='bbox 2257 5169 2838 5240; x_wconf 64' lang='grc' dir='ltr'>ἐπιλυμαιιοομένους</span> <span class='ocrx_word' id='word_1_774' title='bbox 2875 5169 2944 5222; x_wconf 75' lang='grc'><strong>⁷⁸.</strong></span> <span class='ocrx_word' id='word_1_775' title='bbox 2999 5170 3069 5221; x_wconf 85' lang='lat' dir='ltr'><strong>El</strong></span> <span class='ocrx_word' id='word_1_776' title='bbox 3101 5167 3178 5235; x_wconf 83' lang='grc' dir='ltr'>δὴ</span> <span class='ocrx_word' id='word_1_777' title='bbox 3209 5162 3323 5222; x_wconf 80' lang='grc' dir='ltr'><strong>οὖν</strong></span> <span class='ocrx_word' id='word_1_778' title='bbox 3363 5165 3480 5218; x_wconf 78' lang='grc' dir='ltr'><strong>νῦν</strong></span> <span class='ocrx_word' id='word_1_779' title='bbox 3521 5157 3661 5229; x_wconf 71' lang='grc' dir='ltr'>γοῦν</span> <span class='ocrx_word' id='word_1_780' title='bbox 3684 5154 3784 5204; x_wconf 72' lang='grc' dir='ltr'>ἐστι</span> 
     </span>
    </p>
   </div>
   <div class='ocr_carea' id='block_1_108' title="bbox 2257 5247 3780 5332">
    <p class='ocr_par' dir='ltr' id='par_1_108' title="bbox 2257 5247 3780 5332">
     <span class='ocr_line' id='line_1_108' title="bbox 2257 5247 3780 5332; baseline 0.006 -14"><span class='ocrx_word' id='word_1_781' title='bbox 2257 5279 2360 5318; x_wconf 82' lang='grc' dir='ltr'><strong>σοι</strong></span> <span class='ocrx_word' id='word_1_782' title='bbox 2396 5261 2758 5332; x_wconf 74' lang='grc' dir='ltr'>βουλομένῳ</span> <span class='ocrx_word' id='word_1_783' title='bbox 2783 5261 3116 5331; x_wconf 74' lang='grc' dir='ltr'>διαλλαγὰς</span> <span class='ocrx_word' id='word_1_784' title='bbox 3160 5259 3525 5322; x_wconf 71' lang='grc' dir='ltr'><strong>ποιήσασθαι</strong></span> <span class='ocrx_word' id='word_1_785' title='bbox 3559 5248 3648 5306; x_wconf 57' lang='grc' dir='ltr'><strong>καί</strong></span> <span class='ocrx_word' id='word_1_786' title='bbox 3675 5247 3780 5332; x_wconf 34' lang='grc' dir='ltr'><strong>ξυίῆ</strong></span> 
     </span>
    </p>
   </div>
   <div class='ocr_carea' id='block_1_109' title="bbox 2257 5331 3777 5423">
    <p class='ocr_par' dir='ltr' id='par_1_109' title="bbox 2257 5331 3777 5423">
     <span class='ocr_line' id='line_1_109' title="bbox 2257 5331 3777 5423; baseline -0.009 -13"><span class='ocrx_word' id='word_1_787' title='bbox 2257 5353 2470 5422; x_wconf 79' lang='grc' dir='ltr'>θήκας,</span> <span class='ocrx_word' id='word_1_788' title='bbox 2501 5331 2610 5423; x_wconf 67' lang='grc' dir='ltr'>ἄγε</span> <span class='ocrx_word' id='word_1_789' title='bbox 2642 5351 2801 5420; x_wconf 80' lang='grc' dir='ltr'>ὅπως</span> <span class='ocrx_word' id='word_1_790' title='bbox 2831 5351 3015 5419; x_wconf 85' lang='grc' dir='ltr'>αὐτὸς</span> <span class='ocrx_word' id='word_1_791' title='bbox 3056 5348 3174 5422; x_wconf 77' lang='grc' dir='ltr'><strong>μὲν</strong></span> <span class='ocrx_word' id='word_1_792' title='bbox 3193 5351 3258 5418; x_wconf 86' lang='grc' dir='ltr'><strong>ἐς</strong></span> <span class='ocrx_word' id='word_1_793' title='bbox 3291 5343 3673 5418; x_wconf 77' lang='grc' dir='ltr'>Τραπεζοῦντα</span> <span class='ocrx_word' id='word_1_794' title='bbox 3699 5331 3777 5396; x_wconf 69' lang='grc' dir='ltr'><strong>τὴν</strong></span> 
     </span>
    </p>
   </div>
   <div class='ocr_carea' id='block_1_110' title="bbox 1848 5530 2527 5590">
    <p class='ocr_par' dir='ltr' id='par_1_110' title="bbox 1848 5530 2527 5590">
     <span class='ocr_line' id='line_1_110' title="bbox 1848 5530 2527 5590; baseline -0.004 -1"><span class='ocrx_word' id='word_1_795' title='bbox 1848 5532 2084 5589; x_wconf 75' lang='lat' dir='ltr'><strong>VARUE</strong></span> <span class='ocrx_word' id='word_1_796' title='bbox 2116 5530 2527 5590; x_wconf 84' lang='lat' dir='ltr'><strong>LECTIONES.</strong></span> 
     </span>
    </p>
   </div>
   <div class='ocr_carea' id='block_1_111' title="bbox 624 5645 2411 5722">
    <p class='ocr_par' dir='ltr' id='par_1_111' title="bbox 624 5645 2411 5722">
     <span class='ocr_line' id='line_1_111' title="bbox 624 5645 2411 5722; baseline 0.001 -19"><span class='ocrx_word' id='word_1_797' title='bbox 624 5645 682 5722; x_wconf 52' lang='grc' dir='ltr'><strong>’ξ</strong></span> <span class='ocrx_word' id='word_1_798' title='bbox 802 5647 1008 5722; x_wconf 29' lang='grc' dir='ltr'>ἃνᾼοιη.</span> <span class='ocrx_word' id='word_1_799' title='bbox 1178 5650 1225 5683; x_wconf 74' lang='grc'><strong>⁸⁸</strong></span> <span class='ocrx_word' id='word_1_800' title='bbox 1253 5649 1482 5722; x_wconf 72' lang='grc' dir='ltr'>ἠνύσθαι</span> <span class='ocrx_word' id='word_1_801' title='bbox 1515 5651 1578 5706; x_wconf 81' lang='grc' dir='ltr'>τὸ</span> <span class='ocrx_word' id='word_1_802' title='bbox 1603 5650 1764 5722; x_wconf 75' lang='grc' dir='ltr'>ἔργον</span> <span class='ocrx_word' id='word_1_803' title='bbox 1799 5650 1865 5716; x_wconf 76' lang='grc' dir='ltr'>Β,</span> <span class='ocrx_word' id='word_1_804' title='bbox 1896 5651 1957 5702; x_wconf 78' lang='grc' dir='ltr'><strong>τὸ</strong></span> <span class='ocrx_word' id='word_1_805' title='bbox 1987 5649 2108 5722; x_wconf 80' lang='grc' dir='ltr'>ἐργ,</span> <span class='ocrx_word' id='word_1_806' title='bbox 2144 5652 2233 5722; x_wconf 71' lang='grc' dir='ltr'><strong>ὴν.</strong></span> <span class='ocrx_word' id='word_1_807' title='bbox 2267 5651 2411 5722; x_wconf 67' lang='lat' dir='ltr'><strong>vulg.</strong></span> 
     </span>
    </p>
   </div>
   <div class='ocr_carea' id='block_1_112' title="bbox 1469 5719 3058 5793">
    <p class='ocr_par' dir='ltr' id='par_1_112' title="bbox 1469 5719 3058 5793">
     <span class='ocr_line' id='line_1_112' title="bbox 1469 5719 3058 5793; baseline -0.001 -18"><span class='ocrx_word' id='word_1_808' title='bbox 1469 5722 1517 5754; x_wconf 81' lang='lat'><strong>&#39;°</strong></span> <span class='ocrx_word' id='word_1_809' title='bbox 1562 5719 1864 5793; x_wconf 77' lang='grc' dir='ltr'>διήμαρτεν</span> <span class='ocrx_word' id='word_1_810' title='bbox 1918 5719 2028 5790; x_wconf 78' lang='grc' dir='ltr'>τῆς</span> <span class='ocrx_word' id='word_1_811' title='bbox 2070 5721 2267 5793; x_wconf 85' lang='grc' dir='ltr'>πείρας</span> <span class='ocrx_word' id='word_1_812' title='bbox 2313 5719 2404 5789; x_wconf 60' lang='grc' dir='ltr'><strong>ΒΣ,</strong></span> <span class='ocrx_word' id='word_1_813' title='bbox 2447 5721 2548 5792; x_wconf 78' lang='grc' dir='ltr'>τῆς</span> <span class='ocrx_word' id='word_1_814' title='bbox 2620 5722 2746 5791; x_wconf 87' lang='grc' dir='ltr'>πείρ</span> <span class='ocrx_word' id='word_1_815' title='bbox 2820 5721 2864 5774; x_wconf 82' lang='grc' dir='ltr'>δ.</span> <span class='ocrx_word' id='word_1_816' title='bbox 2912 5719 3058 5791; x_wconf 72' lang='lat' dir='ltr'><strong>vulg.</strong></span> 
     </span>
    </p>
   </div>
   <div class='ocr_carea' id='block_1_113' title="bbox 563 5715 1365 5794">
    <p class='ocr_par' dir='ltr' id='par_1_113' title="bbox 563 5715 1365 5794">
     <span class='ocr_line' id='line_1_113' title="bbox 563 5715 1365 5794; baseline 0.009 -25"><span class='ocrx_word' id='word_1_817' title='bbox 563 5715 616 5749; x_wconf 75' lang='grc' dir='ltr'>σι</span> <span class='ocrx_word' id='word_1_818' title='bbox 662 5717 796 5772; x_wconf 77' lang='grc' dir='ltr'><strong>ἀλλά</strong></span> <span class='ocrx_word' id='word_1_819' title='bbox 851 5720 932 5794; x_wconf 81' lang='lat' dir='ltr'><strong>_n.</strong></span> <span class='ocrx_word' id='word_1_820' title='bbox 1015 5721 1084 5794; x_wconf 57' lang='lat'><strong>3’</strong></span> <span class='ocrx_word' id='word_1_821' title='bbox 1126 5715 1365 5794; x_wconf 75' lang='grc' dir='ltr'>περιά.</span> 
     </span>
    </p>
   </div>
   <div class='ocr_carea' id='block_1_114' title="bbox 566 5789 1080 5861">
    <p class='ocr_par' dir='ltr' id='par_1_114' title="bbox 566 5789 1080 5861">
     <span class='ocr_line' id='line_1_114' title="bbox 566 5789 1080 5861; baseline 0.004 -19"><span class='ocrx_word' id='word_1_822' title='bbox 566 5789 991 5861; x_wconf 81' lang='grc' dir='ltr'>ιινμαινομένους</span> <span class='ocrx_word' id='word_1_823' title='bbox 1014 5791 1080 5844; x_wconf 86' lang='lat' dir='ltr'><strong>R.</strong></span> 
     </span>
    </p>
   </div>
   <div class='ocr_carea' id='block_1_115' title="bbox 2916 5627 3776 5720">
    <p class='ocr_par' dir='ltr' id='par_1_115' title="bbox 2916 5627 3776 5720">
     <span class='ocr_line' id='line_1_115' title="bbox 2916 5627 3776 5720; baseline 0.048 -40"><span class='ocrx_word' id='word_1_824' title='bbox 2916 5649 2959 5681; x_wconf 75' lang='lat' dir='ltr'><strong>cr</strong></span> <span class='ocrx_word' id='word_1_825' title='bbox 2990 5650 3017 5702; x_wconf 69' lang='grc' dir='ltr'>ὁ</span> <span class='ocrx_word' id='word_1_826' title='bbox 3049 5644 3461 5720; x_wconf 43' lang='grc' dir='ltr'>στρατηγῶνᾴῆ</span> <span class='ocrx_word' id='word_1_827' title='bbox 3602 5649 3696 5720; x_wconf 64' lang='grc' dir='ltr'><strong>⁰Ἦ’</strong></span> <span class='ocrx_word' id='word_1_828' title='bbox 3719 5627 3776 5720; x_wconf 38' lang='lat' dir='ltr'><strong>Ei</strong></span> 
     </span>
    </p>
   </div>
   <div class='ocr_carea' id='block_1_116' title="bbox 2511 5646 3776 5770">
    <p class='ocr_par' dir='ltr' id='par_1_116' title="bbox 2511 5646 3776 5770">
     <span class='ocr_line' id='line_1_116' title="bbox 2511 5646 3776 5720; baseline -0.006 -15"><span class='ocrx_word' id='word_1_829' title='bbox 2511 5651 2559 5682; x_wconf 81' lang='lat'>“</span> <span class='ocrx_word' id='word_1_830' title='bbox 2609 5650 2717 5719; x_wconf 82' lang='grc' dir='ltr'><strong>ὅπη</strong></span> <span class='ocrx_word' id='word_1_831' title='bbox 2739 5646 2809 5702; x_wconf 71' lang='grc' dir='ltr'><strong>Β.</strong></span> <span class='ocrx_word' id='word_1_832' title='bbox 2916 5649 2959 5681; x_wconf 82' lang='grc'><strong>⁸⁷</strong></span> <span class='ocrx_word' id='word_1_833' title='bbox 2990 5650 3017 5702; x_wconf 84' lang='grc' dir='ltr'>ὁ</span> <span class='ocrx_word' id='word_1_834' title='bbox 3049 5646 3370 5720; x_wconf 82' lang='grc' dir='ltr'>στρατηγῶν</span> <span class='ocrx_word' id='word_1_835' title='bbox 3399 5646 3461 5698; x_wconf 82' lang='lat' dir='ltr'><strong>R.</strong></span> <span class='ocrx_word' id='word_1_836' title='bbox 3494 5646 3552 5710; x_wconf 86' lang='grc' dir='ltr'>δὴ</span> <span class='ocrx_word' id='word_1_837' title='bbox 3602 5649 3696 5690; x_wconf 81' lang='lat' dir='ltr'><strong>Om-</strong></span> <span class='ocrx_word' id='word_1_838' title='bbox 3728 5646 3776 5680; x_wconf 83' lang='lat'><strong>“-</strong></span> 
     </span>
     <span class='ocr_line' id='line_1_117' title="bbox 2519 5702 3776 5770; baseline 0 0"><span class='ocrx_word' id='word_1_839' title='bbox 2519 5738 2548 5770; x_wconf 74' lang='grc' dir='ltr'><strong>ε</strong></span> <span class='ocrx_word' id='word_1_840' title='bbox 2620 5722 2746 5770; x_wconf 83' lang='grc' dir='ltr'>πείο</span> <span class='ocrx_word' id='word_1_841' title='bbox 2820 5721 2864 5770; x_wconf 83' lang='grc' dir='ltr'>δ.</span> <span class='ocrx_word' id='word_1_842' title='bbox 2912 5719 3058 5770; x_wconf 83' lang='lat' dir='ltr'><strong>vula.</strong></span> <span class='ocrx_word' id='word_1_843' title='bbox 3158 5719 3199 5749; x_wconf 86' lang='lat'>&quot;</span> <span class='ocrx_word' id='word_1_844' title='bbox 3255 5735 3313 5770; x_wconf 85' lang='grc' dir='ltr'><strong>τε</strong></span> <span class='ocrx_word' id='word_1_845' title='bbox 3357 5716 3429 5770; x_wconf 83' lang='grc' dir='ltr'>ὧν</span> <span class='ocrx_word' id='word_1_846' title='bbox 3476 5710 3534 5764; x_wconf 72' lang='grc' dir='ltr'><strong>Β.</strong></span> <span class='ocrx_word' id='word_1_847' title='bbox 3639 5705 3677 5737; x_wconf 78' lang='grc'><strong>⁷¹</strong></span> <span class='ocrx_word' id='word_1_848' title='bbox 3716 5702 3776 5752; x_wconf 58' lang='grc' dir='ltr'><strong>επ</strong></span> 
     </span>
    </p>
   </div>
  </div>
