4060 6424
344 358 488 430 1445
1519 360 2067 427 HISTORIARUM
2095 361 2339 425 LIBER
2362 365 2480 427 III.
3499 363 3657 427 141s6

337 476 530 529 πόλιν
554 472 672 542 τὴν
714 473 1020 543 Ποντικὴν
1049 469 1172 544 ἅμα
1217 473 1300 540 τῷ
1338 474 1578 544 στρατῷ
1606 473 1950 544 μεταϐήσῃ,

2059 487 2149 541 ρει·
2175 473 2345 527 otium
2397 490 2646 543 agamus,
2705 476 2832 545 fidis
2870 484 3078 534 utentes
3126 480 3513 549 internuntiis;
3552 477 3660 540 nisi

336 562 559 619 ἐνθάδε
611 564 682 617 δὲ
713 565 889 635 ἡμεῖς
932 566 1237 637 μενοῦμεν
1286 568 1342 621 οι
1395 565 1623 634 Πέρσαι
1645 582 1657 595 ·
1691 565 1848 618 οὕτω
1885 579 1953 616 τε

2059 580 2173 617 vero
2214 564 2388 618 volens
2417 583 2481 619 ac
2509 566 2681 622 libens
2700 570 2993 624 exercitum
3018 571 3143 626 hinc
3170 571 3482 642 abduxeris,
3502 577 3660 637 scito.

336 654 415 710 τὰ
459 654 509 685 ⁷³
560 651 666 720 τῆς
708 654 1046 725 ἐκεχειρίας
1092 656 1496 726 σχολαίτερον
1528 652 1950 724 διαλεξόμεθα,

2059 670 2089 706 ο
2130 653 2283 720 bene,
2342 655 2483 724 quod
2536 671 2630 725 per
2681 657 2787 711 vim
2840 658 3237 729 proﬂigaberis.
3288 663 3663 719 Certissimam

337 744 586 811 πιστοῖς
615 745 911 816 χρώμενοι
932 747 1415 817 ἁγγελιαφόροις.
1444 748 1513 800 El
1541 745 1655 817 γὰρ
1674 745 1762 817 μὴ
1797 744 1954 799 ἑκὼν

2059 744 2200 798 enim
2237 743 2402 799 habeo
2429 745 2709 801 victoriam
2737 787 2752 813 ,
2784 764 3007 820 eamque
3021 751 3190 806 nihilo
3217 754 3503 824 difﬁcilius
3527 759 3661 811 nti/ti

340 832 430 906 [P.
472 831 567 906 95]
606 832 764 889 εἶναι
795 834 1050 902 ἀπάξεις
1095 835 1342 890 ἐνθένδε
1390 835 1439 867 ⁷⁸
1477 834 1546 889 τὸ
1579 833 1949 905 στράτευμα,

2059 836 2357 901 comparavi
2386 852 2548 906 quam
2575 837 2713 893 hanc
2740 841 3124 904 possessionem
3156 857 3180 908 ,°
3225 843 3505 916 simulque
3542 847 3663 903 hau:

340 923 489 989 ισθι,
545 918 595 977 ὦ
644 923 910 992 γενναῖε,
960 924 1043 991 ὡς
1077 923 1231 991 πρὸς
1257 923 1531 994 ἀνάγκης
1560 924 1949 995 ἀπελαθήσῃ.

2059 923 2271 991 dicens,
2329 928 2618 994 annulum,
2672 945 2840 1001 quem
2871 933 3139 1002 gestabat,
3195 937 3539 992 ostendebat.
3579 939 3661 992 Ad

338 1016 717 1070 Βεϐαιότατα
757 1015 872 1085 γὰρ
896 1014 1013 1085 ἐγὼ
1051 1014 1171 1083 τὴν
1212 1016 1395 1084 νίκην
1420 1016 1561 1084 ἔχω,
1594 1014 1695 1069 καί
1729 1015 1954 1085 περιϐέ-

2059 1018 2175 1074 haec
2212 1019 2514 1090 subjiciens
2546 1020 2862 1079 Martinus:
2896 1021 2991 1089 .Et
3024 1023 3191 1093 mihi,
3231 1026 3433 1098 inquit,
3472 1045 3581 1098 pax
3604 1031 3660 1083 in

339 1110 568 1178 ϐλημαι
601 1108 649 1149 ⁷⁸
673 1109 748 1162 οὐ
773 1106 1194 1177 χαλεπώτερον
1238 1108 1278 1177 ἢ
1311 1107 1449 1161 τόδε
1471 1107 1537 1161 τὸ
1570 1107 1795 1178 κτῆμα.
1837 1107 1948 1163 Καὶ

2059 1111 2189 1165 votis
2216 1126 2525 1182 summoque
2552 1113 2613 1166 in
2641 1114 2812 1183 pretio
2851 1122 2953 1180 est,
3001 1124 3154 1180 teque
3197 1132 3317 1171 eam
3350 1135 3659 1189 proponen-

339 1200 461 1272 ἅμα
477 1200 676 1270 λέγων,
695 1200 787 1253 τὸν
802 1199 1088 1254 δακτύλιον
1114 1199 1465 1253 ἐπεδείκνυεν
1487 1197 1535 1230 ⁷⁸
1550 1197 1610 1252 ὃν
1627 1199 1948 1269 ἐπεφέρετο.

2059 1208 2161 1256 tem
2205 1211 2257 1257 et
2296 1204 2709 1260 constituentem
2751 1207 2987 1276 juvabo;
3030 1207 3218 1263 melius
3266 1225 3388 1263 vero
3421 1213 3532 1265 [nec
3559 1227 3655 1265 nos

340 1291 492 1363 Πρὸς
510 1288 689 1346 ταῦτα
708 1290 767 1344 δὲ
793 1290 1080 1344 ὑπολαϐών
1097 1307 1111 1321 ·
1153 1291 1326 1344 Ἀλλ’
1345 1289 1566 1359 ἔμοιγε,
1595 1292 1623 1343 6
1649 1291 1949 1361 Μαρτϊνος,

2059 1289 2381 1359 perfecturos
2409 1294 2667 1360 putarim,
2698 1294 2745 1347 si
2767 1304 2825 1349 tu
2854 1311 3015 1365 quam
3046 1296 3299 1351 citissime
3328 1298 3383 1351 in
3420 1296 3658 1352 Iberiam

349 1384 581 1440 εὐκτὸν
606 1384 727 1454 μὲν
759 1385 798 1453 ἡ
845 1382 1056 1452 είρήνη
1091 1382 1260 1436 δοκεῖ
1299 1382 1399 1436 καὶ
1431 1382 1806 1452 τιμιώτατον,
1853 1381 1954 1436 καί

2059 1389 2107 1434 te
2139 1382 2502 1450 transtuleris,
2559 1385 2722 1454 182
2756 1403 2850 1456 ego
2884 1403 3005 1441 vero
3034 1387 3362 1443 Muchirisim
3391 1407 3473 1444 me
3511 1408 3654 1444 rece-

342 1475 764 1545 συλλήψομαι
795 1489 897 1529 σοι
934 1474 1369 1543 προσαγομένῳ
1395 1490 1460 1526 τε
1504 1472 1702 1542 αὐτὴν
1728 1473 1828 1526 καί
1858 1488 1954 1526 κα-

2059 1487 2203 1541 pero,
2262 1483 2422 1546 atque
2453 1476 2532 1529 ita
2573 1477 2637 1531 de
2696 1477 2855 1532 rebus
2904 1480 3107 1533 nostris
3162 1480 3526 1550 dispiciemus.
3582 1485 3655 1537 De

344 1566 635 1623 θιστῶντι
653 1583 668 1598 ο
709 1566 958 1636 ἄμεινον
1005 1564 1095 1628 δὲ,
1148 1561 1330 1634 οἴμαι,
1384 1565 1574 1620 ταῦτα
1620 1564 1952 1634 δράσωμεν

2059 1563 2281 1618 victoria
2335 1581 2455 1619 vero
2494 1564 2654 1620 liceat
2706 1566 2802 1621 tibi
2848 1566 3182 1636 jactabunde
3230 1584 3656 1640 arroganterque

342 1660 447 1727 ἂν,
474 1660 601 1731 ειγε
637 1660 720 1715 σὺ
743 1659 865 1730 μὲν
899 1658 981 1725 ὡς
1008 1657 1266 1727 τάχιστα
1292 1658 1358 1725 ἐς
1399 1659 1661 1726 Ἰϐηρίαν
1680 1674 1950 1728 μεταχω-

2064 1651 2230 1724 loqui,
2260 1670 2480 1725 eamque
2515 1657 2656 1710 inter
2684 1657 2891 1712 uenales
2923 1667 2975 1712 et
3024 1669 3209 1713 nostro
3256 1661 3483 1715 arbitrio
3523 1662 3651 1717 sub-

334 1754 585 1825 ρήσεις,
620 1750 737 1823 ἐγὼ
772 1751 843 1806 δὲ
874 1752 1208 1821 ἐλεύσομαι
1233 1752 1299 1819 ἐς
1342 1752 1754 1820 Μουχείρισιν.
1789 1751 1953 1806 Οὕτω

2059 1741 2226 1814 jectas
2253 1762 2318 1800 ac
2346 1748 2612 1816 parabiles
2642 1765 2721 1802 res
2752 1748 3034 1806 collocare.
3078 1750 3192 1822 Ego
3248 1768 3370 1808 vero
3397 1755 3653 1809 victorias

344 1813 419 1900 ὶέ
448 1845 523 1899 τὰ
539 1813 625 1899 ἐν
652 1813 800 1897 ,ποσί
849 1813 1317 1912 διασκεψῖόμεθα.
1358 1813 1582 1911 Τῆς-’δέ
1598 1842 1777 1910 νίκης
1818 1841 1953 1909 πέρι

2059 1835 2160 1890 Dei
2206 1837 2365 1891 unius
2418 1839 2689 1893 voluntate
2734 1840 2928 1895 librari
2985 1858 3171 1899 censeo
3203 1860 3422 1915 eamque
3454 1849 3653 1901 nonad

343 1936 452 1990 σοι
479 1935 601 2006 μὲν
626 1933 853 2001 ἐξέστω
877 1935 1289 2004 μεγαλαυχεῖν
1316 1933 1400 2000 τῷ
1433 1934 1596 2004 λόγῳ
1627 1934 1727 1988 καί
1761 1934 1951 1987 αὐθα-

342 2026 676 2093 διαζεσθαι,
724 2025 827 2080 καί
878 2024 998 2079 τῶν
1036 2025 1334 2095 ἀγοραίων
1373 2024 1573 2094 αὐτὴν
1607 2024 1708 2107 erat
1751 2025 1955 2078 αὐθαιο

337 2117 544 2191 ρέτων
589 2115 868 2188 ἡγεῖσθαι
904 2115 1241 2186 κτημάτων.
1322 2115 1471 2186 Ἐγὼ
1516 2114 1585 2169 δὲ
1626 2115 1728 2171 καί
1774 2114 1955 2169 τοῦτό

350 2227 519 2280 φημι
560 2207 637 2279 τῇ
696 2207 803 2263 τοῦ
846 2209 1191 2277 κρείττονος
1231 2208 1704 2262 ταλαντεύεσθαι
1747 2205 1951 2278 γνώμῃ

345 2303 453 2359 καί
503 2303 578 2357 οὐ
622 2300 783 2369 παρὰ
828 2301 970 2364 τοὺς
1024 2299 1182 2370 μέγα
1234 2298 1734 2369 ,βρενθυομένους
1778 2298 1949 2364 ἱέναι,

348 2396 493 2451 ἀλλ’
514 2394 604 2464 ἐφ’
630 2393 739 2460 οὓς
758 2392 837 2448 ἂν
856 2396 891 2449 d
909 2391 1152 2447 πάντων
1190 2392 1539 2462 προαγωγὸς
1564 2391 1857 2460 ἐπινεύσῃ
1881 2390 1949 2446 ⁷⁷.

349 2486 514 2542 οὕτω
534 2486 594 2540 δὲ
614 2485 708 2539 τοῦ
730 2485 1006 2557 Μαρτὶνου
1028 2482 1386 2556 ἀνδρειότατά
1407 2500 1467 2538 τε
1489 2484 1587 2537 καὶ
1616 2483 1763 2554 μάλα
1786 2483 1954 2548 ὁσίως

351 2576 827 2650 ἀποκριναμένου,
860 2576 958 2630 καὶ
995 2576 1042 2609 ⁷⁸
1069 2578 1137 2648 τῇ
1171 2574 1267 2629 τοῦ
1304 2575 1584 2646 βαρϐάρου
1614 2577 1954 2646 νεμεσήσαν-

351 2686 447 2736 τος
480 2668 775 2741 ἀλαζονείᾳ
806 2667 963 2722 οὐδὲν
1005 2667 1064 2722 δὲ
1111 2666 1292 2721 ὁτιοῦν
1341 2666 1606 2739 προελθὸν
1645 2668 1949 2738 είρηναῖον,

349 2761 713 2835 διεκρίθησαν
744 2759 841 2815 ἀπ’
874 2758 1141 2831 ἀλλήλων.
1172 2760 1286 2814 Καὶ
1315 2761 1344 2814 6
1375 2758 1475 2830 μὲν
1518 2760 1577 2822 ἐς
1623 2759 1688 2812 τὸ
1722 2758 1953 2828 στρατό-

355 2854 543 2923 πεδον,
567 2852 837 2923 ἐπανῆκε,
871 2851 1151 2923 Μαρτῖνος
1196 2850 1254 2905 δὲ
1296 2851 1356 2915 ἐς
1393 2850 1491 2923 τὴν
1539 2850 1744 2920 Νῆσον.
1776 2849 1869 2919 Τῷ
1894 2849 1952 2903 δὲ

2058 1928 2331 1998 fastuosos
2387 1931 2641 2001 valdeque
2667 1932 2835 1986 elatos
2858 1948 3087 2003 vergere,
3111 1936 3202 1988 sed
3231 1936 3301 1989 ad
3328 1953 3442 2000 eos,
3462 1937 3653 2008 quibus

2053 2021 2150 2076 ille
2190 2024 2429 2076 omnium
2464 2026 2757 2092 productor
2808 2035 2967 2097 atque
3023 2027 3331 2082 moderator
3381 2030 3653 2084 annuet-it.

2054 2113 2188 2170 Haec
2215 2129 2343 2171 eum
2381 2114 2649 2171 Martinus
2678 2126 3002 2186 perstrenue
3031 2119 3533 2191 bonesﬁssimeque
3561 2137 3654 2177 re-

2064 2206 2405 2277 spondisset,
2435 2207 2656 2262 barbari
2688 2209 3003 2280 arrOgantia
3058 2211 3329 2277 oﬂensus,
3391 2228 3525 2283 pace
3565 2214 3654 2267 in.

2056 2297 2225 2365 lecta,
2266 2315 2297 2353 a
2328 2309 2524 2354 mutuo
2580 2300 2859 2371 colloquio
2907 2302 3323 2371 discesserunt;
3368 2313 3536 2374 atque
3566 2304 3658 2361 hic

2055 2389 2282 2461 quidem
2337 2392 2404 2446 ad
2440 2406 2646 2458 casura,
2702 2391 2976 2451 Martinus
3009 2411 3140 2452 vero
3203 2396 3258 2450 in
3319 2397 3559 2452 Insulam
3596 2410 3656 2453 se

2055 2482 2280 2551 recepit.
2316 2481 2674 2554 Nachoragan
2701 2494 2887 2541 autem
2920 2501 3271 2556 nequaquam
3303 2487 3376 2543 ibi
3409 2502 3651 2543 commo-

2054 2574 2288 2629 randum
2327 2589 2584 2638 censens,
2632 2577 2698 2631 ad
2736 2575 3031 2633 Phasidem
3076 2580 3267 2634 urbem
3312 2595 3373 2635 se
3403 2579 3657 2637 conferre

2055 2666 2273 2730 statuit,
2312 2681 2488 2737 eoque
2525 2667 2709 2741 potius
2736 2667 3018 2726 Romanos
3038 2687 3287 2726 evocare.
3306 2671 3655 2729 Facillimum

2056 2757 2204 2812 enim
2229 2767 2544 2828 expugnato
2571 2758 2683 2814 illic
2712 2773 2838 2816 esse
2867 2763 3343 2832 propugnaculum
3374 2764 3649 2831 audierat,

2053 2849 2255 2920 quippe
2301 2848 2447 2918 quod
2496 2857 2669 2904 totum
2718 2865 2752 2907 e
2805 2851 2970 2923 lignis
3009 2862 3348 2910 exstructum
3386 2859 3554 2921 esset,
3600 2863 3658 2911 et

353 2945 693 3017 Ναχοραγὰν
726 2942 957 3014 μενετέα
990 2942 1089 3012 μὲν
1116 2942 1282 2996 αὑτοῦ
1306 2942 1510 3012 ἥκιστα
1556 2940 1757 3003 ἐδόκει,
1795 2943 1854 3003 ἐς
1895 2938 1953 2992 δὲ

2064 2939 2451 3009 circumjectos
2476 2956 2702 3011 campos
2740 2952 2988 3013 patentes
3040 2956 3097 3000 et
3142 2947 3339 3002 castris
3378 2948 3657 3003 metandi!

352 3037 450 3090 τὸν
489 3035 663 3090 Φάσιν
697 3035 743 3066 ⁷⁵
790 3034 891 3107 τὴν
941 3032 1097 3087 πόλιν
1151 3032 1289 3088 ἰέναι
1337 3033 1616 3096 διενοεῖτο,
1665 3030 1847 3086 ἐκείσέ
1889 3047 1951 3084 τε

2059 3033 2512 3088 accommodatos
2546 3033 2792 3090 haberet.
2832 3037 2999 3107 Atqui
3056 3038 3249 3094 urbem
3297 3037 3591 3096 Phasidem
3621 3056 3655 3096 a

356 3128 567 3202 μᾶλλον
592 3127 996 3183 ἐκκαλέσασθαι
1024 3129 1153 3191 τοὺς
1186 3127 1517 3198 Ῥωμαίους.
1563 3125 1951 3197 Ἐπιμαχὼτα-

2059 3121 2224 3177 ﬂuvio
2254 3122 2304 3176 ei
2333 3123 2662 3192 cognomine
2686 3125 2761 3180 ita
2790 3135 3042 3181 vocatam
3077 3143 3198 3183 esse
3218 3114 3530 3195 ,omnibus,
3562 3145 3654 3185 ar-

351 3238 449 3276 τον
485 3221 598 3292 γὰρ
646 3219 707 3273 τὸ
744 3218 931 3290 ἐκείνῃ
976 3218 1156 3291 ἐρυμα
1203 3213 1343 3273 εἶναι
1387 3219 1685 3282 ἐπέπυστο,
1742 3217 1839 3271 ἅτε
1886 3216 1953 3289 δὴ

2059 3211 2249 3277 bitror,
2274 3221 2359 3267 est
2384 3212 2771 3281 notissimum;
2819 3215 2912 3285 qui
2950 3216 3173 3286 quidem
3210 3216 3411 3273 ﬂuvius
3455 3211 3655 3274 Phasis

353 3311 542 3378 ξύλοις
576 3310 725 3364 ὅιπαν
770 3308 1200 3379 ἐσκευασμένον,
1247 3308 1341 3361 καὶ
1388 3306 1460 3361 τὰ
1503 3308 1740 3378 ἐχόμενα
1792 3306 1954 3360 πεδία

2059 3319 2166 3358 non
2198 3305 2390 3375 procul
2421 3305 2491 3359 ab
2519 3320 2584 3360 ea
2612 3304 2753 3373 ﬂuit,
2790 3316 2845 3362 et
2883 3308 3030 3363 circa
3072 3309 3246 3378 ipsam
3281 3309 3337 3364 in
3370 3309 3653 3365 Euxinum

350 3402 606 3475 εὐόμαλά
633 3402 678 3435 ⁸⁰
698 3419 758 3456 τε
787 3401 882 3455 καὶ
909 3399 1092 3469 ἀγαθὰ
1116 3396 1774 3469 ἐνστρατοπεδεύσασθαι.
1813 3396 1954 3467 Ἤδη

2059 3395 2291 3452 Pontum
2322 3395 2515 3451 fertur.
2562 3397 2645 3453 Ad
2692 3399 2847 3456 littus
2900 3400 3048 3455 enim
3104 3410 3161 3456 et
3206 3401 3348 3458 ostia
3390 3405 3525 3459 urbs
3550 3402 3693 3459 sitax

349 3496 413 3551 δὲ
455 3496 491 3566 ή
522 3494 679 3557 πόλις
703 3494 732 3548 6
761 3493 952 3559 Φάσις,
981 3492 1210 3557 ἅπασιν,
1234 3488 1409 3563 οἶμαι,
1443 3490 1848 3562 διαδηλότατον,
1878 3488 1954 3553 ὡς

2059 3496 2176 3555 est;
2218 3488 2386 3543 distat
2414 3496 2598 3543 autem
2632 3489 2702 3546 ab
2738 3490 2918 3546 insula
2949 3504 3046 3548 sex
3084 3508 3365 3549 summum
3390 3508 3657 3564 parasan-

349 3591 425 3643 ἐκ
463 3585 564 3641 τοῦ
610 3584 862 3658 ποταμοῦ
907 3582 1099 3655 εἴληφε
1138 3583 1241 3655 τὴν
1290 3583 1640 3654 ἐπωνυμίαν,
1693 3566 1954 3652 πλησιαί-

2059 3579 2141 3650 gis
2174 3594 2436 3635 occasum
2481 3596 2696 3638 versus.

348 3700 503 3740 τατα
546 3681 928 3755 ὑπορρέοντος,
980 3680 1076 3735 καὶ
1113 3679 1254 3751 ἀμφ’
1284 3678 1453 3751 αὐτὴν
1489 3680 1547 3743 ἐς
1614 3677 1707 3732 τὸν
1778 3675 2031 3741 Εὔξεινον
2071 3674 2267 3730 πόντον
2315 3676 2785 3749 ἀπερευγομένου.
2820 3677 2967 3749 Πρὸς
3011 3677 3122 3748 γὰρ
3168 3676 3248 3749 τῷ
3290 3677 3525 3749 αἰγιαλῷ
3558 3677 3657 3732 καὶ

347 3780 479 3842 ταῖς
536 3774 787 3840 ἐκϐολαῖς
837 3774 899 3828 τὸ
946 3775 1187 3846 πόλισμα
1247 3774 1495 3848 ἵδρυταιο
1552 3773 1834 3845 ἀφέστηκε
1894 3770 1953 3825 δὲ
1991 3769 2091 3839 τῆς
2136 3769 2325 3841 Νήσου
2364 3770 2426 3838 ἐξ
2468 3770 2710 3842 μάλιστα
2787 3772 3175 3843 παρασάγγαις
3220 3773 3316 3829 ἐπὶ
3393 3771 3657 3843 δυόμενον

394 3871 520 3923 λιον
553 3867 626 3923 ⁸¹.
989 3908 992 3915 .
3504 3866 3509 3867 ⁷

553 3872 604 3901 ιι

347 3872 520 4015 vita":
552 3907 728 4022 Εύθὺς
754 3958 818 4031 δὴ
847 3953 941 4013 οὖν
967 3960 995 4013 6
1023 3956 1357 4030 Ναχοραγὰν
1380 3953 1574 4029 πόρρω
1602 3957 1712 4011 τῶν
1740 3953 1954 4010 νυκτῶν

2126 3947 2287 4019 183
2359 3948 2451 4003 20.
2520 3948 2826 4006 Confestim
2876 3950 3064 4022 itaque
3125 3949 3486 4020 Nacboragan
3570 3953 3647 4005 in-

352 4053 469 4119 τὰς
522 4052 761 4116 ἀκάτους
805 4038 1008 4115 ὁπόσας
1060 4050 1146 4120 ἐφ’
1184 4049 1409 4121 ἁμαξῶν
1443 4051 1707 4120 ἐπήγετο,
1758 4049 1817 4112 ἐς
1863 4046 1954 4100 τδν

2059 4050 2323 4113 tempesta
2373 4049 2536 4098 nocte
2615 4044 2883 4114 scaphis,
2949 4052 3223 4115 quotquot
3261 4059 3449 4099 secum
3497 4044 3651 4113 plau-

353 4144 617 4216 ποταμὸν
649 4142 905 4216 ἐμϐαλὼν
931 4143 1024 4197 καὶ
1051 4142 1343 4210 συζεύξας,
1372 4142 1627 4196 λανθάνει
1652 4143 1780 4205 τοὺς
1821 4140 1954 4193 Ῥω-

2059 4134 2190 4190 stris
2246 4135 2588 4202 advexerat,
2652 4136 2708 4191 in
2753 4135 2959 4190 ﬂumen
3014 4134 3292 4191 immissis
3340 4142 3507 4205 atque
3562 4136 3656 4189 in.

354 4239 569 4313 μαίους
600 4236 849 4308 γέφυράν
889 4235 952 4290 τέ
994 4252 1118 4291 τινα
1165 4235 1226 4302 ἐξ
1264 4237 1573 4307 αὐτομάτου
1619 4235 1954 4305 πηξάμενος,

2059 4236 2143 4286 ter
2198 4242 2258 4283 se
2321 4228 2553 4297 junctis,
2610 4229 2804 4285 insciis
2855 4228 3122 4284 Romanis
3169 4237 3392 4299 pontem
3434 4228 3652 4292 stravit,

350 4333 459 4389 καὶ
493 4332 645 4403 ἅπαν
678 4329 742 4383 τὸ
786 4328 991 4400 πλῆθος
1028 4328 1089 4393 ἐς
1139 4327 1203 4382 τδ
1254 4328 1557 4400 ἀντιπέραν
1602 4328 1954 4392 διαϐιϐάσας·

2059 4331 2115 4377 et
2194 4322 2500 4377 exercitum
2571 4322 2893 4378 universum
2952 4323 3008 4376 in
3089 4322 3400 4392 oppositam
3478 4322 3657 4392 ripam

350 4423 621 4482 ἐϐούλετο
651 4421 763 4493 γὰρ
787 4424 843 4486 ἐς
882 4422 954 4476 τὰ
986 4420 1126 4492 πρὸς
1172 4420 1324 4474 νότον
1361 4422 1563 4491 ἄνεμον
1594 4420 1892 4491 ἀφικέσθαι
1914 4421 1954 4452 ⁸¹

2062 4415 2391 4470 transmisit.
2434 4414 2703 4484 Cupiebat
2749 4416 2892 4469 enim
2923 4413 2979 4468 in
3030 4428 3152 4468 eam
3205 4413 3393 4484 oppidi
3419 4422 3655 4485 partem,

351 4516 457 4574 τοῦ
488 4515 709 4580 ἄστεος,
741 4512 948 4583 δθενδὴ
981 4511 1131 4583 αὐτῷ
1163 4511 1415 4583 οὐδαμῶς
1443 4512 1646 4584 ἠμελλε
1668 4514 1738 4566 τὰ
1770 4512 1954 4583 ρείθρα

2061 4519 2187 4576 qua:
2237 4516 2488 4560 austrum
2522 4513 2752 4575 spectat,
2785 4504 3111 4574 pervenire;
3144 4519 3175 4558 e
3200 4519 3306 4572 qua
3337 4513 3488 4573 parte
3516 4504 3659 4560 Pha-

354 4603 745 4679 τοῦςποταμοῢ
801 4604 1031 4675 κώλυμα
1067 4603 1286 4661 ἔσεσθαι
1337 4602 1417 4675 τῷ
1463 4604 1743 4675 περιϐόλῳ
1792 4603 1954 4660 πελά·

2064 4595 2202 4651 sidis
2262 4596 2468 4653 ﬂuenta
2531 4613 2882 4668 nequaquam
2933 4597 3039 4652 sibi
3098 4597 3494 4667 impedimento
3540 4596 3659 4652 fore

350 4701 512 4769 ζοντι
532 4717 548 4731 ⁸
582 4698 689 4754 ὑπὸ
717 4697 830 4770 γὰρ
862 4696 924 4750 τὸ
967 4695 1218 4768 ἀρκτῷον
1253 4699 1526 4768 καταρρεῖ
1569 4696 1665 4750 καὶ
1693 4694 1954 4766 παρατεί-

2068 4689 2394 4744 videbantur
2455 4704 2618 4745 muro
2680 4687 3174 4760 appropinquanti;
3205 4703 3332 4743 nam
3371 4689 3418 4743 is
3467 4687 3521 4751 in
3557 4689 3658 4742 bo-

356 4810 513 4850 νεται
541 4791 729 4865 μέρος.
766 4789 877 4845 Καὶ
915 4790 944 4842 6
975 4789 1076 4860 μὲν
1103 4788 1247 4859 ἀμφὶ
1274 4787 1335 4842 τὸ
1368 4784 1694 4860 περίορθρον
1721 4788 1861 4859 ἄρας
1890 4788 1959 4841 ἐκ

352 4886 464 4958 τῆς
506 4884 700 4961 ὅχθης,
742 4882 922 4953 εἴχετο
952 4879 1055 4950 τῆς
1099 4878 1349 4950 πορείας,
1379 4881 1477 4933 καὶ
1517 4878 1618 4951 τὴν
1660 4878 1845 4948 Νῆσον
1881 4877 1957 4943 ὡς

354 4979 644 5037 ἀπωτάτω
691 4972 1206 5047 παραμειψάμενος,
1237 4970 1343 5025 ἀνὰ
1386 4970 1454 5024 τὰ
1494 4970 1683 5042 πρόσω
1721 4971 1952 5041 ἐχώρει·

361 5072 523 5145 μόλις
560 5069 619 5125 δὲ
667 5066 801 5139 περὶ
841 5065 1157 5137 πλήθουσαν
1205 5062 1412 5134 ἀγορὰν
1464 5063 1515 5116 ot
1563 5061 1826 5134 Ῥωμαῖοι
1857 5063 1957 5133 τὴν

350 5164 618 5223 διάϐασιν
664 5157 994 5230 ἐγνωκότες,
1042 5153 1482 5226 διεταράχθησαν
1511 5170 1573 5207 τε
1614 5152 1712 5208 καὶ
1749 5153 1796 5186 ⁸³
1828 5153 1958 5224 περὶ

352 5255 624 5311 πλείστου
680 5248 968 5305 ἐποιοῦντο
1008 5244 1352 5317 ,προτερῆσαι
1389 5243 1495 5299 ἀνὰ
1530 5243 1592 5297 τὸ
1645 5243 1783 5298 ἄστυ
1832 5243 1958 5307 τοὺς

354 5351 492 5405 πολε
503 5348 687 5420 μίους.
716 5341 1008 5416 Τοιγάρτοι
1036 5337 1135 5404 τάς
1163 5354 1224 5392 τε
1253 5338 1499 5408 τριήρεις
1527 5335 1621 5390 καὶ
1661 5335 1777 5390 ὅσοι
1802 5352 1959 5406 τρια-

2064 4780 2267 4835 realem
2287 4781 2565 4837 delabitur
2587 4789 2642 4837 et
2664 4781 3006 4851 protenditur
3033 4789 3264 4851 partem.
3294 4777 3659 4848 Nachoragan

2063 4873 2251 4944 itaque
2282 4874 2385 4928 sub
2417 4875 2659 4943 primum
2692 4873 3000 4929 diluculum
3047 4887 3278 4928 movens
3313 4887 3346 4928 e
3396 4872 3509 4941 ripa
3558 4874 3661 4925 iter

2064 4979 2226 5020 suum
2287 4967 2652 5034 continuavit,
2701 4966 3009 5036 .Insulaque
3059 4981 3225 5037 quam
3288 4967 3663 5021 remotissime

2064 5054 2341 5124 praeterita
2364 5053 2431 5110 ad
2463 5056 2724 5117 ulteriora
2742 5056 3038 5128 processit.
3090 5056 3327 5112 Romani
3373 5072 3504 5113 vero
3532 5073 3658 5112 cum

2063 5146 2154 5203 vix
2186 5146 2407 5201 tandem
2441 5148 2573 5203 hora
2605 5148 2714 5204 diei
2743 5156 2902 5204 sexta
2928 5134 3091 5218 pleno
3125 5148 3238 5219 jam
3283 5148 3403 5203 foro
3450 5163 3660 5220 cogno-

2065 5224 2278 5295 vissent
2307 5239 2504 5297 Persas
2530 5241 2735 5297 ﬂumen
2790 5242 3104 5315 trajecisse,
3150 5242 3498 5299 vehementer
3537 5257 3661 5310 per-

2066 5332 2274 5388 turbati
2310 5340 2493 5402 erant,
2537 5349 2868 5406 summaque
2920 5334 2974 5391 vi
3027 5334 3423 5395 adnitebantur
3471 5333 3660 5388 hostes

1666 5476 1907 5534 VARI/[43
1935 5434 2362 5566 bECTIONES.’

434 5633 483 5666 ⁷⁸
502 5629 573 5687 τὰ
614 5643 729 5686 om.
762 5625 833 5681 Β.
924 5622 972 5659 τ*
995 5620 1181 5678 ἐνθάδε
1208 5621 1275 5677 R.

359 5701 649 5758 ἐπινεύσοι
680 5699 828 5767 vulg.
878 5766 884 5767 γ
914 5693 1110 5767 ,τδᾴκαὶ
1166 5701 1295 5767 ante
1319 5688 1387 5767 τῇ
1418 5688 1535 5747 om.
1568 5691 1638 5747 R.

1374 5621 1422 5694 ."
1442 5596 1598 5694 εχιὲυι
1621 5621 1807 5694 metti-
1835 5621 1902 5694 Β·
1944 5693 1954 5694 ί

2074 5620 2421 5694 ἐπεδείκνυεν
2472 5621 2563 5694 8.,
2598 5619 2952 5694 ἐπεδείκνυτο
2983 5620 3173 5694 νυΙςη
3208 5621 3253 5653 ⁷⁷
3289 5616 3551 5686 ἐπινεύσῃ
3585 5611 3656 5675 Pu

1741 5692 1786 5725 "
1819 5692 1909 5747 τὸν
1932 5690 2101 5763 Φάσιν
2124 5691 2192 5756 Β,
2215 5692 2314 5762 τὴν
2344 5693 2408 5745 Φ.
2433 5693 2586 5763 vulg.

2678 5693 2726 5724 ⁸⁸
2749 5691 2997 5762 meum
3036 5680 3111 5762 lt:
3145 5680 3659 5762 ἰιιιρνηεπαθᾳιὶέιιος

357 5757 419 5845 et
438 5757 806 5845 potentiores:
836 5763 1107 5845 εὖέμϐολα
1127 5764 1286 5845 vulg.
1317 5757 1552 5845 Secutus
1590 5776 1732 5845 sum,
1766 5762 2089 5845 constantiae
2119 5757 2309 5845 causa,
2336 5757 2743 5845 auctoritatem
2784 5757 3025 5845 fatidicis,
3071 5761 3131 5845 in
3176 5757 3487 5845 prioribus‘
3509 5765 3658 5845 (ξε-ηε

356 5824 915 5913 ίίιιῖιίξ-ιυςάιιιίεηεὶ
935 5824 1103 5906 longe
1128 5824 1547 5905 préstantioris.
1623 5824 1869 5886 “stadiis
1890 5848 1954 5886 'ce:

2059 5849 2101 5886 ιιι
2130 5824 2305 5907 impr;
2330 5831 2516 5904 (πέντε
2547 5832 2707 5903 παρ.)
2782 5832 2830 5865 ⁸¹
2858 5824 3072 5898 ἱκέσθαι
3092 5829 3156 5887 Β.
3176 5824 3194 5831 ’
3234 5830 3283 5905 Ῥ
3315 5846 3380 5896 γε
3402 5829 3496 5891 καὶ
3516 5824 3583 5881 R.
