4060 6438
510 341 655 407 Hi7

1723 344 2090 410 AGATHI/E
2125 349 2615 417 SCIIOLASTICI
2677 306 2681 310 .

3633 377 3745 449 1448

486 458 664 514 circa
689 457 951 529 oppidum
980 459 1305 531 praevenire.
1332 457 1604 526 Quocirca
1640 461 1957 516 triremibus
1983 475 2091 514 om-

2208 463 2457 539 κόντοροι
2499 468 2842 540 παρώρμουν
2876 468 3286 543 πληρώσαντες,
3320 473 3541 541 ὀξύτατα
3567 482 3640 556 [Ρ.
3669 484 3753 566 υϐῙ

512 550 681 607 nibus
708 559 765 608 et
816 554 1086 611 actuariis
1117 554 1338 623 triginta
1374 566 1650 610 remorum
1681 552 1935 617 navibus,
1955 562 2118 623 quot-

512 648 652 710 quot
676 640 731 695 in
756 652 921 712 portu
956 643 1250 697 stationem
1279 642 1573 706 habebant,
1610 642 1781 699 milite
1805 644 2113 714 completis,

516 735 811 792 celerrime
841 737 1086 793 secundo
1114 735 1342 791 ﬂumine
1363 735 1720 792 'l’erebautur.
1745 737 1814 792 At
1836 738 2117 794 Nacbora-

504 843 622 898 gan
658 843 754 884 eos
780 836 1168 893 anteverterat,
1183 829 1409 900 jamque
1441 829 1509 884 ad
1546 830 1788 885 medium
1839 831 1985 886 inter
2025 831 2114 886 ln-

512 923 692 977 sulam
724 931 778 976 et
809 922 1001 977 urbem
1057 922 1242 978 locum
1299 931 1646 993 pervenerat,
1700 931 1983 994 totamque
2008 924 2112 978 ilu-

512 1014 683 1070 minis
724 1014 1069 1069 latitudinem
1110 1014 1274 1087 lignis
1304 1015 1611 1085 lembisque
1637 1016 1779 1070 inter
1821 1032 1881 1072 se
1902 1017 2111 1087 junctis

507 1105 937 1175 intersepserat;
972 1107 1394 1178 elephantorum
1424 1116 1642 1163 caterva
1669 1117 1814 1164 retro
1838 1108 2106 1179 opposita,

514 1206 783 1265 quantum
815 1206 871 1253 et
900 1212 1195 1269 quousque
1244 1198 1324 1253 illi
1358 1199 1613 1269 progredi
1649 1207 1961 1270 potuerant.
1993 1198 2107 1254 Ro-

510 1272 806 1349 manorum
840 1310 972 1349 vero
998 1295 1193 1352 classis
1223 1295 1444 1351 eminus
1476 1294 1531 1351 id
1571 1296 1908 1365 conspicata,
1945 1294 2108 1368 184

503 1386 733 1456 puppim
771 1386 1004 1452 reflexit,
1039 1387 1337 1458 validoque
1361 1395 1663 1443 retrorsum
1698 1387 1928 1458 remigio
1945 1396 2104 1441 utens

507 1485 564 1530 et
592 1491 787 1546 magna
816 1478 867 1532 vi
898 1494 964 1534 ac
994 1478 1312 1535 diﬂicultate
1344 1488 1539 1535 contra
1589 1480 1881 1534 adversum
1928 1479 2100 1548 rapidi

504 1564 755 1622 ﬂuminis
785 1567 1049 1638 impetum
1081 1569 1287 1635 nitens,
1321 1584 1442 1626 sese
1481 1570 1881 1639 recepit;'duas
1909 1571 2103 1624 nihilo-

502 1657 688 1712 minus
734 1675 902 1714 naves
958 1661 1275 1717 vectoribus
1320 1676 1524 1717 vacuas
1569 1660 1754 1718 Persae,
1799 1670 2097 1733 ceperunt;

506 1748 611 1803 viri
635 1751 805 1816 enim,
845 1767 972 1807 cum
999 1754 1164 1810 etiam
1196 1769 1318 1810 sese
1346 1763 1567 1824 captum
1608 1754 1675 1810 iri
1707 1754 1976 1823 viderent,
2002 1772 2099 1811 un-

500 1841 589 1897 dis
617 1844 832 1911 seipsos
859 1845 1123 1900 audacter
1148 1848 1570 1915 commiserunt,
1606 1864 1706 1920 pro
1752 1850 1981 1920 majore,
2017 1851 2093 1905 uti

503 1933 766 2003 arbitror,
795 1944 851 1991 et
891 1938 1146 2006 praesenti
1207 1940 1452 2010 periculo
1488 1942 1674 1997 minus
1726 1942 2012 2014 eligentes,
2043 1954 2100 2001 et

498 2017 733 2075 fortium
764 2021 1217 2081 incertitudinem
1262 2030 1560 2098 periclitari
1618 2032 1906 2090 malentes.
1944 2034 2097 2102 Quo-

497 2113 644 2168 circa
672 2127 729 2170 et
758 2115 1037 2173 levissime
1067 2118 1122 2173 in
1155 2120 1333 2177 undas
1386 2122 1735 2195 desiliebant,
1793 2136 1849 2184 et
1886 2128 1943 2184 in
1983 2130 2096 2186 imo
2126 2172 2132 2187 η

501 2207 748 2262 maxima
804 2223 871 2263 ex
902 2221 1056 2280 parte
1106 2215 1321 2283 gurgite
1360 2225 1617 2275 natantes
1651 2234 1796 2290 aegre
1843 2223 1913 2277 ad
1964 2240 2095 2281 suos

495 2309 814 2356 evaserunt.
842 2302 984 2357 Tum
1016 2304 1200 2375 itaque
1228 2306 1459 2363 Romani
1484 2309 1683 2366 Buzem
1708 2313 1925 2382 quidem
1950 2315 2094 2385 apud

494 2390 732 2448 insulam
764 2394 1126 2467 reliquerunt,
1178 2415 1304 2455 cum
1348 2403 1464 2457 suis
1495 2404 1671 2474 copiis
1702 2420 1791 2462 res
1835 2408 1946 2464 illic
1974 2425 2097 2463 om-

492 2499 595 2540 nes
623 2496 943 2543 curaturum
974 2492 1117 2556 et,'si
1146 2507 1283 2563 opus
1310 2504 1481 2561 esset,
1507 2497 1938 2567 opitulaturum;
1968 2502 2096 2556 reliv-

493 2576 589 2645 qui
623 2591 750 2632 vero
779 2593 975 2638 omnes
1003 2585 1366 2641 trausversim
1404 2587 1637 2658 trajectu
1665 2587 1923 2665 ﬂumine,
1958 2592 2096 2646 alia—

492 2681 603 2738 que
626 2683 725 2738 per
763 2670 1142 2729 continentem
1172 2675 1489 2735 incedentes
1520 2680 1628 2748 via,
1666 2696 1734 2737 ne
1772 2681 1827 2737 in
1872 2683 2090 2750 eadem,

492 2774 620 2828 quae
652 2759 842 2818 hostes
894 2762 1235 2833 insidebant,
1292 2770 1410 2825 loca
1459 2773 1729 2839 venirent,
1774 2774 1831 2829 in
1893 2776 2087 2832 urbem

492 2847 722 2907 Phasidi
771 2853 942 2912 ﬂuvio
970 2860 1352 2930 cognominem
1386 2867 1751 2934 perveniunt;
1809 2869 2091 2940 portisque

490 2944 698 3014 recepti
747 2945 990 3017 praefecti
1048 2953 1301 3027 praesidia
1346 2943 1442 3026 per
1496 2973 1688 3015 muros
1728 2975 1832 3017 suo
1858 2977 2090 3034 quaeque

490 3036 687 3093 ordine
711 3038 1051 3110 disponunt;
1108 3060 1288 3115 neque
1317 3047 1464 3103 enim
1494 3050 1766 3119 putabant
1792 3068 1915 3109 sese
1950 3055 2086 3111 viri-4

2217 555 2314 609 τοῦ
2345 558 2590 629 ποταμοῦ
2618 560 2664 592 οδ
2695 558 2774 632 τῷ
2802 561 2882 633 ῥῷ
2911 563 3291 636 κατεφέροντο.
3338 566 3487 625 ’Δλλά
3521 555 3758 645 φθάσαςξ

2218 646 2554 718 Ναχοραγὰν
2589 651 2735 723 ἀμφὶ
2778 653 2841 707 τὸ
2884 656 3216 725 μεσαίτατον
3238 657 3340 728 τῆς
3373 677 3433 714 τε
3474 662 3641 734 Νήσου
3680 677 3760 729 καὶ

2214 740 2312 793 τοῦ
2340 742 2534 807 ἄστεος
2568 744 2868 816 ἐτύγχανεν
2896 746 3020 818 ήδη,
3050 747 3231 815 ξύλοις
3263 767 3320 802 τε
3362 752 3452 807 καὶ
3484 754 3684 827 λέμϐοις
3711 765 3761 817 τί»

2215 827 2377 903 εὖρος
2419 833 2567 888 άπαν
2604 836 2705 906 τῆς
2754 837 2909 910 δίνης
2954 838 3412 912 διαφραξάμενος,
3461 846 3521 899 τό
3566 866 3621 902 τε
3670 853 3763 907 τῶν

2213 922 2523 991 ἐλεφάντων
2553 929 2742 997 στῖφος
2768 928 2995 982 ὄπισθεν
3038 930 3363 1001 ἐπιστήσας,
3412 936 3470 1001 ἐς
3514 938 3628 994 ὅσον
3669 941 3763 999 οἶόν

2211 1030 2272 1067 τε
2309 1010 2379 1085 ἦν
2408 1016 2593 1081 αὐτοῖς
2634 1019 2734 1088 τῆς
2764 1018 2977 1089 βάσεως
3019 1022 3361 1092 ἐφικνεῖσθαι
3382 1026 3451 1095 ⁸⁸,
3498 1027 3553 1082 '0
3592 1031 3643 1085 δὲ
3672 1034 3765 1087 τῶν

2223 1106 2514 1178 Ῥωμαίων
2569 1112 2754 1176 στόλος
2800 1113 2975 1167 ταῦτα
3025 1114 3310 1187 πόρρωθεν
3352 1117 3544 1184 ἰδόντες
3585 1122 3763 1180 αὐτίκα

2210 1200 2466 1272 πρύμναν
2524 1203 2572 1235 ⁸⁸
2621 1205 2931 1277 ὲκρούοντο,
2980 1207 3150 1280 πολλῇ
3205 1226 3265 1263 τε
3314 1209 3579 1282 χρώμενοι
3624 1216 3669 1248 ³⁷
3713 1220 3763 1284 ις

2207 1293 2515 1364 τοῦμπαλιν
2563 1299 2631 1369 τῇ
2668 1299 2905 1371 εἰρεσίᾳ,
2957 1300 3323 1372 χαλεπώτατα
3367 1304 3502 1375 πρὸς
3541 1306 3598 1360 τὸ
3636 1309 3763 1364 ἀντί-

2206 1387 2431 1457 πρωρόν
2464 1388 2511 1420 ⁸⁸
2539 1405 2599 1442 τε
2641 1390 2738 1443 καὶ
2768 1392 2968 1461 ροῶδες
3009 1394 3111 1465 τῆς
3145 1396 3317 1465 φορᾶς
3343 1397 3763 1470 ἀνταναγόμενοι,

2205 1477 2597 1550 ἀπεχώρησαν.
2627 1479 2733 1534 Δύο
2762 1480 2819 1535 δὲ
2844 1483 2997 1553 ὅμως
3025 1483 3160 1548 ναῦς
3189 1484 3353 1549 κενὰς
3382 1485 3489 1539 τῶν
3532 1489 3763 1558 ἐμπλεόν-

2203 1566 2313 1622 τῶν
2342 1564 2486 1623 εἷλον
2516 1570 2567 1623 οἰ
2601 1571 2831 1643 Πέρσαι.
2863 1574 2928 1626 Οἱ
2956 1573 3067 1645 γάρ
3095 1572 3161 1647 δὴ
3200 1574 3394 1647 ἄνδρες
3424 1576 3763 1650 ξυλλαμϐάνει

2205 1658 2330 1713 σθαι
2368 1660 2677 1731 μέλλοντες,
2712 1666 2828 1728 τοῖς
2860 1664 3016 1720 ὕδασι
3052 1666 3394 1736 παραδοῦναι
3427 1673 3565 1739 σφᾶς
3587 1673 3763 1740 αὐτοὺς

2202 1752 2575 1824 εὐτολμότατα
2621 1756 2667 1789 ⁸⁹
2714 1756 3162 1830 κατεθάῤῥησαν,
3210 1760 3333 1814 ἀντὶ
3381 1760 3474 1815 τοῦ
3524 1763 3763 1832 μείζονος,

2200 1841 2378 1917 οἶμαι,
2412 1848 2509 1902 καὶ
2535 1847 2815 1920 προῦπτου
2856 1849 3107 1905 κινδύνου
3136 1851 3198 1904 τὸ
3238 1852 3463 1907 ἔλαττον
3492 1853 3655 1909 δεινὸν
3681 1856 3765 1927 δή·

2199 1952 2305 1990 που
2354 1937 2622 2010 ἑλόμενοι,
2652 1941 2746 1993 καὶ
2776 1939 3040 2011 μετέσχον
3077 1940 3279 2012 μᾶλλον
3309 1942 3418 1994 τῶν
3459 1944 3523 1995 ὲκ
3564 1944 3656 2015 τῆς
3688 1946 3767 1998 τύ-

2198 2044 2301 2100 χης
2334 2029 2570 2102 ἀδήλων.
2619 2031 2912 2103 Τοιγάρτοι
2958 2033 3242 2105 ἀφήλαντό
3288 2034 3335 2066 ⁸⁸
3383 2051 3441 2088 τε
3485 2037 3768 2104 κουφότατα

2198 2123 2292 2177 καὶ
2335 2123 2655 2195 ὑποϐρύχιοι
2702 2123 3051 2181 ὲπιπλεϊστον
3081 2126 3489 2198 διανηξάμενοι,
3525 2129 3670 2198 μόλις
3703 2129 3768 2194 ὡς

2194 2214 2324 2278 τοὺς
2362 2218 2597 2282 οξκείους
2629 2217 3101 2290 ἀπεκομίσθησαν.
3132 2218 3266 2272 Τότε
3290 2219 3355 2290 δὴ
3380 2215 3473 2274 οὖν
3494 2220 3539 2251 ’ί
3566 2222 3613 2273 οἰ
3648 2220 3766 2275 Ῥωρ

2199 2310 2349 2378 μαῖοι
2400 2309 2609 2381 Βούζην
2661 2311 2763 2382 μὲν
2809 2311 2900 2365 τὸν
2953 2312 3258 2384 στρατηγὸν
3306 2311 3412 2366 ἀνὰ
3457 2313 3557 2386 τὴν
3605 2313 3769 2382 Νῆσον

2195 2397 2514 2462 κατέλιπον,
2548 2400 2665 2470 ἅμα
2703 2399 2784 2471 τῷ
2823 2401 3010 2473 οἰκείῳ
3040 2400 3415 2474 στρατεύματι
3464 2403 3768 2489 ἐπιμελησό-

2197 2490 2358 2559 μενόν
2382 2507 2440 2544 τε
2472 2491 2581 2545 τῶν
2608 2493 2735 2562 τῇδε
2777 2494 3052 2560 ἁπάντων,
3087 2495 3184 2549 καὶ
3212 2494 3547 2566 ἀλεξήσοντα
3584 2497 3638 2561 ές
3664 2497 3691 2551 ὃ
3721 2513 3767 2550 τι

2190 2576 2372 2651 δεήσοι
2393 2596 2407 2609 ·
2437 2582 2488 2634 οἰ
2518 2580 2575 2634 δὲ
2603 2582 2752 2636 ἄλλοι
2781 2583 3018 2648 ἅπαντες
3046 2586 3092 2618 ⁸⁸
3119 2585 3265 2639 κατὰ
3289 2586 3353 2640 τὸ
3377 2587 3664 2659 ὲγκάρσιον
3683 2587 3764 2641 τὸν

2193 2671 2442 2742 ποταμὸν
2489 2675 2918 2745 περαιωθέντες,
2952 2678 3047 2731 καὶ
3078 2677 3167 2732 διὰ
3200 2679 3303 2749 τῆς
3343 2679 3545 2750 χέρσου
3590 2680 3764 2752 ἑτέραν

2189 2764 2315 2819 τινὰ
2345 2765 2464 2821 ὁδὸν
2507 2767 2887 2840 πορευόμενοι,
2917 2769 2993 2834 ὡς
3035 2772 3111 2843 μὴ
3154 2771 3277 2825 κατ’
3316 2772 3460 2825 αὐτὰ
3484 2774 3596 2837 τοῖς
3623 2773 3764 2826 nole-

2194 2857 2340 2929 μίοις
2384 2862 2655 2933 χώρῆσαι,
2708 2862 3104 2934 παραγίνονται
3137 2865 3198 2929 ἐς
3245 2866 3430 2921 ἐκεῖνο
3473 2865 3538 2937 δὴ
3584 2865 3644 2921 τὸ
3679 2867 3762 2923 τοῦ

2187 2950 2416 3017 ⁴1’άσιδος
2464 2952 2755 3027 ἐπώνυμον
2797 2954 2955 3024 ἄστυ,
2989 2958 3083 3013 καὶ
3111 2959 3246 3013 εἵσω
3273 2958 3388 3014 τῶν
3419 2959 3605 3014 πυλῶν
3635 2975 3765 3032 παρ-

2189 3042 2460 3112 ελθόντες,
2510 3044 2826 3102 διεδάσαντο
2884 3048 3164 3121 στοιχηδὸν
3217 3050 3270 3102 οἰ
3333 3051 3633 3122 στρατηγοί
3676 3051 3763 3122 τὴν

489 3124 597 3215 bus
623 3143 783 3199 pares
807 3131 947 3198 fore,
971 3135 1017 3190 si
1044 3138 1267 3193 stataria
1312 3155 1497 3211 pugna
1529 3143 1890 3212 praeliandum
1916 3157 2081 3203 esset.

2192 3137 2443 3208 φρουράν
2477 3137 2574 3193 τοῦ
2623 3138 2932 3213 περιϐόλου.
2986 3142 3062 3196 Οὐ
3114 3144 3224 3212 γάρ
3271 3142 3446 3215 ᾤοντο
3496 3143 3762 3215 ἀξιόμαχοι

492 3211 717 3276 Primus
747 3219 918 3292 igitur
936 3220 1190 3282 Justinus
1218 3226 1480 3308 Germani
1504 3211 1651 3288 illius
1703 3249 1829 3290 cum
1864 3250 1967 3292 suo
1991 3252 2086 3308 ag-

489 3307 643 3365 mine
675 3311 733 3367 in
790 3313 1096 3373 editissima
1126 3304 1282 3376 urbis
1313 3314 1468 3392 parte
1502 3324 1570 3379 ad
1622 3340 1777 3383 mare
1831 3304 2087 3399 vergente

489 3398 754 3458 locatur:
789 3404 1143 3476 exiguo'vero
1169 3410 1371 3468 abhinc
1409 3416 1588 3485 spatio
1635 3398 1947 3486 praefectus,
1971 3430 2086 3476 sta-

486 3490 586 3546 bat
616 3504 673 3548 et
712 3493 928 3553 Martini
973 3500 1166 3572 copia.
1222 3501 1337 3558 Sub
1388 3506 1568 3577 ipsum
1602 3516 1785 3566 autem
1841 3514 2083 3569 medium

487 3580 740 3653 Angilas,
777 3584 1006 3646 Mauros
1030 3606 1198 3662 penes
1229 3609 1289 3650 se
1319 3596 1529 3654 habens
1561 3600 1796 3667 peltatas
1824 3612 1880 3659 et
1924 3604 2089 3661 hasti-

484 3687 670 3742 geros,
703 3674 1031 3739 Theodorus
1061 3697 1191 3739 vero
1217 3683 1476 3745 Tzannos
1512 3690 1673 3763 185
1693 3694 1963 3764 gravioris
1995 3711 2086 3751 ar-

484 3772 737 3834 maturae,
770 3779 824 3824 et
861 3771 1223 3832 Philomatius
1254 3777 1476 3837 Isauros
1507 3780 1815 3842 funditores
1850 3797 1904 3841 et
1927 3787 2085 3858 jacu-

492 3851 699 3909 latores
734 3855 988 3923 'habens;
1020 3877 1201 3934 neque
1226 3868 1420 3936 procul
1451 3870 1522 3924 ab
1550 3870 1620 3927 iis
1655 3851 1947 3930 stationem
1986 3877 2082 3933 lia-

485 3942 654 4000 bcbint
703 3946 1194 4034 Langobardorum
1230 3968 1283 4014 et
1330 3958 1660 4018 Herulorum
1699 3981 1920 4034 manus,
1977 3968 2081 4025 du-

485 4048 675 4097 ctante
702 4032 975 4116 utrosque
999 4047 1201 4117 Gibro;
1230 4053 1437 4125 reliqua
1473 4059 1615 4112 muri
1641 4074 1770 4130 pars
1805 4063 1859 4116 in
1891 4032 2082 4121 subso-

481 4129 668 4187 Ianum
697 4134 961 4195 desinens
984 4132 989 4139 '
1010 4140 1385 4203 Orientalibus
1442 4129 1755 4220 agminibus
1786 4153 1894 4209 sub
1919 4154 2085 4213 vite:

479 4222 642 4281 riano
680 4229 942 4298 prafecto
971 4236 1290 4295 constitutis
1326 4254 1475 4296 cura:
1505 4251 1644 4300 erat.
1687 4242 1849 4304 Hunc
1894 4247 2081 4322 itaque

480 4316 537 4371 iu
573 4320 799 4375 modum
855 4321 1149 4385 Romanus
1203 4332 1482 4391 exercitus
1515 4333 1573 4390 in
1617 4338 1764 4394 muri
1818 4316 2079 4411 praesidio

478 4419 598 4466 erat
623 4411 949 4484 dispositus.

539 4692 633 4749 2|.
687 4693 903 4754 Vallum
949 4700 1112 4757 etiam
1167 4705 1596 4765 munitissimum
1648 4713 1888 4771 exterius
1931 4714 2067 4788 ipsis

469 4794 814 4845 exstructum
842 4801 1043 4859 erat,e
1100 4811 1211 4866 quo
1257 4799 1468 4870 primos
1530 4802 1770 4861 hostium
1828 4808 2068 4868 insultus

467 4882 741 4939 sustinere
768 4896 1014 4955 possent,
1065 4891 1271 4960 quique
1308 4907 1470 4949 muro
1503 4896 1622 4952 vice
1670 4904 2069 4973 propugnaculi

465 4969 633 5042 esset,
666 4975 754 5031 cui
790 4992 901 5033 non
936 4978 1214 5037 immerito
1258 4991 1443 5057 utpote
1479 5002 1544 5043 ex
1594 4969 1786 5061 lignis,
1812 4969 2069 5052 constru-

464 5072 558 5117 cto
595 5066 935 5136 metuebant,
993 5080 1049 5125 et
1072 5071 1335 5150 alioquin_
1356 5091 1467 5133 non
1509 5094 1620 5135 una
1670 5081 1724 5136 in
1754 5095 1910 5153 parte
1954 5102 2068 5157 pra

464 5165 736 5216 vetustate
789 5162 983 5219 vitium
1029 5163 1268 5236 fecerat;
1334 5169 1567 5243 ideoque
1612 5174 1779 5231 etiam
1837 5180 2065 5249 amplis-

462 5250 664 5306 simam
699 5250 755 5307 in
779 5254 970 5311 orbem
1005 5254 1212 5314 fossam
1251 5261 1545 5332 duxerant,
1600 5282 1723 5338 quae
1770 5268 1844 5325 ita
1902 5272 2062 5343 aquis

2190 3230 2433 3297 ἔσεσθαι,
2473 3231 2531 3286 εί
2573 3249 2638 3301 γε
2694 3234 2966 3305 συστάδην
3015 3235 3442 3307 παρατάξασθαι
3495 3237 3541 3270 ⁸⁸
3585 3255 3761 3308 πειρα-

2190 3320 2357 3377 θεῖεν.
2404 3322 2632 3396 Πρῶτος
2673 3324 2774 3396 μὲν
2796 3321 2902 3379 οὖν
2959 3326 3242 3392 Ἰουστίνος
3278 3329 3310 3382 ὁ
3352 3328 3633 3401 Γερμανοῦ
3678 3329 3761 3384 καὶ

2187 3415 2217 3468 ό
2238 3414 2381 3485 ἀμφ’
2407 3414 2570 3469 αὑτὸν
2601 3416 2789 3484 ὅμιλος
2834 3420 2891 3471 ὲν
2921 3417 3000 3489 τῷ
3027 3420 3321 3491 ἀκροτάτῳ
3353 3423 3511 3495 μέρει
3539 3423 3615 3495 τῷ
3642 3422 3761 3495 πρὸς

2188 3504 2460 3561 θάλατταν
2489 3507 2536 3539 ⁸⁸
2565 3507 2776 3563 νεύοντι
2803 3510 3122 3580 ἐτετάχατοο
3149 3511 3328 3584 βραχὺ
3352 3513 3410 3568 δέ
3432 3530 3488 3568 τι
3509 3517 3760 3587 ἀπωτέρω

2186 3599 2465 3671 Μαρτίνος
2500 3602 2745 3673 εἱστήκει
2769 3603 2797 3654 ό
2828 3603 3131 3674 στρατηγὸς
3156 3606 3256 3659 καὶ
3287 3609 3345 3662 αἱ
3375 3608 3652 3680 Μαρτίνου
3677 3607 3759 3662 δυ-

2186 3693 2383 3763 νάμεις
2403 3707 2416 3722 ·
2456 3694 2602 3765 ἀμφὶ
2632 3694 2690 3748 δὲ
2727 3695 2789 3749 τὸ
2823 3697 3150 3767 μεσαίτατον
3191 3698 3467 3768 ’Ἃγγιλας
3513 3701 3608 3770 μὲν
3639 3700 3759 3770 ἔχων

2185 3783 2566 3854 Μαυρουσίους
2595 3785 2642 3818 ’⁸
2676 3784 2984 3850 πελταστάς
3029 3788 3124 3841 καὶ
3153 3787 3550 3862 λογχοφόρους,
3576 3790 3739 3845 Θεόδω

2187 3892 2280 3947 ρος
2321 3877 2378 3932 δὲ
2409 3878 2682 3944 Τζάννους
2714 3878 2962 3947 ὁπλίτας,
2995 3881 3091 3934 καὶ
3132 3864 3465 3953 (ἴηλομάθιος
3505 3884 3759 3955 Ἰσαύρους

2186 3969 2552 4043 σφενδονήτας
2596 3973 2691 4026 καὶ
2743 3974 3152 4039 άκοντοὸόλους.
3211 3975 3415 4047 Ὀλίγῳ
3465 3975 3524 4030 δὲ
3573 3976 3760 4033 τούτων

2183 4063 2612 4135 ἀποκεκριμένοι
2643 4065 2946 4138 ἐφρούρουν
2967 4065 3381 4139 Λαγγοὸάρδων
3410 4068 3459 4102 ³⁸
3499 4068 3757 4140 ἀπόμοιρα

2184 4153 2279 4208 καὶ
2321 4155 2610 4228 Ἑρούλων,
2657 4158 2852 4227 Γίδρος
2883 4158 2942 4212 δὲ
2999 4161 3186 4231 ήγεῖτο
3235 4162 3590 4235 ἀμφοτέρων.
3614 4161 3682 4217 Τὸ
3707 4160 3759 4215 δὲ

2182 4247 2370 4303 λοιπὸν
2396 4247 2545 4303 ἅπαν
2577 4248 2670 4302 τοῦ
2714 4250 2946 4322 τείχους,
2988 4253 3082 4305 καὶ
3124 4250 3264 4324 πρὸς
3294 4252 3618 4325 ἀπηλιώτην
3646 4253 3759 4308 άνε-

2186 4358 2287 4412 μον
2319 4342 2615 4414 ἀπολῆγον,
2662 4345 2777 4407 τοῖς
2823 4343 2980 4414 έῴοις
3028 4343 3308 4417 τάγμασιν
3361 4347 3752 4420 ὲπεφρόντιστο,

2183 4434 2290 4488 ὑπὸ
2320 4434 2638 4508 Βαλεριανῷ
2669 4436 2960 4507 στρατηγῷ
2987 4438 3342 4509 ταττομένοις
3371 4440 3441 4494 ⁸⁷.
3475 4438 3629 4495 Οὕτω
3668 4439 3756 4510 μέν

2106 4492 2152 4549 D
2179 4527 2320 4598 ὑπὲρ
2372 4492 2478 4581 τοῦ.
2524 4492 2796 4599 ἐρύματος
2841 4492 3037 4599 ήυτῶν
3088 4492 3386 4602 Ῥίυμαίάνδ
3427 4492 3753 4606 ἐν

2175 4619 2368 4691 κόσμῳ
2402 4620 2707 4691 παρίστατο
2741 4620 2810 4679 ’⁸.

2246 4719 2352 4767 κα’.
2398 4714 2492 4769 Ἐν
2518 4713 2578 4768 δὲ
2608 4714 2793 4779 αὐτοῖς
2820 4714 2916 4768 καὶ
2948 4714 3259 4787 χαράκωμα
3285 4717 3601 4790 ἔμπροσθεν
3624 4735 3748 4790 καρ-

2173 4807 2462 4878 τερώτατα
2509 4807 2956 4880 ἐξειργασμένον,
3001 4810 3078 4874 ὡς
3122 4811 3378 4883 ἀντέχειν
3422 4814 3585 4878 εὐθὺς
3626 4812 3748 4884 πρὶς

2173 4898 2272 4963 τὰς
2298 4898 2620 4971 ἐπιδρομὰς,
2665 4900 2760 4955 καὶ
2787 4899 2845 4954 ὂν
2870 4902 2916 4935 ⁹⁹
2941 4904 3000 4956 ὲν
3048 4903 3320 4975 προδόλου
3379 4907 3543 4979 μοίρᾳ
3587 4906 3738 4974 ἐγκεῖ-

2175 4991 2300 5046 σθαι
2338 4991 2416 5064 τῷ
2461 4993 2651 5063 τείχει.
2697 4993 3005 5048 Ἐδεδίεσαν
3042 4996 3156 5067 γὰρ
3202 4997 3434 5064 εἰκότως
3474 5001 3561 5052 ἐπ’
3592 4995 3742 5064 αὐτῷ.

2172 5086 2269 5142 ἂτε
2313 5087 2378 5156 δὴ
2426 5085 2603 5152 ξύλοις
2655 5103 2717 5141 τε
2749 5088 2764 5119 ³
2816 5090 3193 5162 πεποιημένῳ,
3256 5093 3356 5146 καὶ
3424 5091 3597 5156 ἄλλως
3653 5088 3743 5143 ὑπὸ

2173 5181 2368 5252 χρόνου
2420 5178 2691 5251 πολλαχοῦ
2741 5179 3115 5254 διερῤυηκότι.
3160 5182 3250 5253 Τῷ
3298 5200 3384 5238 τοι
3428 5183 3538 5256 ἄρα
3574 5183 3736 5242 αὐτοῖς

2172 5275 2268 5328 καὶ
2301 5274 2510 5345 τάφρος
2551 5271 2697 5343 μάλα
2744 5271 2932 5344 εὐρεῖα
2990 5272 3153 5345 πέριξ
3189 5274 3513 5346 ὠρώρυκτο,
3569 5269 3736 5332 ὕδατός

1760 5425 2001 5485 VARUE
2032 5428 2446 5489 LECTlONES.

525 5540 1463 5646 1i32£€.t&?*=:=-3€9:‘B~.6st».
1532 5561 1950 5646 "serviatur
1987 5566 2056 5634 Ri
2089 5570 2645 5646 &_=imer.c°m-_vulg-

1591 5633 1636 5666 ⁸⁵
1655 5633 2067 5696 εὐτολμώτατα
2107 5633 2174 5696 Β.

1837 5654 2067 5707 μωτατα
2110 5654 2174 5696 ιε.
2274 5654 2304 5675 "

1852 5710 1901 5741 ”
1930 5708 2210 5765 θάλασσαν
2243 5710 2304 5765 ιι.

531 5613 898 5700 (ΞιντίττριειιιρόνΔ
917 5621 981 5680 R.
1002 5608 1338 5700 ’ένξῐᾱτᾶῥιί
1350 5608 1513 5700 γ’νῖἰε.

452 5679 990 5776 ξλιςξαέᾲξασξαι.
1142 5679 1555 5776 παρατάξξσδξιι
1604 5679 1752 5776 vulg,

460 5753 712 5846 {quo};
733 5753 813 5846 ιι.
854 5843 866 5846 _
887 5762 934 5796 "
961 5753 1198 5846 Λογγοξ.
1226 5753 1358 5827 Ῥειέ.
1379 5753 1414 5766 ’γ
1441 5753 1897 5846 filiai-Filium;

459 5824 753 5889 delendum
785 5843 893 5906 eat,
915 5845 1007 5896 aut
1030 5824 1101 5897 i'n'
1118 5832 1231 5896 οἷον
1255 5824 2018 5923 ιιιιιὶαηάιιιὶίίῖἶῗεοιῆίίἰ.

2086 5782 2133 5814 ’⁸
2162 5782 2470 5854 παρίστατο
2510 5782 2578 5853 R,
2627 5782 3006 5859 παρετέταττο
3063 5787 3190 5861 (sic)
3239 5789 3392 5860 vulg.

2748 5574 2796 5607 “
2830 5573 3192 5679 "sum
3215 5645 3257 5679 ι,
3288 5578 3335 5611 ⁸⁷
3669 5569 3716 5679 ἔξ·
3759 5550 3771 5568 ’

2274 5643 2322 5675 ’⁵
2363 5639 2677 5715 άφήλλαντο
2702 5643 2771 5699 Β.
2875 5639 2921 5679 δι
2947 5639 3053 5700 οὖν’
3068 5639 3188 5704 om.
3215 5645 3282 5703 R.
3360 5639 3419 5679 δί’
3449 5639 3638 5705 πάντες
3668 5639 3725 5694 Β·

2406 5714 2865 5788 ηΜαυρουσίως
2887 5715 3025 5788 Sph.
3081 5718 3206 5773 Par.
3268 5717 3510 5782 Τζάνους
3578 5716 3720 5781 vnlg.,

2410 5800 2470 5839 το
2510 5782 2578 5841 Β.
2628 5787 3006 5841 παρετέταττο
3063 5787 3190 5841 (sic)
3239 5789 3392 5841 vulg.
3491 5785 3614 5841 ὀδν
3641 5787 3719 5834 aut

2458 6069 2491 6086 κ
