4060 6430
583 447 720 562 1451

1774 481 2128 545 ΑΟΑΤΗΙβΕ
2157 479 2655 541 SCHOLASTICI

3675 479 3788 548 145!

577 613 743 676 pacto
782 603 884 658 sibi
919 608 1235 670 sequentem
1268 598 1411 651 diem
1439 610 1524 650 res
1558 597 1764 651 bellica:
1803 595 2173 667 praeparanda:

2276 609 2448 646 στατα
2493 591 2810 660 διαγνῶναι,
2857 590 3004 652 ὅπως
3053 585 3200 659 αὐτῷ
3237 589 3312 652 τίς
3361 587 3542 659 ἑτέραν
3562 593 3625 642 τὰ
3645 595 3696 658 ἐς
3715 593 3793 649 τθν

577 694 1202 762 essent.Pers-.eitaque
1253 690 1416 746 simul
1475 701 1638 760 atque
1695 691 1761 745 ad
1807 691 1896 745 teli
1967 690 2169 760 iactum

582 771 971 859 pervenerunt,
1029 783 1318 840 confestim
1366 798 1520 838 more
1567 798 1668 840 suo
1713 785 1982 852 ingentem
2030 782 2173 850 sagi-

576 895 756 936 tarum
788 878 892 932 vim
913 876 1190 939 emittunt,
1211 874 1507 944 multisque
1521 873 1893 930 Romanorum
1917 873 2175 928 vulnera-

572 974 663 1035 tis,
700 969 792 1024 alii
830 967 1048 1037 quidem
1088 966 1270 1020 adbuc
1330 965 1624 1036 pugnando
1680 964 2029 1030 resistebant,
2083 963 2174 1018 alii

571 1076 754 1130 pugna
810 1068 1186 1114 excesserunt.
1211 1057 1436 1128 Angilas
1467 1073 1598 1114 vero
1662 1069 1718 1113 et
1768 1057 2172 1112 Philomatbius

566 1158 623 1202 ιιι
657 1166 724 1206 ex
746 1149 995 1220 ipsorum
1047 1147 1360 1217 agminibus
1390 1147 1495 1201 viri
1517 1146 1759 1212 ducenti,
1788 1145 2001 1200 tametsi
2027 1143 2174 1198 Mar-

573 1242 722 1297 tinus
755 1239 1012 1296 universo
1057 1237 1321 1293 exercitui
1384 1237 1700 1309 imperarat,
1751 1246 1809 1292 ut
1859 1252 1961 1292 suo
2015 1237 2178 1307 188

573 1332 811 1403 quisque
836 1329 959 1386 loco
992 1344 1052 1386 se
1089 1328 1392 1385 contineret
1418 1336 1581 1398 atque
1636 1342 1668 1381 e
1716 1335 1831 1380 tuto
1886 1335 2172 1398 pugnaret.

575 1423 940 1480 nihilominus
963 1433 1146 1478 tamen
1182 1437 1212 1477 e
1233 1430 1390 1492 porta
1421 1422 1558 1492 ipsis
1596 1419 1845 1491 proxima
1872 1420 2172 1475 evolantes.

575 1518 633 1572 in
700 1519 912 1573 hostem
967 1515 1304 1570 ferebantur.
1360 1513 1683 1570 Theodorus
1729 1527 1853 1568 vero
1907 1509 2176 1566 Tzannici

577 1609 820 1679 agminis
849 1608 962 1662 dux
993 1607 1155 1662 initio
1179 1606 1399 1674 quidem
1421 1621 1553 1662 suos
1579 1604 1850 1660 continuit
1880 1603 2176 1674 impetum-

577 1712 687 1767 que
715 1698 998 1767 repressit,
1035 1696 1359 1754 temeritatis
1397 1712 1496 1753 eos
1560 1711 1836 1766 arguens;
1886 1710 2011 1752 cum
2049 1709 2178 1750 vero

581 1788 660 1842 illi
691 1789 838 1843 dicto
860 1788 1152 1844 audientes
1175 1803 1285 1844 non
1311 1797 1518 1856 essent,
1569 1790 1684 1859 ipse
1737 1788 1901 1842 etiam
1927 1802 1985 1843 se
2008 1785 2178 1857 pluri-

579 1881 686 1936 bus
714 1895 822 1935 non
851 1881 1072 1950 quidem
1111 1881 1285 1938 libens
1314 1880 1584 1952 adiunxit,
1610 1890 1666 1937 et
1706 1896 1830 1938 cum
1860 1880 1968 1936 illis
1997 1880 2050 1934 in
2081 1881 2178 1934 bo-

2277 685 2516 755 πόλεμον
2570 682 3048 755 παρασκευαστέα.
3117 679 3248 734 Τότε
3291 680 3356 750 δὴ
3405 675 3493 734 οὖν
3520 697 3548 734 ο
3594 681 3796 752 Πέρσαι,

2277 779 2467 849 ἐπειδὴ
2499 779 2556 842 ἐς
2584 777 2740 844 τόξου
2773 776 2932 847 βολὴν
2960 775 3241 845 ἀφίκοντο,
3283 772 3480 826 αὐτίκα
3507 773 3636 842 οἵγε,
3665 775 3802 832 τοῦτο

2276 869 2342 941 δὴ
2374 871 2558 932 αὐτοῖς
2578 868 2640 922 τὸ
2659 867 2992 940 εἰθισμένον,
3016 865 3168 937 θαμά
3197 866 3242 897 ³⁸
3265 863 3637 928 ἐπετοξάζοντο
3659 881 3671 897 ·
3692 867 3804 919 mit-

2277 959 2358 1015 λοί
2395 977 2455 1013 τε
2495 951 2606 1013 τῶν
2660 958 2946 1031 Ῥωμαίων
2993 956 3316 1030 τρωθέντες,
3365 954 3414 1008 οἱ
3450 955 3543 1025 μὲν
3582 953 3657 1008 έτι
3691 955 3808 1026 ἀμυ-

2277 1055 2492 1124 νόμενοι
2553 1056 2826 1123 ἀντεῖχον,
2877 1051 3008 1105 ἔνιοι
3064 1051 3122 1104 δέ
3164 1048 3263 1121 [Ρ.
3299 1046 3401 1120 98]
3442 1048 3532 1100 καὶ
3567 1047 3810 1117 ἀπόμαχοι

2278 1147 2576 1217 ἐγίγνοντο.
2655 1144 2914 1214 Ἀγγίλας
2963 1143 3022 1196 δέ
3081 1142 3173 1196 καί
3217 1139 3536 1210 Φιλομάθιος
3588 1139 3675 1192 καὶ
3721 1137 3809 1192 τῶν

2277 1241 2417 1312 ἀμφ’
2456 1239 2658 1302 αὐτοὺς
2709 1237 3006 1306 ταγμάτων
3053 1233 3246 1304 ἄνδρες
3301 1232 3360 1293 ἐς
3399 1228 3710 1292 διακοσίους,
3736 1229 3810 1282 καὶ

2277 1334 2449 1390 ταῦτα
2495 1332 2894 1406 προειρημένον
2943 1327 3132 1399 ἁπάσῃ
3178 1328 3244 1397 τῇ
3287 1323 3514 1396 στρατίᾳ
3547 1321 3650 1382 ὑπὸ,
3684 1321 3812 1393 Μαρ-

2276 1428 2425 1482 τίνου
2481 1427 2664 1497 μένειν
2709 1426 2938 1478 ἕκαστον
2984 1421 3129 1476 κατὰ
3167 1418 3374 1490 χώραν,
3406 1417 3502 1471 καὶ
3527 1416 3591 1468 ἐκ
3622 1412 3707 1468 τοῦ
3733 1415 3813 1468 ἀσ-

2278 1515 2480 1586 φαλοῦς
2527 1513 2936 1586 ἀπομάχεσθαι,
2983 1513 3032 1565 οἱ
3081 1509 3136 1563 δέ
3166 1508 3264 1580 τὴν
3297 1505 3419 1561 καθ’
3449 1504 3640 1568 αὑτοὺς
3668 1503 3814 1574 πύλην

2277 1609 2742 1672 ἀναπετάσαντες,
2783 1605 2924 1659 κατὰ
2975 1601 3084 1656 τῶν
3115 1598 3393 1669 πολεμίων
3433 1597 3683 1668 ἐχώρουν.
3712 1596 3816 1650 Θεό-

2277 1701 2448 1774 δωρος
2477 1700 2534 1754 δὲ
2559 1702 2586 1754 ὁ
2615 1698 2707 1752 τοῦ
2738 1695 3039 1763 Τζαννικοῦ
3059 1695 3100 1726 ¹⁷
3123 1691 3313 1764 ὁμίλου
3337 1689 3640 1760 ταξίαρχος,
3663 1689 3815 1759 ἐπεῖχε

2282 1793 2382 1865 μὲν
2425 1793 2495 1846 τὰ
2549 1791 2764 1862 πρῶτα,
2814 1789 2912 1843 καλ⁵
2957 1787 3226 1842 ἀνέκοπτε
3251 1785 3353 1854 τὴν
3381 1782 3577 1854 ὁρμὴν,
3608 1781 3818 1852 νεμεσῶν

2280 1886 2466 1947 αὐτοῖς
2495 1885 2591 1954 τῆς
2625 1881 2980 1953 προπετείας.
3018 1879 3172 1932 Ἐπεὶ
3195 1877 3250 1931 δέ
3271 1877 3374 1930 οὑκ
3397 1874 3684 1939 ἐπείθοντο,

579 1978 720 2026 stem
748 1946 952 2036 ivit,_ne
968 1971 1195 2027 timidus
1214 1946 1551 2048 censeretur,
1570 1946 1750 2042 eaque
1774 1973 1888 2028 sola
1917 1972 1984 2027 de
2003 1985 2172 2027 causa

2277 1994 2408 2047 γετο
2440 1946 2734 2038 καιαύτὸς
2763 1976 2875 2037 τοῖς
2926 1971 3223 2038 πλείστοις,
3278 1967 3398 2023 οὔτι
3425 1967 3587 2034 ἑκὼν,
3619 1967 3706 2021 καὶ
3728 1969 3816 2021 ἐνε-

579 2063 876 2121 honestum
924 2067 1216 2121 consilium
1288 2065 1536 2137 speciose
1573 2077 1890 2136 praetexere.
1941 2063 2166 2120 Factum

581 2158 732 2214 enim
755 2160 805 2214 ei
854 2173 1200 2228 nequaquam
1256 2157 1612 2228 probabatur,
1654 2157 1927 2229 particeps
1991 2164 2171 2211 tamen

583 2248 733 2304 illius
762 2263 882 2304 esse
902 2247 1136 2314 volebat,
1164 2263 1550 2320 quemcunque
1578 2250 1797 2304 tandem
1849 2248 2055 2304 exitum
2083 2261 2172 2302 es-

582 2351 669 2395 set
696 2338 1034 2394 habiturum.
1064 2337 1129 2393 Et
1154 2348 1303 2394 certe
1326 2355 1521 2410 parum
1553 2341 1742 2396 aberat
1803 2340 1936 2410 quin
1981 2353 2173 2393 omnes

581 2431 660 2486 ibi
689 2431 855 2486 simul
884 2431 1198 2501 periissent,
1229 2431 1335 2486 nisi
1355 2431 1502 2488 aliud
1559 2431 1832 2502 quoddam
1877 2430 2171 2487 consilium

582 2521 754 2578 aDeo
803 2523 1223 2578 corroboratum
1270 2523 1435 2580 saluti
1481 2523 1562 2579 eis
1614 2522 1824 2578 fuisset.
1881 2523 2175 2580 Dilimnita:

581 2612 732 2668 enim
787 2614 879 2683 qui
914 2628 980 2669 eo
1010 2613 1112 2670 loci
1138 2613 1427 2670 stationem
1467 2615 1760 2680 habebant,
1802 2615 2176 2686 instructaque

582 2704 701 2760 acie
748 2705 991 2772 stabant,
1030 2705 1344 2776 contempta
1400 2707 1808 2763 adventantium
1878 2709 2173 2778 paucitate,

583 2797 754 2866 quieti
776 2813 872 2854 eos
907 2799 1313 2868 operiebantur,
1341 2816 1517 2870 neque
1540 2817 1600 2857 se
1633 2801 1753 2857 loco
1779 2816 1881 2858 suo
1932 2803 2176 2857 dimove-

584 2888 754 2956 bant;
797 2904 922 2944 cum
959 2905 1087 2945 vero
1131 2889 1244 2959 jam
1301 2891 1526 2961 propius
1570 2891 1952 2957 accessissent,
1990 2891 2176 2946 confe-

585 2983 714 3036 stim
741 2983 973 3038 sinuatis
991 2982 1336 3053 diductisque
1357 2984 1618 3040 cornibus
1639 2983 1923 3040 universos
1949 2984 2179 3040 circum-

585 3073 836 3138 veniunt,
873 3076 928 3129 et
963 3075 1016 3128 in
1057 3074 1247 3130 orbem
1274 3075 1440 3130 veluti
1471 3089 1676 3130 corona
1700 3075 1948 3145 cingunt.
1973 3074 2176 3130 Roma-

586 3166 645 3222 ni
671 3173 854 3220 autem
885 3167 1035 3220 omni
1061 3180 1126 3220 ex
1167 3175 1319 3234 parte
1357 3165 1624 3232 conclusi,
1652 3181 1760 3220 non
1785 3165 1901 3236 jam
1934 3167 2000 3222 de
2028 3166 2178 3221 dam-

2273 2059 2438 2132 δίδου,
2473 2066 2635 2130 εὐθύς
2664 2082 2722 2118 τε
2775 2065 2970 2134 ἐφοίτα
3013 2064 3110 2117 σὺν
3137 2061 3392 2128 ἐκείνοις,
3425 2059 3500 2123 ὡς
3537 2061 3609 2130 μὴ
3641 2057 3816 2112 ἀποδει-

2273 2161 2394 2232 λιᾷν
2420 2161 2462 2193 ¹⁸
2490 2159 2799 2230 νομισθείη,
2830 2157 3024 2210 τούτου
3047 2173 3106 2208 τε
3141 2155 3308 2209 ἕνεκα
3359 2152 3522 2224 μόνου
3553 2153 3612 2206 τὸ
3657 2153 3817 2222 εὐπρε·

2274 2254 2375 2317 πὲς
2422 2251 2521 2322 τῆς
2573 2250 2857 2314 εὐϐουλίας
2905 2246 3265 2319 προΐσχεσθαι
3293 2263 3307 2277 ο
3352 2246 3556 2318 ἧρεσκε
3601 2243 3693 2316 μὲν
3735 2244 3818 2316 γὰρ

2275 2346 2439 2401 αὑτὸν
2504 2344 2759 2416 οὐδαμῶς
2806 2344 2875 2399 τά
2939 2341 3262 2413 ποιούμενα,
3321 2341 3569 2412 μετέχειν
3611 2338 3664 2392 δὲ
3703 2339 3819 2408 ὅμως

2275 2439 2456 2494 αὐτῶν
2483 2437 2732 2506 ἠνείχετο
2772 2437 2831 2500 ἐς
2874 2435 2900 2488 δ
2935 2451 2987 2488 τι
3035 2434 3144 2505 ἄρα
3182 2433 3281 2487 καὶ⁸
3309 2431 3705 2503 τελευτήσαιεν.
3735 2430 3818 2484 Καὶ

2279 2527 2477 2600 μικροῦ
2529 2546 2592 2597 γε
2633 2529 2874 2590 ἅπαντες
2915 2525 3080 2580 αὐτοῦ
3131 2523 3534 2595 διεφθάρησαν,
3575 2525 3621 2576 εί
3661 2524 3726 2593 μή
3757 2539 3818 2584 τις
3925 2565 3927 2600 ι

2276 2621 2535 2685 αὐτοὺς¹⁹
2571 2620 2734 2691 ἑτέρα
2779 2618 3006 2672 διέσωσε
3043 2615 3241 2686 γνώμη
3302 2617 3371 2669 ἐκ
3409 2615 3503 2669 τοῦ
3541 2615 3818 2685 Κρείττονος

2277 2713 2704 2786 ἐπιρρωσθεῖσα.
2740 2712 2804 2764 Ol
2827 2711 2936 2782 γάρ
2958 2710 3272 2779 Λιλιμνίται
3295 2707 3403 2763 ἀνὰ
3434 2708 3526 2762 τὸν
3548 2705 3716 2778 ἐκείνῃ
3740 2705 3819 2776 χῶ-

2281 2824 2373 2880 ρον
2407 2806 2640 2869 ἑστῶτες
2670 2804 2764 2859 καὶ
2786 2805 2845 2868 ἐς
2881 2802 3140 2873 φάλαγγα
3187 2799 3636 2871 ξυντεταγμένοι,
3670 2795 3816 2866 ἐπειδὴ

2280 2899 2524 2956 κατεῖδον
2546 2897 2647 2970 τὴν
2665 2895 2957 2967 ὀλιγότητα
2977 2895 3087 2948 τῶν
3110 2893 3527 2965 ἐπερχομένων,
3543 2889 3818 2960 ύπεδέχοντό

2279 3009 2343 3061 γε
2386 2991 2584 3053 αὐτοὺς
2635 2991 2818 3061 ἡσυχῇ
2871 2987 2967 3042 καὶ
3014 2987 3303 3056 ἀνέμενον.
3347 2986 3441 3050 Ὠς
3479 2985 3536 3040 δὲ
3559 2982 3713 3053 ἀγχοῦ
3743 2980 3815 3050 ἤδη

2281 3083 2562 3155 παρῆσαν,
2612 3080 2814 3134 αὐτίκα
2860 3080 2980 3149 οἵγε
3025 3078 3213 3149 ἡρέμα
3255 3077 3324 3131 τά
3376 3077 3520 3147 κέρα
3561 3069 3817 3128 ὲπικολπώ-

2284 3191 2478 3238 σαντες
2505 3173 2575 3239 ’⁸,
2616 3171 3036 3244 περιϐάλλουσιν
3092 3169 3361 3234 ἅπαντες,
3423 3166 3518 3220 καὶ
3575 3165 3630 3229 ἐς
3659 3162 3815 3233 ἀκριϐῆ

585 3272 662 3313 no
687 3257 799 3312 ullo
829 3257 1080 3312 hostibus
1123 3256 1407 3312 inferendo
1445 3258 1795 3328 cogitabant;
1855 3259 2174 3328 praeclarum

2281 3266 2557 3322 κύκλωσιν
2615 3266 2994 3334 ἐγκατεῖργον.
3052 3262 3116 3314 Οί
3164 3259 3225 3312 δέ
3290 3260 3553 3330 Ῥωμαῖοι
3604 3254 3817 3346 πάντοθεν

586 3363 718 3402 vero
747 3355 912 3416 atque
942 3347 1249 3402 inauditum
1272 3346 1486 3402 facinus
1511 3349 1828 3413 censebant,
1862 3349 1908 3404 si
1950 3350 2057 3403 ulla
2084 3366 2175 3406 ra-

591 3439 742 3494 tione
773 3449 998 3508 possent
1028 3440 1278 3496 evadere.
1315 3439 1637 3512 Conglobati
1668 3441 1852 3511 itaque
1891 3442 2176 3512 praetensis

589 3531 770 3588 baetis
799 3531 1087 3586 confertim
1118 3531 1172 3585 in
1195 3531 1399 3598 hostes,
1435 3533 1528 3602 qui
1551 3534 1808 3602 oppidum
1839 3549 2032 3589 versus
2060 3544 2175 3589 sta-

588 3626 742 3694 bant,
776 3625 1028 3694 irruunt;
1056 3627 1147 3696 qui
1183 3641 1308 3681 cum
1335 3642 1431 3682 eos
1463 3627 1704 3682 maximo
1738 3629 1944 3699 impetu
1977 3637 2032 3684 et
2059 3640 2177 3684 tan-

587 3736 754 3791 quam
779 3721 1064 3791 desperata
1100 3721 1264 3792 189
1295 3721 1473 3778 salute
1522 3723 1575 3778 in
1626 3739 1686 3780 se
1718 3723 1847 3778 ferri
1907 3723 2173 3789 viderent,

588 3811 878 3869 confestim
911 3815 1082 3869 aciem
1116 3815 1259 3870 inter
1297 3830 1417 3871 sese
1457 3825 1652 3870 mutuo
1712 3816 2045 3871 dirimerunt
2109 3832 2175 3872 ac

588 3917 933 3978 separarum,
963 3908 1245 3962 hominum
1277 3924 1403 3963 cum
1428 3918 1574 3964 certa
1604 3911 2003 3980 prapemodum
2035 3925 2176 3965 rnor-

587 4009 644 4056 te
681 4002 1006 4058 luctantium
1027 4011 1083 4059 et
1133 4012 1377 4060 extrema
1429 4005 1795 4068 audientium,
1831 4021 2011 4076 neque
2067 4021 2174 4076 quo

587 4095 724 4165 ipsis
753 4097 980 4152 audacia
1029 4112 1263 4152 evasura
1290 4106 1431 4154 esset
1487 4099 1856 4168 reputantium
1915 4099 2175 4168 impetum

589 4203 936 4260 nequaquam
969 4191 1324 4246 sustinentes.
1377 4189 1468 4246 Sic
1501 4190 1686 4262 itaque
1739 4191 2174 4262 permittentibus

585 4279 772 4336 Persis
798 4279 1032 4336 Romani
1052 4281 1251 4352 effugio
1281 4281 1450 4352 elapsi
1477 4282 1585 4336 lazti
1625 4297 1746 4338 sese
1785 4282 1928 4337 intra
1957 4297 2174 4338 murum

588 4383 934 4444 receperunt,
963 4374 1236 4444 simulque
1262 4383 1480 4444 portam
1507 4375 1840 4430 clauserunt.
1871 4373 1928 4428 ιιι
1961 4384 2175 4430 tantum

588 4465 884 4522 discrimen
910 4475 1194 4533 venerant,
1250 4467 1401 4522 nulla
1449 4467 1558 4522 alia
1609 4482 1669 4521 re
1692 4467 1955 4538 prteclare
1995 4476 2170 4539 gesta,

587 4576 753 4631 quain
794 4559 942 4632 quod
977 4562 1093 4617 sola
1134 4561 1261 4632 fuga
1297 4562 1529 4618 salutem
1565 4562 1670 4648 sibi
1727 4562 2085 4634 peperissent.

655 4711 747 4767 25.
790 4709 1085 4769 Persarum
1145 4729 1273 4770 vero
1332 4714 1525 4786 bajuli,
1586 4717 1680 4787 qui
1739 4715 2063 4788 jamdudum
2116 4717 2173 4773 in

585 4805 852 4875 opplenda
882 4805 1030 4862 fossa
1061 4808 1400 4874 laborarant,
1437 4808 1549 4879 jam
1593 4809 1738 4864 illam
1786 4819 1954 4865 totam
1981 4810 2172 4880 opple-

583 4906 738 4965 rant;
789 4905 844 4953 et
869 4899 1137 4970 quidquid
1167 4901 1317 4955 omni
1371 4916 1438 4956 ex
1470 4911 1623 4972 parte
1661 4903 1952 4972 abruptum
1993 4902 2174 4958 divul-

584 5007 818 5062 sumque
869 4991 1083 5062 fuerat,
1131 4993 1497 5066 compositum
1547 4994 1658 5064 jam
1718 4996 2176 5066 adaequatumque

583 5094 721 5149 erat,
762 5088 835 5140 ita
863 5094 925 5141 ut
961 5085 1228 5141 exercitui
1268 5086 1726 5156 oppugnationem
1771 5088 1916 5142 muri
1957 5089 2176 5144 adituro

583 5177 736 5232 locus
769 5179 990 5248 pervius
1011 5187 1194 5245 esset,
1271 5188 1324 5233 et
1381 5180 1582 5233 arietes
1630 5179 1859 5250 aliaeque
1909 5181 2176 5238 machinae

583 5272 962 5341 expugnandis
993 5272 1222 5327 urbibus
1245 5271 1673 5327 accommodatae
1729 5288 1836 5328 non
1889 5273 2178 5330 difficulter

585 5363 859 5420 mcenibus
871 5363 1148 5421 admoveri
1164 5375 1407 5435 possent.
1430 5363 1560 5422 Plus
1579 5381 1709 5422 vero
1733 5368 1996 5440 temporis
2011 5383 2175 5440 quam

2280 3355 2758 3428 περιειλημμένοι,
2809 3353 3008 3425 δρᾶσαι
3069 3352 3168 3422 μὲν
3227 3349 3482 3404 τολοιπὸν
3523 3342 3818 3400 ούδὲνὸτιοῦν

2277 3451 2404 3512 τοὺς
2426 3447 2718 3518 πολεμίους
2756 3443 3057 3498 διενοοῦντο
3076 3459 3088 3472 ·
3109 3441 3309 3495 εὐκτὸν
3325 3441 3382 3494 δέ
3411 3456 3464 3493 τι
3495 3437 3667 3500 αὐτοῖς
3684 3435 3818 3488 ἐδόκει

2279 3541 2371 3595 καὶ
2404 3541 2654 3604 ἄπιστον,
2691 3537 2804 3604 εἴγε
2855 3524 3208 3606 ἀμωσγέπως
3257 3532 3624 3603 διαδράσαιεν.
3660 3527 3753 3580 Καὶ
3770 3524 3817 3593 δὴ

2279 3632 2373 3685 ἐπὶ
2405 3633 2544 3700 σφᾶς
2573 3628 2901 3700 ἐλιχθέντες,
2945 3628 3040 3680 καὶ
3070 3626 3140 3680 τὰ
3169 3625 3381 3698 δόρατα
3416 3620 3817 3696 προϐεϐλημένοι.

2279 3723 2649 3794 ἐμπίπτουσιν
2727 3718 2930 3788 ἁθρόον
2977 3719 3085 3772 τῶν
3131 3717 3421 3788 πολεμίων
3462 3719 3572 3779 τοῖς
3613 3714 3730 3785 πρὸς
3760 3708 3814 3778 τῷ

2278 3816 2432 3870 ἄστει
2449 3814 2493 3845 ¹¹
2518 3813 2898 3884 ἐφεστηκόσιν.
2923 3813 2986 3866 Ol.
3005 3811 3062 3866 δὲ
3086 3810 3362 3876 ἐσιδόντες
3385 3810 3581 3873 αὐτοὺς
3604 3807 3748 3876 πολλῇ
3768 3805 3813 3871 τῇ

2281 3904 2429 3977 ῥύμῃ
2458 3902 2817 3974 φερομένους,
2851 3902 2947 3954 καὶ
2989 3895 3103 3953 οἷον
3155 3903 3280 3964 ταῖς
3315 3899 3530 3953 ἐλπίσιν
3566 3892 3814 3966 ἀπειρηκό⁹

2277 4011 2396 4057 τας,
2429 3993 2719 4062 διέστησαν
2771 3991 2932 4055 εὐθὺς
2974 3990 3069 4044 ἀπ’
3102 3989 3381 4060 ἀλλήλων,
3433 3990 3529 4043 καὶ
3566 3981 3814 4056 ἀπεκρίθη-

2281 4102 2401 4150 σαν,
2470 4086 2570 4136 οὐκ
2631 4082 2946 4151 ἐνεγκόντες
2990 4080 3190 4153 ἄνδρας
3245 4077 3702 4140 δυσθανατῶντας,
3745 4073 3811 4125 καὶ

2277 4178 2399 4231 ὅποι
2429 4177 2614 4239 αὐτοῖς
2654 4175 2715 4228 τὸ
2770 4173 2971 4246 θράσος
3032 4173 3301 4245 χωρήσει,
3349 4173 3414 4226 οὐ
3464 4167 3808 4240 λογιζομένουῶ

2279 4268 2436 4322 Οὕτω
2459 4268 2516 4321 δὲ
2545 4266 2770 4320 ἐκείνων
2796 4265 3062 4336 ἐφέντων,
3097 4262 3478 4335 ἐκδραμόντες
3525 4263 3572 4315 οί
3603 4256 3811 4327 Ῥωμαῖοι

2279 4361 2422 4414 κατὰ
2453 4359 2514 4413 τὸ
2545 4360 2810 4432 παρεῖκον
2843 4359 2913 4422 ³⁸,
2950 4357 3179 4427 ἄσμενοι
3225 4351 3388 4418 αὖθις
3416 4356 3547 4409 είσω
3582 4350 3666 4406 τοῦ
3693 4363 3810 4416 περι·

2279 4453 2438 4508 δόλου
2491 4452 2764 4521 ἐγένοντο,
2831 4450 2929 4504 καὶ
2978 4448 3078 4520 τὴν
3142 4449 3324 4522 πύλην
3365 4449 3412 4481 ³⁸
3454 4440 3807 4518 προσήρραξαν.

2281 4544 2442 4613 Παρὰ
2485 4541 2742 4598 τοσοῦτον
2787 4541 2888 4613 μὲν
2937 4539 3184 4595 κινδύνου
3238 4540 3442 4606 ἵκοντο,
3489 4539 3584 4594 ούκ
3603 4535 3682 4590 ἐπ’
3705 4530 3809 4596 ἄλλῳ

2207 4619 2253 4674 Ῐ)
2281 4636 2363 4706 τῷ
2409 4635 2858 4708 ἀριστεύσαντες,
2897 4634 2931 4706 ἢ
2985 4633 3132 4706 μόνῳ
3182 4633 3266 4706 τῷ
3305 4634 3587 4704 διαφυγεῖν
3612 4627 3809 4682 καὶάπο-

2284 4730 2546 4801 σωθῆναι.

2354 4827 2463 4891 κγ’.
2519 4820 2646 4884 Τοῖς
2705 4820 2762 4874 δὲ
2794 4820 2904 4874 τῶν
2966 4819 3196 4893 Περσῶν
3267 4818 3590 4891 ἀχθοφόροις
3643 4806 3810 4868 ἐκπλεέ·

2283 4931 2410 4968 στου
2443 4911 2890 4982 διαπονουμένοις
2918 4912 2977 4976 ἐς
3027 4911 3088 4965 τὸ
3119 4911 3166 4945 ⁸⁵
3212 4911 3315 4981 τὴν
3347 4911 3549 4981 τάφρον
3579 4915 3807 4972 καταχων-

2281 5005 2461 5068 νύναι,
2475 5003 2598 5056 τότε
2618 5003 2682 5075 δὴ
2699 5003 2886 5058 άπασα
2905 5005 3088 5068 αὐτοῖς
3104 5004 3502 5073 ἀνεπέπληστο,
3520 5000 3606 5054 καὶ
3621 4995 3809 5062 συνῆπτο

2282 5094 2666 5165 ἁπανταχόθεν
2713 5094 2775 5148 τὸ
2814 5095 3142 5168 ἀπερρωγὸς
3173 5096 3268 5150 καὶ
3326 5089 3728 5166 μεμερισμένον,
3755 5079 3808 5138 ὡς

2283 5185 2379 5239 καὶ
2402 5184 2634 5255 βάσιμον
2663 5180 2804 5238 εἶναι
2829 5185 2890 5238 τὸ
2939 5185 3138 5256 χωρίον
3169 5187 3403 5256 στρατιᾷ
3444 5173 3804 5252 τειχομαχοῦσῃι

2283 5278 2378 5331 καὶ
2433 5277 2532 5339 τὰς
2591 5276 2867 5340 ἑλεπόλεις
2923 5277 3171 5347 μηχανὰς
3221 5277 3284 5329 οὐ
3353 5273 3595 5346 χαλεπῶς
3642 5261 3804 5321 ἐνθένδε

2285 5368 2686 5442 προσάγεσθαι.
2720 5369 2951 5442 Μακρὸς
2963 5370 3009 5402 ’⁸
3048 5369 3319 5434 δέναύτοῖς
3343 5368 3376 5440 ἢ
3399 5365 3536 5422 κατά
3560 5363 3651 5434 τὴν
3678 5353 3800 5410 πολυ⁶

1887 5543 2125 5601 VARIIE
2157 5543 2460 5602 LECTION
2468 5544 2574 5602 ES.

655 5703 703 5777 ιβ
741 5703 1030 5777 θαμά-οη).
1062 5704 1128 5777 Β.
1155 5776 1180 5777 ﬂ
1209 5706 1248 5736 ⁸⁷
1281 5704 1551 5777 Τζανικοῦ
1573 5704 1639 5777 ll.
1719 5705 1762 5777 ‘7'
1791 5705 1996 5777 δειλιᾷν
2021 5706 2089 5763 ιι.
2143 5708 2210 5777 ί¹⁹
2243 5705 2409 5769 αὐτὸς
2446 5705 2581 5777 Sph.
2615 5705 2742 5762 Par.
2819 5707 2866 5777 τ’
2897 5707 3377 5768 ἐπικολπὼσαντες
3408 5703 3472 5764 Β,
3505 5703 3650 5755 ὐποκ.
3673 5688 3795 5777 figis:

590 5774 634 5806 “
647 5774 706 5828 τὸ
734 5774 870 5828 ἄστυ
901 5774 966 5830 R.

591 5842 723 5916 vulg
768 5912 799 5916 _
845 5844 893 5877 “
927 5847 988 5910 ἐς
1025 5845 1118 5898 τὸν
1144 5842 1382 5916 (punctis
1414 5846 1670 5916 subditis)
1688 5842 1915 5916 ’ταφρὸν
1941 5845 2009 5900 ll.
2100 5842 2145 5881 ’³

597 5913 739 5967 κατὰ
768 5912 834 5978 ll,
887 5917 984 5976 καὶ
1033 5912 1182 5969 κατᾶ
1207 5913 1348 5978 vulg.

2209 5792 2269 5829 ον
2298 5777 2450 5846 vulg,

1072 5776 1118 5810 ⁸²
1146 5776 1418 5856 Παρεῖκον
1448 5775 1490 5827 ll
1525 5791 1570 5858 θ’
1600 5776 1775 5857 lnrgd.
1819 5775 1987 5831 corr}.
2018 5776 2269 5880 παρῆκον
2298 5777 2450 5846 vulg,
2488 5775 2504 5777 “
2551 5778 2598 5809 ³³
2643 5777 2801 5832 πόλιν
2833 5776 2900 5832 R.
2935 5777 3326 5850 προσήῤῥαξαν
3373 5778 3456 5839 R.,
3514 5789 3540 5852 τ]

1072 5853 1118 5880 \u
1145 5845 1380 5880 (urant-nc
1414 5846 1670 5880 cu'nlalrn‘
1705 5845 1983 5880 φημιΛλυΠ
2123 5851 2145 5880 I
2215 5847 2557 5880 ηκυβιλρεηηρ
2606 5848 2728 5880 Ann:
2788 5849 2845 5880 ΓΙ
2945 5849 3093 5880 ἶηηιιι
3163 5847 3280 5880 nl...
3326 5853 3538 5880 Imaum:

2212 5839 2557 5919 μακρόῖ-έρος
2605 5848 2752 5919 conj.
2788 5849 2895 5918 CL,
2945 5839 3131 5920 intprl'
3159 5839 3280 5917 'pza.
3325 5839 3565 5918 (eruperit
3589 5839 3791 5909 qutun".

2551 5778 2598 5809 “
2643 5777 2801 5850 πόλιν
2833 5776 2900 5850 R-
2935 5777 3326 5850 πωσήρρσεξαν
3359 5763 3468 5839 ’καὶ
3514 5763 3792 5850 προσεφέαέ
