4060 6464
505 499 650 568 1455

1701 501 1948 566 AGATH
1963 506 1985 565 Ι
1999 503 2058 566 xli
2089 501 2578 574 SCIlOLAS'l‘lCI

3593 519 3610 583 l
3623 522 3705 585 5‘36

500 616 724 689 prmmia
751 615 1020 688 auferant.
1073 613 1333 668 Ca'terum
1363 613 1473 666 illis
1509 612 1716 682 quidem
1758 614 1828 665 ibi
1871 629 2088 666 mourn-

2205 619 2291 671 καὶ
2323 619 2385 690 [P
2447 620 2565 691 100]
2610 619 2982 687 τελεωτάτην
3012 621 3424 686 ἀναδήσασθαι
3451 628 3631 697 νίκην·
3667 637 3713 688 οι

501 709 627 762 dum
647 723 849 767 censeo.
869 709 1030 759 donec
1048 706 1116 758 ad
1138 705 1425 759 discessum
1448 706 1553 757 sint
1582 706 1781 772 parati.
1809 704 1954 757 nobis
1978 720 2094 758 vero

2205 712 2262 765 δὲ
2294 713 2449 766 οὕτω
2473 713 2729 766 κατόπιν
2744 711 2851 766 τοῦ
2888 713 3219 783 ἀναγκαίου
3258 714 3608 785 παρέσονται,
3637 726 3717 780 καί

500 799 556 851 Ιιὶ
601 799 864 867 διιῃῑείιιηι
901 795 972 849 ad
1003 798 1142 863 quod
1205 795 1465 864 reliquum
1490 804 1566 847 est
1590 793 1713 847 belli
1738 794 1934 862 optime
1963 809 2094 848 cou—

500 891 822 960 ﬁcieitdunt;
853 888 1127 958 simulque
1176 888 1273 942 his'
1298 885 1482 953 dictis,
1515 886 1581 940 ad
1625 887 1925 941 exercitum
1972 901 2099 941 cuna

505 997 727 1044 versus,
792 979 871 1033 Au
915 996 1042 1044 non,
1097 979 1494 1049 192tnquit.
1556 979 1715 1032 etiam
1760 977 1937 1040 vobis,
1994 979 2096 1033 uiri

502 1073 1032 1137 rommilitones,ista
1062 1073 1346 1127 uidentur?
1383 1073 1453 1126 At
1483 1071 1582 1136 illi,
1611 1070 1789 1125 fausta
1820 1071 2093 1126 acclama-
2138 1112 2144 1119 .

501 1167 650 1220 tione
688 1164 929 1237 praefecti
970 1166 1296 1220 sententiam
1331 1173 1392 1218 ut
1416 1164 1787 1234 atquissimam
1818 1164 2092 1233 approba-

502 1269 652 1324 rnnt,
689 1259 901 1328 ipsique
935 1259 1106 1313 multo
1131 1259 1444 1326 ﬁdentiores
1467 1265 1596 1312 sunt
1620 1257 1837 1319 redditi,
1873 1257 2096 1326 perinde

504 1363 568 1402 ac
598 1348 643 1402 si
676 1349 826 1402 nullo
852 1349 962 1402 alio
991 1348 1239 1403 subsidio
1269 1347 1596 1419 indigerent.
1653 1347 1936 1417 Praecipue
1965 1362 2094 1402 vero

504 1442 655 1510 ipsos
703 1442 768 1495 ad
807 1441 1210 1496 contentionem
1256 1441 1772 1510 aamulationemque
1842 1441 2097 1494 movebat

504 1549 631 1604 spes
659 1534 993 1604 spoliorum;
1043 1534 1300 1605 quodque
1355 1533 1502 1587 brevi
1545 1532 1726 1586 omnia
1797 1548 1856 1587 se
1915 1533 2098 1602 direp-

507 1639 660 1681 turos
699 1629 1013 1696 sperabant,
1080 1635 1268 1696 utpote
1326 1626 1574 1681 hostibus
1629 1625 1856 1691 deletis;
1905 1633 1958 1678 ct
1996 1626 2098 1678 hoc

505 1735 675 1773 unum
727 1722 807 1774 eis
865 1729 982 1774 erat
1014 1734 1180 1786 curae,
1229 1732 1340 1790 quo
1366 1728 1527 1788 pacto
1582 1717 1724 1773 inter
1767 1733 1825 1774 se
1859 1717 2098 1789 praedam

503 1813 806 1882 partirentu
817 1830 858 1868 r.

2189 802 2521 873 μονονουχὶ
2571 801 3054 873 ἀπογευσάμενοι
3105 802 3226 856 τῶν
3278 805 3572 874 κινδύνων,
3615 809 3723 868 εἶτα

2195 895 2315 964 τὴν
2366 896 2581 964 ὁμοίαν
2615 896 2977 950 ἁποίσονται
3027 895 3239 961 δόξαν,
3268 896 3364 950 καί
3398 898 3459 964 ἐς
3490 900 3724 970 ἐκείνους

2199 987 2552 1058 ἀνενεχθείη
2588 987 2655 1042 τὸ
2695 987 2912 1056 πέρας·
2951 988 3071 1051 καὶ,
3105 987 3174 1042 τὸ
3191 987 3267 1054 δὴ
3299 987 3526 1044 πάντων
3551 992 3730 1046 ἀδικώ-

2206 1093 2413 1144 τερον,
2469 1077 2542 1130 τὰ
2592 1079 2736 1148 γέρα
2777 1079 2999 1146 ἐπίσης
3046 1078 3457 1147 καρπώσονται
3481 1082 3660 1138 τοῖσδε
3676 1088 3731 1141 ³⁸.

2213 1166 2376 1221 Ἀλλ’
2399 1168 2652 1236 ἐκείνοις
2669 1169 2789 1239 μὲν
2807 1170 2997 1224 αὑτοῦ
3025 1171 3292 1239 μενετέα,
3311 1171 3374 1235 ἐς
3395 1173 3537 1226 ὅσον
3559 1175 3616 1239 ἐς
3641 1175 3736 1243 τὴν

2200 1260 2574 1329 ἀποπορείαν
2621 1262 3219 1332 παρασκευάσασθαι,
3267 1262 3663 1340 ἀποχρήσουσι
3687 1265 3743 1317 δὲ

2201 1352 2343 1422 ἡμῖν
2375 1349 2539 1408 οὗτοι
2587 1353 2655 1408 τὸ
2693 1355 3054 1424 λειπόμενον
3109 1352 3219 1408 τοῦ
3262 1353 3520 1422 πολέμου
3556 1354 3743 1422 ἄριστα

2200 1443 2706 1512 κατεργάσασθαι.
2736 1445 2848 1500 Καὶ
2864 1445 2980 1516 ἅμα
3003 1446 3058 1508 ἐς
3082 1445 3150 1498 τά
3182 1444 3364 1515 πλήθη
3387 1445 3716 1517 ἐπιστραφείς
3733 1463 3745 1478 ο

2197 1533 2275 1590 Ἦ
2304 1536 2442 1605 οὐχὶ
2494 1537 2591 1590 καὶ
2640 1537 2786 1607 ἡμῖν
2828 1539 3038 1602 ταῦτα,
3093 1536 3222 1606 ἐφη,
3256 1536 3442 1600 δοκεῖ,
3477 1532 3521 1591 ὦ
3560 1537 3746 1606 ἄνδρες

2202 1623 2669 1692 ξυστρατιῶται;
2723 1627 2788 1678 Oi
2819 1626 2876 1678 δέ
2927 1627 3326 1697 ἐπευφήμησαν
3389 1623 3478 1690 ξὺν
3537 1625 3647 1696 βοῇ,
3674 1628 3752 1680 καὶ

2203 1717 2390 1771 δίκαια
2421 1714 2563 1772 εἶναι
2595 1719 2903 1788 ἀνέκραγον
2940 1719 3008 1772 τὰ
3047 1717 3125 1789 τῷ
3175 1717 3468 1790 στρατηγῷ
3499 1717 3752 1786 βεὸουλευ-

2203 1810 2365 1880 μένα.
2402 1811 2513 1864 Καὶ
2553 1812 2602 1864 oi
2653 1812 2753 1883 μὲν
2807 1811 3244 1884 θαρραλεώτεροι
3293 1810 3631 1880 ἐγεγένηντο,
3679 1811 3758 1864 καὶ

505 1901 617 1959 οἷον
646 1905 847 1976 ἐτέρων
897 1905 956 1958 οὐ
989 1903 1198 1957 δεῖσθαι
1248 1900 1794 1974 προσϐοηθησόντων.
1844 1900 2097 1954 Μάλιστα
2134 1901 2242 1972 γὰρ
2289 1903 2488 1968 αὐτοὺς
2550 1908 2632 1970 εἰς
2678 1905 2796 1978 ἔριν
2861 1907 3030 1960 ἐκίνει
3083 1903 3180 1958 καὶ
3223 1903 3535 1974 φιλοτιμίαν
3599 1900 3756 1973 ἡτῶν

505 1995 770 2069 λαφύρων
809 1995 988 2061 ἐλπὶς,
1043 1993 1140 2049 καὶ
1215 1994 1298 2048 ὅτι
1351 1993 1507 2047 αὐτοὶ
1559 1993 1605 2025 ιι
1671 1993 1774 2046 οὐκ
1837 1994 1893 2056 ἐς,
1950 1991 2170 2065 μακρὰν
2208 1994 2429 2052 ἅπαντα
2455 1998 2624 2069 ᾤοντο
2661 2000 3004 2071 ικομιεῖσθαι,
3050 1998 3240 2073 ὥσπερ
3283 1998 3386 2070 ἥδη
3437 2000 3560 2060 τοὺς
3587 1996 3761 2066 δυσμι-

509 2091 624 2153 vel;
652 2088 936 2152 ἀνελόντες
962 2102 978 2120 ⁸
1033 2088 1129 2140 καὶ
1181 2085 1340 2140 τοῦτο
1389 2085 1550 2157 μόνον
1629 2085 2095 2156 πεφροντισμένον
2140 2087 2325 2153 αὐτοῖς
2350 2090 2499 2156 ὅπως
2533 2092 2632 2165 τὴν
2659 2092 2810 2148 λείαν
2830 2092 3234 2164 διανεμοῦνται.

575 2181 669 2237 2i.
713 2181 905 2236 Evenit
939 2195 1069 2236 vero
1091 2188 1255 2236 etiam
1272 2178 1442 2244 aliud,
1475 2177 1618 2248 quod
1635 2175 1902 2232 Martinus
1925 2177 2104 2231 animo

2282 2182 2381 2237 κδ’.
2426 2184 2630 2256 Ἀπέδη
2689 2184 2743 2238 δὲ
2799 2186 2948 2256 ὅμως
2981 2187 3075 2238 καὶ
3104 2184 3334 2255 θάτερον
3361 2181 3474 2235 τῶν
3515 2179 3764 2251 Μα-ρτίνου

505 2284 861 2347 prazceperat.
935 2271 1146 2327 Rumor
1177 2270 1328 2327 enim
1381 2270 1472 2326 hic
1520 2269 1575 2325 in
1629 2269 1826 2340 vulgus
1875 2283 2102 2340 sparsus

2205 2275 2608 2348 διανοημάτων.
2666 2278 2726 2331 '0
2776 2278 2886 2349 γὰρ
2920 2277 3077 2346 λόγος
3121 2271 3276 2340 οὗτος
3304 2275 3395 2329 διὰ
3433 2273 3525 2327 τοῦ
3557 2273 3764 2344 πλήθους

505 2371 724 2439 lateque
749 2367 1197 2435 circumvagatus
1249 2361 1320 2417 ad
1363 2361 1516 2431 ipsos
1542 2361 1709 2416 etiam
1758 2361 1956 2415 Persas
1985 2367 2104 2413 erat

2206 2369 2581 2440 ἐξολισθήσας,
2636 2372 2732 2425 καὶ
2766 2370 3044 2442 πανταχοῦ
3085 2369 3482 2442 περιηγμένος,
3538 2369 3630 2421 καὶ
3660 2369 3766 2438 παρ’

505 2463 756 2528 delatus;
796 2457 944 2530 quod
994 2456 1184 2528 utique
1217 2455 1356 2510 alter
1395 2452 1680 2508 Romanus
1713 2452 1990 2507 exercitus
2033 2449 2104 2504 ad

2205 2461 2405 2526 αὐτοὺς
2431 2462 2659 2532 ἀφῖκται
2677 2463 2807 2527 τοὺς
2863 2465 3103 2534 Πέρσας,
3129 2461 3205 2526 ὡς
3238 2460 3349 2532 ἄρα
3381 2457 3610 2532 στρατιά
3630 2459 3771 2526 ἑτέρα

505 2551 791 2624 Ncognum
834 2549 1060 2604 ﬂuvium
1102 2547 1460 2618 pervenisset,
1496 2552 1553 2600 et
1593 2541 1818 2615 jamjam
1873 2557 1933 2599 se
1976 2555 2104 2596 cum

2220 2551 2506 2624 Ῥωμαῖκὴ
2564 2554 2703 2624 πρὸς
2758 2553 2837 2625 τῷ
2881 2553 3105 2623 Νεόκνῳ
3144 2549 3385 2622 ποτα.μῷ
3429 2547 3768 2619 παραγέγονεν

505 2648 633 2702 aliis
675 2653 822 2700 esset
867 2642 1288 2712 conjuncturus.
1344 2639 1522 2695 Pavor
1571 2638 1757 2706 itaque
1805 2637 2096 2690 universos

2206 2647 2303 2702 καὶ
2325 2647 2451 2701 ὅσον
2477 2645 2632 2701 οὐπω
2665 2649 2778 2712 τοῖς
2825 2647 3118 2718 προτέροις
3150 2642 3577 2716 ἀναμεμίξεται.
3625 2640 3768 2708 Ἀφα-

507 2737 732 2801 invasit,
767 2739 1076 2788 metuentes
1105 2731 1176 2797 si,
1223 2744 1348 2785 cum
1381 2729 1552 2784 tantis
1595 2727 1903 2782 laboribus.
1929 2725 2103 2780 attriti

2209 2737 2300 2810 σίᾳ
2342 2738 2406 2810 δὴ
2437 2736 2532 2792 οὖν
2574 2739 2815 2804 ἅπαντες
2875 2741 3105 2809 εἴχοντο,
3153 2737 3400 2800 δεδιότες
3444 2737 3496 2788 ει
3533 2735 3770 2806 μέλλοιεν,

505 2837 717 2892 essent,
757 2826 1023 2881 adversus
1054 2830 1328 2878 recentem
1387 2821 1738 2890 intcgrasqne
1782 2818 1925 2872 vires
1973 2815 2104 2869 atl‘e-

2206 2829 2485 2894 τοσούτοις
2531 2831 2632 2902 ήδη
2697 2831 2882 2896 πόνοις
2943 2830 3380 2901 τετρυχωμέναι,
3458 2827 3594 2898 πρὸς
3646 2827 3771 2886 νέους

507 2931 721 2978 rentem
757 2918 1055 2975 exercitum
1089 2916 1227 2987 ipsis
1261 2913 1663 2984 conﬂigendum
1685 2917 1852 2966 esset.
1893 2909 2104 2964 Nacho—

2207 2923 2402 2988 ἄλλους
2441 2923 2537 2977 καὶ
2583 2923 2841 2994 ἀκμῆτας
2880 2917 3334 2996 παρατάττεσθαι
3390 2920 3698 2991 πολεμίους.
3726 2918 3772 2971 '0

509 3030 680 3087 ragan
711 3025 838 3068 vero
856 3010 990 3065 nihil
1013 3016 1327 3069 cunctatus,
1364 3006 1693 3061 mediocrem
1719 3003 1965 3073 equitum
1990 3011 2104 3054 tur-

2206 3016 2263 3070 δὲ
2294 3002 2626 3086 Ναχοραγάν
2651 3017 2802 3070 οὐδέν
2834 3033 2885 3070 τι
2923 3016 3218 3088 μελλήσας,
3253 3017 3353 3069 καὶ
3401 3015 3522 3085 ἷλην
3558 3011 3672 3066 τινὰ
3698 3026 3772 3080 με⁸

508 3121 658 3162 mam
681 3119 710 3160 e
729 3102 970 3160 Persicis
991 3098 1303 3171 agminibus
1318 3097 1472 3152 misit
1493 3095 1560 3150 ad
1581 3109 1705 3150 eum
1725 3103 1980 3155 tractum,
2009 3106 2104 3161 per

2207 3107 2366 3176 τρίαν
2393 3110 2457 3160 ἐκ
2482 3105 2590 3160 τῶν
2645 3107 2932 3178 Περσικῶν
2970 3107 3180 3160 ἔστειλε
3232 3105 3539 3176 ταγμάτων
3572 3103 3671 3157 ἀνά
3697 3102 3774 3170 τὴν

507 3213 672 3271 quem
696 3197 921 3268 putabat
937 3192 1266 3250 transituros
1294 3191 1436 3256 illos,
1460 3186 1896 3258 dequibusl‘ama
1909 3185 2103 3255 decep-

509 3303 602 3346 tus
618 3299 769 3358 erat;
803 3288 1034 3359 quicum
1047 3299 1113 3342 eo
1132 3284 1432 3348 venissent,
1453 3296 1646 3352 magna
1669 3279 1944 3349 diligentia
1971 3278 2108 3347 vigi-

509 3385 793 3452 lantiaque
826 3380 1119 3435 utebantur
1155 3378 1211 3432 in
1255 3391 1314 3432 re
1374 3387 1798 3445 supervacanea.
1852 3369 2104 3441 Occupa-

2210 3383 2677 3454 παραγενόμενοι,
2755 3369 2960 3452 σπουδῇ
3003 3398 3066 3434 τε
3121 3383 3217 3434 καὶ
3255 3381 3546 3452 ἀγρυπνίᾳ.
3605 3379 3694 3430 οὐκ
3735 3376 3780 3426 ὲν

512 3479 587 3533 tis
616 3475 762 3531 enim
821 3469 1310 3543 Opportunioribus
1347 3468 1504 3534 locis,
1542 3481 1608 3522 ex
1638 3465 1852 3521 insidiis
1885 3463 2104 3534 operie-

2208 3475 2381 3530 δέοντι
2410 3475 2666 3546 ἐχρῶντο.
2698 3474 3112 3538 Καταλαϐόντες
3141 3472 3257 3545 γὰρ
3284 3474 3358 3527 τὰ
3388 3473 3650 3539 ἐπίκαιρα
3692 3463 3780 3516 τῶν

512 3573 715 3626 bantur
762 3581 894 3633 eos,
949 3565 1042 3635 qui
1090 3576 1436 3633 nequaquam
1504 3568 1662 3614 erant
1721 3557 1971 3622 venturi,
2037 3570 2104 3610 eo

2209 3572 2446 3643 χωρίων,
2480 3569 2897 3641 ὐπεκρύπτοντο
2929 3567 2972 3598 ³⁷
3031 3568 3197 3622 αὐτοῦ
3228 3567 3335 3620 καὶ
3379 3565 3641 3635 ἀνέμενον
3678 3560 3782 3620 τοὺς

2209 3661 2463 3733 οὐδαμῶς
2492 3660 2928 3732 παρεσομένους,
2957 3657 3197 3728 γνώμην.
3219 3656 3454 3728 ἔχοντες
3485 3654 3782 3726 ἀφυλάκτως

2209 3753 2393 3814 αὐτοῖς
2422 3750 2500 3821 τῷ
2532 3749 2926 3820 ἀπροσδοκήτῳ
2972 3746 3134 3817 τυχὸν
3177 3746 3481 3818 προϊοῦσιν
3537 3741 3783 3796 ἐπιπεσείο

2213 3845 2358 3910 σθαι,
2383 3845 2480 3898 καὶ
2517 3843 2578 3896 τὸ
2613 3843 2777 3914 τάχος
2817 3841 3089 3911 ἀνακόψαι
3117 3843 3218 3911 τῆς
3284 3839 3545 3911 πορείας,
3604 3837 3700 3896 ἓως
3745 3833 3782 3883 οἱ

2211 3941 2269 3994 ἐν
2295 3939 2373 4010 τῷ
2398 3940 2553 3995 ἄστει
2587 3936 3088 4009 ἐκπολιορκηθεῖεν.
3139 3932 3308 3989 Οὐτω
3336 3935 3438 4005 μὲν
3470 3928 3562 3984 οὖν
3581 3929 3785 3996 δύναμις

2209 4033 2268 4086 οὐ
2291 4032 2414 4085 λίαν
2447 4031 2706 4102 ἐλαχίστη
2737 4029 2845 4083 τῶν
2882 4028 3109 4100 Περσῶν
3141 4029 3332 4100 μάτην
3368 4023 3662 4096 ἠσχόλητο,
3707 4014 3782 4068 τοῦ

2210 4125 2372 4180 ἄλλου
2408 4124 2648 4194 πλήθους
2686 4122 3019 4195 ἀφῃρημένη
3048 4138 3064 4154 ο
3116 4119 3286 4184 εὐθὺς
3323 4120 3382 4174 δὲ
3423 4121 3453 4172 ὁ
3486 4110 3784 4187 Ναχοραγὰν

2208 3198 2457 3270 ἀτραπὸν
2499 3197 2737 3268 ἐκείνην,
2793 3198 2916 3252 καθ’
2955 3200 3022 3268 ἣν
3063 3196 3200 3269 ᾤετο
3257 3194 3618 3268 διαϐήσεσθαι
3673 3190 3776 3251 τούς

2208 3291 2339 3362 περὶ
2375 3283 2452 3346 ὧν
2493 3289 2756 3360 ἐτύγχανε
2785 3291 3069 3374 τῇοφήμῃ
3125 3288 3579 3359 ἐξηπατημένος.
3631 3283 3690 3338 Ol
3734 3280 3779 3334 δι

514 3661 771 3718 videlicet
804 3659 1010 3723 animo,
1037 3664 1100 3711 ut
1138 3656 1193 3710 in
1218 3656 1369 3725 ipsos
1418 3667 1612 3710 secure
1643 3650 2109 3717 tumultuariequc

513 3755 900 3828 procedentes,
972 3750 1119 3822 quod
1190 3748 1452 3804 nimirum
1538 3743 1897 3814 inexspectati
1948 3739 2106 3811 193

513 3846 786 3911 venirent,
801 3845 1095 3907 irruerent,
1119 3853 1555 3911 progressusque
1575 3835 1907 3892 celeritatem
1932 3845 2109 3887 retar-

513 3943 732 4008 darent,
759 3939 939 4012 qnoad
985 3951 1161 4008 usque
1215 3935 1498 4006 oppidum,
1541 3939 1910 4003 expugnatum
1939 3937 2105 3982 esset.

511 4039 698 4109 Atque
747 4036 822 4090 ita
881 4031 1107 4103 quidem
1165 4027 1458 4084 Persarum
1512 4041 1626 4081 non
1661 4026 1858 4093 exigua
1906 4034 2107 4076 manus

515 4131 722 4186 frustra
775 4125 1104 4190 laborabat,
1153 4136 1184 4178 a
1231 4121 1445 4188 reliquo
1505 4119 1750 4174 exercitu
1813 4115 2103 4172 subducta.

515 4224 873 4292 Nachoragan
889 4233 1018 4274 vero
1030 4215 1114 4272 vel
1132 4215 1214 4271 sic
1226 4213 1524 4270 exercitum
1545 4211 1752 4275 eduxit,
1770 4217 2109 4265 antevenere

516 4320 729 4376 scilicet
780 4304 999 4371 eorum'
1023 4315 1315 4366 adventum
1339 4309 1590 4379 cupiens,
1625 4306 1719 4376 qui
1750 4305 1902 4360 nullo
1943 4302 2108 4357 modo

515 4420 676 4466 erant
704 4406 958 4472 venturi;
1025 4402 1323 4472 animoque
1377 4399 1535 4455 valde
1559 4398 1704 4454 elato
1735 4396 1789 4450 in
1830 4393 2109 4449 Romanos

518 4504 816 4570 ferebatur,
860 4499 1040 4570 palam
1093 4495 1308 4566 iactans
1346 4503 1511 4563 atque
1559 4489 1998 4560 insnperjurans
2048 4501 2109 4542 se

517 4612 586 4653 eo
635 4595 756 4666 ipso
783 4593 874 4648 die
906 4592 1096 4647 urbem
1129 4598 1298 4644 totam
1337 4602 1462 4643 cum
1506 4585 1641 4655 ipsis
1670 4582 1985 4639 hominibus
2024 4581 2110 4635 in-

518 4701 839 4742 censurum.
901 4681 1116 4739 Oblitus
1159 4680 1304 4734 enim
1361 4684 1504 4741 erat,
1549 4675 1627 4729 uti
1663 4672 1963 4729 verisimile
2001 4677 2104 4736 est,

2210 4682 2441 4753 πρῆσαι.
2481 4677 2845 4748 Ἐπελέληστο
2875 4675 3003 4745 γὰρ,
3032 4673 3108 4734 ὼς
3135 4671 3350 4736 ἔοικεν,
3386 4669 3497 4723 ὐπὸ
3524 4661 3785 4721 αὐθαδείας

518 4796 632 4851 prae
661 4776 915 4848 superbia
955 4773 1224 4829 fanaticus
1257 4773 1378 4839 iste,
1415 4768 1564 4840 quod
1607 4767 1675 4822 ad
1703 4765 1952 4837 praelium
1984 4763 2104 4829 iret,

2211 4777 2240 4829 ὁ
2268 4774 2604 4846 ἔμπληκτος,
2644 4771 2720 4835 ὼς
2757 4769 2866 4840 ἀρα
2925 4768 3017 4820 ἐπὶ
3047 4765 3295 4836 πόλεμον
3345 4765 3438 4836 ᾔει
3462 4761 3531 4828 ³⁸,
3585 4758 3785 4829 πρᾶγμα

516 4850 635 4927 rem
681 4871 818 4926 adeo
875 4869 1094 4923 dubiam
1142 4875 1306 4935 atque
1349 4864 1647 4928 incertam,
1694 4859 1992 4927 multisque
2051 4855 2104 4909 in

2212 4869 2385 4932 οὕτως
2413 4867 2620 4937 ἀφανές
2667 4881 2727 4918 τε
2783 4863 2875 4916 καὶ
2911 4859 3266 4931 ἀδηλότατον,
3302 4856 3408 4910 καὶ
3462 4851 3660 4913 πολλὰς
3689 4850 3783 4899 ἐπιο

517 4975 808 5037 utramque
831 4970 1038 5033 partem
1063 4957 1508 5014 inclinationibus
1544 4962 1599 5009 et
1636 4949 2104 5008 vicissitudinibus

2211 4935 2499 5030 δεχόμενον
2544 4957 2628 5025 ἐφ’
2664 4955 2898 5025 ἑκάτερα
2932 4951 3108 5024 ῥοπὰς
3161 4949 3262 5002 καὶ
3317 4944 3668 5018 μεταϐάσεις,

517 5058 837 5123 obnoxiam,
861 5055 1100 5110 maxime
1143 5066 1273 5108 vero
1307 5048 1554 5106 omnium
1588 5062 1618 5102 a
1661 5045 1844 5100 divina
1868 5042 2104 5114 quadam

2212 5052 2370 5105 λιστά
2414 5067 2473 5102 τε
2521 5049 2564 5081 ³⁸
2621 5047 2865 5110 πάντων,
2937 5043 3091 5106 θείας
3135 5039 3288 5102 τινὸς
3349 5039 3449 5092 καὶ
3514 5032 3785 5106 ὑπερτέραὶ

517 5151 908 5223 superioreque
934 5146 1263 5202 necessitate
1279 5143 1667 5213 dependentem
1690 5154 1704 5204 ;
1729 5152 1853 5193 cum
1889 5151 1956 5189 ne
1981 5149 2104 5205 par-

2215 5145 2461 5212 ἀνάγκης
2492 5134 3111 5212 ἀπηρτημένον[Ρ.1οη
3143 5135 3304 5222 ,ὅσον
3339 5132 3440 5185 καὶ
3468 5127 3690 5201 σμικρὸν
3713 5122 3785 5176 οὐ·

517 5262 602 5303 vac
629 5245 848 5319 quidem
880 5259 967 5299 res
998 5243 1122 5297 ulla:
1171 5241 1223 5294 in
1252 5241 1445 5294 eodem
1478 5251 1693 5306 semper
1715 5241 1858 5289 statu
1893 5245 2104 5301 perma-

2215 5238 2305 5292 δὲν
2328 5239 2385 5290 ἐν
2402 5233 2583 5305 ταύτῷ
2609 5233 2878 5302 γίγνεται,
2902 5227 3018 5283 ἀλλ’
3049 5213 3176 5296 ἐθνῖη
3202 5243 3269 5278 τε
3302 5222 3614 5295 ἀνθρώπων
3643 5213 3784 5318 μυρία

522 5351 707 5409 neant,
755 5340 849 5396 sed
892 5339 1055 5395 etiam
1108 5335 1334 5391 infinitae
1372 5333 1656 5388 hominum
1694 5329 1944 5384 nationes
1997 5323 2104 5381 fre-

2217 5328 2314 5383 καὶ
2374 5325 2558 5388 πόλεις
2606 5321 2818 5393 συχναὶ,
2876 5318 2971 5372 καὶ
3025 5315 3280 5369 πολιτεία
3329 5313 3617 5384 ξύμπασα,
3667 5313 3783 5359 ουτω

522 5437 855 5507 quentiaque
897 5433 1094 5503 oppida
1141 5441 1195 5486 et
1227 5429 1334 5483 vita
1375 5427 1630 5481 universa
1676 5426 2104 5485 committentur,

2219 5417 2522 5490 παρασχδν,
2555 5415 2893 5469 ἁνακινεῖται
2949 5408 3044 5462 καὶ
3071 5405 3537 5478 διαταράττεται,
3588 5399 3676 5452 καὶ
3703 5399 3782 5450 τὰς

524 5533 760 5590 subinde
778 5539 832 5587 et
851 5527 1262 5601 perturbentur,
1296 5532 1352 5579 ct
1375 5537 1500 5593 spes
1538 5521 1605 5577 de
1635 5519 1798 5576 rebus
1835 5513 2104 5601 universis

2219 5511 2359 5581 ὑπὲρ
2390 5508 2496 5562 τῶν
2519 5508 2655 5561 ὅλων
2709 5503 2932 5567 ἐλπίδας
2963 5498 3202 5554 σαλεύει.
3277 5499 3343 5552 Ὃ
3374 5497 3435 5550 δὲ
3473 5498 3532 5559 ἐς
3557 5499 3779 5546 τοσουτον

2211 4219 2375 4291 ἐξῆγε
2429 4218 2526 4273 καὶ
2564 4220 2640 4282 ὣς
2670 4217 2762 4269 τὸν
2817 4214 3072 4286 στρατὸν,
3124 4213 3339 4282 φθάσαι
3394 4211 3499 4283 τὴν
3550 4206 3782 4279 ἐπήλυσιν

2209 4311 2371 4382 δῆθεν
2427 4308 2750 4381 βουλόμενος
2791 4305 2900 4359 τῶν
2951 4303 3208 4374 οὐδαμῶς
3262 4300 3681 4374 παρεσομένων,
3712 4292 3786 4347 καὶ

2212 4401 2394 4474 πολλῷ
2435 4401 2528 4466 ξύν
2561 4400 2873 4472 φρονήματι
2909 4396 3053 4452 κατὰ
3085 4395 3197 4449 τῶν
3239 4393 3544 4465 Ῥωμαίων
3595 4386 3781 4459 ἐχώρει.

2211 4493 2613 4565 ἐπικομπάζων
2663 4489 2971 4560 ἀναφανδὸν
3030 4489 3124 4541 καὶ
3159 4485 3578 4558 ἐπομνύμενος,
3633 4474 3785 4548 ἦμὴν

2211 4585 2526 4657 αὐθημερὸν
2560 4584 2658 4654 τὴν
2695 4581 2852 4637 πόλιν
2889 4581 3108 4635 ἅπασαν
3147 4578 3344 4640 αὐτοῖς
3396 4574 3655 4649 ἀνδράσιν
3709 4569 3786 4636 ἐμ·

1823 5689 2060 5747 νΑΒυΕ
2089 5684 2497 5744 LECTIONES.

589 5896 637 5930 ⁸⁸
675 5891 1061 5964 καρπώσονται
1119 5889 1290 5964 τοῖσδε
1361 5883 1636 5964 Β,“τοῖσδ.ε
1682 5879 2071 5964 ’καρπκνιιιςὸ
2133 5876 2374 5964 ’σῃαύτοὶ
2401 5874 2485 5962 κη
2513 5874 2675 5964 intpr.
2713 5871 2854 5956 quod
2888 5869 3159 5964 chederett't
3212 5885 3270 5924 se
3301 5895 3376 5908 —-
3419 5861 3773 5932 asportatum.

524 5941 889 6031 αὐτοῖςλυιε.
968 5941 1494 6029 ³⁷’ήύπέκρυπτονἸὶ
1577 5953 1621 5986 ⁸⁸
1649 5954 1736 6022 εἴη
1765 5941 1828 6005 ll.
1854 5941 2094 6002 οὖτωίἶ.
2178 5948 2221 5980 ³³
2255 5946 2492 6018 μάλιστά
2521 5961 2580 5996 τε
2598 5941 2671 6009 Β,
2701 5941 2936 6012 μάλιστά
2961 5958 3024 6009 γε
3047 5941 3188 6012 vnlg.
