4060 6452
459 289 475 350 l
500 290 596 353 £59

1651 293 2014 354 AGATHIIE
2052 292 2541 358 SCHOLASTICI

3557 315 3663 384 lilii)

453 418 486 458 e
507 398 732 456 sublimi
761 398 908 469 jacta
933 400 1120 455 hostes
1140 399 1522 465 vulnerabant,
1550 405 1734 469 utpote
1757 399 1813 453 in
1843 399 2044 454 nudam

2153 419 2246 472 ρου
2275 401 2672 472 ἀκοντιζάμινα
2729 399 2856 466 τοὺς
2911 402 3206 475 πολεμίους
3233 405 3550 484 ἐτίτρωσκεν,
3590 428 3666 480 άτε

453 493 736 562 nullisque
775 492 1200 564 propugnaculis
1226 501 1424 547 tectam
1467 491 1869 546 multitudinem
1908 492 2048 548 inci-

452 586 657 650 dentia,
692 601 924 655 quaeque
950 585 1209 640 aliorsum
1235 583 1367 638 l‘erri
1404 599 1512 638 non
1545 592 1840 653 poterant;
1915 599 2046 640 saxa

453 679 617 730 etiam
649 675 965 742 plaustralia
1000 675 1053 729 in
1091 675 1395 730 testudines
1411 675 1759 744 jacicbantur
1784 714 1801 742 ,
1825 690 2046 731 omnem

455 770 673 822 illarum
719 777 1032 822 contextum
1065 767 1468 837 perrumpentia
1496 785 1510 832 ;
1565 767 1695 838 quin
1724 777 1778 823 et
1807 769 2049 824 minores

455 861 662 928 lapides
693 859 876 914 fundis
906 859 1062 930 ejecti
1092 859 1274 929 galeas
1305 858 1585 915 Medorum
1620 868 1886 929 scutaque
1919 875 2047 930 per-

456 951 788 1019 fringebant,
828 959 884 1004 et
930 950 998 1004 ad
1042 966 1261 1004 murum
1302 967 1465 1020 quant
1513 952 1758 1020 proxime
1789 952 2048 1007 accedere

459 1057 566 1095 non
601 1043 873 1107 sinebant,
914 1042 1076 1113 196
1097 1044 1326 1098 multum
1365 1045 1627 1098 molestiae
1645 1059 1710 1098 ac
1741 1045 1926 1099 damni
1960 1045 2047 1099 in-

458 1132 714 1190 ferentes.
740 1133 944 1188 Eorum
971 1151 1118 1198 vero,
1141 1135 1234 1205 qui
1262 1136 1315 1189 in
1337 1137 1593 1192 corbibus
1619 1137 1858 1200 stabant,
1886 1147 2048 1206 prout

459 1227 622 1281 modo
656 1227 794 1292 dixi,
843 1228 936 1283 alii
973 1229 1194 1298 quidem
1226 1231 1459 1300 sagittis,
1501 1240 1686 1301 utpote
1728 1245 1794 1285 ex
1827 1231 2045 1288 sublimi

458 1319 660 1384 missis,
711 1313 886 1391 quam‘
933 1321 1201 1391 plurimos
1257 1323 1560 1388 laedebant,
1622 1323 1714 1377 alii
1763 1324 2048 1380 machinas

460 1411 792 1480 peritissime
845 1414 1174 1479 tractabant,
1210 1422 1264 1469 et
1339 1416 1583 1486 pernicia
1639 1415 1890 1486 quaedam
1942 1417 2046 1471 tela

460 1518 657 1575 magna
682 1520 807 1560 cum
833 1505 1092 1561 violentia
1119 1521 1350 1563 excussa
1372 1508 1687 1578 longissime
1709 1507 2044 1575 ferebantur,

461 1596 598 1650 adeo
649 1605 709 1651 ut
746 1598 909 1652 etiam
967 1599 1173 1655 multos
1198 1599 1458 1656 barbaros
1504 1600 1694 1670 procul
1717 1599 1898 1656 adhuc
1921 1601 2048 1656 inde

461 1687 811 1745 advenientes
838 1705 906 1744 ex
933 1691 1227 1761 improviso
1259 1706 1366 1747 una
1421 1707 1546 1746 cum
1583 1692 1715 1762 ipsis
1741 1693 1899 1763 equis
1932 1702 2046 1748 tra-

457 1778 691 1847 jicerent
752 1781 1044 1853 subitoque
1120 1792 1552 1853 prosternerent.
1635 1783 1775 1839 Tum
1853 1786 2046 1856 ingens

457 1875 729 1928 excitatus
774 1883 856 1930 est
882 1875 1112 1938 clamor,
1156 1886 1212 1932 et
1267 1878 1411 1933 tuba:
1471 1877 1733 1949 utrinque
1795 1878 2046 1934 bellicam

459 1966 755 2034 quamdam
817 1969 1126 2024 cantionem
1188 1970 1304 2027 sive
1353 1971 1648 2027 classicum
1702 1973 2045 2028 accinebant.

459 2057 642 2115 Persa:
703 2077 837 2116 vero
893 2065 1166 2134 tympanis
1237 2066 1674 2136 perstrepebant,
1714 2075 1768 2124 et
1795 2067 2048 2138 ingentes

461 2154 724 2222 ululatus,
744 2159 970 2213 terroris
994 2159 1262 2214 excitandi
1281 2175 1469 2223 causa,
1487 2161 1752 2229 edebant;
1777 2176 2046 2232 equorum

458 2247 626 2301 etiam
659 2248 927 2316 hinnitus,
951 2260 1232 2305 scutorum
1268 2251 1410 2308 ictus
1434 2262 1488 2307 et
1517 2253 1813 2308 loricarum
1844 2253 2048 2309 l'ractu-

458 2355 536 2394 ra:
555 2339 946 2396 conl'usaneum
970 2342 1262 2412 quemdam
1288 2353 1453 2414 atque
1478 2345 1772 2400 immanem
1803 2345 2044 2399 sonitum

456 2431 783 2486 miscebant.
848 2435 1056 2490 Interea
1082 2433 1332 2492 Justinus
1390 2451 1424 2491 e
1489 2438 1695 2508 templo
1744 2448 2046 2502 revertens,

456 2525 588 2596 quid
618 2527 695 2580 rei
723 2535 996 2598 ageretur,
1044 2545 1111 2584 ex
1143 2529 1458 2587 turbulento
1490 2533 1672 2588 sonitu
1710 2534 2049 2604 strepituque

456 2633 817 2688 cognoscens,
844 2636 1110 2678 converso
1129 2623 1314 2678 statim
1349 2625 1593 2692 equitatu
1629 2635 1681 2680 ct
1711 2626 1767 2680 in
1799 2625 2045 2700 ordinem

457 2714 708 2778 reducto,
766 2714 919 2783 signa
968 2715 1022 2769 in
1071 2717 1244 2770 altum
1294 2716 1484 2772 tollere
1532 2718 1708 2786 jubet,
1747 2731 2048 2786 omnesque

455 2803 608 2871 operi
656 2812 714 2857 ut
766 2818 827 2858 se
874 2805 1164 2876 accingant
1183 2806 1360 2876 jubet,
1397 2808 1471 2862 ita
1509 2823 1694 2863 secum
1724 2817 2046 2872 statuentes,

457 2909 570 2950 non
621 2897 831 2966 absque
882 2897 1050 2952 divini
1123 2900 1368 2955 numinis
1433 2911 1570 2956 nutu
1645 2900 1848 2956 iactum
1900 2901 2044 2970 quod

458 2986 660 3056 oppido
695 2989 1022 3055 exivissent;
1060 2989 1152 3044 sed
1189 2997 1250 3045 ut
1289 2990 1569 3062 inopinata
1613 2993 1914 3062 irruptione
1945 2994 2045 3047 lto-

457 3080 637 3134 stibus
663 3089 864 3136 metum
884 3080 1190 3150 injicerent,
1212 3089 1267 3137 et
1286 3083 1356 3138 ab
1372 3083 1654 3138 obsidione
1673 3084 2044 3156 proﬂigarent.
2075 3087 2118 3148 c

458 3170 638 3226 Simul
687 3182 852 3242 atque
897 3187 1028 3228 vero
1085 3173 1365 3243 paululum
1425 3175 1697 3247 progressi
1747 3175 1945 3234 Persas
1987 3177 2041 3232 in

459 3278 680 3318 murum
729 3265 993 3334 impetum
1042 3264 1306 3322 facientes
1362 3267 1522 3342 197
1553 3278 1682 3324 sunt
1719 3270 2041 3340 conspicati,

461 3366 579 3408 tum
618 3353 808 3425 utique
829 3353 1116 3413 confertim
1147 3359 1389 3414 clamore
1411 3359 1561 3414 edito
1589 3360 1644 3416 in
1678 3374 1800 3415 eam
1832 3369 2042 3430 partem

461 3454 700 3516 irtuunt,
733 3467 856 3521 qua:
899 3451 1058 3522 juxta
1096 3467 1247 3510 mare
1288 3455 1555 3512 instructa
1577 3457 1693 3512 acie
1720 3457 1918 3512 stabat.
1962 3457 2041 3510 Ex

457 3557 524 3597 va
565 3543 712 3598 enim
747 3543 914 3598 etiam
950 3545 1054 3614 ipsi
1079 3554 1234 3616 parte
1261 3557 1556 3614 venerant;
1625 3548 1920 3618 statimque
1950 3548 2042 3602 alii

457 3634 680 3702 quidem
729 3635 930 3703 contis,
965 3637 1060 3692 alii
1090 3638 1333 3707 sarissis,
1393 3640 1484 3695 alii
1508 3639 2039 3706 ensibusl‘erientes,

456 3726 724 3797 quidquid
777 3727 998 3784 obvium
1045 3739 1164 3784 erat
1201 3731 1557 3798 sternebant;
1615 3732 2042 3803 violentioreque

420 3861 424 3865 .
458 3818 666 3896 impetu
701 3817 756 3873 in
789 3819 991 3877 densos
1027 3821 1269 3878 hostium
1301 3823 1524 3879 ordines
1551 3822 1711 3890 iacto,
1763 3824 2043 3894 scutisque

459 3911 864 3980 protrudentes,
911 3914 1298 3976 condensatam
1371 3915 1786 3989 confertamque
1851 3932 2040 3978 eorum

457 4002 632 4058 aciem
661 4003 1040 4078 perfregerunt
1071 4048 1085 4066 .

524 4133 617 4190 26.
657 4133 840 4193 Persae
863 4153 994 4195 vero
1023 4141 1169 4196 hunc
1199 4141 1350 4196 illum
1395 4143 1698 4198 exercitum
1740 4158 1865 4198 esse
1911 4145 2038 4210 rati,

455 4238 619 4293 quem
671 4228 963 4284 adventare
1008 4229 1426 4296 intellexerant,
1480 4232 1740 4302 quodque
1787 4234 1930 4291 clam
1984 4241 2041 4290 et

457 4314 650 4370 insciis
678 4316 767 4383 iis,
805 4319 900 4388 qui
933 4319 1164 4390 sejuncti
1197 4336 1228 4376 a
1261 4321 1474 4392 reliquo
1503 4325 1745 4380 exercitu
1787 4325 1842 4380 in
1892 4326 2046 4396 ipsos

2149 491 2213 564 δὴ
2251 492 2450 564 πλήθει
2480 491 2676 564 γυμνῷ
2707 493 2998 565 ἐρυμάτων
3029 497 3445 570 προσπίπτοντα,
3473 511 3555 564 καὶ
3572 516 3671 572 οὐδὲ

2151 583 2272 638 ἐνδν
2327 583 2557 657 ἑτέρωθι
2630 583 2937 655 φέρεσθαι·
2973 587 3112 642 λίθοι
3157 588 3215 642 δὲ
3250 590 3505 661 ἀμαξιαῖοι
3554 607 3677 664 κατά

2150 675 2260 729 τῶν
2321 675 2648 730 σπαλιώνων
2699 677 3044 750 ἐρῤίπτοντο,
3101 679 3172 733 τά
3215 681 3482 754 πλέγματα
3537 708 3677 751 κατα.

2149 767 2398 837 γνόντες.
2439 769 2668 833 Μείονές
2698 787 2759 824 τε
2812 769 2962 825 ἄλλοι
3020 772 3517 847 διασφενδονώμενοι
3556 784 3678 842 II.“

2149 858 2326 930 κράνη
2383 859 2493 912 τῶν
2545 859 2746 930 Μήδων
2804 861 3028 924 καὶτὰς
3085 861 3313 926 ἀσπίδας
3364 868 3680 940 κατέθραυον,

2149 951 2406 1015 πελάζειν
2433 968 2492 1004 τε
2541 951 2726 1016 αὐτοῖς
2786 952 2831 985 ⁵³
2861 953 2919 1006 ἐν
2961 952 3079 1024 χρῷ
3130 953 3210 1023 τῷ
3257 955 3416 1026 τείχει
3455 961 3509 1012 οὐ
3561 963 3684 1032 μάλα

2149 1044 2398 1113 ἐφίεσαν,
2431 1043 2740 1114 βιαιότερον
2763 1044 3129 1115 ἐνοχλοῦντες.
3173 1046 3293 1099 Τῶν
3332 1049 3387 1102 δέ
3426 1053 3536 1115 ταῖς
3567 1055 3689 1109 ἀκάη

2148 1150 2284 1198 τοις,
2337 1127 2482 1206 ᾖπέρ
2541 1151 2632 1205 μοι
2683 1134 2784 1204 ἤδη
2835 1133 3070 1206 ἐρῤήθη,
3109 1137 3496 1208 ἐφεστηκότων,
3517 1143 3562 1195 οἱ
3604 1147 3692 1213 μὲν

2147 1226 2323 1292 τόξοις
2373 1225 2648 1297 χρώμενοι
2706 1226 2992 1291 πλείστους
3061 1229 3319 1297 ἐσίνοντο,
3346 1231 3439 1285 άτε
3510 1234 3694 1291 ἀνωθεν

2152 1317 2458 1387 βάλλοντες,
2527 1319 2579 1373 oi
2637 1319 2695 1373 δέ
2708 1320 2755 1352 ⁸⁸
2808 1319 2916 1373 τῶν
2995 1321 3254 1390 μηχανῶν
3315 1322 3694 1393 δαημονέστατα

2149 1409 2407 1480 ἥπτοντο,
2439 1411 2509 1464 τά
2537 1428 2597 1464 τε
2639 1410 2924 1482 ὑπόπτερα
2982 1413 3169 1466 ἐκεῖνα
3198 1412 3268 1466 τὰ
3315 1415 3407 1466 καὶ
3449 1416 3504 1478 ἐς
3559 1418 3700 1472 τοῦτο

2149 1503 2530 1574 ἐσκευασμένα
2561 1504 2805 1574 δοράτια,
2856 1504 3024 1576 πολλῇ
3077 1504 3172 1570 ξὺν
3218 1505 3428 1579 ἀνάγκῃ
3471 1508 3698 1565 ἐκτινασ-

2152 1593 2381 1663 σόμενα,
2414 1594 2764 1650 ἐπιπλεῖστον
2798 1597 3051 1666 ἐφέρετο,
3080 1595 3158 1659 ὡς
3203 1595 3300 1650 καὶ
3347 1597 3566 1661 πολλοὺς
3605 1598 3702 1652 τῶν

2153 1685 2471 1757 βαρϐάρων,
2529 1685 2817 1758 πόρρωθεν
2889 1687 2970 1740 ἐτι
3039 1687 3466 1759 ἐπερχομένους,
3521 1689 3582 1743 ἐκ
3617 1689 3702 1746 τοῦ

2148 1777 2391 1846 ἀφανοῦς
2454 1777 2642 1842 αὐτοῖς
2706 1777 2894 1842 ἵπποις
2949 1776 3392 1850 διαπερονᾶσθαι,
3431 1778 3523 1832 καὶ
3555 1795 3706 1835 κατα·

2149 1869 2371 1922 πίπτειν
2401 1866 2752 1934 ἐξαπιναίως.
2789 1869 2898 1940 Βοή
2933 1886 2994 1922 τε
3023 1870 3069 1902 ⁸⁸
3101 1869 3346 1938 ἐπιμέγα
3378 1869 3595 1941 ἐπῆρτο,
3623 1870 3706 1924 καὶ

2149 1959 2453 2028 σάλπιγγες
2539 1958 2883 2031 ἑκατέρωθεν
2945 1958 3376 2030 πολεμιστήριον
3440 1976 3493 2012 τι
3564 1960 3710 2029 μέλος

2147 2052 2362 2123 ἐπῇδον.
2396 2053 2457 2105 Ol
2489 2050 2546 2104 δὲ
2570 2051 2795 2122 ιΠέρσαι
2825 2052 3052 2117 καὶτοῖς
3093 2053 3402 2122 τυμπάνοις
3438 2051 3711 2123 ἐϐόμϐουν,

2147 2141 2241 2195 καὶ
2273 2140 2627 2210 σφοδρότερον
2679 2140 3021 2212 ἐπηλάλαζον
3049 2143 3369 2212 ἐκπλήξεως
3389 2142 3574 2210 ἕνεκα,
3609 2144 3636 2196 ὅ
3659 2159 3712 2205 τι

2146 2231 2256 2286 τῶν
2297 2231 2477 2284 ἵππων
2503 2231 2873 2302 χρεμετισμὸς
2906 2232 3131 2286 καὶτῶν
3158 2233 3404 2288 ἀσπίδων
3431 2235 3460 2287 ὁ
3487 2233 3713 2302 πάταγος

2147 2324 2242 2377 καὶ
2289 2323 2475 2377 αίτιῖιν
2529 2322 2795 2394 θωράκων
2854 2323 3170 2394 συν-τρίψεις
3203 2325 3248 2358 ⁸⁷
3302 2325 3561 2396 παμμιγῆ
3607 2342 3714 2380 τινα

2148 2417 2245 2470 καὶ
2281 2415 2472 2487 άγριον
2504 2414 2804 2470 ἀνέπλεκον
2835 2411 2992 2487 ἦχον.
3036 2417 3124 2470 Ἐν
3152 2417 3328 2487 τούτῳ
3362 2418 3420 2470 δὲ
3467 2417 3716 2489 Ἰουστίνῳ

2146 2509 2225 2581 τῷ
2253 2507 2536 2580 Γερμανοῦ
2584 2509 2649 2562 ἐκ
2679 2507 2772 2562 τοῦ
2807 2509 2914 2563 νεῶ
2945 2509 3225 2564 ἐπανιόντι
3258 2509 3602 2581 ξυναίσθησις
3642 2509 3716 2578 γί-

2148 2602 2399 2673 γνεται⁵⁸
2456 2601 2566 2655 τῶν
2626 2601 2924 2672 δρωμένων
2987 2604 3056 2673 τῇ
3116 2619 3176 2654 τε
3236 2604 3455 2673 ταραχῇ
3518 2602 3610 2656 καὶ
3649 2600 3718 2671 τῷ

2149 2693 2360 2763 κτύπῳ.
2429 2694 2540 2748 Καὶ
2597 2694 2796 2748 αὐτίκα
2872 2693 3001 2758 τοὺς
3063 2695 3202 2765 ἀμφ’
3281 2693 3450 2748 αὑτὸν
3502 2694 3719 2756 ἱππότας

2151 2780 2483 2851 συστρέψας,
2503 2780 2597 2834 καὶ
2625 2782 2680 2843 ἐς
2708 2780 2862 2847 τάξιν
2891 2780 3015 2834 τινὰ
3056 2782 3114 2834 ἐν
3149 2781 3344 2853 κόσμῳ
3386 2782 3719 2853 καταστησά-

2153 2889 2314 2942 μενος
2357 2873 2427 2926 τά
2465 2889 2526 2925 τε
2569 2875 2771 2942 σημεῖα
2807 2873 2866 2934 ἐς
2897 2870 3029 2942 ὕψος
3059 2873 3298 2944 ἀρθῆναι
3356 2873 3597 2936 ἐκέλευε,
3639 2873 3722 2926 καὶ

2149 2963 2394 3027 ἅπαντας
2419 2962 2640 3033 ἔχεσθαι
2665 2962 2852 3034 ἔργου,
2878 2964 3285 3034 γιγνώσκοντας
3309 2966 3387 3028 ὡς
3401 2967 3502 3019 οὐκ
3526 2964 3668 3018 ἀθεεὶ
3681 2965 3718 2997 δ’

2151 3059 2344 3130 ἔτυχον
2369 3057 2464 3111 τοῦ
2499 3058 2694 3122 άστεος
2722 3057 3126 3129 ἐξεληλυθότες,
3169 3057 3288 3112 ἀλλ’
3311 3061 3400 3128 ἐφ’
3430 3052 3475 3127 ᾧ
3509 3059 3552 3092 ⁶⁰
3595 3057 3720 3112 δεδε-

2153 3148 2348 3215 ξασθαι
2399 3148 2527 3210 τοὺς
2571 3147 2866 3218 πολεμίους
2895 3145 2973 3217 τῷ
3005 3147 3429 3219 ἀπροσδοκήτῳ,
3481 3148 3574 3200 καὶ
3598 3149 3722 3201 ἀπε-

2150 3241 2313 3296 λάσαι
2337 3241 2437 3310 τῆς
2482 3239 2823 3311 πολιορκίας.
2863 3238 2954 3304 Ὠς
2981 3238 3039 3292 δὲ
3083 3238 3262 3309 βραχύ
3306 3256 3361 3293 τι
3385 3237 3723 3309 προελθόντες

2151 3330 2397 3385 κατεῖδον
2427 3330 2554 3393 τοὺς
2579 3329 2796 3398 Πέρσας
2817 3327 3170 3398 ἐγκειμένους
3189 3326 3272 3397 τῷ
3296 3328 3588 3398 περιϐόλῳ,
3616 3327 3724 3379 τότε

2149 3421 2213 3492 δὴ
2249 3420 2445 3491 ἀθρόον
2484 3419 2878 3490 ἐμϐοήσαντες,
2925 3419 3262 3490 ἐμϐάλλουσι
3324 3419 3406 3488 τῷ
3479 3421 3630 3490 μέρει
3658 3415 3725 3486 τῷ

2153 3513 2290 3582 πρὸς
2325 3514 2391 3582 τῇ
2440 3511 2677 3582 θαλάττῃ
2733 3509 3231 3582 παρατεταμένῳ⁶¹
3259 3527 3276 3544 ο
3312 3511 3528 3564 ἐνθένδε
3549 3511 3592 3541 ⁶²
3632 3509 3726 3576 γὰρ

2151 3607 2246 3658 καὶ
2267 3604 2563 3674 ἐτύγχανον
2590 3603 2908 3673 ἀφιγμένοι.
2930 3603 3039 3656 Καὶ¹
3073 3603 3276 3657 αὐτίκα
3303 3605 3353 3656 οἱ
3391 3602 3490 3674 μὲν
3511 3601 3724 3664 κοντοῖς,

2148 3698 2196 3750 ot
2222 3696 2277 3749 δέ
2303 3696 2611 3766 σαρίσσαις,
2641 3696 2691 3747 οἱ
2734 3694 2790 3748 δέ
2819 3694 3122 3762 καὶιξίφεσι
3168 3695 3454 3757 παίοντες,
3489 3693 3550 3746 τὸ
3598 3706 3727 3760 παρ-

2147 3789 2420 3860 εμπίπτον
2467 3786 2809 3856 διέφθειρον·
2890 3786 3201 3857 βιαιοτέρας
3261 3803 3322 3839 τε
3385 3786 3490 3849 τὰς
3544 3782 3726 3838 ἐπελά-

2151 3900 2264 3947 σεις
2285 3883 2331 3914 ⁸³
2359 3882 2462 3936 ἀνά
2489 3880 2587 3944 τὰς
2619 3880 2808 3950 στίχας
2836 3879 2948 3934 τῶν
2977 3879 3245 3934 ἐναντίων
3273 3879 3616 3950 ποιούμενοι,
3643 3875 3728 3930 καὶ

2147 3977 2270 4038 ταῖς
2323 3973 2548 4029 ἀσπίσιν
2578 3971 2928 4039 ἐξωθοῦντες,
2977 3973 3452 4046 παρεῤῥήγνυσαν
3494 3970 3554 4024 τὸ
3587 3969 3727 4037 ξυνε-

2147 4065 2242 4136 χὲς
2274 4065 2370 4118 καὶ
2391 4063 2847 4134 συντεταγμένον.

2219 4161 2332 4220 κςν.
2365 4157 2428 4208 Οἱ
2471 4154 2529 4210 δὲ
2574 4154 2780 4226 Πέρσαι
2821 4153 3010 4210 τοῦτον
3041 4155 3252 4210 ἐκεῖνον
3279 4150 3428 4210 εἶναι
3463 4153 3554 4208 τὸν
3577 4167 3727 4224 στρα-

2146 4249 2237 4303 τὸν
2295 4248 2740 4316 ὑποτοπήσαντες
2777 4247 2838 4300 ὃν
2877 4246 2943 4318 δὴ
2997 4247 3347 4318 παρέσεσθαι
3392 4247 3724 4320 ἠκηκόεσαν,

2146 4341 2240 4407 καὶ
2277 4341 2357 4394 ὅτι
2412 4337 2762 4404 διαλαθόντες
2793 4339 2923 4402 τοὺς
2964 4339 3022 4403 ἐς
3054 4340 3216 4393 τοῦτο
3265 4338 3728 4411 ἀποκεκριμένους

457 4403 612 4460 missi
633 4416 810 4472 erant,
831 4407 946 4478 jam
974 4410 1345 4475 advenissent,
1371 4415 1779 4484 perturbatione
1801 4431 1866 4476 ac
1891 4426 2038 4473 metu

2149 4403 2427 4504 ἀφίκοντο,
2457 4432 2687 4506 θορύϐου
2715 4403 2808 4487 καὶ
2831 4433 2986 4498 δέους
3011 4403 3563 4505 ἐνεπίμπλαντο,κάὶί
3576 4430 3729 4502 χύδην

458 4491 643 4560 pleni,
678 4504 732 4550 et
777 4495 1116 4555 confusanee
1160 4501 1216 4556 in
1269 4503 1478 4574 seipsos
1511 4505 1782 4572 revoluti,
1831 4508 2043 4562 sensim

2149 4491 2210 4593 ἐς
2237 4491 2462 4592 ἐαυτοίις
2489 4491 2537 4566 σί
2563 4491 2984 4597 άνελιττόμενοι,
3013 4491 3346 4599 ἀπεχωρουν
3375 4491 3477 4599 ὴρέ
3488 4544 3562 4599 μα
3577 4491 3644 4587 ’ἐς
3665 4491 3730 4575 τὰ

456 4594 928 4657 retrocesserunt,
977 4591 1283 4664 pedemque
1332 4595 1650 4652 retulerunt.
1701 4597 1861 4664 Quod
1914 4613 2040 4653 cum

461 4676 752 4734 Dilimnitae
798 4681 1014 4736 eminus
1057 4694 1348 4741 cernerent
1404 4687 1533 4758 (sub
1594 4689 1830 4744 mediam
1890 4691 2038 4746 enim

457 4771 601 4825 muri
629 4783 836 4842 partem
881 4777 1244 4849 pugnabant),
1273 4794 1480 4850 paucos
1506 4781 1727 4852 quidem
1785 4782 1858 4837 ibi
1913 4784 2044 4839 reli-

453 4875 713 4937 querunt,
745 4868 927 4924 caeteri
953 4869 1022 4925 ad
1045 4884 1169 4926 eam
1206 4879 1416 4942 partem
1443 4913 1458 4938 ,
1485 4887 1608 4942 quae
1627 4874 1865 4930 maxime
1885 4875 2040 4930 labe--

454 4960 632 5025 rabat,
663 4974 723 5016 se
747 4962 1121 5019 contulerunt.
1153 4964 1378 5036 Angilas
1425 4981 1560 5021 vero
1597 4977 1652 5022 et
1696 4966 2038 5037 Theodorus,

454 5052 828 5110 Romanorum
873 5055 1062 5125 duces,
1111 5073 1347 5128 quorum
1400 5060 1564 5115 etiam
1611 5073 1736 5118 ante
1789 5066 2037 5133 memini,

453 5147 836 5203 animadversa
865 5151 1141 5220 paucitate
1164 5167 1379 5220 eorum,
1409 5155 1502 5224 qtti
1541 5169 1878 5225 manserant,
1907 5175 2041 5217 con-

453 5235 635 5297 festim
659 5256 785 5301 cum
817 5241 952 5299 satis
982 5243 1164 5307 valido
1208 5245 1424 5317 agmine
1453 5248 1793 5317 eruptionem
1825 5267 1889 5306 ex
1940 5269 2036 5324 op-

2145 4613 2342 4676 ὀπίσω,
2379 4613 2474 4666 καὶ
2508 4613 2566 4675 ἐς
2591 4611 2892 4683 ὑπαγωγὴν
2917 4611 2964 4644 ⁸⁸
2986 4610 3289 4667 ἐκινοῦντο.
3317 4613 3509 4665 Ταῦτα
3527 4611 3583 4664 δέ
3609 4607 3733 4678 πόρε

2154 4706 2328 4778 ρωθεν
2365 4706 2416 4758 οἱ
2446 4704 2754 4774 Διλιμνϊται
2785 4703 3112 4773 θεασάμενοι
3138 4705 3443 4776 (ἀμφὶ.γάρ
3467 4704 3530 4756 τὸ
3554 4695 3729 4772 μεσαί-

2147 4815 2309 4852 τατον
2340 4795 2434 4854 τοῦ
2471 4795 2682 4864 τείχους
2710 4793 3024 4867 ἐμάχοντο),
3043 4794 3260 4864 ὀλίγους
3294 4797 3398 4866 μὲν
3422 4793 3586 4848 αὐτοῦ
3603 4806 3725 4845 κατ·

2150 4891 2362 4953 έλιπον,
2409 4889 2461 4941 οἱ
2491 4887 2576 4960 [Ρ.
2617 4888 2744 4959 105ξ
2779 4887 2836 4952 δὲ
2865 4886 3013 4941 ἄλλοι
3042 4887 3286 4958 ἐχώρουν
3337 4887 3433 4940 ἐπὶ
3463 4886 3523 4940 τὸ
3551 4879 3728 4937 πονού-

2152 5000 2332 5054 μενον.
2385 4979 2641 5049 ’Δγγίλας
2669 4980 2726 5033 δὲ
2751 4980 2847 5034 καὶ
2885 4979 3181 5051 Θεόδωρος,
3213 4982 3264 5034 οἱ
3292 4979 3409 5032 τῶν
3451 4974 3727 5047 Ῥωμαίων

2147 5073 2455 5145 ταξίαρχοι,
2489 5066 2564 5134 ὧν
2593 5073 2658 5144 δὴ
2689 5073 3068 5144 καὶπρότερον
3093 5071 3475 5142 ἐπεμνήσθην,
3501 5072 3726 5136 ἐπιφρα-

2151 5167 2377 5236 σάμενοι
2409 5162 2508 5234 τὴν
2541 5162 2832 5235 ὀλιγότητα
2858 5163 2968 5217 τῶν
3000 5164 3422 5235 μεμενηκότων,
3461 5158 3730 5223 ἐπεξίασιν

2147 5256 2343 5329 ἀθρόον
2389 5253 2484 5309 τοῦ
2538 5255 2732 5319 ἄστεος
2773 5255 2869 5323 ξὺν
2916 5255 3216 5327 ἀποχρώσῃ
3253 5254 3522 5324 δυνάμειο
3555 5249 3645 5303 καὶ
3670 5242 3724 5297 τὸ

1755 5383 1989 5443 νΑιιιιλΕ
2013 5386 2186 5446 1..Εο’1
2199 5386 2424 5445 IONES.

521 5483 1125 5570 ξ’ριασιρενδονώμενοι.
1162 5485 1232 5553 Β,
1263 5489 1796 5570 ξιασφεδονούμενοι
1829 5500 1974 5570 vulg,

448 5553 550 5630 τήν
570 5550 620 5607 R
650 5564 707 5608 et
728 5550 800 5630 'i_n
826 5571 931 5628 mg.
958 5550 1015 5611 δὲ
1036 5557 1167 5630 βοή,
1217 5550 1225 5553 ’
1260 5561 1265 5630 f

451 5621 676 5708 (λιβρι-ν
700 5621 925 5708 ⁸γέχιιτέι
945 5621 1136 5708 _Par._:
1158 5629 1203 5708 ’ξ
1225 5624 1358 5708 ei
1393 5621 1493 5708 R_._'
1511 5621 1586 5708 _"°
1619 5621 1707 5708 ἐφ’
1727 5621 1848 5692 bili.

452 5705 568 5821 aue,
591 5693 739 5832 cgnj.
769 5694 830 5752 Β.
860 5695 1015 5755 Vulc.
1091 5700 1136 5734 ⁶¹
1171 5701 1386 5756 ἐνθένδε
1425 5703 1483 5757 δὲ
1511 5703 1577 5759 Β.

492 5785 507 5819 ι
576 5784 588 5812 ι
650 5799 664 5814 .
773 5811 781 5819 ,

492 5785 507 5819 ι
557 5784 664 5819 mg.
773 5811 781 5819 .

2075 5503 2123 5534 ⁸⁸
2153 5503 2353 5566 αὐτοὺς
2393 5501 2439 5556 R
2476 5501 2530 5557 in
2561 5517 2671 5573 mg.

1261 5560 1307 5644 ξ’
1332 5560 1660 5644 funt-pigeat;
1691 5567 1872 5644 ﬂuet
1909 5560 2074 5644 illlpl'.
2135 5560 2412 5642 fracturae,
2468 5560 2751 5644 ἐκτρίῖρεις
2804 5573 2948 5643 vulg.

2773 5505 2818 5535 ιι
2851 5504 2899 5576 ορ
2929 5503 2986 5556 δέ
3013 5501 3158 5576 Βηοῖ
3183 5521 3259 5576 ,τε
3292 5506 3475 5576 vulg._
3521 5502 3567 5536 ⁵⁸
3588 5498 3719 5576 ,βοὴν

3058 5575 3104 5608 ³⁸
3134 5572 3419 5644 γίγνεταί
3454 5572 3624 5644 Lugd.
3668 5577 3717 5622 οι

1929 5643 1970 5672 ⁸³
1989 5641 2282 5718 παρατετα
2292 5644 2438 5718 μένῳ
2469 5643 2512 5696 ll
2536 5641 2678 5718 corr.
2721 5659 2823 5718 pro
2847 5641 2994 5718 vulg.
3023 5641 3527 5718 παρατεταγμένου,
3544 5641 3714 5718 ident-

1659 5710 1703 5742 "
1735 5711 2023 5774 ἐπελάσεις
2065 5708 2131 5776 Ii,
2165 5708 2478 5778 ἐπελέύσέις
2501 5714 2644 5800 vulg.
2722 5708 2769 5754 3‘
2801 5716 2857 5778 ἐς
2884 5708 3082 5780 αὐτοὺς
3107 5708 3215 5771 Ἰῖ.’
3265 5708 3644 5784 δι’ἇπαγωγὴν
3668 5708 3710 5763 R
3739 5798 3744 5804 '
