4060 6448
295 334 436 406 1461

1440 311 1994 405 HISTORIARUM
2027 309 2266 375 LIBER
2298 309 2417 371 nr.

3447 294 3587 362 1462

298 451 402 522 μέν
435 461 492 501 τι
514 440 697 498 αὐτῶν
743 436 1156 510 διαφθείρουσιν
1178 474 1192 502 ,
1230 432 1364 488 ινιοι
1399 433 1456 488 δέ
1485 431 1895 504 ἀποδράσαντες

2019 423 2124 481 ιίιίο
2139 422 2372 489 faciunt,
2390 428 2445 477 et
2470 414 2763 476 nonnullos
2784 413 3007 491 quidem
3020 427 3218 470 eorum
3238 410 3590 482 obtruncant,

298 521 534 613 ᾤχοντοο
560 536 787 598 τούτους
814 549 874 588 τε
904 533 957 587 οἰ
999 530 1265 601 Ῥωμαῖοι
1297 526 1591 591 διώκοντες
1616 525 1717 579 οὐκ
1748 521 1894 577 ἀνίε-

1994 516 2247 575 nonnulli
2291 530 2423 572 vero
2458 514 2516 569 in
2569 511 2758 584 fugam
2804 524 2865 566 se
2897 507 3205 574 dederunt;
3262 518 3401 576 quos
3444 503 3591 575 ipsos

299 599 423 685 δεῖν.
475 628 540 681 Οἰ
588 624 648 679 δὲ
694 622 847 679 ἄλλοι
898 599 1204 694 Διλιμνῖται
1254 617 1427 672 ταῦτα
1469 614 1698 678 ἰδόντες,
1735 613 1894 685 οἵπερ

2019 612 2230 668 lomani
2266 607 2519 683 persequi
2551 623 2662 663 non
2693 605 3041 662 destiterunt.
3084 599 3378 656 Dilimnitae
3410 604 3592 654 autem

302 725 468 797 ᾔεσαν
511 720 586 785 ὡς
613 719 679 791 δὴ
726 721 840 785 τοῖς
886 718 1124 788 Πέρσαις
1161 712 1506 783 πιεζομένοις
1554 706 1898 791 ἐπαμυνοῦν-

300 788 415 880 reg,
451 788 878 885 ἐπιστρέφουσιν
930 809 1131 865 αὐτίκα
1166 808 1261 861 ἐπὶ
1302 806 1509 875 θάτερα
1533 788 1895 868 ⁸⁸,’ὑπαντιά-

302 909 418 972 ζειν
444 905 765 978 βουλόμενοι
795 906 909 967 τοῖς
954 898 1272 970 Ῥωμαίοις,
1299 898 1524 967 ἄμεινον
1563 888 1703 947 εἶναι
1735 889 1900 964 ἡγού-

309 1015 463 1067 μενοι
493 999 542 1050 εἰ
572 996 776 1068 μᾶλλον
808 997 923 1058 τοῖς
949 992 1246 1064 ὁμοφύλοις
1287 993 1344 1054 ἐς
1374 990 1403 1044 δ
1427 1008 1480 1043 τι
1503 988 1733 1059 τάχιστα
1763 986 1901 1037 ἐπα-

309 1089 558 1161 ρήξαιεν,
617 1087 825 1158 σπουδῇ
870 1103 929 1140 τε
965 1084 1188 1155 ἀτάκτῳ
1228 1084 1322 1137 καὶ
1359 1080 1544 1153 δρόμῳ
1567 1074 1746 1148 πολλῷ
1775 1074 1905 1143 ἐφέ-

309 1196 467 1252 ροντο
495 1179 562 1244 ⁸⁷,
595 1177 674 1242 ὡς
704 1176 966 1248 φεύγουσι
996 1173 1198 1247 μᾶλλον
1217 1170 1558 1247 ἀπρεπῶς,ἣ
1584 1170 1666 1225 δτι
1696 1167 1905 1239 ἑτέροις

310 1272 659 1344 ἐπέρχονται,
712 1269 1055 1341 εἰκασθῆναι.
1076 1266 1279 1322 Ἐθεον
1321 1265 1420 1337 μέν
1450 1267 1558 1335 γὰρ
1589 1262 1665 1326 ὡς
1693 1261 1758 1333 δὴ
1793 1261 1908 1323 τοῖς

308 1364 531 1428 οἰκείοις
565 1361 1096 1437 προσϐοηθήσοντες,
1116 1361 1278 1416 πλέον
1300 1360 1359 1415 δέ
1377 1378 1430 1414 τι
1455 1358 1699 1430 ὑπῆρχεν
1728 1357 1786 1409 ἐν
1810 1353 1908 1408 αὺ-

309 1457 426 1519 τοῖς
470 1453 564 1509 τοῦ
610 1453 967 1526 ὀργιζομένου
1019 1453 1081 1507 τὸ
1127 1452 1553 1525 ταραττόμενον.
1594 1449 1661 1502 Ἦ
1701 1445 1759 1500 δὲ
1799 1442 1911 1500 τῶν

311 1545 543 1617 Περσῶν
587 1542 852 1617 στρατιὰ,
882 1543 1055 1617 ὁπόση
1088 1544 1155 1618 δὴ
1183 1544 1261 1609 ὡς
1291 1542 1337 1576 ⁸⁸
1369 1540 1737 1611 πλησιαίτατα
1762 1554 1910 1608 παρα

1999 712 2116 766 haec
2136 706 2458 779 conspicati,
2498 704 2595 776 qui
2634 702 2818 759 Persis
2845 698 3228 757 laborantibus
3277 693 3595 752 auxiliaturi

1999 802 2236 865 iverant,
2270 814 2467 856 rursus
2502 797 2555 852 in
2588 795 2927 852 contrarium
2970 798 3283 857 vertuntur,
3331 786 3596 844 Romanis

2000 897 2217 952 obviam
2263 893 2344 949 ire
2391 892 2681 971 volentes,,
2711 890 2909 946 melius
2961 886 3380 956 consultiusque
3436 880 3599 953 198

2003 988 2401 1053 existimantes,
2433 985 2483 1041 si
2509 985 2693 1055 potius
2722 980 3081 1054 popularibus
3111 978 3228 1035 suis
3256 992 3423 1049 quam
3449 975 3599 1031 citis-

2005 1081 2143 1137 sime
2170 1077 2547 1145 subvenirent,
2589 1075 2902 1131 inordinato
2937 1072 3117 1130 studio
3154 1070 3439 1141 effusoque
3472 1083 3600 1124 cur-

2006 1191 2073 1240 su
2100 1173 2443 1238 ferebantur,
2479 1170 2554 1227 ita
2598 1177 2662 1225 ut
2700 1168 3019 1225 indecenter
3062 1164 3400 1238 fugientibus
3426 1160 3602 1232 magis

2006 1282 2175 1340 quam
2207 1267 2265 1323 in
2293 1265 2430 1322 alios
2453 1263 2715 1321 euntibus
2765 1261 2971 1319 similes
3011 1258 3351 1315 viderentur.
3401 1253 3602 1311 Curre-

2007 1360 2142 1417 bant
2167 1358 2312 1415 enim
2345 1367 2613 1429 tanquam
2667 1355 2783 1413 suis
2823 1352 3173 1425 opitulaturi,
3230 1351 3356 1422 plus
3421 1356 3647 1403 tamen.

2010 1451 2446 1526 perturbationis
2475 1464 2643 1523 quam
2668 1448 2765 1505 ira:
2788 1461 2903 1520 prae
2924 1460 2985 1504 se
3009 1443 3283 1503 ferebant.
3312 1442 3604 1497 Persarum

2012 1554 2196 1604 autem
2241 1545 2553 1611 exercitus,
2600 1551 2663 1600 ut
2696 1542 2812 1615 jam
2845 1555 3013 1614 quam
3043 1536 3297 1611 proxime
3347 1534 3483 1608 ipsis
3522 1533 3606 1587 in-

319 1641 615 1706 ἐτάττετο,
660 1637 862 1702 ἰδόντες
901 1638 1029 1702 τοὺς
1069 1636 1387 1709 Διλιμνίτας
1428 1633 1572 1688 οὕτω
1612 1633 1677 1704 δή
1718 1649 1769 1686 τι
1816 1630 1912 1697 ξὺν

2019 1651 2222 1701 structa
2249 1643 2369 1700 acie
2403 1642 2605 1709 stabat,
2650 1654 2777 1696 cum
2808 1639 3021 1696 videret
3057 1633 3369 1691 Dilimnitas
3411 1631 3482 1687 ita
3520 1638 3608 1684 tu-

311 1733 532 1803 ταραχῇ
563 1732 660 1784 καὶ
691 1728 937 1801 ἀκοσμίᾳ
967 1727 1291 1801 φοιτῶντας,
1319 1725 1507 1798 ἔτερόν
1543 1743 1605 1778 τε
1632 1725 1676 1761 ⁸³
1696 1723 1849 1777 οὐδὲν
1877 1722 1911 1794 ἢ

2019 1736 2312 1794 multuarie
2338 1744 2395 1793 et
2417 1736 2540 1792 sine
2581 1732 2778 1791 ordine
2823 1730 2982 1798 ferri,
3031 1743 3212 1801 neque
3241 1725 3391 1783 aliud
3442 1738 3608 1796 quam

312 1825 399 1879 ὅτι
424 1821 890 1894 ἀποδιδράσκουσι
914 1819 1317 1892 διανοηθέντες,
1351 1818 1447 1872 καὶ
1470 1816 1811 1887 λογιζόμενοι
1837 1815 1913 1879 ὡς

2019 1829 2205 1901 fugere
2251 1845 2349 1888 eos
2388 1829 2517 1897 rati,
2546 1842 2851 1899 secumque
2896 1832 3215 1898 reputantes
3259 1834 3609 1894 nequaquam

312 1916 417 1987 οὐκ
454 1915 519 1970 ἄν
558 1930 688 1968 ποτε
720 1914 922 1967 ἐκεῖνοι
960 1914 1019 1977 ἐς
1056 1911 1214 1969 τοῦτο
1247 1913 1469 1983 αἴσχους
1505 1909 1797 1977 ἀφίκοντο,
1837 1905 1913 1979 μὴ

320 2008 563 2080 μεγάλου
601 2006 748 2070 τινὸς
777 2005 872 2060 καὶ
909 2002 1235 2059 ἀνυποίστου
1274 2000 1700 2076 περιεστηκότος
1734 1998 1915 2052 κινδύ-

321 2117 442 2163 νου,
476 2100 594 2154 τότε
636 2097 702 2172 δὴ
735 2097 831 2151 καὶ
870 2096 1026 2152 αὐτοὶ
1054 2096 1357 2168 τραπέντες
1394 2092 1632 2164 ἀγεννῶς
1660 2091 1917 2145 ἐσκεδάν-

326 2207 508 2247 νυντο.
548 2190 609 2244 Ἦ
645 2189 706 2244 δὲ
747 2188 1104 2261 μελετωμένη
1137 2187 1277 2253 τέως
1302 2188 1349 2220 ⁷⁸
1372 2187 1522 2260 φυγὴ
1552 2186 1648 2240 καὶ
1681 2184 1916 2238 ὑπολαν-

324 2281 593 2349 θάνουσα,
643 2280 768 2334 τότε
810 2279 877 2353 δὴ
918 2280 1102 2344 αὐτοῖς
1145 2281 1205 2345 ἐς
1249 2278 1563 2350 τούμφανὲς
1611 2275 1912 2348 ἀνερράγη.

334 2375 500 2430 Ἀλλά
524 2376 634 2448 γὰρ
660 2374 755 2429 καὶ
777 2374 829 2428 οἰ
867 2373 1173 2446 Διλιμνῖται
1196 2372 1446 2428 ταῦτατί
1480 2372 1611 2445 περὶ
1636 2370 1746 2425 τῶν
1775 2372 1918 2443 Περ-

318 2470 437 2521 σῶν
481 2467 788 2540 οἰηθέντες,
839 2465 1154 2533 ξυνείποντό
1199 2482 1263 2535 γε
1288 2467 1506 2539 adat-oi;
1557 2465 1650 2521 καὶ
1698 2462 1915 2529 συνεξέ-

316 2561 450 2615 θεον
494 2562 562 2624 ⁷²,
616 2559 1004 2630 ἀπατήσαντές
1056 2575 1117 2612 τε
1163 2558 1283 2629 ἃμα
1343 2556 1444 2612 ’καὶ
1490 2555 1918 2628 ἐξηπατημένοι.

316 2651 545 2705 Τούτων
560 2651 618 2705 δὲ
645 2649 986 2722 γιγνομένων
1001 2648 1070 2714 ⁷³,
1090 2649 1335 2703 πλεῖστοι
1362 2648 1477 2701 ὅσοι
1498 2646 1609 2700 τῶν
1625 2643 1918 2716 Ῥωμαίων

316 2744 419 2797 τοῦ
447 2743 735 2814 περιϐόλου
764 2742 1085 2806 διεκϐάντες
1103 2741 1173 2807 ⁷⁵,
1205 2739 1600 2813 λαμπροτέραν
1627 2741 1741 2801 τοῖς
1766 2736 1921 2791 πολε-

322 2838 474 2907 μίοις
511 2837 842 2908 εἰργάσαντο
899 2836 1000 2907 τὴν
1049 2834 1398 2907 ἀναχώρησιν
1423 2833 1506 2900 ⁷⁵,
1560 2828 1920 2901 ἐπισπόμενοί

318 2947 384 2981 τε
418 2929 627 2993 αὐτοῖς,
660 2930 756 2983 καὶ
792 2928 856 2982 τὸ
882 2929 970 2983 ἀεὶ
997 2928 1323 2999 λειπόμενον
1345 2922 1920 2996 ἀναιροῦντες.¹Ἀλλοι

318 3022 381 3074 δὲ
413 3020 634 3075 ἄλλοθεν
668 3020 981 3086 ἐπεξιόντες
1020 3020 1156 3093 πρὸς
1184 3020 1247 3073 rb
1288 3019 1509 3089 ἀντέχον
1537 3017 1618 3072 ἔτι
1658 3018 1755 3071 καὶ
1792 3015 1920 3082 ξυν-

321 3113 561 3183 εστηκὸς
602 3113 969 3167 διεπονοῦντο.
1014 3113 1088 3167 Τὸ
1121 3113 1221 3185 μὲν
1266 3112 1375 3184 γὰρ
1422 3110 1572 3164 λαιὸν
1616 3112 1784 3182 κέρας
1810 3108 1921 3163 τῶν

324 3206 627 3279 βαρϐάρων
659 3205 805 3260 οὕτω
827 3206 892 3280 δὴ
920 3224 974 3260 τι
1016 3205 1334 3278 περιφανῶς
1364 3204 1668 3275 ἐκεκμήκει
1695 3201 1788 3256 καὶ
1812 3200 1920 3255 διε-

320 3301 540 3356 λέλυτο.
597 3300 743 3355 Οἰδέ
790 3300 884 3354 ἐπὶ
927 3300 1008 3370 τῷ
1054 3299 1226 3372 ἐτέρῳ
1259 3296 1681 3367 ξυντεταγμένοι
1720 3311 1921 3366 καρτε-

324 3389 554 3461 ρώτατα
580 3389 953 3460 ἀπεμάχοντο.
981 3388 1051 3443 οἵ
1084 3405 1144 3441 τε
1174 3388 1285 3459 γὰρ
1321 3387 1618 3456 ἐλέφαντες
1643 3384 1760 3438 ἀντ’
1796 3383 1923 3456 ἐρύ-

327 3500 505 3552 ματος
538 3480 971 3554 προϐεϐλημένοι
1017 3480 1112 3534 καί
1158 3479 1597 3550 ἐπεισπηδῶντες
1636 3478 1707 3540 ⁷⁸,
1740 3477 1924 3532 διετά-

324 3591 530 3645 ραττον
581 3574 781 3629 αὐτίκα
837 3573 929 3628 τὸν
979 3572 1359 3644 συνασπισμὸν
1398 3573 1443 3604 ⁷⁷
1472 3571 1581 3625 τῶν
1633 3571 1924 3642 Ῥωμαίων

322 3668 383 3720 εἰ
406 3683 514 3720 που
547 3665 796 3736 ξυσταίη·
827 3666 880 3720 οἵ
898 3683 958 3719 τε
990 3667 1133 3736 ὑπὲρ
1160 3663 1367 3719 τούτων
1398 3662 1685 3734 ὀχούμενοι
1710 3663 1926 3729 τοξόται

319 3759 459 3812 λίαν
495 3758 736 3812 ἐσίνοντο
768 3758 898 3822 τοὺς
922 3756 1206 3821 ἐπιόντας.
1251 3750 1339 3810 οἷα
1385 3757 1442 3818 ἐς
1472 3754 1637 3826 ὕψος,
1672 3754 1923 3829 ἠρμένοι,

323 3851 430 3903 καὶ
462 3846 542 3919 τῷ
572 3849 937 3921 ὐπερανέχειν
977 3845 1367 3901 εὐσκοπώτοτα
1402 3846 1690 3917 βάλλοντες
1717 3861 1730 3875 ·
1771 3845 1833 3899 αϊ
1864 3859 1929 3898 τε

320 3940 446 3991 τῶν
483 3920 695 3992 ἰππέων
728 3937 876 4001 ῐλαι,
911 3938 1349 4010 διεκτρέχουσαι,
1393 3935 1591 4007 ῥαδίως
1621 3920 1929 4005 προσέϐαλ-

320 4032 428 4087 λον
470 4031 565 4085 καὶ
600 4029 880 4103 ἠνώχλουν
926 4030 973 4064 ⁷⁸
1023 4030 1254 4101 ἀνδράσι
1290 4028 1481 4092 ’πεζοῖς
1533 4028 1626 4081 καί¹
1673 4026 1933 4099 ἐμϐριθέσ-

325 4140 534 4195 στερον
587 4122 991 4195 ὡπλισμένοις·
1031 4123 1132 4195 ἤδη
1165 4138 1222 4175 τε
1254 4123 1301 4174 οἰ
1345 4119 1524 4192 ταύτῃ
1573 4119 1837 4191 Ῥωμαῖοι
1876 4120 1936 4185 ἐς

322 4216 522 4285 φυγὴν
553 4215 906 4278 ἐκκλίναντες
943 4214 986 4248 ⁷⁸
1018 4210 1423 4284 ἀπηλαύνοντο.

411 4306 686 4381 κζ’.’Δνὴρ
713 4307 772 4361 δέ
808 4324 894 4370 τις
931 4308 990 4360 ἐν
1019 4307 1206 4368 αὐτοῖς
1248 4303 1359 4357 τῶν
1397 4302 1677 4375 Μαρτίνου
1700 4301 1933 4374 δορυφό-

328 4418 479 4472 ρων,
518 4398 784 4468 Ὀγναρις
806 4396 852 4429 ⁸ο
880 4396 1077 4469 ὄνομα,⁵
1095 4397 1157 4450 ἐν
1192 4386 1513 4464 στενιᾶάτῳ
1541 4393 1729 4464 χωρίῳ
1766 4393 1939 4459 ξυνει-

2014 1924 2139 1982 illos
2161 1938 2285 1981 eam
2329 1922 2727 1996 turpitudinem
2775 1920 2833 1976 in
2881 1935 2942 1977 se
2991 1917 3354 1979 admissuros,
3401 1914 3509 1970 nisi
3556 1911 3614 1966 in

2015 2026 2326 2074 extremum
2355 2016 2580 2089 aliquod
2608 2024 2662 2072 et
2687 2012 3043 2071 ineluctabile
3072 2009 3378 2083 periculum
3406 2005 3614 2062 redacti

2017 2106 2287 2165 fuissent:
2313 2116 2428 2164 tum
2459 2107 2651 2178 utique
2685 2105 2853 2162 etiam
2892 2102 2999 2174 ipsi
3044 2100 3273 2172 turpiter
3303 2106 3452 2168 terga
3491 2110 3615 2150 ver—

2016 2208 2197 2256 tentes
2229 2207 2359 2258 sunt
2387 2198 2668 2270 dissipati,
2712 2205 2769 2252 et
2794 2191 3168 2268 praemeditata
3210 2191 3323 2263 jam
3356 2189 3615 2245 obscure-

2017 2307 2125 2364 que
2174 2299 2388 2349 tentata
2447 2290 2575 2362 fuga
2639 2289 2696 2346 in
2750 2296 3003 2360 apertum
3055 2285 3262 2356 erupit.
3322 2278 3617 2337 Dilimnitae

2018 2386 2165 2445 enim
2190 2386 2307 2443 haec
2344 2385 2412 2443 de
2448 2383 2639 2441 Persis
2665 2382 2980 2454 opinantes,
3021 2378 3205 2437 socios
3233 2389 3356 2435 sese
3384 2374 3494 2430 illis
3519 2371 3615 2427 ad-

2015 2478 2338 2548 junxcrnnt,
2395 2490 2614 2546 unaque
2672 2472 2975 2544 fugerunt;
3037 2468 3290 2524 fallentes
3340 2461 3507 2522 simul
3561 2468 3619 2515 et

2023 2572 2166 2626 falsi.
2205 2569 2301 2625 llis
2351 2569 2537 2639 itaque
2566 2565 2826 2638 peractis,
2858 2563 3099 2619 maxima
3129 2560 3505 2615 Romanorum
3536 2553 3618 2610 vis

2021 2660 2194 2715 muris
2219 2656 2414 2723 ell‘usa,
2456 2653 2893 2711 manifestiorem
2928 2649 3224 2706 Persarum
3274 2644 3459 2717 fugam
3494 2642 3618 2697 red-

2021 2749 2178 2810 didit,
2208 2747 2377 2818 tergis
2403 2758 2596 2802 eorum
2632 2741 2953 2799 inhaerendo
2986 2747 3041 2797 et
3078 2746 3358 2795 extremos
3410 2740 3618 2787 meten-

2021 2842 2091 2897 do
2118 2857 2133 2907 ;
2160 2841 2252 2896 alii
2283 2854 2415 2896 vero
2443 2837 2550 2894 alia
2580 2852 2649 2896 ex
2686 2846 2843 2908 parte
2874 2835 3167 2898 irruentes,
3216 2829 3480 2886 adversus
3528 2840 3618 2881 re-

2023 2931 2280 2989 sistentes
2309 2928 2491 2985 adhuc
2535 2936 2593 2983 et
2638 2922 2994 2997 conglobatos
3039 2919 3239 2977 acriter
3280 2914 3616 2989 pugnabant.

2024 3024 2243 3081 Laevum
2278 3022 2425 3079 enim
2458 3020 2822 3077 barbarorum
2869 3031 3040 3073 cornu
3070 3014 3184 3086 jam
3234 3018 3420 3082 aperte
3458 3006 3620 3064 incli-

1949 3139 1993 3198 ο
2027 3124 2184 3172 narat
2210 3114 2565 3183 solutumque
2593 3117 2712 3168 erat
2739 3126 2756 3176 ;
2796 3108 2889 3180 qui
2921 3123 3049 3163 vero
3083 3106 3138 3160 in
3169 3104 3343 3159 altero
3378 3099 3623 3164 stabant.

2023 3206 2321 3264 fortissime
2349 3203 2749 3276 repugnabant.
2787 3199 2950 3273 199
2983 3195 3268 3269 Elephanti
3320 3193 3467 3249 enim
3520 3206 3623 3262 pro

2023 3300 2166 3355 vallo
2193 3298 2395 3369 objecti
2422 3305 2478 3352 ct
2504 3300 2852 3367 proruentes,
2891 3289 3069 3347 sicubi
3121 3284 3385 3344 confertis
3419 3281 3623 3354 clypeis

2026 3407 2262 3465 pugnam
2291 3390 2496 3446 inirent
2542 3385 2801 3452 Romani,
2851 3382 3037 3441 statim
3090 3380 3265 3436 aciem
3310 3376 3622 3440 turbabant,

2027 3493 2083 3542 et
2106 3484 2405 3557 sagittarii,
2432 3483 2526 3553 qui
2554 3480 2636 3538 eis
2658 3478 3021 3540 vehebantur,
3051 3471 3332 3529 Romanos
3354 3470 3627 3525 irruentes

2028 3578 2268 3652 graviter
2297 3575 2587 3641 laadebant,
2636 3580 2825 3643 utpote
2852 3569 2908 3625 in
2931 3566 3170 3624 sublime
3194 3562 3345 3629 elati,
3369 3571 3629 3631 certaque

2027 3686 2096 3727 eo
2152 3669 2300 3742 quod
2338 3668 2598 3726 editiores
2639 3671 2827 3720 essent
2873 3660 2982 3719 tela
3045 3656 3333 3731 iacientes.
3383 3652 3526 3721 Quin
3571 3658 3629 3706 et

2029 3764 2275 3835 equitum
2300 3771 2495 3817 turmae
2518 3759 2895 3815 discurrentes
2923 3752 3083 3809 facile
3110 3747 3441 3805 invadebant
3466 3753 3629 3813 atque

2032 3854 2329 3913 turbabant
2366 3851 2578 3924 pedites
2625 3858 2680 3905 et
2724 3846 2994 3920 gravioris
3043 3849 3336 3899 armaturae
3376 3837 3624 3900 milites;

2028 3949 2254 4020 jamque
2287 3959 2356 4003 ex
2395 3959 2460 4001 ea
2482 3950 2639 4016 parte
2688 3939 2922 3996 Romani
2956 3936 3206 3994 inclinati
3257 3931 3448 4005 pedem
3484 3928 3625 3982 rel‘e-

2033 4043 2243 4099 rebant.

2108 4313 2200 4369 27.
2244 4309 2339 4367 Vir
2383 4318 2563 4365 autem
2612 4304 2836 4378 quidam
2886 4304 3030 4359 inter
3073 4314 3172 4356 eos
3221 4312 3252 4354 e
3299 4294 3626 4351 satellitibus

2041 4407 2284 4473 Martini,
2306 4402 2542 4476 Oguaris
2567 4399 2810 4467 nomine,
2843 4397 2899 4453 in
2930 4408 3178 4452 summas
3208 4387 3488 4460 angustias
3507 4387 3631 4476 red-

320 4492 642 4566 Ἁημμένος,
668 4491 746 4556 ὡς
775 4490 911 4562 μηδὲ
935 4490 998 4544 τὸ
1026 4487 1451 4561 ἀἰινδιδράσκειν
1469 4484 1619 4558 αὐτῷ
1636 4484 1920 4558 ἐλεύθερον

2033 4509 2208 4566 actus,
2254 4475 2392 4552 adeo
2438 4486 2498 4549 ut
2540 4491 2752 4547 nullum
2828 4487 2878 4544 ei
2942 4490 3158 4557 pateret
3202 4478 3437 4536 liberum
3488 4475 3635 4532 edu-

328 4587 484 4645 εἷναι
505 4589 601 4643 καὶ
617 4588 928 4661 ἐφειμένον,
946 4586 1150 4640 αὐτίκα
1181 4584 1277 4653 ὅγε
1311 4580 1631 4657 ἀπειρηκὼί
1654 4584 1768 4646 τοίς
1785 4581 1935 4650 ξυνε-

328 4682 703 4754 νεχθεῖσι,καὶ
723 4681 914 4752 ῶσπερ
930 4682 1028 4752 τῆς
1041 4679 1215 4751 τύχης
1229 4674 1934 4749 ἀποπειρώμεννς·,ἐπιόντα

328 4780 387 4832 οἱ
402 4773 595 4839 δεινῶς
613 4774 707 4830 τὸν
718 4771 1057 4846 θρασύτερον
1078 4769 1190 4824 τῶν
1205 4769 1510 4842 ἐλεφάντων
1522 4767 1743 4842 [P.MM]
1765 4767 1937 4839 πλήτο

329 4888 425 4925 τει
455 4866 646 4939 βιαίως
673 4865 778 4923 ἀνὰ
803 4865 904 4937 τὴν
934 4864 1109 4936 ὀφρὺν
1143 4861 1221 4934 τῷ
1251 4863 1464 4936 δόρατι,
1490 4861 1588 4916 καὶ
1619 4863 1936 4934 ἐμπήγνυσι

327 4965 444 5033 τὴν
476 4960 703 5033 αἰχμὴν,
736 4958 812 5024 ὡς
848 4960 998 5014 ἅπαν
1044 4957 1107 5011 τὸ
1140 4955 1329 5010 λοιπὸν
1361 4953 1728 5030 ἀπῃωρῆσθαι
1755 4954 1823 5007 ⁸⁷.
1876 4953 1936 5007 Ὀ

328 5058 395 5111 δὲ
429 5054 571 5126 πρός
604 5069 666 5106 τε
692 5051 794 5125 τὴν
827 5049 1044 5122 πληγὴν
1083 5047 1526 5121 δυσανασχετῶν,
1563 5046 1659 5101 καὶ
1700 5044 1838 5118 πρός
1875 5062 1938 5116 γε

336 5147 440 5202 τοῦ
470 5144 724 5217 δορατίου
747 5143 894 5216 ἀμφὶ
919 5142 1010 5197 τὸν
1030 5141 1312 5214 ὀφθαλμὸν
1329 5139 1760 5214 κραδαινομένου
1785 5139 1941 5193 ἐκτα-

339 5238 705 5313 ραττόμενος,
763 5235 1073 5310 ὕπεξήγετο
1128 5234 1326 5308 ἀθρόον
1355 5235 1414 5300 ἐς
1457 5231 1769 5305 τοδμπαλιν
1807 5232 1942 5288 ἀνα-

2037 4596 2184 4666 gium
2205 4632 2220 4657 ,
2250 4604 2317 4645 ac
2344 4588 2456 4661 jam
2492 4586 2561 4642 de
2590 4584 2767 4641 salute
2798 4594 2895 4637 sua
2928 4578 3248 4648 desperans,
3285 4581 3341 4629 et
3368 4568 3636 4643 quodam-

2041 4662 2204 4742 inodo
2253 4682 2489 4738 fortunae
2525 4678 2703 4735 aleam
2728 4672 3069 4747 periclitans,
3120 4668 3416 4725 irruentem
3476 4662 3530 4718 in
3576 4677 3637 4718 se

2039 4776 2375 4835 horrendum
2434 4773 2491 4828 in
2560 4767 2785 4826 modum
2850 4763 3142 4838 quemdam
3190 4775 3221 4817 e
3273 4755 3638 4814 ferocioribus

2040 4866 2367 4939 elephantis,
2403 4878 2599 4936 magna
2627 4860 2680 4916 vi
2715 4859 2782 4915 ad
2815 4858 2983 4914 imam
3009 4854 3243 4910 frontem
3276 4849 3423 4907 circa
3450 4862 3639 4916 supcr-

2039 4937 2227 5015 cilium
2251 4956 2403 5011 liasta
2436 4952 2583 5018 ferit,
2607 4947 2819 5021 spiculo
2846 4947 2921 5000 ita
2944 4943 3138 4999 adacto
3170 4949 3336 5011 atque
3365 4937 3627 5007 impacto.

2038 5056 2100 5103 ut
2127 5045 2275 5118 quod
2308 5043 2579 5113 reliquum
2607 5045 2726 5095 erat
2768 5037 2940 5092 hasta:
2984 5029 3362 5104 propenderet.
3407 5027 3479 5081 At
3530 5024 3621 5079 hic

2047 5139 2253 5211 accepti
2283 5137 2424 5195 ictus
2455 5133 2765 5205 impatiens,
2811 5136 2973 5200 atque
3001 5126 3230 5196 insuper
3269 5123 3426 5178 hasta
3473 5130 3631 5185 circa

2048 5230 2266 5286 oculum
2298 5233 2510 5282 rotante
2545 5220 2895 5295 perturbatus
2919 5259 2936 5285 ,
2988 5212 3276 5273 confestim
3322 5217 3629 5267 retroactus

1663 5373 1900 5431 VARIE
1923 5369 2332 5430 LECTIONES.

425 5516 472 5548 ⁶⁶
508 5518 649 5592 μέρη
686 5531 809 5592 post
839 5518 1047 5592 θάτερα
1068 5517 1194 5592 add.
1230 5516 1302 5592 Ιξ.

347 5653 532 5727 Lugd.
555 5653 592 5712 ’1
624 5653 706 5715 ἰη.
748 5653 778 5663 ⁷
812 5659 858 5695 ⁷³
889 5653 1193 5727 γινομένων
1233 5657 1378 5727 vulg.
1481 5657 1530 5690 ⁷⁵
1566 5653 1880 5727 διεκϐάντες

812 5659 858 5695 ⁷³
889 5657 1193 5731 γινομένων
1233 5657 1378 5731 vulg.

351 5586 377 5601 ,,
425 5516 472 5548 ⁸⁸
508 5518 649 5589 μέρη
686 5531 809 5588 Post
839 5518 1047 5592 θάτερα
1068 5517 1194 5575 add.
1230 5516 1302 5572 Β.
1397 5517 1445 5550 ⁸⁷
1482 5510 1811 5588 ἐφέροντοῆ
1842 5524 1899 5572 et
1931 5515 2100 5586 intpr.
2125 5511 2455 5585 ferebantur,
2484 5506 2819 5576 ἐπεφέροντο
2850 5502 3001 5573 vulg.

345 5604 505 5658 οπίυς
532 5588 636 5658 ἠδη
654 5591 800 5658 vulg.
881 5591 925 5628 οι
951 5589 1141 5658 ἐτερόν
1166 5602 1220 5643 τι
1251 5587 1319 5658 R.
1395 5588 1444 5620 ⁷ο
1460 5586 1682 5658 τέωςῐῖ,
1703 5586 1878 5658 Lugd.
1907 5585 2062 5658 (GL),
2080 5601 2144 5658 τε
2166 5583 2243 5647 ὡς
2269 5582 2407 5658 Edd_.
2481 5579 2527 5611 '"
2553 5577 2732 5658 ταδτα
2759 5576 2826 5658 li.
2902 5576 2949 5607 ⁷³
2988 5571 3001 5634 ξ

478 5585 800 5710 Ξῆδηνὺιε.
881 5591 925 5628 ⁸·
951 5585 1141 5662 ἐτερόν
1166 5602 1220 5643 τι
1251 5587 1319 5643 R.
1395 5588 1444 5620 ⁷ο
1460 5585 1682 5651 τέωςῐῖ,
1705 5586 1878 5657 Lugd.
1907 5585 2062 5709 ἐξω,
2080 5601 2144 5637 τε
2166 5585 2243 5647 ὠς
2269 5585 2407 5637 Edd.

518 5700 532 5713 .
567 5660 592 5712 1
632 5676 706 5715 m.
812 5659 858 5695 ⁷³
889 5659 1193 5723 γινομένων
1233 5657 1378 5723 vulg.
1481 5657 1530 5690 ⁷⁸
1566 5656 1880 5711 διεκϐἀντες
1962 5698 1976 5720 ,
2007 5654 2272 5716 ἐκϐάντες
2300 5651 2449 5723 vulg.

3105 5498 3342 5568 σιδπόςη
3361 5496 3428 5566 δὴ
3569 5491 3636 5545 no

2440 5562 2455 5576 ⁷
2481 5579 2527 5611 ⁷¹
2555 5562 2732 5652 ﬁbra.
2759 5576 2826 5652 ll.
2902 5562 3235 5652 ΤΕ-υνέθεον
3268 5562 3348 5652 ,8,
3387 5562 3636 5652 συνέθεον

2553 5649 2600 5681 ⁷⁵
2621 5644 2972 5717 ἀναχώρησιν
3004 5639 3072 5708 Β,
3103 5639 3457 5717 ἀποχώρησιν
3489 5635 3633 5717 vulg.

347 5726 400 5831 ἒξ
430 5701 882 5816 ἐπεισπηδῶντες
900 5701 984 5794 ⁵εἶν
1016 5701 1455 5801 ῗπεκπηδῶῗθτες
1494 5729 1640 5797 Vulg.
1719 5725 1761 5760 ⁷⁷
1791 5701 2132 5797 συνασῖπιμὺν
2160 5701 2294 5792 δβιῖ.
2524 5720 2572 5753 ⁷³
2600 5701 2880 5787 ήνόχῖοὖν”
2914 5701 3070 5769 Ριιιο.⁷
3118 5710 3161 5741 ⁷⁸
3191 5701 3530 5766 ἐκκλίνοντες
3564 5701 3629 5756 R.

457 5801 754 5831 n......-..n
785 5811 831 5831 η.
864 5802 1011 5831 ιω..-
1077 5800 1488 5831 "(immune-nt...
1531 5798 1852 5831 "eumn-sm...
1877 5798 1914 5831 ιι
1964 5793 2414 5831 νοω-μένειμνιιιη
2509 5790 2552 5823 ιι
2585 5783 2954 5831 ἀπτωοίσθαι
2976 5776 3462 5831 Βηὺππωοεῖσθαι
3484 5776 3607 5831 Vult:

1530 5776 1852 5871 Eé'E'mszlgi
1868 5776 2269 5866 't{,'éc££4;o’rié¢g
2286 5776 2433 5864 vulg.
2509 5790 2552 5823 "
2584 5776 2954 5858 ἀπῃωρῆσθαι
2976 5778 3068 5851 R.,
3083 5776 3462 5852 ὑπηωρεῖσθαι
3484 5776 3607 5844 vulg
