4060 6424
409 356 549 421 1465

1569 306 2115 427 HISTORIARUM
2141 350 2374 409 LIBER
2407 349 2525 413 III.

3552 336 3692 408 1M

406 470 572 540 εργου
634 468 848 540 καιρὸς,
894 468 990 524 καὶ
1032 470 1251 527 ἅπαντα
1277 468 1605 541 τεφρωθείη,
1638 469 1766 541 πρὶν
1795 467 1862 540 δὴ
1892 468 1990 520 αύ-

2096 463 2297 531 niaque
2322 471 2448 521 ante
2479 461 2725 530 ipsorum
2757 456 3052 515 adventum
3085 455 3140 511 in
3177 454 3390 511 favillas
3429 462 3485 510 et
3528 455 3685 511 ciue-

404 565 536 628 τοὺς
557 562 874 631 ἀφικέσθαι.
910 564 1152 642 ᾍμιλλά
1176 582 1235 619 τε
1257 560 1325 639 ἦν
1350 564 1533 628 αὐτοῖς
1569 563 1711 635 ὑπὲρ
1753 562 1850 616 τοῦ
1891 560 1991 615 ’τά-τ

407 673 561 726 κους,
591 655 694 708 οὒκ
733 656 1119 728 ἐπισταμένοις
1152 657 1228 722 ὡς
1261 656 1338 726 τῷ
1372 656 1595 711 νικῶντι
1650 652 1993 725 συμϐήσεται

421 745 615 816 πρώτῳ
636 745 913 802 τεθνάναι.
949 748 1227 813 ’Ἅπαντες
1269 750 1379 819 γὰρ
1408 747 1704 819 ἀμοιϐαδὸν
1747 746 1852 800 ὑπὸ
1883 746 1994 799 τῶν

421 838 713 905 Ῥωμαίων
743 837 1115 909 ἁλισκόμενοι,
1145 841 1577 903 κατεκτείνοντο,
1615 838 1803 910 ὥσπερ
1841 837 1997 893 τοῦδέ

404 947 473 998 γε
506 929 671 996 ἓνεκα
705 931 869 1001 μόνου
900 934 1364 1006 παραγιγνόμενοι
1396 933 1464 991 ⁸⁸.
1517 930 1855 985 Ἀπολώλασι
1886 948 1997 995 τοι·

403 1023 618 1092 γαροῦν
641 1024 705 1076 ού
746 1023 927 1096 πολλῷ
952 1025 1219 1089 ἐλάσσους
1245 1025 1354 1079 τῶν
1380 1025 1675 1096 δισχιλίων.
1706 1023 1999 1087 Τοσούτοις

406 1114 673 1193 ἀνδράσιν
714 1116 1051 1185 ἐργοπόνοις,
1102 1119 1198 1175 καὶ
1229 1116 1298 1170 τά
1329 1117 1565 1187 πολέμια
1592 1116 1792 1187 ἥκιστα
1829 1131 2003 1186 μεμετ

405 1207 722 1277 λετηκόσιν,
767 1207 826 1272 ἐς
873 1225 933 1262 τε
970 1209 1278 1280 παράταξιν
1320 1208 1605 1263 οὐπώποτε
1643 1207 1997 1278 ἀφιγμένοις,

409 1299 727 1368 αὐτομάτου
753 1299 899 1362 τινὸς
937 1300 1031 1353 καὶ
1065 1300 1381 1371 παραλόγου
1411 1298 1632 1370 ὀλέθρου
1677 1300 1706 1351 ό
1746 1298 2001 1368 Ναχορα-

409 1390 518 1461 γὰν
544 1389 869 1452 αἰτιώτατος
889 1390 937 1422 ’⁷
966 1388 1212 1459 γέγονεν,
1264 1388 1467 1458 ἀνόητα
1495 1389 1543 1421 ⁸⁸
1587 1386 2002 1458 παρακελευσά-

340 1498 347 1503 ’
414 1496 601 1550 μενος.
624 1479 812 1545 Οὕτως
845 1480 955 1554 ἄρα
995 1484 1029 1553 ἡ
1066 1481 1359 1546 ἀλαζονεία
1393 1482 1453 1534 ού
1488 1481 1649 1553 μόνον
1687 1480 1885 1543 αὐτοὺς
1921 1480 2003 1532 σί-

411 1587 566 1631 νεται
590 1572 718 1633 τοὺς
743 1572 1141 1641 κεκτημένους,
1168 1571 1307 1625 ἀλλὰ
1343 1571 1454 1643 γὰρ
1483 1572 1580 1624 καὶ
1612 1568 1707 1633 οὓς
1742 1570 1808 1625 ἂν
1852 1569 2001 1623 ὲκεί-

407 1678 525 1725 νοις
551 1662 598 1694 ’⁸
631 1662 928 1733 ὑπηρετεῖν
964 1664 1210 1745 συμϐαίη
1229 1664 1325 1731 καὶ
1364 1663 1669 1716 πείθεσθαι.
1702 1662 1920 1715 Τούτων
1944 1661 2002 1714 δὲ

410 1745 519 1806 ὦδε
555 1752 1005 1825 ξυνενεχθέντων,
1033 1757 1084 1807 οἱ
1110 1756 1209 1826 μὲν
1224 1754 1485 1825 Ῥωμαῖοι
1512 1752 1793 1817 οὐέλπιᾶες
1819 1752 1998 1827 ὑπῆρ-

2096 568 2211 608 rem
2247 560 2431 607 essent
2462 551 2703 611 redacta.
2730 549 3027 605 Certabant
3057 548 3241 616 itaque
3272 547 3415 601 inter
3452 561 3510 601 se
3548 547 3695 603 celo-

2097 645 2275 707 ritate,
2310 644 2617 703 nescientes
2648 642 2764 698 fore
2791 649 2851 697 ut
2880 643 2976 713 qui
3024 640 3290 701 vinceret.
3331 639 3542 710 primus
3571 651 3693 693 mo—

2098 743 2330 788 reretur.
2380 731 2582 789 Omnes
2626 733 2772 788 enim
2804 747 2873 787 ex
2917 732 3108 787 ordine
3139 747 3169 785 a
3221 728 3485 786 Romanis
3521 729 3690 800 capti,

2099 826 2410 891 obtruncati
2458 826 2699 889 fuerunt,
2749 824 2974 895 perinde
3033 838 3098 879 ac
3149 823 3195 878 si
3254 837 3320 879 ea
3365 832 3580 878 tantum
3624 821 3694 877 de

2099 933 2265 977 causa
2298 918 2597 971 venissent.
2641 915 2932 970 Perierunt
2977 914 3163 984 itaque
3197 928 3307 968 non
3345 914 3516 967 multo
3558 927 3695 983 pau-

2100 1010 2278 1063 ciores
2306 1009 2520 1064 duobus
2562 1008 2824 1062 millibus.
2855 1006 2961 1061 Tot
2984 1007 3115 1061 viris
3158 1005 3425 1075 operariis
3452 1014 3507 1059 et
3550 1006 3605 1058 in
3638 1019 3697 1058 re

2101 1100 2293 1167 bellica
2354 1100 2578 1154 minime
2626 1099 2980 1165 exercitatis,
3040 1099 3245 1168 quique
3297 1112 3579 1167 nunquam
3639 1096 3696 1150 in

2103 1194 2275 1248 aciem
2305 1191 2660 1262 prodiissent,
2707 1189 2942 1246 ultronei
2987 1190 3274 1259 cujusdam
3309 1197 3473 1257 atque
3519 1187 3699 1255 inopi-

2104 1284 2217 1339 nati
2249 1284 2398 1339 exitii
2450 1291 2643 1339 auctor
2681 1282 2784 1338 fuit
2822 1281 3205 1351 Nachoragan,
3246 1281 3341 1352 qui
3387 1279 3697 1335 inconsulta

2104 1366 2420 1443 imperarat.
2455 1370 2643 1442 Usque
2667 1373 2804 1426 adeo
2844 1371 3157 1439 arrogantia
3206 1384 3312 1425 non
3345 1369 3520 1424 solum
3566 1383 3699 1424 suos

2103 1479 2478 1537 possessores,
2512 1465 2606 1521 sed
2643 1473 2699 1519 et
2728 1464 2875 1528 illos,
2911 1477 3049 1533 quos
3086 1462 3171 1517 eis
3196 1460 3461 1517 inservire
3492 1469 3546 1516 et
3576 1475 3700 1515 mo-

2104 1572 2219 1611 rem
2258 1570 2446 1626 gerere
2481 1556 2769 1626 contingit,
2808 1554 3008 1625 perdit.
3050 1551 3147 1609 His
3175 1569 3305 1608 vero
3333 1553 3408 1606 ita
3439 1552 3699 1623 peractis,

2105 1645 2339 1701 Romani
2383 1648 2605 1717 quidem
2643 1647 2848 1717 optima
2891 1661 2990 1716 spe
3028 1645 3170 1715 pleni
3205 1652 3380 1707 erant,
3414 1659 3478 1698 se
3512 1643 3565 1697 in
3600 1656 3700 1713 po-

2107 1748 2316 1798 sterum
2342 1738 2506 1793 facile
2534 1738 2843 1808 superiores
2871 1736 3106 1803 futuros,
3134 1737 3180 1792 si
3210 1734 3447 1791 fortasse
3480 1734 3699 1791 barbari

410 1862 509 1916 χον
539 1847 595 1909 ἐς
625 1845 695 1905 τὰ
723 1845 979 1916 μάλιστα,
1004 1846 1081 1911 ὡς
1114 1825 1207 1901 καὶ
1246 1843 1404 1917 αὖθις
1444 1846 1643 1918 ῥᾳδίως
1671 1825 2001 1916 περιεσόμεη

2105 1833 2351 1903 praalium
2386 1832 2695 1886 instaurare
2729 1840 3021 1886 tentarent.
3059 1829 3340 1899 Quotquot
3389 1843 3518 1883 vero
3549 1827 3700 1897 ipso-

410 1936 640 2006 νοιεῖγε
671 1938 779 2008 ἄρα
822 1939 918 1992 καὶ
947 1938 1348 2010 ἀναμαχεῖσθαι
1399 1941 1448 1993 οἱ
1496 1938 1770 2009 Βάρϐαροι
1810 1953 2005 2005 πειρα-

414 2024 593 2078 θεῖεν·
627 2026 741 2079 ὅσοι
765 2025 822 2079 δὲ
859 2025 1043 2079 αὐτῶν
1069 2028 1126 2079 ἐν
1166 2029 1232 2098 τῇ
1267 2028 1417 2100 μάχῃ
1442 2025 1810 2096 ἐτεθνήκεσαν
1841 2019 2004 2095 (ἦσαν

414 2110 476 2164 δὲ
508 2112 570 2165 οὗ
608 2111 824 2177 πλείους
857 2114 875 2144 ί
920 2112 952 2184 ἢ
1002 2112 1328 2184 διακόσιοι),
1370 2113 1594 2177 τούτους
1635 2112 1699 2183 δὴ
1734 2110 2006 2183 εὐπρεπέ-

418 2216 592 2255 στατα
648 2201 885 2271 ἔθαψαν,
940 2204 1352 2275 ὑπεραγάμενοι
1407 2205 1509 2274 τῆς
1547 2202 1878 2274 προθυμίας,
1927 2201 2005 2265 ὡς

411 2286 616 2356 ἄνδρας
656 2290 898 2357 ἀγαθοὺς
935 2290 1455 2362 ἀποδεδειγμένους⁸
1492 2292 1622 2354 τοὺς
1662 2290 1719 2344 δὲ
1755 2289 1864 2343 τῶν
1907 2306 2005 2341 πο·

412 2376 622 2449 λεμίων
670 2382 900 2452 νεκροὺς
951 2382 1374 2459 σκυλεύσαντες,
1432 2383 1614 2437 ὅπλων
1659 2398 1721 2434 τε
1770 2380 2004 2451 ἄφθονον

416 2472 626 2542 πλῆθος
652 2474 744 2529 καὶ
774 2473 949 2539 ἄλλων
974 2475 1277 2546 χρημάτων
1308 2473 1694 2546 περιεϐάλοντο
1709 2474 1753 2527 ⁸.
1785 2472 1861 2526 Οὐ
1894 2470 2004 2541 γὰρ

412 2562 575 2634 μόνον
615 2564 849 2628 ἀσπίδας
888 2566 983 2619 καὶ
1025 2564 1284 2638 θώρακας
1324 2567 1488 2637 τυχὸν
1532 2566 1629 2620 καὶ
1671 2564 1954 2636 γωρυτοὺς
1980 2562 2002 2595 ³

411 2644 586 2728 βελῶν
629 2658 760 2712 ἐνιοι
803 2658 915 2715 τῶν
953 2663 1223 2731 κειμένων
1270 2662 1623 2733 ἐπεφέροντο,
1669 2659 1806 2714 ἀλλά
1844 2675 2003 2732 στρε-

408 2746 584 2808 πτοὺς
613 2745 723 2816 γὰρ
754 2746 1108 2818 παγχρύσους
1138 2750 1233 2803 καὶ
1258 2749 1581 2822 περιδέραια
1597 2748 1619 2780 ⁸
1644 2747 1739 2803 καὶ
1760 2746 1999 2811 ἐλλόϐια,

408 2836 509 2903 καὶ
554 2836 689 2890 ἄλλα
728 2838 868 2892 ἄττα
918 2838 1099 2892 τοιάδε
1144 2839 1467 2912 θηλυπρεπῆ
1525 2837 1867 2907 ποικίλματα
1907 2835 2004 2893 καὶ

292 2918 299 2925 ’
406 2927 703 3000 περίεργα,
733 2930 939 2993 ὁποίοις
976 2931 998 2963 ⁸
1023 2932 1074 2983 οἱ
1109 2932 1447 3003 ἐντιμότεροι
1486 2931 1598 2983 τῶν
1642 2928 1845 3000 Μήδων
1879 2929 2004 2980 ἐνα-

406 3014 752 3087 γλαῖζονται,
776 3019 869 3073 τοῦ
905 3022 1108 3091 μᾶλλον
1133 3017 1273 3076 εἶναι
1305 3022 1553 3095 ἀρίδηλοι
1584 3022 1679 3076 καὶ
1711 3019 1804 3088 τοῦ
1836 3018 1999 3072 ἄλλου

404 3109 604 3181 ὁμίλου
639 3112 1067 3182 ἀποκεκρίσθαι.
1114 3114 1171 3167 ’0
1207 3113 1263 3170 δὲ
1292 3114 1648 3185 Ναχοραγάν,
1684 3111 1874 3183 ἐπειδὴ
1899 3110 2002 3165 aia-2

404 3202 504 3257 τὸν
526 3203 594 3256 τά
615 3220 674 3257 τε
701 3204 986 3276 ἐπιτήδεια
1012 3204 1302 3270 ἐλελοίπει,
1329 3206 1422 3259 καὶ
1457 3206 1557 3277 ἠδη
1582 3204 1852 3277 χειμῶνος
1880 3201 2000 3276 ὥρα

405 3294 756 3364 ἐπεγίγνετο,
799 3295 961 3366 ἐῴκει
1009 3297 1030 3329 ⁸
1075 3297 1175 3368 μέν
1212 3293 1367 3360 αὖθις
1410 3296 1851 3370 πολεμησείοντι,
1907 3294 2002 3354 καὶ

407 3386 473 3447 ἐς
496 3385 615 3438 τόδε
662 3384 1139 3459 συσκευαζομένῳ.
1183 3388 1258 3441 Οὐ
1294 3388 1399 3461 μὴν
1436 3389 1584 3460 ἔργῳ
1620 3389 1681 3443 τὸ
1721 3390 2003 3464 βούλευμα

406 3474 684 3542 ἐπετέλει,
720 3476 859 3530 ἀλλά
893 3476 955 3530 τὸ
992 3479 1102 3531 τῶν
1139 3478 1467 3549 Διλιμνιτῶν
1506 3483 1694 3549 στῖφος
1735 3485 1801 3553 τῇ
1843 3483 2004 3536 ὑστεη

409 3566 549 3645 pata
577 3566 868 3639 ἐκπέμψας
889 3568 993 3623 ἀνά
1020 3569 1080 3623 τὸ
1111 3571 1347 3635 στάδιον,
1385 3570 1479 3625 καὶ
1504 3573 1562 3636 ἐς
1591 3572 1834 3647 ἐκείνους
1868 3575 2002 3647 όρᾷν

403 3650 544 3720 τοὺς
589 3656 897 3731 Ῥωμαίους
918 3661 1242 3729 ἀναπείσας,
1263 3663 1436 3737 ταύτῃ
1462 3682 1525 3718 τε
1563 3664 1786 3738 δόκησιν
1822 3685 2003 3741 παρα-

412 3751 680 3824 σχόμενος
717 3752 812 3808 τοῦ⁹
866 3755 1282 3822 ἐπελεύσεσθαι,
1334 3759 1535 3812 αὐτίκα
1581 3760 1675 3829 ὅγε
1725 3759 2003 3831 σχολαίτε-

411 3844 692 3918 φντάμα
711 3849 825 3911 τοῖς
867 3847 1047 3913 ἄλλοις
1090 3850 1500 3922 στρατεύμασιν
1545 3854 1638 3907 ἐπὶ
1670 3854 1930 3908 Κοτάῖσιν
1979 3854 2003 3889 ³

409 3931 514 4003 καὶ
530 3933 883 4016 Μουχείρισιν
900 3935 1349 4006 ὲπορεύετο⁹.⁹Ως
1386 3939 1444 4005 δὲ
1476 3940 1729 3996 πλεῖστον
1765 3941 1865 4013 ἤδη
1900 3941 2003 4012 τῆς

409 4020 537 4074 ὁδοῦ
570 4022 950 4094 προεληλύθει,
982 4025 1105 4078 τότε
1137 4025 1203 4097 δὴ
1234 4028 1329 4081 καὶ
1369 4030 1418 4081 οί
1458 4029 1764 4101 Διλιμνῖται
1802 4029 2002 4084 λύσαν-

411 4127 512 4176 τες
538 4107 637 4182 τὴν
664 4112 840 4199 τάξιν,
875 4115 1225 4187 εὐκολώτατά
1253 4118 1598 4191 ἀπεχώρουν,
1635 4120 1732 4177 ἆτε
1773 4122 1837 4193 δὴ
1872 4122 2003 4177 κού-τ

414 4220 535 4272 φως
554 4206 641 4258 ἀεὶ
656 4207 998 4280 ἐσταλμένοι,
1026 4209 1119 4279 καί
1146 4209 1321 4275 ἄλλως
1350 4211 1573 4284 ἄλκιμοι
1593 4215 1687 4268 καὶ
1714 4214 1999 4280 ποδώκεις.

412 4297 683 4369 Παρῆσαν
712 4299 770 4354 δέ
793 4300 960 4354 αὐτοῦ
991 4302 1084 4355 καὶ
1106 4305 1141 4380 ἠΔ
1167 4286 1317 4375 ἄλλη
1336 4305 1381 4338 ¹⁸
1417 4305 1664 4378 Περσικὴ
1699 4307 2000 4380 ἀπόμοιρα,

414 4388 468 4443 οἳ
491 4388 555 4461 δὴ
585 4389 883 4462 ἐτύγχανον
914 4395 1064 4464 παρά
1105 4378 1197 4449 τόν
1231 4396 1467 4465 Νέοκνον
1498 4399 1747 4470 ποταμὸν
1783 4378 2001 4472 [ΡΑθϐ]

2106 1940 2227 1978 rum
2265 1923 2319 1978 in
2353 1922 2611 1980 conﬂictu
2662 1923 2939 1993 perierant
2972 1924 3153 1989 (erant
3190 1929 3370 1975 autem
3414 1933 3520 1973 non
3561 1934 3700 1988 pau-

2107 2006 2284 2068 ciores
2312 2011 2607 2082 ducentis),
2643 2026 2740 2068 eos
2769 2010 3157 2066 honestissime
3184 2010 3537 2080 sepelierunt,
3574 2009 3699 2063 Iau-

2105 2102 2232 2158 data
2270 2118 2461 2158 eorum
2497 2104 2841 2170 strenuitate,
2883 2102 3087 2173 quippe
3122 2102 3216 2175 qui
3257 2111 3317 2156 ut
3348 2101 3453 2155 viri
3490 2101 3701 2156 fortiter

2105 2208 2221 2249 rem
2248 2194 2588 2262 gessissent:
2620 2192 2863 2248 hostium
2903 2206 3038 2247 vero
3074 2193 3345 2247 cadavera
3371 2190 3699 2261 spoliarunt,

2105 2294 2160 2340 et
2186 2286 2460 2356 ingentem
2485 2299 2768 2340 armorum
2793 2284 3142 2354 aliarumque
3163 2298 3351 2338 rerum
3376 2283 3485 2336 vim
3513 2282 3701 2351 aequi.

2106 2379 2370 2434 siverunt.
2408 2375 2596 2447 Neque
2633 2377 2778 2431 enim
2828 2386 2983 2433 scuta
3034 2384 3090 2431 et
3130 2375 3329 2430 loricas
3380 2383 3593 2428 tantum
3651 2382 3702 2428 et

2104 2469 2691 2541 pltaretras'nonnulli
2771 2484 3042 2525 cursorum
3108 2468 3439 2540 gestabant;
3503 2465 3599 2522 sed
3652 2473 3705 2520 et

2107 2570 2334 2633 torques
2385 2578 2584 2618 aureos
2620 2570 2676 2617 et
2724 2562 2952 2617 monilia
3003 2570 3060 2617 et
3115 2561 3339 2615 inaures
3390 2558 3605 2628 aliaque
3649 2557 3703 2613 id

2106 2669 2280 2725 genus
2332 2655 2622 2709 muliebria
2679 2653 3064 2725 exquisitaque
3118 2652 3279 2723 203
3331 2658 3653 2706 ornamenta
3684 2690 3706 2715 ,

2105 2745 2362 2817 qualibus
2406 2744 2765 2801 notabiliores
2814 2744 3307 2814 honoratioresque
3334 2726 3475 2802 Medi
3517 2740 3703 2801 ornari

2106 2837 2305 2903 solent,
2355 2844 2415 2891 ut
2454 2837 2871 2907 spectabiliores
2893 2836 3024 2901 sint,
3059 2845 3116 2892 et
3143 2851 3176 2892 a
3204 2837 3369 2905 vulgo
3408 2849 3701 2891 secernan-

2104 2934 2215 2982 tur.
2247 2927 2607 2999 Nachoragan
2637 2943 2787 2995 vero,
2818 2943 2945 2983 cum
2977 2927 3093 2998 jam
3143 2927 3322 2997 ipsum
3362 2932 3702 2981 commeatus

2104 3019 2320 3091 aliaque
2377 3021 2688 3076 necessaria
2727 3020 3040 3085 deﬁcerent,
3096 3020 3299 3090 etiam
3352 3018 3547 3073 bruma
3601 3017 3701 3071 im-

2103 3112 2360 3179 mineret,
2409 3110 2692 3183 praeliandi
2727 3110 2952 3182 quidem
2991 3110 3324 3166 desiderium
3356 3124 3469 3179 prae
3513 3122 3572 3163 se
3622 3105 3701 3161 fe-

2103 3206 2276 3270 rebat,
2308 3213 2362 3259 et
2406 3206 2473 3260 ad
2508 3204 2616 3259 hoc
2667 3219 2728 3260 se
2775 3202 3175 3274 comparabat;
3235 3216 3296 3256 re
3349 3210 3530 3255 tamen
3583 3198 3702 3269 ipsa

2105 3298 2393 3363 consilium
2429 3296 2877 3368 desideriumque
2921 3310 3082 3351 suum
3122 3310 3232 3349 non
3261 3292 3701 3363 praestabansed

2105 3390 2516 3446 Dilimnitarum
2558 3390 2778 3461 agmine
2805 3389 3074 3461 postridie
3102 3387 3171 3442 ad
3203 3386 3441 3441 stadium
3472 3386 3701 3451 eruisse,

2102 3491 2159 3539 et
2200 3483 2432 3538 adversa
2479 3483 2536 3537 in
2573 3482 2853 3537 Romanos
2886 3480 3066 3536 fronte
3099 3490 3246 3535 stare
3299 3479 3480 3549 jussu,
3525 3492 3702 3547 eoque

2104 3574 2225 3645 ipso
2264 3574 2432 3644 praelii
2462 3574 2561 3629 abs
2590 3588 2651 3631 se
2684 3572 3061 3629 committendi
3092 3570 3557 3643 exspectationem
3605 3584 3701 3625 ex-

2104 3667 2303 3734 citans,
2334 3669 2539 3724 sensim
2573 3667 2689 3737 ipse
2730 3682 2856 3723 cum
2910 3665 3137 3737 reliquis
3188 3664 3361 3735 couiis
3405 3661 3698 3718 Cotazsiuzu

2104 3769 2157 3815 et
2182 3760 2594 3817 Mucbirisidem
2623 3775 2821 3816 versus
2843 3760 3032 3815 movit.
3061 3760 3199 3813 Cum
3227 3771 3357 3812 vero
3377 3757 3489 3827 jam
3519 3755 3697 3810 πουτί-ι

2105 3863 2247 3904 mam
2277 3849 2376 3903 viae.
2410 3856 2619 3919 partem
2654 3846 3004 3913 confecisset,
3037 3853 3151 3899 tum
3193 3854 3249 3899 et
3282 3842 3575 3897 Dilimnita:
3604 3855 3697 3898 so-

2105 3937 2217 3992 luta
2248 3939 2367 3993 acie
2408 3936 2664 3997 facillime
2694 3937 3105 4003 abscesserunt,
3134 3941 3321 4015 utpote
3343 3932 3534 3987 leviter
3552 3945 3699 3985 sern-

2104 4044 2202 4101 per
2251 4030 2448 4085 armati
2509 4030 3026 4101 cxpeditioresque,
3078 4036 3132 4083 et
3176 4034 3435 4098 praeterea
3482 4025 3695 4077 robusti

2103 4122 2443 4195 pedibusque
2494 4123 2722 4178 celeres.
2771 4120 3114 4181 Adventabat
3155 4118 3339 4174 autem
3387 4116 3551 4173 etiam
3588 4116 3695 4171 alia

2105 4217 2279 4288 ipsius
2309 4219 2508 4274 Persici
2540 4218 2817 4273 exercitus
2851 4198 2999 4287 pars,
3028 4232 3150 4286 qua:
3178 4215 3245 4274 ad
3274 4213 3559 4285 NeOguum
3587 4210 3698 4266 ilu-

2104 4310 2251 4365 vium
2304 4319 2460 4366 antea
2514 4311 2681 4365 missa
2732 4310 2925 4365 fuerat.
2959 4317 3180 4380 propter
3223 4306 3439 4361 Martini
3484 4305 3695 4368 dolum,

2109 4403 2572 4474 quemadmodum
2608 4420 2772 4473 supra
2804 4419 2834 4458 a
2866 4417 2952 4457 me
2980 4401 3187 4456 dictum
3228 4413 3331 4457 est.
3363 4400 3501 4456 Cum
3548 4399 3697 4456 enim

420 4485 685 4556 πρότερον
727 4486 1132 4558 ἀπεσταλμένοι
1171 4488 1259 4542 διὰ
1310 4488 1406 4562 τὴν
1443 4491 1723 4564 Μαρτίνου
1762 4492 2001 4564 ἀπάτην,

2108 4494 2493 4564 cognovissent
2521 4494 2693 4549 victos
2722 4493 2940 4563 quidem
2981 4506 3101 4547 esse
3143 4488 3365 4557 Persas,
3418 4489 3699 4547 Romanos

412 4569 563 4670 ᾖῖῖέρ
589 4576 825 4670 ’μιῇ-ήδη
877 4577 1109 4670 ὲργρήθη,
1147 4577 1375 4643 Γνόντες
1424 4578 1534 4651 γὰρ
1585 4580 1660 4644 ὡς
1693 4581 2001 4655 ἐνενίκηντο

2108 4599 2240 4639 vero
2276 4585 2532 4640 universa
2571 4585 2683 4656 jam
2720 4583 2941 4653 regione
2966 4582 3156 4654 potiri,
3191 4580 3479 4639 confestim
3516 4580 3687 4637 occule

414 4666 519 4737 μὲν
554 4667 604 4720 οί
643 4666 879 4739 Πέρσαι,
901 4669 950 4722 οί
986 4669 1044 4723 δὲ
1092 4669 1353 4741 Ῥωμαῖοι
1379 4671 1599 4743 ἀπάσης
1633 4672 1739 4755 ἤδη⁹
1770 4673 1870 4744 τῆς
1897 4672 2001 4749 χώ·

2110 4676 2248 4731 tiore
2279 4675 2475 4731 itinere
2507 4684 2564 4731 et
2592 4692 2622 4730 a
2656 4675 2890 4746 publicis
2918 4675 3022 4731 viis
3052 4676 3262 4729 remoto
3290 4672 3695 4727 Muchirisidem

412 4775 517 4828 ρας
552 4759 842 4833 ἐκράτουν,
884 4760 1082 4815 αὐτίκα
1121 4762 1237 4831 οἶγε
1267 4764 1491 4833 πορείαν
1506 4763 1625 4817 τινὰ
1658 4766 1697 4796 ¹¹
1718 4764 2001 4819 διαλανθά-

2108 4778 2491 4845 pervenerunt,
2518 4766 2682 4841 204
2705 4769 3057 4825 conﬂictuum
3083 4767 3303 4838 quidem
3328 4779 3692 4836 nequaquam,

407 4864 617 4901 vausav
634 4848 746 4920 ’καὶ
769 4848 878 4902 τῶν
907 4849 1201 4921 λεωφόρων
1236 4854 1686 4926 ἀποκεκριμένην
1714 4855 2001 4911 διανύσαν-

2107 4860 2392 4933 dedecoris
2432 4875 2563 4916 vero
2609 4877 2676 4917 ex
2726 4861 2851 4933 fuga
2901 4860 3212 4931 etquidem
3259 4858 3432 4914 multo
3482 4856 3696 4925 turpius

407 4955 506 5001 τες
539 4941 618 5003 είς
645 4941 1001 5013 Μουχείρισιν
1022 4942 1225 5011 ἵκοντο,
1264 4943 1372 4997 τῶν
1411 4946 1510 5016 μὲν
1536 4944 1764 5016 ἀγώνων
1806 4949 2001 5019 ἥκιστα

2107 4950 2425 5025 participes.
2472 4949 2837 5022 Posteaquam
2892 4950 3059 5021 igitur
3104 4949 3391 5004 universus
3422 4944 3694 5001 exercitus

415 5029 807 5117 μετασχόντες,
850 5030 946 5083 τοῦ
983 5030 1040 5084 δέ
1077 5033 1177 5102 τῆς
1217 5034 1398 5105 φυγῆς
1435 5035 1661 5106 αἴσχους
1701 5037 1882 5109 πολλῷ
1924 5037 2001 5091 ἔτι

2113 5042 2167 5096 iu
2217 5040 2387 5098 unum
2436 5044 2802 5109 convenisset,
2856 5043 3065 5114 majore
3114 5041 3388 5111 equitatus
3435 5047 3584 5107 parte
3620 5035 3691 5091 ibi

414 5118 781 5194 ἀκλεέστερον
832 5124 873 5154 ¹²
927 5125 1339 5217 μετειληφότες.
1395 5128 1616 5201 Ἐπειδὴ
1661 5124 1756 5186 οὖν
1801 5131 1947 5194 ἅπας
1976 5133 2001 5184 ό

2114 5136 2323 5205 relicta,
2363 5147 2418 5193 et
2458 5136 2721 5204 Walrise,
2752 5136 2871 5207 viro
2904 5136 3047 5191 inter
3086 5134 3284 5191 Persas
3315 5128 3690 5194 celeberrimo,

1720 5310 1959 5369 VARUE
1978 5312 2419 5386 μεοΤιοΝεε.
3332 5360 3365 5386 ο

492 5479 539 5566 ξ’
561 5495 864 5566 παραγιγν,
897 5483 964 5547 R,
998 5486 1445 5566 agapgytv._vulg.
1495 5485 1576 5566 "1
1592 5489 1879 5566 _ai’cto;_R.
1921 5490 2001 5566 _"

2094 5494 2245 5566 ιόητα
2277 5494 2319 5549 Β
2349 5505 2403 5550 et
2436 5494 2604 5566 intpr.
2645 5495 2853 5566 stolide,
2879 5492 3115 5566 ἀνόνητα
3133 5493 3315 5566 vulg._
3356 5491 3416 5566 ”_
3459 5492 3685 5566 ἐκείνοις

418 5564 532 5637 ειμι,
572 5547 692 5637 κί’.
768 5547 992 5616 τούτους
1014 5547 1175 5637 iis“.
1270 5547 1842 5637 ξοπεριεϐἀλλοντοῖἴί
1920 5560 1943 5593 ³
1974 5578 2001 5629 γ

2338 5547 3156 5637 τίως’-ίέεριδέρῖρςιῖαίνσυιεε
3179 5547 3203 5551 ’ί
3230 5547 3259 5595 ε
3290 5559 3514 5637 ρποςους
3548 5547 3684 5637 sui

420 5620 842 5710 {’a’r‘.wf‘étf)x¢:'t‘
866 5632 1179 5710 Icprrqctum
1201 5633 1286 5710 est
1314 5626 1366 5678 in
1402 5620 1523 5710 ing.
1553 5627 1748 5710 Lugd.,
1785 5620 2001 5710 ἐδόκειῖ

2094 5649 2143 5710 ιι.
2164 5620 2445 5710 in_o'rt_l.et
2463 5620 2732 5710 litigatur.
2765 5620 3058 5710 videbatur.
3082 5620 3156 5710 ’ν’
3183 5620 3572 5710 σμολαιότερον
3591 5620 3682 5686 Ἱὶ.

418 5690 444 5723 ³
468 5689 953 5777 Κοταίσιονῃῐὶόιιι.⁸
988 5764 1000 5777 .
1016 5694 1037 5724 ³
1053 5695 1363 5777 ςὲπορεύετο
1376 5689 1839 5777 λὶξέπορὲύοντο
1860 5703 2001 5773 vulg.

2104 5706 2151 5751 ‘°.
2177 5689 2342 5760 αύτοῦ
2372 5689 2486 5777 κέ.ίή
2518 5689 2747 5777 ἀλλητιί,
2788 5723 2840 5758 κ.
2882 5706 2915 5773 ἡ
2943 5703 2996 5758 ἀ.
3035 5703 3157 5757 αὐτ.
3187 5689 3331 5773 vulg.
3414 5703 3453 5734 "
3479 5689 3682 5758 ἀποκε-

422 5761 746 5837 κρυμμένην
770 5762 833 5817 ῃ,
912 5765 954 5796 u
977 5744 1331 5830 d2).536f€5{302)
1372 5744 1519 5841 ﬁxi"
1545 5744 1652 5830 ιιιᾶ.
1783 5744 1830 5755 η
1871 5744 2009 5779 "um
2177 5744 2342 5760 ﬂ."
2373 5744 2425 5761 Μ
2460 5744 2486 5777 ’⁸
2520 5744 2653 5777 ww.
2682 5744 2747 5769 ﬂ,
2889 5744 2915 5773 Ἰ
2943 5744 2996 5758 w
3035 5744 3157 5757 ﬂ"
3197 5744 3311 5773 uno
