4060 6434
330 313 470 380 1469

1482 327 2029 392 HISTORIARUM
2067 332 2302 394 LIBER
2358 336 2456 397 IV.

3450 348 3588 411 1470

323 426 769 499 ἀπολελεγμένοι.
825 429 1186 503 Ἐπεφέροντο
1229 431 1308 499 δὲ,
1362 431 1443 499 οἷς
1498 437 1657 491 τοῦτο
1705 439 1895 506 ἀνεῖτο1

2014 439 2081 496 Ει
2105 443 2323 512 quidem
2348 442 2480 499 mihi
2513 444 2725 503 videtur
2773 444 3117 507 Justinianns
3167 449 3464 521 imperator
3490 471 3603 512 non

321 517 557 589 δεσμούς
583 536 643 572 τε
675 519 928 592 σιδηροῦς
957 524 1390 596 περιαυχενίους,
1430 527 1815 599 κλινοστρόφιά
1848 547 1907 583 τε

324 611 420 664 aut
446 609 839 682 ποδοστράϐας,
872 614 967 668 καὶ
987 614 1122 669 ἄλλα
1150 616 1286 671 ἄττα
1311 617 1520 688 ὄργανα
1553 618 1905 692 κολαστήρια.

322 702 441 756 Καῖ
470 718 560 773 μοι
595 701 700 774 [Ρ.
727 703 867 777 108]
903 705 1053 760 δοκεῖ
1083 707 1339 777 βασιλεὺς
1400 710 1774 775 Ίουστινιανὺς
1806 712 1907 765 οὐκ
1940 746 1949 754 -

321 795 551 859 ἀπεικὸς
600 793 723 849 οὐδὲ
783 797 1106 868 αὐτομάτως
1166 798 1281 854 ἀλλ’
1342 800 1758 872 ἐμφρονέστατα
1811 801 1903 856 τοῦ

317 884 528 947 δέοντος
566 885 985 957 ἐστοχασμένος,
1025 890 1119 955 ξὺν
1152 891 1333 964 τοιᾷδέ
1375 910 1480 945 τινι
1510 891 1658 957 τάξει
1689 894 1783 947 καὶ
1812 895 1905 947 εὑ-

318 976 526 1049 κοσμίᾳ
568 978 668 1049 τὴν
707 977 890 1050 κρίσιν
936 981 1218 1052 προελθεῖν
1265 984 1799 1055 παρακελεύσασθαι,
1843 986 1903 1039 οὐ

324 1067 486 1136 μόνον
538 1070 686 1134 ὅπως
736 1073 784 1124 οἱ
834 1072 1019 1145 ἐκείνῃ
1071 1073 1371 1147 βάρϐαροι,
1420 1077 1528 1130 τῶν
1579 1076 1905 1149 Ῥωμαϊκῶν

322 1161 478 1229 σφίσι
501 1161 750 1234 νομίμων
774 1164 1224 1237 κομπωδέστερον
1256 1167 1744 1237 ἀναδεικνυμένων,
1772 1166 1905 1221 θαυ-

325 1251 549 1315 μάζοιέν
578 1269 638 1306 τε
686 1252 825 1308 αὐτὰ
855 1255 950 1308 καὶ
977 1255 1234 1310 ὲπιπλέον
1272 1256 1538 1329 ἄρχεσθαι
1566 1258 1670 1311 ὑπὸ
1699 1258 1905 1312 τούτων

323 1340 705 1405 ξυνεθισθεῖεν,
751 1345 888 1400 ἀλλά
931 1349 1027 1401 καὶ
1072 1348 1242 1417 ὅπως,
1290 1349 1341 1403 εί
1392 1349 1491 1419 μὲν
1539 1350 1616 1414 ὡς
1671 1349 1903 1420 μηδίσας

320 1434 588 1507 πρότερον
617 1438 645 1489 ό
665 1435 945 1508 Γουσάζης
969 1437 1287 1492 δικαιότατα
1316 1439 1511 1511 φανείη
1537 1442 1901 1514 ἀνῃρημένος,

326 1526 523 1596 μηκέτι
559 1527 786 1599 ἀνιῷντο
813 1530 860 1583 οἱ
893 1529 1116 1601 Κόλχοι,
1156 1531 1289 1602 μηδὲ
1319 1532 1394 1597 ὥς
1424 1550 1478 1586 τι
1502 1532 1673 1593 δεινὸν
1698 1551 1903 1588 πεπον-

320 1616 475 1680 θετες
523 1618 902 1685 ἀγανακτοῖεν.
961 1619 1024 1672 Et
1075 1619 1132 1675 δέ
1178 1637 1242 1689 γε
1289 1620 1506 1675 ἅπαντα
1554 1621 1902 1691 καταψευσά-

321 1723 497 1779 μενοι,
518 1706 611 1759 καὶ
639 1706 821 1761 ἄδικον
846 1707 1060 1779 μίασμα
1077 1707 1370 1779 δράσαντες
1391 1710 1568 1763 ἁλοῖεν
1589 1711 1637 1763 οἱ
1668 1712 1902 1764 ἀπεκτο-

2018 533 2116 591 abs
2146 550 2205 591 re
2235 551 2417 608 neque
2447 546 2674 605 temere,
2703 539 2797 598 sed
2825 541 3254 611 prudentissime
3282 544 3469 600 decori
3501 546 3601 602 lia-

2014 625 2127 682 bita
2149 627 2380 694 ratione,
2413 631 2724 695 mandasse,
2778 640 2841 688 ut
2865 633 2970 691 hoc
2999 634 3194 691 ordine
3247 644 3410 705 atque
3435 651 3608 708 appa-

2014 726 2135 772 ratu
2173 719 2440 789 judicium
2475 721 2851 779 institueretur
2875 763 2892 790 ,
2925 741 3034 780 non
3069 727 3251 782 solum
3281 735 3341 781 ut
3391 729 3484 798 qui
3532 729 3608 784 ibi

2011 817 2167 865 erant
2195 811 2432 878 barbari,
2463 828 2585 870 cum
2614 816 2693 872 eis
2714 816 3087 873 Romanorum
3113 818 3359 875 instituta
3394 822 3608 889 magni-

2010 895 2289 955 ficentiora
2305 911 2565 971 apparatu
2583 916 3036 974 proponerentur,
3048 923 3112 962 ea
3131 917 3185 962 et
3206 909 3607 965 admirarentur

2014 990 2296 1061 magisque
2326 1006 2516 1048 eorum
2539 994 2919 1064 gubernationi
2969 997 3359 1065 assueiierent;
3414 1014 3604 1054 verum

2012 1083 2175 1153 207
2191 1084 2355 1139 etiam
2373 1093 2456 1151 ut,
2475 1085 2521 1141 si
2536 1086 2754 1156 quidem
2773 1088 3023 1145 Gubazes
3041 1089 3345 1145 defectione
3357 1099 3518 1145 antea
3533 1091 3602 1145 ad

2011 1173 2198 1232 Medos
2240 1184 2444 1233 tentata
2468 1193 2647 1235 caesus
2699 1178 2871 1237 fuisse
2900 1182 3422 1250 deprehenderetur,
3486 1197 3598 1236 non

2012 1268 2246 1338 amplius
2265 1268 2382 1339 ejus
2413 1270 2617 1325 caedem
2652 1270 2900 1327 dolerent
2921 1272 3131 1339 Colchi,
3155 1289 3333 1343 neque
3361 1282 3421 1328 ut
3447 1274 3598 1343 gravi

2011 1359 2157 1415 malo
2193 1368 2415 1430 accepto
2456 1360 2892 1431 indignarentur.
2957 1360 3017 1417 Si
3047 1377 3177 1416 vero
3220 1361 3598 1419 interfectores

2009 1464 2108 1521 per
2140 1448 2332 1507 falsam
2364 1450 2804 1508 criminationem
2844 1451 3113 1507 facinoris
3150 1453 3446 1522 piacularia
3473 1467 3599 1523 per-

2010 1543 2204 1611 petrati
2258 1543 2731 1611 convincerentur,
2771 1542 2907 1614 ipsis
2935 1543 3154 1613 publico
3181 1542 3388 1612 judicio
3440 1542 3597 1596 dam-

2008 1632 2173 1699 natis,
2232 1640 2288 1689 et
2343 1645 2620 1705 praeeunte
2676 1650 2742 1691 ac
2802 1636 3178 1706 proclamante
3223 1649 3475 1704 praecone
3502 1648 3597 1704 per

2008 1724 2310 1780 exercitum
2341 1725 2729 1782 circumductis
2760 1726 3081 1797 vindiceque
3109 1725 3313 1794 gladio,
3342 1724 3598 1780 omnibus

317 1799 473 1862 νότες
494 1797 565 1865 ’³,
604 1796 746 1852 οὕτω
792 1815 847 1852 τε
881 1798 1408 1865 καταδιαιτηθέντες,
1440 1800 1537 1854 καὶ
1564 1800 1668 1854 ὑπὸ
1699 1801 1895 1872 κήρυκι

2004 1817 2400 1887 spectantibus,
2453 1818 2633 1888 capite
2689 1796 3005 1882 truncatis,
3056 1816 3296 1873 atrocior
3345 1814 3600 1871 barbaris

317 1889 525 1961 πομπῷ
569 1889 673 1944 ἀνὰ
717 1889 786 1943 τὰ
821 1889 999 1961 πλήθη
1029 1890 1412 1961 περιηγμένοι,
1460 1886 1581 1944 εἶτα
1616 1890 1695 1962 τῷ
1725 1892 1899 1947 παλα-

319 1980 499 2051 μναίῳ
554 1978 717 2049 ξίφει,
768 1979 1024 2034 ἁπάντων
1079 1980 1390 2051 θεωμένων,
1439 1981 1895 2054 καρατομηθεῖεν,

314 2072 442 2124 τότε
481 2071 545 2141 δὴ
582 2071 765 2143 μεῖζόν
797 2090 854 2126 τι
896 2071 1099 2138 δόξειεν
1129 2067 1272 2126 εἶναι
1302 2073 1365 2127 τὸ
1394 2074 1648 2145 πέρας¹⁵,
1697 2076 1792 2130 καὶ
1818 2075 1896 2129 δι-

318 2163 565 2218 πλασίων
590 2165 623 2236 ή
652 2164 910 2236 τιμωρία.
952 2163 1252 2220 Ἦπίστατο
1275 2166 1386 2238 γὰρ
1415 2167 1511 2231 ὡς,
1546 2168 1595 2221 εί
1628 2167 1727 2238 μὲν
1757 2167 1898 2222 οὕτω

315 2272 439 2320 πως
489 2257 545 2309 ὲν
589 2257 887 2329 ἀπορρήτῳ
940 2257 1422 2330 βαρϐαρικώτερον
1478 2259 1791 2314 Ῥοὑστικόν
1835 2277 1896 2313 τε

309 2349 411 2401 καὶ
447 2348 698 2422 Ἰωάννην
730 2349 1096 2422 διαφθαρῆναι
1132 2351 1609 2423 παρεκελεύσοιτο,
1640 2353 1740 2407 οὐκ
1762 2357 1896 2408 ἁπο-

303 2439 572 2512 χρώντως
603 2441 914 2513 ἡγήσασθαι
945 2440 1012 2496 ἂν
1043 2444 1169 2507 τοὺς
1203 2444 1445 2513 Κόλχους
1472 2443 1572 2513 τὴν
1609 2443 1768 2515 ὓϐριν
1799 2445 1898 2499 αὐ-

299 2535 420 2595 τοῖς
457 2532 891 2599 ἀπεσκευάσθαι,
931 2533 1054 2587 οὐδὲ
1094 2537 1483 2607 προσήκουσαν
1516 2535 1705 2607 ποινὴν
1738 2537 1896 2608 κομί-

303 2626 509 2681 σασθαι
556 2626 666 2680 τῶν
712 2627 1140 2699 ἡμαρτημένων.
1207 2629 1570 2701 Δικαστηρίου
1616 2629 1680 2682 δὲ
1727 2648 1895 2686 κατα-

301 2719 571 2786 στάντος,
622 2721 716 2775 καὶ
762 2721 1071 2790 ἀντιλογίας
1108 2720 1449 2792 ἑκατέρωθεν
1501 2722 1892 2794 προελθούσης,

296 2810 403 2864 καὶ
432 2811 540 2864 τῶν
576 2811 866 2884 ὑπηρετῶν
911 2812 1024 2868 ἄνω
1069 2830 1130 2867 τε
1163 2811 1258 2866 καὶ
1291 2812 1444 2866 κάτω
1486 2813 1808 2867 διαττόντων
1824 2814 1892 2879 ⁸⁵,

298 2904 401 2957 καὶ
430 2904 581 2968 ὅπως
611 2904 720 2958 τῶν
749 2904 1089 2977 κρινομένων
1116 2905 1345 2969 ἕκαστος
1374 2907 1431 2959 ὲν
1460 2905 1650 2976 κόσμῳ
1678 2904 1894 2975 ἑστήξει

297 2994 402 3051 καὶ
422 2998 797 3067 ἀποκρινεῖται
827 2996 1279 3067 διαταττομένων,
1300 2997 1466 3066 ὄγκου
1497 3014 1557 3049 τε
1576 2996 1889 3050 δικαστικοῦ

297 3089 659 3161 φαινομένου,
694 3090 788 3142 καὶ
829 3088 1234 3163 μεγαληγορίας
1264 3088 1627 3160 ἀκουομένης,
1673 3088 1770 3142 καὶ
1796 3087 1888 3141 ἐπὶ

294 3176 517 3240 τούτοις
553 3175 648 3230 τοῦ
682 3177 904 3248 ὀλέθρου
950 3176 1386 3248 φρικωδέστερον
1432 3178 1844 3250 ἐπιγιγνομένου
1868 3194 1883 3210 ο

297 3268 515 3323 τούτων
544 3267 609 3339 δὴ
635 3263 751 3321 οὖν’
785 3267 927 3322 οὕτω
958 3268 1380 3341 πρασσομένων,
1413 3270 1600 3343 ἕτερόν
1624 3287 1678 3323 τι
1705 3270 1889 3335 αὐτοῖς

300 3361 495 3430 μεῖζον
524 3362 618 3413 καὶ
651 3359 794 3433 μάλα
839 3361 1065 3423 εἰκότως
1099 3360 1383 3430 φανεῖσθαι
1435 3361 1492 3414 τὸ
1536 3362 1725 3434 χρῆμα
1771 3361 1885 3431 ἐγί-

296 3470 544 3522 γνωσκε,
578 3455 672 3508 καὶ
697 3453 838 3524 τάχα
860 3452 959 3525 τὴν
989 3453 1147 3518 ἀξίαν
1179 3451 1275 3506 τοῦ
1317 3453 1693 3525 ὲπικλήματος
1720 3455 1888 3528 ὑπερ-

294 3544 521 3600 ϐάλλον.
570 3544 757 3599 Ταῦτα
806 3545 914 3617 γὰρ
958 3546 1054 3598 καὶ
1093 3545 1221 3609 τοὺς
1253 3546 1311 3599 ὲν
1351 3543 1632 3617 Βυζαντίῳ
1668 3546 1887 3614 ἀστοὺς,

292 3637 483 3691 καίτοι
532 3635 684 3709 θαμὰ
750 3638 931 3691 ἐκεῖσε
981 3636 1313 3708 γιγνόμενα,
1371 3637 1741 3709 καταπλήττει
1789 3638 1886 3694 καὶ

292 3730 549 3802 ἐξίστησι
599 3729 710 3783 τῶν
740 3729 1110 3801 φρονημάτων
1129 3767 1145 3795 ,
1202 3731 1276 3802 μή
1323 3727 1379 3782 τί
1410 3745 1474 3799 γε
1498 3729 1545 3761 ⁸⁸
1574 3727 1893 3803 Βαρδάρους

1999 1906 2079 1963 rei
2110 1909 2291 1964 exitus
2324 1917 2379 1964 et
2403 1909 2741 1980 duplicatum
2770 1909 3099 1979 supplicium
3139 1923 3262 1964 esse
3291 1905 3592 1961 videretur.

2002 1998 2222 2056 Sciebat
2283 2001 2451 2067 enim,
2511 2000 2561 2057 si
2598 2000 2932 2057 clandestina
2987 2014 3119 2056 nece
3158 1997 3506 2053 barbaricum
3537 1996 3595 2050 in

1997 2108 2206 2149 morem
2253 2092 2540 2149 Rusticum
2569 2101 2627 2148 et
2649 2091 2919 2148 Joannem
2964 2107 2997 2147 e
3047 2090 3230 2147 medio
3276 2088 3394 2144 tolli
3436 2103 3594 2143 man-

1998 2184 2204 2251 dasset,
2262 2184 2681 2240 existimaturos
2744 2183 3012 2248 Colcbos,
3078 2180 3364 2252 injuriam,
3418 2194 3589 2250 quam

1998 2285 2342 2347 acceperant,
2377 2292 2487 2332 non
2509 2277 2644 2332 satis
2673 2291 2772 2346 pro
2789 2290 2854 2330 eo
2883 2289 2949 2329 ac
2978 2271 3212 2328 debebat
3234 2271 3590 2335 vindicatam,

1997 2384 2176 2439 neque
2197 2369 2332 2425 satis
2355 2384 2548 2440 graves
2569 2369 2637 2425 de
2661 2367 2894 2422 crimine
2910 2379 3105 2436 poenas
3121 2372 3369 2432 sumptas
3394 2360 3586 2419 fuisse.

1996 2458 2211 2514 Iudicio
2243 2475 2370 2513 vero
2399 2474 2501 2530 pro
2532 2458 2791 2514 tribunali
2826 2457 3098 2520 instituto,
3123 2463 3179 2509 et
3207 2469 3373 2509 causa
3417 2452 3592 2507 utrin-

1996 2565 2104 2621 que
2140 2550 2444 2621 disccptata
2467 2590 2485 2617 ,
2515 2561 2572 2606 et
2600 2548 2872 2606 ministris
2902 2545 3212 2618 iudiciariis
3252 2544 3395 2598 ultro
3417 2543 3589 2598 citro-

1996 2657 2103 2712 que
2155 2642 2617 2710 commeantibus,
2665 2651 2835 2710 utque
2867 2647 3086 2695 actores
3125 2644 3181 2692 et
3224 2635 3304 2690 rei
3334 2642 3461 2704 apte
3487 2648 3591 2689 suo

1995 2733 2190 2789 ordine
2210 2733 2645 2804 interloquantur
2670 2730 3117 2803 procurantibus,
3139 2738 3393 2784 versante
3421 2725 3587 2782 etiam

1994 2824 2067 2881 ob
2125 2825 2316 2881 oculos
2375 2826 2663 2896 majestate
2697 2824 2951 2896 judiciali
2995 2829 3053 2878 et
3108 2819 3588 2893 grandiloquentia

1994 2931 2155 2972 aures
2191 2915 2444 2982 feriente,
2491 2932 2669 2988 eoque
2722 2916 2876 2973 omni
2915 2923 3176 2986 apparatu
3214 2922 3448 2970 mortem
3478 2911 3586 2967 im-

1994 3007 2290 3063 minentem
2355 3008 2759 3065 borribiliorem
2820 3008 3121 3076 eﬂlciente;
3168 3007 3277 3072 his,
3341 3006 3588 3075 inquam,

1995 3097 2250 3156 omnibus
2311 3098 2387 3153 ita
2440 3100 2700 3169 peractis,
2750 3115 2865 3156 rem
2934 3099 3108 3171 ipsam
3166 3096 3344 3168 majus
3380 3095 3588 3165 aliquid

1995 3195 2158 3259 atque
2191 3189 2436 3271 atrocius
2467 3190 2718 3248 barbaris
2771 3206 2894 3249 esse
2942 3196 3481 3263 repraesentaturam,
3530 3192 3588 3241 et

1994 3277 2229 3336 fortasse
2258 3282 2508 3340 criminis
2529 3283 2759 3339 admissi
2812 3283 3069 3339 meritum
3108 3283 3398 3339 excedens.
3462 3278 3589 3336 ﬂare

1994 3371 2140 3427 enim
2171 3371 2336 3429 etiam
2364 3373 2516 3444 ipsos
2539 3374 2685 3432 cives
2715 3375 3065 3447 Byzantinos,
3094 3374 3308 3430 tametsi
3338 3371 3588 3442 frequen-

1996 3470 2082 3519 ter
2106 3462 2223 3520 illic
2270 3465 2590 3537 contingant
2615 3512 2628 3535 ,
2659 3466 2989 3539 percellunt,
3019 3476 3184 3537 atque
3230 3464 3395 3535 208
3433 3471 3586 3519 extra

1995 3566 2057 3608 se
2090 3562 2322 3623 ponunt,
2357 3552 2560 3613 nedum
2595 3554 2866 3612 barbaros
2913 3554 2983 3611 iis
3022 3569 3133 3611 non
3176 3561 3449 3609 assuetos.
3489 3550 3587 3607 Bis
3644 3581 3655 3587 υ

1998 3641 2186 3713 igitur,
2219 3650 2281 3698 ut
2328 3642 2590 3709 arbitror,
2623 3645 2691 3702 de
2737 3644 2926 3703 causis
2955 3643 3290 3707 Romanum,
3320 3642 3434 3696 imo
3458 3654 3587 3696 vero

1999 3733 2421 3802 Atticissimum,
2447 3736 2689 3792 tribunal
2725 3738 2792 3792 ad
2818 3736 3123 3793 Caucasum
3175 3734 3277 3790 fuit
3299 3733 3581 3790 indictum.

290 3823 398 3878 καὶ
426 3823 526 3877 οὐκ
557 3820 921 3892 εἰθισμένους.
972 3821 1191 3876 Τούτων
1226 3822 1322 3893 μὲν
1350 3814 1445 3877 οὖν
1477 3821 1663 3890 ἕνεκα,
1712 3817 1889 3895 οἶμαι,
1941 3823 2252 3898 Ῥωμαϊκὸν
2311 3830 2683 3903 δικαστήριον,
2753 3828 2953 3901 μᾶλλον
2990 3828 3090 3900 μὲν
3120 3822 3213 3882 οὖν
3260 3824 3586 3879 Ἀττικώτα-

291 3933 419 3983 τον,
449 3915 555 3970 ὑπὸ
583 3913 662 3985 τῷ
691 3914 971 3986 Καυκάσῳ
1005 3912 1400 3986 ξυνεκροτήθη.

375 4009 446 4081 β’.
492 4010 627 4063 Τότε
673 4009 732 4064 δὲ
779 4009 1096 4073 Ῥούστικός
1128 4025 1188 4063 τε
1225 4009 1322 4064 καὶ
1360 4008 1637 4081 Ἰωάννης,
1682 4012 1749 4067 ὲκ
1788 4008 1885 4065 τοῦ

291 4098 678 4171 δεσμωτηρίου
707 4098 954 4171 ἡγμένω,
986 4098 1090 4153 ἀνὰ
1119 4097 1180 4152 τὸ
1204 4097 1355 4151 λαιὸν
1382 4097 1548 4170 μέρος
1567 4099 1886 4170 ἐστήκατον,

292 4186 389 4247 οἷα
434 4190 501 4266 δὴ
550 4191 837 4263 φεύγοντε.
893 4190 1019 4244 Ἐπὶ
1051 4189 1256 4261 θάτερα
1303 4187 1362 4242 δὲ
1410 4190 1667 4262 παρῆσαν
1714 4207 1887 4262 κατη-

290 4283 687 4358 γορησείοντες
715 4282 824 4339 τῶν
853 4283 1079 4354 Κόλχων
1106 4283 1156 4336 οἱ
1189 4281 1636 4354 ὲμφρονέστατοι,
1660 4281 1757 4338 καὶ
1785 4282 1884 4355 ήδη

291 4376 628 4442 ἑκπλείστου
679 4375 779 4448 τὴν
834 4375 1063 4431 Ἐλλάδα
1113 4376 1299 4448 φωνὴν
1351 4374 1802 4446 ἐκμεμαθηκότες
1817 4375 1885 4430 ’⁷.

2060 4009 2115 4065 2.
2150 4008 2290 4064 Tum
2331 4023 2459 4065 vero
2488 4007 2750 4065 Rusticus
2780 4016 2835 4064 et
2858 4005 3102 4063 Joannes
3128 4019 3160 4060 e
3206 4017 3428 4058 carcere
3459 4016 3579 4071 pro.

1993 4100 2165 4169 ducti,
2196 4101 2265 4157 ad
2315 4101 2594 4159 sinistram
2623 4108 2830 4172 partem
2874 4106 3005 4154 sunt
3031 4094 3333 4158 constituti,
3389 4101 3577 4162 utpote

1992 4192 2071 4246 rei
2096 4207 2196 4260 ;ex
2223 4191 2455 4248 adverso
2474 4191 2694 4248 stabant
2710 4197 2946 4254 actores,
2975 4186 3068 4259 qui
3088 4200 3211 4242 eum
3236 4183 3580 4240 criminaturi

1991 4291 2166 4351 erant,
2193 4282 2520 4338 Colchorum
2546 4279 2961 4353 sapientissimi,
2984 4276 3187 4348 quique
3211 4274 3326 4346 jam
3353 4288 3384 4328 a
3410 4273 3583 4327 multo

1991 4380 2234 4442 tempore
2254 4370 2438 4428 Graece
2459 4371 2610 4442 loqui
2631 4368 2969 4434 didicerant;
3003 4381 3068 4423 ac
3092 4365 3329 4437 primum
3357 4361 3582 4434 quidem

310 4464 558 4521 Ἐδέοντο
590 4464 649 4520 δὲ
692 4464 1015 4538 πρότερον²⁴
1048 4464 1150 4536 τὴν
1180 4464 1333 4536 παρὰ
1362 4463 1627 4535 βασιλέως
1664 4465 1888 4518 επιστο-

1999 4463 2357 4535 postularunt,
2386 4470 2447 4517 ut
2476 4462 2669 4517 littera:
2725 4458 3088 4530 imperatoriae
3126 4456 3342 4529 publice
3383 4454 3582 4509 recita-

292 4548 409 4632 λὴν
455 4559 515 4614 ἐν
572 4557 738 4629 κοινῷ
801 4556 1276 4632 ἀνακηρύττεσθαι
1303 4597 1319 4621 ,
1382 4556 1564 4627 ἥνπερ
1621 4554 1888 4627 ἐτύγχανε

294 4650 568 4723 πρότερον
591 4652 621 4706 ὁ
654 4649 914 4720 Ἰωάννης
933 4647 1140 4703 τούτων
1171 4647 1236 4719 δὴ
1263 4649 1392 4719 πέρι
1417 4648 1530 4711 τοῖς
1560 4647 1889 4718 στρατηγοῖς

294 4743 632 4815 διακομίσας
657 4758 672 4774 ο
731 4740 871 4797 ἀλλὰ
899 4740 1007 4813 γὰρ
1039 4740 1135 4796 καὶ
1173 4739 1250 4812 τῷ
1283 4739 1532 4811 διαιτητῇ
1575 4735 1884 4804 ξυνδοκοῢν,

291 4834 678 4907 γεγωνότερόν
695 4835 742 4868 ⁸⁸
777 4852 861 4899 τις
893 4834 1064 4904 αὐτὴν
1105 4832 1215 4886 τῶν
1253 4833 1312 4896 ὲς
1347 4830 1509 4886 τοῦτο
1538 4830 1888 4901 τεταγμένων

290 4925 524 5000 διεξῄει,
556 4921 660 4982 ὧδέ
683 4944 802 4991 πως
826 4926 1084 4998 ἔχουσανο
1123 4926 1410 4980 Ἄπιστον
1430 4924 1550 4994 μὲν
1573 4923 1675 4977 καὶ
1704 4921 1891 4992 παρά-

289 5024 491 5089 λογον
520 5018 585 5073 τὸ
614 5018 766 5090 πρὸς
791 5016 959 5087 ὑμῶν
985 5015 1450 5087 ἀνητγελμένον,
1483 5016 1564 5082 ὠς
1602 5013 1719 5083 ἆρα
1734 5015 1890 5080 ,βου-

287 5110 539 5180 ἀσμένῳ
577 5111 713 5165 ἐστὶ
757 5108 837 5177 τῷ
879 5109 1167 5179 Γουόάζῃ,
1205 5109 1279 5164 τὰ
1317 5110 1535 5178 πάτρια
1561 5108 1667 5177 ἔθη
1696 5124 1891 5163 κατα-

290 5202 611 5272 προεμένφ
633 5202 733 5257 καί
761 5201 903 5268 τοὺς
924 5201 994 5256 ἐν
1022 5201 1251 5257 ἅπασιν
1279 5202 1619 5269 ὁμόφρονας
1650 5197 1751 5253 καὶ
1780 5199 1886 5253 ἀνα

1992 4562 2204 4619 rentur,
2232 4567 2371 4623 quas
2392 4560 2551 4611 antea
2610 4549 2847 4607 Joannes
2876 4549 2944 4606 de
2963 4549 3117 4604 hisce
3144 4547 3310 4602 rebus
3338 4545 3404 4601 ad
3435 4559 3582 4615 prae-'1

1995 4642 2168 4700 feetos
2189 4634 2463 4700 exercitus
2488 4644 2767 4699 attulerat.
2797 4640 2958 4709 Quod
2987 4637 3210 4712 quidem
3243 4636 3583 4708 postulatum

1993 4751 2117 4792 cum
2153 4743 2207 4791 et
2225 4736 2393 4807 judici
2427 4736 2771 4806 probaretur,
2800 4733 3024 4805 quidam
3051 4730 3209 4788 exiis
3246 4729 3344 4800 qui
3375 4728 3443 4783 ad
3477 4727 3581 4781 hoc

1990 4835 2150 4884 erant
2202 4827 2492 4898 designati,
2518 4826 2709 4882 altiore
2738 4840 2871 4880 voce
2923 4839 3045 4880 eam
3072 4821 3343 4884 recitavit,
3372 4818 3452 4873 sic
3482 4818 3580 4871 lia-

1988 4921 2235 4976 bentem:
2301 4917 2619 4974 Incredibile
2655 4916 2867 4989 quidem
2898 4915 3028 4970 mihi
3082 4911 3475 4981 absurdumque
3503 4908 3577 4962 vi-

1988 5013 2165 5078 detur,
2202 5012 2340 5082 quod
2393 5028 2424 5064 a
2482 5010 2624 5066 vobis
2658 5009 2957 5073 nuntiatur,
2991 5006 3197 5065 Gubasi
3229 5003 3577 5060 deliberatum

1986 5120 2116 5169 esse,
2143 5104 2331 5173 patriis
2357 5102 2591 5156 moribus
2615 5101 2836 5165 relictis,
2856 5108 2904 5154 et
2934 5099 2999 5154 iis
3019 5098 3108 5171 qui
3127 5097 3283 5152 unius
3311 5091 3575 5163 ejusdem-

1986 5211 2086 5265 que
2126 5206 2250 5251 sunt
2287 5209 2407 5248 cum
2460 5197 2575 5264 ipso
2607 5194 2663 5247 in
2695 5192 2936 5247 omnibus
2978 5188 3283 5253 sententiis;
3316 5184 3574 5240 veteribus

1592 5376 1830 5434 VARUS
1875 5374 2281 5434 LECTIONES.

380 5588 427 5620 ’δ
457 5591 509 5643 οἱ
537 5590 905 5655 ἀπεκτονότες
931 5587 1002 5657 R,
1022 5596 1126 5646 art.
1153 5603 1267 5645 om.
1292 5588 1440 5658 vulg.

1556 5590 1603 5623 ’δ
1643 5586 1817 5656 Lugd.
1881 5601 2027 5656 mg._
2043 5583 2117 5638 ἵσ.
2158 5582 2346 5656 τέρας.
2422 5544 2504 5656 1³⁸
2534 5580 2860 5656 διαττόντευν
2902 5576 3049 5656 vulg.
3100 5590 3169 5631 ex
3193 5572 3340 5656 conj.
3370 5571 3426 5656 in
3460 5586 3570 5654 mg.

301 5658 367 5718 ι..
396 5642 510 5726 aut,
540 5642 713 5731 {sibi
728 5642 871 5717 ultro
884 5642 1124 5731 ἱεὶξόᾇίιξ
1148 5642 1552 5720 ἐκτείισηῖῖῦαε,
1584 5642 1973 5739 διατᾶττόντωῗι
1995 5653 2041 5707 R
2069 5663 2125 5710 et
2158 5642 2329 5723 Lugd.
2420 5652 2466 5690 "
2501 5653 2575 5775 μή
2601 5650 2653 5705 τί
2673 5667 2738 5719 γε
2771 5649 2836 5713 Β,
2872 5642 3031 5733 μήτῴ
3057 5662 3122 5715 γε
3149 5642 3307 5715 vnlg.
3328 5642 3426 5698 καὶ
3463 5642 3569 5715 inii,

301 5742 373 5775 ιι
407 5730 450 5775 Β
473 5730 706 5775 ειῖηιηιι-
787 5731 829 5765 ³⁷
853 5730 1129 5775 humana-
1170 5729 1258 5775 IL.
1291 5727 1495 5775 ωειιαθ.
1523 5728 1670 5775 vuln.
1696 5743 1912 5775 πρωτον
1939 5724 2008 5775 ﬂ:
2083 5726 2131 5760 “
2157 5723 2525 5775 γεγωνότερον
2574 5723 2597 5775 ἰ
2643 5720 2795 5775 (ΕΜ.
2818 5732 3186 5775 γεγονωτερον
3206 5714 3353 5775 vulg.

299 5723 455 5802 θυι
473 5723 710 5816 οιὶηῴῐ.
787 5731 829 5765 ⁸⁷
853 5723 1129 5804 εκμεμαθ.
1169 5729 1258 5797 Β..
1289 5727 1495 5803 μεμαθ.
1523 5728 1670 5799 vulg.
1696 5726 1912 5801 πρῶτον
1939 5724 2008 5780 ηε
2083 5726 2131 5760 ’⁸
2157 5723 2525 5795 γεγωνότερον

2643 5714 2795 5793 (CL),
2818 5714 3085 5788 γεγὸνὼτε
3095 5732 3186 5787 ρον
3206 5714 3359 5789 vulg.
