4060 6434
388 410 531 485 M73

1574 416 2106 484 HISTORIARUM
2151 421 2386 482 LIBER
2428 423 2527 485 IV.

3537 427 3674 495 1474

377 533 705 606 μσμένον,
751 536 803 589 si
829 538 929 590 καὶ
977 539 1047 591 τὰ
1085 539 1203 593 τῶν
1249 523 1447 606 λόγων
1499 539 1622 593 εἷεν
1666 538 1833 593 ἁπλὰ
1879 555 1954 592 κιι

2084 539 2321 592 tudinem
2361 538 2645 594 criminum
2674 530 3035 593 admissoi'um
3059 553 3393 610 nequaquam
3413 555 3671 614 execquet.

380 623 611 691 ἣκιστα
636 627 1123 696 κεκομψευμένα,
1150 628 1250 682 καὶ
1279 623 1375 682 οἶα
1402 627 1509 682 τοῦ
1531 627 1826 698 μεγέθους
1858 626 1977 681 τῶν

2080 630 2342 695 Quanam
2393 632 2843 686 enim.e:rcusatio
2896 640 3171 701 suppetere
3208 631 3377 701 pote'st
3434 634 3525 699 iis,
3585 636 3679 704 qui

377 716 798 786 εἰργασμένων
835 716 923 786 μὴ
964 718 1356 784 ἐξικνεῖσθαι.
1409 722 1561 775 Ποία
1608 722 1719 792 γὰρ
1771 723 1957 789 αὐτοῖς

2079 720 2247 776 talem
2285 722 2478 787 virum,
2511 724 2745 776 amicum
2777 722 2919 777 vobis
2948 731 2997 776 et
3033 722 3382 792 familiarem,
3421 734 3674 779 societate

377 805 398 878 [
423 807 489 861 P.
517 806 657 880 HO]
703 809 1055 878 λελείψεται
1097 810 1362 882 σκῆψις,
1410 813 1603 883 ἄνδρα
1653 816 1972 880 τοσοῦτον,

373 900 566 967 φίλον
591 899 736 969 ὑμῖν
766 900 867 955 καὶ
892 902 1135 972 συνήθη
1161 904 1262 957 καὶ
1295 904 1621 974 σύμμαχον
1647 905 1747 959 καὶ
1777 906 1974 975 όμοδί-

374 1010 552 1046 αιτον
577 995 676 1050 καὶ
707 997 1115 1066 ὁμόσπονδον,
1159 999 1262 1053 καὶ
1297 1000 1484 1054 ταύτὰ
1513 998 1649 1068 περὶ
1675 999 1745 1053 τὸ
1770 999 1973 1069 Κρεῖτ‹

344 1100 489 1169 ἰτον
515 1079 880 1155 φρονοῦντα,
919 1087 1019 1141 καὶ
1067 1088 1124 1142 τί
1154 1088 1224 1142 δὲ
1257 1089 1396 1158 οὐχὶ
1437 1087 1557 1142 τῶν
1596 1089 1974 1144 οἰκειοτάτων

374 1177 782 1246 κεκτημένον,
837 1180 1099 1249 ἀναίδην
1119 1181 1162 1213 ³⁸
1207 1172 1363 1236 οὕτω
1405 1182 1970 1254 διαχειρισαμενοις,

373 1263 479 1318 real
510 1264 718 1335 πολλῆ
748 1265 828 1335 τῇ
881 1267 1212 1339 δυσμενείᾳ
1254 1269 1519 1340 χρῆσθαι
1562 1275 1692 1328 καθ’
1732 1271 1903 1343 ὑμῶν
1924 1260 1970 1305 ιδ

371 1358 777 1427 φωρασθεῖσι,
824 1358 907 1426 τῷ
949 1360 1093 1429 τοὺς
1128 1362 1382 1433 ἐχθροὺς
1432 1365 1929 1434 τεθεραπευκέναι
1949 1383 1969 1431 ;

374 1450 682 1517 Βασιλεὺς
727 1452 841 1522 γὰρ
884 1456 918 1507 ό
961 1453 1377 1524 ἀνῃρημένος,
1427 1454 1476 1509 ὦ
1527 1456 1822 1523 δικαστὰ,
1869 1457 1967 1510 καὶ

370 1546 590 1609 ἔθνους
630 1546 742 1599 οὐκ
779 1546 1094 1616 ἀγεννοῦς,
1128 1548 1228 1602 καὶ
1276 1549 1431 1618 πρὸς
1471 1549 1697 1619 ἀρετὴν
1734 1550 1968 1621 ἐνεργό-

372 1650 573 1697 τατος,
598 1634 700 1688 καὶ
726 1635 800 1689 τὰ
833 1635 1135 1705 Ῥωμαίων
1163 1638 1432 1710 στέργων
1462 1640 1551 1694 ἀεὶ
1583 1641 1794 1705 πολλῷ
1818 1640 1969 1710 μᾶλ-

379 1727 489 1779 λον
551 1724 670 1778 τῶν
722 1726 1159 1782 ἀπεκτονότων.
1225 1730 1715 1801 Ἀνατετράφαται
1766 1734 1835 1786 δὲ
1895 1734 1965 1787 τὰ

366 1816 628 1885 Κόλχων
668 1817 985 1888 πράγματα
1032 1821 1131 1874 καὶ
1172 1821 1498 1891 mappam“,
1555 1823 1965 1894 ἀληθέστερον

2078 811 2202 865 belli
2223 819 2274 866 et
2309 812 2566 881 foederum
2596 812 2937 882 conjuncta»:
2978 810 3263 883 eademque
3306 813 3574 867 vobiscum
3607 814 3672 868 de

2078 901 2186 957 Deo
2226 904 2553 969 sentientem,
2584 914 2633 958 et
2682 905 2809 975 quid
2840 920 2945 958 non
2977 921 3156 958 eorum
3180 921 3296 975 qua:
3324 906 3467 959 vobis
3502 905 3671 974 fami—

2075 993 2239 1047 liaria
2276 1005 2397 1063 sunt
2439 1005 2797 1061 consecutum,
2844 996 3047 1065 nefarie
3104 996 3234 1050 adeo
3267 997 3665 1065 interfecerunt,

2076 1094 2382 1156 tantamque
2444 1088 2695 1143 adversus
2746 1104 2832 1141 vos
2879 1088 3225 1142 hostilitate»:
3296 1084 3667 1154 declararunt,

2072 1176 2308 1230 hostium
2343 1178 2576 1247 gratiam
2622 1178 2974 1232 demerendo?
3024 1180 3183 1249 211
3220 1177 3330 1234 Rex
3351 1180 3491 1234 enim
3524 1189 3663 1246 erat,

2071 1269 2164 1339 qui
2194 1267 2506 1338 interfectus
2558 1277 2657 1334 est,
2699 1285 2729 1322 ο
2764 1269 2956 1337 judex,
2991 1282 3039 1324 et
3074 1271 3242 1340 gentis
3283 1287 3388 1324 non
3418 1271 3662 1341 ignobilis

2066 1370 2121 1417 et
2159 1372 2408 1416 strenuus
2440 1362 2650 1416 virtutis
2681 1362 2873 1426 cultor,
2902 1371 2951 1416 et
2985 1360 3343 1417 Romanorum
3392 1366 3661 1419 studiosus

2068 1474 2272 1528 semper
2296 1458 2464 1512 multo
2486 1457 2658 1526 magis
2695 1471 2856 1524 quam
2886 1454 3268 1523 interfectores.
3315 1454 3525 1509 Eversa:
3543 1456 3663 1525 jam

2068 1555 2192 1599 sunt
2228 1546 2547 1600 Colchorum
2587 1560 2670 1597 res
2695 1552 2744 1596 et
2778 1541 3047 1611 collapsw.
3084 1543 3191 1596 imo
3219 1542 3392 1612 potius
3416 1544 3660 1611 publicw,

2067 1639 2326 1708 siquidem
2364 1654 2495 1706 pars
2556 1636 2798 1707 quaedam
2855 1635 3017 1687 etiam
3066 1651 3161 1687 nos
3210 1651 3374 1705 neque
3438 1637 3662 1689 minima

2067 1728 2401 1781 subditorum
2418 1742 2601 1781 sumus
2623 1765 2638 1787 ,
2657 1725 2980 1795 deperiitque
2996 1724 3137 1777 vobis
3170 1741 3344 1778 rerum
3370 1737 3661 1779 vestrarum

2067 1821 2267 1891 integer
2310 1829 2466 1891 atque
2516 1818 2806 1887 inoffensus
2854 1825 3049 1881 status,
3099 1817 3438 1886 potentiaque
3486 1826 3662 1870 vestra

366 1908 443 1961 δὲ
475 1910 548 1963 τὰ
574 1910 769 1974 κοινὰ,
813 1911 871 1965 εἴ
903 1928 971 1980 γε
990 1910 1173 1982 μέρος
1205 1888 1273 1968 τι⁷
1291 1888 1589 1986 καὶ-ἠμεῖς
1614 1888 1726 1971 ούκ
1754 1888 1957 1986 ἐλάχι-

2065 1913 2387 1966 vehementer
2405 1920 2481 1966 est
2516 1911 2843 1973 imminuta;
2894 1908 3192 1974 respublica
3235 1925 3373 1974 vero,
3420 1925 3661 1979 quwnon

366 2012 525 2054 στον
545 1999 652 2070 τῆς
681 2003 959 2071 ὑπηκόου
983 2005 1366 2077 τυγχάνομεν
1394 2008 1586 2075 ὄντες.
1621 2008 1730 2063 Καὶ
1750 2008 1960 2063 διόλω-

368 2094 488 2146 λεν
537 2092 679 2163 ὑμῖν
722 2093 790 2148 τὸ
858 2095 1190 2166 ἀκραιφνὲς
1231 2101 1352 2154 τῶν
1411 2100 1801 2155 καθεστώτων
1858 2102 1957 2156 καὶ

368 2183 724 2251 ἄπταιστον,
756 2188 854 2241 καὶ
888 2188 1038 2242 κατὰ
1073 2189 1233 2244 πολὺ
1262 2191 1373 2259 τῆς
1402 2193 1627 2260 οἰκείας
1653 2193 1957 2264 δυνάμεως

355 2278 807 2345 μειονεκτεῖσθε
832 2295 848 2311 ⁸
888 2283 1163 2338 πολιτεία
1188 2282 1257 2338 δὲ
1280 2283 1365 2353 μὴ
1393 2285 1493 2339 διὰ
1520 2286 1764 2341 πάντων
1782 2289 1959 2357 ὲρῤω-

350 2370 542 2437 ⁴μένη,
586 2371 747 2442 ἀλλὰ
783 2373 1046 2443 βραχείᾳ
1077 2376 1229 2446 γοῦν
1267 2394 1385 2433 τινι
1411 2379 1593 2448 μοίρᾳ
1627 2382 1955 2451 σφαλεῖσα,

355 2459 564 2515 οὐκέτι
610 2464 985 2521 συνεστάναι
1023 2466 1260 2533 δόξειεν
1278 2468 1320 2502 ⁸³
1379 2469 1461 2524 ἂν
1504 2473 1954 2540 προσηκόντως,

352 2554 726 2610 τούναντίον
760 2558 879 2627 μὲν
922 2553 1037 2614 οὖν
1068 2559 1170 2615 καὶ
1217 2561 1415 2631 αὐτὴν
1454 2563 1788 2632 ψεύδεσθαι
1841 2564 1959 2634 τὴν

351 2644 727 2716 ἐπωνυμίαν,
760 2648 828 2703 τὸ
859 2650 1120 2719 ἐντελῶς
1148 2652 1315 2724 ἔχειν
1336 2655 1716 2727 ἀφῃρημένη.
1765 2658 1958 2713 Ταῦτα

349 2737 439 2808 δὴ
474 2733 589 2794 οὖν
617 2740 855 2797 ἅπαντα
886 2743 1248 2815 δράσαντες,
1284 2748 1357 2802 οὕ
1386 2764 1540 2817 φασι
1576 2748 1705 2803 δεῖν
1737 2749 1893 2820 ὑμᾶς
1909 2750 1956 2784 ’⁵³

349 2831 729 2904 τὸιπριιχθὲν
759 2839 811 2891 εί
843 2839 943 2893 καὶ
976 2839 1182 2894 δεινὸν
1215 2841 1310 2910 εἴη
1341 2841 1620 2910 σκοπεῖν,
1658 2844 1856 2912 μόνην
1886 2842 1957 2898 δὲ

347 2921 477 2987 τὴν
520 2925 763 2995 γνώμην
820 2930 949 2984 καθ’
994 2927 1077 2998 ἢν
1118 2930 1429 3002 εἴργασται
1494 2929 1809 3000 διερευνᾶν
1853 2930 1956 2985 καὶ

348 3018 739 3085 προσίεσθαι,
771 3020 870 3075 καὶ
894 3020 996 3076 διά
1027 3040 1208 3078 τινων
1230 3024 1484 3095 ἀφανῶν
1502 3027 1837 3094 τεκμηρίων
1850 3024 1951 3079 καὶ

347 3105 488 3164 οἷον
508 3111 552 3143 “
582 3114 831 3169 είκότων
848 3116 1216 3186 χωροῦντας,
1252 3118 1662 3172 ἀναπλάττειν
1689 3117 1820 3184 ταῖς
1849 3118 1950 3171 ἐν-

2064 2003 2305 2058 omnibus
2335 2004 2446 2059 suis
2473 2001 2713 2072 partibus
2734 2010 2811 2056 est
2843 2001 3024 2055 valida
3051 2018 3113 2054 ac
3130 2001 3309 2066 ﬁrma,
3333 2001 3423 2054 sed
3441 2000 3520 2054 vel
3545 2001 3660 2054 exi-

2060 2115 2168 2168 gua
2189 2100 2274 2152 sui
2301 2106 2450 2168 parte
2478 2096 2826 2166 labefactata,
2872 2105 3008 2149 recte
3050 2093 3169 2163 jam
3201 2094 3345 2147 ultra
3374 2094 3663 2148 consistere

2063 2205 2166 2243 non
2204 2198 2410 2259 potest;
2458 2204 2486 2243 e
2523 2188 2792 2242 contrario
2823 2202 2939 2239 vero
2994 2184 3193 2256 falsam
3250 2184 3659 2254 appellationem

2062 2286 2310 2348 usurpat,
2336 2279 2550 2348 quippe
2588 2293 2705 2347 qua:
2755 2276 3055 2346 integritate
3093 2276 3511 2346 perfectioneque
3558 2291 3659 2330 sua

2058 2380 2136 2425 est
2184 2371 2417 2440 privata.
2469 2367 2680 2422 Horum
2735 2368 2912 2437 itaque
2963 2368 3199 2421 omnium
3241 2384 3361 2420 cum
3406 2368 3509 2435 ipsi
3547 2368 3659 2421 sint

2059 2467 2325 2525 auctores,
2356 2458 2509 2514 aiunt
2538 2475 2643 2513 non
2683 2457 2866 2511 debere
2896 2473 2983 2513 vos
3009 2459 3209 2529 factum
3238 2459 3413 2526 ipsum
3442 2458 3657 2513 tametsi

2060 2559 2218 2603 atroa:
2248 2550 2609 2612 considerare,
2637 2548 2728 2604 sed
2755 2561 2982 2613 tantum,
3018 2566 3122 2619 qua
3140 2558 3310 2603 mente
3332 2549 3658 2620 consilioque

2059 2643 2263 2711 factum
2302 2642 2397 2708 sit,
2449 2642 2764 2711 investigare
2804 2651 2962 2711 atque
2991 2640 3295 2706 admittere,
3317 2651 3363 2693 et
3394 2657 3458 2694 es:
3474 2639 3658 2695 obscu-

2058 2735 2134 2789 ris
2172 2733 2488 2805 quibusdam
2511 2746 2559 2789 et
2584 2732 2973 2804 quodammodo
2990 2732 3360 2791 verisimilibus
3373 2749 3656 2803 argumen-

2059 2829 2124 2883 tis
2153 2838 2531 2899 repraesentare
2552 2829 2746 2882 animis
2770 2829 2954 2882 vestris
2987 2827 3297 2897 bene/icium
3330 2829 3451 2882 inde
3470 2844 3655 2893 accep-

2056 2932 2204 2987 tum,
2245 2924 2422 2993 potius
2469 2939 2629 2994 quam
2683 2921 2911 2977 evidenti
2951 2920 3169 2989 damno,
3213 2924 3454 2992 quodque
3480 2923 3653 2989 reipsa

2054 3014 2375 3083 experimur,
2408 3012 2565 3082 fidem
2625 3013 3046 3067 accommodare.
3124 3010 3253 3065 Ilwc
3297 3012 3476 3082 itaque
3507 3027 3652 3065 com-

2054 3117 2231 3160 menta
2272 3104 2625 3176 fallaciasque
2668 3106 2832 3159 etiam
2880 3115 3004 3159 ante
3026 3104 3289 3174 iudicium
3338 3105 3650 3157 institutum

343 3202 550 3271 νοίαις
576 3206 935 3276 εὐεργεσίαν
953 3209 1001 3242 ⁵⁸
1034 3209 1179 3280 ὑμῖν
1205 3209 1413 3276 αὐτοῖς
1440 3208 1724 3285 ἐντεῦθεν
1762 3225 1948 3278 προσ-

2059 3198 2352 3267 frequenter
2395 3197 2449 3249 in
2482 3196 2667 3267 vulgus
2701 3196 2972 3265 jactantes
3026 3195 3317 3249 multorum
3376 3198 3571 3250 animis
3594 3211 3650 3249 se

344 3300 786 3370 γεγενημένην,
812 3302 851 3372 ἢ
874 3303 954 3370 τῷ
982 3278 1172 3374 caepe?
1190 3304 1434 3375 μᾶλλον
1453 3278 1561 3372 τῆς
1580 3306 1824 3373 ,βλάϐης
1850 3306 1948 3360 καὶ

2059 3293 2230 3360 fucum
2289 3289 2477 3359 fecisse
2537 3290 2989 3345 arbitrabantur..
3024 3288 3177 3354 Quod
3222 3290 3269 3343 si
3308 3305 3425 3342 vero
3450 3289 3504 3342 in
3533 3290 3648 3357 ipso

342 3388 481 3454 τοῖς
507 3390 707 3464 ἕρποις
730 3392 1208 3465 ἀποδεδειγμένῳ
1218 3396 1265 3427 ⁸⁸
1296 3397 1609 3449 πιστεύειν
1631 3396 1947 3463 αἱρεῖσθαι.

349 3482 554 3537 Ταῦτα
598 3485 711 3555 γὰρ
740 3486 818 3554 δὴ
851 3488 926 3542 τὰ
971 3489 1324 3558 σοφίσματα
1354 3490 1449 3543 καὶ
1480 3490 1597 3557 πρὸ
1627 3488 1741 3557 τῆς
1773 3488 1951 3557 δίκης

342 3575 653 3644 πολλάκις
681 3578 1217 3648 διαθρυλλοῦντες,
1266 3581 1559 3650 παράγειν
1602 3582 1745 3647 τοὺς
1782 3582 1951 3636 πλεί-

340 3682 542 3735 στους
569 3670 855 3740 ἡγοῦντο.
886 3675 956 3729 El
982 3674 1197 3730 τοίνυν
1222 3674 1324 3729 καὶ
1351 3674 1681 3744 παρὰντοὺς
1711 3674 1950 3743 ἀγῶνας

340 3761 597 3817 τοιαῦτα
628 3766 973 3832 προσθεῖεν,
1017 3769 1460 3837 γινωσκόντων,
1486 3762 1535 3823 ὦ
1559 3765 1838 3827 δικαστὰ,
1867 3766 1950 3834 ὡς

345 3853 430 3905 οὐ
470 3849 800 3923 Ῥωμαϊκὸν
826 3856 971 3911 οὐδὲ
995 3857 1233 3914 δίκαιον
1253 3856 1319 3912 τὸ
1350 3858 1469 3928 μὲν
1503 3856 1771 3927 ἐμφανὲς
1795 3856 1948 3910 οὕτω

348 3943 460 3997 καὶ
501 3945 812 4013 προῦπτον
842 3949 1108 4020 ἀδίκημα
1155 3950 1540 4021 παραλιπεῖν,
1580 3950 1834 4018 ἀδήλοις
1879 3948 1949 4002 δὲ

341 4034 593 4105 μᾶλλον
640 4040 858 4108 αῑτίαις
903 4042 1108 4111 ἄλλως
1163 4045 1370 4112 αὐτοῖς
1410 4046 1947 4115 μεμηχανημένως

341 4128 822 4203 ἐξαπατηθῆναι.
871 4138 955 4192 οὐ
996 4138 1108 4207 γὰρ
1144 4138 1432 4192 ἀνεκτέον
1455 4138 1678 4201 αὐτῶν,
1720 4139 1801 4206 ώς
1827 4142 1947 4210 μὲν

339 4218 723 4279 ἀπεκτόνασι
773 4223 884 4280 τὸν
924 4225 1115 4298 ἄνδρα
1166 4227 1500 4298 διαρρήδην
1555 4232 1941 4299 φασκόντων,

337 4308 650 4379 ὠφέλειαν
683 4313 753 4369 δὲ
781 4318 1079 4388 μεγίστην
1125 4318 1378 4375 ἐνθένδε
1418 4320 1544 4388 τοῖς
1577 4320 1802 4388 κοινοῖς
1835 4338 1943 4376 πε-

337 4401 633 4470 πορίσθαι
658 4404 969 4479 πράγμασι
996 4410 1499 4481 τερατευομένων.
1546 4411 1680 4479 Πῶς
1718 4412 1828 4482 γὰρ
1864 4412 1945 4471 ἂν

334 4495 636 4552 τάναντία
682 4502 980 4558 συσταῖεν
1027 4505 1250 4575 σφίσιν
1295 4504 1523 4572 αὐτοῖς,
1565 4504 1604 4573 ἤ
1646 4504 1794 4572 πῶς,
1828 4506 1944 4575 τὴν

2040 3381 2251 3451 judicio
2284 3382 2394 3435 ltwc
2432 3386 2546 3451 ipsa
2594 3392 2932 3450 proponant,
3005 3380 3330 3449 intelligant,
3374 3398 3403 3434 ο
3454 3380 3647 3449 judez,

2049 3475 2212 3544 212
2242 3491 2405 3547 neque
2419 3474 2720 3529 Romanum
2742 3489 2905 3544 neque
2924 3472 3132 3542 justum
3150 3488 3279 3528 esse.
3304 3472 3435 3526 adeo
3463 3483 3648 3541 aperta

2050 3569 2441 3639 manifestaque
2493 3569 2699 3639 injuria
2755 3568 3017 3639 neglecta,
3072 3568 3288 3621 incertis
3346 3568 3522 3635 potius
3583 3566 3650 3622 de

2048 3659 2248 3722 causis,
2302 3673 2436 3729 quas
2467 3658 2570 3728 ipsi
2601 3657 2807 3727 frustra
2840 3655 3123 3709 commenti
3161 3662 3305 3720 sunt,
3337 3653 3477 3722 falli.
3536 3651 3649 3705 Ne-

2044 3786 2145 3841 que
2169 3771 2309 3825 enim
2337 3769 2538 3841 ferendi
2589 3777 2735 3835 sunt,
2785 3768 2875 3838 qui
2915 3766 3251 3835 interfectum
3305 3764 3519 3834 quidem
3548 3763 3646 3818 abs

2045 3878 2156 3916 sese
2185 3863 2357 3915 virum
2402 3860 2541 3914 hunc
2584 3868 2765 3928 aperte
2811 3858 3067 3927 fatentur,
3104 3856 3400 3910 maximam
3432 3870 3551 3908 vero
3580 3870 3649 3907 ea:

2045 3943 2145 4004 ﬁac
2175 3950 2315 4005 caede
2346 3950 2636 4003 utilitatem
2653 3948 2723 4002 ad
2739 3947 3010 4016 publicum
3030 3946 3320 4015 pervenisse
3347 3945 3647 4013 prodigiose

2046 4043 2393 4097 mentiuntur.
2444 4042 2562 4107 Quo
2607 4052 2763 4107 pacto
2796 4039 2937 4092 enim
2960 4037 3247 4091 consistere
3292 4035 3495 4105 possint
3541 4034 3646 4087 sibi

2045 4137 2179 4207 ipsis
2210 4137 2483 4190 contraria
2512 4136 2536 4191 7
2570 4144 2662 4188 aut
2712 4138 2815 4204 quo
2842 4140 2997 4201 pacto
3041 4129 3247 4197 factum
3282 4129 3454 4196 ipsum
3484 4135 3646 4181 atros;

2046 4228 2390 4300 appellantes,
2449 4227 2688 4281 animum
2726 4225 2863 4294 ejus,
2925 4224 3016 4295 qui
3049 4223 3105 4276 id
3138 4222 3477 4292 perpetravit,
3517 4220 3643 4273 lau-

2043 4322 2310 4385 dabimus,
2329 4330 2582 4390 tanquam
2606 4316 2875 4388 publicum
2901 4316 3092 4370 bonum
3121 4314 3477 4384 spectantem?
3502 4309 3644 4367 Sunt

2042 4417 2183 4471 enim
2224 4415 2335 4470 Itazc
2370 4428 2529 4485 quam
2560 4411 2912 4465 remotissime
2979 4409 3118 4462 inter
3179 4422 3235 4461 se
3279 4404 3547 4473 disjuncta
3587 4412 3640 4458 et

2043 4503 2421 4566 insociabilia;
2465 4509 2515 4557 et
2551 4516 2714 4570 neque
2740 4515 2975 4570 unquam
3023 4496 3185 4552 simul
3203 4496 3487 4551 subsistere
3513 4510 3641 4565 pos-

335 4587 569 4655 πρᾶξιν
600 4590 813 4662 δεινὴν
837 4596 1313 4665 ἀποκαλοῦντες,
1353 4598 1796 4668 ἐπαινεσόμεθα
1828 4598 1944 4667 τὴν

2059 4608 2167 4654 mnt
2215 4595 2424 4650 utilitas
2462 4602 2512 4648 et
2542 4593 2822 4663 iniquitas,
2846 4589 3133 4645 crudelitas
3149 4599 3199 4644 et
3222 4588 3459 4657 iustitia.

334 4680 667 4749 δράσασαν
695 4686 964 4758 γνώμην,
1033 4690 1117 4756 ὡς
1178 4689 1289 4744 τοῦ
1326 4691 1736 4756 συνοίσοντος
1773 4689 2274 4760 ἐστοχασμένην;
2306 4685 2502 4742 Πάλαι
2530 4683 2643 4755 γὰρ
2701 4682 3005 4750 ἀλλήλοιν
3024 4681 3477 4751 ἀποκεκριμένοι
3497 4698 3642 4751 rvr-

336 4772 604 4842 χάνετον
643 4777 902 4847 ὠφέλεια
930 4780 1030 4836 καὶ
1072 4783 1435 4853 παρανομία,
1474 4781 1713 4853 ὠμότης
1745 4799 1808 4836 τε
1840 4782 1940 4837 καὶ
1971 4782 2332 4851 δικαιοσύνη
2380 4779 2745 4845 διεστηκότα
2787 4776 2888 4831 καὶ
2928 4775 3149 4846 ἄμικτα
3207 4773 3310 4829 καὶ
3384 4776 3573 4846 ὁμόσε
3592 4774 3639 4807 δ’

336 4871 559 4941 χωρεῖν
585 4871 898 4931 οὐπώποτε
929 4880 1258 4947 πεφυκότα.

411 4963 476 5018 δ’.
520 4966 589 5019 El
630 4964 699 5019 δέ
738 4982 807 5037 γε
843 4967 943 5022 καὶ
985 4969 1227 5039 γυμνὴν
1270 4968 1386 5039 τὴν
1418 4968 1696 5024 διάνοιαν
1731 4968 1936 5034 ἐξετα-

334 5055 546 5121 στέον,
586 5056 970 5136 φανήσονται
1007 5061 1322 5130 καὶταύτῃ
1361 5061 1579 5116 δύσνοι
1624 5062 1723 5115 καὶ
1770 5061 1936 5115 κάκι-

2059 5058 2423 5129 recplorandus,
2470 5055 2567 5108 hoc
2604 5070 2808 5125 quoque
2832 5053 2947 5120 ipso
2976 5050 3203 5122 maligni
3224 5049 3637 5119 nequissimique

334 5163 496 5216 στοι,
525 5150 608 5217 ὡς
638 5150 716 5220 δὴ
754 5150 828 5206 τὰ
851 5153 992 5220 τοὺς
1011 5154 1057 5186 κ
1089 5153 1330 5222 Πέρσας
1356 5153 1697 5223 ἀρέσκοντα
1723 5154 1936 5218 βεϐου-

2059 5170 2153 5208 esse
2200 5152 2598 5210 eonvincentur,
2632 5147 2824 5218 quippe
2864 5145 2956 5215 qui
2992 5143 3219 5198 consilia
3253 5139 3433 5196 Persis
3479 5151 3634 5211 grata

333 5241 619 5313 λωμένοι
640 5259 656 5275 ·
684 5242 842 5299 ὥστε
866 5245 1009 5300 οὐδὲ
1042 5246 1365 5317 Ῥωμαίους
1386 5246 1695 5318 ὀνομάζειν
1713 5245 1936 5301 τούσδε

2059 5245 2320 5315 igitarint,
2344 5240 2476 5296 adeo
2502 5248 2558 5294 ut
2603 5255 2668 5293 ne
2707 5236 2937 5305 Romani
2963 5235 3173 5305 quidem
3202 5235 3314 5289 situ
3329 5233 3635 5305 appellandi

2112 4970 2168 5024 4.
2216 4966 2369 5032 Quod
2395 4965 2443 5019 si
2472 4979 2593 5019 vero
2635 4963 2801 5018 etiam
2824 4967 2997 5016 nudus
3019 4960 3256 5030 ipsorum
3312 4960 3523 5012 animus
3558 4971 3636 5013 est

1641 5423 1878 5482 VARIAE
1911 5421 2321 5479 LECTIONES.

410 5580 459 5656 ξ’
487 5581 731 5656 auulsum
782 5581 876 5656 Sic
914 5582 1085 5656 inl_pr.
1133 5583 1485 5656 impudenter,
1516 5584 1720 5656 suam
1745 5582 1788 5637 [ι
1808 5584 2065 5656 _etvu|g._
2115 5654 2121 5656 Α
2152 5584 2199 5618 ⁸⁵
2223 5585 2361 5640 καθ’·
2388 5584 2545 5656 ὑμῶν
2573 5583 2619 5640 R
2652 5585 2820 5655 impr.
2866 5582 3146 5656 adversum
3176 5580 3444 5656 τοι-καθ’
3469 5581 3628 5656 ήμςέρν

410 5604 457 5616 "
487 5604 731 5654 αναιοην.
782 5604 876 5638 mc
914 5604 1085 5652 Inlpl'.
1133 5604 1485 5653 tmpuaenter,
1516 5604 1712 5656 ανεοην
1746 5604 1788 5637 lt
1821 5604 1877 5639 el
1894 5604 2040 5653 vulg.
2152 5604 2199 5618 "’
2223 5604 2361 5640 κατι·-
2388 5604 2545 5658 υμων
2578 5604 2619 5640 η
2656 5604 2820 5655 ιηιιπ.
2866 5604 3146 5638 adversum
3176 5604 3287 5642 vos.
3321 5604 3425 5634 καυ
3469 5604 3626 5651 ημων

332 5651 501 5741 ιυιιιο,
530 5651 1071 5741 βερψυκένςιιέε
1140 5653 1319 5741 ’ἱξεῖλν
1351 5655 1423 5741 ’ξι
1472 5657 1547 5739 β·
1591 5655 1765 5741 Win
1804 5654 1870 5738 εις
1915 5655 2016 5741 ηδ’
2046 5654 2250 5741 sitim
2287 5656 2354 5741 Β·
2543 5657 2691 5741 ἡμεῖς
2742 5658 2843 5741 κςρί
2914 5653 3235 5741 “399139?
3253 5647 3529 5741 £93,925
3558 5650 3626 5706 “-

334 5725 386 5764 α
418 5721 772 5793 εὒεργεσειαν
809 5723 943 5794 Sph.
968 5722 1094 5779 Par.
1133 5723 1334 5796 μᾶλλον
1371 5726 1406 5792 ὴ
1433 5725 1510 5798 τῷ
1544 5721 1707 5831 adiget
1734 5721 1880 5795 conj.
1912 5725 2019 5791 CL,
2046 5721 2210 5798 intpr.
2252 5739 2305 5781 ut
2337 5729 2511 5795 potius
2532 5721 2849 5831 cottlfingatis
2877 5752 2942 5761 —
2962 5738 3124 5793 quam
3154 5737 3218 5775 ea:
3238 5721 3479 5792 jactura'
3502 5740 3627 5793 per—

336 5794 625 5831 culit-nitur:
679 5804 767 5831 om
862 5794 909 5826 δῦ
935 5794 1465 5831 Αηλελεονηέυιηυη
1600 5796 1626 5831 δ
1686 5799 1777 5831 νηῒ
1835 5798 1999 5831 Its-Anc
2036 5829 2095 5831 Α
2133 5798 2411 5831 annual-nn
2446 5814 2534 5831 nun
2584 5810 2598 5829 ν
2715 5802 2766 5831 nl
2826 5793 2975 5831 inlnr
3073 5791 3120 5826 δ.
3138 5792 3263 5831 enim
3297 5792 3513 5831 Πέηηηρ
3562 5792 3600 5831 R

332 5792 909 5936 ἒξίῐὲαὖιὲἑξᾶειξωῖ
935 5792 1400 5869 ἀποδεδειγμένην
1423 5792 1494 5857 RL
1600 5792 1647 5831 ν’
1686 5799 1783 5852 καί
1835 5792 2001 5868 ὁμόσε
2030 5829 2099 5840 -
2129 5792 2415 5868 ῖπεφυκότα
2445 5814 2554 5854 om.
2584 5792 2658 5850 ’Β
2712 5792 2770 5851 ει
2826 5792 2996 5862 impr.
3073 5792 3120 5826 ⁸⁸
3138 5792 3263 5857 τοὺς
3293 5792 3513 5864 Πέρσας
3561 5792 3626 5851 R.

674 5882 723 5929 ις
767 5881 777 5893 ν
878 5904 893 5921 .
1834 5904 1837 5907 η
