  <div class='ocr_page' id='page_1' title='image "/cluster/home/n/w/nwhite01/storage/ocr_20150623/88/coo.31924054869924/756.png"; bbox 0 0 4060 6434; ppageno 0'>
   <div class='ocr_carea' id='block_1_1' title="bbox 428 441 565 512">
    <p class='ocr_par' dir='ltr' id='par_1_1' title="bbox 428 441 565 512">
     <span class='ocr_line' id='line_1_1' title="bbox 428 441 565 512; baseline 0 0"><span class='ocrx_word' id='word_1_1' title='bbox 428 441 565 512; x_wconf 65' lang='grc'><strong><em>1477</em></strong></span> 
     </span>
    </p>
   </div>
   <div class='ocr_carea' id='block_1_2' title="bbox 1589 440 2550 513">
    <p class='ocr_par' dir='ltr' id='par_1_2' title="bbox 1589 440 2550 513">
     <span class='ocr_line' id='line_1_2' title="bbox 1589 440 2550 513; baseline 0.006 -6"><span class='ocrx_word' id='word_1_2' title='bbox 1589 440 2134 508; x_wconf 72' lang='lat' dir='ltr'><strong><em>HISTORIARUM</em></strong></span> <span class='ocrx_word' id='word_1_3' title='bbox 2186 443 2411 509; x_wconf 75' lang='lat' dir='ltr'><strong><em>LIBER</em></strong></span> <span class='ocrx_word' id='word_1_4' title='bbox 2452 453 2550 513; x_wconf 76' lang='lat' dir='ltr'><strong><em>IV.</em></strong></span> 
     </span>
    </p>
   </div>
   <div class='ocr_carea' id='block_1_3' title="bbox 3569 473 3707 538">
    <p class='ocr_par' dir='ltr' id='par_1_3' title="bbox 3569 473 3707 538">
     <span class='ocr_line' id='line_1_3' title="bbox 3569 473 3707 538; baseline 0.029 -4"><span class='ocrx_word' id='word_1_5' title='bbox 3569 473 3707 538; x_wconf 68' lang='lat'><strong><em>1-278</em></strong></span> 
     </span>
    </p>
   </div>
   <div class='ocr_carea' id='block_1_4' title="bbox 424 548 2006 650">
    <p class='ocr_par' dir='ltr' id='par_1_4' title="bbox 424 548 2006 637">
     <span class='ocr_line' id='line_1_4' title="bbox 424 548 2006 637; baseline 0 -19"><span class='ocrx_word' id='word_1_6' title='bbox 424 562 630 629; x_wconf 65' lang='lat' dir='ltr'><strong><em>triEet;</em></strong></span> <span class='ocrx_word' id='word_1_7' title='bbox 659 560 976 632; x_wconf 84' lang='grc' dir='ltr'><em>Προδοτῶν</em></span> <span class='ocrx_word' id='word_1_8' title='bbox 994 560 1112 630; x_wconf 83' lang='grc' dir='ltr'><strong><em>μέν</em></strong></span> <span class='ocrx_word' id='word_1_9' title='bbox 1127 548 1241 615; x_wconf 80' lang='grc' dir='ltr'><strong><em>οὖν</em></strong></span> <span class='ocrx_word' id='word_1_10' title='bbox 1269 559 1347 627; x_wconf 78' lang='grc' dir='ltr'><em>ὡς</em></span> <span class='ocrx_word' id='word_1_11' title='bbox 1370 552 1610 630; x_wconf 78' lang='grc' dir='ltr'><em>ἀληθῶς</em></span> <span class='ocrx_word' id='word_1_12' title='bbox 1632 563 1727 617; x_wconf 79' lang='grc' dir='ltr'><em>καὶ</em></span> <span class='ocrx_word' id='word_1_13' title='bbox 1763 562 1849 636; x_wconf 75' lang='grc' dir='ltr'><strong><em>[Ρ.</em></strong></span> <span class='ocrx_word' id='word_1_14' title='bbox 1875 563 2006 637; x_wconf 76' lang='grc'><strong><em>112]</em></strong></span> 
     </span>
    </p>
   </div>
   <div class='ocr_carea' id='block_1_5' title="bbox 2106 548 3702 650">
    <p class='ocr_par' dir='ltr' id='par_1_5' title="bbox 2115 563 3702 650">
     <span class='ocr_line' id='line_1_5' title="bbox 2115 563 3702 650; baseline 0.017 -34"><span class='ocrx_word' id='word_1_15' title='bbox 2115 563 2258 619; x_wconf 89' lang='lat' dir='ltr'><strong><em>ribus</em></strong></span> <span class='ocrx_word' id='word_1_16' title='bbox 2312 584 2439 621; x_wconf 84' lang='lat' dir='ltr'><strong><em>sane</em></strong></span> <span class='ocrx_word' id='word_1_17' title='bbox 2498 571 2661 624; x_wconf 85' lang='lat' dir='ltr'><strong><em>etiam</em></strong></span> <span class='ocrx_word' id='word_1_18' title='bbox 2736 576 3144 644; x_wconf 82' lang='lat' dir='ltr'><strong><em>quamplurimis</em></strong></span> <span class='ocrx_word' id='word_1_19' title='bbox 3186 597 3214 635; x_wconf 90' lang='lat' dir='ltr'><strong><em>e</em></strong></span> <span class='ocrx_word' id='word_1_20' title='bbox 3249 583 3422 640; x_wconf 85' lang='lat' dir='ltr'><strong><em>medio</em></strong></span> <span class='ocrx_word' id='word_1_21' title='bbox 3456 586 3702 650; x_wconf 72' lang='lat' dir='ltr'><strong><em>sublatis.</em></strong></span> 
     </span>
    </p>
   </div>
   <div class='ocr_carea' id='block_1_6' title="bbox 424 650 2014 726">
    <p class='ocr_par' dir='ltr' id='par_1_6' title="bbox 424 650 2014 726">
     <span class='ocr_line' id='line_1_6' title="bbox 424 650 2014 726; baseline -0.001 -16"><span class='ocrx_word' id='word_1_22' title='bbox 424 654 754 718; x_wconf 82' lang='grc' dir='ltr'><em>πλείστων,</em></span> <span class='ocrx_word' id='word_1_23' title='bbox 785 654 837 706; x_wconf 79' lang='grc' dir='ltr'><em>ει</em></span> <span class='ocrx_word' id='word_1_24' title='bbox 869 652 968 705; x_wconf 70' lang='grc' dir='ltr'><em>καὶ</em></span> <span class='ocrx_word' id='word_1_25' title='bbox 999 652 1163 706; x_wconf 82' lang='grc' dir='ltr'><em>ὅσων</em></span> <span class='ocrx_word' id='word_1_26' title='bbox 1192 650 1649 721; x_wconf 84' lang='grc' dir='ltr'><em>ἀπολλυμένων,</em></span> <span class='ocrx_word' id='word_1_27' title='bbox 1676 656 1728 708; x_wconf 78' lang='grc' dir='ltr'><em>ει</em></span> <span class='ocrx_word' id='word_1_28' title='bbox 1761 654 1859 707; x_wconf 80' lang='grc' dir='ltr'><em>καὶ</em></span> <span class='ocrx_word' id='word_1_29' title='bbox 1900 672 2014 726; x_wconf 81' lang='grc' dir='ltr'><em>μη-</em></span> 
     </span>
    </p>
   </div>
   <div class='ocr_carea' id='block_1_7' title="bbox 422 741 2012 815">
    <p class='ocr_par' dir='ltr' id='par_1_7' title="bbox 422 741 2012 815">
     <span class='ocr_line' id='line_1_7' title="bbox 422 741 2012 815; baseline -0.001 -15"><span class='ocrx_word' id='word_1_30' title='bbox 422 746 531 801; x_wconf 80' lang='grc' dir='ltr'><em>δὲν</em></span> <span class='ocrx_word' id='word_1_31' title='bbox 557 745 766 813; x_wconf 77' lang='grc' dir='ltr'><em>ἕτερον</em></span> <span class='ocrx_word' id='word_1_32' title='bbox 797 743 918 798; x_wconf 92' lang='grc' dir='ltr'><strong><em>τῶν</em></strong></span> <span class='ocrx_word' id='word_1_33' title='bbox 943 743 1259 813; x_wconf 81' lang='grc' dir='ltr'><em>ὠφελίμων</em></span> <span class='ocrx_word' id='word_1_34' title='bbox 1290 741 1414 809; x_wconf 84' lang='grc' dir='ltr'><em>τοῖς</em></span> <span class='ocrx_word' id='word_1_35' title='bbox 1442 743 1778 812; x_wconf 79' lang='grc' dir='ltr'><strong><em>ἀνῃρηκόσι</em></strong></span> <span class='ocrx_word' id='word_1_36' title='bbox 1822 760 2012 815; x_wconf 87' lang='grc' dir='ltr'><em>προσ-</em></span> 
     </span>
    </p>
   </div>
   <div class='ocr_carea' id='block_1_8' title="bbox 422 832 2014 907">
    <p class='ocr_par' dir='ltr' id='par_1_8' title="bbox 422 832 2014 907">
     <span class='ocr_line' id='line_1_8' title="bbox 422 832 2014 907; baseline 0 -16"><span class='ocrx_word' id='word_1_37' title='bbox 422 836 655 907; x_wconf 69' lang='grc' dir='ltr'><em>γένοιτο</em></span> <span class='ocrx_word' id='word_1_38' title='bbox 720 837 788 901; x_wconf 75' lang='grc'><strong><em>⁸³,</em></strong></span> <span class='ocrx_word' id='word_1_39' title='bbox 845 835 1009 891; x_wconf 83' lang='grc' dir='ltr'><em>ἀλλὰ</em></span> <span class='ocrx_word' id='word_1_40' title='bbox 1060 834 1212 889; x_wconf 87' lang='grc' dir='ltr'><em>αὐτό</em></span> <span class='ocrx_word' id='word_1_41' title='bbox 1242 851 1308 906; x_wconf 75' lang='grc' dir='ltr'><em>γε</em></span> <span class='ocrx_word' id='word_1_42' title='bbox 1375 832 1443 888; x_wconf 87' lang='grc' dir='ltr'><em>τὸ</em></span> <span class='ocrx_word' id='word_1_43' title='bbox 1495 835 1635 900; x_wconf 86' lang='grc' dir='ltr'><em>τοὺς</em></span> <span class='ocrx_word' id='word_1_44' title='bbox 1706 837 2014 905; x_wconf 82' lang='grc' dir='ltr'><strong><em>τοιούτους</em></strong></span> 
     </span>
    </p>
   </div>
   <div class='ocr_carea' id='block_1_9' title="bbox 422 923 2015 999">
    <p class='ocr_par' dir='ltr' id='par_1_9' title="bbox 422 923 2015 999">
     <span class='ocr_line' id='line_1_9' title="bbox 422 923 2015 999; baseline -0.001 -16"><span class='ocrx_word' id='word_1_45' title='bbox 422 928 719 996; x_wconf 74' lang='grc' dir='ltr'><strong><em>θνήσκειν</em></strong></span> <span class='ocrx_word' id='word_1_46' title='bbox 751 928 1098 999; x_wconf 84' lang='grc' dir='ltr'><em>ἀρκούντως</em></span> <span class='ocrx_word' id='word_1_47' title='bbox 1155 926 1288 996; x_wconf 75' lang='grc' dir='ltr'><strong><em>ἔχει</em></strong></span> <span class='ocrx_word' id='word_1_48' title='bbox 1343 926 1495 995; x_wconf 82' lang='grc' dir='ltr'><em>πρὸς</em></span> <span class='ocrx_word' id='word_1_49' title='bbox 1539 923 1776 994; x_wconf 78' lang='grc' dir='ltr'><em>ὄνησιν.</em></span> <span class='ocrx_word' id='word_1_50' title='bbox 1833 929 1903 982; x_wconf 80' lang='lat' dir='ltr'><strong><em>Et</em></strong></span> <span class='ocrx_word' id='word_1_51' title='bbox 1945 927 2015 982; x_wconf 83' lang='grc' dir='ltr'><em>δὲ</em></span> 
     </span>
    </p>
   </div>
   <div class='ocr_carea' id='block_1_10' title="bbox 422 1015 2014 1090">
    <p class='ocr_par' dir='ltr' id='par_1_10' title="bbox 422 1015 2014 1090">
     <span class='ocr_line' id='line_1_10' title="bbox 422 1015 2014 1090; baseline 0.002 -18"><span class='ocrx_word' id='word_1_52' title='bbox 422 1018 756 1089; x_wconf 76' lang='grc' dir='ltr'><strong><em>προδοσίας</em></strong></span> <span class='ocrx_word' id='word_1_53' title='bbox 789 1015 1084 1088; x_wconf 79' lang='grc' dir='ltr'><strong><em>μηδαμῶς</em></strong></span> <span class='ocrx_word' id='word_1_54' title='bbox 1117 1016 1644 1088; x_wconf 81' lang='grc' dir='ltr'><em>ἀποδεδειγμένης,</em></span> <span class='ocrx_word' id='word_1_55' title='bbox 1680 1016 2014 1090; x_wconf 77' lang='grc' dir='ltr'><em>ἠφάνισται</em></span> 
     </span>
    </p>
   </div>
   <div class='ocr_carea' id='block_1_11' title="bbox 422 1108 2013 1181">
    <p class='ocr_par' dir='ltr' id='par_1_11' title="bbox 422 1108 2013 1181">
     <span class='ocr_line' id='line_1_11' title="bbox 422 1108 2013 1181; baseline -0.002 -15"><span class='ocrx_word' id='word_1_56' title='bbox 422 1128 514 1179; x_wconf 88' lang='grc' dir='ltr'><strong><em>τις</em></strong></span> <span class='ocrx_word' id='word_1_57' title='bbox 550 1110 771 1181; x_wconf 82' lang='grc' dir='ltr'><em>ἀθρόον</em></span> <span class='ocrx_word' id='word_1_58' title='bbox 818 1109 940 1164; x_wconf 85' lang='grc' dir='ltr'><em>τῶν</em></span> <span class='ocrx_word' id='word_1_59' title='bbox 977 1108 1214 1178; x_wconf 88' lang='grc' dir='ltr'><em>σφόδρα</em></span> <span class='ocrx_word' id='word_1_60' title='bbox 1235 1112 1500 1181; x_wconf 74' lang='grc' dir='ltr'><em>λογίμων</em></span> <span class='ocrx_word' id='word_1_61' title='bbox 1546 1111 1648 1165; x_wconf 79' lang='grc' dir='ltr'><em>καὶ</em></span> <span class='ocrx_word' id='word_1_62' title='bbox 1701 1110 2013 1181; x_wconf 85' lang='grc' dir='ltr'><em>τετιμώρη-</em></span> 
     </span>
    </p>
   </div>
   <div class='ocr_carea' id='block_1_12' title="bbox 422 1198 2013 1270">
    <p class='ocr_par' dir='ltr' id='par_1_12' title="bbox 422 1198 2013 1270">
     <span class='ocr_line' id='line_1_12' title="bbox 422 1198 2013 1270; baseline -0.001 -16"><span class='ocrx_word' id='word_1_63' title='bbox 422 1218 539 1267; x_wconf 84' lang='grc' dir='ltr'><em>ται,</em></span> <span class='ocrx_word' id='word_1_64' title='bbox 581 1198 852 1268; x_wconf 85' lang='grc' dir='ltr'><em>καθάπερ</em></span> <span class='ocrx_word' id='word_1_65' title='bbox 895 1199 1200 1270; x_wconf 80' lang='grc' dir='ltr'><em>διαφανῶς</em></span> <span class='ocrx_word' id='word_1_66' title='bbox 1267 1198 1687 1270; x_wconf 80' lang='grc' dir='ltr'><em>ἐγνωσμένος;</em></span> <span class='ocrx_word' id='word_1_67' title='bbox 1753 1199 1881 1268; x_wconf 86' lang='grc' dir='ltr'><strong><em>πῶς</em></strong></span> <span class='ocrx_word' id='word_1_68' title='bbox 1934 1201 2013 1254; x_wconf 82' lang='grc' dir='ltr'><em>ἂν</em></span> 
     </span>
    </p>
   </div>
   <div class='ocr_carea' id='block_1_13' title="bbox 423 1290 2010 1361">
    <p class='ocr_par' dir='ltr' id='par_1_13' title="bbox 423 1290 2010 1361">
     <span class='ocr_line' id='line_1_13' title="bbox 423 1290 2010 1361; baseline -0.003 -13"><span class='ocrx_word' id='word_1_69' title='bbox 423 1293 569 1359; x_wconf 82' lang='grc' dir='ltr'><em>ὑμῖν</em></span> <span class='ocrx_word' id='word_1_70' title='bbox 601 1290 847 1347; x_wconf 84' lang='grc' dir='ltr'><em>ἐνθένδε</em></span> <span class='ocrx_word' id='word_1_71' title='bbox 896 1291 963 1346; x_wconf 86' lang='grc' dir='ltr'><strong><em>τὸ</em></strong></span> <span class='ocrx_word' id='word_1_72' title='bbox 1022 1291 1408 1361; x_wconf 84' lang='grc' dir='ltr'><em>συμμαχικὸν</em></span> <span class='ocrx_word' id='word_1_73' title='bbox 1468 1292 1886 1361; x_wconf 77' lang='grc' dir='ltr'><em>σωφρονήσειε</em></span> <span class='ocrx_word' id='word_1_74' title='bbox 1923 1292 2010 1356; x_wconf 86' lang='grc'><strong><em>⁶³;</em></strong></span> 
     </span>
    </p>
   </div>
   <div class='ocr_carea' id='block_1_14' title="bbox 426 1380 2011 1453">
    <p class='ocr_par' dir='ltr' id='par_1_14' title="bbox 426 1380 2011 1453">
     <span class='ocr_line' id='line_1_14' title="bbox 426 1380 2011 1453; baseline 0.001 -15"><span class='ocrx_word' id='word_1_75' title='bbox 426 1383 555 1450; x_wconf 72' lang='grc' dir='ltr'><em>Πῶς</em></span> <span class='ocrx_word' id='word_1_76' title='bbox 587 1383 655 1437; x_wconf 84' lang='grc' dir='ltr'><em>δὲ</em></span> <span class='ocrx_word' id='word_1_77' title='bbox 691 1385 803 1439; x_wconf 83' lang='grc' dir='ltr'><em>οὐκ</em></span> <span class='ocrx_word' id='word_1_78' title='bbox 838 1381 916 1437; x_wconf 86' lang='grc' dir='ltr'><em>ἂν</em></span> <span class='ocrx_word' id='word_1_79' title='bbox 945 1380 1191 1452; x_wconf 84' lang='grc' dir='ltr'><em>μᾶλλον</em></span> <span class='ocrx_word' id='word_1_80' title='bbox 1220 1380 1319 1436; x_wconf 77' lang='grc' dir='ltr'><em>καὶ</em></span> <span class='ocrx_word' id='word_1_81' title='bbox 1348 1382 1705 1437; x_wconf 86' lang='grc' dir='ltr'><em>διαλύσαιεν</em></span> <span class='ocrx_word' id='word_1_82' title='bbox 1729 1385 1802 1438; x_wconf 89' lang='grc' dir='ltr'><em>τὰ</em></span> <span class='ocrx_word' id='word_1_83' title='bbox 1863 1401 2011 1453; x_wconf 73' lang='grc' dir='ltr'><em>συγ-</em></span> 
     </span>
    </p>
   </div>
   <div class='ocr_carea' id='block_1_15' title="bbox 423 1472 2008 1547">
    <p class='ocr_par' dir='ltr' id='par_1_15' title="bbox 423 1472 2008 1547">
     <span class='ocr_line' id='line_1_15' title="bbox 423 1472 2008 1547; baseline -0.001 -15"><span class='ocrx_word' id='word_1_84' title='bbox 423 1479 692 1547; x_wconf 77' lang='grc' dir='ltr'><strong><em>κείμενα,</em></strong></span> <span class='ocrx_word' id='word_1_85' title='bbox 728 1477 786 1530; x_wconf 82' lang='grc' dir='ltr'><strong><em>εῑ</em></strong></span> <span class='ocrx_word' id='word_1_86' title='bbox 812 1493 877 1547; x_wconf 77' lang='grc' dir='ltr'><strong><em>τε</em></strong></span> <span class='ocrx_word' id='word_1_87' title='bbox 915 1474 1244 1541; x_wconf 86' lang='grc' dir='ltr'><em>κοινωνοὺς</em></span> <span class='ocrx_word' id='word_1_88' title='bbox 1276 1473 1435 1545; x_wconf 84' lang='grc' dir='ltr'><em>ὑμᾶς</em></span> <span class='ocrx_word' id='word_1_89' title='bbox 1465 1475 1511 1509; x_wconf 64' lang='grc'><strong><em>⁸⁵</em></strong></span> <span class='ocrx_word' id='word_1_90' title='bbox 1540 1472 1838 1546; x_wconf 80' lang='grc' dir='ltr'><strong><em>ὑπάρχειν</em></strong></span> <span class='ocrx_word' id='word_1_91' title='bbox 1900 1472 2008 1532; x_wconf 87' lang='grc' dir='ltr'><strong><em>τοῦ</em></strong></span> 
     </span>
    </p>
   </div>
   <div class='ocr_carea' id='block_1_16' title="bbox 416 1567 2009 1641">
    <p class='ocr_par' dir='ltr' id='par_1_16' title="bbox 416 1567 2009 1641">
     <span class='ocr_line' id='line_1_16' title="bbox 416 1567 2009 1641; baseline -0.001 -17"><span class='ocrx_word' id='word_1_92' title='bbox 416 1571 758 1641; x_wconf 79' lang='grc' dir='ltr'><strong><em>μιάσματος</em></strong></span> <span class='ocrx_word' id='word_1_93' title='bbox 782 1567 1073 1636; x_wconf 81' lang='grc' dir='ltr'><em>οὶηθεῖεν;</em></span> <span class='ocrx_word' id='word_1_94' title='bbox 1104 1567 1499 1638; x_wconf 79' lang='grc' dir='ltr'><em>Λογιζόμενοι,</em></span> <span class='ocrx_word' id='word_1_95' title='bbox 1532 1570 1614 1634; x_wconf 85' lang='grc' dir='ltr'><em>ὡς</em></span> <span class='ocrx_word' id='word_1_96' title='bbox 1659 1569 1716 1623; x_wconf 83' lang='grc' dir='ltr'><em>ει</em></span> <span class='ocrx_word' id='word_1_97' title='bbox 1741 1585 1806 1641; x_wconf 78' lang='grc' dir='ltr'><strong><em>γε</em></strong></span> <span class='ocrx_word' id='word_1_98' title='bbox 1858 1569 2009 1637; x_wconf 80' lang='grc' dir='ltr'><em>πρὸς</em></span> 
     </span>
    </p>
   </div>
   <div class='ocr_carea' id='block_1_17' title="bbox 421 1658 2009 1730">
    <p class='ocr_par' dir='ltr' id='par_1_17' title="bbox 421 1658 2009 1730">
     <span class='ocr_line' id='line_1_17' title="bbox 421 1658 2009 1730; baseline 0 -16"><span class='ocrx_word' id='word_1_99' title='bbox 421 1661 566 1727; x_wconf 80' lang='grc' dir='ltr'><em>τοὺς</em></span> <span class='ocrx_word' id='word_1_100' title='bbox 589 1658 988 1727; x_wconf 72' lang='grc' dir='ltr'><strong><em>οἰκειοτάτους</em></strong></span> <span class='ocrx_word' id='word_1_101' title='bbox 1042 1658 1186 1728; x_wconf 80' lang='grc' dir='ltr'><em>ὑμῖν</em></span> <span class='ocrx_word' id='word_1_102' title='bbox 1240 1658 1340 1713; x_wconf 75' lang='grc' dir='ltr'><em>καὶ</em></span> <span class='ocrx_word' id='word_1_103' title='bbox 1402 1660 1693 1728; x_wconf 79' lang='grc' dir='ltr'><strong><em>συνήθεις</em></strong></span> <span class='ocrx_word' id='word_1_104' title='bbox 1765 1660 2009 1730; x_wconf 84' lang='grc' dir='ltr'><em>φειδοῦς</em></span> 
     </span>
    </p>
   </div>
   <div class='ocr_carea' id='block_1_18' title="bbox 423 1749 2006 1824">
    <p class='ocr_par' dir='ltr' id='par_1_18' title="bbox 423 1749 2006 1824">
     <span class='ocr_line' id='line_1_18' title="bbox 423 1749 2006 1824; baseline 0.001 -17"><span class='ocrx_word' id='word_1_105' title='bbox 423 1752 647 1820; x_wconf 81' lang='grc' dir='ltr'><em>ἥκιστα</em></span> <span class='ocrx_word' id='word_1_106' title='bbox 688 1750 930 1822; x_wconf 83' lang='grc' dir='ltr'><em>μέτεστι</em></span> <span class='ocrx_word' id='word_1_107' title='bbox 964 1752 1062 1807; x_wconf 77' lang='grc' dir='ltr'><em>καὶ</em></span> <span class='ocrx_word' id='word_1_108' title='bbox 1106 1752 1523 1822; x_wconf 79' lang='grc' dir='ltr'><strong><em>δικαιοσύνης,</em></strong></span> <span class='ocrx_word' id='word_1_109' title='bbox 1568 1749 1773 1823; x_wconf 80' lang='grc' dir='ltr'><em>σχολῇ</em></span> <span class='ocrx_word' id='word_1_110' title='bbox 1834 1771 1900 1824; x_wconf 80' lang='grc' dir='ltr'><strong><em>γε</em></strong></span> <span class='ocrx_word' id='word_1_111' title='bbox 1928 1752 2006 1808; x_wconf 83' lang='grc' dir='ltr'><em>ἂν</em></span> 
     </span>
    </p>
   </div>
   <div class='ocr_carea' id='block_1_19' title="bbox 413 1844 2008 1917">
    <p class='ocr_par' dir='ltr' id='par_1_19' title="bbox 413 1844 2008 1917">
     <span class='ocr_line' id='line_1_19' title="bbox 413 1844 2008 1917; baseline 0.001 -18"><span class='ocrx_word' id='word_1_112' title='bbox 413 1846 648 1911; x_wconf 76' lang='grc' dir='ltr'><em>,βέϐαιοι</em></span> <span class='ocrx_word' id='word_1_113' title='bbox 675 1844 1007 1914; x_wconf 82' lang='grc' dir='ltr'><em>διαμενεῖτε</em></span> <span class='ocrx_word' id='word_1_114' title='bbox 1035 1845 1184 1914; x_wconf 85' lang='grc' dir='ltr'><em>πρὸς</em></span> <span class='ocrx_word' id='word_1_115' title='bbox 1214 1844 1359 1913; x_wconf 81' lang='grc' dir='ltr'><em>τοὺς</em></span> <span class='ocrx_word' id='word_1_116' title='bbox 1398 1846 1750 1917; x_wconf 74' lang='grc' dir='ltr'><em>ἀλλογενεῖς</em></span> <span class='ocrx_word' id='word_1_117' title='bbox 1778 1847 1877 1900; x_wconf 76' lang='grc' dir='ltr'><em>καὶ</em></span> <span class='ocrx_word' id='word_1_118' title='bbox 1912 1847 2008 1901; x_wconf 83' lang='grc' dir='ltr'><strong><em>ὀθ-</em></strong></span> 
     </span>
    </p>
   </div>
   <div class='ocr_carea' id='block_1_20' title="bbox 2113 656 3704 743">
    <p class='ocr_par' dir='ltr' id='par_1_20' title="bbox 2113 656 3704 743">
     <span class='ocr_line' id='line_1_20' title="bbox 2113 656 3704 743; baseline 0.014 -33"><span class='ocrx_word' id='word_1_119' title='bbox 2113 656 2322 711; x_wconf 85' lang='lat' dir='ltr'><strong><em>etiamsi</em></strong></span> <span class='ocrx_word' id='word_1_120' title='bbox 2358 659 2488 713; x_wconf 89' lang='lat' dir='ltr'><strong><em>nihil</em></strong></span> <span class='ocrx_word' id='word_1_121' title='bbox 2522 662 2675 715; x_wconf 80' lang='lat' dir='ltr'><strong><em>aliud</em></strong></span> <span class='ocrx_word' id='word_1_122' title='bbox 2713 665 2967 721; x_wconf 76' lang='lat' dir='ltr'><strong><em>utilitatis</em></strong></span> <span class='ocrx_word' id='word_1_123' title='bbox 2997 669 3069 727; x_wconf 85' lang='lat' dir='ltr'><strong><em>ad</em></strong></span> <span class='ocrx_word' id='word_1_124' title='bbox 3102 672 3462 742; x_wconf 88' lang='lat' dir='ltr'><strong><em>interfectores</em></strong></span> <span class='ocrx_word' id='word_1_125' title='bbox 3505 676 3704 743; x_wconf 87' lang='lat' dir='ltr'><strong><em>redeat,</em></strong></span> 
     </span>
    </p>
   </div>
   <div class='ocr_carea' id='block_1_21' title="bbox 2114 748 3705 838">
    <p class='ocr_par' dir='ltr' id='par_1_21' title="bbox 2114 748 3705 838">
     <span class='ocr_line' id='line_1_21' title="bbox 2114 748 3705 838; baseline 0.015 -38"><span class='ocrx_word' id='word_1_126' title='bbox 2114 748 2224 818; x_wconf 87' lang='lat' dir='ltr'><strong><em>ipse</em></strong></span> <span class='ocrx_word' id='word_1_127' title='bbox 2283 760 2456 805; x_wconf 89' lang='lat' dir='ltr'><strong><em>tamen</em></strong></span> <span class='ocrx_word' id='word_1_128' title='bbox 2522 754 2709 808; x_wconf 90' lang='lat' dir='ltr'><strong><em>talium</em></strong></span> <span class='ocrx_word' id='word_1_129' title='bbox 2752 757 2999 814; x_wconf 87' lang='lat' dir='ltr'><strong><em>interitus</em></strong></span> <span class='ocrx_word' id='word_1_130' title='bbox 3023 761 3233 818; x_wconf 81' lang='lat' dir='ltr'><strong><em>abunde</em></strong></span> <span class='ocrx_word' id='word_1_131' title='bbox 3262 766 3395 821; x_wconf 89' lang='lat' dir='ltr'><strong><em>satis</em></strong></span> <span class='ocrx_word' id='word_1_132' title='bbox 3428 783 3521 838; x_wconf 89' lang='lat' dir='ltr'><strong><em>per</em></strong></span> <span class='ocrx_word' id='word_1_133' title='bbox 3552 785 3607 822; x_wconf 90' lang='lat' dir='ltr'><strong><em>se</em></strong></span> <span class='ocrx_word' id='word_1_134' title='bbox 3629 780 3705 823; x_wconf 88' lang='lat' dir='ltr'><strong><em>est</em></strong></span> 
     </span>
    </p>
   </div>
   <div class='ocr_carea' id='block_1_22' title="bbox 2113 841 3706 927">
    <p class='ocr_par' dir='ltr' id='par_1_22' title="bbox 2113 841 3706 927">
     <span class='ocr_line' id='line_1_22' title="bbox 2113 841 3706 927; baseline 0.013 -34"><span class='ocrx_word' id='word_1_135' title='bbox 2113 841 2440 910; x_wconf 87' lang='lat' dir='ltr'><strong><em>fructuosus.</em></strong></span> <span class='ocrx_word' id='word_1_136' title='bbox 2465 843 2533 898; x_wconf 81' lang='lat' dir='ltr'><strong><em>At</em></strong></span> <span class='ocrx_word' id='word_1_137' title='bbox 2568 862 2687 900; x_wconf 79' lang='lat' dir='ltr'><strong><em>vero</em></strong></span> <span class='ocrx_word' id='word_1_138' title='bbox 2716 850 2786 914; x_wconf 88' lang='lat' dir='ltr'><strong><em>si,</em></strong></span> <span class='ocrx_word' id='word_1_139' title='bbox 2819 852 3116 920; x_wconf 82' lang='lat' dir='ltr'><strong><em>proditione</em></strong></span> <span class='ocrx_word' id='word_1_140' title='bbox 3148 857 3455 927; x_wconf 83' lang='lat' dir='ltr'><strong><em>neutiquam</em></strong></span> <span class='ocrx_word' id='word_1_141' title='bbox 3490 858 3706 914; x_wconf 79' lang='lat' dir='ltr'><strong><em>demon-</em></strong></span> 
     </span>
    </p>
   </div>
   <div class='ocr_carea' id='block_1_23' title="bbox 2112 935 3705 1011">
    <p class='ocr_par' dir='ltr' id='par_1_23' title="bbox 2112 935 3705 1011">
     <span class='ocr_line' id='line_1_23' title="bbox 2112 935 3705 1011; baseline 0.013 -27"><span class='ocrx_word' id='word_1_142' title='bbox 2112 940 2311 998; x_wconf 87' lang='lat' dir='ltr'><strong><em>strata,</em></strong></span> <span class='ocrx_word' id='word_1_143' title='bbox 2350 935 2626 1005; x_wconf 77' lang='lat' dir='ltr'><strong><em>confestim</em></strong></span> <span class='ocrx_word' id='word_1_144' title='bbox 2647 939 2727 993; x_wconf 81' lang='lat' dir='ltr'><strong><em>vir</em></strong></span> <span class='ocrx_word' id='word_1_145' title='bbox 2749 941 2943 1011; x_wconf 85' lang='lat' dir='ltr'><strong><em>aliquis</em></strong></span> <span class='ocrx_word' id='word_1_146' title='bbox 2976 947 3199 1000; x_wconf 77' lang='lat' dir='ltr'><strong><em>maximi</em></strong></span> <span class='ocrx_word' id='word_1_147' title='bbox 3228 949 3456 1003; x_wconf 85' lang='lat' dir='ltr'><strong><em>nominis</em></strong></span> <span class='ocrx_word' id='word_1_148' title='bbox 3488 967 3515 1003; x_wconf 90' lang='lat' dir='ltr'><strong><em>e</em></strong></span> <span class='ocrx_word' id='word_1_149' title='bbox 3534 950 3705 1004; x_wconf 85' lang='lat' dir='ltr'><strong><em>medio</em></strong></span> 
     </span>
    </p>
   </div>
   <div class='ocr_carea' id='block_1_24' title="bbox 2114 1022 3701 1112">
    <p class='ocr_par' dir='ltr' id='par_1_24' title="bbox 2114 1022 3701 1112">
     <span class='ocr_line' id='line_1_24' title="bbox 2114 1022 3701 1112; baseline 0.015 -37"><span class='ocrx_word' id='word_1_150' title='bbox 2114 1022 2338 1078; x_wconf 87' lang='lat' dir='ltr'><strong><em>tollatur</em></strong></span> <span class='ocrx_word' id='word_1_151' title='bbox 2361 1028 2720 1101; x_wconf 82' lang='lat' dir='ltr'><strong><em>supplicioque</em></strong></span> <span class='ocrx_word' id='word_1_152' title='bbox 2759 1034 3040 1103; x_wconf 75' lang='lat' dir='ltr'><strong><em>afficiatur,</em></strong></span> <span class='ocrx_word' id='word_1_153' title='bbox 3065 1039 3279 1105; x_wconf 85' lang='lat' dir='ltr'><strong><em>perinde</em></strong></span> <span class='ocrx_word' id='word_1_154' title='bbox 3332 1050 3489 1109; x_wconf 89' lang='lat' dir='ltr'><strong><em>atque</em></strong></span> <span class='ocrx_word' id='word_1_155' title='bbox 3539 1038 3701 1112; x_wconf 81' lang='lat'><strong>215</strong></span> 
     </span>
    </p>
   </div>
   <div class='ocr_carea' id='block_1_25' title="bbox 2113 1115 3702 1195">
    <p class='ocr_par' dir='ltr' id='par_1_25' title="bbox 2113 1115 3702 1195">
     <span class='ocr_line' id='line_1_25' title="bbox 2113 1115 3702 1195; baseline 0.012 -29"><span class='ocrx_word' id='word_1_156' title='bbox 2113 1125 2292 1182; x_wconf 89' lang='lat' dir='ltr'><strong><em>aperte</em></strong></span> <span class='ocrx_word' id='word_1_157' title='bbox 2318 1115 2683 1186; x_wconf 89' lang='lat' dir='ltr'><strong><em>deprehensus,</em></strong></span> <span class='ocrx_word' id='word_1_158' title='bbox 2709 1137 2811 1195; x_wconf 85' lang='lat' dir='ltr'><strong><em>quo</em></strong></span> <span class='ocrx_word' id='word_1_159' title='bbox 2835 1133 2987 1194; x_wconf 92' lang='lat' dir='ltr'><strong><em>pacto</em></strong></span> <span class='ocrx_word' id='word_1_160' title='bbox 3014 1124 3157 1181; x_wconf 84' lang='lat' dir='ltr'><strong><em>vobis</em></strong></span> <span class='ocrx_word' id='word_1_161' title='bbox 3182 1128 3314 1181; x_wconf 89' lang='lat' dir='ltr'><strong><em>socii</em></strong></span> <span class='ocrx_word' id='word_1_162' title='bbox 3351 1128 3474 1183; x_wconf 89' lang='lat' dir='ltr'><strong><em>hinc</em></strong></span> <span class='ocrx_word' id='word_1_163' title='bbox 3523 1131 3702 1184; x_wconf 83' lang='lat' dir='ltr'><strong><em>mode-</em></strong></span> 
     </span>
    </p>
   </div>
   <div class='ocr_carea' id='block_1_26' title="bbox 2113 1209 3699 1294">
    <p class='ocr_par' dir='ltr' id='par_1_26' title="bbox 2113 1209 3699 1294">
     <span class='ocr_line' id='line_1_26' title="bbox 2113 1209 3699 1294; baseline 0.012 -34"><span class='ocrx_word' id='word_1_164' title='bbox 2113 1209 2342 1264; x_wconf 88' lang='lat' dir='ltr'><strong><em>rationes</em></strong></span> <span class='ocrx_word' id='word_1_165' title='bbox 2382 1212 2725 1270; x_wconf 76' lang='lat' dir='ltr'><strong><em>reddantur?</em></strong></span> <span class='ocrx_word' id='word_1_166' title='bbox 2775 1212 2894 1269; x_wconf 84' lang='lat' dir='ltr'><strong><em>Imo</em></strong></span> <span class='ocrx_word' id='word_1_167' title='bbox 2931 1234 3050 1272; x_wconf 82' lang='lat' dir='ltr'><strong><em>vero</em></strong></span> <span class='ocrx_word' id='word_1_168' title='bbox 3079 1235 3183 1290; x_wconf 88' lang='lat' dir='ltr'><strong><em>quo</em></strong></span> <span class='ocrx_word' id='word_1_169' title='bbox 3240 1224 3395 1275; x_wconf 91' lang='lat' dir='ltr'><strong><em>modo</em></strong></span> <span class='ocrx_word' id='word_1_170' title='bbox 3438 1239 3543 1277; x_wconf 87' lang='lat' dir='ltr'><strong><em>non</em></strong></span> <span class='ocrx_word' id='word_1_171' title='bbox 3599 1240 3699 1294; x_wconf 88' lang='lat' dir='ltr'><strong><em>po-</em></strong></span> 
     </span>
    </p>
   </div>
   <div class='ocr_carea' id='block_1_27' title="bbox 2112 1299 3698 1385">
    <p class='ocr_par' dir='ltr' id='par_1_27' title="bbox 2112 1299 3698 1385">
     <span class='ocr_line' id='line_1_27' title="bbox 2112 1299 3698 1385; baseline 0.009 -30"><span class='ocrx_word' id='word_1_172' title='bbox 2112 1299 2216 1355; x_wconf 83' lang='lat' dir='ltr'><strong><em>tius</em></strong></span> <span class='ocrx_word' id='word_1_173' title='bbox 2245 1312 2404 1368; x_wconf 90' lang='lat' dir='ltr'><strong><em>pacta</em></strong></span> <span class='ocrx_word' id='word_1_174' title='bbox 2431 1315 2780 1374; x_wconf 76' lang='lat' dir='ltr'><strong><em>conuentaque</em></strong></span> <span class='ocrx_word' id='word_1_175' title='bbox 2808 1305 3117 1376; x_wconf 77' lang='lat' dir='ltr'><strong><em>dissoluant,</em></strong></span> <span class='ocrx_word' id='word_1_176' title='bbox 3159 1312 3206 1364; x_wconf 89' lang='lat' dir='ltr'><strong><em>si</em></strong></span> <span class='ocrx_word' id='word_1_177' title='bbox 3267 1329 3356 1367; x_wconf 84' lang='lat' dir='ltr'><strong><em>vos</em></strong></span> <span class='ocrx_word' id='word_1_178' title='bbox 3407 1314 3698 1385; x_wconf 82' lang='lat' dir='ltr'><strong><em>participes</em></strong></span> 
     </span>
    </p>
   </div>
   <div class='ocr_carea' id='block_1_28' title="bbox 2113 1391 3697 1475">
    <p class='ocr_par' dir='ltr' id='par_1_28' title="bbox 2113 1391 3697 1475">
     <span class='ocr_line' id='line_1_28' title="bbox 2113 1391 3697 1475; baseline 0.01 -31"><span class='ocrx_word' id='word_1_179' title='bbox 2113 1391 2250 1444; x_wconf 92' lang='lat' dir='ltr'><strong><em>tanti</em></strong></span> <span class='ocrx_word' id='word_1_180' title='bbox 2275 1392 2487 1446; x_wconf 87' lang='lat' dir='ltr'><strong><em>sceleris</em></strong></span> <span class='ocrx_word' id='word_1_181' title='bbox 2512 1394 2778 1450; x_wconf 74' lang='lat' dir='ltr'><strong><em>exstitisse</em></strong></span> <span class='ocrx_word' id='word_1_182' title='bbox 2811 1399 3077 1464; x_wconf 86' lang='lat' dir='ltr'><strong><em>putarint,</em></strong></span> <span class='ocrx_word' id='word_1_183' title='bbox 3119 1411 3423 1471; x_wconf 86' lang='lat' dir='ltr'><strong><em>reputantes</em></strong></span> <span class='ocrx_word' id='word_1_184' title='bbox 3455 1406 3595 1475; x_wconf 92' lang='lat' dir='ltr'><strong><em>quod</em></strong></span> <span class='ocrx_word' id='word_1_185' title='bbox 3647 1406 3697 1460; x_wconf 92' lang='lat' dir='ltr'><strong><em>si</em></strong></span> 
     </span>
    </p>
   </div>
   <div class='ocr_carea' id='block_1_29' title="bbox 2109 1482 3696 1559">
    <p class='ocr_par' dir='ltr' id='par_1_29' title="bbox 2109 1482 3696 1559">
     <span class='ocr_line' id='line_1_29' title="bbox 2109 1482 3696 1559; baseline 0.011 -26"><span class='ocrx_word' id='word_1_186' title='bbox 2109 1497 2232 1552; x_wconf 88' lang='lat' dir='ltr'><strong><em>erga</em></strong></span> <span class='ocrx_word' id='word_1_187' title='bbox 2281 1482 2497 1537; x_wconf 87' lang='lat' dir='ltr'><strong><em>intimos</em></strong></span> <span class='ocrx_word' id='word_1_188' title='bbox 2554 1486 3114 1559; x_wconf 87' lang='lat' dir='ltr'><strong><em>conjunctissimosque</em></strong></span> <span class='ocrx_word' id='word_1_189' title='bbox 3170 1491 3316 1545; x_wconf 81' lang='lat' dir='ltr'><strong><em>vobis</em></strong></span> <span class='ocrx_word' id='word_1_190' title='bbox 3386 1494 3517 1549; x_wconf 90' lang='lat' dir='ltr'><strong><em>adeo</em></strong></span> <span class='ocrx_word' id='word_1_191' title='bbox 3578 1496 3696 1550; x_wconf 88' lang='lat' dir='ltr'><strong><em>sitis</em></strong></span> 
     </span>
    </p>
   </div>
   <div class='ocr_carea' id='block_1_30' title="bbox 2108 1573 3696 1650">
    <p class='ocr_par' dir='ltr' id='par_1_30' title="bbox 2108 1573 3696 1650">
     <span class='ocr_line' id='line_1_30' title="bbox 2108 1573 3696 1650; baseline 0.011 -24"><span class='ocrx_word' id='word_1_192' title='bbox 2108 1573 2387 1630; x_wconf 81' lang='lat' dir='ltr'><strong><em>inhumani</em></strong></span> <span class='ocrx_word' id='word_1_193' title='bbox 2417 1587 2574 1648; x_wconf 87' lang='lat' dir='ltr'><strong><em>atque</em></strong></span> <span class='ocrx_word' id='word_1_194' title='bbox 2603 1579 2796 1650; x_wconf 86' lang='lat' dir='ltr'><strong><em>iniqui,</em></strong></span> <span class='ocrx_word' id='word_1_195' title='bbox 2827 1581 2974 1634; x_wconf 90' lang='lat' dir='ltr'><strong><em>nullo</em></strong></span> <span class='ocrx_word' id='word_1_196' title='bbox 2996 1583 3156 1636; x_wconf 88' lang='lat' dir='ltr'><strong><em>etiam</em></strong></span> <span class='ocrx_word' id='word_1_197' title='bbox 3190 1574 3344 1639; x_wconf 76' lang='lat' dir='ltr'><strong><em>modo</em></strong></span> <span class='ocrx_word' id='word_1_198' title='bbox 3400 1598 3696 1643; x_wconf 83' lang='lat' dir='ltr'><strong><em>constantes</em></strong></span> 
     </span>
    </p>
   </div>
   <div class='ocr_carea' id='block_1_31' title="bbox 2107 1668 3698 1744">
    <p class='ocr_par' dir='ltr' id='par_1_31' title="bbox 2107 1668 3698 1744">
     <span class='ocr_line' id='line_1_31' title="bbox 2107 1668 3698 1744; baseline 0.011 -25"><span class='ocrx_word' id='word_1_199' title='bbox 2107 1668 2225 1721; x_wconf 87' lang='lat' dir='ltr'><strong><em>sitis</em></strong></span> <span class='ocrx_word' id='word_1_200' title='bbox 2251 1668 2424 1738; x_wconf 86' lang='lat' dir='ltr'><strong><em>futuri</em></strong></span> <span class='ocrx_word' id='word_1_201' title='bbox 2452 1687 2577 1741; x_wconf 86' lang='lat' dir='ltr'><strong><em>erga</em></strong></span> <span class='ocrx_word' id='word_1_202' title='bbox 2603 1671 2925 1744; x_wconf 83' lang='lat' dir='ltr'><strong><em>alienigenas</em></strong></span> <span class='ocrx_word' id='word_1_203' title='bbox 2948 1685 2997 1728; x_wconf 92' lang='lat' dir='ltr'><strong><em>et</em></strong></span> <span class='ocrx_word' id='word_1_204' title='bbox 3021 1684 3247 1744; x_wconf 72' lang='lat' dir='ltr'><strong><em>exteros,</em></strong></span> <span class='ocrx_word' id='word_1_205' title='bbox 3280 1687 3352 1744; x_wconf 89' lang='lat' dir='ltr'><strong><em>et,</em></strong></span> <span class='ocrx_word' id='word_1_206' title='bbox 3392 1682 3698 1737; x_wconf 85' lang='lat' dir='ltr'><strong><em>necessitate</em></strong></span> 
     </span>
    </p>
   </div>
   <div class='ocr_carea' id='block_1_32' title="bbox 2111 1761 3697 1831">
    <p class='ocr_par' dir='ltr' id='par_1_32' title="bbox 2111 1761 3697 1831">
     <span class='ocr_line' id='line_1_32' title="bbox 2111 1761 3697 1831; baseline 0.01 -20"><span class='ocrx_word' id='word_1_207' title='bbox 2111 1768 2318 1813; x_wconf 68' lang='lat' dir='ltr'><strong><em>tantum</em></strong></span> <span class='ocrx_word' id='word_1_208' title='bbox 2370 1761 2447 1814; x_wconf 90' lang='lat' dir='ltr'><strong><em>ita</em></strong></span> <span class='ocrx_word' id='word_1_209' title='bbox 2490 1763 2816 1831; x_wconf 87' lang='lat' dir='ltr'><strong><em>postulante,</em></strong></span> <span class='ocrx_word' id='word_1_210' title='bbox 2865 1781 2968 1819; x_wconf 90' lang='lat' dir='ltr'><strong><em>non</em></strong></span> <span class='ocrx_word' id='word_1_211' title='bbox 3014 1768 3155 1821; x_wconf 88' lang='lat' dir='ltr'><strong><em>ultra</em></strong></span> <span class='ocrx_word' id='word_1_212' title='bbox 3200 1778 3347 1824; x_wconf 90' lang='lat' dir='ltr'><strong><em>notos</em></strong></span> <span class='ocrx_word' id='word_1_213' title='bbox 3380 1772 3404 1823; x_wconf 86' lang='lat'><strong><em>?</em></strong></span> <span class='ocrx_word' id='word_1_214' title='bbox 3436 1766 3697 1827; x_wconf 66' lang='lat' dir='ltr'><strong><em>(laterum</em></strong></span> 
     </span>
    </p>
   </div>
   <div class='ocr_carea' id='block_1_33' title="bbox 2109 1856 3694 1935">
    <p class='ocr_par' dir='ltr' id='par_1_33' title="bbox 2109 1856 3694 1935">
     <span class='ocr_line' id='line_1_33' title="bbox 2109 1856 3694 1935; baseline 0.008 -29"><span class='ocrx_word' id='word_1_215' title='bbox 2109 1869 2197 1907; x_wconf 72' lang='lat' dir='ltr'><strong><em>vos</em></strong></span> <span class='ocrx_word' id='word_1_216' title='bbox 2256 1870 2420 1925; x_wconf 90' lang='lat' dir='ltr'><strong><em>neque</em></strong></span> <span class='ocrx_word' id='word_1_217' title='bbox 2472 1856 2667 1926; x_wconf 79' lang='lat' dir='ltr'><strong><em>nefarii</em></strong></span> <span class='ocrx_word' id='word_1_218' title='bbox 2720 1857 2868 1914; x_wconf 84' lang='lat' dir='ltr'><strong><em>illius</em></strong></span> <span class='ocrx_word' id='word_1_219' title='bbox 2922 1862 3134 1914; x_wconf 87' lang='lat' dir='ltr'><strong><em>consilii</em></strong></span> <span class='ocrx_word' id='word_1_220' title='bbox 3179 1865 3464 1934; x_wconf 83' lang='lat' dir='ltr'><strong><em>participes</em></strong></span> <span class='ocrx_word' id='word_1_221' title='bbox 3494 1866 3694 1935; x_wconf 77' lang='lat' dir='ltr'><strong><em>fuistis,</em></strong></span> 
     </span>
    </p>
   </div>
   <div class='ocr_carea' id='block_1_34' title="bbox 420 1912 2006 2023">
    <p class='ocr_par' dir='ltr' id='par_1_34' title="bbox 420 1912 2005 2006">
     <span class='ocr_line' id='line_1_34' title="bbox 420 1912 2005 2006; baseline 0.001 -16"><span class='ocrx_word' id='word_1_222' title='bbox 420 1943 644 2002; x_wconf 84' lang='grc' dir='ltr'><em>νείους,</em></span> <span class='ocrx_word' id='word_1_223' title='bbox 691 1912 789 1990; x_wconf 59' lang='grc' dir='ltr'><strong><em>καί</em></strong></span> <span class='ocrx_word' id='word_1_224' title='bbox 824 1934 937 2004; x_wconf 84' lang='grc' dir='ltr'><strong><em>τῆς</em></strong></span> <span class='ocrx_word' id='word_1_225' title='bbox 976 1912 1459 2005; x_wconf 79' lang='grc' dir='ltr'><em>προσπεσούσης</em></span> <span class='ocrx_word' id='word_1_226' title='bbox 1487 1912 1736 2006; x_wconf 39' lang='grc' dir='ltr'><em>χρείας,</em></span> <span class='ocrx_word' id='word_1_227' title='bbox 1781 1940 1853 1992; x_wconf 83' lang='grc' dir='ltr'><strong><em>οὐ</em></strong></span> <span class='ocrx_word' id='word_1_228' title='bbox 1910 1954 2005 1991; x_wconf 84' lang='grc' dir='ltr'><em>πε·</em></span> 
     </span>
    </p>
   </div>
   <div class='ocr_carea' id='block_1_35' title="bbox 2106 1912 3694 2023">
    <p class='ocr_par' dir='ltr' id='par_1_35' title="bbox 2115 1912 3694 2023">
     <span class='ocr_line' id='line_1_35' title="bbox 2115 1912 3694 2023; baseline 0.009 -26"><span class='ocrx_word' id='word_1_229' title='bbox 2115 1962 2275 2015; x_wconf 87' lang='lat' dir='ltr'><strong><em>neque</em></strong></span> <span class='ocrx_word' id='word_1_230' title='bbox 2301 1948 2573 2013; x_wconf 89' lang='lat' dir='ltr'><strong><em>piaculare</em></strong></span> <span class='ocrx_word' id='word_1_231' title='bbox 2596 1949 2786 2017; x_wconf 89' lang='lat' dir='ltr'><strong><em>scelus,</em></strong></span> <span class='ocrx_word' id='word_1_232' title='bbox 2830 1953 2971 2022; x_wconf 87' lang='lat' dir='ltr'><strong><em>quod</em></strong></span> <span class='ocrx_word' id='word_1_233' title='bbox 3007 1912 3257 2021; x_wconf 61' lang='lat' dir='ltr'><strong><em>privatim</em></strong></span> <span class='ocrx_word' id='word_1_234' title='bbox 3314 1912 3421 2011; x_wconf 68' lang='lat' dir='ltr'><strong><em>illis</em></strong></span> <span class='ocrx_word' id='word_1_235' title='bbox 3478 1912 3694 2023; x_wconf 62' lang='lat' dir='ltr'><strong><em>insedit:</em></strong></span> 
     </span>
    </p>
   </div>
   <div class='ocr_carea' id='block_1_36' title="bbox 416 2025 2007 2099">
    <p class='ocr_par' dir='ltr' id='par_1_36' title="bbox 416 2025 2007 2099">
     <span class='ocr_line' id='line_1_36' title="bbox 416 2025 2007 2099; baseline -0.001 -16"><span class='ocrx_word' id='word_1_236' title='bbox 416 2027 664 2099; x_wconf 71' lang='lat' dir='ltr'><strong><em>{attépto</em></strong></span> <span class='ocrx_word' id='word_1_237' title='bbox 696 2025 1181 2097; x_wconf 70' lang='grc' dir='ltr'><em>γνωριζομένους.</em></span> <span class='ocrx_word' id='word_1_238' title='bbox 1228 2027 1394 2083; x_wconf 71' lang='grc' dir='ltr'><em>Ἀλλ’</em></span> <span class='ocrx_word' id='word_1_239' title='bbox 1437 2029 1576 2082; x_wconf 83' lang='grc' dir='ltr'><em>οὔτε</em></span> <span class='ocrx_word' id='word_1_240' title='bbox 1606 2030 2007 2099; x_wconf 73' lang='grc' dir='ltr'><em>μετειλήφατε</em></span> 
     </span>
    </p>
   </div>
   <div class='ocr_carea' id='block_1_37' title="bbox 424 2119 2006 2191">
    <p class='ocr_par' dir='ltr' id='par_1_37' title="bbox 424 2119 2006 2191">
     <span class='ocr_line' id='line_1_37' title="bbox 424 2119 2006 2191; baseline -0.001 -15"><span class='ocrx_word' id='word_1_241' title='bbox 424 2121 532 2176; x_wconf 86' lang='grc' dir='ltr'><em>τοῦ</em></span> <span class='ocrx_word' id='word_1_242' title='bbox 570 2121 1009 2189; x_wconf 76' lang='grc' dir='ltr'><strong><em>βουλεύματος,</em></strong></span> <span class='ocrx_word' id='word_1_243' title='bbox 1060 2119 1200 2174; x_wconf 81' lang='grc' dir='ltr'><em>οὔτε</em></span> <span class='ocrx_word' id='word_1_244' title='bbox 1260 2119 1326 2173; x_wconf 85' lang='grc' dir='ltr'><strong><em>τὸ</em></strong></span> <span class='ocrx_word' id='word_1_245' title='bbox 1372 2120 1606 2186; x_wconf 84' lang='grc' dir='ltr'><em>τούτοις</em></span> <span class='ocrx_word' id='word_1_246' title='bbox 1656 2121 1773 2188; x_wconf 80' lang='grc' dir='ltr'><em>ἰδίᾳ</em></span> <span class='ocrx_word' id='word_1_247' title='bbox 1819 2136 2006 2191; x_wconf 87' lang='grc' dir='ltr'><em>προσ-</em></span> 
     </span>
    </p>
   </div>
   <div class='ocr_carea' id='block_1_38' title="bbox 424 2210 2007 2281">
    <p class='ocr_par' dir='ltr' id='par_1_38' title="bbox 424 2210 2007 2281">
     <span class='ocr_line' id='line_1_38' title="bbox 424 2210 2007 2281; baseline 0.003 -17"><span class='ocrx_word' id='word_1_248' title='bbox 424 2213 700 2281; x_wconf 75' lang='grc' dir='ltr'><em>κείμενον</em></span> <span class='ocrx_word' id='word_1_249' title='bbox 746 2210 889 2281; x_wconf 75' lang='grc' dir='ltr'><em>ἄγος</em></span> <span class='ocrx_word' id='word_1_250' title='bbox 942 2211 1044 2265; x_wconf 75' lang='grc' dir='ltr'><strong><em>ἐπὶ</em></strong></span> <span class='ocrx_word' id='word_1_251' title='bbox 1097 2211 1166 2266; x_wconf 87' lang='grc' dir='ltr'><strong><em>τὸ</em></strong></span> <span class='ocrx_word' id='word_1_252' title='bbox 1225 2212 1478 2281; x_wconf 81' lang='grc' dir='ltr'><em>σύμπαν</em></span> <span class='ocrx_word' id='word_1_253' title='bbox 1521 2212 1641 2267; x_wconf 89' lang='grc' dir='ltr'><strong><em>τῶν</em></strong></span> <span class='ocrx_word' id='word_1_254' title='bbox 1704 2213 2007 2281; x_wconf 74' lang='grc' dir='ltr'><em>Ῥωμαίων</em></span> 
     </span>
    </p>
   </div>
   <div class='ocr_carea' id='block_1_39' title="bbox 420 2299 2008 2372">
    <p class='ocr_par' dir='ltr' id='par_1_39' title="bbox 420 2299 2008 2372">
     <span class='ocr_line' id='line_1_39' title="bbox 420 2299 2008 2372; baseline 0.001 -17"><span class='ocrx_word' id='word_1_255' title='bbox 420 2301 599 2367; x_wconf 79' lang='grc' dir='ltr'><em>ἔθνος</em></span> <span class='ocrx_word' id='word_1_256' title='bbox 624 2299 1046 2369; x_wconf 85' lang='grc' dir='ltr'><em>ἀναδραμεῖται</em></span> <span class='ocrx_word' id='word_1_257' title='bbox 1075 2318 1089 2332; x_wconf 78' lang='grc'><em>’</em></span> <span class='ocrx_word' id='word_1_258' title='bbox 1141 2300 1281 2355; x_wconf 81' lang='grc' dir='ltr'><em>οὔτε</em></span> <span class='ocrx_word' id='word_1_259' title='bbox 1312 2300 1428 2369; x_wconf 83' lang='grc' dir='ltr'><strong><em>τὴν</em></strong></span> <span class='ocrx_word' id='word_1_260' title='bbox 1452 2302 1638 2356; x_wconf 85' lang='grc' dir='ltr'><em>πάλαι</em></span> <span class='ocrx_word' id='word_1_261' title='bbox 1672 2304 1804 2371; x_wconf 80' lang='grc' dir='ltr'><em>περὶ</em></span> <span class='ocrx_word' id='word_1_262' title='bbox 1843 2301 2008 2372; x_wconf 84' lang='grc' dir='ltr'><em>ὑμῶν</em></span> 
     </span>
    </p>
   </div>
   <div class='ocr_carea' id='block_1_40' title="bbox 416 2387 2007 2461">
    <p class='ocr_par' dir='ltr' id='par_1_40' title="bbox 416 2387 2007 2461">
     <span class='ocr_line' id='line_1_40' title="bbox 416 2387 2007 2461; baseline 0.001 -15"><span class='ocrx_word' id='word_1_263' title='bbox 416 2387 818 2458; x_wconf 77' lang='grc' dir='ltr'><strong><em>κρατήσασαν</em></strong></span> <span class='ocrx_word' id='word_1_264' title='bbox 841 2388 1050 2455; x_wconf 84' lang='grc' dir='ltr'><em>δόξαν,</em></span> <span class='ocrx_word' id='word_1_265' title='bbox 1088 2389 1168 2456; x_wconf 89' lang='grc' dir='ltr'><em>ὡς</em></span> <span class='ocrx_word' id='word_1_266' title='bbox 1196 2387 1313 2457; x_wconf 77' lang='grc' dir='ltr'><strong><em>ἄρα</em></strong></span> <span class='ocrx_word' id='word_1_267' title='bbox 1350 2391 1551 2445; x_wconf 78' lang='grc' dir='ltr'><em>πιστοὶ</em></span> <span class='ocrx_word' id='word_1_268' title='bbox 1594 2391 1668 2446; x_wconf 86' lang='grc' dir='ltr'><strong><em>τὰ</em></strong></span> <span class='ocrx_word' id='word_1_269' title='bbox 1742 2392 1860 2461; x_wconf 79' lang='grc' dir='ltr'><em>ἤδη</em></span> <span class='ocrx_word' id='word_1_270' title='bbox 1906 2394 2007 2447; x_wconf 79' lang='grc' dir='ltr'><em>καὶ</em></span> 
     </span>
    </p>
   </div>
   <div class='ocr_carea' id='block_1_41' title="bbox 409 2479 2007 2551">
    <p class='ocr_par' dir='ltr' id='par_1_41' title="bbox 409 2479 2007 2551">
     <span class='ocr_line' id='line_1_41' title="bbox 409 2479 2007 2551; baseline 0.001 -16"><span class='ocrx_word' id='word_1_271' title='bbox 409 2480 651 2547; x_wconf 72' lang='grc' dir='ltr'><em>βέϐαιοι</em></span> <span class='ocrx_word' id='word_1_272' title='bbox 693 2481 1123 2551; x_wconf 80' lang='grc' dir='ltr'><strong><em>καθεστήκατε,</em></strong></span> <span class='ocrx_word' id='word_1_273' title='bbox 1183 2480 1284 2535; x_wconf 76' lang='grc' dir='ltr'><em>καὶ</em></span> <span class='ocrx_word' id='word_1_274' title='bbox 1322 2479 1578 2549; x_wconf 86' lang='grc' dir='ltr'><em>δικαίοις</em></span> <span class='ocrx_word' id='word_1_275' title='bbox 1638 2480 1868 2551; x_wconf 85' lang='grc' dir='ltr'><em>χρῆσθε</em></span> <span class='ocrx_word' id='word_1_276' title='bbox 1907 2483 2007 2538; x_wconf 84' lang='grc' dir='ltr'><em>νό-</em></span> 
     </span>
    </p>
   </div>
   <div class='ocr_carea' id='block_1_42' title="bbox 410 2574 2007 2645">
    <p class='ocr_par' dir='ltr' id='par_1_42' title="bbox 410 2574 2007 2645">
     <span class='ocr_line' id='line_1_42' title="bbox 410 2574 2007 2645; baseline 0 -16"><span class='ocrx_word' id='word_1_277' title='bbox 410 2592 554 2645; x_wconf 85' lang='grc' dir='ltr'><em>μοις</em></span> <span class='ocrx_word' id='word_1_278' title='bbox 595 2575 661 2640; x_wconf 63' lang='grc'><strong><em>⁵⁸,</em></strong></span> <span class='ocrx_word' id='word_1_279' title='bbox 687 2575 726 2644; x_wconf 72' lang='grc' dir='ltr'><strong><em>ἡ</em></strong></span> <span class='ocrx_word' id='word_1_280' title='bbox 763 2574 991 2628; x_wconf 87' lang='grc' dir='ltr'><em>τούτων</em></span> <span class='ocrx_word' id='word_1_281' title='bbox 1018 2574 1261 2641; x_wconf 82' lang='grc' dir='ltr'><em>νικήσει</em></span> <span class='ocrx_word' id='word_1_282' title='bbox 1318 2574 1766 2645; x_wconf 79' lang='grc' dir='ltr'><strong><em>κακοδαιμονία.</em></strong></span> <span class='ocrx_word' id='word_1_283' title='bbox 1828 2576 2007 2630; x_wconf 67' lang='lat' dir='ltr'><strong><em>Tabu-</em></strong></span> 
     </span>
    </p>
   </div>
   <div class='ocr_carea' id='block_1_43' title="bbox 423 2666 2008 2737">
    <p class='ocr_par' dir='ltr' id='par_1_43' title="bbox 423 2666 2008 2737">
     <span class='ocr_line' id='line_1_43' title="bbox 423 2666 2008 2737; baseline 0.001 -17"><span class='ocrx_word' id='word_1_284' title='bbox 423 2668 637 2720; x_wconf 84' lang='grc' dir='ltr'><em>αντίον</em></span> <span class='ocrx_word' id='word_1_285' title='bbox 685 2666 793 2737; x_wconf 76' lang='grc' dir='ltr'><strong><em>γὰρ</em></strong></span> <span class='ocrx_word' id='word_1_286' title='bbox 827 2666 924 2721; x_wconf 72' lang='grc' dir='ltr'><em>καὶ</em></span> <span class='ocrx_word' id='word_1_287' title='bbox 959 2666 1263 2736; x_wconf 73' lang='grc' dir='ltr'><strong><em>ἡγούμεθα</em></strong></span> <span class='ocrx_word' id='word_1_288' title='bbox 1290 2666 1358 2721; x_wconf 87' lang='grc' dir='ltr'><strong><em>τὸ</em></strong></span> <span class='ocrx_word' id='word_1_289' title='bbox 1387 2666 1585 2736; x_wconf 85' lang='grc' dir='ltr'><em>παρὸν</em></span> <span class='ocrx_word' id='word_1_290' title='bbox 1615 2666 2008 2737; x_wconf 82' lang='grc' dir='ltr'><em>δικαστήριον</em></span> 
     </span>
    </p>
   </div>
   <div class='ocr_carea' id='block_1_44' title="bbox 417 2755 2008 2827">
    <p class='ocr_par' dir='ltr' id='par_1_44' title="bbox 417 2755 2008 2827">
     <span class='ocr_line' id='line_1_44' title="bbox 417 2755 2008 2827; baseline -0.003 -14"><span class='ocrx_word' id='word_1_291' title='bbox 417 2759 574 2827; x_wconf 83' lang='grc' dir='ltr'><em>ὑπὲρ</em></span> <span class='ocrx_word' id='word_1_292' title='bbox 608 2757 720 2827; x_wconf 82' lang='grc' dir='ltr'><em>τῆς</em></span> <span class='ocrx_word' id='word_1_293' title='bbox 773 2757 987 2825; x_wconf 82' lang='grc' dir='ltr'><em>κοινῆς</em></span> <span class='ocrx_word' id='word_1_294' title='bbox 1021 2756 1131 2811; x_wconf 86' lang='grc' dir='ltr'><em>τοῦ</em></span> <span class='ocrx_word' id='word_1_295' title='bbox 1170 2755 1386 2826; x_wconf 74' lang='grc' dir='ltr'><em>γένους</em></span> <span class='ocrx_word' id='word_1_296' title='bbox 1408 2757 1683 2819; x_wconf 86' lang='grc' dir='ltr'><em>εὐκλείας</em></span> <span class='ocrx_word' id='word_1_297' title='bbox 1709 2772 2008 2827; x_wconf 85' lang='grc' dir='ltr'><em>συνεστη-</em></span> 
     </span>
    </p>
   </div>
   <div class='ocr_carea' id='block_1_45' title="bbox 417 2846 2005 2918">
    <p class='ocr_par' dir='ltr' id='par_1_45' title="bbox 417 2846 2005 2918">
     <span class='ocr_line' id='line_1_45' title="bbox 417 2846 2005 2918; baseline -0.003 -14"><span class='ocrx_word' id='word_1_298' title='bbox 417 2848 615 2914; x_wconf 81' lang='grc' dir='ltr'><em>κέναι,</em></span> <span class='ocrx_word' id='word_1_299' title='bbox 653 2849 814 2915; x_wconf 84' lang='grc' dir='ltr'><em>ὅπως</em></span> <span class='ocrx_word' id='word_1_300' title='bbox 857 2846 934 2903; x_wconf 87' lang='grc' dir='ltr'><strong><em>ἂν</em></strong></span> <span class='ocrx_word' id='word_1_301' title='bbox 976 2848 1239 2914; x_wconf 85' lang='grc' dir='ltr'><em>ἅπαντες</em></span> <span class='ocrx_word' id='word_1_302' title='bbox 1283 2846 1582 2917; x_wconf 78' lang='grc' dir='ltr'><em>ἄνθρωποι</em></span> <span class='ocrx_word' id='word_1_303' title='bbox 1647 2847 1869 2918; x_wconf 70' lang='grc' dir='ltr'><em>γνοῖεν,</em></span> <span class='ocrx_word' id='word_1_304' title='bbox 1924 2847 2005 2913; x_wconf 86' lang='grc' dir='ltr'><em>ὡς</em></span> 
     </span>
    </p>
   </div>
   <div class='ocr_carea' id='block_1_46' title="bbox 414 2935 2005 3008">
    <p class='ocr_par' dir='ltr' id='par_1_46' title="bbox 414 2935 2005 3008">
     <span class='ocr_line' id='line_1_46' title="bbox 414 2935 2005 3008; baseline -0.002 -14"><span class='ocrx_word' id='word_1_305' title='bbox 414 2938 696 3006; x_wconf 83' lang='grc' dir='ltr'><em>οὐδαμῶς</em></span> <span class='ocrx_word' id='word_1_306' title='bbox 735 2936 813 3007; x_wconf 80' lang='grc' dir='ltr'><em>ἦν</em></span> <span class='ocrx_word' id='word_1_307' title='bbox 835 2938 977 3008; x_wconf 88' lang='grc' dir='ltr'><em>ὑμῖν</em></span> <span class='ocrx_word' id='word_1_308' title='bbox 1025 2938 1070 2970; x_wconf 80' lang='grc'>⁸⁸</span> <span class='ocrx_word' id='word_1_309' title='bbox 1103 2935 1509 3008; x_wconf 72' lang='grc' dir='ltr'><strong><em>βουλομένοις</em></strong></span> <span class='ocrx_word' id='word_1_310' title='bbox 1566 2937 1812 2992; x_wconf 85' lang='grc' dir='ltr'><em>τοιαῦτα</em></span> <span class='ocrx_word' id='word_1_311' title='bbox 1861 2937 2005 3004; x_wconf 85' lang='grc' dir='ltr'><em>τοὺς</em></span> 
     </span>
    </p>
   </div>
   <div class='ocr_carea' id='block_1_47' title="bbox 412 3029 2005 3100">
    <p class='ocr_par' dir='ltr' id='par_1_47' title="bbox 412 3029 2005 3100">
     <span class='ocr_line' id='line_1_47' title="bbox 412 3029 2005 3100; baseline -0.003 -13"><span class='ocrx_word' id='word_1_312' title='bbox 412 3033 699 3100; x_wconf 80' lang='grc' dir='ltr'><em>Κόλχους</em></span> <span class='ocrx_word' id='word_1_313' title='bbox 752 3031 918 3087; x_wconf 84' lang='grc' dir='ltr'><em>δεινὰ</em></span> <span class='ocrx_word' id='word_1_314' title='bbox 949 3031 1050 3086; x_wconf 78' lang='grc' dir='ltr'><em>καὶ</em></span> <span class='ocrx_word' id='word_1_315' title='bbox 1094 3031 1267 3095; x_wconf 80' lang='grc' dir='ltr'><em>,ϐίαια</em></span> <span class='ocrx_word' id='word_1_316' title='bbox 1318 3030 1699 3085; x_wconf 79' lang='grc' dir='ltr'><em>πεπονθέναι.</em></span> <span class='ocrx_word' id='word_1_317' title='bbox 1740 3031 1871 3085; x_wconf 81' lang='grc' dir='ltr'><em>Νῦν</em></span> <span class='ocrx_word' id='word_1_318' title='bbox 1887 3029 2005 3100; x_wconf 87' lang='grc' dir='ltr'><strong><em>μὲν</em></strong></span> 
     </span>
    </p>
   </div>
   <div class='ocr_carea' id='block_1_48' title="bbox 412 3120 2002 3196">
    <p class='ocr_par' dir='ltr' id='par_1_48' title="bbox 412 3120 2002 3196">
     <span class='ocr_line' id='line_1_48' title="bbox 412 3120 2002 3196; baseline -0.002 -17"><span class='ocrx_word' id='word_1_319' title='bbox 412 3124 531 3196; x_wconf 71' lang='grc' dir='ltr'><strong><em>γὰρ</em></strong></span> <span class='ocrx_word' id='word_1_320' title='bbox 568 3124 716 3192; x_wconf 78' lang='grc' dir='ltr'><em>ἴσως</em></span> <span class='ocrx_word' id='word_1_321' title='bbox 744 3126 839 3196; x_wconf 78' lang='grc' dir='ltr'><strong><em>ἐφ’</em></strong></span> <span class='ocrx_word' id='word_1_322' title='bbox 877 3123 1128 3193; x_wconf 76' lang='grc' dir='ltr'><em>ἑκάτερα</em></span> <span class='ocrx_word' id='word_1_323' title='bbox 1167 3122 1287 3178; x_wconf 86' lang='grc' dir='ltr'><em>τῶν</em></span> <span class='ocrx_word' id='word_1_324' title='bbox 1331 3123 1580 3178; x_wconf 81' lang='grc' dir='ltr'><em>πολλῶν</em></span> <span class='ocrx_word' id='word_1_325' title='bbox 1628 3120 1918 3192; x_wconf 83' lang='grc' dir='ltr'><em>φοιτῶσιν</em></span> <span class='ocrx_word' id='word_1_326' title='bbox 1942 3124 2002 3176; x_wconf 81' lang='lat' dir='ltr'><strong><em>ul</em></strong></span> 
     </span>
    </p>
   </div>
   <div class='ocr_carea' id='block_1_49' title="bbox 2109 2040 3696 2124">
    <p class='ocr_par' dir='ltr' id='par_1_49' title="bbox 2109 2040 3696 2124">
     <span class='ocr_line' id='line_1_49' title="bbox 2109 2040 3696 2124; baseline 0.009 -33"><span class='ocrx_word' id='word_1_327' title='bbox 2109 2041 2407 2093; x_wconf 79' lang='lat' dir='ltr'><strong><em>universam</em></strong></span> <span class='ocrx_word' id='word_1_328' title='bbox 2459 2040 2815 2097; x_wconf 83' lang='lat' dir='ltr'><strong><em>Romanorum</em></strong></span> <span class='ocrx_word' id='word_1_329' title='bbox 2866 2047 3328 2124; x_wconf 79' lang='lat' dir='ltr'><strong><em>gentem_involvit,</em></strong></span> <span class='ocrx_word' id='word_1_330' title='bbox 3364 2065 3523 2119; x_wconf 81' lang='lat' dir='ltr'><strong><em>neque</em></strong></span> <span class='ocrx_word' id='word_1_331' title='bbox 3556 2062 3696 2105; x_wconf 81' lang='lat' dir='ltr'><strong><em>rete-</em></strong></span> 
     </span>
    </p>
   </div>
   <div class='ocr_carea' id='block_1_50' title="bbox 2108 2133 3695 2221">
    <p class='ocr_par' dir='ltr' id='par_1_50' title="bbox 2108 2133 3695 2221">
     <span class='ocr_line' id='line_1_50' title="bbox 2108 2133 3695 2221; baseline 0.009 -38"><span class='ocrx_word' id='word_1_332' title='bbox 2108 2148 2214 2184; x_wconf 88' lang='lat' dir='ltr'><strong><em>rem</em></strong></span> <span class='ocrx_word' id='word_1_333' title='bbox 2257 2133 2408 2186; x_wconf 89' lang='lat' dir='ltr'><strong><em>illam</em></strong></span> <span class='ocrx_word' id='word_1_334' title='bbox 2472 2135 2537 2188; x_wconf 91' lang='lat' dir='ltr'><strong><em>de</em></strong></span> <span class='ocrx_word' id='word_1_335' title='bbox 2594 2136 2735 2191; x_wconf 69' lang='lat' dir='ltr'><strong><em>vobis</em></strong></span> <span class='ocrx_word' id='word_1_336' title='bbox 2780 2139 3096 2205; x_wconf 82' lang='lat' dir='ltr'><strong><em>Opinionem,</em></strong></span> <span class='ocrx_word' id='word_1_337' title='bbox 3144 2142 3280 2211; x_wconf 91' lang='lat' dir='ltr'><strong><em>quod</em></strong></span> <span class='ocrx_word' id='word_1_338' title='bbox 3312 2143 3561 2221; x_wconf 76' lang='lat' dir='ltr'><strong><em>nimirum</em></strong></span> <span class='ocrx_word' id='word_1_339' title='bbox 3596 2144 3695 2213; x_wconf 83' lang='lat' dir='ltr'><strong><em>ﬁdi</em></strong></span> 
     </span>
    </p>
   </div>
   <div class='ocr_carea' id='block_1_51' title="bbox 2106 2228 3692 2303">
    <p class='ocr_par' dir='ltr' id='par_1_51' title="bbox 2106 2228 3692 2303">
     <span class='ocr_line' id='line_1_51' title="bbox 2106 2228 3692 2303; baseline 0.008 -26"><span class='ocrx_word' id='word_1_340' title='bbox 2106 2234 2509 2296; x_wconf 87' lang='lat' dir='ltr'><strong><em>constantesque</em></strong></span> <span class='ocrx_word' id='word_1_341' title='bbox 2559 2228 2679 2283; x_wconf 88' lang='lat' dir='ltr'><strong><em>sitis</em></strong></span> <span class='ocrx_word' id='word_1_342' title='bbox 2733 2231 3153 2302; x_wconf 80' lang='lat' dir='ltr'><strong><em>tequissimisque</em></strong></span> <span class='ocrx_word' id='word_1_343' title='bbox 3203 2232 3400 2303; x_wconf 80' lang='lat' dir='ltr'><strong><em>legibus</em></strong></span> <span class='ocrx_word' id='word_1_344' title='bbox 3470 2245 3692 2299; x_wconf 68' lang='lat' dir='ltr'><strong><em>utentes,</em></strong></span> 
     </span>
    </p>
   </div>
   <div class='ocr_carea' id='block_1_52' title="bbox 2106 2317 3695 2396">
    <p class='ocr_par' dir='ltr' id='par_1_52' title="bbox 2106 2317 3695 2396">
     <span class='ocr_line' id='line_1_52' title="bbox 2106 2317 3695 2396; baseline 0.008 -27"><span class='ocrx_word' id='word_1_345' title='bbox 2106 2317 2295 2373; x_wconf 89' lang='lat' dir='ltr'><strong><em>horum</em></strong></span> <span class='ocrx_word' id='word_1_346' title='bbox 2324 2321 2534 2390; x_wconf 88' lang='lat' dir='ltr'><strong><em>nefaria</em></strong></span> <span class='ocrx_word' id='word_1_347' title='bbox 2561 2321 2870 2393; x_wconf 86' lang='lat' dir='ltr'><strong><em>malignitas</em></strong></span> <span class='ocrx_word' id='word_1_348' title='bbox 2904 2325 3191 2395; x_wconf 87' lang='lat' dir='ltr'><strong><em>infringet:</em></strong></span> <span class='ocrx_word' id='word_1_349' title='bbox 3219 2327 3344 2394; x_wconf 78' lang='lat' dir='ltr'><strong><em>quin</em></strong></span> <span class='ocrx_word' id='word_1_350' title='bbox 3396 2329 3572 2396; x_wconf 89' lang='lat' dir='ltr'><strong><em>potius</em></strong></span> <span class='ocrx_word' id='word_1_351' title='bbox 3617 2330 3695 2382; x_wconf 88' lang='lat' dir='ltr'><strong><em>ita</em></strong></span> 
     </span>
    </p>
   </div>
   <div class='ocr_carea' id='block_1_53' title="bbox 2107 2410 3697 2489">
    <p class='ocr_par' dir='ltr' id='par_1_53' title="bbox 2107 2410 3697 2489">
     <span class='ocr_line' id='line_1_53' title="bbox 2107 2410 3697 2489; baseline 0.007 -26"><span class='ocrx_word' id='word_1_352' title='bbox 2107 2410 2255 2465; x_wconf 90' lang='lat' dir='ltr'><strong><em>nobis</em></strong></span> <span class='ocrx_word' id='word_1_353' title='bbox 2284 2414 2682 2482; x_wconf 86' lang='lat' dir='ltr'><strong><em>persuademus,</em></strong></span> <span class='ocrx_word' id='word_1_354' title='bbox 2706 2426 2934 2469; x_wconf 80' lang='lat' dir='ltr'><strong><em>vestrum</em></strong></span> <span class='ocrx_word' id='word_1_355' title='bbox 2963 2416 3060 2470; x_wconf 91' lang='lat' dir='ltr'><strong><em>hoc</em></strong></span> <span class='ocrx_word' id='word_1_356' title='bbox 3131 2418 3368 2472; x_wconf 88' lang='lat' dir='ltr'><strong><em>tribunal</em></strong></span> <span class='ocrx_word' id='word_1_357' title='bbox 3396 2436 3490 2489; x_wconf 92' lang='lat' dir='ltr'><strong><em>pro</em></strong></span> <span class='ocrx_word' id='word_1_358' title='bbox 3554 2437 3697 2474; x_wconf 89' lang='lat' dir='ltr'><strong><em>com-</em></strong></span> 
     </span>
    </p>
   </div>
   <div class='ocr_carea' id='block_1_54' title="bbox 2106 2506 3694 2577">
    <p class='ocr_par' dir='ltr' id='par_1_54' title="bbox 2106 2506 3694 2577">
     <span class='ocr_line' id='line_1_54' title="bbox 2106 2506 3694 2577; baseline 0.008 -21"><span class='ocrx_word' id='word_1_359' title='bbox 2106 2506 2257 2559; x_wconf 86' lang='lat' dir='ltr'><strong><em>muni</em></strong></span> <span class='ocrx_word' id='word_1_360' title='bbox 2297 2506 2465 2576; x_wconf 86' lang='lat' dir='ltr'><strong><em>gentis</em></strong></span> <span class='ocrx_word' id='word_1_361' title='bbox 2495 2507 2669 2577; x_wconf 85' lang='lat' dir='ltr'><strong><em>gloria</em></strong></span> <span class='ocrx_word' id='word_1_362' title='bbox 2693 2509 3080 2573; x_wconf 89' lang='lat' dir='ltr'><strong><em>constitutum;</em></strong></span> <span class='ocrx_word' id='word_1_363' title='bbox 3111 2521 3168 2564; x_wconf 89' lang='lat' dir='ltr'><strong><em>ut</em></strong></span> <span class='ocrx_word' id='word_1_364' title='bbox 3201 2512 3432 2565; x_wconf 83' lang='lat' dir='ltr'><strong><em>universi</em></strong></span> <span class='ocrx_word' id='word_1_365' title='bbox 3458 2511 3694 2567; x_wconf 85' lang='lat' dir='ltr'><strong><em>homines</em></strong></span> 
     </span>
    </p>
   </div>
   <div class='ocr_carea' id='block_1_55' title="bbox 2105 2594 3693 2671">
    <p class='ocr_par' dir='ltr' id='par_1_55' title="bbox 2105 2594 3693 2671">
     <span class='ocr_line' id='line_1_55' title="bbox 2105 2594 3693 2671; baseline 0.005 -23"><span class='ocrx_word' id='word_1_366' title='bbox 2105 2594 2427 2665; x_wconf 89' lang='lat' dir='ltr'><strong><em>intelligant,</em></strong></span> <span class='ocrx_word' id='word_1_367' title='bbox 2499 2597 2643 2652; x_wconf 79' lang='lat' dir='ltr'><strong><em>vobis</em></strong></span> <span class='ocrx_word' id='word_1_368' title='bbox 2696 2601 3001 2670; x_wconf 89' lang='lat' dir='ltr'><strong><em>neutiquam</em></strong></span> <span class='ocrx_word' id='word_1_369' title='bbox 3043 2601 3331 2667; x_wconf 84' lang='lat' dir='ltr'><strong><em>uolentibus</em></strong></span> <span class='ocrx_word' id='word_1_370' title='bbox 3379 2603 3693 2671; x_wconf 87' lang='lat' dir='ltr'><strong><em>factum,ut</em></strong></span> 
     </span>
    </p>
   </div>
   <div class='ocr_carea' id='block_1_56' title="bbox 2106 2680 3693 2764">
    <p class='ocr_par' dir='ltr' id='par_1_56' title="bbox 2106 2680 3693 2764">
     <span class='ocr_line' id='line_1_56' title="bbox 2106 2680 3693 2764; baseline 0.005 -21"><span class='ocrx_word' id='word_1_371' title='bbox 2106 2685 2315 2743; x_wconf 83' lang='lat' dir='ltr'><strong><em>Colchis</em></strong></span> <span class='ocrx_word' id='word_1_372' title='bbox 2367 2690 2497 2744; x_wconf 88' lang='lat' dir='ltr'><strong><em>adeo</em></strong></span> <span class='ocrx_word' id='word_1_373' title='bbox 2557 2699 2714 2745; x_wconf 71' lang='lat' dir='ltr'><strong><em>atrox</em></strong></span> <span class='ocrx_word' id='word_1_374' title='bbox 2746 2680 2946 2760; x_wconf 80' lang='lat' dir='ltr'><strong><em>injuria</em></strong></span> <span class='ocrx_word' id='word_1_375' title='bbox 2992 2709 3055 2746; x_wconf 91' lang='lat' dir='ltr'><strong><em>ac</em></strong></span> <span class='ocrx_word' id='word_1_376' title='bbox 3086 2694 3162 2747; x_wconf 81' lang='lat' dir='ltr'><strong><em>vis</em></strong></span> <span class='ocrx_word' id='word_1_377' title='bbox 3192 2694 3495 2764; x_wconf 84' lang='lat' dir='ltr'><strong><em>inferretur.</em></strong></span> <span class='ocrx_word' id='word_1_378' title='bbox 3534 2695 3693 2751; x_wconf 88' lang='lat' dir='ltr'><strong><em>Nunc</em></strong></span> 
     </span>
    </p>
   </div>
   <div class='ocr_carea' id='block_1_57' title="bbox 2104 2780 3691 2853">
    <p class='ocr_par' dir='ltr' id='par_1_57' title="bbox 2104 2780 3691 2853">
     <span class='ocr_line' id='line_1_57' title="bbox 2104 2780 3691 2853; baseline 0.006 -23"><span class='ocrx_word' id='word_1_379' title='bbox 2104 2780 2243 2832; x_wconf 85' lang='lat' dir='ltr'><strong><em>enim</em></strong></span> <span class='ocrx_word' id='word_1_380' title='bbox 2294 2780 2523 2849; x_wconf 86' lang='lat' dir='ltr'><strong><em>fortasse</em></strong></span> <span class='ocrx_word' id='word_1_381' title='bbox 2577 2783 2634 2836; x_wconf 90' lang='lat' dir='ltr'><strong><em>in</em></strong></span> <span class='ocrx_word' id='word_1_382' title='bbox 2687 2793 2964 2853; x_wconf 86' lang='lat' dir='ltr'><strong><em>utramque</em></strong></span> <span class='ocrx_word' id='word_1_383' title='bbox 2994 2793 3200 2852; x_wconf 88' lang='lat' dir='ltr'><strong><em>partem</em></strong></span> <span class='ocrx_word' id='word_1_384' title='bbox 3247 2787 3519 2841; x_wconf 65' lang='lat' dir='ltr'><strong><em>sententia:</em></strong></span> <span class='ocrx_word' id='word_1_385' title='bbox 3552 2786 3691 2840; x_wconf 67' lang='lat' dir='ltr'><strong><em>mui~</em></strong></span> 
     </span>
    </p>
   </div>
   <div class='ocr_carea' id='block_1_58' title="bbox 2106 2871 3690 2942">
    <p class='ocr_par' dir='ltr' id='par_1_58' title="bbox 2106 2871 3690 2942">
     <span class='ocr_line' id='line_1_58' title="bbox 2106 2871 3690 2942; baseline 0.008 -25"><span class='ocrx_word' id='word_1_386' title='bbox 2106 2874 2281 2918; x_wconf 89' lang='lat' dir='ltr'><strong><em>torum</em></strong></span> <span class='ocrx_word' id='word_1_387' title='bbox 2335 2878 2550 2937; x_wconf 79' lang='lat' dir='ltr'><strong><em>vergunt</em></strong></span> <span class='ocrx_word' id='word_1_388' title='bbox 2578 2871 2948 2940; x_wconf 84' lang='lat' dir='ltr'><strong><em>opinionesque</em></strong></span> <span class='ocrx_word' id='word_1_389' title='bbox 2980 2871 3245 2940; x_wconf 83' lang='lat' dir='ltr'><strong><em>ﬂuctuant</em></strong></span> <span class='ocrx_word' id='word_1_390' title='bbox 3277 2889 3295 2926; x_wconf 92' lang='lat'><strong><em>:</em></strong></span> <span class='ocrx_word' id='word_1_391' title='bbox 3324 2889 3390 2927; x_wconf 74' lang='lat' dir='ltr'><strong><em>ex</em></strong></span> <span class='ocrx_word' id='word_1_392' title='bbox 3425 2883 3513 2928; x_wconf 91' lang='lat' dir='ltr'><strong><em>tuo</em></strong></span> <span class='ocrx_word' id='word_1_393' title='bbox 3551 2892 3690 2942; x_wconf 72' lang='lat' dir='ltr'><strong><em>tero,</em></strong></span> 
     </span>
    </p>
   </div>
   <div class='ocr_carea' id='block_1_59' title="bbox 2104 2957 3692 3036">
    <p class='ocr_par' dir='ltr' id='par_1_59' title="bbox 2104 2957 3692 3036">
     <span class='ocr_line' id='line_1_59' title="bbox 2104 2957 3692 3036; baseline 0.008 -27"><span class='ocrx_word' id='word_1_394' title='bbox 2104 2973 2133 3009; x_wconf 83' lang='grc' dir='ltr'><strong><em>ο</em></strong></span> <span class='ocrx_word' id='word_1_395' title='bbox 2154 2957 2343 3025; x_wconf 72' lang='lat' dir='ltr'><strong><em>judex,</em></strong></span> <span class='ocrx_word' id='word_1_396' title='bbox 2381 2959 2615 3027; x_wconf 88' lang='lat' dir='ltr'><strong><em>judicio,</em></strong></span> <span class='ocrx_word' id='word_1_397' title='bbox 2649 2961 2787 3015; x_wconf 85' lang='lat' dir='ltr'><strong><em>hisce</em></strong></span> <span class='ocrx_word' id='word_1_398' title='bbox 2804 2962 3038 3032; x_wconf 84' lang='lat' dir='ltr'><strong><em>jamjam</em></strong></span> <span class='ocrx_word' id='word_1_399' title='bbox 3071 2966 3291 3031; x_wconf 84' lang='lat' dir='ltr'><strong><em>necatis,</em></strong></span> <span class='ocrx_word' id='word_1_400' title='bbox 3330 2967 3496 3036; x_wconf 89' lang='lat' dir='ltr'><strong><em>magis</em></strong></span> <span class='ocrx_word' id='word_1_401' title='bbox 3530 2968 3692 3021; x_wconf 87' lang='lat' dir='ltr'><strong><em>etiam</em></strong></span> 
     </span>
    </p>
   </div>
   <div class='ocr_carea' id='block_1_60' title="bbox 2103 3053 3694 3124">
    <p class='ocr_par' dir='ltr' id='par_1_60' title="bbox 2103 3053 3694 3124">
     <span class='ocr_line' id='line_1_60' title="bbox 2103 3053 3694 3124; baseline 0.006 -22"><span class='ocrx_word' id='word_1_402' title='bbox 2103 3066 2242 3104; x_wconf 90' lang='lat' dir='ltr'><strong><em>nunc</em></strong></span> <span class='ocrx_word' id='word_1_403' title='bbox 2292 3053 2625 3121; x_wconf 88' lang='lat' dir='ltr'><strong><em>perspicuum</em></strong></span> <span class='ocrx_word' id='word_1_404' title='bbox 2678 3053 2789 3123; x_wconf 81' lang='lat' dir='ltr'><strong><em>fiet,</em></strong></span> <span class='ocrx_word' id='word_1_405' title='bbox 2846 3055 2986 3124; x_wconf 92' lang='lat' dir='ltr'><strong><em>quod</em></strong></span> <span class='ocrx_word' id='word_1_406' title='bbox 3033 3070 3135 3108; x_wconf 91' lang='lat' dir='ltr'><strong><em>non</em></strong></span> <span class='ocrx_word' id='word_1_407' title='bbox 3170 3056 3462 3109; x_wconf 89' lang='lat' dir='ltr'><strong><em>amicorum</em></strong></span> <span class='ocrx_word' id='word_1_408' title='bbox 3496 3066 3694 3111; x_wconf 77' lang='lat' dir='ltr'><strong><em>vestro-</em></strong></span> 
     </span>
    </p>
   </div>
   <div class='ocr_carea' id='block_1_61' title="bbox 2104 3143 3692 3218">
    <p class='ocr_par' dir='ltr' id='par_1_61' title="bbox 2104 3143 3692 3218">
     <span class='ocr_line' id='line_1_61' title="bbox 2104 3143 3692 3218; baseline 0.007 -25"><span class='ocrx_word' id='word_1_409' title='bbox 2104 3157 2223 3193; x_wconf 90' lang='lat' dir='ltr'><strong><em>rum</em></strong></span> <span class='ocrx_word' id='word_1_410' title='bbox 2278 3143 2574 3210; x_wconf 87' lang='lat' dir='ltr'><strong><em>proditores</em></strong></span> <span class='ocrx_word' id='word_1_411' title='bbox 2628 3145 2718 3199; x_wconf 90' lang='lat' dir='ltr'><strong><em>sed</em></strong></span> <span class='ocrx_word' id='word_1_412' title='bbox 2744 3145 3161 3216; x_wconf 79' lang='lat' dir='ltr'><strong><em>delinquentium</em></strong></span> <span class='ocrx_word' id='word_1_413' title='bbox 3200 3149 3546 3218; x_wconf 87' lang='lat' dir='ltr'><strong><em>castigatores</em></strong></span> <span class='ocrx_word' id='word_1_414' title='bbox 3576 3166 3692 3204; x_wconf 83' lang='lat' dir='ltr'><strong><em>esse</em></strong></span> 
     </span>
    </p>
   </div>
   <div class='ocr_carea' id='block_1_62' title="bbox 412 3215 2006 3307">
    <p class='ocr_par' dir='ltr' id='par_1_62' title="bbox 412 3215 2002 3307">
     <span class='ocr_line' id='line_1_62' title="bbox 412 3215 2002 3307; baseline -0.002 -35"><span class='ocrx_word' id='word_1_415' title='bbox 412 3218 671 3290; x_wconf 70' lang='grc' dir='ltr'><em>γνῶμαι,</em></span> <span class='ocrx_word' id='word_1_416' title='bbox 705 3219 804 3273; x_wconf 76' lang='grc' dir='ltr'><em>καὶ</em></span> <span class='ocrx_word' id='word_1_417' title='bbox 838 3219 909 3273; x_wconf 87' lang='grc' dir='ltr'><em>τὰ</em></span> <span class='ocrx_word' id='word_1_418' title='bbox 935 3216 1045 3286; x_wconf 86' lang='grc' dir='ltr'><strong><em>τῆς</em></strong></span> <span class='ocrx_word' id='word_1_419' title='bbox 1079 3216 1392 3283; x_wconf 80' lang='grc' dir='ltr'><em>δοκήσεως</em></span> <span class='ocrx_word' id='word_1_420' title='bbox 1427 3216 1522 3307; x_wconf 51' lang='lat' dir='ltr'><strong><em>{cf</em></strong></span> <span class='ocrx_word' id='word_1_421' title='bbox 1567 3215 1786 3307; x_wconf 51' lang='lat' dir='ltr'><strong><em>deum</em></strong></span> <span class='ocrx_word' id='word_1_422' title='bbox 1832 3216 2002 3307; x_wconf 81' lang='grc' dir='ltr'><em>φέρε-</em></span> 
     </span>
    </p>
   </div>
   <div class='ocr_carea' id='block_1_63' title="bbox 2106 3215 3691 3307">
    <p class='ocr_par' dir='ltr' id='par_1_63' title="bbox 2106 3236 3691 3297">
     <span class='ocr_line' id='line_1_63' title="bbox 2106 3236 3691 3297; baseline 0.006 -10"><span class='ocrx_word' id='word_1_423' title='bbox 2106 3237 2493 3290; x_wconf 76' lang='lat' dir='ltr'><strong><em>consneveritis.</em></strong></span> <span class='ocrx_word' id='word_1_424' title='bbox 2572 3236 2802 3293; x_wconf 83' lang='lat' dir='ltr'><strong><em>Tametsi</em></strong></span> <span class='ocrx_word' id='word_1_425' title='bbox 2861 3241 3001 3293; x_wconf 89' lang='lat' dir='ltr'><strong><em>enim</em></strong></span> <span class='ocrx_word' id='word_1_426' title='bbox 3056 3240 3223 3295; x_wconf 84' lang='lat' dir='ltr'><strong><em>verbis</em></strong></span> <span class='ocrx_word' id='word_1_427' title='bbox 3276 3258 3492 3296; x_wconf 89' lang='lat' dir='ltr'><strong><em>causam</em></strong></span> <span class='ocrx_word' id='word_1_428' title='bbox 3537 3260 3691 3297; x_wconf 86' lang='lat' dir='ltr'><strong><em>suam</em></strong></span> 
     </span>
    </p>
   </div>
   <div class='ocr_carea' id='block_1_64' title="bbox 410 3302 2001 3379">
    <p class='ocr_par' dir='ltr' id='par_1_64' title="bbox 410 3302 2001 3379">
     <span class='ocr_line' id='line_1_64' title="bbox 410 3302 2001 3379; baseline -0.005 -14"><span class='ocrx_word' id='word_1_429' title='bbox 410 3327 516 3365; x_wconf 82' lang='grc' dir='ltr'><strong><em>ται</em></strong></span> <span class='ocrx_word' id='word_1_430' title='bbox 552 3310 772 3379; x_wconf 85' lang='grc' dir='ltr'><em>τρόπῳ.</em></span> <span class='ocrx_word' id='word_1_431' title='bbox 814 3308 917 3363; x_wconf 85' lang='grc' dir='ltr'><em>Ἐκ</em></span> <span class='ocrx_word' id='word_1_432' title='bbox 937 3308 1006 3362; x_wconf 85' lang='grc' dir='ltr'><em>δὲ</em></span> <span class='ocrx_word' id='word_1_433' title='bbox 1053 3306 1165 3376; x_wconf 82' lang='grc' dir='ltr'><strong><em>τῆς</em></strong></span> <span class='ocrx_word' id='word_1_434' title='bbox 1232 3306 1376 3377; x_wconf 81' lang='grc' dir='ltr'><em>σῆς,</em></span> <span class='ocrx_word' id='word_1_435' title='bbox 1426 3302 1473 3363; x_wconf 85' lang='grc' dir='ltr'>ὦ</span> <span class='ocrx_word' id='word_1_436' title='bbox 1545 3305 1822 3372; x_wconf 89' lang='grc' dir='ltr'><em>δικαστὰ,</em></span> <span class='ocrx_word' id='word_1_437' title='bbox 1877 3305 2001 3375; x_wconf 80' lang='grc' dir='ltr'><em>κρί-</em></span> 
     </span>
    </p>
   </div>
   <div class='ocr_carea' id='block_1_65' title="bbox 411 3397 1997 3469">
    <p class='ocr_par' dir='ltr' id='par_1_65' title="bbox 411 3397 1997 3469">
     <span class='ocr_line' id='line_1_65' title="bbox 411 3397 1997 3469; baseline -0.005 -13"><span class='ocrx_word' id='word_1_438' title='bbox 411 3416 576 3469; x_wconf 89' lang='grc' dir='ltr'><em>σεως</em></span> <span class='ocrx_word' id='word_1_439' title='bbox 610 3402 838 3456; x_wconf 88' lang='grc' dir='ltr'><em>τούτων</em></span> <span class='ocrx_word' id='word_1_440' title='bbox 874 3400 1023 3454; x_wconf 86' lang='grc' dir='ltr'><em>ὅσον</em></span> <span class='ocrx_word' id='word_1_441' title='bbox 1054 3400 1219 3455; x_wconf 82' lang='grc' dir='ltr'><strong><em>οὔπω</em></strong></span> <span class='ocrx_word' id='word_1_442' title='bbox 1242 3397 1764 3469; x_wconf 70' lang='grc' dir='ltr'><em>διαφθειρομένων,</em></span> <span class='ocrx_word' id='word_1_443' title='bbox 1826 3397 1997 3467; x_wconf 62' lang='lat' dir='ltr'><strong><em>reri}-</em></strong></span> 
     </span>
    </p>
   </div>
   <div class='ocr_carea' id='block_1_66' title="bbox 410 3488 2000 3563">
    <p class='ocr_par' dir='ltr' id='par_1_66' title="bbox 410 3488 2000 3563">
     <span class='ocr_line' id='line_1_66' title="bbox 410 3488 2000 3563; baseline -0.005 -14"><span class='ocrx_word' id='word_1_444' title='bbox 410 3511 586 3549; x_wconf 87' lang='grc' dir='ltr'><em>σεται</em></span> <span class='ocrx_word' id='word_1_445' title='bbox 613 3493 712 3549; x_wconf 78' lang='grc' dir='ltr'><em>καὶ</em></span> <span class='ocrx_word' id='word_1_446' title='bbox 763 3494 879 3548; x_wconf 85' lang='grc' dir='ltr'><em>νῦν</em></span> <span class='ocrx_word' id='word_1_447' title='bbox 929 3492 1392 3563; x_wconf 78' lang='grc' dir='ltr'><em>γνωριμώτερον,</em></span> <span class='ocrx_word' id='word_1_448' title='bbox 1443 3490 1521 3558; x_wconf 85' lang='grc' dir='ltr'><em>ὡς</em></span> <span class='ocrx_word' id='word_1_449' title='bbox 1578 3492 1651 3544; x_wconf 89' lang='grc' dir='ltr'><strong><em>οὺ</em></strong></span> <span class='ocrx_word' id='word_1_450' title='bbox 1713 3488 2000 3557; x_wconf 83' lang='grc' dir='ltr'><em>προδόται</em></span> 
     </span>
    </p>
   </div>
   <div class='ocr_carea' id='block_1_67' title="bbox 408 3581 2003 3655">
    <p class='ocr_par' dir='ltr' id='par_1_67' title="bbox 408 3581 2003 3655">
     <span class='ocr_line' id='line_1_67' title="bbox 408 3581 2003 3655; baseline -0.006 -14"><span class='ocrx_word' id='word_1_451' title='bbox 408 3584 538 3641; x_wconf 78' lang='grc' dir='ltr'><strong><em>τῶν</em></strong></span> <span class='ocrx_word' id='word_1_452' title='bbox 568 3586 818 3650; x_wconf 71' lang='grc' dir='ltr'><em>οἰκείων,</em></span> <span class='ocrx_word' id='word_1_453' title='bbox 875 3587 1038 3641; x_wconf 85' lang='grc' dir='ltr'><em>ἀλλὰ</em></span> <span class='ocrx_word' id='word_1_454' title='bbox 1086 3583 1493 3655; x_wconf 80' lang='grc' dir='ltr'><em>σωφρονισταὶ</em></span> <span class='ocrx_word' id='word_1_455' title='bbox 1547 3581 1665 3636; x_wconf 89' lang='grc' dir='ltr'><strong><em>τῶν</em></strong></span> <span class='ocrx_word' id='word_1_456' title='bbox 1727 3582 2003 3637; x_wconf 80' lang='grc' dir='ltr'><em>ἀδικούν-</em></span> 
     </span>
    </p>
   </div>
   <div class='ocr_carea' id='block_1_68' title="bbox 410 3672 2001 3747">
    <p class='ocr_par' dir='ltr' id='par_1_68' title="bbox 410 3672 2001 3747">
     <span class='ocr_line' id='line_1_68' title="bbox 410 3672 2001 3747; baseline -0.002 -19"><span class='ocrx_word' id='word_1_457' title='bbox 410 3693 537 3728; x_wconf 84' lang='grc' dir='ltr'><strong><em>των</em></strong></span> <span class='ocrx_word' id='word_1_458' title='bbox 574 3673 727 3731; x_wconf 76' lang='grc' dir='ltr'><em>εἶναι</em></span> <span class='ocrx_word' id='word_1_459' title='bbox 785 3677 1110 3747; x_wconf 84' lang='grc' dir='ltr'><em>πεφύκατε.</em></span> <span class='ocrx_word' id='word_1_460' title='bbox 1162 3677 1231 3730; x_wconf 83' lang='lat' dir='ltr'><em>El</em></span> <span class='ocrx_word' id='word_1_461' title='bbox 1277 3675 1387 3745; x_wconf 80' lang='grc' dir='ltr'><strong><em>γὰρ</em></strong></span> <span class='ocrx_word' id='word_1_462' title='bbox 1443 3674 1542 3729; x_wconf 78' lang='grc' dir='ltr'><em>καὶ</em></span> <span class='ocrx_word' id='word_1_463' title='bbox 1606 3672 1731 3739; x_wconf 87' lang='grc' dir='ltr'><em>τοῖς</em></span> <span class='ocrx_word' id='word_1_464' title='bbox 1795 3672 2001 3742; x_wconf 73' lang='grc' dir='ltr'><em>λόγοις</em></span> 
     </span>
    </p>
   </div>
   <div class='ocr_carea' id='block_1_69' title="bbox 423 3763 2001 3838">
    <p class='ocr_par' dir='ltr' id='par_1_69' title="bbox 423 3763 2001 3838">
     <span class='ocr_line' id='line_1_69' title="bbox 423 3763 2001 3838; baseline -0.003 -18"><span class='ocrx_word' id='word_1_465' title='bbox 423 3766 864 3838; x_wconf 74' lang='grc' dir='ltr'><em>ἀπολογεῖσθαι</em></span> <span class='ocrx_word' id='word_1_466' title='bbox 891 3768 1205 3834; x_wconf 82' lang='grc' dir='ltr'><em>δοκοῦσιν,</em></span> <span class='ocrx_word' id='word_1_467' title='bbox 1238 3766 1376 3822; x_wconf 78' lang='grc' dir='ltr'><em>ἀλλ’</em></span> <span class='ocrx_word' id='word_1_468' title='bbox 1428 3766 1579 3835; x_wconf 74' lang='grc' dir='ltr'><strong><em>ἔργῳ</em></strong></span> <span class='ocrx_word' id='word_1_469' title='bbox 1605 3763 2001 3834; x_wconf 77' lang='grc' dir='ltr'><em>κατηγοροῦν-</em></span> 
     </span>
    </p>
   </div>
   <div class='ocr_carea' id='block_1_70' title="bbox 420 3854 1999 3929">
    <p class='ocr_par' dir='ltr' id='par_1_70' title="bbox 420 3854 1999 3929">
     <span class='ocr_line' id='line_1_70' title="bbox 420 3854 1999 3929; baseline -0.004 -16"><span class='ocrx_word' id='word_1_470' title='bbox 420 3875 527 3925; x_wconf 83' lang='grc' dir='ltr'><strong><em>τες</em></strong></span> <span class='ocrx_word' id='word_1_471' title='bbox 556 3855 732 3929; x_wconf 83' lang='grc' dir='ltr'><em>σφῶν</em></span> <span class='ocrx_word' id='word_1_472' title='bbox 753 3857 952 3912; x_wconf 86' lang='grc' dir='ltr'><em>αὐτῶν</em></span> <span class='ocrx_word' id='word_1_473' title='bbox 977 3857 1452 3923; x_wconf 83' lang='grc' dir='ltr'><em>ἀποδείκνυνται</em></span> <span class='ocrx_word' id='word_1_474' title='bbox 1493 3855 1592 3910; x_wconf 77' lang='grc' dir='ltr'><em>καὶ</em></span> <span class='ocrx_word' id='word_1_475' title='bbox 1631 3854 1701 3909; x_wconf 78' lang='grc' dir='ltr'><strong><em>τό</em></strong></span> <span class='ocrx_word' id='word_1_476' title='bbox 1732 3854 1999 3924; x_wconf 82' lang='grc' dir='ltr'><em>παράλο-</em></span> 
     </span>
    </p>
   </div>
   <div class='ocr_carea' id='block_1_71' title="bbox 416 3945 1999 4021">
    <p class='ocr_par' dir='ltr' id='par_1_71' title="bbox 416 3945 1999 4021">
     <span class='ocr_line' id='line_1_71' title="bbox 416 3945 1999 4021; baseline -0.004 -17"><span class='ocrx_word' id='word_1_477' title='bbox 416 3968 532 4018; x_wconf 80' lang='grc' dir='ltr'><strong><em>γον</em></strong></span> <span class='ocrx_word' id='word_1_478' title='bbox 573 3948 682 4019; x_wconf 83' lang='grc' dir='ltr'><em>τῆς</em></span> <span class='ocrx_word' id='word_1_479' title='bbox 706 3951 1056 4020; x_wconf 70' lang='grc' dir='ltr'><em>μιαιφονίας</em></span> <span class='ocrx_word' id='word_1_480' title='bbox 1086 3949 1542 4021; x_wconf 83' lang='grc' dir='ltr'><em>ὁμολογοῦντες.</em></span> <span class='ocrx_word' id='word_1_481' title='bbox 1600 3948 1671 4002; x_wconf 87' lang='grc' dir='ltr'><strong><em>Τὸ</em></strong></span> <span class='ocrx_word' id='word_1_482' title='bbox 1708 3945 1828 4018; x_wconf 85' lang='grc' dir='ltr'><em>μὲν</em></span> <span class='ocrx_word' id='word_1_483' title='bbox 1888 3946 1999 4015; x_wconf 77' lang='grc' dir='ltr'><strong><em>γὰρ</em></strong></span> 
     </span>
    </p>
   </div>
   <div class='ocr_carea' id='block_1_72' title="bbox 410 4042 1996 4116">
    <p class='ocr_par' dir='ltr' id='par_1_72' title="bbox 410 4042 1996 4116">
     <span class='ocr_line' id='line_1_72' title="bbox 410 4042 1996 4116; baseline -0.001 -20"><span class='ocrx_word' id='word_1_484' title='bbox 410 4042 739 4108; x_wconf 78' lang='grc' dir='ltr'><strong><em>⁴βασίλειον</em></strong></span> <span class='ocrx_word' id='word_1_485' title='bbox 776 4045 1012 4116; x_wconf 73' lang='grc' dir='ltr'><em>γράμμα</em></span> <span class='ocrx_word' id='word_1_486' title='bbox 1043 4046 1514 4114; x_wconf 78' lang='grc' dir='ltr'><em>παρακελεύεται</em></span> <span class='ocrx_word' id='word_1_487' title='bbox 1558 4044 1685 4110; x_wconf 85' lang='grc' dir='ltr'><em>τοῖς</em></span> <span class='ocrx_word' id='word_1_488' title='bbox 1736 4057 1996 4111; x_wconf 87' lang='grc' dir='ltr'><em>στρατη-</em></span> 
     </span>
    </p>
   </div>
   <div class='ocr_carea' id='block_1_73' title="bbox 422 4133 2000 4207">
    <p class='ocr_par' dir='ltr' id='par_1_73' title="bbox 422 4133 2000 4207">
     <span class='ocr_line' id='line_1_73' title="bbox 422 4133 2000 4207; baseline 0 -21"><span class='ocrx_word' id='word_1_489' title='bbox 422 4134 555 4207; x_wconf 80' lang='grc' dir='ltr'><em>τοῖς</em></span> <span class='ocrx_word' id='word_1_490' title='bbox 582 4134 865 4190; x_wconf 77' lang='grc' dir='ltr'><em>στέλλειν</em></span> <span class='ocrx_word' id='word_1_491' title='bbox 901 4135 1051 4190; x_wconf 79' lang='grc' dir='ltr'><em>κατὰ</em></span> <span class='ocrx_word' id='word_1_492' title='bbox 1093 4135 1159 4190; x_wconf 83' lang='grc' dir='ltr'><em>τὸ</em></span> <span class='ocrx_word' id='word_1_493' title='bbox 1190 4135 1306 4206; x_wconf 85' lang='grc' dir='ltr'><em>μὲν</em></span> <span class='ocrx_word' id='word_1_494' title='bbox 1352 4133 1679 4195; x_wconf 79' lang='grc' dir='ltr'><em>Βυζάντιον</em></span> <span class='ocrx_word' id='word_1_495' title='bbox 1706 4133 1815 4187; x_wconf 84' lang='grc' dir='ltr'><strong><em>τὸν</em></strong></span> <span class='ocrx_word' id='word_1_496' title='bbox 1847 4135 2000 4187; x_wconf 88' lang='grc' dir='ltr'><strong><em>Γου-</em></strong></span> 
     </span>
    </p>
   </div>
   <div class='ocr_carea' id='block_1_74' title="bbox 414 4223 2001 4298">
    <p class='ocr_par' dir='ltr' id='par_1_74' title="bbox 414 4223 2001 4298">
     <span class='ocr_line' id='line_1_74' title="bbox 414 4223 2001 4298; baseline -0.004 -14"><span class='ocrx_word' id='word_1_497' title='bbox 414 4226 621 4297; x_wconf 50' lang='lat' dir='ltr'><strong><em>Editur,</em></strong></span> <span class='ocrx_word' id='word_1_498' title='bbox 650 4227 846 4283; x_wconf 84' lang='grc' dir='ltr'><em>πειθοῖ</em></span> <span class='ocrx_word' id='word_1_499' title='bbox 863 4228 982 4298; x_wconf 78' lang='grc' dir='ltr'><strong><em>μέν</em></strong></span> <span class='ocrx_word' id='word_1_500' title='bbox 1019 4227 1086 4281; x_wconf 89' lang='grc' dir='ltr'><strong><em>τὸ</em></strong></span> <span class='ocrx_word' id='word_1_501' title='bbox 1129 4227 1386 4296; x_wconf 86' lang='grc' dir='ltr'><em>πρῶτον,</em></span> <span class='ocrx_word' id='word_1_502' title='bbox 1411 4224 1911 4294; x_wconf 83' lang='grc' dir='ltr'><em>ἀνηκουστοῦντα</em></span> <span class='ocrx_word' id='word_1_503' title='bbox 1931 4223 2001 4277; x_wconf 81' lang='grc' dir='ltr'><em>δὲ</em></span> 
     </span>
    </p>
   </div>
   <div class='ocr_carea' id='block_1_75' title="bbox 413 4313 1997 4388">
    <p class='ocr_par' dir='ltr' id='par_1_75' title="bbox 413 4313 1997 4388">
     <span class='ocr_line' id='line_1_75' title="bbox 413 4313 1997 4388; baseline -0.003 -16"><span class='ocrx_word' id='word_1_504' title='bbox 413 4318 519 4373; x_wconf 77' lang='grc' dir='ltr'><em>καὶ</em></span> <span class='ocrx_word' id='word_1_505' title='bbox 550 4318 699 4388; x_wconf 86' lang='grc' dir='ltr'><em>πρὸς</em></span> <span class='ocrx_word' id='word_1_506' title='bbox 739 4317 1029 4388; x_wconf 74' lang='grc' dir='ltr'><em>ἀνάγκης,</em></span> <span class='ocrx_word' id='word_1_507' title='bbox 1081 4315 1549 4384; x_wconf 83' lang='grc' dir='ltr'><em>ἐναντιούμενον</em></span> <span class='ocrx_word' id='word_1_508' title='bbox 1587 4313 1657 4368; x_wconf 78' lang='grc' dir='ltr'><em>δὲ</em></span> <span class='ocrx_word' id='word_1_509' title='bbox 1712 4314 1807 4368; x_wconf 78' lang='grc' dir='ltr'><strong><em>και</em></strong></span> <span class='ocrx_word' id='word_1_510' title='bbox 1856 4314 1997 4380; x_wconf 81' lang='grc' dir='ltr'><em>,βια-</em></span> 
     </span>
    </p>
   </div>
   <div class='ocr_carea' id='block_1_76' title="bbox 412 4403 1999 4480">
    <p class='ocr_par' dir='ltr' id='par_1_76' title="bbox 412 4403 1999 4480">
     <span class='ocr_line' id='line_1_76' title="bbox 412 4403 1999 4480; baseline -0.003 -17"><span class='ocrx_word' id='word_1_511' title='bbox 412 4407 702 4480; x_wconf 83' lang='grc' dir='ltr'><em>ζομένοις·</em></span> <span class='ocrx_word' id='word_1_512' title='bbox 720 4408 1063 4463; x_wconf 81' lang='grc' dir='ltr'><em>ἀποκτεῖναι</em></span> <span class='ocrx_word' id='word_1_513' title='bbox 1087 4407 1155 4461; x_wconf 86' lang='grc' dir='ltr'><em>δὲ</em></span> <span class='ocrx_word' id='word_1_514' title='bbox 1168 4405 1452 4477; x_wconf 83' lang='grc' dir='ltr'><em>μηδαμῶς</em></span> <span class='ocrx_word' id='word_1_515' title='bbox 1473 4406 1617 4475; x_wconf 76' lang='grc' dir='ltr'><em>πρὶν</em></span> <span class='ocrx_word' id='word_1_516' title='bbox 1641 4403 1720 4460; x_wconf 85' lang='grc' dir='ltr'><em>ἂν</em></span> <span class='ocrx_word' id='word_1_517' title='bbox 1744 4405 1999 4472; x_wconf 86' lang='grc' dir='ltr'><em>ἐκεῖνος,</em></span> 
     </span>
    </p>
   </div>
   <div class='ocr_carea' id='block_1_77' title="bbox 410 4498 1999 4571">
    <p class='ocr_par' dir='ltr' id='par_1_77' title="bbox 410 4498 1999 4571">
     <span class='ocr_line' id='line_1_77' title="bbox 410 4498 1999 4571; baseline -0.003 -15"><span class='ocrx_word' id='word_1_518' title='bbox 410 4502 485 4566; x_wconf 83' lang='grc' dir='ltr'><strong><em>ές</em></strong></span> <span class='ocrx_word' id='word_1_519' title='bbox 532 4501 904 4571; x_wconf 83' lang='grc' dir='ltr'><em>τελεωτάτην</em></span> <span class='ocrx_word' id='word_1_520' title='bbox 935 4498 1281 4555; x_wconf 88' lang='grc' dir='ltr'><em>ἀπόστασιν</em></span> <span class='ocrx_word' id='word_1_521' title='bbox 1313 4499 1661 4570; x_wconf 75' lang='grc' dir='ltr'><em>ἀφιγμένος,</em></span> <span class='ocrx_word' id='word_1_522' title='bbox 1709 4499 1782 4552; x_wconf 82' lang='grc' dir='ltr'><em>τὰ</em></span> <span class='ocrx_word' id='word_1_523' title='bbox 1824 4501 1999 4553; x_wconf 86' lang='grc' dir='ltr'><em>πολε-</em></span> 
     </span>
    </p>
   </div>
   <div class='ocr_carea' id='block_1_78' title="bbox 405 4589 2077 4664">
    <p class='ocr_par' dir='ltr' id='par_1_78' title="bbox 405 4589 2077 4664">
     <span class='ocr_line' id='line_1_78' title="bbox 405 4589 2077 4664; baseline -0.002 -17"><span class='ocrx_word' id='word_1_524' title='bbox 405 4593 565 4664; x_wconf 83' lang='grc' dir='ltr'><em>μίων</em></span> <span class='ocrx_word' id='word_1_525' title='bbox 600 4590 750 4661; x_wconf 82' lang='grc' dir='ltr'><em>δρᾷν</em></span> <span class='ocrx_word' id='word_1_526' title='bbox 790 4592 1138 4662; x_wconf 82' lang='grc' dir='ltr'><em>προαχθείη.</em></span> <span class='ocrx_word' id='word_1_527' title='bbox 1205 4593 1271 4645; x_wconf 82' lang='lat' dir='ltr'><strong><em>Oi</em></strong></span> <span class='ocrx_word' id='word_1_528' title='bbox 1331 4589 1401 4643; x_wconf 84' lang='grc' dir='ltr'><em>δὲ</em></span> <span class='ocrx_word' id='word_1_529' title='bbox 1454 4590 1554 4645; x_wconf 75' lang='grc' dir='ltr'><em>καὶ</em></span> <span class='ocrx_word' id='word_1_530' title='bbox 1605 4590 1792 4644; x_wconf 89' lang='grc' dir='ltr'><em>ταῦτα</em></span> <span class='ocrx_word' id='word_1_531' title='bbox 1846 4589 2000 4660; x_wconf 84' lang='grc' dir='ltr'><em>μήτε</em></span> <span class='ocrx_word' id='word_1_532' title='bbox 2034 4596 2077 4650; x_wconf 85' lang='lat' dir='ltr'><strong>D</strong></span> 
     </span>
    </p>
   </div>
   <div class='ocr_carea' id='block_1_79' title="bbox 412 4678 2000 4753">
    <p class='ocr_par' dir='ltr' id='par_1_79' title="bbox 412 4678 2000 4753">
     <span class='ocr_line' id='line_1_79' title="bbox 412 4678 2000 4753; baseline -0.003 -17"><span class='ocrx_word' id='word_1_533' title='bbox 412 4681 742 4753; x_wconf 78' lang='grc' dir='ltr'><em>στρατηγοὶ</em></span> <span class='ocrx_word' id='word_1_534' title='bbox 787 4681 1178 4747; x_wconf 86' lang='grc' dir='ltr'><em>καθεστῶτες,</em></span> <span class='ocrx_word' id='word_1_535' title='bbox 1221 4678 1378 4750; x_wconf 81' lang='grc' dir='ltr'><em>μήτε</em></span> <span class='ocrx_word' id='word_1_536' title='bbox 1428 4679 1631 4745; x_wconf 78' lang='grc' dir='ltr'><em>ἄλλως</em></span> <span class='ocrx_word' id='word_1_537' title='bbox 1683 4678 2000 4748; x_wconf 85' lang='grc' dir='ltr'><em>ἐφειμένον</em></span> 
     </span>
    </p>
   </div>
   <div class='ocr_carea' id='block_1_80' title="bbox 410 4771 2001 4843">
    <p class='ocr_par' dir='ltr' id='par_1_80' title="bbox 410 4771 2001 4843">
     <span class='ocr_line' id='line_1_80' title="bbox 410 4771 2001 4843; baseline -0.001 -14"><span class='ocrx_word' id='word_1_538' title='bbox 410 4774 622 4841; x_wconf 81' lang='grc' dir='ltr'><em>αὐτοῖς</em></span> <span class='ocrx_word' id='word_1_539' title='bbox 659 4773 848 4840; x_wconf 84' lang='grc' dir='ltr'><em>ἀδεῶς</em></span> <span class='ocrx_word' id='word_1_540' title='bbox 885 4773 1263 4839; x_wconf 77' lang='grc' dir='ltr'><em>ἀβούλοιντο</em></span> <span class='ocrx_word' id='word_1_541' title='bbox 1287 4773 1334 4806; x_wconf 77' lang='grc'>⁸⁷</span> <span class='ocrx_word' id='word_1_542' title='bbox 1362 4771 1643 4843; x_wconf 86' lang='grc' dir='ltr'><em>πράττειν</em></span> <span class='ocrx_word' id='word_1_543' title='bbox 1695 4771 2001 4842; x_wconf 84' lang='grc' dir='ltr'><em>παραχρῆ-</em></span> 
     </span>
    </p>
   </div>
   <div class='ocr_carea' id='block_1_81' title="bbox 402 4864 2000 4939">
    <p class='ocr_par' dir='ltr' id='par_1_81' title="bbox 402 4864 2000 4939">
     <span class='ocr_line' id='line_1_81' title="bbox 402 4864 2000 4939; baseline -0.001 -19"><span class='ocrx_word' id='word_1_544' title='bbox 402 4883 499 4939; x_wconf 85' lang='grc' dir='ltr'><strong><em>μα</em></strong></span> <span class='ocrx_word' id='word_1_545' title='bbox 522 4867 628 4921; x_wconf 85' lang='grc' dir='ltr'><strong><em>τὸν</em></strong></span> <span class='ocrx_word' id='word_1_546' title='bbox 657 4866 923 4921; x_wconf 86' lang='grc' dir='ltr'><em>δείλαιον</em></span> <span class='ocrx_word' id='word_1_547' title='bbox 951 4867 1382 4933; x_wconf 85' lang='grc' dir='ltr'><em>ἀπεκτόνασιν,</em></span> <span class='ocrx_word' id='word_1_548' title='bbox 1415 4864 1555 4920; x_wconf 78' lang='grc' dir='ltr'><em>οὔτε</em></span> <span class='ocrx_word' id='word_1_549' title='bbox 1608 4867 1762 4919; x_wconf 85' lang='grc' dir='ltr'><em>κατὰ</em></span> <span class='ocrx_word' id='word_1_550' title='bbox 1801 4866 1867 4918; x_wconf 85' lang='grc' dir='ltr'><em>τὸ</em></span> <span class='ocrx_word' id='word_1_551' title='bbox 1884 4868 2000 4919; x_wconf 88' lang='grc' dir='ltr'><strong><em>Βυ-</em></strong></span> 
     </span>
    </p>
   </div>
   <div class='ocr_carea' id='block_1_82' title="bbox 409 4954 2001 5034">
    <p class='ocr_par' dir='ltr' id='par_1_82' title="bbox 409 4954 2001 5034">
     <span class='ocr_line' id='line_1_82' title="bbox 409 4954 2001 5034; baseline -0.002 -21"><span class='ocrx_word' id='word_1_552' title='bbox 409 4959 649 5023; x_wconf 82' lang='grc' dir='ltr'><em>ζάντιον</em></span> <span class='ocrx_word' id='word_1_553' title='bbox 663 4959 849 5013; x_wconf 86' lang='grc' dir='ltr'><em>αὐτὸν</em></span> <span class='ocrx_word' id='word_1_554' title='bbox 856 4958 1134 5034; x_wconf 68' lang='grc' dir='ltr'><em>γενέσθαι</em></span> <span class='ocrx_word' id='word_1_555' title='bbox 1149 4961 1591 5027; x_wconf 75' lang='grc' dir='ltr'><em>προτρέψαντες</em></span> <span class='ocrx_word' id='word_1_556' title='bbox 1603 4958 1743 5011; x_wconf 83' lang='grc' dir='ltr'><em>οὔτε</em></span> <span class='ocrx_word' id='word_1_557' title='bbox 1753 4957 1884 5026; x_wconf 82' lang='grc' dir='ltr'><em>μὴν</em></span> <span class='ocrx_word' id='word_1_558' title='bbox 1893 4954 2001 5010; x_wconf 83' lang='grc' dir='ltr'><em>ῶσ-</em></span> 
     </span>
    </p>
   </div>
   <div class='ocr_carea' id='block_1_83' title="bbox 406 5039 2001 5113">
    <p class='ocr_par' dir='ltr' id='par_1_83' title="bbox 406 5039 2001 5113">
     <span class='ocr_line' id='line_1_83' title="bbox 406 5039 2001 5113; baseline -0.003 -13"><span class='ocrx_word' id='word_1_559' title='bbox 406 5061 524 5113; x_wconf 86' lang='grc' dir='ltr'><strong><em>περ</em></strong></span> <span class='ocrx_word' id='word_1_560' title='bbox 556 5042 899 5097; x_wconf 82' lang='grc' dir='ltr'><em>ἀπειθοῦντι</em></span> <span class='ocrx_word' id='word_1_561' title='bbox 918 5042 1171 5112; x_wconf 87' lang='grc' dir='ltr'><em>μετρίαν</em></span> <span class='ocrx_word' id='word_1_562' title='bbox 1198 5041 1348 5113; x_wconf 73' lang='grc' dir='ltr'><strong><em>τοῦν</em></strong></span> <span class='ocrx_word' id='word_1_563' title='bbox 1376 5039 1651 5110; x_wconf 77' lang='grc' dir='ltr'><em>ἀνάγκην</em></span> <span class='ocrx_word' id='word_1_564' title='bbox 1669 5040 2001 5109; x_wconf 76' lang='grc' dir='ltr'><em>ἐπαγαγόν-</em></span> 
     </span>
    </p>
   </div>
   <div class='ocr_carea' id='block_1_84' title="bbox 402 5130 1996 5203">
    <p class='ocr_par' dir='ltr' id='par_1_84' title="bbox 402 5130 1996 5203">
     <span class='ocr_line' id='line_1_84' title="bbox 402 5130 1996 5203; baseline -0.003 -13"><span class='ocrx_word' id='word_1_565' title='bbox 402 5154 508 5201; x_wconf 79' lang='grc' dir='ltr'><strong><em>τες</em></strong></span> <span class='ocrx_word' id='word_1_566' title='bbox 530 5135 671 5191; x_wconf 84' lang='grc' dir='ltr'><em>οὔτε</em></span> <span class='ocrx_word' id='word_1_567' title='bbox 705 5134 821 5202; x_wconf 83' lang='grc' dir='ltr'><strong><em>τὴν</em></strong></span> <span class='ocrx_word' id='word_1_568' title='bbox 856 5133 1056 5203; x_wconf 81' lang='grc' dir='ltr'><em>ἀρχὴν</em></span> <span class='ocrx_word' id='word_1_569' title='bbox 1077 5133 1144 5199; x_wconf 85' lang='grc' dir='ltr'><strong><em>ές</em></strong></span> <span class='ocrx_word' id='word_1_570' title='bbox 1167 5130 1378 5200; x_wconf 83' lang='grc' dir='ltr'><em>πεῖράν</em></span> <span class='ocrx_word' id='word_1_571' title='bbox 1398 5149 1535 5186; x_wconf 88' lang='grc' dir='ltr'><em>τινα</em></span> <span class='ocrx_word' id='word_1_572' title='bbox 1563 5133 1996 5198; x_wconf 85' lang='grc' dir='ltr'><em>καταστάντες,</em></span> 
     </span>
    </p>
   </div>
   <div class='ocr_carea' id='block_1_85' title="bbox 402 5222 1998 5292">
    <p class='ocr_par' dir='ltr' id='par_1_85' title="bbox 402 5222 1998 5292">
     <span class='ocr_line' id='line_1_85' title="bbox 402 5222 1998 5292; baseline -0.001 -14"><span class='ocrx_word' id='word_1_573' title='bbox 402 5225 579 5292; x_wconf 78' lang='grc' dir='ltr'><em>εἴπερ</em></span> <span class='ocrx_word' id='word_1_574' title='bbox 601 5223 912 5292; x_wconf 84' lang='grc' dir='ltr'><em>ότῳδηοῦν</em></span> <span class='ocrx_word' id='word_1_575' title='bbox 941 5226 1138 5291; x_wconf 85' lang='grc' dir='ltr'><em>τρόπῳ</em></span> <span class='ocrx_word' id='word_1_576' title='bbox 1164 5222 1272 5278; x_wconf 83' lang='grc' dir='ltr'><strong><em>τοῦ</em></strong></span> <span class='ocrx_word' id='word_1_577' title='bbox 1301 5222 1762 5291; x_wconf 78' lang='grc' dir='ltr'><em>προστάγματος</em></span> <span class='ocrx_word' id='word_1_578' title='bbox 1789 5222 1835 5255; x_wconf 77' lang='grc'><strong><em>⁸⁸</em></strong></span> <span class='ocrx_word' id='word_1_579' title='bbox 1871 5222 1998 5276; x_wconf 83' lang='grc' dir='ltr'><em>ὀλι-</em></span> 
     </span>
    </p>
   </div>
   <div class='ocr_carea' id='block_1_86' title="bbox 408 5313 1997 5386">
    <p class='ocr_par' dir='ltr' id='par_1_86' title="bbox 408 5313 1997 5386">
     <span class='ocr_line' id='line_1_86' title="bbox 408 5313 1997 5386; baseline -0.004 -14"><span class='ocrx_word' id='word_1_580' title='bbox 408 5316 695 5386; x_wconf 54' lang='grc' dir='ltr'><em>παρήσει.</em></span> <span class='ocrx_word' id='word_1_581' title='bbox 729 5317 932 5372; x_wconf 85' lang='grc' dir='ltr'><em>Καίτοι</em></span> <span class='ocrx_word' id='word_1_582' title='bbox 969 5314 1429 5386; x_wconf 76' lang='grc' dir='ltr'><em>μεγαλαυχοῦσι</em></span> <span class='ocrx_word' id='word_1_583' title='bbox 1460 5313 1560 5368; x_wconf 80' lang='grc' dir='ltr'><em>καὶ</em></span> <span class='ocrx_word' id='word_1_584' title='bbox 1574 5313 1997 5382; x_wconf 77' lang='grc' dir='ltr'><em>βρενθύονται,</em></span> 
     </span>
    </p>
   </div>
   <div class='ocr_carea' id='block_1_87' title="bbox 2103 3329 3693 3408">
    <p class='ocr_par' dir='ltr' id='par_1_87' title="bbox 2103 3329 3693 3408">
     <span class='ocr_line' id='line_1_87' title="bbox 2103 3329 3693 3408; baseline 0.006 -24"><span class='ocrx_word' id='word_1_585' title='bbox 2103 3329 2381 3401; x_wconf 78' lang='lat' dir='ltr'><strong><em>defendere</em></strong></span> <span class='ocrx_word' id='word_1_586' title='bbox 2443 3335 2708 3402; x_wconf 81' lang='lat' dir='ltr'><strong><em>videntur,</em></strong></span> <span class='ocrx_word' id='word_1_587' title='bbox 2754 3337 2930 3406; x_wconf 88' lang='lat' dir='ltr'><strong><em>reipsa</em></strong></span> <span class='ocrx_word' id='word_1_588' title='bbox 2984 3347 3161 3391; x_wconf 89' lang='lat' dir='ltr'><strong><em>tamen</em></strong></span> <span class='ocrx_word' id='word_1_589' title='bbox 3217 3354 3272 3392; x_wconf 91' lang='lat' dir='ltr'><strong><em>se</em></strong></span> <span class='ocrx_word' id='word_1_590' title='bbox 3312 3339 3417 3408; x_wconf 87' lang='lat' dir='ltr'><strong><em>ipsi</em></strong></span> <span class='ocrx_word' id='word_1_591' title='bbox 3445 3355 3693 3394; x_wconf 86' lang='lat' dir='ltr'><strong><em>accusare</em></strong></span> 
     </span>
    </p>
   </div>
   <div class='ocr_carea' id='block_1_88' title="bbox 2103 3431 3695 3508">
    <p class='ocr_par' dir='ltr' id='par_1_88' title="bbox 2103 3431 3695 3508">
     <span class='ocr_line' id='line_1_88' title="bbox 2103 3431 3695 3508; baseline 0.008 -29"><span class='ocrx_word' id='word_1_592' title='bbox 2103 3438 2482 3498; x_wconf 89' lang='lat' dir='ltr'><strong><em>courguuntur,</em></strong></span> <span class='ocrx_word' id='word_1_593' title='bbox 2532 3439 2580 3484; x_wconf 91' lang='lat' dir='ltr'><strong><em>et</em></strong></span> <span class='ocrx_word' id='word_1_594' title='bbox 2649 3431 2810 3485; x_wconf 67' lang='lat' dir='ltr'><strong><em>caedis</em></strong></span> <span class='ocrx_word' id='word_1_595' title='bbox 2871 3431 2966 3487; x_wconf 89' lang='lat' dir='ltr'><strong><em>abs</em></strong></span> <span class='ocrx_word' id='word_1_596' title='bbox 3024 3448 3135 3488; x_wconf 89' lang='lat' dir='ltr'><strong><em>sese</em></strong></span> <span class='ocrx_word' id='word_1_597' title='bbox 3178 3435 3472 3490; x_wconf 65' lang='lat' dir='ltr'><strong><em>commissae</em></strong></span> <span class='ocrx_word' id='word_1_598' title='bbox 3528 3435 3695 3508; x_wconf 75' lang='lat'><strong><em>216</em></strong></span> 
     </span>
    </p>
   </div>
   <div class='ocr_carea' id='block_1_89' title="bbox 2103 3524 3691 3595">
    <p class='ocr_par' dir='ltr' id='par_1_89' title="bbox 2103 3524 3691 3595">
     <span class='ocr_line' id='line_1_89' title="bbox 2103 3524 3691 3595; baseline 0.005 -19"><span class='ocrx_word' id='word_1_599' title='bbox 2103 3524 2472 3594; x_wconf 86' lang='lat' dir='ltr'><strong><em>indignitatem</em></strong></span> <span class='ocrx_word' id='word_1_600' title='bbox 2527 3526 2708 3595; x_wconf 87' lang='lat' dir='ltr'><strong><em>fateri.</em></strong></span> <span class='ocrx_word' id='word_1_601' title='bbox 2766 3525 2943 3595; x_wconf 72' lang='lat' dir='ltr'><strong><em>Regia:</em></strong></span> <span class='ocrx_word' id='word_1_602' title='bbox 2990 3528 3127 3581; x_wconf 89' lang='lat' dir='ltr'><strong><em>enim</em></strong></span> <span class='ocrx_word' id='word_1_603' title='bbox 3183 3527 3377 3584; x_wconf 73' lang='lat' dir='ltr'><strong><em>littertz</em></strong></span> <span class='ocrx_word' id='word_1_604' title='bbox 3434 3531 3691 3585; x_wconf 88' lang='lat' dir='ltr'><strong><em>mandant</em></strong></span> 
     </span>
    </p>
   </div>
   <div class='ocr_carea' id='block_1_90' title="bbox 2101 3615 3689 3690">
    <p class='ocr_par' dir='ltr' id='par_1_90' title="bbox 2101 3615 3689 3690">
     <span class='ocr_line' id='line_1_90' title="bbox 2101 3615 3689 3690; baseline 0.003 -22"><span class='ocrx_word' id='word_1_605' title='bbox 2101 3615 2363 3685; x_wconf 68' lang='lat' dir='ltr'><strong><em>praefectis</em></strong></span> <span class='ocrx_word' id='word_1_606' title='bbox 2421 3617 2649 3684; x_wconf 69' lang='lat' dir='ltr'><strong><em>militiae,</em></strong></span> <span class='ocrx_word' id='word_1_607' title='bbox 2697 3626 2755 3671; x_wconf 88' lang='lat' dir='ltr'><strong><em>ut</em></strong></span> <span class='ocrx_word' id='word_1_608' title='bbox 2809 3616 3059 3673; x_wconf 78' lang='lat' dir='ltr'><strong><em>Gubazen</em></strong></span> <span class='ocrx_word' id='word_1_609' title='bbox 3094 3618 3419 3690; x_wconf 80' lang='lat' dir='ltr'><strong><em>Byzantium</em></strong></span> <span class='ocrx_word' id='word_1_610' title='bbox 3454 3622 3689 3686; x_wconf 88' lang='lat' dir='ltr'><strong><em>mittant,</em></strong></span> 
     </span>
    </p>
   </div>
   <div class='ocr_carea' id='block_1_91' title="bbox 2101 3712 3690 3784">
    <p class='ocr_par' dir='ltr' id='par_1_91' title="bbox 2101 3712 3690 3784">
     <span class='ocr_line' id='line_1_91' title="bbox 2101 3712 3690 3784; baseline 0.004 -20"><span class='ocrx_word' id='word_1_611' title='bbox 2101 3712 2273 3780; x_wconf 89' lang='lat' dir='ltr'><strong><em>primo</em></strong></span> <span class='ocrx_word' id='word_1_612' title='bbox 2331 3713 2541 3784; x_wconf 87' lang='lat' dir='ltr'><strong><em>quidem</em></strong></span> <span class='ocrx_word' id='word_1_613' title='bbox 2591 3713 2821 3768; x_wconf 87' lang='lat' dir='ltr'><strong><em>suadela</em></strong></span> <span class='ocrx_word' id='word_1_614' title='bbox 2847 3723 3074 3778; x_wconf 88' lang='lat' dir='ltr'><strong><em>utentes,</em></strong></span> <span class='ocrx_word' id='word_1_615' title='bbox 3104 3714 3467 3769; x_wconf 87' lang='lat' dir='ltr'><strong><em>obaudientem</em></strong></span> <span class='ocrx_word' id='word_1_616' title='bbox 3498 3732 3615 3770; x_wconf 77' lang='lat' dir='ltr'><strong><em>vero</em></strong></span> <span class='ocrx_word' id='word_1_617' title='bbox 3640 3726 3690 3770; x_wconf 92' lang='lat' dir='ltr'><strong><em>et</em></strong></span> 
     </span>
    </p>
   </div>
   <div class='ocr_carea' id='block_1_92' title="bbox 2103 3805 3692 3877">
    <p class='ocr_par' dir='ltr' id='par_1_92' title="bbox 2103 3805 3692 3877">
     <span class='ocr_line' id='line_1_92' title="bbox 2103 3805 3692 3877; baseline 0.002 -19"><span class='ocrx_word' id='word_1_618' title='bbox 2103 3805 2407 3860; x_wconf 86' lang='lat' dir='ltr'><strong><em>necessitati</em></strong></span> <span class='ocrx_word' id='word_1_619' title='bbox 2459 3805 2805 3862; x_wconf 88' lang='lat' dir='ltr'><strong><em>reluctantem</em></strong></span> <span class='ocrx_word' id='word_1_620' title='bbox 2863 3817 3153 3877; x_wconf 87' lang='lat' dir='ltr'><strong><em>cogerent;</em></strong></span> <span class='ocrx_word' id='word_1_621' title='bbox 3207 3808 3358 3862; x_wconf 89' lang='lat' dir='ltr'><strong><em>nulla</em></strong></span> <span class='ocrx_word' id='word_1_622' title='bbox 3410 3819 3579 3862; x_wconf 89' lang='lat' dir='ltr'><strong><em>tamen</em></strong></span> <span class='ocrx_word' id='word_1_623' title='bbox 3610 3826 3692 3862; x_wconf 84' lang='lat' dir='ltr'><strong><em>ra-</em></strong></span> 
     </span>
    </p>
   </div>
   <div class='ocr_carea' id='block_1_93' title="bbox 2103 3901 3670 3971">
    <p class='ocr_par' dir='ltr' id='par_1_93' title="bbox 2103 3901 3670 3971">
     <span class='ocr_line' id='line_1_93' title="bbox 2103 3901 3670 3971; baseline 0.001 -17"><span class='ocrx_word' id='word_1_624' title='bbox 2103 3901 2244 3955; x_wconf 89' lang='lat' dir='ltr'><strong><em>tione</em></strong></span> <span class='ocrx_word' id='word_1_625' title='bbox 2260 3901 2632 3970; x_wconf 85' lang='lat' dir='ltr'><strong><em>interﬁcerent,</em></strong></span> <span class='ocrx_word' id='word_1_626' title='bbox 2655 3902 2819 3955; x_wconf 90' lang='lat' dir='ltr'><strong><em>donec</em></strong></span> <span class='ocrx_word' id='word_1_627' title='bbox 2839 3913 3027 3971; x_wconf 88' lang='lat' dir='ltr'><strong><em>aperta</em></strong></span> <span class='ocrx_word' id='word_1_628' title='bbox 3054 3901 3339 3970; x_wconf 86' lang='lat' dir='ltr'><strong><em>defectione</em></strong></span> <span class='ocrx_word' id='word_1_629' title='bbox 3361 3902 3508 3971; x_wconf 90' lang='lat' dir='ltr'><strong><em>facta</em></strong></span> <span class='ocrx_word' id='word_1_630' title='bbox 3531 3902 3670 3956; x_wconf 86' lang='lat' dir='ltr'><strong><em>hosti</em></strong></span> 
     </span>
    </p>
   </div>
   <div class='ocr_carea' id='block_1_94' title="bbox 2101 3989 3689 4061">
    <p class='ocr_par' dir='ltr' id='par_1_94' title="bbox 2101 3989 3689 4061">
     <span class='ocr_line' id='line_1_94' title="bbox 2101 3989 3689 4061; baseline 0.002 -19"><span class='ocrx_word' id='word_1_631' title='bbox 2101 3989 2225 4044; x_wconf 89' lang='lat' dir='ltr'><strong><em>liter</em></strong></span> <span class='ocrx_word' id='word_1_632' title='bbox 2246 4006 2399 4058; x_wconf 86' lang='lat' dir='ltr'><strong><em>agere</em></strong></span> <span class='ocrx_word' id='word_1_633' title='bbox 2431 3992 2689 4060; x_wconf 74' lang='lat' dir='ltr'><strong><em>coepisset.</em></strong></span> <span class='ocrx_word' id='word_1_634' title='bbox 2731 3990 2802 4044; x_wconf 83' lang='lat' dir='ltr'><strong><em>lli</em></strong></span> <span class='ocrx_word' id='word_1_635' title='bbox 2838 4005 2960 4044; x_wconf 83' lang='lat' dir='ltr'><strong><em>vero</em></strong></span> <span class='ocrx_word' id='word_1_636' title='bbox 2992 4007 3111 4045; x_wconf 90' lang='lat' dir='ltr'><strong><em>cum</em></strong></span> <span class='ocrx_word' id='word_1_637' title='bbox 3140 4007 3302 4061; x_wconf 89' lang='lat' dir='ltr'><strong><em>neque</em></strong></span> <span class='ocrx_word' id='word_1_638' title='bbox 3327 3993 3562 4060; x_wconf 65' lang='lat' dir='ltr'><strong><em>prefecti</em></strong></span> <span class='ocrx_word' id='word_1_639' title='bbox 3586 3995 3660 4046; x_wconf 86' lang='lat' dir='ltr'><strong><em>mi</em></strong></span> <span class='ocrx_word' id='word_1_640' title='bbox 3669 4023 3689 4033; x_wconf 93' lang='lat'><strong>-</strong></span> 
     </span>
    </p>
   </div>
   <div class='ocr_carea' id='block_1_95' title="bbox 2102 4084 3687 4155">
    <p class='ocr_par' dir='ltr' id='par_1_95' title="bbox 2102 4084 3687 4155">
     <span class='ocr_line' id='line_1_95' title="bbox 2102 4084 3687 4155; baseline 0.001 -18"><span class='ocrx_word' id='word_1_641' title='bbox 2102 4084 2284 4138; x_wconf 88' lang='lat' dir='ltr'><strong><em>litares</em></strong></span> <span class='ocrx_word' id='word_1_642' title='bbox 2322 4096 2515 4149; x_wconf 88' lang='lat' dir='ltr'><strong><em>essent,</em></strong></span> <span class='ocrx_word' id='word_1_643' title='bbox 2558 4101 2722 4149; x_wconf 88' lang='lat' dir='ltr'><strong><em>neque</em></strong></span> <span class='ocrx_word' id='word_1_644' title='bbox 2748 4084 2947 4155; x_wconf 90' lang='lat' dir='ltr'><strong><em>alioqui</em></strong></span> <span class='ocrx_word' id='word_1_645' title='bbox 2978 4086 3054 4139; x_wconf 87' lang='lat' dir='ltr'><strong><em>eis</em></strong></span> <span class='ocrx_word' id='word_1_646' title='bbox 3083 4085 3287 4151; x_wconf 87' lang='lat' dir='ltr'><strong><em>liceret,</em></strong></span> <span class='ocrx_word' id='word_1_647' title='bbox 3324 4100 3441 4155; x_wconf 76' lang='lat' dir='ltr'><strong><em>qute</em></strong></span> <span class='ocrx_word' id='word_1_648' title='bbox 3480 4084 3687 4148; x_wconf 82' lang='lat' dir='ltr'><strong><em>liberet,</em></strong></span> 
     </span>
    </p>
   </div>
   <div class='ocr_carea' id='block_1_96' title="bbox 2101 4175 3689 4246">
    <p class='ocr_par' dir='ltr' id='par_1_96' title="bbox 2101 4175 3689 4246">
     <span class='ocr_line' id='line_1_96' title="bbox 2101 4175 3689 4246; baseline 0 -15"><span class='ocrx_word' id='word_1_649' title='bbox 2101 4176 2293 4246; x_wconf 85' lang='lat' dir='ltr'><strong><em>facere,</em></strong></span> <span class='ocrx_word' id='word_1_650' title='bbox 2354 4185 2560 4245; x_wconf 89' lang='lat' dir='ltr'><strong><em>repente</em></strong></span> <span class='ocrx_word' id='word_1_651' title='bbox 2600 4177 2849 4230; x_wconf 86' lang='lat' dir='ltr'><strong><em>miserum</em></strong></span> <span class='ocrx_word' id='word_1_652' title='bbox 2881 4176 3239 4240; x_wconf 87' lang='lat' dir='ltr'><strong><em>trucidarunt,</em></strong></span> <span class='ocrx_word' id='word_1_653' title='bbox 3278 4175 3689 4246; x_wconf 82' lang='lat' dir='ltr'><strong><em>haudquaquam</em></strong></span> 
     </span>
    </p>
   </div>
   <div class='ocr_carea' id='block_1_97' title="bbox 2101 4267 3694 4339">
    <p class='ocr_par' dir='ltr' id='par_1_97' title="bbox 2101 4267 3694 4339">
     <span class='ocr_line' id='line_1_97' title="bbox 2101 4267 3694 4339; baseline 0 -17"><span class='ocrx_word' id='word_1_654' title='bbox 2101 4277 2160 4322; x_wconf 88' lang='lat' dir='ltr'><strong><em>ut</em></strong></span> <span class='ocrx_word' id='word_1_655' title='bbox 2192 4267 2512 4339; x_wconf 74' lang='lat' dir='ltr'><strong><em>Byzantium</em></strong></span> <span class='ocrx_word' id='word_1_656' title='bbox 2542 4269 2640 4322; x_wconf 87' lang='lat' dir='ltr'><strong><em>iret</em></strong></span> <span class='ocrx_word' id='word_1_657' title='bbox 2670 4269 2890 4334; x_wconf 89' lang='lat' dir='ltr'><strong><em>hortati,</em></strong></span> <span class='ocrx_word' id='word_1_658' title='bbox 2914 4284 3030 4323; x_wconf 89' lang='lat' dir='ltr'><strong><em>cum</em></strong></span> <span class='ocrx_word' id='word_1_659' title='bbox 3054 4285 3116 4322; x_wconf 91' lang='lat' dir='ltr'><strong><em>ne</em></strong></span> <span class='ocrx_word' id='word_1_660' title='bbox 3177 4269 3441 4322; x_wconf 90' lang='lat' dir='ltr'><strong><em>modicam</em></strong></span> <span class='ocrx_word' id='word_1_661' title='bbox 3478 4270 3694 4338; x_wconf 76' lang='lat' dir='ltr'><strong><em>quidem</em></strong></span> 
     </span>
    </p>
   </div>
   <div class='ocr_carea' id='block_1_98' title="bbox 2100 4364 3692 4434">
    <p class='ocr_par' dir='ltr' id='par_1_98' title="bbox 2100 4364 3692 4434">
     <span class='ocr_line' id='line_1_98' title="bbox 2100 4364 3692 4434; baseline 0.001 -16"><span class='ocrx_word' id='word_1_662' title='bbox 2100 4365 2207 4418; x_wconf 79' lang='lat' dir='ltr'><strong><em>vim</em></strong></span> <span class='ocrx_word' id='word_1_663' title='bbox 2239 4365 2287 4418; x_wconf 90' lang='lat' dir='ltr'><strong><em>ei</em></strong></span> <span class='ocrx_word' id='word_1_664' title='bbox 2308 4373 2366 4418; x_wconf 87' lang='lat' dir='ltr'><strong><em>ut</em></strong></span> <span class='ocrx_word' id='word_1_665' title='bbox 2392 4365 2637 4419; x_wconf 87' lang='lat' dir='ltr'><strong><em>renitenti</em></strong></span> <span class='ocrx_word' id='word_1_666' title='bbox 2657 4364 2980 4432; x_wconf 83' lang='lat' dir='ltr'><strong><em>intulissent,</em></strong></span> <span class='ocrx_word' id='word_1_667' title='bbox 3004 4379 3165 4434; x_wconf 89' lang='lat' dir='ltr'><strong><em>neque</em></strong></span> <span class='ocrx_word' id='word_1_668' title='bbox 3218 4366 3432 4418; x_wconf 90' lang='lat' dir='ltr'><strong><em>omnino</em></strong></span> <span class='ocrx_word' id='word_1_669' title='bbox 3491 4373 3692 4419; x_wconf 87' lang='lat' dir='ltr'><strong><em>tentas-</em></strong></span> 
     </span>
    </p>
   </div>
   <div class='ocr_carea' id='block_1_99' title="bbox 2100 4456 3694 4531">
    <p class='ocr_par' dir='ltr' id='par_1_99' title="bbox 2100 4456 3694 4531">
     <span class='ocr_line' id='line_1_99' title="bbox 2100 4456 3694 4531; baseline -0.003 -16"><span class='ocrx_word' id='word_1_670' title='bbox 2100 4468 2214 4515; x_wconf 88' lang='lat' dir='ltr'><strong><em>sent</em></strong></span> <span class='ocrx_word' id='word_1_671' title='bbox 2285 4476 2354 4514; x_wconf 90' lang='lat' dir='ltr'><strong><em>an</em></strong></span> <span class='ocrx_word' id='word_1_672' title='bbox 2402 4458 2584 4529; x_wconf 86' lang='lat' dir='ltr'><strong><em>aliqua</em></strong></span> <span class='ocrx_word' id='word_1_673' title='bbox 2635 4459 2848 4512; x_wconf 86' lang='lat' dir='ltr'><strong><em>tandem</em></strong></span> <span class='ocrx_word' id='word_1_674' title='bbox 2874 4458 3027 4513; x_wconf 88' lang='lat' dir='ltr'><strong><em>modo</em></strong></span> <span class='ocrx_word' id='word_1_675' title='bbox 3052 4459 3360 4512; x_wconf 88' lang='lat' dir='ltr'><strong><em>mandatum</em></strong></span> <span class='ocrx_word' id='word_1_676' title='bbox 3386 4456 3522 4531; x_wconf 82' lang='lat' dir='ltr'><strong><em>regis</em></strong></span> <span class='ocrx_word' id='word_1_677' title='bbox 3562 4473 3694 4512; x_wconf 89' lang='lat' dir='ltr'><strong><em>con-</em></strong></span> 
     </span>
    </p>
   </div>
   <div class='ocr_carea' id='block_1_100' title="bbox 2107 4552 3694 4622">
    <p class='ocr_par' dir='ltr' id='par_1_100' title="bbox 2107 4552 3694 4622">
     <span class='ocr_line' id='line_1_100' title="bbox 2107 4552 3694 4622; baseline 0 -14"><span class='ocrx_word' id='word_1_678' title='bbox 2107 4563 2375 4609; x_wconf 88' lang='lat' dir='ltr'><strong><em>tenmeret.</em></strong></span> <span class='ocrx_word' id='word_1_679' title='bbox 2445 4554 2756 4611; x_wconf 83' lang='lat' dir='ltr'><strong><em>Gloriantur</em></strong></span> <span class='ocrx_word' id='word_1_680' title='bbox 2816 4554 3018 4608; x_wconf 90' lang='lat' dir='ltr'><strong><em>interea</em></strong></span> <span class='ocrx_word' id='word_1_681' title='bbox 3069 4552 3152 4607; x_wconf 89' lang='lat' dir='ltr'><strong><em>illi</em></strong></span> <span class='ocrx_word' id='word_1_682' title='bbox 3206 4561 3256 4607; x_wconf 89' lang='lat' dir='ltr'><strong><em>et</em></strong></span> <span class='ocrx_word' id='word_1_683' title='bbox 3303 4552 3587 4622; x_wconf 73' lang='lat' dir='ltr'><strong><em>iactitant,</em></strong></span> <span class='ocrx_word' id='word_1_684' title='bbox 3638 4569 3694 4608; x_wconf 88' lang='lat' dir='ltr'><strong><em>se</em></strong></span> 
     </span>
    </p>
   </div>
   <div class='ocr_carea' id='block_1_101' title="bbox 2104 4648 3693 4721">
    <p class='ocr_par' dir='ltr' id='par_1_101' title="bbox 2104 4648 3693 4721">
     <span class='ocr_line' id='line_1_101' title="bbox 2104 4648 3693 4721; baseline -0.001 -16"><span class='ocrx_word' id='word_1_685' title='bbox 2104 4651 2437 4721; x_wconf 87' lang='lat' dir='ltr'><strong><em>imperatoris</em></strong></span> <span class='ocrx_word' id='word_1_686' title='bbox 2492 4649 2749 4704; x_wconf 83' lang='lat' dir='ltr'><strong><em>mandata</em></strong></span> <span class='ocrx_word' id='word_1_687' title='bbox 2809 4659 3102 4714; x_wconf 76' lang='lat' dir='ltr'><strong><em>exsecutos,</em></strong></span> <span class='ocrx_word' id='word_1_688' title='bbox 3161 4662 3283 4702; x_wconf 86' lang='lat' dir='ltr'><strong><em>cum</em></strong></span> <span class='ocrx_word' id='word_1_689' title='bbox 3339 4648 3515 4716; x_wconf 89' lang='lat' dir='ltr'><strong><em>potius</em></strong></span> <span class='ocrx_word' id='word_1_690' title='bbox 3545 4648 3693 4703; x_wconf 84' lang='lat' dir='ltr'><strong><em>illius</em></strong></span> 
     </span>
    </p>
   </div>
   <div class='ocr_carea' id='block_1_102' title="bbox 2103 4741 3696 4813">
    <p class='ocr_par' dir='ltr' id='par_1_102' title="bbox 2103 4741 3696 4813">
     <span class='ocr_line' id='line_1_102' title="bbox 2103 4741 3696 4813; baseline -0.002 -13"><span class='ocrx_word' id='word_1_691' title='bbox 2103 4746 2427 4801; x_wconf 78' lang='lat' dir='ltr'><strong><em>voluntatem</em></strong></span> <span class='ocrx_word' id='word_1_692' title='bbox 2476 4746 2850 4813; x_wconf 89' lang='lat' dir='ltr'><strong><em>contempsisse</em></strong></span> <span class='ocrx_word' id='word_1_693' title='bbox 2901 4741 3384 4813; x_wconf 82' lang='lat' dir='ltr'><strong><em>deprehendantur,</em></strong></span> <span class='ocrx_word' id='word_1_694' title='bbox 3439 4741 3696 4813; x_wconf 78' lang='lat' dir='ltr'><strong><em>falsisque</em></strong></span> 
     </span>
    </p>
   </div>
   <div class='ocr_carea' id='block_1_103' title="bbox 2104 4831 3693 4889">
    <p class='ocr_par' dir='ltr' id='par_1_103' title="bbox 2104 4831 3693 4889">
     <span class='ocr_line' id='line_1_103' title="bbox 2104 4831 3693 4889; baseline -0.002 -1"><span class='ocrx_word' id='word_1_695' title='bbox 2104 4834 2565 4889; x_wconf 85' lang='lat' dir='ltr'><strong><em>criminationibus</em></strong></span> <span class='ocrx_word' id='word_1_696' title='bbox 2627 4832 2878 4889; x_wconf 73' lang='lat' dir='ltr'><strong><em>Guhazen</em></strong></span> <span class='ocrx_word' id='word_1_697' title='bbox 2926 4848 3146 4887; x_wconf 88' lang='lat' dir='ltr'><strong><em>onerare</em></strong></span> <span class='ocrx_word' id='word_1_698' title='bbox 3181 4847 3285 4887; x_wconf 89' lang='lat' dir='ltr'><strong><em>non</em></strong></span> <span class='ocrx_word' id='word_1_699' title='bbox 3320 4831 3428 4886; x_wconf 88' lang='lat' dir='ltr'><strong><em>sint</em></strong></span> <span class='ocrx_word' id='word_1_700' title='bbox 3453 4833 3605 4886; x_wconf 81' lang='lat' dir='ltr'><strong><em>veriti</em></strong></span> <span class='ocrx_word' id='word_1_701' title='bbox 3642 4843 3693 4886; x_wconf 88' lang='lat' dir='ltr'><strong><em>et</em></strong></span> 
     </span>
    </p>
   </div>
   <div class='ocr_carea' id='block_1_104' title="bbox 2103 4928 3692 5001">
    <p class='ocr_par' dir='ltr' id='par_1_104' title="bbox 2103 4928 3692 5001">
     <span class='ocr_line' id='line_1_104' title="bbox 2103 4928 3692 5001; baseline -0.002 -17"><span class='ocrx_word' id='word_1_702' title='bbox 2103 4932 2377 4986; x_wconf 87' lang='lat' dir='ltr'><strong><em>contraria</em></strong></span> <span class='ocrx_word' id='word_1_703' title='bbox 2398 4930 2463 4985; x_wconf 90' lang='lat' dir='ltr'><strong><em>ab</em></strong></span> <span class='ocrx_word' id='word_1_704' title='bbox 2493 4931 2583 4997; x_wconf 87' lang='lat' dir='ltr'><strong><em>iis,</em></strong></span> <span class='ocrx_word' id='word_1_705' title='bbox 2615 4946 2735 5001; x_wconf 79' lang='lat' dir='ltr'><strong><em>qua:</em></strong></span> <span class='ocrx_word' id='word_1_706' title='bbox 2756 4940 2895 4985; x_wconf 86' lang='lat' dir='ltr'><strong><em>recte</em></strong></span> <span class='ocrx_word' id='word_1_707' title='bbox 2942 4928 3201 4983; x_wconf 85' lang='lat' dir='ltr'><strong><em>mandata</em></strong></span> <span class='ocrx_word' id='word_1_708' title='bbox 3259 4934 3431 4992; x_wconf 88' lang='lat' dir='ltr'><strong><em>erant,</em></strong></span> <span class='ocrx_word' id='word_1_709' title='bbox 3477 4928 3692 4997; x_wconf 83' lang='lat' dir='ltr'><strong><em>prapria</em></strong></span> 
     </span>
    </p>
   </div>
   <div class='ocr_carea' id='block_1_105' title="bbox 2106 5020 3692 5091">
    <p class='ocr_par' dir='ltr' id='par_1_105' title="bbox 2106 5020 3692 5091">
     <span class='ocr_line' id='line_1_105' title="bbox 2106 5020 3692 5091; baseline -0.004 -13"><span class='ocrx_word' id='word_1_710' title='bbox 2106 5026 2428 5081; x_wconf 82' lang='lat' dir='ltr'><strong><em>auctoritate</em></strong></span> <span class='ocrx_word' id='word_1_711' title='bbox 2474 5025 2532 5079; x_wconf 88' lang='lat' dir='ltr'><strong><em>in</em></strong></span> <span class='ocrx_word' id='word_1_712' title='bbox 2578 5039 2699 5078; x_wconf 91' lang='lat' dir='ltr'><strong><em>eum</em></strong></span> <span class='ocrx_word' id='word_1_713' title='bbox 2748 5022 3061 5085; x_wconf 87' lang='lat' dir='ltr'><strong><em>decernere;</em></strong></span> <span class='ocrx_word' id='word_1_714' title='bbox 3102 5030 3152 5075; x_wconf 92' lang='lat' dir='ltr'><strong><em>et</em></strong></span> <span class='ocrx_word' id='word_1_715' title='bbox 3179 5020 3319 5091; x_wconf 91' lang='lat' dir='ltr'><strong><em>quod</em></strong></span> <span class='ocrx_word' id='word_1_716' title='bbox 3348 5020 3557 5091; x_wconf 87' lang='lat' dir='ltr'><strong><em>quidem</em></strong></span> <span class='ocrx_word' id='word_1_717' title='bbox 3578 5035 3692 5073; x_wconf 81' lang='lat' dir='ltr'><strong><em>om-</em></strong></span> 
     </span>
    </p>
   </div>
   <div class='ocr_carea' id='block_1_106' title="bbox 2105 5112 3691 5189">
    <p class='ocr_par' dir='ltr' id='par_1_106' title="bbox 2105 5112 3691 5189">
     <span class='ocr_line' id='line_1_106' title="bbox 2105 5112 3691 5189; baseline -0.004 -16"><span class='ocrx_word' id='word_1_718' title='bbox 2105 5120 2252 5173; x_wconf 88' lang='lat' dir='ltr'><strong><em>nium</em></strong></span> <span class='ocrx_word' id='word_1_719' title='bbox 2300 5127 2379 5173; x_wconf 89' lang='lat' dir='ltr'><strong><em>est</em></strong></span> <span class='ocrx_word' id='word_1_720' title='bbox 2430 5118 2847 5189; x_wconf 88' lang='lat' dir='ltr'><strong><em>iniquissimum,</em></strong></span> <span class='ocrx_word' id='word_1_721' title='bbox 2918 5129 3084 5185; x_wconf 89' lang='lat' dir='ltr'><strong><em>neque</em></strong></span> <span class='ocrx_word' id='word_1_722' title='bbox 3137 5112 3333 5167; x_wconf 89' lang='lat' dir='ltr'><strong><em>litteris</em></strong></span> <span class='ocrx_word' id='word_1_723' title='bbox 3359 5112 3691 5181; x_wconf 84' lang='lat' dir='ltr'><strong><em>imperatoris</em></strong></span> 
     </span>
    </p>
   </div>
   <div class='ocr_carea' id='block_1_107' title="bbox 2106 5203 3693 5282">
    <p class='ocr_par' dir='ltr' id='par_1_107' title="bbox 2106 5203 3693 5282">
     <span class='ocr_line' id='line_1_107' title="bbox 2106 5203 3693 5282; baseline -0.004 -15"><span class='ocrx_word' id='word_1_724' title='bbox 2106 5214 2349 5279; x_wconf 88' lang='lat' dir='ltr'><strong><em>ostensis,</em></strong></span> <span class='ocrx_word' id='word_1_725' title='bbox 2403 5219 2463 5265; x_wconf 90' lang='lat' dir='ltr'><strong><em>ut</em></strong></span> <span class='ocrx_word' id='word_1_726' title='bbox 2515 5210 2730 5282; x_wconf 84' lang='lat' dir='ltr'><strong><em>cognita</em></strong></span> <span class='ocrx_word' id='word_1_727' title='bbox 2772 5208 2888 5279; x_wconf 86' lang='lat' dir='ltr'><strong><em>ejus</em></strong></span> <span class='ocrx_word' id='word_1_728' title='bbox 2927 5207 3194 5263; x_wconf 76' lang='lat' dir='ltr'><strong><em>voluntate</em></strong></span> <span class='ocrx_word' id='word_1_729' title='bbox 3213 5203 3342 5276; x_wconf 86' lang='lat' dir='ltr'><strong><em>quid</em></strong></span> <span class='ocrx_word' id='word_1_730' title='bbox 3392 5203 3536 5274; x_wconf 88' lang='lat' dir='ltr'><strong><em>facto</em></strong></span> <span class='ocrx_word' id='word_1_731' title='bbox 3562 5219 3693 5274; x_wconf 89' lang='lat' dir='ltr'><strong><em>opus</em></strong></span> 
     </span>
    </p>
   </div>
   <div class='ocr_carea' id='block_1_108' title="bbox 2104 5316 2577 5365">
    <p class='ocr_par' dir='ltr' id='par_1_108' title="bbox 2104 5316 2577 5365">
     <span class='ocr_line' id='line_1_108' title="bbox 2104 5316 2577 5365; baseline -0.004 0"><span class='ocrx_word' id='word_1_732' title='bbox 2104 5320 2238 5365; x_wconf 87' lang='lat' dir='ltr'><strong><em>esset</em></strong></span> <span class='ocrx_word' id='word_1_733' title='bbox 2262 5316 2577 5364; x_wconf 84' lang='lat' dir='ltr'><strong><em>statuerent.</em></strong></span> 
     </span>
    </p>
   </div>
   <div class='ocr_carea' id='block_1_109' title="bbox 406 5389 3689 5476">
    <p class='ocr_par' dir='ltr' id='par_1_109' title="bbox 406 5389 3689 5476">
     <span class='ocr_line' id='line_1_109' title="bbox 406 5389 3689 5476; baseline -0.002 -15"><span class='ocrx_word' id='word_1_734' title='bbox 406 5406 494 5474; x_wconf 83' lang='grc' dir='ltr'><em>ὡς</em></span> <span class='ocrx_word' id='word_1_735' title='bbox 532 5408 607 5465; x_wconf 86' lang='grc' dir='ltr'><em>τὰ</em></span> <span class='ocrx_word' id='word_1_736' title='bbox 649 5407 904 5475; x_wconf 76' lang='grc' dir='ltr'><em>,βασιλεῖ</em></span> <span class='ocrx_word' id='word_1_737' title='bbox 960 5407 1260 5464; x_wconf 79' lang='grc' dir='ltr'><em>δοκοῦντα</em></span> <span class='ocrx_word' id='word_1_738' title='bbox 1319 5406 1741 5472; x_wconf 81' lang='grc' dir='ltr'><em>διανύσαντες,</em></span> <span class='ocrx_word' id='word_1_739' title='bbox 1782 5406 1910 5476; x_wconf 74' lang='grc' dir='ltr'><em>οἵγε</em></span> <span class='ocrx_word' id='word_1_740' title='bbox 1967 5403 2071 5458; x_wconf 76' lang='grc' dir='ltr'><em>καὶ</em></span> <span class='ocrx_word' id='word_1_741' title='bbox 2108 5402 2224 5472; x_wconf 80' lang='grc' dir='ltr'><strong><em>τὴν</em></strong></span> <span class='ocrx_word' id='word_1_742' title='bbox 2278 5400 2522 5456; x_wconf 75' lang='grc' dir='ltr'><em>ἐκείνου</em></span> <span class='ocrx_word' id='word_1_743' title='bbox 2585 5395 2980 5468; x_wconf 82' lang='grc' dir='ltr'><em>περιορῶντες</em></span> <span class='ocrx_word' id='word_1_744' title='bbox 3054 5394 3367 5466; x_wconf 82' lang='grc' dir='ltr'><em>πεφήνασι</em></span> <span class='ocrx_word' id='word_1_745' title='bbox 3431 5389 3689 5462; x_wconf 53' lang='grc' dir='ltr'><strong><em>γνώμην.</em></strong></span> 
     </span>
    </p>
   </div>
   <div class='ocr_carea' id='block_1_110' title="bbox 365 5531 411 5589">
    <p class='ocr_par' dir='ltr' id='par_1_110' title="bbox 365 5531 411 5589">
     <span class='ocr_line' id='line_1_110' title="bbox 365 5531 411 5589; baseline 0 0"><span class='ocrx_word' id='word_1_746' title='bbox 365 5531 411 5589; x_wconf 89' lang='lat'>/</span> 
     </span>
    </p>
   </div>
   <div class='ocr_carea' id='block_1_111' title="bbox 487 5761 1032 5835">
    <p class='ocr_par' dir='ltr' id='par_1_111' title="bbox 487 5761 1032 5835">
     <span class='ocr_line' id='line_1_111' title="bbox 487 5761 1032 5835; baseline 0.007 -19"><span class='ocrx_word' id='word_1_747' title='bbox 487 5761 543 5835; x_wconf 54' lang='grc' dir='ltr'><strong><em>εξ</em></strong></span> <span class='ocrx_word' id='word_1_748' title='bbox 566 5763 936 5835; x_wconf 73' lang='grc' dir='ltr'><em>προσγένηται</em></span> <span class='ocrx_word' id='word_1_749' title='bbox 964 5761 1032 5821; x_wconf 75' lang='grc' dir='ltr'><strong><em>Β.</em></strong></span> 
     </span>
    </p>
   </div>
   <div class='ocr_carea' id='block_1_112' title="bbox 411 5903 1730 5978">
    <p class='ocr_par' dir='ltr' id='par_1_112' title="bbox 411 5903 1730 5978">
     <span class='ocr_line' id='line_1_112' title="bbox 411 5903 1730 5978; baseline -0.003 -15"><span class='ocrx_word' id='word_1_750' title='bbox 411 5903 517 5977; x_wconf 59' lang='lat' dir='ltr'><strong><em>non</em></strong></span> <span class='ocrx_word' id='word_1_751' title='bbox 529 5903 697 5978; x_wconf 88' lang='lat' dir='ltr'><strong><em>jussis</em></strong></span> <span class='ocrx_word' id='word_1_752' title='bbox 715 5903 923 5972; x_wconf 80' lang='lat' dir='ltr'><strong><em>obsequi</em></strong></span> <span class='ocrx_word' id='word_1_753' title='bbox 960 5903 1199 5971; x_wconf 85' lang='lat' dir='ltr'><strong><em>auderet,</em></strong></span> <span class='ocrx_word' id='word_1_754' title='bbox 1228 5905 1551 5972; x_wconf 69' lang='grc' dir='ltr'><em>πράίματος</em></span> <span class='ocrx_word' id='word_1_755' title='bbox 1584 5904 1730 5970; x_wconf 68' lang='lat' dir='ltr'><strong><em>vulg.</em></strong></span> 
     </span>
    </p>
   </div>
   <div class='ocr_carea' id='block_1_113' title="bbox 1144 5759 2128 5835">
    <p class='ocr_par' dir='ltr' id='par_1_113' title="bbox 1144 5759 2128 5835">
     <span class='ocr_line' id='line_1_113' title="bbox 1144 5759 2128 5835; baseline -0.003 -18"><span class='ocrx_word' id='word_1_756' title='bbox 1144 5763 1553 5835; x_wconf 18' lang='lat' dir='ltr'><strong><em>“icwmyﬂan</em></strong></span> <span class='ocrx_word' id='word_1_757' title='bbox 1596 5760 2027 5835; x_wconf 26' lang='lat' dir='ltr'><strong><em>R._6e‘_ins._ex</em></strong></span> <span class='ocrx_word' id='word_1_758' title='bbox 2060 5759 2128 5835; x_wconf 67' lang='grc' dir='ltr'><em>Β.</em></span> 
     </span>
    </p>
   </div>
   <div class='ocr_carea' id='block_1_114' title="bbox 412 5826 2006 5916">
    <p class='ocr_par' dir='ltr' id='par_1_114' title="bbox 412 5826 2003 5916">
     <span class='ocr_line' id='line_1_114' title="bbox 412 5826 2003 5916; baseline -0.003 -28"><span class='ocrx_word' id='word_1_759' title='bbox 412 5826 672 5916; x_wconf 68' lang='grc' dir='ltr'><em>νομίμοις</em></span> <span class='ocrx_word' id='word_1_760' title='bbox 709 5826 857 5916; x_wconf 46' lang='lat' dir='ltr'><strong><em>itu-113&#39;.</em></strong></span> <span class='ocrx_word' id='word_1_761' title='bbox 892 5834 1251 5916; x_wconf 15' lang='grc' dir='ltr'><em>γικήτασαέῐί.</em></span> <span class='ocrx_word' id='word_1_762' title='bbox 1319 5826 1374 5916; x_wconf 40' lang='grc' dir='ltr'><strong><em>ξπ</em></strong></span> <span class='ocrx_word' id='word_1_763' title='bbox 1404 5826 1479 5903; x_wconf 78' lang='grc' dir='ltr'><strong><em>ἦν’</em></strong></span> <span class='ocrx_word' id='word_1_764' title='bbox 1510 5826 1637 5903; x_wconf 53' lang='grc' dir='ltr'><strong><em>ὗξιῖν</em></strong></span> <span class='ocrx_word' id='word_1_765' title='bbox 1658 5831 1745 5916; x_wconf 29' lang='lat' dir='ltr'><strong><em>“ﬂ,</em></strong></span> <span class='ocrx_word' id='word_1_766' title='bbox 1775 5829 1904 5903; x_wconf 70' lang='grc' dir='ltr'><em>ὑμῖν</em></span> <span class='ocrx_word' id='word_1_767' title='bbox 1933 5826 2003 5903; x_wconf 80' lang='grc' dir='ltr'>ἦν</span> 
     </span>
    </p>
   </div>
   <div class='ocr_carea' id='block_1_115' title="bbox 2106 5826 2661 5916">
    <p class='ocr_par' dir='ltr' id='par_1_115' title="bbox 2114 5826 2661 5903">
     <span class='ocr_line' id='line_1_115' title="bbox 2114 5826 2661 5903; baseline -0.004 -18"><span class='ocrx_word' id='word_1_768' title='bbox 2114 5832 2185 5903; x_wconf 72' lang='grc' dir='ltr'><strong><em>ιε.</em></strong></span> <span class='ocrx_word' id='word_1_769' title='bbox 2262 5830 2307 5863; x_wconf 75' lang='grc' dir='ltr'><strong><em>ιτ</em></strong></span> <span class='ocrx_word' id='word_1_770' title='bbox 2327 5826 2395 5885; x_wconf 70' lang='grc' dir='ltr'><strong><em>ιν</em></strong></span> <span class='ocrx_word' id='word_1_771' title='bbox 2419 5828 2566 5901; x_wconf 62' lang='lat' dir='ltr'><strong><em>eos)-</em></strong></span> <span class='ocrx_word' id='word_1_772' title='bbox 2598 5828 2661 5883; x_wconf 72' lang='grc' dir='ltr'><strong><em>ε.</em></strong></span> 
     </span>
    </p>
   </div>
   <div class='ocr_carea' id='block_1_116' title="bbox 1706 5578 2388 5638">
    <p class='ocr_par' dir='ltr' id='par_1_116' title="bbox 1706 5578 2388 5638">
     <span class='ocr_line' id='line_1_116' title="bbox 1706 5578 2388 5638; baseline -0.003 -1"><span class='ocrx_word' id='word_1_773' title='bbox 1706 5581 1942 5638; x_wconf 68' lang='lat' dir='ltr'><strong><em>VARIA‘]</em></strong></span> <span class='ocrx_word' id='word_1_774' title='bbox 1976 5578 2388 5637; x_wconf 81' lang='lat' dir='ltr'><strong><em>LECTIONES.</em></strong></span> 
     </span>
    </p>
   </div>
   <div class='ocr_carea' id='block_1_117' title="bbox 2234 5748 3687 5827">
    <p class='ocr_par' dir='ltr' id='par_1_117' title="bbox 2234 5748 3687 5827">
     <span class='ocr_line' id='line_1_117' title="bbox 2234 5748 3687 5827; baseline -0.008 -12"><span class='ocrx_word' id='word_1_775' title='bbox 2234 5762 2282 5795; x_wconf 77' lang='lat'><strong>“</strong></span> <span class='ocrx_word' id='word_1_776' title='bbox 2307 5761 2453 5827; x_wconf 80' lang='grc' dir='ltr'><em>ὑμᾶς</em></span> <span class='ocrx_word' id='word_1_777' title='bbox 2482 5775 2595 5815; x_wconf 89' lang='lat' dir='ltr'><strong><em>om.</em></strong></span> <span class='ocrx_word' id='word_1_778' title='bbox 2655 5758 2720 5813; x_wconf 75' lang='grc' dir='ltr'><em>Β.</em></span> <span class='ocrx_word' id='word_1_779' title='bbox 2796 5758 2842 5791; x_wconf 76' lang='grc'><strong><em>⁸⁸</em></strong></span> <span class='ocrx_word' id='word_1_780' title='bbox 2883 5757 3068 5827; x_wconf 71' lang='grc' dir='ltr'><em>νόμοις</em></span> <span class='ocrx_word' id='word_1_781' title='bbox 3100 5752 3142 5807; x_wconf 80' lang='grc' dir='ltr'><strong><em>Β</em></strong></span> <span class='ocrx_word' id='word_1_782' title='bbox 3171 5762 3228 5809; x_wconf 77' lang='lat' dir='ltr'><strong><em>et</em></strong></span> <span class='ocrx_word' id='word_1_783' title='bbox 3253 5751 3422 5827; x_wconf 80' lang='lat' dir='ltr'><strong><em>in_tpr.</em></strong></span> <span class='ocrx_word' id='word_1_784' title='bbox 3446 5748 3687 5827; x_wconf 24' lang='lat' dir='ltr'><strong><em>ilegibus.‘</em></strong></span> 
     </span>
    </p>
   </div>
   <div class='ocr_carea' id='block_1_118' title="bbox 2761 5818 3690 5901">
    <p class='ocr_par' dir='ltr' id='par_1_118' title="bbox 2761 5818 3690 5901">
     <span class='ocr_line' id='line_1_118' title="bbox 2761 5818 3690 5901; baseline -0.011 -19"><span class='ocrx_word' id='word_1_785' title='bbox 2761 5827 2809 5861; x_wconf 82' lang='lat'><strong>&quot;</strong></span> <span class='ocrx_word' id='word_1_786' title='bbox 2841 5818 3266 5901; x_wconf 58' lang='grc' dir='ltr'><em>προστάγματος</em></span> <span class='ocrx_word' id='word_1_787' title='bbox 3296 5818 3422 5877; x_wconf 71' lang='grc' dir='ltr'><em>Βέι</em></span> <span class='ocrx_word' id='word_1_788' title='bbox 3445 5818 3613 5890; x_wconf 76' lang='lat' dir='ltr'><strong><em>inipr.</em></strong></span> <span class='ocrx_word' id='word_1_789' title='bbox 3642 5818 3690 5873; x_wconf 79' lang='lat' dir='ltr'><strong><em>si</em></strong></span> 
     </span>
    </p>
   </div>
  </div>
